4038 6470
220 323 350 406 ωε

220 442 328 511 ius
356 441 811 512 concupiscentia:
834 449 985 497 motu
1011 439 1084 496 illi
1111 455 1216 496 non
1245 441 1621 499 erubescerent
1649 443 1826 500 homi-

225 549 342 590 nes
358 534 538 604 primi,
570 545 750 605 quoet
771 533 871 606 ipsi
903 535 1228 604 apparebant
1247 536 1413 602 noxii,
1445 545 1497 590 et
1522 552 1706 590 eorum
1736 536 1830 590 ﬁlii

216 633 458 696 peccato
475 635 755 694 parentmn
782 625 1269 696 prmnuntiabantur
1292 627 1308 658 '
1334 626 1587 682 obnoxii?
1610 627 1828 682 Utinam

217 716 382 771 sicut
407 715 481 771 illi
534 715 865 772 erubuerunt
911 731 1003 772 cas
1045 725 1225 788 partes
1262 718 1524 788 corporis,
1558 718 1610 772 in
1639 718 1830 788 quibus

213 807 474 864 libidinis
501 808 916 864 inobedicntiam
939 809 1264 875 sentiebant,
1293 809 1464 864 nudas
1483 810 1787 880 relinquere
1810 825 1824 875 ;

213 897 306 952 ita
344 908 395 954 tu
421 897 542 954 ﬁdei
561 897 839 955 catholica:
858 897 1118 956 obediens
1138 900 1486 956 erubesceres
1501 900 1825 957 erubescen-

211 986 300 1044 da
337 988 554 1045 laudare
573 991 593 1044 ι

311 1080 406 1137 16.
435 1081 572 1150 Quid
597 1089 778 1138 autem
798 1082 960 1138 etiam
989 1082 1057 1140 de
1081 1083 1195 1154 ipso
1218 1084 1566 1140 ﬁculneorum
1591 1085 1826 1155 tegmine

209 1169 488 1228 foliorum
512 1173 566 1228 in
594 1173 734 1229 libro
758 1173 824 1229 de
852 1174 1105 1230 Paradiso
1123 1175 1260 1231 idem
1294 1177 1408 1246 ipse
1428 1177 1704 1248 scripserit
1727 1178 1828 1234 do-

211 1262 605 1319 ctoradverte.
640 1282 659 1316 ‹
691 1263 843 1333 Quod
892 1264 1053 1336 igitur
1102 1267 1314 1336 gravius
1360 1277 1476 1334 est,
1537 1286 1558 1320 ι
1606 1269 1821 1340 inquit,

217 1369 242 1405 ι
299 1353 411 1410 hac
430 1369 489 1410 se
533 1355 701 1410 Adam
728 1357 1167 1426 interpretatione
1203 1357 1467 1415 succiuxit
1493 1373 1558 1414 eo
1577 1359 1702 1428 loci,
1733 1360 1823 1416 ubi

211 1444 415 1500 fructu
450 1447 617 1516 magis
641 1435 910 1502 castitatis.
954 1463 1016 1504 se
1066 1451 1378 1520 succingere
1427 1449 1726 1506 debuisset.
1756 1451 1814 1506 In

211 1535 440 1591 lumbis
464 1535 612 1592 enim
659 1537 851 1607 quibus
881 1539 1274 1610 prtecingimur,
1333 1540 1576 1611 quaedam
1612 1543 1820 1597 semina

207 1628 595 1698 generationis
630 1643 751 1684 esse
778 1630 1026 1685 dicuntur
1054 1649 1068 1685 :
1111 1639 1166 1686 et
1184 1631 1304 1686 ideo
1330 1633 1470 1688 male
1511 1633 1580 1688 ibi
1605 1633 1821 1688 succin-

205 1728 356 1774 ctus
370 1727 454 1775 est
480 1719 646 1775 Adam
692 1721 833 1777 foliis
859 1723 1152 1787 inutilibus,
1183 1723 1273 1778 ubi
1305 1722 1496 1780 futura:
1522 1725 1824 1795 generatio-

210 1812 320 1868 nis
349 1827 457 1867 non
503 1811 738 1869 fructum
782 1813 1036 1879 futurum,
1069 1814 1162 1871 sed
1204 1815 1446 1885 qumdam
1497 1825 1713 1886 peccata
1750 1817 1825 1872 si-

215 1912 436 1976 gnaret
465 1923 485 1958 ι
521 1906 538 1976 (
567 1904 698 1977 Cap.
736 1905 864 1978 15).
892 1905 990 1962 llic
1003 1915 1148 1962 certe
1164 1906 1435 1963 frustravit
1464 1908 1564 1963 iste
1591 1908 1671 1963 vir
1694 1923 1820 1963 san-

207 2008 355 2054 ctus
382 2007 486 2052 tam
511 1998 838 2054 elaboratam
892 1999 1312 2069 diSputationem
1351 2007 1497 2055 tuam
1553 2000 1822 2072 nimisque

214 2089 558 2156 sollicitam,
600 2105 668 2145 ne
709 2098 830 2160 post
882 2099 1156 2162 peccatum
1204 2091 1373 2145 Adam
1406 2100 1460 2146 et
1493 2092 1600 2147 Eva
1649 2093 1820 2149 oculis

207 2183 434 2252 apertis
456 2183 664 2237 lumbos
702 2183 1044 2255 p'rznciuxisse
1088 2183 1376 2239 credantur
1403 2183 1569 2256 (Gen.
1595 2201 1676 2253 Ill,
1710 2185 1742 2239 7
1771 2183 1815 2257 ).

211 2273 298 2330 Ut.
331 2273 473 2330 enim
499 2282 640 2328 tanta
669 2275 738 2329 ibi
784 2274 1101 2346 loquacitate
1144 2275 1442 2342 laborares,
1472 2286 1657 2330 contra
1690 2292 1816 2332 scn-

213 2378 325 2419 sus
370 2363 621 2420 veniebas
652 2365 890 2420 omnium
915 2407 932 2434 ,
975 2375 1029 2420 et
1055 2380 1150 2421 eos
1194 2365 1511 2436 multiloquii
1547 2369 1770 2437 strepitu
1796 2369 1818 2400 '

212 2458 590 2528 perstringere
612 2458 883 2528 cupiebas.
909 2458 1046 2528 Quid
1074 2459 1216 2515 enim
1245 2469 1348 2514 tam
1374 2461 1424 2514 in
1442 2470 1692 2532 promptu
1712 2469 1814 2528 est,

208 2565 391 2620 quam
447 2550 840 2615 suceinctoriis,
886 2550 971 2606 vel
1027 2551 1444 2621 prcecinctoriis,
1475 2567 1596 2622 quae
1642 2567 1818 2623 graece

213 2649 539 2712 περιζώματα
562 2652 956 2712 nuncupantur,
979 2641 1191 2697 lumbos
1212 2641 1482 2697 hominum
1505 2643 1714 2714 contegi
1733 2643 1816 2700 vel

212 2731 501 2802 praecingi,
530 2746 662 2801 quas
684 2732 872 2802 vulgus
898 2732 1060 2788 etiam
1088 2734 1384 2788 munituras
1413 2735 1602 2790 vocat?
1629 2734 1814 2805 Neque

213 2821 332 2876 hoc
356 2821 448 2878 ille
495 2823 655 2878 homo
686 2823 800 2890 Dei,
827 2823 981 2894 cujus
1032 2832 1084 2880 te
1134 2841 1384 2895 urgemus
1423 2826 1656 2898 eloquio,
1697 2838 1815 2882 tan-

210 2926 387 2982 quam
441 2913 725 2968 obscurum
783 2924 929 2970 esset
975 2915 1256 2984 exposuit:
1286 2916 1378 2970 sed
1436 2917 1577 2988 quod
1627 2932 1815 2973 omnes

211 3006 600 3077 intelligebant
621 3049 636 3074 ,
667 3007 793 3078 quid
823 3008 1144 3079 signiﬁcaret
1173 3009 1423 3065 ostendit.
1461 3028 1480 3062 ι
1519 3012 1573 3065 ln
1619 3011 1814 3067 lumbis

212 3099 374 3155 enim
425 3098 617 3170 quibus
663 3100 1054 3171 pratcingimur,
1094 3119 1114 3153 ι
1145 3101 1238 3168 ait,
1275 3119 1293 3154 ι
1335 3101 1580 3172 (ιιιωάοιη
1607 3104 1813 3160 semina

210 3191 590 3263 generationis
618 3206 738 3248 esse
767 3191 1017 3248 dicuntur
1041 3208 1055 3257 ;
1091 3201 1146 3248 et
1177 3190 1297 3248 ideo
1319 3194 1457 3250 male
1486 3193 1557 3249 ibi
1598 3197 1811 3250 succin-

207 3293 342 3338 ctus
361 3292 446 3339 est
471 3283 636 3338 Adam
661 3282 802 3339 foliis
829 3284 1125 3341 inutilibus.
1155 3304 1174 3340 ι
1206 3285 1382 3353 Quare
1413 3287 1585 3342 male?
1619 3287 1813 3359 Sequi-

212 3382 309 3429 tur
336 3383 393 3430 et
421 3373 568 3443 dicit,
598 3394 618 3428 ι
647 3375 737 3430 ubi
781 3375 970 3432 futura:
997 3378 1380 3448 generationis,
1423 3393 1528 3434 non
1580 3379 1810 3436 fructum

211 3465 483 3533 futurum,
507 3465 602 3522 sed
630 3465 871 3538 quaedam
901 3476 1115 3538 peccata
1145 3469 1397 3539 signaret.
1425 3489 1445 3523 ι
1472 3470 1717 3527 Habesne
1746 3472 1811 3527 ad

215 3560 328 3614 ista
355 3560 497 3630 quod
522 3559 715 3616 dicas?
740 3559 879 3617 Ecce
909 3561 1048 3616 unde
1079 3561 1168 3617 illa
1208 3561 1474 3632 confusio,
1507 3579 1636 3620 ecce
1662 3565 1810 3620 unde

207 3653 494 3709 contextio
519 3661 574 3708 et
587 3653 879 3708 succinctio
909 3654 1180 3724 foliorum,
1210 3669 1337 3712 ecce
1379 3655 1519 3712 unde
1551 3657 1602 3712 in
1636 3667 1812 3730 poste-

210 3743 297 3797 ris
327 3742 588 3812 originale
607 3753 901 3813 peccatum.

291 3835 382 3888 17.
435 3833 662 3891 Sanctus
708 3851 835 3891 vero
892 3834 1129 3892 Joannes
1176 3836 1807 3910 Constantinopolitauus

207 3929 526 4000 episcopus,
569 3939 823 4001 quantum
863 3931 1184 3988 verecundia
1238 3934 1548 4004 permittere
1598 3935 1805 4006 potuit,

207 4028 393 4077 totum
439 4021 569 4078 illud
615 4023 909 4093 primorum
959 4023 1236 4080 hominum
1271 4027 1693 4082 erubescentium
1726 4027 1797 4082 fa-

205 4123 364 4170 ctum
411 4114 621 4171 duobus
675 4116 856 4172 verbis
898 4117 1176 4174 evidenter
1233 4119 1521 4187 expressit,
1569 4119 1800 4176 dicens:

212 4226 235 4260 ι
271 4207 439 4264 Foliis
462 4217 642 4264 autem
662 4207 792 4264 ﬁcus
812 4217 966 4265 erant
994 4213 1253 4281 cooperti,
1297 4220 1541 4280 tegentes
1571 4212 1803 4282 speciem

210 4299 446 4370 peccati.
471 4318 490 4351 ι
515 4296 612 4355 Cui
644 4314 749 4354 non
789 4309 1062 4370 appareat,
1113 4317 1234 4370 quze
1271 4301 1356 4355 vel
1381 4301 1553 4371 qualis
1603 4302 1804 4371 peccati

204 4390 426 4461 Species
453 4405 482 4443 a
509 4390 748 4446 confusis
797 4390 1020 4462 tegenda
1053 4390 1223 4446 fuerat
1249 4391 1301 4447 in
1333 4392 1550 4463 regione
1592 4391 1804 4446 lumbo-

201 4496 358 4542 rum.
385 4482 473 4551 qui
495 4481 563 4537 de
586 4481 668 4536 sui
697 4483 939 4552 corporis
964 4482 1201 4540 nuditate
1251 4500 1356 4539 non
1406 4483 1805 4540 confundeban-

202 4581 305 4626 tur
347 4581 473 4627 ante
521 4573 840 4642 peccatum?
868 4573 1124 4637 Obsecro,
1175 4574 1451 4645 intelligite
1477 4591 1490 4641 ;
1519 4576 1629 4632 imo
1676 4592 1803 4632 vero

200 4661 503 4732 permittite
533 4661 797 4730 homines,
825 4663 967 4735 quod
999 4663 1272 4719 vobiscum
1314 4665 1613 4736 intelligunt
1644 4665 1804 4722 intel-

199 4753 401 4826 ligere,
430 4761 482 4808 et
511 4754 675 4809 nolite
721 4769 818 4810 nos
839 4769 1029 4826 cogere
1063 4753 1132 4812 de
1160 4755 1418 4827 pudendis
1453 4773 1590 4829 pene
1623 4758 1800 4830 impu-

197 4847 406 4902 denter
439 4844 462 4877 ⁸
483 4845 684 4901 diutius
712 4845 1008 4917 disputare.

283 4939 372 4994 18.
404 4939 590 4996 Merito
617 4938 757 4996 idem
785 4939 970 4995 beatus
996 4939 1264 5008 Joannes,
1296 4940 1453 4996 etiam
1484 4943 1596 5013 ipse
1617 4985 1630 5007 ,
1664 4944 1800 4999 sicut

195 5039 260 5086 et
290 5039 495 5101 martyr
519 5028 818 5103 Cyprianus
847 5028 1040 5101 (Epist.
1071 5030 1138 5087 61
1157 5072 1173 5098 ,
1206 5031 1275 5085 ad
1300 5029 1510 5103 Fidum)
1534 5076 1546 5099 ,
1575 5034 1802 5089 circum-

193 5123 468 5177 cisionem
505 5123 682 5177 carnis
710 5123 759 5177 in
789 5123 939 5192 signo
969 5133 1290 5193 prtcceptam
1318 5124 1655 5180 commendat
1681 5141 1800 5183 csae

192 5213 572 5282 Baptismatis.
623 5231 642 5265 ι
686 5213 753 5269 Et
790 5214 908 5268 vide
948 5214 1214 5284 quomodo
1243 5214 1493 5282 Judznus,
1534 5236 1552 5270 ι
1585 5217 1752 5289 inquit
1780 5263 1795 5287 ,

199 5322 226 5356 ι
261 5303 725 5360 circnmcisionem
747 5320 850 5358 non
865 5305 1040 5359 diﬁ‘ert
1055 5315 1272 5380 propter
1296 5309 1758 5365 comminationem
1780 5351 1796 5377 ,

190 5397 330 5468 quia
371 5395 547 5452 omnis
584 5396 758 5452 anima
789 5412 1135 5468 quacumque
1165 5414 1269 5453 non
1301 5397 1456 5454 fuerit
1485 5401 1796 5456 circumcisa

186 5488 292 5544 die
317 5498 526 5553 octavo,
544 5488 978 5544 exterminabitur
994 5488 1060 5544 de
1090 5490 1285 5560 populo
1315 5505 1410 5547 suo
1445 5509 1463 5544 ι
1491 5489 1639 5565 (Gen.
1667 5508 1793 5561 xvn,

266 5646 281 5676 ³
320 5644 395 5691 sic
420 5649 526 5693 Mss.
554 5651 606 5693 Αι
627 5643 760 5698 editi,
789 5623 1232 5700 prommliabmttur.

261 5708 283 5736 ³
323 5713 369 5753 tu
400 5714 525 5774 Mssa,
546 5706 822 5776 utaltt'loqnu
843 5706 1053 5816 strepitu.

269 5769 287 5795 ’
323 5767 640 5816 t‘lurtacenSts
663 5775 762 5816 Ms.
788 5780 936 5816 unum
954 5774 1053 5816 cute

269 5769 287 5795 ’
323 5767 640 5816 t‘luriacensis
663 5767 762 5828 tusi,
788 5767 1096 5832 impudentes.

1560 325 1766 384 LIBER
1802 325 2178 385 SECUNDUS.

3426 339 3537 400 688

1943 444 2065 516 11).
2102 463 2122 496 ι
2149 443 2228 499 Tu
2256 452 2452 509 autem,
2488 445 2717 518 rinqnit,
2742 466 2764 503 ι
2785 462 2888 506 non
2915 449 3269 508 manufactarn
3295 453 3532 511 circnm-

1939 536 2197 591 cisioncm
2220 535 2400 592 diﬁ‘ers
2427 579 2443 605 ,
2471 553 2590 608 qua:
2619 539 2670 594 in
2701 540 3086 612 exspoliatione
3114 545 3293 602 carnis
3323 547 3373 602 in
3405 563 3533 606 cor-

1938 641 2069 696 pore
2111 627 2415 696 perﬁcitur,
2461 629 2633 699 ipsum
2665 631 2947 688 Dominum
2976 635 3197 691 audiens
3225 637 3492 696 dicentem
3513 684 3531 706 ,

1937 717 2098 772 Amen
2115 758 2132 782 ,
2164 734 2310 772 amen
2337 719 2450 775 dico
2474 721 2638 791 vobis,
2662 724 2759 779 nisi
2781 725 2894 795 quis
2917 738 3121 783 renatus
3141 732 3294 802 fuerit
3313 748 3377 787 ex
3401 750 3533 802 aqua

1935 817 1983 863 et
2019 809 2225 898 spiritu,
2259 826 2360 864 non
2388 811 2611 867 introibit
2633 813 2688 868 in
2701 831 2913 886 regnum
2936 820 3175 873 caelorum
3199 839 3217 874 ι
3240 820 3316 893 (a)
3337 819 3523 898 [Ιοαη.

1934 912 1989 952 tu
2010 939 2026 965 ,
2059 897 2158 972 5]?
2189 917 2210 951 ι
2243 899 2429 955 Cernis
2458 901 2907 972 quemadmodum
2933 897 3390 967 circumcisionein
3417 916 3526 969 cir-

1931 988 2285 1056 cumcisioni,
2328 993 2798 1050 comminationem
2841 998 3245 1056 comminationi
3301 1003 3385 1059 vir
3431 1021 3528 1059 ec-

1931 1079 2231 1135 clesiastica
2267 1081 2508 1138 doctrina
2539 1084 2794 1154 praeditus
2821 1091 3190 1158 comparavit?
3218 1093 3370 1163 Quod
3395 1112 3528 1167 ergo

1931 1177 2014 1224 cst
2031 1179 2222 1226 octavo
2247 1171 2333 1227 die
2363 1188 2468 1228 non
2493 1175 2842 1246 circumcidi,
2869 1178 2970 1234 hoc
2995 1190 3078 1236 εει
3103 1182 3154 1236 in
3182 1182 3394 1240 Christo
3419 1203 3530 1241 non

1930 1260 2184 1331 baptizari
2215 1280 2230 1318 :
2257 1271 2310 1318 et
2341 1263 2483 1335 quod
2513 1274 2598 1321 est
2625 1268 2802 1337 perire
2830 1268 2898 1324 de
2923 1271 3122 1342 populo
3148 1286 3246 1328 suo
3269 1316 3285 1341 ,
3320 1274 3420 1331 hoc
3446 1289 3530 1334 est

1929 1365 2036 1407 non
2061 1352 2261 1410 intrare
2287 1354 2340 1409 in
2361 1370 2581 1426 regnum
2609 1359 2890 1415 crelorum.
2922 1360 2992 1417 Et
3019 1371 3194 1420 tamen
3222 1379 3316 1420 vos
3338 1367 3391 1422 in
3423 1368 3529 1423 Ba-

1929 1445 2178 1514 ptismate
2212 1448 2547 1518 parvulorum
2574 1453 3015 1524 exspoliationem
3043 1460 3220 1516 carnis
3237 1502 3254 1528 ,
3284 1462 3384 1519 hoc
3410 1477 3520 1532 est,

1927 1533 2386 1592 circumeisionem
2418 1554 2526 1595 non
2559 1543 2913 1601 manufactam
2938 1588 2954 1615 ,
2987 1548 3245 1606 celebrari
3276 1555 3522 1625 negatis;

1926 1629 2051 1696 quia
2089 1627 2221 1682 nihil
2251 1643 2342 1685 eos
2365 1672 2380 1697 ,
2416 1646 2523 1703 quo
2549 1634 2836 1704 exspoliari
2866 1637 3126 1706 debeant,
3162 1641 3360 1700 habere
3388 1660 3525 1701 con-

1927 1717 2164 1773 tenditis.
2195 1719 2312 1777 Non
2341 1723 2487 1778 enim
2526 1737 2622 1780 eos
2656 1725 2894 1782 fatemini
2917 1739 3160 1786 mortuos
3186 1732 3239 1788 in
3268 1737 3529 1806 praeputio

1925 1810 2104 1866 carnis
2135 1826 2246 1866 sum
2271 1853 2287 1880 ,
2314 1826 2421 1884 quo
2446 1824 2722 1884 peccatum
2747 1817 3096 1890 signiﬁcatur,
3129 1824 3359 1880 maxime
3384 1827 3528 1896 quod

1924 1902 2254 1974 originaliter
2301 1905 2528 1962 trahitur
2578 1925 2592 1963 :
2641 1923 2740 1980 per
2785 1912 2888 1968 hoc
2922 1912 3067 1968 enim
3095 1923 3177 1970 est
3204 1929 3402 1988 corpus
3431 1933 3528 1973 uo-

1925 2002 2094 2050 strum
2133 2010 2328 2068 corpus
2363 2001 2600 2068 peccati,
2639 1999 2784 2070 quod
2819 2005 3062 2060 evacuari
3085 2004 3214 2062 dicit
3237 2008 3524 2080 Apostolus

1927 2101 2024 2156 per
2048 2103 2263 2144 crucem
2290 2089 2485 2146 Christi
2517 2090 2691 2163 (Rom.
2719 2109 2771 2150 vt
2791 2134 2806 2160 ,
2835 2094 2916 2168 6).

1997 2178 2224 2236 CAPUT
2269 2180 2379 2237 VII.
2405 2213 2481 2224 —
2507 2184 2596 2239 19.
2627 2184 2735 2241 Sed
2763 2201 2906 2244 nunc
2933 2192 3212 2248 sententiis
3241 2194 3526 2268 episcopo-

1923 2286 2043 2326 rum
2073 2273 2160 2342 qui
2191 2272 2402 2329 fuerunt
2425 2283 2549 2331 ante
2575 2291 2706 2344 nos,
2738 2287 2792 2334 et
2817 2279 2932 2336 haec
2952 2281 3131 2338 divina
3157 2284 3366 2358 eloquia
3395 2289 3525 2344 ﬁde-

1923 2360 2048 2417 liter
2087 2372 2141 2416 ct
2180 2365 2597 2422 memorabiliter
2632 2377 3026 2438 tractaverunt,
3067 2389 3258 2445 urgere
3285 2385 3336 2432 te
3365 2376 3523 2434 insti-

1923 2456 2020 2508 tui.
2063 2454 2293 2512 Proinde
2338 2457 2402 2512 ad
2427 2459 2737 2530 episcopum
2767 2463 3106 2521 Ambrosium
3140 2478 3520 2528 revertamur:

1920 2549 2009 2621 qui
2047 2564 2170 2605 cum
2201 2558 2255 2605 ct
2279 2549 2522 2607 homines
2543 2594 2561 2620 ,
2590 2553 2642 2609 id
2668 2563 2749 2611 est
2773 2564 2827 2611 et
2850 2559 3055 2614 animas
3078 2568 3132 2615 et
3159 2576 3382 2632 corpora
3414 2563 3516 2618 bo-

1923 2639 2154 2708 ntinum,
2178 2656 2313 2710 opus
2343 2642 2434 2697 Dei
2466 2658 2587 2700 esse
2617 2659 2720 2700 non
2747 2645 2986 2713 dubitet,
3015 2656 3070 2704 ct
3097 2652 3307 2722 nuptias
3335 2653 3510 2711 hono-

1921 2737 2038 2795 ret,
2085 2740 2139 2785 et
2184 2731 2236 2786 in
2276 2731 2547 2802 Baptismo
2583 2735 2777 2791 Christi
2819 2736 3069 2806 praedicet
3094 2741 3268 2796 omnia
3298 2754 3517 2814 peccata

1915 2821 2150 2888 dimitti,
2199 2833 2253 2879 et
2299 2824 2464 2879 Deum
2505 2841 2624 2881 esse
2667 2829 2873 2885 noverit
2905 2829 3146 2899 justum;
3186 2843 3238 2889 et
3267 2849 3520 2907 capacem

1921 2915 2135 2971 virtutis
2167 2924 2325 2986 atque
2355 2917 2698 2986 perfectionis
2728 2934 2822 2989 per
2854 2921 2944 2976 Dei
2973 2923 3197 2992 gratiam
3231 2924 3518 2982 humanam

1919 3021 2026 3060 non
2073 3017 2228 3077 neget
2264 3022 2385 3064 esse
2427 3017 2705 3077 naturam;
2735 3028 2854 3083 qua:
2882 3025 3056 3070 vestra
3081 3017 3313 3088 quinque
3347 3018 3518 3075 facitis

1917 3108 2259 3168 argumenta,
2313 3101 2697 3159 contendentes
2746 3105 2950 3161 nullum
3007 3106 3228 3162 istorum
3275 3110 3512 3181 quinque

1917 3201 2102 3245 verum
2142 3205 2260 3246 esse
2307 3206 2466 3262 posse
2487 3235 2500 3258 ,
2543 3194 2644 3249 nisi
2678 3194 2866 3252 falsum
2898 3197 2968 3252 sit
2999 3198 3210 3256 trahere
3235 3215 3519 3260 nascentes

1917 3282 2174 3352 originale
2226 3293 2499 3352 peccatum
2553 3303 2575 3339 -:
2633 3295 2812 3342 tamen
2864 3287 2965 3344 hoc
3016 3289 3219 3360 ipsum,
3261 3293 3401 3363 quod
3432 3295 3515 3348 his

1915 3375 2149 3444 quinque
2191 3377 2519 3444 argumentis
2565 3377 2777 3434 auferre
2821 3381 3126 3448 conamini,
3168 3381 3246 3438 sic
3286 3383 3377 3440 ille
3425 3385 3515 3442 ubi

1916 3478 2051 3534 Opus
2097 3475 2208 3531 est,
2254 3465 2306 3520 in
2348 3466 2458 3522 suis
2501 3469 2838 3526 sermonibus
2881 3473 3057 3541 ponit,
3103 3483 3158 3528 ut
3185 3475 3354 3532 cuivis
3380 3479 3512 3534 satis

1915 3556 2124 3612 eluceat
2147 3597 2161 3623 ,
2195 3557 2319 3628 quid
2341 3558 2599 3614 catholica
2623 3563 2817 3616 veritas
2843 3564 3013 3618 soleat
3042 3565 3350 3634 prmdicare,
3381 3568 3511 3638 quid

1914 3647 2133 3717 profana
2165 3649 2369 3703 novitas
2395 3659 2618 3704 conetur
2639 3661 2902 3707 evertere.
2931 3656 3011 3708 Au
3032 3654 3164 3711 forte
3187 3656 3358 3726 ipsum
3376 3675 3510 3728 quo-

1913 3753 2018 3810 que
2059 3740 2401 3797 Ambrosium
2442 3743 2609 3800 scisse
2648 3758 2711 3799 ac
2741 3744 2988 3802 docuisse
3013 3747 3307 3813 dubitabis,
3342 3751 3508 3806 Deum

1912 3845 2032 3886 esse
2079 3833 2351 3887 hominum
2401 3833 2730 3890 conditorem
2756 3877 2771 3903 ,
2820 3845 2874 3891 et
2911 3838 3102 3893 animae
3141 3849 3192 3894 et
3226 3841 3464 3910 corporis
3486 3842 3512 3896 ?

1913 3920 2050 3977 Audi
2094 3938 2220 3995 ergo
2260 3923 2384 3996 quid
2425 3925 2567 3980 dicat
2607 3928 2658 3982 in
2689 3927 2822 3984 libro
2856 3930 2922 3984 de
2949 3929 3290 4002 Philosophia
3319 3944 3505 3989 contra

1913 4013 2194 4070 Platonem
2226 4015 2600 4087 philosolihum
2626 4061 2641 4086 ,
2663 4020 2754 4090 qui
2780 4020 3052 4076 hominum
3076 4025 3279 4079 animas
3300 4025 3507 4081 revolvi

1912 4106 1965 4161 in
1991 4107 2190 4164 bestias
2217 4119 2528 4180 asseverat,
2556 4120 2609 4168 et
2633 4112 2926 4168 animarum
2954 4117 3316 4174 tantummodo
3341 4119 3506 4174 Deum

1909 4200 2154 4268 opinatur
2181 4211 2452 4257 auctorem
2473 4243 2486 4266 ,
2519 4217 2743 4274 corpora
2766 4214 2940 4260 autem
2966 4204 3068 4260 diis
3096 4207 3390 4262 minoribus
3413 4208 3496 4262 fa-

1909 4290 2097 4346 cienda
2124 4290 2381 4346 dcc-eruit.
2410 4294 2550 4364 Ergo
2575 4302 2790 4350 sanctus
2816 4295 3128 4350 Ambrosius
3152 4341 3166 4361 ,
3201 4315 3221 4350 ο
3249 4297 3414 4353 Miror
3433 4341 3447 4364 ,
3476 4318 3496 4352 ι

1907 4381 2110 4452 inquit,
2159 4399 2180 4434 ε
2228 4391 2430 4438 tantum
2479 4384 2886 4455 philosophum,
2928 4387 3196 4456 quomodo
3228 4389 3494 4457 animam,

1907 4473 1993 4529 cui
2034 4479 2350 4546 potestatem
2392 4475 2729 4531 confercndre
2775 4478 3188 4534 immortalitatis
3222 4480 3495 4548 attribuit,

1909 4565 1962 4619 in
2007 4565 2218 4620 noctuis
2247 4565 2516 4633 includat,
2547 4575 2638 4622 aut
2668 4567 2865 4623 ranulis
2889 4609 2905 4634 ,
2939 4568 3144 4625 feritate
3169 4586 3379 4642 queque
3409 4575 3497 4630 in-

1906 4656 2033 4712 (luat
2077 4659 2364 4714 bestiarum
2413 4679 2426 4716 :
2469 4675 2590 4716 cum
2634 4659 2686 4715 in
2725 4661 2925 4716 Timaeo
2949 4676 3064 4717 eam
3099 4661 3192 4718 Dei
3220 4679 3352 4734 opus
3377 4682 3498 4722 esse

1907 4755 2317 4822 memoraverit,
2349 4759 2486 4810 inter
2514 4755 2830 4811 immortalia
2858 4771 2886 4810 a
2913 4757 3021 4811 Deo
3045 4756 3230 4813 factam
3259 4775 3272 4824 ;
3296 4743 3492 4827 corpus

1905 4853 2082 4900 autem
2103 4861 2209 4901 non
2239 4845 2404 4902 videri
2433 4863 2566 4916 opus
2595 4847 2784 4901 summi
2810 4848 2899 4902 Dei
2927 4849 3137 4918 aSscrit,
3161 4851 3281 4921 quia
3305 4861 3492 4906 natura

1904 4937 2082 4991 carnis
2124 4935 2368 4991 humana:
2411 4937 2537 4991 nihil
2579 4952 2607 4990 a
2653 4945 2833 4991 natura
2862 4939 3100 5008 corporis
3125 4939 3492 4996 bestialisdif-

1906 5025 2028 5082 fert.
2074 5026 2131 5082 Si
2174 5042 2302 5098 ergo
2339 5027 2493 5097 digna
2521 5037 2606 5084 est
2635 5044 2752 5098 qure
2781 5029 2870 5082 Dei
2901 5044 3033 5100 opus
3059 5045 3178 5087 esse
3205 5034 3452 5087 credatur
3479 5074 3492 5097 ,

1903 5118 2172 5189 quomodo
2202 5118 2413 5189 indigna
2438 5127 2520 5174 est
2547 5135 2666 5190 qua:
2689 5120 2779 5174 Dci
2806 5135 2968 5190 opere
2988 5122 3285 5178 vestiatur?
3317 5142 3335 5175 ι
3359 5125 3493 5178 lit-rc

1905 5227 2008 5265 non
2045 5212 2214 5266 solum
2245 5211 2504 5276 animam,
2539 5212 2678 5282 quod
2703 5222 2756 5267 et
2783 5213 3094 5284 illi'dicunt,
3119 5231 3302 5270 verum
3329 5217 3487 5269 etiam

1903 5317 2127 5372 corpus,
2165 5302 2306 5373 quod
2342 5303 2416 5357 illi
2444 5313 2672 5374 negant,
2700 5313 2885 5360 contra
2911 5304 3212 5364 Platonicos
3237 5307 3328 5362 Dei
3355 5323 3490 5376 opus

1901 5407 2023 5448 esse
2051 5391 2289 5450 defendit
2313 5393 2647 5449 Ambrosius.

1903 5500 1906 5503 ·
1971 5483 2063 5540 20.
2108 5485 2190 5539 An
2230 5493 2284 5539 tu
2323 5483 2560 5540 dicturus
2598 5499 2692 5553 es,
2732 5486 2874 5557 quod
2920 5487 3116 5560 nuptiis
3156 5487 3361 5556 ingerat
3385 5489 3491 5542 cri-

1901 5591 2023 5632 men
2048 5617 2062 5643 ,
2107 5577 2228 5648 quia
2261 5586 2318 5633 et
2347 5577 2468 5634 inde
2496 5577 2639 5648 quod
2667 5579 2901 5634 nascitur
2925 5580 3366 5650 concupiscentia:
3391 5596 3485 5633 vo-

1961 5711 2033 5778 (τι)
2057 5714 2214 5778 Verba
2231 5713 2342 5778 bch
2358 5699 2716 5778 aputlnasillum
2737 5712 2970 5776 leguntur
2993 5714 3041 5766 in
3061 5713 3256 5765 bomilia
3286 5716 3355 5778 l5,
3381 5729 3490 5776 qtae

1905 5775 2176 5826 exhortatio
2195 5783 2269 5824 est
2286 5775 2345 5824 ad
2371 5777 2670 5838 Baptismum.
