4038 6488
515 389 616 444 687

514 505 714 574 luptate
754 509 1059 558 concretum
1085 542 1098 565 ,
1141 499 1268 555 dicit
1307 501 1487 554 subire
1529 500 1829 568 contagium
1873 496 2094 552 delicto-

515 595 680 650 rum?
723 593 856 650 Audi
898 607 1025 663 ergo
1065 591 1133 646 de
1172 592 1366 662 nuptiis
1407 591 1675 646 Ambrosii
1702 589 2017 645 sententiam
2046 589 2097 642 in

513 687 769 759 Apologia
817 686 985 742 sancti
1032 685 1212 741 David.
1245 704 1263 738 ι
1297 685 1537 750 Bonum,
1573 703 1592 737 ι
1628 685 1831 754 inquit,
1859 699 1878 734 ι
1915 683 2100 750 conin-

511 781 656 850 gium
677 820 692 846 ,
734 789 914 834 sancta
943 778 1151 847 copula.
1183 777 1287 832 Sed
1321 787 1495 831 tamen
1525 776 1614 845 qui
1639 775 1836 830 habent
1862 787 2057 829 uxores
2079 813 2096 841 ,

513 871 588 924 ita
629 870 734 924 sint
774 882 838 925 ac
881 868 926 923 si
969 883 1074 922 non
1105 866 1363 922 habentes
1391 883 1403 922 :
1430 866 1547 936 ipse
1573 875 1654 922 est
1682 865 1866 919 thorus
1895 863 2101 919 incoin-

513 960 798 1030 quinatus;
850 966 906 1014 et
945 971 1104 1014 nemo
1149 957 1376 1013 alterum
1409 955 1651 1012 fraudare
1671 955 1841 1010 debet
1867 969 1965 1019 eo,
2000 952 2101 1006 nisi

514 1049 652 1106 forte
697 1049 763 1104 ad
808 1057 1053 1119 tempus,
1100 1057 1158 1104 ut
1183 1057 1374 1104 vacent
1397 1047 1624 1103 orationi
1653 1045 1694 1115 (l
1721 1045 1839 1101 Cor.
1868 1060 1960 1108 vn,
1985 1043 2098 1112 29-,

516 1141 594 1211 5).
629 1140 829 1196 Tamen
859 1141 1148 1195 secundum
1177 1139 1493 1210 Apostolum
1514 1179 1529 1204 ,
1559 1152 1664 1192 non
1691 1146 1845 1191 vacat
1872 1135 2102 1191 orationi

514 1233 635 1303 quis
669 1247 734 1288 eo
770 1241 1033 1302 tempore,
1061 1247 1166 1303 quo
1189 1246 1340 1285 usum
1364 1231 1380 1261 ί
1407 1244 1679 1298 corporea:
1707 1227 1846 1282 illius
1871 1241 2106 1282 conven-

519 1323 678 1377 tionis
704 1332 946 1378 exercet)
981 1321 1127 1394 (Cap.
1159 1319 1272 1392 ll).
1299 1319 1438 1375 Audi
1463 1329 1516 1374 et
1541 1320 1762 1373 alteram
1791 1318 1843 1373 in
1874 1318 2012 1373 libro
2037 1317 2105 1372 de

515 1415 856 1486 Philosophia
890 1432 902 1468 :
938 1434 957 1468 ι
991 1415 1136 1470 Bona
1161 1455 1176 1478 ,
1214 1433 1234 1466 ι
1270 1414 1477 1484 inquit,
1516 1431 1535 1466 ‹
1571 1412 1925 1476 continentia,
1955 1424 2103 1480 qna:-

517 1507 640 1560 dam
667 1505 810 1560 velut
838 1504 1055 1576 crepido
1078 1503 1308 1574 pietatis.
1333 1503 1568 1572 Namque
1582 1502 1632 1556 in
1657 1500 1960 1571 prtecipitiis
1986 1500 2106 1553 vitae

519 1597 676 1666 hujus
704 1596 996 1652 labentium
1026 1595 1212 1650 statuit
1241 1592 1460 1663 vestigia
1485 1608 1500 1658 ;
1533 1592 1856 1663 Speculatrix
1878 1591 2062 1645 sedula
2087 1629 2104 1658 ,

517 1705 586 1744 ne
636 1687 760 1758 quid
812 1686 1035 1757 obrepat
1078 1685 1341 1740 illicitum.
1399 1683 1570 1751 Mater
1624 1691 1802 1738 autem
1855 1682 2107 1737 vitiorum

517 1781 758 1836 omnium
810 1778 1234 1845 incontinentia,
1266 1793 1385 1848 qua:
1411 1777 1571 1832 etiam
1597 1775 1740 1831 licita
1767 1776 1924 1831 vertit
1949 1777 2001 1830 in
2029 1775 2108 1829 vi-

521 1873 669 1926 tium.
700 1870 933 1940 ideoque
954 1869 1242 1939 Apostolus
1265 1885 1369 1924 non
1392 1868 1562 1922 solum
1586 1884 1615 1920 a
1639 1866 1990 1922 fornicatione
2012 1881 2108 1921 nos

517 1963 760 2030 retrahit,
775 1978 958 2018 verum
988 1962 1146 2018 etiam
1179 1960 1230 2015 in
1257 1960 1384 2031 ipsis
1409 1958 1668 2029 coniugiis
1692 1958 1905 2013 modum
1925 1973 2110 2026 quem-

522 2056 646 2111 dam
691 2054 884 2121 docet,
927 2062 982 2109 et
1019 2052 1597 2124 temporapraescribit
1631 2049 1816 2105 orandi
1842 2067 1861 2101 ι
1889 2047 1950 2119 (I
1987 2047 2108 2104 Cor.

518 2149 635 2219 vn).
679 2166 699 2201 ε
728 2147 1089 2216 intemperans
1115 2144 1256 2200 enim
1287 2144 1340 2198 in
1366 2143 1643 2214 coniugio,
1675 2142 1800 2213 quid
1826 2141 2097 2197 aliudlnisi

521 2239 736 2310 quidam
781 2237 992 2292 adulter
1030 2236 1212 2292 uxoris
1248 2234 1367 2290 est?
1398 2252 1418 2302 ι
1453 2234 1638 2290 Cernis
1663 2233 2110 2304 quemadmodum

519 2331 650 2386 velit
683 2329 844 2386 etiam
887 2329 1026 2384 inter
1073 2342 1132 2383 se
1176 2327 1290 2397 ipsa
1329 2326 1703 2383 verebonesta
1731 2327 1752 2358 ²
1779 2340 1898 2382 esse
1921 2327 2112 2396 coniu-

519 2423 665 2493 gia?
720 2420 880 2476 Vides
929 2417 1378 2492 quemadmodum
1427 2418 1569 2473 dicat
1604 2417 2110 2486 ,-ineontinentiam

520 2515 679 2570 etiam
723 2512 864 2568 licita
899 2519 1106 2566 vertere
1143 2509 1197 2565 in
1226 2509 1408 2564 vitium
1429 2550 1445 2576 ,
1477 2509 1563 2564 ubi
1588 2516 1644 2564 et
1669 2508 1866 2563 licitum
1891 2509 2113 2563 demon-

519 2615 651 2661 strat
697 2618 817 2660 esse
862 2602 1224 2670 eonnubium,
1267 2614 1323 2656 et
1361 2600 1415 2656 in
1459 2600 1574 2670 ipso
1601 2615 1710 2655 non
1740 2600 1853 2655 vult
1879 2599 2111 2656 inconti-

520 2697 754 2754 nentiam
796 2695 999 2754 fazdare
1040 2693 1182 2766 quod
1220 2694 1421 2750 licitum
1463 2701 1549 2749 est
1583 2692 1645 2748 "l
1687 2692 1935 2749 Advertis
1978 2709 2114 2765 quo-

522 2788 686 2846 modo
710 2788 1006 2858 intelligere
1036 2786 1312 2841 nobiscum
1338 2784 1538 2841 debeas
1557 2825 1570 2852 ,
1599 2784 1653 2839 in
1677 2799 1785 2855 quo
1807 2784 1995 2840 morbo
2017 2784 2114 2841 de-

520 2881 702 2937 siderii
747 2880 975 2935 noluerit
1016 2878 1304 2949 Apostolus
1343 2892 1777 2949 unumquemque
1821 2893 1915 2934 vas
1956 2893 2112 2935 suum

527 2973 837 3045 possidere,
869 2972 1004 3028 sicut
1031 2979 1216 3041 gentes
1244 2985 1365 3041 qua:
1390 2970 1636 3040 ignorant
1665 2970 1830 3024 Deum
1860 2969 1905 3044 (ί
1931 2969 2109 3026 Thess.

522 3067 654 3131 mli,
674 3064 731 3135 5)
752 3061 912 3118 ?Tibi
938 3071 1113 3117 autem
1129 3061 1291 3116 libido
1315 3075 1421 3116 non
1441 3059 1543 3115 nisi
1568 3068 1765 3131 praeter
1786 3075 2007 3117 uxorem
2027 3063 2112 3117 vi-

521 3160 678 3213 detur
709 3171 828 3213 csse
853 3155 1154 3226 culpabilis.
1183 3152 1322 3224 Quid
1345 3167 1474 3224 ergo
1501 3152 1569 3208 de
1597 3151 1887 3210 Ambrosio
1906 3153 2114 3224 iudica-

523 3250 604 3305 bis
620 3291 633 3315 ,
662 3247 754 3320 qni
777 3248 1222 3317 intemperantem
1249 3245 1304 3300 in
1325 3244 1573 3316 coniugio
1597 3244 1899 3301 adulterum
1925 3261 2112 3316 quem-

525 3342 648 3397 dam
687 3340 918 3412 appellat
953 3337 1183 3394 uxoris?
1207 3337 1358 3392 Tune
1382 3337 1575 3393 melius
1599 3337 1811 3408 nuptias
1836 3337 2070 3393 honores
2091 3379 2109 3407 ,

523 3435 577 3490 in
599 3434 790 3506 quibus
811 3431 1016 3488 libidini
1041 3431 1530 3488 licentiosissimum
1552 3431 1782 3501 spatium
1805 3430 2110 3501 praebuisti;

521 3543 590 3582 nc
633 3525 873 3582 fortassis
911 3523 1114 3580 offensa
1152 3521 1491 3578 defensorem
1533 3522 1639 3578 sibi
1675 3522 1836 3576 alium
1863 3522 2111 3592 provide-

521 3632 600 3674 ret
623 3619 647 3672 ?
667 3618 853 3688 Neque
877 3617 1052 3684 enim,
1080 3616 1221 3686 quod
1252 3630 1352 3685 ego
1379 3613 1794 3670 commemoravi
1821 3614 2112 3670 secundum

522 3713 731 3765 veniam
771 3708 1086 3779 coniugibus
1126 3706 1425 3762 concedere
1448 3705 1761 3776 Apostolum
1791 3705 1901 3778 (ubi
1928 3705 2113 3777 procul

523 3801 684 3855 dubio
724 3806 969 3864 notatur,
1007 3797 1108 3854 etsi
1137 3797 1426 3868 ignoscitur
1446 3795 1708 3868 ,sculpa),
1737 3796 1923 3852 saltem
1951 3797 2114 3853 verbo

526 3901 680 3947 tenus
724 3890 985 3959 attingere
1007 3888 1238 3960 .voluisti
1263 3904 1279 3954 ;
1319 3896 1412 3942 aut
1442 3888 1584 3958 quod
1607 3887 1676 3942 ab
1705 3887 1796 3942 illo
1825 3903 2024 3959 opere,
2058 3897 2114 3943 ut

523 3982 752 4037 orationi
780 3989 1005 4048 vacent,
1027 3995 1240 4036 cessare
1261 3979 1518 4050 coniuges
1541 3978 1904 4034 admonentur
1924 3979 1970 4049 (Ι
1991 3980 2110 4034 Cor.

525 4092 595 4131 vn
617 4117 632 4140 ,
667 4075 700 4130 6
721 4116 736 4142 ,
764 4073 820 4145 5)
845 4113 863 4140 ,
893 4073 1034 4144 quod
1064 4087 1164 4144 ego
1193 4080 1362 4129 totum
1393 4073 1840 4138 commemoravi,
1868 4088 2028 4130 ausus
2056 4088 2115 4129 es

524 4169 580 4223 in
625 4177 708 4222 tua
752 4167 1100 4238 responsione
1156 4165 1408 4223 refricare
1441 4184 1454 4220 :
1486 4167 1648 4222 credo
1668 4208 1684 4234 ,
1717 4166 2010 4223 formidans
2045 4183 2115 4224 ne

527 4273 614 4317 tua
640 4261 909 4316 videretur
936 4259 1280 4331 przcvaricata
1307 4257 1570 4326 defensio,
1605 4259 1650 4315 si
1674 4269 1726 4316 et
1756 4269 1805 4314 te
1826 4261 2117 4316 confitente

525 4362 830 4425 appareret,
858 4351 1000 4423 quod
1033 4367 1126 4421 per
1156 4351 1450 4418 libidinem,
1477 4352 1561 4405 cui
1589 4362 1638 4407 te
1667 4350 1984 4421 patrocinari
2010 4366 2116 4406 non

523 4444 723 4518 pudet,
755 4443 914 4499 etiam
953 4440 1234 4513 coniugum
1277 4442 1624 4512 impediretur
1660 4441 1854 4496 oratio.
1894 4440 1969 4495 lta
1995 4455 2115 4495 cum

525 4535 658 4591 mihi
702 4548 799 4605 pro
827 4533 915 4588 illa
943 4532 1268 4603 respondere
1295 4547 1550 4601 cuperes,
1581 4531 1674 4586 sed
1703 4531 1958 4600 Apostolo
1985 4531 2117 4585 resi-

525 4638 672 4684 stere
698 4643 804 4684 non
828 4623 1053 4681 auderes
1073 4665 1088 4691 ,
1114 4639 1215 4680 nec
1241 4625 1294 4679 in
1316 4624 1473 4678 aliam
1502 4624 1840 4693 sententiam,
1868 4624 2005 4678 sicut
2029 4638 2120 4680 so-

525 4721 649 4777 letis
666 4760 683 4788 ,
711 4720 885 4790 ipsum
914 4719 1264 4792 apostolicum
1289 4715 1647 4771 testimonium
1674 4715 1990 4785 detorquere
2017 4730 2116 4786 po-

527 4814 725 4871 tuisses
745 4853 762 4881 ,
785 4813 1005 4870 omnino
1032 4811 1154 4867 inde
1185 4821 1360 4866 tacere
1386 4808 1636 4864 maluisti.
1667 4809 1747 4864 Tu
1770 4823 1900 4880 ergo
1926 4808 2118 4865 melius

529 4907 764 4962 honoras
784 4905 994 4975 nuptias
1010 4945 1026 4971 ,
1053 4918 1277 4974 quarum
1299 4902 1607 4972 dignitatem
1631 4910 1878 4972 tanquam
1899 4901 2119 4957 omnino

530 4995 986 5068 irreprebensibili
1015 4995 1294 5050 volutabro
1320 4993 1546 5048 carnalis
1561 4993 2003 5063 concupiscentia:
2021 4992 2118 5048 dc-

531 5088 740 5145 eoloras
769 5105 783 5141 :
811 5103 878 5142 an
914 5087 1034 5154 ille,
1063 5085 1156 5158 qui
1194 5101 1313 5142 cum
1345 5085 1513 5151 dicat,
1543 5101 1650 5140 non
1680 5087 1850 5141 solum
1877 5085 2076 5141 licitum
2100 5127 2116 5154 ,

529 5180 627 5237 sed
669 5179 829 5236 etiam
877 5178 1075 5238 bonum
1120 5177 1421 5249 coniugium
1465 5187 1809 5250 sanctamque
1835 5179 2116 5248 copulam,

533 5280 713 5327 tamen
734 5278 980 5326 cessante
1003 5269 1236 5327 libidinis
1258 5271 1546 5340 voluptate,
1568 5279 1814 5340 tempora
1839 5271 2027 5325 orandi
2053 5271 2120 5325 ab

532 5365 792 5436 Apostolo
820 5362 1125 5436 prtescripta
1155 5373 1569 5428 commemorat;
1602 5371 1764 5433 atque
1789 5362 1859 5416 ita
1883 5377 1986 5416 non
2011 5363 2123 5418 vult

536 5457 616 5512 tlli
643 5456 833 5512 morbo
859 5454 1068 5511 deditos
1090 5469 1210 5511 esse
1235 5455 1485 5525 coniuges
1503 5495 1520 5521 ,
1552 5454 1693 5510 unde
1715 5453 1943 5510 trahitur
1963 5455 2123 5526 origi-

595 5567 615 5600 ι
649 5571 781 5632 Etet
802 5571 935 5632 μοι,
959 5563 1118 5632 quieo
1139 5570 1350 5629 tempore
1381 5577 1536 5614 usum.
1557 5563 1880 5614 Emendantur
1911 5578 1976 5615 ex
2014 5573 2142 5632 Mss.‘

535 5635 588 5679 et
612 5628 918 5678 Ambrosiana
941 5627 1174 5677 editione.

595 5692 617 5758 ξ
649 5691 723 5758 sic
741 5690 966 5752 praecipui
989 5695 1095 5738 Mss.
1123 5687 1333 5758 At-Qditi,
1356 5700 1468 5758 vera
1489 5685 1763 5758 egitegerit-ct.

599 5752 618 5784 ³
650 5757 720 5798 Er.
741 5748 804 5802 'ct
824 5748 953 5815 Iov,
984 5763 1079 5800 non
1111 5748 1209 5800 vult
1250 5748 1588 5801 incontiucntt'a
1622 5748 1802 5814 fwdart'
1845 5750 1972 5813 quod
2015 5749 2120 5803 lici-

531 5818 632 5862 tum
651 5819 737 5864 est.

1316 386 1585 443 CONTRA
1630 382 1971 442 JL'LIANUM
2013 373 2472 452 I'ELACIANUM,
2516 387 2572 444 s.
2617 381 2982 448 anausim

3684 386 3797 454 683

2205 495 2324 550 nale
2363 507 2633 566 peccatum
2655 543 2668 565 ,
2700 511 2753 556 ut
2778 519 2871 557 eos
2900 504 2988 573 qui
3017 502 3212 560 habent
3235 519 3428 562 uxores
3447 547 3462 574 ,
3495 508 3798 564 secundum

2203 587 2450 642 eumdem
2488 592 2815 658 apostolum,
2858 594 2926 646 i-ta
2968 609 3088 650 esse
3112 596 3267 663 velit,
3295 611 3359 651 ac
3382 597 3425 651 si
3452 613 3557 653 non
3583 597 3794 654 haben-

2205 683 2324 740 tes;
2374 692 2473 732 nec
2520 693 2707 735 vocare
2754 682 2958 738 dubitat
2980 686 3139 740 etiam
3159 685 3349 742 'uxoris
3378 687 3678 744 adulterum
3705 691 3797 745 in-

2207 775 2592 836 temperantem
2640 771 2914 837 maritum,
2960 789 3118 830 omne
3155 777 3405 832 connubii
3434 778 3632 834 bonum
3659 797 3802 850 pen-

2205 870 2330 913 sans
2357 875 2462 914 non
2489 861 2777 931 cupiditate
2803 866 2979 919 carnis
3003 908 3016 930 ,
3040 866 3133 921 scd
3158 867 3260 924 fide
3290 869 3465 939 potius
3493 872 3755 926 castitatis
3780 888 3801 937 ;

2207 963 2312 1003 non
2341 951 2528 1006 morbo
2555 954 2816 1021 passionis
2837 995 2851 1018 ,
2883 943 2976 1011 sed
3004 957 3203 1012 findere
3229 959 3655 1028 coniunctionis;
3685 977 3802 1018 non

2205 1039 2475 1122 voluptate
2515 1043 2786 1112 libidinis,
2827 1046 2922 1101 sed
2955 1047 3231 1104 voluntate
3272 1051 3618 1122 propaginis?
3661 1052 3802 1107 Nam

2206 1120 2484 1189 mulierem
2523 1135 2638 1189 viro
2677 1137 2888 1192 nonnisi
2923 1140 3211 1208 generandi
3252 1155 3408 1195 causa
3438 1120 3678 1212 perhibet
3710 1145 3801 1198 in—

2207 1225 2443 1279 stitutam
2466 1233 2500 1291 ,'
2521 1227 2662 1282 unde
2691 1237 2796 1282 tam
2827 1225 2915 1285 diu
2943 1230 3172 1298 frustra,
3203 1234 3354 1303 quasi
3383 1226 3659 1306 quisquam
3692 1236 3804 1292 hoc

2207 1326 2448 1371 nostrum
2499 1329 2754 1389 negaret,
2801 1321 3434 1395 disputandumputasn.
3482 1328 3606 1384 Haec
3651 1329 3803 1384 enim

2208 1417 2332 1462 sunt
2365 1409 2430 1464 de
2449 1411 2556 1466 .hac
2585 1427 2642 1466 re
2671 1413 2830 1468 verba
2857 1414 2973 1483 eius
3003 1415 3224 1472 inlibro
3251 1416 3318 1471 de
3350 1400 3702 1474 Paradiso':‘¢
3743 1421 3804 1476 Si

2209 1501 2368 1570 igitur
2413 1503 2571 1566 viro,
2628 1522 2648 1556 ι
2702 1504 2900 1574 inquit,
2954 1523 2974 1558 ι
3025 1507 3197 1577 culpae
3229 1518 3416 1564 auctor
3446 1519 3528 1565 est
3563 1511 3802 1577 mulier.,

2210 1591 2656 1660 quemadmodum
2703 1609 2799 1664 pro
2839 1595 2983 1651 bono
3023 1598 3231 1654 videtur
3253 1599 3504 1670 adiecta?
3531 1601 3725 1658 Verum
3754 1604 3805 1658 si

2210 1682 2518 1738 consideres
2541 1725 2556 1748 ,
2589 1684 2709 1754 quia
2741 1686 2848 1741 Deo
2879 1688 3236 1744 universitatis
3265 1702 3346 1746 eSt
3374 1708 3498 1748 cura
3521 1735 3535 1758 ,
3558 1694 3805 1751 invenies

2211 1775 2328 1844 plus
2359 1775 2581 1845 placere
2623 1777 2848 1833 Domino
2891 1779 3140 1836 debuisse
3181 1781 3232 1836 id
3262 1783 3316 1837 in
3339 1799 3444 1853 quo
3471 1795 3613 1840 esset
3637 1801 3806 1840 causa

2213 1869 2568 1924 universitatis
2591 1911 2606 1937 ,
2631 1885 2802 1941 quam
2839 1873 3299 1929 condemnandum
3338 1875 3502 1931 fuisse
3531 1876 3660 1932 illud
3692 1879 3711 1909 ¹
3748 1879 3804 1932 in

2212 1973 2318 2029 quo
2355 1969 2497 2015 esset
2541 1977 2697 2016 causa
2735 1964 2962 2032 peccati.
3003 1964 3129 2019 ldeo
3168 1967 3289 2035 quia
3319 1983 3382 2020 ex
3414 1967 3525 2022 viro
3549 1968 3662 2022 solo
3693 1984 3806 2022 non

2213 2059 2422 2119 poterat
2447 2051 2660 2106 humani
2689 2068 2809 2109 esse
2836 2056 3048 2124 generis
3079 2058 3418 2127 propagatio,
3443 2059 3808 2127 pronuntiavit

2215 2141 2470 2196 Dominus
2494 2184 2511 2209 ,
2534 2157 2638 2198 non
2664 2158 2783 2198 esse
2800 2144 2996 2199 bonum
3013 2147 3185 2201 solum
3214 2147 3482 2204 hominem
3505 2165 3622 2206 esse
3643 2149 3804 2223 (Gen.

2212 2245 2280 2299 ιι,
2328 2231 2438 2301 18).
2480 2233 2660 2288 Maluit
2699 2236 2839 2289 enim
2879 2237 3020 2292 Deus
3062 2239 3243 2307 plures
3285 2253 3438 2306 esse,
3465 2255 3598 2310 quos
3621 2241 3808 2298 salvos

2213 2322 2400 2378 facere.
2415 2335 2596 2393 posset
2616 2367 2631 2392 ,
2656 2327 2848 2396 quibus
2875 2327 3096 2384 donaret
3125 2338 3423 2399 peccatum,
3447 2347 3605 2401 quam
3634 2349 3808 2388 unum

2213 2415 2385 2470 solum
2430 2417 2637 2484 Adam,
2682 2419 2771 2485 qui
2813 2419 2946 2474 liber
2980 2430 3123 2476 esset
3157 2436 3186 2474 a
3211 2423 3386 2492 culpa.
3418 2424 3652 2494 Denique
3678 2425 3808 2496 quia

2212 2503 2382 2573 idem,
2422 2525 2441 2560 ι
2484 2507 2692 2578 inquit,
2736 2527 2756 2562 ι
2793 2511 3076 2581 utriusque.
3093 2522 3283 2568 auctor
3305 2523 3386 2570 est
3413 2515 3625 2585 operis,
3655 2518 3812 2571 venit

2213 2597 2268 2653 in
2314 2598 2454 2654 hunc
2494 2599 2782 2668 mundum,
2827 2611 2879 2656 ut
2908 2603 3089 2658 salvos
3116 2601 3666 2674 faceretpeccatores.
3698 2607 3807 2660 Ρο-

2213 2697 2414 2744 stremo
2438 2705 2536 2746 nec
2563 2689 2692 2745 Cain
2721 2693 2984 2762 parricidii
3011 2710 3159 2749 reum
3189 2693 3496 2767 priusquam
3520 2709 3812 2769 generaret

2214 2782 2612 2853 filios,ipassus
2653 2794 2736 2840 est
2777 2785 3012 2841 interire.
3047 2786 3217 2857 Ergo,
3252 2806 3274 2842 ι
3301 2788 3501 2859 inquit,
3539 2807 3558 2840 α
3587 2802 3812 2860 propter

2211 2870 2609 2946 generationem
2681 2878 3037 2935 successionis
3091 2879 3336 2935 humana:
3383 2879 3568 2938 debuit
3613 2883 3814 2938 mulier

2212 2967 2372 3038 adiici
2399 2969 2515 3024 viro
2546 2986 2566 3021 ι
2602 2967 2752 3041 (Cap.
2781 2968 2870 3044 10)

2283 3056 2377 3114 21.
2418 3059 2594 3116 Habes
2627 3076 2752 3116 ecce
2780 3061 3118 3117 Ambrosium
3149 3062 3423 3121 doctorem
3451 3080 3659 3132 meum,
3690 3076 3748 3122 et
3774 3082 3813 3122 ι

2215 3157 2308 3206 tuo
2349 3153 2770 3208 memorabiliter
2796 3151 2818 3184 ³
2861 3155 3240 3224 praedicatum,
3281 3165 3337 3212 et
3376 3173 3510 3228 opus
3553 3159 3644 3214 Dei
3684 3174 3814 3215 esse

2164 3250 2428 3328 1ιῖᾯιιιτιεεςῐι
2475 3244 2745 3300 hominem
2788 3254 2948 3316 atque
2990 3245 3222 3315 hominis
3265 3257 3611 3317 carnem,.et
3636 3249 3813 3306 bonas

2168 3319 2177 3332 ’
2213 3319 2334 3390 esse
2375 3336 2585 3406 nuptias
2625 3337 2679 3390 in
2706 3347 2959 3408 quantum
2992 3349 3114 3394 sunt
3145 3340 3378 3410 nuptias,
3405 3357 3512 3398 non
3537 3343 3695 3399 modo
3728 3344 3815 3398 fa-

2215 3432 2446 3494 tentem,
2491 3442 2680 3481 vorum
2723 3429 2882 3484 etiam
2931 3429 3323 3488 defendentem.
3371 3432 3619 3490 Jarnvero
3663 3436 3814 3506 quod

2215 3531 2314 3586 per
2350 3517 2610 3588 originale
2646 3529 2918 3590 peccatum
2956 3537 3112 3579 sacro
3148 3525 3456 3594 Baptismati
3488 3526 3619 3582 nihil
3644 3528 3816 3584 dero-

2213 3618 2336 3678 get,
2365 3609 2609 3679 superius
2634 3610 3028 3678 demonstravi.
3057 3617 3269 3686 quando
3290 3617 3404 3687 eius
3432 3619 3585 3689 posui
3613 3620 3813 3687 verba,

2216 3697 2305 3753 ubi
2343 3697 2509 3769 dicit,
2557 3719 2578 3754 ι
2614 3701 2764 3757 illum
2794 3701 3075 3773 iustificari
3114 3721 3143 3760 a
3169 3717 3440 3776 ,peccato,
3470 3710 3678 3780 cuiper
3702 3710 3816 3764 Ba-

2216 3791 2469 3860 ptismum
2492 3802 2704 3862 peccata
2730 3795 3072 3851 remittuntur
3093 3798 3268 3852 ornnia
3295 3818 3313 3851 ι
3345 3799 3577 3870 (Supra,
3605 3817 3660 3854 η.
3691 3801 3814 3871 14).

2223 3898 2243 3933 t
2272 3880 2671 3953 Justumporro
2693 3885 2779 3939 ille
2803 3885 2968 3940 Deum
3001 3886 3090 3941 ubi
3121 3889 3543 3958 nouprasdicat,
3570 3899 3660 3944 aut
3687 3893 3819 3961 quis

2218 3972 2286 4028 de
2327 3973 2428 4028 hoc
2451 3983 2639 4043 potest
2675 3975 2967 4031 catholicus
3007 3977 3249 4032 dubitare
3277 3978 3635 4045 christianos,
3665 3980 3820 4050 quod

2219 4077 2354 4132 pene
2379 4072 2434 4118 et
2458 4080 2643 4120 omnes
2673 4065 2820 4136 impii
2849 4065 3214 4123 confitentur?

2289 4153 2517 4214 CAPUT
2565 4158 2698 4213 Vlll.
2728 4190 2802 4201 -—-
2841 4159 2930 4215 22.
2971 4161 3223 4228 Quintum
3251 4163 3379 4218 illud
3409 4173 3602 4230 restat,
3629 4174 3822 4221 utrum

2219 4248 2463 4304 videatur
2507 4250 2790 4307 Ambrosio
2827 4251 3110 4309 humanam
3139 4271 3387 4326 capacem
3414 4256 3821 4326 iustificationis

2220 4353 2276 4398 et
2323 4342 2662 4413 perfectionis
2705 4359 2827 4400 esse
2867 4356 3142 4414 naturam;
3187 4363 3286 4403 nec
3320 4349 3386 4401 ab
3417 4348 3516 4404 hac
3543 4351 3822 4405 sententia

2223 4445 2503 4504 pr0pterca
2529 4448 2809 4492 revocetur
2828 4480 2842 4505 ,
2873 4440 2994 4508 quia
3023 4455 3166 4510 smpc
3195 4457 3258 4496 ac
3285 4443 3463 4497 multis
3486 4442 3658 4497 modis
3682 4443 3825 4498 dicit

2221 4542 2434 4583 omnem
2484 4529 2752 4586 hominem
2799 4533 2899 4586 sub
2939 4543 3156 4600 peccato
3197 4535 3375 4600 nasci,
3407 4544 3606 4590 etesse
3635 4536 3823 4606 ipsum

2221 4629 2396 4674 ortum
2436 4619 2552 4690 eius
2587 4621 2640 4676 in
2676 4623 2823 4677 vitio.
2857 4622 3054 4678 Verum
3085 4634 3139 4679 et
3171 4625 3270 4679 hoc
3289 4625 3402 4694 iam
3428 4641 3586 4696 supra
3612 4626 3780 4682 docui
3800 4668 3826 4693 .

2223 4709 2312 4765 ubi
2356 4727 2476 4765 eum
2514 4711 2634 4768 loco
2663 4713 2779 4782 ipso
2808 4716 2966 4784 paulo
2999 4723 3117 4784 post
3144 4714 3343 4772 dixisse
3371 4717 3689 4781 memoravi,
3727 4736 3748 4769 ι
3792 4735 3830 4774 a

2221 4800 2419 4858 Christi
2459 4818 2620 4860 carne
2663 4805 2970 4860 damnatum
3009 4823 3130 4863 esse
3165 4819 3486 4878 peccatum,
3532 4809 3674 4879 quod
3723 4827 3834 4867 na-

2224 4897 2424 4952 scendo
2468 4912 2574 4952 non
2616 4900 2815 4967 sensit,
2856 4901 2997 4971 quod
3037 4901 3313 4957 moriendo
3339 4903 3636 4966 cruciﬁxit,
3670 4913 3736 4959 ut
3773 4905 3835 4961 in

2224 5001 2387 5044 carne
2428 4998 2608 5043 nostra
2647 4999 2790 5044 esset
2826 4989 3133 5060 iustiIiCatio
3177 5007 3268 5060 per
3293 4993 3550 5063 gratiam,
3582 4996 3667 5048 ubi
3696 5005 3840 5051 erat

2225 5089 2350 5134 ante
2378 5078 2606 5134 colluvio
2627 5095 2730 5150 per
2759 5082 2966 5152 culpam
3001 5100 3021 5135 ι
3057 5081 3220 5154 (Ibid.
3252 5101 3304 5139 τι.
3335 5084 3414 5156 5).
3444 5083 3519 5138 lbi
3545 5085 3684 5140 enim
3719 5101 3839 5140 na-

2227 5180 2398 5227 turam
2419 5172 2803 5230 demonstravit
2827 5176 3111 5231 humanam
3135 5217 3152 5244 ,
3175 5177 3337 5233 etiam
3361 5178 3515 5233 istam
3531 5217 3546 5242 ,
3570 5193 3688 5248 qua:
3719 5179 3842 5236 sub

2228 5277 2446 5336 peccato
2473 5269 2740 5336 nascitur,
2771 5277 2826 5324 et
2851 5269 3004 5338 cuius
3024 5276 3173 5326 ortus
3201 5270 3254 5326 in
3284 5271 3413 5342 vitio
3437 5280 3520 5326 est
3540 5311 3557 5337 ,
3589 5284 3713 5326 esse
3735 5271 3845 5341 iu-

2227 5359 2561 5414 stificationis
2605 5375 2855 5430 capacem
2897 5379 2916 5416 :
2959 5361 3054 5418 sed
3095 5378 3226 5420 sane
3266 5379 3363 5435 per
3384 5347 3644 5435 gratiam,
3672 5365 3845 5433 quod

2228 5452 2499 5507 inimicum
2525 5462 2608 5508 est
2629 5453 2813 5521 vobis,
2837 5455 3010 5510 eidem
3029 5456 3217 5527 gratiae
3237 5457 3542 5512 crudelibus
3564 5456 3845 5515 inimicis.

2231 5544 2426 5600 Verum
2455 5545 2500 5600 si
2538 5545 2638 5601 hoc
2666 5558 2855 5617 parum
2883 5557 2996 5618 est,
3025 5564 3210 5603 rursus
3234 5547 3359 5619 quid
3391 5548 3569 5614 dicat,
3600 5551 3849 5607 attende

2229 5636 2284 5693 in
2322 5639 2668 5709 Expositione
2710 5639 2858 5696 lsaire
2898 5641 3171 5711 prophctre
3199 5683 3214 5698 .
3251 5660 3272 5696 ί
3305 5639 3627 5704 Videamus,
3668 5658 3688 5692 ι
3742 5642 3851 5698 in-

2295 5755 2312 5819 !
2346 5752 2654 5805 Floriacensis
2677 5763 2778 5815 Ms,
2803 5769 2962 5819 quam,
2973 5769 3067 5819 non
3088 5755 3391 5808 condendam
3408 5753 3556 5818 fuisse
3577 5753 3732 5806 taud.

2294 5818 2315 5848 ²
2348 5823 2395 5865 ιιι
2419 5826 2530 5867 ante
2555 5821 2764 5877 excusis,
2789 5816 3088 5869 mirabiliter.
