4038 6518
237 524 378 589 quit,
424 533 445 568 ι
482 529 552 570 ne
587 528 689 587 qua
716 513 788 569 sit
815 521 933 584 post
961 511 1118 583 hujus
1143 511 1262 566 vitae
1293 510 1614 567 curriculum
1646 520 1827 564 nostra

238 607 604 678 Ivg'eneratio,
654 603 724 662 de
769 621 870 676 qua
911 605 1114 661 dictum
1155 614 1271 669 est,
1319 602 1384 658 In
1417 603 1825 674 regeneratione,

236 714 342 750 cum
367 697 554 750 sederit
570 695 735 750 Filius
747 696 961 749 hominis
971 696 1022 749 in
1044 695 1222 749 throno
1242 695 1421 766 gloria!
1437 709 1544 748 sua:
1566 712 1585 745 ι
1612 692 1826 763 (Matth.

239 802 320 840 xIx
342 828 356 848 ,
386 785 505 856 28).
538 785 686 840 Sicut
716 787 858 840 enim
893 786 1228 856 rcgeneratio
1260 785 1450 840 lavacri
1481 785 1705 849 dicitur,
1737 799 1832 854 per

237 891 392 944 quam
423 875 639 930 detersa
671 885 1006 945 peccatorum
1033 875 1337 930 colluvione
1367 890 1688 931 renovamur
1715 891 1730 941 ;
1762 876 1832 928 ita

237 965 576 1035 regeneratio
601 965 701 1020 dici
732 966 962 1033 videtur,
996 982 1092 1036 per
1113 982 1271 1038 quam
1300 965 1368 1020 ab
1387 967 1530 1020 omni
1556 979 1830 1035 corporea:

235 1057 598 1112 concretionis
642 1056 906 1126 puriﬁcati
951 1057 1106 1125 labe,
1149 1058 1348 1111 mundo
1374 1059 1565 1111 animae
1588 1071 1750 1110 sensu
1777 1055 1835 1110 in

238 1147 398 1202 vitam
444 1162 824 1218 regeneramur
849 1156 1142 1204 mtcrnam.
1178 1167 1198 1201 ι
1242 1139 1447 1218 Nempe
1483 1148 1724 1202 distinxit
1750 1148 1832 1202 vir

237 1244 454 1290 sanctus
492 1244 549 1290 et
572 1251 732 1290 verax
754 1278 770 1302 ,
798 1236 1234 1305 justiﬁcatiouem
1261 1237 1384 1292 vitae
1414 1237 1598 1307 hujus,
1627 1252 1747 1308 qua:
1775 1238 1838 1292 ﬁt

239 1341 332 1395 per
374 1325 645 1380 lavacrum
674 1327 1094 1397 regenerationis
1113 1369 1129 1394 ,
1161 1336 1216 1384 et
1243 1327 1385 1383 illius
1410 1327 1790 1398 perfectionem
1813 1369 1828 1395 ,

241 1431 357 1470 cum
383 1425 440 1472 et
463 1426 647 1472 nostra
666 1432 890 1488 corpora
915 1417 1110 1473 fuerint
1131 1419 1528 1474 immortalitate
1554 1428 1832 1474 renovata.

243 1507 354 1562 Non
385 1507 565 1576 itaque
595 1506 698 1562 fuit.
715 1509 1027 1574 Ambrosio,
1063 1510 1304 1579 quamvis
1327 1509 1587 1566 fateretur
1611 1525 1838 1565 nascen-

245 1601 309 1656 tis
335 1598 560 1669 originis
584 1599 768 1653 vitium
789 1640 804 1665 ,
826 1600 1224 1669 justiﬁcatiouis
1251 1601 1528 1672 desperata
1559 1601 1832 1669 perfectio.

244 1689 373 1756 Quia
404 1689 544 1744 sicut
565 1698 647 1744 est
667 1689 896 1744 humana
920 1698 1105 1745 natura
1127 1692 1356 1746 creatori
1382 1693 1492 1748 Deo
1514 1690 1836 1760 formabilis,

245 1782 313 1836 ita
342 1780 602 1836 sanabilis
629 1780 973 1850 redemptori.

310 1893 404 1948 23.
441 1894 562 1950 Sed
577 1909 673 1951 vos
701 1896 960 1954 lestinatis
981 1939 996 1965 ,
1021 1905 1075 1953 et
1101 1899 1572 1972 praesumptionem
1598 1910 1832 1955 vestram

249 1984 553 2042 festinando
595 1988 957 2058 przecipitatis.
1013 1988 1110 2044 llic
1154 1990 1297 2045 enim
1346 1990 1508 2045 vultis.
1558 1989 1832 2045 hominem

250 2075 430 2146 perﬁci
453 2117 470 2143 ,
499 2084 660 2146 atque
687 2078 888 2132 utinam
906 2079 999 2133 Dei
1016 2078 1179 2146 dono,
1206 2088 1260 2134 et
1280 2095 1386 2134 non
1408 2079 1596 2145 libero,
1629 2080 1710 2135 vel
1737 2096 1834 2150 po-

250 2168 350 2222 tius
386 2183 549 2225 servo
581 2170 806 2240 propria:
844 2169 1131 2226 voluntatis
1165 2170 1407 2226 arbitrio.
1429 2173 1493 2226 ,Α
1527 2187 1628 2242 qua
1658 2171 1834 2241 perfe-

248 2261 422 2316 ctione
445 2259 664 2331 quidem
693 2262 846 2332 longe
884 2276 982 2316 vos
1009 2275 1130 2317 esse
1166 2263 1375 2318 sentitis
1408 2280 1422 2316 :
1453 2261 1548 2317 sed
1575 2262 1726 2318 dolus
1751 2272 1837 2318 est

250 2350 299 2404 in
326 2365 424 2405 ore
444 2359 625 2407 vestro
644 2392 660 2416 ,
687 2352 800 2407 sive
827 2362 1135 2422 peccatores
1160 2367 1257 2409 vos
1281 2368 1400 2409 esse
1424 2353 1611 2408 dicatis
1630 2395 1646 2421 ,
1677 2363 1732 2409 et
1751 2353 1834 2421 ju-

249 2450 356 2497 stos
384 2441 537 2498 credi
564 2443 772 2508 velitis;
803 2445 916 2499 sive
954 2444 1309 2514 proﬁteamini
1341 2444 1722 2515 perfectionem
1744 2445 1834 2515 ju-

250 2535 616 2606 SIitim,,quam
635 2537 873 2606 profecto
893 2537 946 2592 in
973 2539 1122 2593 vobis
1147 2553 1253 2593 non
1275 2554 1394 2594 esse
1419 2539 1648 2594 sentitis.
1671 2539 1836 2596 Justi-

248 2627 426 2682 ﬁCatio
470 2644 648 2698 porros
678 2629 730 2683 in
775 2629 875 2685 hac
917 2631 1023 2684 vita
1066 2631 1220 2688 nobis
1262 2632 1552 2687 secundum
1595 2633 1693 2688 tria
1735 2634 1836 2688 ista

247 2718 570 2772 confertur-z
601 2720 766 2789 prius,
795 2719 1010 2776 lavacro
1044 2723 1496 2793 regenerationis,
1527 2739 1632 2794 quo
1656 2726 1838 2780 remit-

249 2815 632 2864 tanturcuneta
647 2818 859 2879 peccata
880 2827 893 2864 :
913 2812 1122 2879 deinde,
1139 2815 1518 2883 congressione
1531 2831 1653 2870 cum
1670 2816 1834 2885 vitiis,

248 2911 278 2949 ει
291 2912 519 2966 quorum
532 2909 679 2954 reatu
690 2901 916 2956 absoluti
932 2918 1143 2958 sumus:
1160 2907 1336 2972 tertio,
1350 2905 1474 2960 dum
1492 2916 1670 2962 nostra
1685 2922 1838 2963 exau-

248 2989 393 3043 ditur
403 2990 598 3057 oratio,
613 3007 714 3062 qua
729 2992 971 3058 dicimus,
993 2993 1199 3050 Dimitte
1209 2998 1348 3052 nobis
1360 2997 1522 3053 debita
1535 3009 1707 3054 nostra
1722 2999 1832 3074 (Id.

248 3093 323 3145 vI,
347 3079 443 3148 l2)
463 3097 478 3147 ;
499 3083 748 3151 quoniam
767 3085 1060 3154 quamlibet
1075 3087 1280 3143 fortiter
1291 3098 1474 3144 contra
1488 3091 1612 3145 vitia
1626 3091 1838 3148 dimice-

251 3186 398 3237 mus,
424 3171 673 3228 homines
699 3189 912 3241 sumus;
934 3177 1025 3233 Dei
1048 3188 1224 3234 autem
1253 3181 1419 3251 gratia
1440 3182 1516 3236 sic
1544 3197 1640 3237 nos
1663 3184 1714 3238 in
1733 3182 1835 3239 hoc

249 3264 584 3333 Corruptibili
613 3281 838 3337 corpore
858 3268 1072 3339 adjuvat
1102 3270 1451 3339 dimicantes;
1480 3283 1537 3327 ut
1557 3289 1663 3328 non
1695 3275 1834 3330 desit

250 3366 468 3426 promer
482 3357 622 3428 quod
639 3359 1104 3418 exaudiatveniam
1125 3363 1473 3432 postulantes.
1495 3365 1654 3421 istam
1671 3381 1836 3437 super

251 3463 348 3502 nos
377 3448 470 3503 Dei
502 3449 945 3518 misericordiam,
978 3452 1128 3508 vobis
1153 3456 1508 3510 necessariam
1539 3472 1644 3512 non
1677 3467 1834 3527 puta-

250 3540 347 3605 tis;
379 3540 632 3610 quoniam
659 3557 725 3596 ex
750 3557 815 3598 eo
831 3559 1053 3599 numero
1079 3545 1232 3610 estis,
1251 3545 1318 3600 de
1344 3547 1535 3614 quibus
1557 3547 1609 3601 in
1625 3548 1848 3606 Psalmo.

248 3629 450 3685 dictum
472 3640 577 3698 est,
611 3631 710 3699 Qui
735 3633 999 3702 confidunt
1024 3635 1076 3688 in
1111 3637 1290 3691 uirtute
1321 3654 1412 3691 sua
1438 3636 1608 3710 (Psal.
1637 3654 1832 3708 vauI,

250 3719 335 3790 7).
363 3720 469 3776 Sed
497 3731 695 3791 quanto
712 3725 902 3779 melius
915 3725 1160 3781 audimus
1174 3726 1512 3782 Ambrosium
1533 3726 1586 3783 in
1608 3729 1746 3785 libro
1767 3731 1835 3787 de

250 3811 395 3882 higa
418 3814 924 3871 saeculi'diceutem:
949 3817 1254 3888 «Frequens
1272 3819 1425 3874 nobis
1449 3819 1516 3876 de
1537 3821 1835 3891 eﬁ’ugiendo

250 3902 353 3955 isto
406 3904 607 3958 smculo
662 3913 744 3960 cst
766 3921 948 3962 sermo
995 3917 1202 3978 :atque
1238 3910 1439 3966 utinam
1465 3926 1622 3982 quam
1667 3911 1836 3968 facilis

250 4008 463 4060 sermo,
513 4006 619 4050 tam
665 4007 856 4054 cautus
884 4008 938 4054 et
964 4001 1222 4060 sollicitus
1266 4001 1505 4058 aliectus.
1554 4003 1662 4061 Sed
1694 4006 1834 4075 quod

250 4086 402 4156 pejus
429 4094 532 4154 est,
559 4087 865 4159 frequenter
890 4090 1075 4162 irrepit
1102 4102 1428 4151 terrenarum
1467 4096 1716 4154 illecebra
1742 4114 1837 4155 cu-

249 4178 533 4247 piditatum
555 4220 569 4243 ,
594 4189 648 4234 et
675 4181 962 4237 vanitatum
1004 4183 1195 4243 oll'usio
1237 4197 1471 4242 mentem
1503 4200 1747 4258 occupat,
1779 4201 1836 4245 ut

249 4267 391 4333 quod
418 4269 634 4324 studeas
659 4271 830 4328 vitare
853 4314 868 4339 ,
899 4271 1001 4330 hoc
1038 4275 1240 4345 cogites
1261 4318 1276 4343 ,
1305 4278 1589 4349 animoque
1628 4282 1831 4338 volvas.

249 4357 404 4426 Quod
426 4375 618 4416 cavere
634 4360 848 4418 diﬁicile
873 4373 955 4420 est
979 4365 1201 4434 homini,
1225 4383 1421 4424 exuere
1437 4379 1612 4425 autem
1631 4371 1835 4441 impos-

249 4451 426 4506 sibile.
456 4451 695 4523 Denique
724 4455 830 4509 voti
869 4455 1038 4526 magis
1069 4471 1188 4512 eam
1219 4473 1339 4514 esse
1375 4474 1486 4514 rem
1513 4476 1674 4530 quam
1705 4462 1835 4517 ell'e-

250 4550 391 4610 ctus,
421 4552 647 4599 testatur
676 4545 930 4616 propheta
957 4547 1205 4615 dicendo,
1232 4549 1446 4608 Declina
1475 4568 1563 4606 cor
1589 4570 1754 4609 meum
1783 4556 1851 4610 in.

248 4634 540 4688 testimonia
567 4645 675 4702 tua,
699 4646 860 4692 etnon
880 4638 931 4692 in
947 4639 1208 4693 avaritiam
1233 4659 1252 4693 ι
1288 4640 1461 4712 (Psal.
1493 4657 1688 4709 CXVIII,
1705 4645 1774 4700 56
1791 4645 1831 4716 ).

255 4743 274 4776 ι
306 4723 420 4779 Non
451 4725 595 4781 enim
620 4726 670 4780 iu
700 4737 964 4798 potestate
991 4740 1172 4787 nostra
1212 4742 1295 4788 est
1337 4748 1432 4788 cor
1459 4744 1698 4790 nostrum
1727 4778 1742 4804 ,
1775 4746 1831 4793 et

248 4827 448 4873 nostra:
478 4818 862 4889 cogitationes;
894 4837 1013 4892 qua:
1039 4823 1326 4893 improviso
1349 4824 1534 4880 otiosa:
1559 4868 1572 4892 ,
1602 4837 1852 4885 mentem-

245 4907 596 4979 animumque
624 4909 956 4967 confundunt
974 4955 990 4980 ,
1031 4924 1191 4984 atque
1225 4916 1328 4970 alio
1357 4917 1572 4971 trahunt
1596 4934 1751 4988 quam
1779 4929 1836 4974 tu

247 5002 623 5072 proposueris;
660 5004 723 5058 ad
762 5006 1034 5061 smeularia
1073 5016 1360 5073 revocant,
1393 5009 1662 5069 mundana
1691 5011 1836 5067 insc-

245 5101 395 5160 runt,
415 5093 748 5166 voluptuaria
771 5096 1038 5167 ingerunt,
1066 5097 1376 5155 illecebrosa
1398 5099 1661 5166 intexunt,
1692 5101 1836 5173 ipso-

243 5201 351 5254 que
377 5186 429 5239 in
463 5197 701 5256 tempore
721 5203 825 5258 quo
846 5189 1055 5244 elevare
1077 5200 1307 5244 mentem
1335 5206 1600 5260 paramus,
1622 5191 1835 5248 insertis

245 5279 500 5335 inanibus
524 5281 953 5350 cogitatiOuibus,
983 5283 1292 5339 ad'tcrreua
1317 5285 1626 5354 plerumque
1646 5284 1844 5356 dejici-.

244 5389 370 5427 mur
399 5391 418 5426 ι
452 5372 605 5444 (Cap.
634 5372 719 5445 l).
752 5373 877 5429 Htec
903 5375 959 5429 si-
979 5391 1072 5432 vos
1100 5391 1204 5430 non
1247 5376 1522 5447 patimini;
1555 5377 1832 5448 ignoscite,

244 5477 358 5517 non
381 5463 534 5518 vobis
558 5463 848 5531 credimus,
875 5463 1052 5520 sed-in
1076 5465 1158 5520 his
1178 5467 1354 5536 potius
1375 5467 1834 5525 sancti'Ambrosii

244 5554 430 5609 verbis
451 5555 713 5624 quoddam
739 5556 1032 5626 speculum,
1055 5566 1110 5612 et
1131 5557 1231 5613 lIoc
1259 5558 1304 5613 si
1331 5557 1659 5628 proﬁcimus,
1687 5575 1834 5614 com-

246 5644 431 5699 munis
457 5643 702 5720 humana:
730 5645 1046 5701 inlirmitatis
1069 5649 1428 5718 agnoscimus.
1462 5649 1626 5705 Vobis
1655 5659 1832 5705 autem

244 5734 460 5789 etiamsi
481 5732 780 5801 credamus,
805 5746 860 5792 et
877 5737 1135 5800 dicamus,
1161 5738 1318 5792 Orate
1343 5756 1437 5807 pro
1459 5741 1630 5806 nobis,
1657 5750 1832 5797 utnec

248 5837 356 5880 nos
390 5825 494 5880 ista
524 5825 816 5896 patiamur;
859 5828 929 5883 ita
957 5843 1051 5885 vos
1093 5829 1389 5902 invenimus
1426 5831 1592 5886 elatos
1628 5842 1680 5885 et
1719 5833 1821 5890 alta

1591 391 1790 450 UBER
1829 388 2206 450 SECUNDUS.

3416 399 3522 456 690

1942 509 2209 578 sapientes
2231 517 2286 564 ut
2313 509 2678 580 respondeatis
2698 510 2854 566 nobis
2877 553 2892 578 ,
2924 525 3027 565 non
3066 511 3240 567 solum
3280 514 3379 568 ista
3421 531 3516 570 vos

1938 615 2044 653 non
2073 599 2216 669 pati,
2245 616 2429 655 verum
2458 602 2618 655 etiam
2649 602 2700 656 in
2737 601 2969 657 hominis
2989 616 3109 657 esse
3138 613 3418 671 petestate,
3454 620 3522 658 ne

1939 691 2034 743 ista
2065 691 2316 759 patiatur,
2350 707 2449 748 nec
2478 708 2597 748 esse
2625 707 2841 748 causam
2869 709 2964 748 cur
2989 693 3056 749 ad
3084 694 3185 750 hoc
3210 696 3301 750 Dei
3333 710 3522 768 posca-

1941 789 2025 833 tur
2045 781 2320 836 auxilium.

2007 874 2097 928 24.
2129 873 2339 940 Quanto
2381 890 2509 946 ergo
2549 876 2736 930 melius
2783 877 3071 934 identidem
3118 878 3363 934 audimus
3392 879 3522 934 Am-

1938 965 2172 1021 brosium
2203 968 2295 1023 Dei
2321 970 2544 1040 gratiam
2576 970 2914 1026 conﬁtentem
2942 1014 2958 1039 ,
2991 988 3088 1028 nec
3109 973 3175 1029 de
3196 989 3290 1028 sua
3322 975 3518 1028 virtute

1937 1057 2314 1125 conﬁdentem,
2346 1061 2436 1129 qui
2478 1076 2599 1116 cum
2649 1062 2778 1119 hinc.
2807 1062 3028 1120 dixisset
3057 1063 3249 1132 adjecit
3281 1081 3296 1118 :
3334 1081 3353 1116 ι
3390 1063 3520 1132 Quis

1939 1158 2118 1204 autem
2143 1158 2251 1204 tam
2274 1151 2480 1216 beatus,
2506 1153 2593 1221 qui
2621 1154 2675 1211 iu
2691 1154 2851 1210 corde
2878 1171 2974 1210 suo
2999 1171 3210 1227 semper
3230 1158 3521 1212 a~ccndat?

1939 1240 2043 1294 Sed
2076 1241 2174 1296 hoc
2216 1242 2330 1297 sine
2377 1243 2576 1298 auxilio
2618 1244 2797 1298 divino
2845 1247 2933 1320 qui
2966 1245 3077 1302 ﬁeri
3125 1249 3339 1316 potest?
3367 1247 3523 1302 Nullo

1941 1332 2180 1402 profecto
2227 1333 2407 1389 modo.
2446 1334 2720 1406 Denique,
2757 1357 2774 1388 ι
2821 1338 3027 1409 inquit,
3091 1357 3109 1392 ι
3147 1355 3304 1409 supra
3335 1338 3520 1394 eadem

1937 1423 2209 1496 Scriptura
2241 1424 2368 1480 dicit
2398 1441 2412 1479 :
2446 1425 2633 1481 Beatus
2661 1429 2735 1481 rir
2755 1429 2903 1502 cujus
2924 1438 2995 1483 est
3030 1431 3277 1485 auxilium
3299 1431 3407 1502 ejus
3436 1432 3524 1485 abs

1939 1525 2018 1581 te,
2029 1514 2278 1581 Domine;
2295 1532 2530 1572 ascensus
2547 1518 2602 1571 in
2622 1517 2774 1572 corde
2793 1519 2900 1590 ejus
2931 1538 2950 1572 ι
2981 1519 3149 1590 (Psal.
3175 1536 3392 1583 Lxxxtu,
3418 1521 3486 1590 6)
3507 1538 3520 1574 :

1945 1626 1964 1659 ι
1995 1608 2231 1677 Itemque
2262 1607 2401 1662 idem
2431 1608 2542 1677 ipse
2570 1609 2620 1663 in
2642 1609 2776 1664 libro
2791 1609 2857 1664 de
2873 1607 3216 1666 Sacrumenlo
3243 1626 3526 1682 regenera-

1942 1699 2102 1754 tionis
2133 1716 2144 1751 :
2180 1717 2199 1752 ι
2236 1699 2366 1767 Quis
2395 1699 2556 1769 igitur
2579 1708 2682 1769 est,
2719 1718 2740 1754 ι
2775 1700 2966 1770 inquit,
2999 1720 3018 1754 ι
3056 1704 3145 1772 qui
3174 1718 3334 1757 carne
3362 1703 3526 1757 utitur

1939 1793 2006 1848 ad
2032 1793 2383 1864 operandum,
2411 1794 2512 1849 nisi
2538 1794 2753 1848 anima?
2792 1795 2932 1865 Ergo
2958 1796 3203 1866 princeps
3231 1805 3285 1850 ct
3312 1795 3525 1850 domina

1939 1885 2115 1939 carnis
2144 1885 2458 1940 naturaliter
2499 1884 2675 1939 anima
2724 1895 2844 1951 est,
2887 1901 3006 1956 qua:
3047 1885 3266 1941 domare
3307 1901 3526 1942 carnem

1939 1976 2098 2032 debet
2113 1987 2168 2032 et
2188 1993 2395 2048 regere.
2416 1976 2646 2048 Ideoque
2662 1976 2890 2048 Spiritus
2912 1979 3080 2034 sancti
3101 1977 3232 2033 fulta
3255 1979 3524 2048 prmsidio,

1939 2068 2069 2124 dicit
2113 2068 2165 2122 in
2199 2069 2445 2138 Psalmo,
2496 2067 2618 2123 Non
2663 2068 2842 2124 timebo
2869 2068 2993 2140 quid
3017 2069 3172 2139 faciat
3189 2069 3327 2142 mihi
3347 2085 3465 2123 cara
3499 2089 3518 2122 ι

1939 2158 2111 2232 (Ρδαι.
2132 2160 2309 2232 Lv,5).
2342 2178 2359 2212 ι
2392 2159 2507 2230 ipsa
2539 2159 2723 2216 eadem
2740 2158 2870 2215 dicit
2898 2159 2948 2214 in
2977 2159 3162 2225 Paulo,
3197 2159 3301 2215 Sed
3327 2160 3526 2231 castigo

1938 2272 2124 2324 corpus
2140 2273 2324 2323 meum,
2339 2265 2384 2310 et
2399 2257 2623 2312 servituti
2637 2256 2808 2327 redigo
2821 2276 2839 2308 ι
2851 2254 2895 2327 (1
2914 2255 3031 2310 .Cor.
3049 2272 3122 2321 Ix,
3135 2254 3249 2327 27).
3263 2276 3280 2307 ι
3292 2254 3528 2325 Castigat

1939 2362 2068 2418 ergo
2087 2348 2284 2404 Paulus
2313 2349 2456 2420 quod
2477 2350 2642 2418 ipsius
2668 2358 2770 2416 est,
2803 2365 2907 2404 non
2934 2349 3075 2420 quod
3107 2349 3218 2418 ipse
3240 2357 3342 2404 est.
3365 2348 3523 2403 Aliud

1940 2439 2082 2496 enim
2121 2441 2259 2511 quod
2299 2441 2494 2512 ipsius,
2527 2441 2670 2497 aliud
2704 2441 2845 2513 quod
2885 2441 2998 2511 ipse
3020 2441 3523 2512 cst.Castigatquod

1941 2531 2107 2602 ipsius
2134 2541 2234 2599 est,
2269 2542 2327 2587 ut
2355 2543 2579 2588 mortem
2606 2533 2659 2588 in
2683 2548 2742 2589 se
2774 2534 3002 2590 lascivia:
3026 2533 3322 2603 corporalis
3348 2533 3523 2602 justus

1941 2633 2212 2694 Operetur.
2250 2643 2269 2676 ι
2301 2623 2564 2694 Numquid
2605 2634 2821 2679 sanctus
2845 2625 3158 2680 Ambrosius
3185 2623 3397 2696 quando
3424 2625 3523 2680 ista

1941 2713 2184 2781 dicebat,
2214 2729 2318 2768 non
2346 2730 2465 2768 cum
2493 2715 2632 2770 vitiis
2667 2714 3022 2786 conﬂigebat?
3049 2731 3158 2770 non
3190 2716 3314 2770 vitia
3340 2715 3524 2770 vince-

1941 2805 2070 2863 bat?
2103 2822 2210 2862 non
2234 2808 2524 2863 exercitum
2555 2807 2838 2878 quemdam
2876 2807 3141 2862 variarum
3172 2807 3521 2878 cupiditatum

1942 2897 2079 2952 intra
2110 2906 2283 2953 semet
2311 2898 2519 2968 ipsum,
2554 2907 2802 2968 tanquam
2843 2897 3039 2954 Christi
3078 2899 3232 2953 miles
3277 2899 3524 2968 egregius

1940 2988 2273 3045 debellabat?
2294 3006 2399 3045 non
2420 3004 2616 3060 corpus
2627 2992 2898 3061 proprium
2914 2991 3197 3061 castigabat
3212 2991 3234 3046 ?
3249 2989 3515 3062 Numquid

1941 3099 2047 3138 non
2076 3083 2338 3152 superatis
2366 3093 2420 3139 et
2457 3084 2776 3154 oppugnatis
2811 3082 3010 3142 diaboli
3050 3082 3303 3152 operibus
3327 3123 3341 3148 ,
3388 3097 3523 3151 opus

1941 3173 2032 3228 Dei
2062 3185 2182 3230 cum
2207 3187 2372 3244 opere
2399 3173 2518 3241 Dei,
2539 3174 2640 3228 boc
2665 3174 2971 3240 est,,auima
3001 3188 3122 3228 cum
3143 3187 3304 3229 carne
3334 3188 3520 3243 pacem

1935 3264 2160 3335 juStitiae
2184 3265 2528 3336 requirebat,
2561 3274 2620 3321 ut
2648 3281 2753 3323 non
2784 3265 2840 3319 in
2866 3265 3179 3320 suavirtute
3208 3263 3484 3320 confidens
3503 3304 3520 3329 ,

1941 3359 2036 3418 sed
2065 3359 2205 3416 sicut
2227 3361 2322 3428 ait,
2357 3377 2376 3411 ι
2415 3359 2646 3430 Spiritus
2670 3359 2839 3416 sancti
2867 3359 2992 3417 fulta
3024 3358 3272 3428 praesidio
3297 3357 3521 3424 diceret,

1942 3450 2066 3514 Non
2095 3450 2274 3508 timebo
2309 3451 2431 3521 quid
2454 3451 2626 3524 faciat
2671 3451 2794 3506 mihi
2821 3465 2940 3507 caro
2959 3449 2988 3503 2
3019 3469 3038 3503 ι
3081 3448 3222 3504 Ecce
3254 3447 3523 3518 quomodo

1941 3553 2130 3598 natura
2161 3542 2391 3600 humana
2413 3556 2579 3610 capax
2600 3540 2995 3610 justiﬁcationis
3021 3538 3320 3594 ostenditur
3349 3556 3362 3594 :
3391 3552 3520 3593 ecce

1940 3632 2210 3704 quomodo
2253 3632 2421 3688 virtus
2477 3632 2531 3687 in
2581 3630 2888 3687 inﬁrmitate
2937 3629 3213 3702 perﬁcitur
3263 3629 3340 3701 (ll
3393 3627 3512 3684 Cor.

1939 3742 2042 3792 xu,
2078 3726 2170 3796 9).

1950 3841 1952 3843 >
2008 3820 2099 3874 25.
2140 3817 2245 3875 Sed
2283 3817 2562 3874 audiamus
2599 3819 2668 3875 de
2710 3818 2813 3874 bac
2855 3833 2914 3875 re
2957 3818 3115 3872 etiam
3146 3816 3522 3874 victoriosissi-

1941 3926 2084 3964 mum
2109 3920 2392 3982 martyrem
2415 3911 2735 3982 Cyprianum
2764 3909 2816 3965 in
2841 3910 3062 3980 epistola
3082 3907 3152 3964 de
3171 3909 3519 3964 llortalitate:

1947 4021 1966 4056 ι
2011 4002 2142 4059 Cum
2168 4004 2390 4058 avaritia
2431 4004 2614 4070 nobis,
2653 4022 2673 4056 ι
2708 4003 2914 4074 inquit,
2951 4021 2970 4055 ‹
3007 4017 3127 4057 cum
3157 4002 3518 4072 impudicitia,

1940 4109 2060 4149 cum
2091 4095 2166 4150 ira
2187 4136 2202 4160 ,
2229 4110 2350 4150 cum
2381 4095 2672 4168 ambitione
2700 4095 3008 4165 congre5sio
3031 4105 3112 4148 est
3134 4111 3148 4160 ;
3173 4109 3294 4148 cum
3320 4107 3520 4150 carna-

1941 4186 2079 4241 libus
2108 4188 2270 4251 vitiis,
2302 4201 2422 4243 cum
2447 4187 2709 4242 illecebris
2729 4187 3074 4242 saecularibus
3089 4185 3299 4242 assidua
3325 4195 3384 4240 et
3407 4202 3522 4240 mo-

1941 4277 2074 4332 lesta
2106 4277 2323 4336 luctatio
2353 4287 2455 4333 est.
2485 4277 2717 4334 Obsessa
2741 4291 2895 4332 meus
2927 4275 3177 4341 hominis,
3206 4274 3520 4344 ctundique

1941 4369 2137 4424 diaboli
2164 4367 2504 4424 infcstatione
2531 4367 2726 4421 vallata
2747 4407 2762 4430 ,
2787 4367 2877 4420 vix
2905 4366 3139 4420 occurrit
3164 4365 3406 4433 singulis,
3431 4362 3518 4418 vix

1941 4461 2160 4516 resistit.
2197 4459 2252 4514 Si
2279 4458 2497 4514 avaritia
2524 4465 2785 4528 prostrata
2815 4465 2931 4522 est,
2961 4455 3201 4525 exsurgit
3228 4454 3393 4509 libido
3429 4469 3442 4503 :
3475 4453 3522 4506 si

1941 4553 2105 4610 libido
2133 4566 2443 4622 compressa
2468 4559 2585 4616 est,
2617 4549 2854 4605 succedit
2896 4547 3120 4602 ambitio
3160 4561 3176 4601 :
3216 4548 3259 4601 si
3302 4544 3523 4600 ambitio

1940 4654 2243 4714 contempta
2273 4652 2375 4710 est,
2405 4644 2479 4699 ira
2507 4650 2806 4714 eanperat,
2837 4641 2986 4696 inﬂat
3012 4641 3029 4673 ⁸
3064 4638 3334 4711 superbia,
3363 4640 3519 4694 vino-

1942 4736 2102 4792 lentia
2119 4738 2314 4792 .iuvitat
2332 4776 2349 4803 ,
2381 4735 2574 4798 invidia
2599 4733 2942 4790 concordiam
2967 4733 3203 4803 rumpit,
3233 4731 3523 4786 amicitiam

1941 4828 2090 4884 zelus
2115 4827 2396 4883 abscindit.
2429 4825 2647 4896 Cogcris
2677 4824 3030 4888 maledicere,
3061 4822 3202 4894 quod
3231 4821 3407 4877 divina
3433 4823 3522 4878 lex
3593 4866 3601 4872 .

1942 4918 2222 4987 prohibet;
2265 4915 2601 4986 compelleris
2642 4915 2862 4985 jururc,
2906 4913 3046 4984 quod
3088 4928 3194 4969 non
3239 4913 3382 4968 licet.
3422 4911 3524 4968 Tot

1941 5011 2343 5081 persecutiones
2385 5010 2596 5064 animus
2625 5008 2859 5079 quotidie
2889 5008 3086 5078 patitur
3107 5047 3126 5075 ,
3159 5014 3237 5061 tot
3265 5006 3519 5076 periculis

1941 5111 2126 5173 pectus
2169 5110 2414 5171 urgetur,
2441 5109 2494 5154 et
2535 5099 2766 5154 delectat
2808 5099 2916 5153 hicn
2942 5098 3079 5154 inter
3099 5095 3522 5166 diaboligladios

1940 5195 2030 5250 diu
2052 5204 2213 5258 stare,
2235 5207 2354 5248 cum
2376 5193 2540 5262 magis
2557 5190 3042 5261 concupiscendum
3057 5191 3127 5245 sit
3138 5200 3192 5246 et
3205 5189 3516 5261 optandum,

1940 5286 2004 5342 ad
2032 5286 2300 5342 Christum
2326 5284 2674 5341 subvenieute
2699 5283 2932 5345 velocius
2961 5292 3132 5339 morte
3151 5296 3458 5354 properare.
3496 5300 3514 5332 ι

1939 5378 2094 5433 Absit
2121 5385 2298 5432 autem
2329 5384 2389 5430 ut
2414 5383 2656 5430 sanctum
2693 5373 3014 5446 Cyprianum
3041 5381 3132 5427 aut
3158 5387 3376 5426 avarum
3406 5370 3519 5424 exi-

1938 5466 2438 5532 stimemusiuisse,
2467 5465 2589 5536 quia
2621 5481 2740 5520 cum
2771 5464 3026 5524 avaritia;
3055 5470 3146 5516 aut
3169 5460 3524 5531 impudicum,

1939 5556 2060 5627 quia
2087 5571 2208 5612 cum
2237 5554 2598 5626 impudicitia;
2630 5563 2720 5608 aut
2766 5553 2857 5607 ira:
2902 5551 3170 5607 subditum
3191 5591 3207 5619 ,
3247 5549 3369 5621 quia
3385 5563 3519 5610 cum

2001 5779 2017 5810 ι
2052 5783 2160 5825 Lov.
2181 5810 2194 5834 ,
2231 5776 2392 5840 instat.
2442 5783 2851 5840 attamen__supra
2870 5777 3108 5840 ,__eor_i_t_ra~
3133 5769 3256 5840 duas
3285 5772 3533 5840 Epist-olu-

1943 5831 2303 5903 l‘elugiauorum
2325 5838 2447 5888 libro
2469 5839 2516 5900 4,
2560 5851 2607 5887 ιι.
2643 5836 2721 5896 ΞΩ,
2738 5831 2846 5885 cum
2862 5833 2970 5885 allis
2991 5831 3142 5895 libris,
3164 5831 3315 5896 inﬂat.
