4038 6470
499 435 594 490 691

496 547 606 612 ira;
633 551 725 601 aut
749 542 1089 597 ambitiosum
1115 581 1130 605 ,
1171 551 1294 608 quia
1324 551 1443 592 cum
1490 533 1818 596 ambitione;
1846 538 1936 583 aut
1961 541 2080 582 car-

496 636 671 691 nalem
693 674 709 700 ,
733 632 857 703 quia
884 645 1005 685 cum
1036 627 1340 684 carnalibus
1367 625 1545 690 vitiis;
1572 632 1664 678 aut
1702 620 1881 677 saeculi
1921 617 2080 687 hujus

495 734 790 781 amatorem
812 763 829 790 ,
859 721 980 792 quia
1002 734 1123 776 cum
1148 716 1413 772 illecebris
1439 712 1818 778 satcularibus;
1847 718 1940 765 aut
1963 708 2082 762 libi-

495 818 762 881 dinosum,
794 815 917 885 quia
939 828 1060 869 cum
1083 810 1338 874 libidine;
1368 816 1460 863 aut
1480 805 1790 877 superbum,
1816 801 1939 872 quia
1959 815 2081 856 cum

494 911 781 984 superbia;
809 919 901 963 aut
924 906 1249 962 vinolentum
1273 943 1290 971 ,
1317 902 1438 974 quia
1478 915 1600 956 cum
1639 895 1964 958 vinolentia;
1990 899 2084 946 aut

494 981 756 1068 invidum,
777 999 900 1071 quia
924 1011 1045 1053 cum
1075 993 1272 1051 invidia
1296 990 1634 1062 conﬂigebat.
1663 986 1776 1042 imo
1798 999 1929 1040 vero
1955 981 2081 1038 ideo

406 1098 429 1160 ’τ
493 1093 633 1151 nihil
659 1107 844 1149 eorum
880 1097 1030 1155 erat,
1058 1087 1181 1159 quia
1209 1084 1295 1141 bis
1334 1083 1490 1139 malis
1532 1079 1764 1136 motibus
1793 1075 1984 1147 partim
2015 1072 2082 1127 de

409 1161 425 1181 δ
497 1184 726 1256 origine,
757 1181 952 1254 partim
980 1178 1048 1235 de
1075 1173 1464 1234 consuetudine
1487 1167 1843 1232 venientibus,
1876 1164 2084 1220 fortiter

496 1272 806 1341 resistebat,
830 1287 938 1327 non
961 1269 1308 1340 acquiescens
1335 1277 1456 1319 esse
1479 1303 1494 1328 ,
1526 1259 1668 1332 quod
1697 1272 1819 1313 eum
1845 1270 1964 1310 esse
1987 1269 2083 1309 co-

497 1364 715 1436 gebant.
742 1363 851 1418 Nec
875 1361 995 1416 ideo
1024 1367 1201 1414 tamen
1231 1357 1284 1410 in
1330 1363 1436 1409 tam
1468 1350 1772 1423 periculoso
1790 1345 2084 1402 laborioso-

499 1435 606 1527 que
629 1453 915 1510 certamine
934 1451 1082 1506 nullo
1103 1448 1210 1503 telo
1232 1445 1521 1502 feriebatur
1539 1439 1755 1505 hostili;
1799 1451 1920 1491 cum
1941 1435 2082 1490 dicat

496 1525 554 1604 in
585 1545 809 1616 cpistola
837 1543 904 1599 de
931 1537 1307 1612 Elecmosynis
1337 1554 1352 1592 :
1388 1553 1407 1586 ι
1442 1532 1520 1590 Ne
1561 1531 1838 1603 quisquam
1869 1527 1946 1582 sic
1983 1525 2084 1580 sibi

498 1637 567 1694 de
588 1652 724 1708 puro
750 1643 910 1704 atque
938 1630 1278 1686 immaculato
1304 1633 1522 1697 pectore
1563 1620 1887 1706 blandiatur,
1918 1624 1978 1671 ut
2006 1616 2086 1670 in-

497 1729 745 1787 nocentia
785 1743 879 1783 sua
920 1725 1124 1790 fretus,
1154 1720 1473 1778 medicinam
1499 1731 1607 1771 non
1649 1719 1799 1784 putet
1823 1708 2083 1766 adhiben-

499 1821 623 1877 dam
649 1835 766 1876 esse
790 1817 1100 1874 vulneribus
1125 1857 1139 1881 ,
1171 1827 1293 1869 cum
1319 1811 1574 1881 scriptum
1602 1807 1705 1871 sit,
1735 1805 1861 1871 Quis
1889 1803 2083 1875 gloria-

500 1913 638 1966 bitur
664 1920 857 1966 castum
884 1924 938 1963 se
981 1906 1161 1962 habere
1201 1904 1325 1959 cor?
1351 1911 1441 1957 aut
1469 1903 1582 1974 quis
1618 1899 1916 1971 gloriabitur
1941 1912 2083 1950 mun.

499 2007 624 2060 dum
651 2020 704 2059 se
731 2019 836 2058 esse
862 2018 895 2055 a
915 1999 1129 2072 peccatis
1163 2016 1181 2050 ο
1206 1995 1388 2069 (Prov.
1415 2010 1506 2061 xx,
1528 1992 1619 2060 9)?
1652 2011 1670 2044 ‹
1691 1991 1760 2046 Et
1790 1989 2005 2054 iterum,
2030 1985 2084 2039 in

497 2093 723 2164 cpistola
753 2106 879 2158 sua,
925 2109 945 2144 ι
977 2089 1178 2160 inquit,
1219 2104 1239 2140 ‹
1271 2085 1505 2141 Joannes
1546 2087 1709 2154 penat
1734 2092 1787 2136 et
1817 2080 1994 2145 dicat,
2024 2076 2085 2134 Si

502 2187 780 2243 dixerimus
806 2183 923 2254 quia
951 2189 1206 2255 peccatum
1237 2195 1337 2233 non
1366 2175 1636 2238 habemus,
1665 2190 1756 2228 nos
1781 2172 1917 2243 ipsas
1945 2169 2084 2223 deci-

502 2279 694 2348 pimus,
708 2285 753 2331 et
773 2275 953 2330 veritas
969 2273 1021 2327 in
1042 2271 1182 2326 nobis
1202 2286 1301 2324 non
1320 2278 1390 2324 est
1409 2268 1434 2340 (
1449 2267 1469 2322 l
1489 2266 1646 2320 Joan.
1668 2281 1705 2331 ι,
1729 2264 1817 2334 8).
1839 2262 1892 2318 Si
1907 2270 2084 2315 autem

502 2383 663 2424 nemo
685 2382 806 2423 esse
825 2366 939 2420 sine
963 2371 1183 2435 peccato
1203 2366 1400 2432 ptest,
1429 2366 1482 2414 et
1507 2357 1746 2428 quisquis
1766 2370 1826 2410 se
1851 2353 2088 2421 inculpa.

502 2471 613 2515 tum
642 2473 764 2516 esse
787 2456 1008 2520 dixerit,
1030 2463 1122 2508 aut
1147 2452 1429 2523 superbus,
1457 2460 1547 2504 aut
1575 2448 1764 2504 stultus
1790 2453 1900 2509 est;
1925 2459 2083 2516 quam

498 2550 825 2616 necessaria,
857 2563 1013 2618 quam
1046 2546 1273 2616 benigna
1300 2551 1382 2598 est
1411 2541 1588 2596 divina
1619 2538 1898 2595 clementia
1921 2577 1935 2601 ,
1969 2549 2086 2604 qua:

500 2659 624 2699 cum
657 2641 790 2697 sciat
831 2655 934 2694 non
982 2637 1173 2694 deesse
1220 2634 1420 2690 sanatis
1459 2631 1700 2702 quaedam
1748 2627 2085 2709 postmodum

501 2733 747 2798 vulnera,
766 2727 1176 2786 deditcurandis
1196 2726 1373 2781 denuo
1397 2721 1755 2791 sanandisque
1779 2718 2087 2774 vulneribus

503 2821 743 2878 remedia
771 2817 1054 2875 salutaria!
1091 2835 1111 2870 ι
1150 2815 1194 2873 Ο
1220 2815 1408 2870 doctor
1433 2812 1836 2884 praeclarissime
1861 2817 1913 2863 et
1937 2806 2087 2864 testis

501 2912 906 2983 gloriosissime,
925 2909 1005 2966 sic
1024 2907 1270 2970 docuisti,
1287 2907 1362 2961 sic
1387 2902 1685 2969 monuisti‘,
1707 2901 1787 2956 sic
1804 2910 1855 2956 te
1871 2899 2090 2953 audien-

503 3003 631 3058 dum
656 3001 1073 3070 imitandumque
1099 2995 1394 3067 prmbuisti.
1423 2993 1610 3049 Merito
1635 2991 1798 3046 ﬁnitis
1828 2989 1945 3044 aliis
1973 3003 2089 3043 om-

503 3093 652 3149 nium
670 3090 1016 3160 cupiditatum
1039 3086 1415 3143 certaminibus
1438 3083 1742 3152 sanatisquc
1758 3079 2083 3144 vulneribus,

504 3198 627 3239 cum
671 3189 907 3237 extrema
937 3188 992 3236 et
1037 3177 1273 3234 omnium
1312 3175 1555 3230 maxima
1584 3175 1708 3227 vita:
1755 3170 1912 3241 hujus
1941 3169 2090 3238 cupi-

503 3275 670 3332 ditate
692 3316 708 3342 ,
739 3289 837 3346 pro
887 3271 1085 3328 Christi
1133 3269 1356 3325 veritate
1409 3265 1692 3339 pugnasti;
1721 3273 1775 3318 et
1813 3262 1928 3334 ejus
1956 3263 2008 3317 in
2037 3269 2089 3316 te

503 3369 689 3439 gratiae
717 3365 964 3437 largitate
990 3362 1186 3418 vicisti.
1219 3363 1417 3418 Secura
1447 3367 1530 3415 cst
1555 3371 1752 3413 corona
1780 3364 1891 3422 tua,
1918 3354 2088 3408 victo-

502 3461 649 3517 riosa
679 3467 762 3516 est
789 3457 1030 3514 doctrina
1055 3465 1141 3511 tua
1167 3497 1180 3521 ,
1209 3454 1262 3510 in
1289 3468 1391 3525 qua
1419 3461 1474 3508 et
1497 3453 1628 3506 istos
1653 3449 1822 3504 vincis
1848 3447 1936 3518 qui
1962 3461 2090 3501 con-

505 3546 681 3604 ﬁdunt
724 3550 776 3603 in
808 3548 1002 3604 virtute
1046 3561 1160 3603 sua.
1196 3545 1297 3616 Ipsi
1338 3543 1482 3599 enim
1531 3542 1798 3605 clamant,
1828 3535 2091 3592 Perfectio

501 3637 659 3692 nobis
681 3637 886 3692 virtutis
914 3651 943 3690 a
975 3637 1126 3691 nobis
1167 3642 1252 3691 est
1281 3651 1295 3686 :
1326 3641 1380 3688 tu
1407 3641 1583 3686 autem
1615 3629 1893 3692 reclamas,
1926 3645 1945 3679 ‹
1982 3627 2090 3684 Ne-

503 3743 596 3783 mo
625 3728 736 3782 suis
758 3728 958 3782 viribus
986 3726 1140 3780 fortis
1167 3733 1284 3790 est,
1311 3723 1406 3779 sed
1439 3723 1534 3778 Dei
1562 3719 1888 3791 indulgentia
1914 3728 1966 3774 et
1994 3719 2093 3772 ini-

505 3817 798 3874 sericordia
830 3827 973 3873 tutus
999 3825 1103 3873 est.
1143 3834 1164 3870 s

577 3908 668 3964 26.
709 3907 847 3964 Audi
875 3916 929 3963 et
957 3907 1320 3964 beatissimum
1351 3903 1608 3959 Hilarium
1629 3943 1643 3966 ,
1679 3901 1767 3956 ubi
1794 3911 1972 3970 speret
1998 3899 2094 3953 ho-

506 3999 670 4056 minis
714 3997 1112 4067 perfectionem.
1160 3997 1292 4050 Cum
1333 3994 1474 4049 enim
1515 3993 1821 4062 loqueretur
1857 3991 1922 4045 de
1963 4003 2093 4059 pace

507 4089 812 4160 evangelica
841 4089 865 4161 (
879 4087 944 4142 In
986 4087 1130 4142 Psal.
1161 4103 1341 4152 cxvnt,
1371 4086 1436 4138 ad
1470 4101 1601 4139 vers.
1638 4085 1710 4139 18
1740 4093 1784 4136 et
1812 4082 1969 4151 “5),
2001 4081 2093 4136 ubi

506 4182 788 4248 Dominus,
819 4180 914 4248 ait,
946 4178 1130 4233 Pacem
1160 4193 1321 4232 meam
1349 4177 1414 4231 do
1438 4175 1574 4230 vobis
1602 4174 1782 4247 (Joan.
1812 4188 1924 4240 xw,
1951 4172 2043 4241 Ἦ)
2077 4189 2090 4225 :

514 4289 536 4324 ι
569 4270 700 4340 Quia
728 4271 832 4334 lex,
867 4289 889 4323 ι
919 4270 1106 4340 inquit,
1131 4267 1319 4323 umbra
1349 4275 1464 4322 erat
1484 4264 1781 4320 futurorum
1805 4264 2086 4328 bonorum,

507 4365 710 4421 idcirco
736 4380 830 4436 per
856 4365 991 4419 hanc
1017 4362 1403 4434 praefiguratam
1432 4356 1835 4430 significantiam
1861 4358 1883 4389 ⁸
1913 4355 2093 4410 docuit

509 4471 611 4512 nos
641 4456 692 4510 in
725 4456 825 4510 boc
863 4453 1062 4511 terreni
1110 4462 1164 4508 et
1205 4450 1470 4507 morticini
1512 4449 1756 4518 corporis
1796 4445 2094 4502 habitaculo

510 4546 741 4604 mundos
767 4561 889 4602 esse
914 4561 1018 4600 non
1046 4560 1234 4614 posse,
1262 4543 1362 4598 nisi
1389 4558 1485 4612 per
1509 4541 1833 4597 ablutionem
1861 4539 2098 4594 cmlcstis

511 4636 892 4693 misericordiae
919 4635 1352 4692 cmundationem
1392 4646 1803 4702 consequamur,
1835 4638 1955 4698 post
1995 4628 2094 4683 de-

509 4729 860 4784 mutationem
911 4724 1322 4783 resurrectionis
1379 4724 1575 4780 terreni
1631 4721 1872 4790 corporis
1928 4721 2094 4774 nostri

511 4817 701 4874 eli'ecta
742 4817 1056 4891 gloriosiore
1102 4824 1311 4870 natura.
1351 4833 1371 4868 ι
1406 4813 1612 4868 Rursus
1657 4813 1709 4866 in
1750 4810 1940 4866 eodem
1983 4823 2098 4865 ser-

515 4924 724 4966 mone:
782 4929 801 4964 s
838 4909 998 4980 Ipsis,
1059 4928 1078 4962 ι
1132 4909 1334 4979 inquit,
1383 4926 1404 4960 ι
1441 4905 1709 4977 Apostolis
1751 4903 1914 4960 verbo
1976 4903 2100 4958 licet

511 5001 620 5076 jam
666 5001 788 5058 ﬁdei
835 5000 1132 5058 emundatis
1175 5011 1333 5072 atque
1377 4997 1718 5054 sanctificatis
1761 5011 1864 5050 non
1912 4996 2099 5050 deesse

519 5107 701 5152 tamen
744 5095 999 5150 malitiam
1025 5137 1039 5159 ,
1070 5110 1166 5164 per
1205 5093 1564 5150 conditionem
1608 5090 1905 5146 communis
1946 5088 2100 5143 nobis

517 5186 742 5258 originis
763 5227 777 5251 ,
805 5185 985 5242 docuit
1009 5184 1191 5241 dicens
1211 5227 1224 5250 ,
1259 5185 1320 5241 Si
1348 5201 1434 5239 vos
1479 5200 1592 5238 cum
1628 5185 1737 5236 sitis
1763 5182 1884 5237 mali
1903 5222 1916 5246 ,
1946 5179 2101 5233 nostis

517 5280 648 5333 bona
673 5279 792 5333 data
820 5279 942 5332 dare
968 5278 1090 5349 [iliis
1128 5279 1298 5333 vestris
1334 5295 1353 5329 ι
1394 5275 1412 5350 (
1435 5277 1616 5330 Matth.
1645 5291 1751 5340 vn,
1787 5276 1846 5328 Η
1867 5273 1909 5343 ).
1941 5270 2102 5326 Vides

514 5368 970 5439 quemadmodum
992 5367 1310 5424 venerabilis
1336 5367 1628 5421 catholicus
1653 5365 1973 5434 disputator,
1998 5377 2100 5416 nec

514 5459 570 5516 in
614 5460 716 5516 hac
743 5461 848 5517 vita
891 5459 1291 5516 mundationem
1323 5468 1559 5514 nostram
1600 5464 1789 5528 neget;
1828 5464 1884 5511 et
1922 5464 2099 5510 tamen

583 5617 600 5687 ξ
633 5624 814 5687 anes
834 5628 986 5679 prope
1008 5613 1315 5687 manuscripti
1339 5612 1462 5687 loco,
1477 5607 1736 5687 matutini,
1764 5609 1948 5687 habent

701 5669 1364 5748 utrumqtie_ediderunt'Am.
1403 5669 1456 5724 et
1476 5681 1548 5722 Er.
1586 5673 1678 5722 hoc
1699 5671 1856 5731 modo,
1879 5669 1948 5721 sic
1983 5669 2104 5721 emi-

513 5738 663 5791 nuisli
681 5738 755 5791 vel
774 5737 1011 5789 monuisti.

518 5803 711 5915 "Just.
756 5807 810 5855 et
851 5807 981 5865 Lov.,
1007 5795 1416 5864 signiﬁcationem.
1454 5805 1551 5848 Am.
1580 5802 1631 5848 et
1655 5803 1786 5859 Mss,
1826 5791 2106 5858 signiﬁcan-

1273 421 1542 480 CONTRA
1583 416 1918 476 JULIANUM
1959 412 2088 471 PEL
2106 365 2421 482 \GIANUM,
2463 413 2521 468 S.
2566 409 2936 470 AUGUSTINI

3673 411 3790 471 ως

2189 547 2478 603 humanam
2508 546 2881 617 perfectiorem
2924 545 2941 578 ³
2973 553 3188 617 speret,
3229 543 3281 600 id
3327 552 3410 601 est
3435 544 3785 616 perfectioris

2186 637 2544 694 mundationis
2563 678 2581 705 ,
2613 637 2664 691 in
2695 638 2877 692 ultima
2905 637 3298 692 resurrectione.
3321 646 3587 691 naturam.

2254 727 2346 786 27.
2389 726 2445 782 In
2467 727 2694 797 quadam
2716 742 2845 781 vero
2869 725 3081 780 bomilia
3107 726 3174 780 de
3203 725 3337 780 libro
3366 726 3535 780 sancti
3558 725 3660 781 Job
3688 722 3784 796 (a)

2187 817 2406 874 attende
2431 817 2558 888 quid
2585 818 2748 883 dicat,
2775 816 3222 888 quemadmodum
3251 817 3418 886 ipsius
3443 816 3642 873 diaboli
3671 818 3782 873 ad-

2187 923 2375 964 versus
2403 923 2500 964 nos
2541 907 2848 964 indesinens
2892 907 3090 962 bellum
3138 923 3203 962 ex
3245 906 3351 962 hoc
3393 907 3508 961 fieri
3546 917 3786 976 asserat,

2187 1014 2308 1056 cum
2338 1014 2400 1056 ea
2428 999 2568 1054 mala
2596 1014 2715 1070 qua:
2739 999 2794 1054 in
2824 998 2980 1068 nobis
3015 1005 3160 1063 sunt,
3187 996 3384 1053 excitat
3414 1007 3604 1052 contra
3635 1013 3738 1054 nos
3759 1014 3790 1065 ;.

2187 1088 2330 1162 quod
2357 1090 2411 1144 in
2438 1100 2676 1144 nostram
2708 1089 2822 1145 ﬁeri
2853 1089 3133 1144 utilitatem
3161 1087 3272 1143 vult
3298 1087 3496 1144 docere
3515 1131 3528 1152 ,
3554 1104 3789 1146 conver-

2189 1188 2335 1236 tentc
2363 1180 2566 1236 scilicet
2590 1180 2765 1235 divina
2798 1179 3165 1235 misericordia
3194 1179 3450 1234 malitiam
3479 1179 3680 1235 diaboli
3711 1179 3793 1236 ad

2189 1269 2552 1339 purgationem
2565 1277 2851 1324 nostrama
2875 1267 3041 1323 Tanta
3057 1269 3195 1324 enim
3208 1277 3262 1323 et
3279 1268 3784 1334 tam'admirabilis,s

2189 1361 2378 1432 inquit,
2413 1380 2432 1415 ι
2465 1361 2517 1416 in
2547 1376 2644 1416 nos
2669 1359 3054 1416 misericordiae
3084 1360 3180 1416 Dei
3227 1359 3440 1416 bonitas
3463 1369 3569 1427 est,
3601 1370 3658 1415 ut
3684 1373 3793 1430 per

2189 1469 2346 1524 quem
2378 1457 2431 1509 in
2468 1453 2598 1509 Adae
2629 1452 2830 1508 oil‘ensa
2868 1452 3280 1523 generositatem
3309 1453 3498 1523 primm
3528 1461 3583 1508 et
3608 1452 3795 1508 beatas

2190 1547 2336 1602 illius
2373 1547 2660 1602 creationis
2702 1545 2980 1601 amisimus
2999 1586 3014 1612 ,
3045 1559 3143 1615 per
3170 1559 3294 1600 eum
3321 1559 3529 1598 rursum
3559 1543 3612 1598 id
3637 1543 3794 1613 quod

2192 1636 2506 1704 amisimus,
2535 1636 2778 1692 obtinere
2805 1649 3128 1691 mereamur.
3173 1632 3324 1690 Tunc
3350 1633 3497 1688 enim
3535 1632 3792 1688 diabolus

2189 1728 2429 1784 invidens
2467 1729 2734 1795 nocuit‘;
2773 1743 2918 1784 nunc
2955 1736 3134 1786 autem
3178 1741 3299 1783 cum
3336 1740 3530 1782 nocere
3557 1724 3791 1792 nititur,

2189 1820 2434 1875 vincitur.
2461 1819 2640 1874 Movet
2679 1818 2822 1874 enim
2854 1834 2949 1889 per
2976 1817 3339 1873 inﬁrmitatem
3377 1815 3552 1871 carnis
3580 1824 3788 1870 nostrae

2189 1912 2364 1967 omnia
2387 1911 2662 1980 potestatis
2684 1925 2793 1964 sum
2821 1909 2947 1976 tela,
2967 1924 3086 1964 cum
3111 1907 3178 1964 ad
3207 1908 3480 1962 lasciviam
3503 1906 3782 1973 accendit,

2189 2019 2309 2058 cum
2335 2002 2403 2058 ad
2431 2002 2744 2058 ebrietatem
2773 2001 2943 2067 illicit,
2971 2017 3094 2056 cum
3123 2000 3190 2054 ad
3217 1999 3338 2054 odia
3366 1999 3621 2061 stimulat,
3652 2014 3784 2054 cum

2189 2095 2255 2150 ad
2282 2094 2559 2150 avaritiam
2603 2102 2896 2164 provocat,
2938 2107 3058 2146 cum
3083 2089 3152 2145 ad
3178 2088 3353 2145 caedes
3379 2089 3609 2155 instruit,
3643 2103 3774 2144 cum

2189 2185 2260 2242 ad
2275 2181 2560 2241 maledicta
2582 2184 2886 2240 exacerbat.
2912 2183 3015 2239 Sed
3035 2197 3154 2238 cum
3176 2197 3273 2254 per
3292 2181 3591 2238 firmitatem
3611 2179 3788 2234 animi

2190 2275 2381 2331 horum
2413 2275 2651 2331 omnium
2693 2275 3034 2346 subrepentia
3081 2273 3348 2329 incentiva
3377 2272 3742 2341 reprimuntur
3764 2311 3786 2337 ,

2191 2369 2545 2425 emundamur
2581 2384 2614 2425 a
2658 2376 2878 2438 peccato
2919 2383 3017 2440 per
3053 2365 3211 2435 hujus
3245 2364 3481 2420 victorize
3525 2362 3784 2434 gloriam.

2192 2461 2398 2516 Dictum
2417 2461 2558 2517 enim
2579 2461 2650 2515 ita
2669 2469 2750 2515 est
2769 2476 2782 2512 :
2803 2459 2900 2513 Aut
2915 2458 3162 2526 quomodo
3177 2472 3232 2512 se
3250 2453 3531 2511 emundabit
3550 2462 3702 2507 natus
3723 2468 3793 2508 εκ

2191 2553 2400 2609 muliere
2439 2569 2459 2605 ι
2495 2550 2628 2623 (Job
2656 2567 2783 2617 xxv,
2810 2549 2875 2623 4)
2917 2568 2934 2602 ‹
2958 2551 2981 2604 ?
3009 2549 3139 2618 Quia
3171 2562 3276 2602 non
3323 2553 3563 2602 exstante
3587 2543 3787 2608 hoste,

2191 2659 2296 2698 non
2321 2643 2421 2699 erit
2439 2643 2633 2698 bellum
2655 2648 2924 2708 ;cessante
2940 2639 3133 2695 deinde
3144 2638 3308 2703 bello,
3338 2635 3556 2691 victoria
3585 2633 3785 2688 deerit.

2190 2734 2571 2792 Collidentium
2613 2743 2792 2790 autem
2833 2731 3088 2787 adversus
3130 2744 3228 2785 nos
3266 2728 3514 2783 vitiorum
3557 2723 3788 2779 victoria

2191 2843 2299 2882 non
2328 2826 2538 2896 adepta,
2573 2840 2680 2878 non
2717 2823 2820 2878 erit
2857 2821 3167 2878 emundatio
3197 2819 3300 2875 ulla
3329 2819 3578 2874 vitiorum
3609 2833 3623 2869 :
3653 2816 3788 2887 quia

2193 2919 2278 2973 bis
2307 2917 2512 2972 insidiis
2538 2915 2780 2986 corporis
2800 2913 2969 2969 nostri
2997 2912 3165 2982 pirata
3193 2909 3354 2975 victo,
3379 2907 3788 2962 colluctantium

2201 3010 2463 3065 adversus
2501 3023 2599 3063 nos
2642 3005 2948 3077 passionum
2992 3001 3385 3059 concertatione
3425 3014 3715 3070 purgamur
3740 2997 3787 3051 ³.

2192 3103 2456 3158 Memores
2497 3099 2679 3170 igitur,
2715 3116 2734 3150 ›
2770 3096 2978 3166 inquit,
3011 3113 3031 3147 ι
3065 3103 3118 3150 et
3144 3091 3375 3157 conscii,
3402 3090 3487 3144 illa
3517 3090 3630 3159 ipsa
3656 3103 3785 3144 cor-

2193 3207 2323 3264 pora
2370 3200 2549 3245 nostra
2595 3189 2835 3244 omnium
2873 3187 3122 3242 vitiorum
3171 3198 3292 3240 esse
3333 3182 3651 3246 materiem,
3684 3195 3791 3250 per

2195 3302 2354 3358 quam
2383 3283 2404 3316 "
2435 3284 2619 3354 polluti
2649 3292 2701 3338 et
2726 3280 2925 3336 sordidi
2948 3279 3077 3333 nihil
3099 3279 3150 3333 in
3171 3277 3324 3332 nobis
3347 3274 3620 3341 mundum,
3646 3273 3785 3328 nihil

2195 3378 2452 3432 innocens
2480 3375 2785 3430 obtinemus
2806 3413 2820 3437 ,
2853 3371 3176 3449 gaudeamus
3205 3367 3360 3424 nobis
3390 3382 3508 3421 esse
3535 3367 3744 3419 hostem
3767 3407 3788 3432 ,

2195 3471 2249 3527 in
2277 3471 2430 3542 cujus
2454 3467 2852 3525 concertatione
2881 3463 3110 3536 quodam
3141 3462 3556 3520 concertationis
3585 3468 3794 3516 nostra:

2195 3561 2336 3618 bello
2362 3561 2697 3615 dimicemus.
2737 3576 2757 3610 ›

2265 3651 2355 3707 28.
2383 3649 2439 3705 ln
2465 3649 2802 3720 Expositione
2827 3655 3001 3702 autem
3028 3643 3185 3716 primi
3206 3642 3402 3699 Psalmi
3422 3641 3562 3697 idem
3589 3641 3793 3696 doctor

2197 3758 2302 3798 non
2336 3742 2544 3798 dubitat
2572 3740 2751 3794 dicere
2778 3781 2792 3805 ,
2831 3748 3077 3793 naturam
3124 3746 3383 3801 nostram,
3415 3735 3596 3805 utique
3627 3735 3792 3788 istam

2196 3847 2316 3903 quae
2344 3831 2411 3886 de
2441 3830 2629 3885 morbo
2656 3829 2900 3884 morbum
2928 3828 3088 3883 trahit
3111 3870 3126 3894 ,
3157 3826 3223 3882 ad
3253 3826 3579 3897 peccandum
3611 3824 3786 3890 ferri,

2197 3938 2262 3978 ac
2285 3924 2361 3978 sic
2390 3937 2456 3976 ne
2484 3934 2787 3992 peccemus,
2815 3919 3072 3974 adversus
3095 3933 3214 3974 eam
3239 3933 3338 3974 nos
3363 3917 3591 3988 quodam
3623 3915 3797 3972 modo

2200 4014 2322 4070 ﬁdei
2349 4014 2603 4085 religione
2631 4027 2887 4083 pugnare.
2938 4010 3122 4065 Plures
3148 4013 3280 4066 enim
3304 4021 3440 4079 sunt,
3477 4011 3669 4080 inquit,
3697 4011 3796 4080 qui

2199 4123 2313 4159 cum
2363 4123 2452 4176 per
2501 4104 2864 4174 confessionem
2910 4102 3006 4156 Dei
3044 4103 3104 4155 ab
3132 4103 3385 4173 impietate
3412 4102 3612 4156 discreti
3638 4102 3740 4155 siut
3771 4143 3794 4168 ,

2199 4215 2299 4252 non
2329 4208 2491 4251 tamen
2521 4214 2552 4249 a
2579 4207 2784 4267 peccato
2824 4213 2913 4267 per
2937 4195 2990 4249 id
3021 4195 3163 4250 liberi
3191 4204 3335 4259 sunt,
3366 4193 3607 4248 Ecclesia:
3635 4193 3798 4247 disci-

2202 4289 2391 4358 plinam
2421 4305 2521 4342 non
2553 4297 2790 4354 tenentes,
2816 4297 2870 4340 ut
2897 4287 3057 4352 avari,
3086 4286 3281 4350 ebriosi,
3313 4286 3627 4350 tumultuosi,
3662 4303 3794 4356 pro-

2201 4398 2360 4444 caces,
2393 4379 2612 4450 superbi,
2645 4379 2960 4432 simulatores
2981 4378 3026 4443 ⁵,
3058 4376 3338 4442 mendaces,
3369 4393 3597 4446 rapaces.
3622 4375 3690 4430 Et
3721 4377 3802 4431 ad

2201 4474 2308 4526 lucc
2336 4470 2537 4539 quidem
2579 4486 2670 4524 nos
2699 4470 2817 4522 vitia
2856 4478 3070 4532 naturae,
3105 4467 3290 4537 inquit,
3321 4477 3505 4522 nostra:
3549 4470 3802 4538 prapellis

2201 4565 2469 4618 instinctus
2503 4561 2637 4616 :sed
2677 4561 2800 4615 utile
2840 4569 2911 4614 est
2959 4576 3050 4614 nos
3094 4576 3126 4613 a
3150 4559 3230 4613 via
3275 4559 3344 4613 ad
3384 4575 3536 4629 quam
3573 4559 3799 4628 ferimur

2201 4653 2485 4720 abscedere,
2517 4670 2674 4724 neque
2703 4653 2972 4707 consistere
3005 4652 3112 4707 illic
3155 4651 3377 4707 adhibito
3418 4651 3691 4706 decedendi
3727 4668 3804 4707 ex

2202 4763 2262 4801 ea
2290 4763 2390 4800 non
2418 4762 2614 4800 moroso
2644 4762 2872 4800 recursu.
2905 4744 2968 4798 Et
2994 4744 3214 4810 idcirco,
3248 4762 3266 4796 ι
3300 4743 3487 4798 Beatus
3511 4753 3582 4797 est
3603 4743 3679 4797 vir
3701 4745 3804 4814 qui

2201 4839 2256 4892 in
2285 4839 2363 4892 via
2389 4847 2706 4908 peccatorum
2738 4853 2838 4891 non
2868 4836 2997 4890 stetit
3027 4851 3046 4890 :
3083 4853 3102 4887 ›
3131 4844 3313 4888 natura
3341 4834 3542 4905 quidem
3568 4833 3620 4887 in
3653 4836 3806 4889 viam

2204 4932 2334 4985 hanc
2371 4933 2577 5002 ferente,
2619 4931 2706 4984 sed
2743 4947 2806 4985 ea:
2844 4937 2924 4985 via
2969 4931 3063 4984 hac
3102 4931 3222 5000 ﬁdei
3262 4930 3503 5000 religione
3549 4929 3808 4998 referente

2206 5021 2295 5097 (In
2337 5040 2464 5078 vers.
2498 5023 2572 5095 1).
2601 5021 2994 5093 Numquidnam
3037 5022 3194 5076 istum
3237 5020 3539 5090 putabimus
3567 5035 3808 5076 accusa-

2205 5127 2375 5173 torem
2407 5116 2568 5172 fuisse
2595 5125 2796 5171 natura:
2818 5158 2833 5183 ,
2861 5130 3020 5186 quam
3063 5114 3298 5170 condidit
3327 5115 3506 5171 Deus?
3547 5113 3660 5168 Non
3691 5115 3816 5170 uti-

2205 5225 2310 5279 que
2340 5227 2352 5263 :
2381 5226 2486 5263 non
2516 5210 2656 5263 enim
2689 5207 2961 5263 dubitabat
2985 5207 3145 5262 homo
3165 5207 3480 5272 catholicus,
3505 5206 3810 5262 humanam

2208 5300 2305 5356 Dei
2343 5315 2474 5370 opus
2514 5314 2634 5354 esse
2668 5308 2942 5363 naturam;
2975 5297 3069 5353 sed
3095 5297 3337 5368 profecto
3365 5299 3489 5351 vitia
3519 5282 3638 5353 cum
3663 5300 3807 5368 qui-

2273 5416 2292 5482 ξ
2325 5417 2398 5482 sic
2419 5423 2516 5482 (tm.
2544 5419 2805 5482 et_Mss._At
2825 5419 2900 5482 Er.
2924 5409 3512 5482 et_Lov.,.perfectionem.

2272 5476 2294 5509 ³
2326 5475 2635 5525 Floriacensis
2655 5474 2828 5535 codex,
2864 5473 3079 5523 invidens
3101 5473 3230 5523 vicit.

2236 5599 2247 5610 ο
2276 5537 2298 5571 ³
2329 5546 2449 5587 'n-es
2472 5550 2535 5586 ex
2559 5538 2776 5600 quinque
2815 5532 3048 5586 Vaticanis
3084 5544 3210 5596 uss,
3249 5532 3522 5598 passionum
3556 5533 3825 5587 exercita-

2210 5605 2349 5672 tione
2357 5611 2625 5672 purgamur
2626 5633 2638 5645 .

2273 5660 2296 5692 ⁸
2328 5656 2400 5723 sic
2423 5656 2629 5709 v'aticani
2666 5668 2870 5723 quatuor
2905 5659 3217 5723 manuscripti
3238 5671 3346 5708 cum
3380 5656 3685 5715 Floriacensi,
3710 5658 3824 5710 sed

2212 5722 2425 5784 secunda
2448 5734 2591 5771 manu
2612 5722 2849 5772 correcto.
2876 5729 2930 5771 At
2953 5722 3086 5784 editi,
3111 5722 3199 5784 pro
3216 5733 3326 5784 qua.
3402 5767 3410 5772 _
3615 5777 3626 5784 ,
3827 5763 3840 5774 .

2273 5783 2297 5848 ξ
2329 5784 2460 5846 Apud
2483 5793 2583 5848 Am.
2610 5793 2667 5848 et
2683 5790 2774 5842 En,
2794 5797 2897 5847 pro,
2921 5777 3237 5848 simulator“,
3252 5781 3450 5847 legitur,
3479 5777 3827 5837 mea.

2280 5845 2352 5910 (a)
2368 5845 2494 5898 ’ttmc
2512 5847 2703 5897 bomilia
2720 5845 2816 5896 non
2834 5853 3009 5897 exstat.
