4038 6468
323 319 432 377 1θᾶ

323 432 418 486 bus
462 429 746 484 nascimur
771 427 1070 492 accusavit,
1111 425 1462 496 apostolicum
1506 424 1630 480 illud
1679 435 1903 490 tenens,

323 519 536 573 Fuimus
577 519 713 572 enim
742 528 788 572 et
829 526 1136 572 nos‘natura
1174 515 1270 586 ﬁlii
1305 517 1416 582 ἕνα»,
1459 515 1587 570 sicut
1640 523 1688 569 et
1737 514 1906 569 caeteri

320 610 536 684 (Ephes.
567 625 627 676 ιι,
656 607 734 680 3).
764 607 1142 664 Verumtamen
1189 609 1303 662 hare
1331 606 1514 672 verba,
1542 620 1662 678 qute
1690 605 1759 661 de
1787 619 1904 660 ser-

319 718 477 760 mone
505 703 676 758 sancti
706 701 890 757 Hilarii
935 703 1109 772 posui,
1157 700 1203 756 si
1249 715 1366 756 mea
1395 709 1596 767 essent,
1627 707 1824 771 quanta
1853 698 1906 753 in

315 811 400 850 me
413 794 646 860 diceres,
662 794 1177 864 Maniehaaorumque
1201 809 1393 849 nomen
1416 801 1467 849 et
1481 795 1682 850 crimen
1707 802 1906 865 quanto

316 886 604 941 buccarum
645 885 868 954 strepitu
893 884 1217 940 ventilares?
1244 883 1396 939 Nune
1421 899 1548 954 ergo
1577 899 1644 940 ne
1673 883 1745 938 tui
1790 893 1906 940 sto-

313 977 489 1032 machi
524 977 663 1031 follis
690 977 948 1046 indigesta
977 975 1376 1031 maledictorum
1397 976 1658 1032 cruditate
1685 991 1904 1045 rumpa-

301 1079 421 1137 tur,
452 1069 506 1123 in
535 1067 678 1122 hunc
702 1082 919 1132 evome,
945 1067 989 1121 si
1015 1066 1200 1133 audes,
1227 1067 1586 1122 ealumniosas
1612 1077 1729 1123 tuas
1753 1067 1903 1121 vani-

315 1168 477 1226 tates,
506 1168 563 1215 et
593 1157 827 1214 insanias
857 1159 1162 1213 mendaces.
1193 1158 1274 1212 Ad
1298 1159 1426 1226 hinc,
1457 1159 1645 1228 inquit,
1669 1174 1759 1214 nos
1785 1159 1905 1213 vitia

310 1261 514 1304 natura:
550 1261 736 1304 nostra
783 1249 1016 1321 propellit
1055 1248 1342 1304 instinctus.
1389 1250 1522 1318 Qua:
1570 1250 1668 1304 ista
1718 1257 1904 1302 natura

308 1339 429 1396 est?
450 1339 719 1410 Numquid
748 1354 880 1409 gens
909 1339 1247 1394 tenebrarum
1264 1380 1279 1405 ,
1305 1353 1468 1410 quam
1490 1337 1902 1392 Manichteorum

310 1432 488 1487 fabula
539 1432 775 1488 inducit?
823 1433 996 1488 Absit.
1045 1431 1350 1507 Catholieus
1393 1431 1646 1502 loquitur,
1683 1430 1905 1501 insignis

313 1524 680 1580 Ecclesiarunt
703 1523 892 1580 doctor
915 1523 1171 1593 loquitur,
1192 1523 1421 1577 llilarius
1445 1523 1695 1593 loquitur.
1715 1521 1901 1576 Nostra

313 1631 441 1686 ergo
477 1625 664 1670 natura
699 1625 782 1671 est
809 1616 962 1685 primi
991 1613 1221 1669 hominis
1242 1612 1678 1684 prmvaricatione
1700 1613 1902 1679 vitiata,

311 1721 420 1761 non
447 1705 517 1761 ab
542 1704 647 1760 alia
683 1715 882 1760 natura
904 1705 1006 1759 ulla
1032 1704 1296 1762 divisione
1325 1703 1639 1776 separanda,
1667 1703 1764 1760 sed
1790 1703 1904 1775 ipsa

310 1796 552 1852 canenda
577 1814 592 1851 :
621 1797 707 1852 cui
735 1795 1005 1852 diabolum
1032 1813 1063 1852 a
1101 1797 1254 1852 nobis
1279 1797 1532 1852 constitui
1560 1795 1904 1850 calumniaris

310 1896 585 1941 auctorem
609 1928 624 1953 ,
668 1885 794 1941 dum
827 1898 881 1944 tu
912 1887 959 1942 ei
988 1885 1260 1942 Christum
1305 1886 1510 1973 invides
1537 1887 1854 1942 salvatorem
1885 1926 1901 1952 ,

312 1985 368 2032 et
393 1976 514 2047 ejus
544 1976 631 2032 hic
650 1977 835 2042 vitam,
868 1977 939 2032 ita
969 1986 1028 2032 ut
1056 1979 1172 2033 sine
1197 1977 1302 2032 ullo
1327 1977 1398 2033 sit
1417 1975 1637 2032 omnino
1659 1985 1902 2046 peccato,

311 2069 602 2139 perlectam
628 2068 750 2124 duci
781 2084 939 2140 posse
961 2068 1263 2124 contendis.

380 2159 476 2217 29.
501 2159 609 2217 Sed
647 2161 771 2216 audi
804 2162 931 2232 quid
963 2162 1123 2216 etiam
1151 2160 1277 2216 hinc
1307 2169 1358 2216 te
1387 2160 1674 2216 admoneat
1711 2159 1903 2214 beatus

313 2250 569 2306 Hilarius.
600 2249 732 2306 Cum
762 2253 904 2306 enim
937 2259 1237 2323 exponeret
1277 2250 1546 2307 Psalmum
1569 2253 1902 2323 quinquage-

314 2345 508 2397 simum
542 2343 769 2412 primum
801 2342 1015 2416 (Versus
1043 2344 1196 2414 ﬁnem
1220 2343 1281 2416 ):
1312 2343 1462 2413 Spes,
1494 2345 1692 2414 inquit,
1721 2344 1773 2397 in
1793 2344 1892 2398 mi-

313 2435 590 2488 sericordia
627 2433 722 2488 Dei
758 2436 810 2489 in
849 2435 1091 2490 sarculum
1133 2447 1178 2492 et
1221 2439 1275 2492 in
1317 2437 1559 2492 sarculum
1601 2435 1776 2490 sa’cult'
1808 2443 1900 2489 est.

317 2525 440 2582 Non
467 2527 602 2582 enim
628 2529 738 2600 ipsa
763 2528 854 2582 illa
879 2530 1088 2595 iustitia:
1120 2547 1274 2602 apere
1310 2531 1553 2602 suﬂ'icient
1577 2533 1644 2583 ad
1669 2533 1905 2602 perfecta:

317 2620 638 2675 beatitudinis
665 2621 917 2688 meritum,
946 2621 1045 2675 nisi
1065 2622 1409 2676 misericordia
1438 2621 1534 2676 Dei
1557 2621 1709 2676 etiam
1734 2627 1785 2674 in
1809 2621 1906 2674 hac

309 2712 524 2782 iustitiae
547 2710 803 2765 voluntate
822 2711 1158 2766 humanarum
1188 2713 1584 2767 demutationum
1609 2724 1654 2768 et
1680 2723 1904 2767 motuum

314 2818 414 2856 non
437 2810 635 2871 reputet
658 2800 941 2856 oitia.Hinc
963 2802 1090 2857 illud
1117 2802 1375 2874 prophetia
1397 2803 1590 2858 dictum
1609 2815 1680 2858 est
1703 2820 1723 2858 :
1753 2823 1771 2856 ‹
1787 2803 1898 2858 Με-

317 2895 414 2948 lior
462 2894 810 2948 misericordia
866 2903 953 2948 tua
997 2911 1149 2965 super
1191 2895 1317 2950 vitas
1341 2896 1358 2928 ί
1394 2913 1413 2948 ι
1452 2895 1624 2966 (Psal.
1657 2913 1785 2965 LX'I,
1820 2897 1900 2969 4).

316 2987 552 3042 Videsne
581 2987 852 3042 hominem
886 2987 978 3042 Dei
1003 3003 1073 3042 ex
1093 2987 1185 3042 illo
1210 3004 1435 3045 numero
1459 3003 1578 3044 esse
1605 2990 1899 3056 beatorum,

317 3081 383 3136 de
407 3081 604 3152 quibus
634 3081 943 3151 prmdietum
975 3089 1079 3147 est,
1109 3080 1294 3138 Beatus
1321 3085 1394 3136 vir
1419 3083 1501 3136 cui
1525 3100 1623 3138 non
1645 3085 1905 3153 imputavit

317 3172 570 3228 Dominus
611 3183 892 3244 peccatum,
927 3191 1083 3243 neque
1110 3185 1183 3228 est
1217 3175 1271 3229 in
1299 3193 1386 3230 ore
1414 3177 1522 3246 ejus
1549 3177 1694 3230 dolus
1726 3175 1901 3250 (Psal.

317 3281 466 3331 aut,
507 3264 609 3336 2)?
636 3265 939 3322 Confitetur
964 3267 1106 3321 enim
1134 3268 1292 3321 etiam
1339 3278 1552 3338 peccata
1597 3269 1862 3338 justorum
1889 3311 1902 3335 ,

318 3357 489 3428 magis
517 3371 613 3412 eos
640 3371 886 3412 asserens
915 3358 967 3412 in
995 3357 1088 3412 Dei
1119 3358 1486 3414 misericordia
1511 3375 1660 3430 spent
1685 3377 1902 3430 ponere,

319 3465 478 3520 quam
507 3449 578 3505 de
611 3449 815 3520 justitia
856 3465 950 3505 sua
982 3450 1146 3506 ﬁdere
1175 3469 1189 3506 :
1219 3461 1276 3507 et
1311 3451 1432 3508 ideo
1473 3469 1582 3508 non
1622 3461 1705 3508 est
1733 3453 1785 3508 in
1811 3469 1906 3510 ore

320 3542 436 3611 ejus
464 3541 652 3609 dolus,
685 3542 793 3597 imo
821 3541 874 3598 in
902 3557 996 3598 ore
1023 3543 1235 3598 illorum
1265 3544 1528 3609 omnium,
1570 3545 1762 3615 quibus
1803 3544 1906 3600 hu-

316 3633 404 3704 jus
428 3633 638 3688 veracis
680 3631 994 3689 humilitatis
1028 3635 1111 3690 vel
1160 3634 1375 3690 humilis
1402 3637 1642 3691 veritatis
1663 3635 1908 3710 perhibet

320 3727 709 3782 testimonium.
753 3725 854 3794 Qui
895 3727 1050 3782 dolus
1077 3727 1310 3782 abundat
1352 3728 1404 3783 in
1449 3743 1544 3784 ore
1575 3738 1770 3784 vestro.
1807 3729 1904 3787 Ubi

320 3817 465 3874 enim
491 3818 662 3872 virtus
688 3832 796 3872 non
825 3825 927 3884 est,
953 3826 1008 3872 et
1034 3826 1174 3873 tanta
1199 3818 1453 3889 jactantia
1483 3829 1584 3886 est,
1610 3821 1906 3892 hypocrisis

320 3921 431 3965 est:
453 3919 510 3966 et
533 3910 621 3966 ubi
644 3910 961 3983 hypocrisis,
991 3911 1172 3982 utique
1193 3911 1369 3969 dolus.
1392 3912 1621 3969 Prorsus
1646 3921 1902 3986 quantum

319 4001 493 4056 sancti
537 4000 606 4056 de
655 4001 1020 4056 misericordia
1052 4002 1144 4056 Dei
1175 4018 1292 4073 quae
1323 4019 1512 4075 magna
1556 4015 1658 4071 est,
1700 4013 1904 4059 tantum

319 4105 416 4145 vos
452 4090 522 4145 de
562 4100 734 4145 vestra
769 4106 888 4160 qua:
918 4091 1057 4146 nulla
1084 4100 1168 4147 est
1193 4093 1387 4148 virtute
1433 4094 1758 4162 prtesumitis
1797 4112 1811 4150 :
1852 4103 1907 4150 et

320 4190 578 4251 quantum
607 4181 704 4252 ipsi
732 4180 989 4237 adversus
1015 4183 1317 4253 ingenerata
1343 4185 1466 4239 vitia
1489 4184 1683 4240 bellum
1713 4195 1907 4256 gerunt

321 4271 486 4341 adjuti
538 4287 637 4343 per
681 4271 774 4327 Dei
811 4273 1056 4343 gratiam,
1106 4281 1308 4328 tantum
1357 4290 1452 4330 vos
1492 4275 1686 4332 bellum
1721 4276 1906 4348 geritis

320 4365 579 4419 adversus
610 4363 777 4435 ipsam
821 4365 916 4421 Dei
954 4366 1201 4436 gratiam.
1232 4365 1338 4422 Sed
1381 4368 1579 4422 utinam
1621 4368 1759 4426 sicut
1811 4386 1906 4426 vos

321 4456 486 4512 vineit
531 4456 586 4511 in
634 4457 773 4522 suis;
813 4457 884 4512 ita
932 4473 1059 4514 suos
1100 4459 1333 4527 faciens,
1366 4476 1462 4517 vos
1504 4476 1715 4534 quoque
1763 4463 1906 4534 ipsos

320 4547 500 4604 Vincat
527 4547 582 4601 in
609 4547 782 4604 vobis.

395 4638 484 4693 30.
515 4637 660 4694 Itane
688 4639 740 4693 in
770 4637 931 4694 corde
957 4649 1135 4694 vestro
1160 4639 1338 4698 dicere
1360 4643 1592 4707 audetis,
1619 4644 1758 4716 quod
1779 4660 1903 4703 cum

321 4744 418 4782 vos
447 4727 704 4796 audiunt,
723 4728 1085 4784 accenduntur
1111 4730 1355 4788 homines
1380 4734 1446 4789 ad
1477 4735 1746 4802 virtutem,
1775 4753 1900 4794 cum

321 4828 504 4875 autem
533 4819 664 4876 istos
692 4820 914 4874 audiunt
937 4829 1113 4876 tantos
1129 4837 1190 4876 ac
1214 4824 1344 4880 tales
1371 4826 1534 4894 viros,
1558 4827 1904 4899 Cyprianum,

321 4910 606 4977 llilarium,
629 4901 966 4982 Gregorium.
997 4912 1356 4980 Ambrosium,
1380 4927 1710 4990 eretcrosque
1729 4936 1909 4977 sacer-

323 5003 477 5058 dotes
495 5002 728 5067 Domini,
748 5003 1126 5074 desperatione
1158 5004 1488 5077 franguntur,
1517 5026 1584 5066 ae
1601 5015 1908 5071 renuntiant

324 5095 516 5150 studiis
545 5093 919 5164 perfectionis?
961 5097 1206 5155 llzeeeine
1245 5113 1479 5157 monstra
1523 5107 1907 5176 cogitationum

324 5186 622 5242 ascendunt
667 5188 722 5243 in
765 5204 859 5244 cor
900 5199 1156 5257 vestrum,
1190 5199 1244 5247 et
1282 5209 1386 5250 non
1427 5196 1632 5252 elidunt
1677 5199 1905 5257 frontem

323 5280 596 5334 vestram?
632 5280 844 5351 Ergone
870 5299 964 5338 vos
994 5283 1269 5340 honoratis
1297 5297 1510 5345 sanctos
1537 5291 1652 5359 Dei,
1678 5292 1910 5350 Patriar—

323 5371 471 5438 ehas,
497 5372 816 5442 Prophetas,
846 5375 1132 5445 Apostolos
1157 5378 1314 5434 laude
1344 5391 1577 5450 natura),
1608 5393 1661 5440 et
1688 5384 1910 5442 decolo-

323 5470 450 5515 rant
481 5477 577 5518 eos
615 5463 713 5518 ista
744 5465 942 5520 lumina
974 5467 1227 5525 Ecclesiae
1255 5471 1641 5542 vituperatione
1666 5485 1906 5544 naturtn;

326 5549 453 5619 quia
478 5566 572 5608 eos
600 5553 786 5609 dicunt
823 5555 878 5610 in
908 5571 1134 5628 corpore
1162 5563 1348 5620 mortis
1379 5564 1554 5636 hujus,
1583 5575 1640 5622 ut
1667 5576 1911 5626 tenerent

394 5727 425 5759 ἰ
447 5729 518 5778 Sic
539 5737 642 5781 Ms.
678 5739 732 5784 At
757 5733 1076 5797 «lituorum».

1665 312 1864 369 LIBER
1904 312 2282 371 SECUNDUS.

3473 328 3596 387 69¢

2012 425 2272 478 castitatis
2301 426 2521 492 bonum,
2547 427 3036 486 dimicasse-contra
3068 432 3358 504 ingenitum
3395 449 3595 492 conco.

2013 515 2284 582 piscentize
2310 516 2532 584 malum,
2562 532 2655 588 per
2679 519 2767 573 Dei
2789 520 3014 589 gratiam
3038 524 3181 592 prius
3205 523 3599 583 conﬂictatione

2011 606 2354 674 vincendum,
2389 619 2569 678 postea
2617 611 2902 666 novissima
2948 615 3350 683 regeneratione
3393 630 3593 670 sanan-

2011 695 2177 753 dum?
2202 695 2283 753 Tu
2313 699 2562 771 intelligis
2585 698 2825 756 Judwum
2849 718 2955 756 esse
2973 705 3062 771 qui
3077 703 3198 757 dicit
3217 747 3230 768 ,
3263 723 3281 756 ι
3314 703 3432 760 Non
3459 707 3595 762 enim

2009 785 2148 857 quod
2187 788 2300 843 uolo
2329 787 2538 857 bonum,
2577 791 2674 844 hoc
2702 807 2798 862 ago
2821 807 2840 845 :
2869 810 2888 845 ι
2925 803 2975 848 et
3013 791 3113 849 hoc
3159 795 3413 864 prreclaro
3442 796 3597 853 intel-

2012 877 2170 945 lectu,
2205 895 2297 934 nec
2325 882 2712 936 conversationis
2750 882 2921 938 sordes
2957 883 3008 938 in
3038 895 3230 939 natura:
3258 885 3488 958 refundis
3510 887 3596 941 in-

2011 969 2220 1035 uidiam;
2249 987 2338 1026 nec
2374 988 2546 1026 earum
2575 973 2899 1028 obscenitates
2925 974 3282 1046 Apostolorum
3312 988 3359 1033 et
3389 989 3590 1034 sancto-

2011 1076 2126 1113 rum
2165 1062 2390 1116 omnium
2431 1061 2713 1119 consolaris
2747 1065 2989 1138 injuriis:
3013 1074 3067 1121 et
3091 1067 3202 1122 hate
3227 1068 3360 1122 mala
3391 1084 3510 1140 quas
3541 1079 3599 1124 tu

2011 1165 2118 1206 non
2148 1149 2294 1215 facis,
2317 1150 2543 1208 faciebat
2566 1154 2879 1210 Ambrosius
2895 1172 3013 1210 eum
3041 1157 3254 1229 collegis
3281 1159 3390 1214 suis
3408 1159 3595 1218 eadem

2010 1242 2384 1309 sentientibus,
2406 1245 2494 1315 qui
2525 1244 2736 1301 beatum
2765 1248 3075 1318 Apostolum
3097 1248 3165 1304 de
3185 1264 3242 1306 se
3266 1250 3380 1322 ipso
3400 1251 3597 1306 dixisse

2011 1335 2289 1406 intelligit,
2318 1334 2440 1390 Non
2463 1338 2599 1407 quod
2629 1337 2741 1392 volo
2773 1340 2905 1410 facio
2945 1340 3128 1394 bonum
3149 1357 3168 1406 ,°
3193 1343 3283 1397 sed
3315 1342 3452 1412 quod
3479 1345 3597 1397 nolo

2012 1426 2239 1494 malum,
2286 1427 2382 1483 hoc
2409 1445 2542 1500 ago;
2567 1437 2642 1496 et,
2695 1428 2848 1484 Video
2889 1431 3044 1486 aliam
3084 1433 3242 1504 legem
3283 1433 3334 1486 in
3365 1435 3597 1488 membris

2010 1519 2132 1573 meis
2147 1559 2163 1585 ,
2187 1529 2552 1590 repugnantem
2573 1521 2672 1592 legi
2694 1521 2871 1575 utentis
2897 1538 3018 1575 mere
3046 1521 3222 1592 (llam.
3246 1538 3340 1585 vn.
3366 1523 3452 1591 l9,
3472 1524 3590 1594 23);

2009 1620 2063 1666 et
2092 1619 2284 1666 caetera
2315 1609 2656 1681 hujusmodi?
2686 1611 2772 1667 Isti
2802 1627 2930 1683 ergo
2960 1615 3128 1668 sancti
3159 1614 3282 1669 talia
3312 1614 3551 1670 docendo
3575 1656 3590 1681 ,

2008 1700 2313 1769 suﬂ'ediunt,
2349 1703 2488 1757 sicut
2515 1703 2645 1757 mihi
2681 1703 2890 1772 objicis,
2927 1720 3126 1758 murum
3166 1705 3399 1776 pudoris,
3437 1715 3485 1760 et
3512 1722 3597 1759 vos

2008 1794 2071 1848 ob
2114 1795 2433 1866 perfectionis
2462 1795 2868 1866 medicationem
2895 1797 3125 1868 patimini
3167 1797 3407 1851 invidiam
3431 1797 3458 1852 Γ
3493 1797 3598 1852 Sed

2009 1893 2092 1952 te,
2138 1893 2197 1940 ut
2223 1886 2434 1951 scribis,
2469 1885 2745 1956 plurimum
2785 1888 3094 1953 consolaris,
3142 1889 3383 1960 quoniam
3429 1890 3597 1943 laudis

2008 1991 2165 2045 genus
2205 1985 2297 2040 est,
2336 1977 2382 2031 ei
2423 1977 2740 2048 displicuisse
2763 1977 2847 2047 qui
2868 1978 3124 2050 Apostolis
3153 1996 3254 2035 non
3276 1981 3512 2051 pepercit.
3539 1981 3596 2036 Si

2009 2082 2110 2136 ego
2147 2066 2425 2136 Apostolis
2453 2067 2683 2123 dicendo
2714 2068 2837 2122 talia
2877 2085 2980 2123 non
3029 2072 3276 2140 peperci;
3318 2085 3445 2142 ergo
3497 2087 3598 2127 nec

2010 2158 2323 2213 Ambrosius
2363 2159 2601 2230 pepercit
2646 2160 2939 2230 Apostolis,
2993 2177 3092 2218 nec
3143 2163 3444 2234 coepiscopi
3477 2165 3595 2235 ejus

2010 2250 2197 2304 eadem
2241 2255 2554 2307 sentientes.
2584 2251 2638 2307 Si
2670 2262 2848 2308 autem
2881 2253 2953 2308 illi
2997 2264 3062 2309 et
3088 2271 3155 2311 ex
3193 2257 3464 2326 Apostolis
3495 2259 3593 2311 ista

2009 2342 2329 2410 didicerunt,
2359 2353 2415 2400 et
2449 2344 2744 2400 secundum
2791 2347 3075 2415 Apostolos
3121 2349 3218 2402 ista
3245 2349 3541 2405 docuerunt
3575 2393 3589 2415 ,

2009 2433 2138 2505 quid
2179 2449 2266 2490 me
2310 2451 2472 2489 untnn
2517 2437 2766 2506 appetis?
2812 2438 2962 2507 Ipsos
3009 2439 3208 2509 aSpice,
3252 2440 3396 2512 ipsos
3432 2443 3591 2496 etiam

2009 2534 2169 2596 atque
2213 2527 2372 2600 etiam
2418 2527 2662 2597 deposito
2699 2529 2965 2600 paulisper
3015 2540 3225 2586 tuntore
3264 2535 3486 2589 cervicis
3514 2533 3596 2588 in-

2012 2625 2181 2674 tuere.
2211 2617 2358 2674 ltaue
2397 2619 2635 2687 tandem,
2661 2619 2872 2690 juvenis
2900 2621 3373 2691 confidentissime,
3401 2639 3594 2680 conso-

2011 2709 2109 2764 lari
2138 2716 2190 2763 te
2214 2707 2378 2764 debes
2396 2752 2408 2774 ,
2438 2709 2562 2780 quia
2588 2710 2782 2765 talibus
2803 2711 3076 2782 displices,
3103 2728 3169 2767 an
3201 2714 3419 2784 lugere?

2081 2797 2308 2855 CAPUT
2349 2797 2439 2853 IX.
2465 2828 2539 2840 —
2568 2800 2655 2856 51.
2685 2798 2790 2855 Sed
2813 2801 2921 2870 jam
2948 2802 3073 2870 quid
3099 2803 3363 2873 egerimus
3391 2820 3486 2875 per
3519 2814 3598 2860 to-

2010 2898 2124 2945 tum
2151 2889 2310 2944 istum
2333 2890 2546 2956 librum,
2573 2890 2624 2944 in
2652 2905 2917 2947 summam
2943 2893 3080 2947 sicut
3105 2908 3387 2963 possumus
3423 2895 3598 2950 brevi-

2011 2989 2095 3036 ter
2128 2980 2460 3052 colligamus.
2511 2981 2891 3051 Proposuimus
2940 2982 3026 3037 hic
3074 2985 3408 3040 auctoritatis
3450 2985 3592 3040 mole

2012 3081 2341 3135 sanctorum,
2375 3071 2462 3142 qui
2491 3071 2726 3142 episcopi
2765 3083 2890 3127 ante
2927 3087 3058 3142 nos,
3102 3090 3208 3128 non
3256 3075 3432 3130 solum
3481 3091 3597 3133 scrt-

2012 3179 2201 3227 mone,
2233 3178 2354 3218 cum
2383 3164 2470 3218 hic
2498 3164 2756 3229 viverent,
2802 3179 2988 3220 verum
3019 3166 3179 3220 etiam
3211 3167 3448 3237 scriptis,
3474 3184 3592 3238 qua:

2013 3255 2310 3325 posteritati
2359 3255 2761 3326 relinquerent,
2808 3256 2969 3311 fidem
3024 3258 3338 3315 catholicam
3379 3270 3596 3314 strenue

2010 3345 2394 3410 defenderunt;
2435 3355 2610 3401 vestra
2653 3355 2962 3416 argumenta
3013 3347 3368 3418 confringere,
3400 3350 3594 3419 quibus

2011 3435 2187 3492 dicitis
2219 3452 2233 3489 :
2265 3435 2329 3490 Si
2357 3433 2496 3489 Deus
2521 3435 2747 3490 homines
2780 3445 2936 3500 creat,
2968 3453 3067 3491 non
3105 3449 3313 3509 possunt
3341 3455 3453 3492 cum
3491 3441 3593 3494 ali-

2011 3545 2109 3600 quo
2135 3529 2270 3582 malo
2289 3529 2449 3582 nasci.
2482 3527 2546 3584 Si
2565 3529 2756 3600 nuptiae
2777 3528 2964 3583 bonum
2987 3541 3125 3595 sunt,
3157 3531 3287 3586 nihil
3315 3549 3377 3586 ex
3399 3533 3471 3588 eis
3490 3535 3595 3588 ori-

2010 3629 2095 3674 tur
2119 3620 2259 3674 mali.
2283 3618 2346 3676 Si
2367 3620 2424 3674 in
2448 3619 2765 3690 Baptisntatc
2803 3632 3008 3692 peccata
3030 3623 3202 3676 omnia
3227 3625 3548 3679 remittuntur
3576 3669 3590 3690 ,

2011 3729 2112 3766 non
2139 3721 2347 3784 possunt
2374 3712 2481 3766 nati
2509 3711 2573 3767 de
2609 3713 2797 3766 renatis
2823 3713 3020 3767 trahere
3043 3714 3289 3785 originale
3313 3725 3590 3787 peccatum.

2013 3802 2076 3857 Si
2089 3803 2264 3874 justus
2299 3810 2371 3857 est
2407 3801 2578 3870 Deus,
2607 3820 2705 3858 non
2735 3813 2892 3875 potest
2940 3805 2992 3858 in
3033 3806 3154 3875 ﬁliis
3197 3817 3459 3877 parentum
3493 3809 3594 3860 da-

2012 3913 2189 3951 mnare
2212 3906 2438 3968 peccata,
2461 3912 2575 3951 cum
2597 3897 2720 3968 ipsis
2734 3897 3021 3968 parentibus
3042 3899 3261 3953 dimittat
3291 3910 3335 3953 et
3361 3903 3590 3971 propria.

2013 3988 2072 4044 Si
2101 3992 2336 4061 perfecta:
2360 3989 2578 4062 justitite
2610 4007 2776 4061 capax
2811 4000 2884 4045 est
2918 3991 3140 4058 humana
3167 4002 3382 4058 natura,
3414 3993 3595 4048 habere

2011 4097 2112 4135 non
2155 4091 2315 4152 potest
2365 4083 2484 4135 uitia
2523 4083 2797 4137 naturalia.
2838 4083 2920 4138 Ad
2969 4083 3084 4140 haec
3125 4101 3224 4140 nos
3265 4083 3512 4152 dicimus,
3542 4096 3597 4142 et

2013 4173 2178 4228 Deum
2204 4187 2323 4229 esse
2353 4172 2625 4228 hominum
2664 4183 2984 4242 creatorem,
3017 4174 3118 4230 hoc
3145 4185 3256 4242 est,
3303 4187 3358 4231 et
3403 4180 3594 4230 animre

2011 4274 2065 4320 et
2093 4266 2364 4335 corporis;
2394 4273 2448 4320 et
2481 4265 2679 4320 bonum
2707 4280 2826 4321 esse
2851 4267 3090 4335 nuptias;
3117 4275 3172 4321 et
3200 4281 3297 4336 per
3324 4267 3592 4336 Baptisma

2009 4354 2210 4413 Christi
2236 4357 2414 4412 omnia
2441 4366 2660 4426 peccata
2688 4357 2917 4424 ditnitti;
2945 4365 3000 4412 et
3020 4357 3220 4428 justum
3243 4373 3364 4414 esse
3393 4360 3588 4426 Dettm;

2011 4459 2065 4504 et
2092 4447 2341 4519 perfecta:
2362 4446 2581 4519 justitia:
2600 4462 2848 4518 capacem
2875 4448 3158 4503 humanam
3177 4465 3297 4504 esse
3314 4459 3552 4504 naturam
3579 4471 3590 4507 :

2011 4551 2066 4596 et
2091 4545 2272 4598 tamen
2315 4555 2438 4598 cum
2477 4539 2592 4595 base
2619 4541 2798 4594 omnia
2827 4555 2950 4595 vera
2981 4541 3110 4606 sint,
3139 4541 3400 4595 obnoxios
3446 4543 3592 4597 nasei

2012 4631 2258 4688 homines
2296 4631 2487 4702 origini
2535 4631 2770 4696 vitiatze,
2817 4647 2936 4702 qua:
2985 4632 3212 4686 trahitur
3263 4648 3325 4688 ex
3379 4633 3595 4687 homine

2013 4726 2184 4797 primo
2207 4744 2222 4793 ;
2249 4733 2302 4781 et
2328 4725 2448 4780 ideo
2479 4725 2554 4780 ire
2585 4725 2636 4780 in
2659 4725 3079 4790 damnationem,
3123 4726 3223 4781 nisi
3251 4737 3597 4782 renascantur

2013 4817 2068 4872 iu
2097 4816 2330 4872 Christo.
2364 4816 2477 4871 lloc
2500 4825 2676 4873 autem
2708 4817 3046 4886 probavimus
3074 4819 3456 4876 catholicorum
3500 4838 3596 4874 :tu—

2012 4911 2259 4966 etoritate
2298 4918 2624 4976 sanctorum,
2658 4910 2747 4980 qui
2780 4919 2835 4965 et
2884 4910 2985 4965 hoc
3026 4921 3301 4978 asserunt,
3347 4913 3488 4983 quod
3529 4915 3595 4968 de

2013 5002 2255 5072 originali
2303 5010 2522 5072 peccato
2551 5002 2798 5068 dicimus,
2829 5011 2885 5058 et
2919 5002 3006 5056 illa
3037 5005 3268 5075 quinque
3313 5021 3433 5060 esse
3470 5023 3592 5060 vera

2013 5095 2191 5151 omnia
2221 5093 2560 5149 conﬁtentur.
2607 5096 2684 5148 Ac
2717 5108 2814 5165 per
2852 5093 2952 5148 hoc
2986 5111 3089 5148 non
3131 5105 3215 5151 est
3260 5111 3595 5166 consequens

2013 5194 2072 5242 ut
2113 5184 2215 5242 hoc
2257 5183 2449 5239 falsum
2481 5183 2569 5249 sit,
2599 5183 2724 5256 quia
2754 5198 2884 5240 vera
2910 5195 3034 5240 sunt
3069 5187 3176 5241 illa.
3219 5187 3373 5243 Tales
3399 5189 3593 5256 quippe

2014 5291 2076 5332 ac
2103 5278 2232 5332 tanti
2261 5277 2360 5331 viri
2385 5275 2678 5331 secundum
2708 5276 3025 5332 catholicam
3053 5277 3211 5334 [idem
3232 5320 3246 5342 ,
3291 5295 3408 5348 qua:
3453 5281 3595 5331 anti-

2015 5372 2196 5440 quitus
2223 5378 2335 5424 toto
2360 5369 2492 5424 orbe
2513 5367 2828 5424 diﬂ‘unditur
2846 5411 2861 5436 ,
2889 5379 2944 5424 et
2973 5369 3096 5434 hoc,
3134 5379 3188 5424 et
3223 5371 3308 5424 illa
3333 5385 3455 5422 vera
3479 5385 3597 5422 esse

2015 5462 2370 5528 confirmant;
2402 5469 2461 5516 ut
2485 5470 2661 5515 vestra
2684 5459 2905 5532 fragilis,
2936 5471 2990 5516 et
3013 5462 3162 5530 quasi
3184 5461 3422 5531 argutula
3449 5466 3596 5516 novi-

2017 5565 2098 5612 tas
2127 5555 2238 5611 sola
2267 5554 2583 5608 auctoritate
2603 5565 2914 5609 conteratur
2939 5554 3148 5606 illorum
3195 5569 3210 5607 :
3242 5563 3594 5624 prmterquam

2017 5647 2158 5719 quod
2181 5661 2245 5701 ea
2265 5645 2468 5711 dicunt,
2503 5653 2560 5699 ut
2586 5659 2644 5700 se
2669 5661 2765 5716 per
2789 5660 2881 5700 cos
2903 5645 3044 5713 loqui
3075 5645 3268 5698 veritas
3296 5645 3405 5714 ipsa
3437 5656 3588 5700 tosto.

2025 5749 2127 5795 tur.
2173 5737 2280 5795 Sed
2321 5755 2458 5794 nunc
2496 5739 2810 5794 auctoritate
2840 5739 3079 5808 primitus
3102 5754 3283 5793 eorum
3315 5750 3484 5794 vestra
3519 5751 3592 5794 es’
