4038 6466
437 327 543 386 G95

435 447 770 504 contumacia
800 447 1217 520 comprimenda,
1232 457 1290 504 ut
1312 463 1341 503 a
1368 452 1795 521 praesumptionis
1819 453 2020 522 impetu

435 539 775 606 repercussi,
802 547 857 593 et
883 537 1110 608 quodam
1145 539 1305 593 modo
1340 540 1582 605 sauciati,
1609 540 1735 595 dum
1765 541 1899 596 tales
1924 542 2018 596 ho—

436 628 610 682 mines
639 629 729 682 Dei
773 628 849 682 sic
889 628 942 682 in
979 627 1082 683 ﬁde
1120 626 1381 684 catholica
1420 644 1604 685 errare
1639 631 1874 699 potuisse
1911 645 2017 685 non

433 717 672 784 creditis,
699 726 754 771 ut
781 717 978 788 aliquid
1016 718 1276 785 dicerent,
1316 719 1455 775 unde
1481 733 1624 776 esset
1645 736 1976 792 consequens
1999 763 2017 790 ,

431 807 602 862 Deum
649 824 753 863 non
792 823 912 865 esse
956 809 1231 866 hominum
1271 821 1592 880 creatorem,
1642 815 1854 884 nuptias
1897 828 2018 870 esse

431 898 782 966 damnandas,
832 902 886 957 in
928 902 1200 972 Baptismo
1234 918 1338 958 non
1380 904 1619 959 omnium
1648 904 2019 960 remissionem

430 989 547 1046 ﬁeri
578 1001 954 1062 peccatorum,
988 995 1150 1049 Deum
1186 1009 1306 1050 esse
1336 995 1611 1064 injustum,
1641 995 1839 1049 nullam
1867 1009 2018 1066 spem

431 1084 588 1139 nobis
611 1086 933 1142 remansisse
960 1085 1172 1141 virtutis
1200 1085 1555 1156 perﬁciendae,
1578 1101 1698 1157 quae
1727 1087 1904 1140 omnia
1933 1083 2021 1142 vel

429 1175 634 1246 aliquid
657 1191 842 1231 eorum
868 1176 1018 1232 nefas
1042 1185 1125 1232 est
1149 1177 1353 1247 opinari
1387 1194 1400 1230 :
1428 1191 1588 1232 ausus
1616 1175 1912 1246 praacipites
1936 1190 2022 1231 re-

428 1268 690 1338 frenetis,
734 1279 790 1325 et
837 1278 1088 1339 tanquam
1122 1285 1193 1326 ex
1233 1269 1412 1324 furore
1454 1269 1862 1338 resipiscentes,
1889 1267 2023 1324 inci-

427 1361 590 1432 piatis
630 1361 681 1416 in
720 1376 824 1432 qua
855 1361 1040 1416 nutriti
1071 1362 1201 1420 estis
1225 1399 1241 1427 ,
1272 1359 1512 1417 recolere
1554 1369 1609 1416 et
1643 1359 1923 1415 advertere
1967 1366 2024 1415 et

427 1467 708 1508 resumere
736 1452 1036 1507 veritatem.

499 1564 593 1620 32.
632 1564 766 1620 Dicit
791 1563 978 1621 beatus
1001 1563 1339 1634 Ambrosius,
1358 1579 1521 1619 unum
1549 1563 1724 1620 solum
1750 1561 2022 1618 hominem

428 1655 782 1711 mediatorem
827 1655 922 1711 Dei
950 1664 1006 1711 et
1032 1655 1337 1720 hominum,
1367 1669 1433 1710 eo
1459 1654 1602 1725 quod
1643 1654 1711 1709 sit
1753 1662 1907 1708 natus
1948 1668 2019 1708 ex

425 1748 665 1818 virgine,
701 1763 801 1805 nec
827 1749 1058 1806 senserit
1082 1748 1351 1804 nascendo
1378 1758 1654 1820 peccatum
1674 1790 1689 1814 ,
1715 1749 2021 1819 generatio-

425 1840 515 1896 nis
544 1839 788 1896 obnoxia:
810 1841 1040 1897 vinculis
1063 1856 1169 1896 non
1203 1839 1391 1896 teneri.
1420 1840 1620 1896 Omnes
1643 1850 1819 1896 autem
1845 1840 2022 1894 homi-

424 1947 525 1987 nes
549 1931 649 1986 sub
672 1941 893 2002 peccato
913 1932 1092 1998 nasci,
1118 1947 1345 2002 quorum
1366 1931 1481 2003 ipse
1507 1941 1657 1985 ortus
1680 1931 1730 1984 in
1754 1931 1880 1986 vitio
1900 1939 1983 1985 est
2004 1947 2017 1984 :

429 2022 556 2094 quia
577 2022 1021 2092 concupiscentiae
1048 2023 1319 2093 voluptate
1339 2022 1594 2084 concreti,
1622 2023 1765 2092 prius
1782 2021 2022 2076 subirent

421 2116 671 2187 contagia
707 2115 1020 2172 delictorum
1039 2156 1056 2184 ,
1086 2131 1244 2186 quam
1275 2115 1486 2170 vitalem
1518 2113 1584 2170 de
1614 2114 1716 2170 hoc
1753 2129 1878 2169 aere
1905 2114 2021 2184 spi-

423 2206 592 2262 ritum
619 2205 897 2262 ducerent.
931 2207 1211 2278 lpsamque
1251 2207 1738 2278 concupiscentiam
1771 2216 2021 2278 tanquam

424 2298 599 2370 legem
643 2299 844 2370 peccati
870 2299 923 2354 in
949 2314 1174 2368 corpore
1212 2301 1400 2354 mortis
1443 2297 1634 2368 hujus,
1680 2297 1781 2369 legi
1829 2299 2022 2354 mentis

427 2405 602 2462 usque
630 2390 767 2446 adeo
791 2405 1089 2462 repugnare
1109 2431 1125 2455 ,
1157 2400 1215 2445 ut
1239 2389 1496 2446 adversus
1525 2404 1640 2445 eam
1662 2430 1677 2454 ,
1708 2405 1815 2444 non
1847 2390 2020 2444 solum

429 2484 755 2556 quicumque
779 2484 904 2540 boni
928 2484 1112 2540 ﬁdeles
1131 2526 1146 2551 ,
1175 2483 1268 2540 sed
1293 2483 1598 2555 apostolica:
1625 2485 1784 2540 etiam
1811 2487 2020 2544 virtutis

423 2575 736 2646 magnitudo
760 2577 1106 2646 pugnaverit,
1153 2576 1219 2631 ad
1249 2575 1353 2631 hoc
1378 2584 1432 2631 ut
1459 2592 1552 2647 per
1573 2576 1768 2633 Christi
1797 2579 2020 2649 gratiam

423 2681 556 2724 caro
597 2667 790 2722 animae
826 2667 1134 2739 subjugata,
1185 2667 1240 2722 in
1291 2668 1629 2722 concordiam
1690 2679 2016 2726 revocetur:

424 2771 652 2828 quorum
693 2755 954 2824 duorum,
998 2773 1117 2827 qure
1145 2757 1394 2827 primitus
1419 2757 1536 2812 sine
1585 2769 1801 2828 peccato
1840 2767 2019 2815 creata

424 2855 552 2902 sunt
570 2888 584 2910 ,
611 2861 678 2901 ex
709 2846 863 2916 primi
893 2845 1125 2900 hominis
1149 2847 1567 2917 transgressione
1595 2847 1730 2903 facta
1754 2849 2018 2905 discordia

427 2945 512 2994 est
565 2936 632 2992 Et
657 2937 776 3007 quis
805 2937 922 2990 hmc
949 2936 1120 2992 dicit?
1149 2937 1321 2992 llomo
1352 2937 1482 3004 Dei,
1507 2937 1832 3007 catholicus,
1854 2949 1908 2994 et
1929 2956 2018 2996 ca-

427 3026 645 3082 tholicm
676 3027 913 3082 veritatis
935 3027 1191 3082 adversus
1218 3027 1496 3084 hzercticos
1519 3045 1682 3100 usque
1706 3031 1774 3084 ad
1805 3032 2016 3100 perieu-

425 3118 540 3174 lum
588 3117 862 3188 sanguinis
901 3115 1151 3173 defensor
1185 3119 1511 3186 acerrimus,
1553 3120 1628 3173 sic
1671 3120 1742 3174 tui
1785 3120 2018 3178 doctoris

422 3209 735 3265 testimonio
778 3209 1124 3280 prmdicatus,
1152 3217 1213 3264 ut
1245 3209 1532 3276 diceretur,
1562 3211 1701 3280 quod
1731 3212 1839 3281 ejus
1863 3213 2015 3282 ﬁdem

421 3309 470 3356 cl
499 3301 550 3355 in
578 3299 864 3370 Scripturis
889 3300 1213 3370 purissimum
1251 3285 1452 3354 sensum
1474 3317 1536 3354 ne
1558 3301 1790 3356 inimicus
1816 3303 2018 3372 quidem

421 3410 580 3448 ausus
607 3401 678 3448 est
709 3392 1092 3464 reprehendere.
1124 3392 1224 3460 Qui
1265 3402 1560 3448 creatorem
1593 3393 1759 3449 Deum
1792 3410 1896 3450 non
1921 3410 2014 3450 so—

421 3486 533 3541 lum
555 3486 874 3553 animarum,
892 3501 1078 3541 verum
1105 3486 1264 3541 etiam
1290 3477 1594 3556 corporum,
1619 3469 1874 3542 adversus
1897 3488 2016 3543 Pla-

423 3579 719 3634 tonicorum
763 3577 1203 3648 philosophorum
1243 3579 1568 3634 asseveravit
1607 3593 1869 3634 errorem.
1913 3580 2015 3649 Qui

422 3671 728 3740 nuptiarum
751 3671 952 3725 bonum
969 3679 1023 3725 et
1039 3684 1194 3724 causa
1216 3670 1538 3740 propagandi
1564 3671 1776 3740 generis
1796 3669 2014 3730 humani

419 3761 676 3817 divinitus
721 3762 1051 3828 institutum,
1094 3770 1148 3816 et
1183 3760 1430 3830 pudicitia
1469 3761 1732 3830 conjugali
1777 3774 2013 3820 sanctam

420 3852 540 3922 ejus
568 3852 814 3922 copulam
856 3851 1183 3923 prtedicavit.
1219 3851 1318 3918 Qui
1348 3851 1612 3906 neminem
1650 3853 1782 3908 dixit
1811 3853 2011 3924 justiﬁ-

422 3944 539 4000 cari
565 3959 595 3998 a
642 3953 894 4014 peccato,
936 3943 1037 3998 nisi
1079 3943 1164 3998 cui
1195 3941 1392 3997 fuerint
1429 3957 1524 4013 per
1563 3943 1888 4014 Baptismum
1928 3945 2013 4000 di-

418 4037 584 4092 missa
612 4037 789 4091 omnia
818 4044 1056 4107 peccata.
1089 4035 1188 4104 Qui
1215 4035 1378 4090 coluit
1412 4035 1556 4105 juste
1593 4036 1793 4106 justum
1822 4037 2008 4094 Deum.

419 4125 524 4195 Qui
554 4127 936 4198 perfectionem
967 4126 1195 4181 hominis
1223 4127 1276 4181 in
1301 4127 1496 4183 virtute
1514 4137 1672 4199 atque
1693 4128 1896 4200 justitia
1917 4132 2012 4187 ab-

419 4222 491 4277 sit
543 4229 604 4276 ut
633 4220 887 4290 impediat
927 4220 1263 4290 desperando
1294 4238 1308 4275 :
1338 4222 1432 4276 sed
1468 4238 1584 4276 eam
1619 4233 1792 4280 tamen
1830 4223 2007 4294 perfe-

419 4315 654 4371 ctionem
687 4315 770 4370 cui
801 4315 934 4369 nihil
963 4314 1318 4385 adjiciendum
1343 4315 1433 4382 sit,
1461 4315 1512 4370 in
1543 4316 1646 4370 alia
1671 4316 1778 4371 vita
1806 4327 2006 4384 sperat,

419 4421 540 4478 quae
589 4405 898 4476 implebitur
938 4405 1330 4461 resurrectione
1385 4415 1750 4472 mortuorum;
1812 4406 1863 4460 in
1911 4405 2010 4462 hac

417 4504 598 4550 autem
623 4497 732 4551 vita
762 4495 1047 4550 humanam
1065 4497 1322 4566 justitiam
1352 4496 1404 4550 iu
1427 4497 1653 4565 quadam
1680 4496 1864 4550 militia
1892 4496 2010 4552 bel-

414 4585 578 4656 loque
614 4587 918 4654 constituit,
948 4601 1053 4640 non
1085 4586 1259 4641 solum
1296 4585 1551 4641 adversus
1575 4587 1794 4641 aemulas
1835 4588 2010 4642 aerias

415 4685 738 4746 potestates,
780 4677 876 4732 sed
920 4677 1176 4732 adversus
1214 4677 1357 4747 ipsas
1407 4686 1617 4733 nostras
1657 4678 2005 4748 cupiditates,

415 4781 520 4838 per
547 4781 678 4836 quas
707 4777 761 4822 et
798 4766 872 4822 illi
912 4769 1204 4824 exteriores
1245 4768 1442 4823 inimici
1486 4784 1584 4824 nos
1621 4768 1878 4838 dejicere,
1922 4770 2008 4826 vel

417 4865 702 4927 penetrare
743 4857 1054 4912 moliuntur.
1100 4857 1156 4911 ln
1185 4856 1289 4912 hoc
1315 4857 1456 4912 bello
1487 4867 1539 4913 et
1577 4859 1744 4928 ipsam
1789 4875 2004 4916 carnem

417 4950 781 5005 adversariam
821 4964 1034 5020 gravem
1063 4949 1224 5015 dicit,
1261 4951 1413 5021 cujus
1442 4951 1620 5022 utique
1650 4961 1838 5007 natura
1869 4957 2006 5010 sicut

415 5042 666 5113 primitus
708 5041 917 5097 condita
948 5049 1058 5105 est,
1100 5041 1378 5097 nobiscum
1424 5043 1835 5098 concordissima
1881 5059 2006 5114 per-

415 5143 689 5202 maneret,
726 5135 828 5190 nisi
855 5134 1008 5204 primi
1046 5133 1275 5189 hominis
1321 5134 1754 5204 praevaricatione
1789 5134 2000 5204 vitiata,

416 5241 518 5282 suo
537 5226 811 5282 nobiscum
835 5225 1088 5294 languore
1108 5225 1436 5296 conﬂigeret.
1460 5225 1516 5280 ln
1543 5224 1644 5280 hoc
1663 5225 1802 5280 bello
1822 5225 1908 5280 ille
1926 5226 2004 5280 vir

420 5325 640 5374 sanctus
668 5324 849 5372 monet
891 5331 988 5371 nos
1013 5317 1268 5372 sacculum
1314 5315 1576 5386 effugere,
1609 5326 1663 5371 et
1700 5317 1752 5370 in
1789 5332 1851 5371 ea
1881 5315 2001 5387 fuga

415 5417 612 5479 quanta
655 5408 723 5462 sit
759 5407 1076 5474 difficultas,
1124 5407 1232 5461 imo
1287 5405 1719 5474 impossibilitas,
1767 5406 1867 5461 nisi
1910 5407 2001 5461 Dei

414 5499 583 5570 gratia
612 5499 921 5568 opituletur,
961 5497 1214 5554 ostendit.
1247 5496 1383 5550 Dicit
1409 5508 1614 5550 mortua
1635 5496 1849 5566 quidem
1878 5497 2000 5552 vitia

414 5605 515 5658 per
542 5589 909 5645 remissionem
939 5590 992 5644 in
1020 5588 1343 5659 Baptismate
1372 5588 1607 5642 omnium
1639 5596 1997 5656 peccatorum,

419 5681 515 5736 s’ed
547 5696 732 5736 eorum
762 5695 859 5736 nos
884 5695 1072 5736 curare
1095 5679 1293 5735 debere
1322 5679 1549 5750 quodam
1577 5677 1736 5733 modo
1765 5679 2001 5748 sepultu-

417 5787 552 5828 ram.
575 5771 644 5828 Et
667 5771 722 5828 in
750 5772 853 5830 hoc
882 5773 998 5844 ipso
1035 5786 1196 5844 opere
1225 5770 1385 5828 talem
1409 5769 1662 5830 describit
1701 5784 1821 5828 cum
1861 5770 2006 5828 vitiis

1250 334 1516 392 CONTRA
1557 335 1894 392 JULIAXUM
1934 337 2392 410 PEIACMNUSI,
2426 343 2482 399 S.
2526 343 2892 405 AUGUSTINI

3595 359 3707 419 696

2130 456 2354 510 mortuis
2374 472 2468 511 nos
2492 457 2687 516 habere
2711 463 3012 520 conﬂictum
3030 506 3046 533 ,
3077 475 3135 523 ut
3160 482 3266 524 non
3293 470 3435 542 quod
3461 473 3719 536 volumus

2127 560 2375 616 agamus;
2421 550 2514 606 sed
2555 553 2698 622 quod
2744 555 2868 612 odio
2922 557 3218 629 habemus,
3262 561 3366 618 hoc
3407 564 3712 624 faciamus:

2128 637 2292 691 multa
2317 638 2367 693 in
2400 641 2552 696 nobis
2579 655 2849 713 peccatum
2875 649 3030 706 nobis
3055 651 3436 712 reluctantibus
3464 659 3715 728 operari,

2129 728 2393 784 redivivas
2413 732 2723 806 plerumque
2748 753 3028 811 resurgere
3047 743 3340 814 voluptates
3366 765 3380 801 :
3403 747 3716 806 luctandum

2129 816 2283 873 nobis
2307 835 2426 876 esse
2454 823 2709 881 adversus
2733 843 2986 898 carnem,
3016 833 3272 890 adversus
3296 851 3454 906 quam
3482 839 3719 898 luctatus

2127 917 2210 962 est
2235 909 2428 967 Paulus
2469 919 2682 984 quando
2729 917 2973 990 dicebat,
3034 921 3190 980 Video
3243 928 3398 982 aliam
3443 930 3604 1002 legem
3657 933 3718 988 in

2128 1003 2362 1058 membris
2391 1007 2512 1061 meis
2539 1023 2899 1080 repugnantem
2946 1014 3043 1085 legi
3079 1018 3257 1073 mentis
3293 1036 3434 1076 mea.
3461 1020 3718 1094 Praecipit

2128 1107 2195 1147 ne
2221 1094 2366 1150 carni
2409 1108 2605 1154 nostra:
2647 1102 3006 1172 conﬁdamus,
3049 1122 3117 1163 ne
3160 1124 3262 1166 nos
3299 1111 3346 1167 ei
3395 1113 3714 1182 credamus,

2128 1199 2249 1280 cum
2280 1186 2562 1256 Apostolus
2587 1191 2811 1260 clamet,
2845 1194 2965 1251 Scio
2999 1199 3117 1270 quia
3142 1217 3242 1255 non
3279 1203 3470 1259 habitat
3511 1207 3564 1261 in
3593 1226 3715 1280 me,

2127 1275 2183 1330 id
2203 1289 2305 1345 est,
2350 1281 2403 1334 in
2429 1299 2579 1338 carne
2606 1301 2736 1351 mea,
2761 1288 2944 1342 bonum
2975 1305 2996 1345 :
3031 1293 3157 1348 velle
3175 1295 3304 1349 enim
3324 1297 3522 1364 adiacet
3546 1275 3719 1369 mihi,

2129 1369 2369 1463 perﬁcere
2386 1380 2550 1426 autem
2573 1374 2755 1429 bonum
2778 1393 2878 1432 non
2904 1380 3099 1435 invenio
3123 1382 3304 1455 (Rom.
3333 1401 3442 1456 vn,
3464 1387 3536 1444 25
3553 1429 3569 1455 ,
3593 1389 3710 1463 18).

2129 1457 2267 1552 Ecce
2295 1474 2544 1532 quantum
2578 1481 2678 1523 nos
2706 1481 2933 1540 pugnam
2963 1488 3083 1528 cum
3115 1478 3336 1532 mortuis
3362 1479 3557 1538 habere
3583 1457 3718 1552 pec.

2127 1551 2294 1620 catis,
2325 1553 2416 1609 ille
2452 1567 2701 1614 strenuus
2727 1559 2924 1618 Christi
2953 1564 3136 1634 miles,
3163 1577 3217 1623 et
3246 1568 3500 1628 Ecclesia:
3537 1551 3718 1631 ﬁdelis

2127 1642 2317 1700 doctor
2344 1648 2595 1703 ostendit.
2622 1651 2900 1718 Quomodo
2939 1656 3080 1710 enim
3121 1670 3406 1730 peccatum
3438 1675 3716 1722 mortuum

2129 1745 2245 1800 est,
2295 1751 2416 1792 cum
2475 1741 2640 1795 multa
2699 1752 2950 1813 operetur
3007 1747 3059 1802 in
3109 1750 3263 1808 nobis
3327 1753 3718 1816 reluctantibus

2128 1827 2325 1882 nobis?
2351 1828 2480 1897 Qute
2522 1832 2726 1898 multa,
2777 1835 2878 1890 nisi
2917 1836 3178 1894 desideria
3222 1843 3382 1898 stulta
3420 1855 3474 1902 et
3515 1850 3716 1917 noxia,

2127 1932 2247 1987 qua:
2276 1921 2669 1977 consentientes
2707 1935 2953 1995 mergunt
2982 1927 3035 1982 in
3065 1928 3335 1987 interitum
3373 1943 3426 1990 et
3450 1937 3714 2006 perditio-

2127 2022 2250 2064 nem
2279 2009 2297 2081 (
2321 2009 2336 2062 l
2366 2009 2501 2067 Tim.
2528 2027 2614 2079 vr,
2641 2012 2880 2085 9)?qua:
2908 2017 3088 2088 utique
3114 2023 3348 2092 perpeti,
3381 2025 3561 2097 eisque
3599 2043 3713 2086 non

2127 2101 2458 2192 consentire,
2484 2113 2754 2160 certamen
2785 2116 2897 2174 est,
2937 2111 3212 2170 conﬂictus
3250 2125 3366 2185 est,
3391 2133 3564 2192 pugna
3602 2133 3710 2180 est.

2127 2189 2365 2258 Quorum
2395 2209 2564 2266 pugna
2586 2236 2602 2263 ,
2634 2197 2735 2253 nisi
2762 2197 2887 2255 boni
2913 2208 2967 2256 et
2991 2203 3148 2271 mali,
3174 2221 3281 2262 non
3304 2189 3504 2266 natura:
3526 2212 3714 2272 advel»

2127 2295 2217 2336 sus
2239 2291 2511 2352 naturam,
2535 2286 2628 2342 sed
2655 2298 2857 2345 natura:
2885 2292 3141 2351 adversus
3166 2297 3352 2354 vitium
3373 2342 3388 2367 ,
3413 2301 3523 2372 jam
3555 2320 3714 2362 mor-

2129 2378 2274 2426 tuum
2295 2413 2313 2441 ,
2343 2375 2436 2430 sed
2476 2377 2649 2433 adhuc
2673 2381 3065 2450 sepeliendum,
3085 2386 3134 2441 id
3155 2397 3260 2457 est,
3276 2391 3488 2448 omnino
3503 2409 3714 2452 sanan-

2126 2463 2296 2519 dum?
2317 2466 2594 2534 Quomodo
2610 2487 2737 2543 ergo
2765 2485 3032 2532 mortuum
3056 2477 3280 2537 dicimus
3301 2482 3402 2540 hoc
3430 2499 3717 2556 peccatum

2127 2558 2179 2613 in
2208 2559 2532 2630 Baptismate
2551 2606 2568 2631 ,
2602 2566 2737 2620 sicut
2765 2567 2926 2623 etiam
2956 2570 3055 2627 iste
3074 2573 3155 2628 vir
3173 2573 3336 2643 dicit,
3358 2587 3412 2633 et
3435 2582 3711 2649 quomodo

2127 2651 2369 2709 habitare
2409 2654 2462 2708 in
2503 2657 2755 2713 membris
2782 2658 3030 2732 fatemur,
3054 2671 3110 2719 et
3135 2667 3299 2722 multa
3325 2671 3531 2738 operari
3559 2672 3713 2728 desi-

2125 2743 2272 2801 deria
2300 2747 2681 2807 reluctantibus
2709 2753 2895 2821 nobis,
2946 2757 3136 2826 quibus
3179 2775 3286 2815 non
3327 2766 3713 2822 conscntiendo

2125 2839 2452 2908 resistimus,
2476 2842 2612 2897 sicut
2636 2845 2796 2900 etiam
2824 2846 2910 2902 hic
2928 2848 3013 2902 vir
3033 2849 3259 2918 fatetur;
3287 2853 3387 2908 nisi
3409 2855 3529 2925 quia
3557 2872 3714 2912 moro

2127 2934 2272 2984 tuum
2312 2940 2396 2987 est
2440 2935 2491 2987 in
2517 2949 2582 2988 eo
2621 2945 2770 2991 reatu
2796 2952 2901 3008 quo
2925 2955 3024 2995 nos
3060 2941 3302 3008 tenebat,
3335 2955 3387 3000 et
3420 2945 3589 3002 donec
3617 2963 3713 3004 εει

2124 3021 2348 3091 pulturar.
2389 3022 2715 3092 perfectione
2761 3037 3007 3097 sanetur,
3053 3031 3278 3089 rebellat
3301 3042 3356 3089 et
3392 3046 3660 3093 mortuum
3687 3039 3718 3092 7

2123 3110 2376 3179 Quamvis
2395 3129 2502 3184 jam
2531 3130 2636 3171 non
2667 3132 2732 3172 eo
2763 3119 2922 3175 modo
2942 3121 3237 3192 appelletur
3263 3135 3536 3195 peccatum
3558 3169 3572 3193 ,
3601 3144 3720 3200 quo

2123 3201 2251 3259 facit
2273 3220 2452 3271 reum;
2490 3206 2585 3261 sed
2610 3209 2750 3278 quod
2777 3211 2846 3265 sit
2869 3223 3017 3268 reatu
3046 3215 3198 3284 primi
3230 3216 3461 3274 hominis
3482 3219 3709 3291 factum,

2123 3305 2177 3350 et
2205 3297 2344 3366 quod
2390 3299 2697 3354 rebellando
2738 3317 2838 3357 nos
2879 3304 3086 3360 trahere
3126 3307 3311 3362 nititur
3353 3309 3418 3365 ad
3464 3322 3710 3380 reatum,

2121 3388 2223 3442 nisi
2253 3387 2466 3458 adjuvet
2493 3405 2591 3444 nos
2630 3394 2794 3461 gratia
2833 3392 2926 3449 Dei
2953 3410 3046 3464 per
3073 3395 3253 3452 Jcsum
3283 3397 3550 3455 Christum
3595 3401 3712 3456 Do-

2121 3481 2322 3534 minum
2367 3491 2640 3549 nostrum,
2691 3500 2758 3540 ne
2804 3487 2881 3541 sic
2920 3488 3077 3542 etiam
3117 3500 3385 3546 mortuum
3429 3504 3713 3565 peccatum

2121 3571 2372 3638 rebellet,
2394 3583 2450 3628 ut
2480 3574 2738 3629 vincendo
2762 3577 3040 3633 reviviscat
3059 3588 3112 3634 et
3144 3590 3346 3651 regnet.

2189 3662 2416 3719 CAPUT
2448 3664 2697 3720 X.—55.
2733 3667 2790 3720 ln
2818 3667 2919 3722 hoc
2945 3668 3084 3724 bello
3115 3671 3713 3744 laborantes,quamdiu

2119 3758 2344 3812 tentatio
2370 3764 2454 3811 est
2503 3758 2606 3812 vita
2635 3757 2861 3814 humana
2890 3776 3051 3830 super
3091 3772 3285 3818 terram
3319 3764 3456 3837 (Job
3484 3783 3582 3832 vlt,
3616 3767 3708 3840 l),

2119 3862 2225 3902 non
2263 3848 2381 3902 ideo
2417 3849 2533 3903 sine
2567 3859 2781 3919 peccato
2812 3867 2914 3905 non
2950 3867 3164 3921 sumus,
3194 3856 3316 3925 quia
3347 3857 3446 3912 hoc
3467 3859 3606 3928 quod
3638 3876 3714 3917 eo

2119 3937 2278 3992 modo
2307 3949 2579 4006 peccatum
2621 3939 2831 4006 dicitur,
2865 3952 3116 4010 operatur
3157 3944 3209 3998 in
3245 3946 3497 4002 membris
3543 3964 3707 4020 repuo

2117 4044 2286 4100 gnans
2317 4029 2418 4101 legi
2445 4033 2666 4096 mentis,
2703 4031 2860 4086 etiam
2902 4048 3008 4087 non
3033 4035 3132 4089 sibi
3177 4035 3240 4088 ad
3273 4036 3450 4094 illicita
3475 4052 3711 4095 consen-

2120 4122 2371 4176 tientibus
2397 4122 2549 4176 nobis
2580 4125 2866 4194 (quantum
2911 4123 3052 4178 enim
3095 4123 3160 4179 ad
3207 4141 3303 4180 nos
3341 4129 3560 4195 attinet,
3585 4129 3709 4186 sine

2118 4222 2336 4284 peccato
2364 4227 2576 4283 semper
2614 4210 2881 4280 essemus,
2911 4214 3082 4271 donec
3121 4227 3398 4274 sanaretur
3441 4220 3544 4276 hoc
3582 4236 3708 4276 ma-

2117 4303 2224 4359 lum
2247 4347 2262 4371 ,
2291 4304 2338 4359 si
2358 4303 2408 4360 ei
2434 4321 2698 4375 nunquam
2715 4307 3138 4362 consentiremus
3164 4308 3229 4363 ad
3260 4309 3512 4384 malum);
3532 4311 3626 4367 sed
3648 4313 3706 4367 in

2116 4398 2308 4468 quibus
2333 4399 2401 4452 ab
2435 4398 2526 4452 illo
2553 4399 2877 4464 rebellante,
2908 4399 3009 4454 etsi
3041 4416 3146 4455 non
3175 4401 3458 4467 lethaliter,
3492 4403 3585 4458 sed
3621 4419 3710 4458 νὼ

2115 4491 2347 4556 nialiter,
2390 4499 2565 4544 tamen
2607 4491 2898 4558 vincimur,
2945 4491 2997 4546 in
3032 4490 3117 4546 his
3154 4494 3517 4548 contrahimus
3561 4493 3710 4550 unde

2114 4582 2352 4652 quotidie
2439 4582 2703 4648 dicamus,
2782 4582 2994 4638 Dimitte
3063 4586 3204 4640 nobis
3292 4586 3458 4640 debita
3529 4598 3710 4642 nostra

2115 4672 2327 4743 (Matth.
2355 4689 2409 4728 v1
2428 4714 2443 4738 ,
2478 4674 2588 4743 l2).
2618 4675 2767 4730 Sicut
2787 4675 3043 4746 conjuges
3067 4675 3278 4746 quando
3295 4678 3505 4732 modum
3534 4694 3707 4748 gene-

2114 4764 2304 4820 rationi
2333 4766 2690 4822 necessarium
2713 4783 2871 4824 causa
2893 4767 3061 4824 solius
3083 4769 3366 4837 voluptatis
3400 4769 3702 4825 excedunt:

2113 4857 2249 4912 sicut
2294 4858 2661 4925 continentes,
2703 4859 2914 4930 quando
2959 4861 3010 4915 in
3061 4861 3252 4914 talibus
3294 4863 3706 4932 cogitationibus

2111 4964 2232 5004 cum
2262 4949 2435 5019 aliqua
2463 4948 2816 5006 delectatione
2843 4961 3201 5016 remorantur,
3237 4967 3342 5006 non
3371 4952 3580 5022 quidem
3605 4953 3708 5008 dc-

2111 5051 2390 5096 cernentes
2432 5039 2718 5110 ﬂagitium,
2765 5040 2860 5096 scd
2915 5042 3264 5098 intentionem
3319 5045 3544 5110 mentis,
3589 5061 3703 5101 non

2109 5131 2246 5186 sicut
2269 5139 2516 5202 oportet,
2547 5145 2614 5185 ne
2640 5129 2730 5185 illo
2755 5130 2983 5200 incidat,
3027 5132 3150 5188 inde
3174 5143 3476 5190 avertentes
3495 5176 3512 5200 ,
3533 5145 3622 5189 aut
3655 5138 3701 5191 si

2110 5223 2352 5278 inciderit
2381 5224 2502 5278 inde
2534 5220 2822 5292 rapientes.
2868 5223 2942 5278 Dc
2990 5223 3090 5279 hac
3131 5224 3246 5295 lege
3288 5227 3520 5294 peccati,
3569 5243 3693 5294 qufc

2109 5315 2213 5368 alio
2256 5314 2415 5369 modo
2462 5315 2620 5368 etiam
2665 5322 2938 5384 peceatum
2983 5324 3237 5383 vocatur,
3279 5331 3397 5384 qua:
3440 5326 3706 5384 repugnat

2109 5403 2212 5475 legi
2244 5405 2472 5472 mentis,
2504 5405 2570 5458 de
2606 5420 2708 5475 qua
2735 5403 2903 5460 multa
2943 5405 3130 5460 beatus
3165 5406 3297 5461 dixit
3346 5407 3700 5472 Ambrosius,

2107 5504 2425 5549 attestantur
2467 5495 2628 5548 etiam
2659 5495 2858 5560 sancti,
2891 5496 3220 5566 Cyprianus,
3248 5497 3508 5562 llilarius,
3557 5497 3700 5552 Cre-

2106 5588 2314 5658 gorius,
2355 5587 2550 5656 aliique
2577 5602 2732 5656 quam
2763 5587 2992 5657 plurimi.
3023 5588 3119 5656 Qui
3162 5603 3288 5659 ergo
3315 5600 3596 5658 generatur
3642 5589 3698 5644 in

2105 5679 2299 5743 Adam,
2330 5677 2724 5747 regeneraudus
2751 5679 2802 5732 in
2829 5679 3064 5744 Christo,
3113 5689 3356 5734 mortuus
3396 5679 3447 5733 iu
3499 5678 3696 5747 Adam,

2108 5769 2182 5825 νὴ
2195 5769 2455 5826 ilicandus
2473 5769 2526 5825 in
2551 5770 2780 5840 Christo,
2806 5769 2925 5829 ideo
2943 5779 3161 5844 peccato
3179 5780 3262 5828 est
3277 5770 3563 5829 obstrictus
3579 5771 3686 5829 ori-
