4038 6466
287 336 394 393 697

285 447 451 519 ginis,
475 444 603 517 quia
624 443 692 500 de
712 443 849 501 malo
871 444 1124 512 nascitur,
1146 459 1252 516 quo
1281 458 1408 501 caro
1442 445 1767 515 concupiscit
1794 445 1886 501 ad-

286 554 483 597 versus
498 538 747 609 Spiritum
768 554 782 604 ;
802 553 909 593 non
932 538 999 593 de
1016 538 1176 604 bono,
1196 554 1300 607 quo
1322 537 1539 609 spiritus
1558 538 1888 608 concupiscit

282 634 549 687 adversus
575 646 791 687 carnem
823 630 1017 702 (σαιαι.
1048 646 1080 685 v
1099 672 1112 695 ,
1138 628 1248 702 l7).
1267 629 1400 699 Quid
1420 646 1547 702 ergo
1575 632 1764 685 mirum
1782 639 1881 695 est,

286 727 335 780 si
359 726 565 780 renasci
584 724 745 779 debet
765 723 924 779 homo
940 740 1005 778 ex
1026 722 1115 776 illo
1143 724 1283 779 malo
1310 733 1464 777 natus
1483 766 1497 788 ,
1525 732 1708 779 contra
1743 722 1884 792 quod

290 825 495 887 pugnat
528 816 691 870 homo
721 824 956 881 renatus,
980 830 1084 884 quo
1100 829 1223 869 reus
1245 825 1298 868 et
1329 814 1439 882 ipse
1463 823 1750 879 teneretur,
1783 813 1884 868 nisi

282 906 623 962 renascendo
646 904 1136 962 liberaretur?Non
1167 914 1249 959 est
1275 904 1375 959 hoc
1406 906 1599 957 tualum
1633 904 1884 959 materies

288 1001 387 1058 Dei
416 1001 651 1055 creantis
672 1039 690 1067 ,
717 998 812 1054 sed
863 999 1053 1053 Vulnus
1082 998 1277 1053 diaboli
1323 997 1565 1051 eamdem
1608 997 1881 1050 materiem

276 1091 546 1146 vitiantis.
566 1090 681 1145 Non
703 1098 783 1145 est
805 1089 907 1144 hoc
925 1090 1118 1143 malum
1137 1089 1461 1159 nuptiarum,
1481 1086 1572 1143 setl
1593 1088 1881 1156 primorum

279 1184 562 1237 hominum
594 1191 869 1251 peccatum
890 1220 906 1246 ,
940 1180 990 1233 iu
1038 1190 1281 1250 pesteros
1310 1177 1688 1247 pr0pagatione
1719 1176 1880 1246 traje-

273 1282 455 1329 ctum.
483 1273 653 1327 Etiam
684 1272 837 1342 lmjus
854 1270 976 1325 mali
997 1282 1192 1333 reatus,
1214 1269 1553 1337 Baptismatis
1581 1268 1880 1323 sanctiﬁca-

280 1365 432 1418 tione
455 1362 758 1417 remittitur.
789 1361 928 1415 Deus
962 1360 1355 1428 autetnjustus,
1396 1359 1439 1413 si
1465 1367 1607 1411 tanta
1635 1358 1878 1427 parvulis

275 1455 448 1519 mala,
491 1461 688 1523 quanta
715 1468 854 1507 nunc
884 1452 1064 1506 dicere
1106 1468 1210 1505 non
1241 1452 1480 1517 sufficio,
1505 1450 1641 1505 nihil
1672 1448 1878 1520 peccati

277 1542 619 1597 trahentibus
636 1540 1634 1613 irrogaret,magisappareretinjustus.
1652 1539 1879 1597 Iustitiae

274 1651 414 1688 vero
433 1633 666 1705 perfecta
686 1632 953 1704 capacitas
971 1633 1202 1687 hominis
1225 1647 1329 1687 non
1356 1641 1602 1702 negatur,
1630 1632 1753 1702 quia
1778 1646 1878 1687 nec

272 1729 532 1783 vitiorum
561 1728 797 1783 omnium
826 1728 1131 1798 plenissima
1152 1728 1352 1782 sanitas
1388 1728 1487 1784 sub
1525 1728 1878 1798 omnipotenti

275 1820 495 1875 medico
519 1820 851 1889 desperatur.
895 1818 1121 1889 Propter
1140 1834 1297 1888 quam
1337 1818 1652 1874 catholicam
1680 1818 1877 1874 verita-

277 1922 392 1965 tem
432 1910 601 1964 sancti
627 1924 692 1963 ac
728 1910 867 1964 beati
890 1916 943 1964 et
973 1909 1025 1962 in
1070 1908 1369 1963 divinorunt
1395 1909 1729 1979 eloquiorum
1757 1924 1879 1979 per-

278 2001 603 2056 tractatione
642 2000 926 2055 clarissimi
977 1998 1316 2065 sacerdotes,
1363 1998 1627 2065 lrenzrus,
1660 2001 1878 2072 Cypria-

276 2108 419 2157 nus,
481 2090 751 2157 Reticius,
814 2090 1123 2163 Olympius,
1192 2090 1463 2158 Hilarius,
1527 2092 1875 2160 Ambrosius,

276 2181 609 2252 Gregorius,
656 2180 1031 2247 innocentius,
1078 2180 1348 2247 Joannes,
1401 2182 1655 2251 Basilius,
1685 2183 1877 2253 quibus

274 2271 420 2327 addo
465 2272 871 2344 presbyterum,
919 2273 1054 2328 velis
1118 2273 1291 2340 nolis,
1356 2273 1769 2345 Hieronymum,
1820 2283 1879 2331 ut

276 2365 522 2420 omittam
554 2377 651 2419 eos
684 2364 774 2434 qui
815 2363 1051 2419 nondum
1092 2363 1463 2433 dormierunt,
1496 2364 1752 2419 adversus
1782 2380 1877 2422 vos

276 2462 558 2534 proferunt
582 2461 651 2517 de
677 2462 914 2516 omnium
937 2461 1210 2516 hominum
1239 2470 1461 2533 peccato
1507 2460 1749 2531 originali
1776 2459 1877 2516 ob-

276 2555 438 2609 noxia
477 2553 821 2608 successione
860 2553 1182 2607 sententiam
1243 2569 1259 2606 :
1314 2551 1455 2606 unde
1502 2567 1661 2606 nemo
1704 2554 1877 2618 eruit,

274 2643 380 2698 nisi
405 2657 566 2713 quem
609 2642 726 2697 sine
752 2642 869 2713 lege
915 2641 1117 2713 peccati
1162 2649 1492 2713 repugnante
1534 2640 1637 2712 legi
1678 2641 1879 2697 mentis

273 2736 425 2806 virgo
449 2734 716 2807 concepit.

350 2828 438 2883 54.
466 2826 607 2895 Quid
644 2834 728 2882 est
779 2824 919 2896 quod
963 2825 1226 2889 exsultas,
1280 2832 1336 2881 et
1386 2824 1515 2879 mihi
1571 2824 1721 2896 quasi
1762 2824 1876 2881 vic-

276 2926 366 2973 tor
398 2918 624 2972 insultas
648 2917 666 2949 ¹
690 2958 704 2984 ,
731 2926 970 2987 tanquam
998 2932 1099 2969 non
1140 2918 1417 2970 invenirem
1460 2916 1581 2984 quid
1622 2921 1874 2988 facerem,

274 3026 376 3081 quo
402 3011 755 3081 confugerem,
792 3008 837 3063 si
884 3008 1121 3080 judicum
1155 3024 1407 3079 premerer
1435 3017 1710 3079 potestate,
1745 3010 1790 3063 si
1822 3009 1876 3064 in

276 3101 446 3155 medio
485 3101 799 3155 eruditorum
846 3100 1167 3154 consisterem
1204 3110 1401 3166 tecum,
1442 3101 1487 3155 si
1524 3115 1686 3168 vere,
1715 3115 1873 3170 quam

276 3192 443 3260 dicis,
484 3191 699 3246 rationis
729 3192 847 3245 tuba
866 3231 881 3258 ,
927 3206 958 3246 a
991 3199 1043 3245 te
1069 3192 1272 3246 scilicet
1302 3206 1495 3261 magno
1524 3192 1759 3247 tubicine
1789 3192 1873 3247 in-

275 3282 432 3348 ﬂata,
463 3281 509 3335 si
536 3280 827 3335 auditorum
850 3297 994 3334 arma
1020 3281 1457 3335 circumstantium
1484 3290 1538 3337 et
1567 3283 1659 3337 tibi
1688 3282 1873 3339 faven-

275 3373 410 3425 tium
440 3372 845 3441 concreparent?
894 3371 966 3425 ita
992 3372 1134 3425 enim
1184 3372 1275 3427 tibi
1325 3374 1478 3443 ponis
1521 3381 1645 3429 ante
1689 3374 1878 3431 oculos

277 3474 523 3519 nostrum
566 3463 621 3518 in
654 3463 1010 3533 disputatione
1053 3475 1355 3530 certamen,
1400 3476 1455 3522 et
1502 3476 1551 3522 te
1586 3482 1871 3538 argumen-

279 3564 461 3623 tante,
495 3572 581 3611 me
609 3556 735 3625 quid
764 3555 1117 3626 respondeam
1144 3573 1249 3611 non
1270 3556 1553 3613 habentem
1573 3601 1590 3628 ,
1620 3558 1775 3631 lingis
1815 3569 1873 3617 ut

277 3649 473 3717 placet.
506 3648 597 3703 Sic
628 3658 799 3703 tecum
829 3664 962 3703 vana
988 3658 1044 3705 et
1069 3649 1252 3704 insana
1276 3651 1349 3705 tui
1371 3650 1545 3706 cordis
1567 3652 1873 3725 imaginatio

276 3738 568 3807 fabulatur,
598 3741 746 3810 quasi
792 3755 877 3795 me
918 3748 1041 3794 ante
1089 3740 1402 3811 Pelagianos
1446 3742 1653 3811 judices
1697 3754 1870 3799 tecum

275 3830 605 3897 constituas,
651 3830 843 3897 quibus
885 3829 1254 3900 plaudentibus
1299 3833 1391 3888 tibi
1433 3833 1588 3888 liceat
1634 3835 1872 3890 exaltare

274 3932 530 3993 tauquam
583 3924 766 3978 tubam
800 3938 983 3979 vocem
1030 3934 1207 3993 tuam,
1255 3934 1312 3980 et
1358 3926 1647 3997 praedicare
1686 3938 1870 3984 contra

273 4017 601 4072 catholicam
648 4017 806 4072 fidem
832 4028 886 4073 et
912 4026 1094 4073 contra
1120 4019 1347 4090 gratiam
1376 4019 1606 4086 Christi,
1636 4036 1739 4091 qua
1767 4036 1869 4089 pu-

272 4109 381 4165 silli
405 4124 528 4164 cum
570 4110 778 4180 magnis
806 4109 1096 4165 liberantur
1124 4126 1153 4165 a
1195 4112 1365 4177 malo,
1395 4127 1733 4169 communem
1778 4115 1871 4170 tibi

275 4209 331 4256 et
361 4200 468 4255 illis
498 4200 713 4255 novitia:
757 4200 913 4270 hujus
942 4201 1230 4271 impietatis
1259 4219 1516 4258 errorem.
1549 4204 1705 4259 Tales
1727 4205 1871 4275 judi-

271 4305 366 4346 ces
390 4291 443 4345 in
475 4290 714 4346 Ecclesia
747 4291 872 4354 Dei,
918 4307 1016 4346 nec
1045 4295 1159 4346 sine
1186 4293 1494 4347 adversario
1523 4310 1586 4349 ex
1621 4304 1767 4364 parte
1790 4297 1872 4351 al-

270 4391 392 4437 tera
414 4390 591 4437 stante
633 4383 800 4452 potuit
843 4383 1084 4438 eruditur
1107 4394 1283 4439 vester
1324 4385 1568 4456 Pelagius
1610 4387 1866 4444 invenire.

271 4478 351 4533 De
375 4493 482 4549 quo
520 4478 757 4548 judicio,
806 4479 918 4549 ipse
943 4481 1155 4550 quidem
1186 4490 1440 4551 quantum
1484 4482 1549 4537 ad
1594 4482 1868 4539 hominum

270 4579 621 4637 conspectum
668 4569 887 4635 attinet,
917 4572 1067 4626 velut
1110 4571 1419 4638 absolutus,
1464 4583 1643 4629 vestro
1692 4585 1869 4632 tamen

268 4659 446 4729 palam
472 4659 725 4714 damnato
751 4660 998 4732 dogmate
1023 4703 1037 4727 ,
1061 4676 1308 4733 egressus
1331 4673 1431 4717 est.
1463 4664 1531 4718 At
1572 4679 1671 4735 ego
1690 4706 1706 4731 ,
1754 4664 1870 4719 ubi-

270 4766 504 4822 cumque
530 4752 607 4806 sis
627 4794 641 4817 ,
674 4753 995 4823 ubicumque
1022 4754 1197 4824 legere
1242 4755 1338 4809 ista
1367 4756 1601 4825 potueris
1622 4797 1634 4821 ,
1667 4765 1717 4811 te
1743 4765 1867 4811 ante

267 4839 404 4894 istos
424 4841 635 4911 judiccs
664 4842 808 4896 intus
837 4843 890 4896 in
935 4843 1097 4898 corde
1121 4854 1209 4898 tuo
1238 4846 1538 4909 constituo;
1581 4861 1717 4916 quos
1755 4862 1864 4901 non

266 4934 473 4988 amicos
501 4949 650 4987 meos
676 4943 729 4988 ct
748 4935 988 4990 inimicos
1015 4946 1133 4991 tuos
1151 4979 1166 5003 ,
1189 4936 1362 5007 aliqua
1390 4937 1441 4992 in
1464 4954 1634 4993 meam
1662 4949 1865 5011 partem

267 5025 440 5093 gratia
470 5024 898 5094 propendentcs,
944 5027 1121 5095 aliquo
1145 5027 1238 5080 abs
1267 5038 1317 5083 te
1347 5030 1537 5084 merito
1565 5039 1667 5083 tua:
1694 5030 1864 5087 otl'en-

267 5112 440 5167 sionis
463 5128 681 5168 aversos
702 5156 716 5179 ,
750 5127 803 5169 et
840 5117 908 5169 ob
940 5116 1040 5171 hoc
1070 5117 1160 5172 tibi
1192 5118 1446 5173 adversos
1470 5162 1485 5187 ,
1534 5120 1586 5175 in
1616 5121 1715 5177 hac
1768 5139 1866 5178 no-

266 5214 383 5259 stra
433 5205 821 5275 disceptatione
844 5208 1095 5263 constitui
1132 5210 1454 5281 cognitores.
1494 5212 1604 5267 Nec
1639 5228 1733 5268 eos
1772 5214 1863 5285 qui

267 5312 544 5366 nunquam
572 5296 788 5353 fuerunt
813 5309 903 5355 aut
947 5318 1053 5356 non
1087 5313 1244 5369 sunt,
1273 5314 1363 5359 aut
1383 5320 1611 5375 quorum
1640 5316 1861 5363 senten-

267 5386 357 5441 lizl:
384 5386 453 5441 de
483 5387 586 5442 hoc
615 5389 756 5458 quod
781 5390 915 5445 inter
955 5409 1052 5447 nos
1095 5393 1397 5464 disputatur
1442 5397 1659 5453 incerta:
1702 5407 1856 5468 sunt,

264 5478 414 5534 inani
439 5481 759 5549 cogitatione
784 5484 1017 5538 conlinxi
1064 5502 1077 5538 :
1125 5486 1219 5542 sed
1245 5495 1457 5543 sanctos
1484 5498 1538 5543 et
1582 5490 1633 5543 in
1677 5500 1859 5545 sancta

263 5568 509 5624 Ecclesia
556 5572 789 5629 illustres
832 5578 1097 5633 antistites
1154 5578 1282 5647 Dei,
1328 5596 1432 5636 non
1479 5581 1763 5638 Platonicis
1806 5592 1861 5640 et

322 5701 591 5783 1-91"”-
636 5713 688 5754 οι
713 5705 933 5778 Neris"?
958 5716 1083 5783 MSS»
1112 5711 1318 5783 vini/ti.
1349 5712 1392 5765 εἰ
1429 5714 1476 5766 in
1502 5722 1752 5783 (οηερρεια
1773 5716 1860 5782 ju-

270 5762 447 5821 dicwn
463 5779 691 5831 essemus,
713 5762 865 5832 quasi
876 5769 1022 5822 victor
1040 5762 1256 5825 insultas.

1613 334 1814 390 LIBER
1854 334 2227 395 SECUNDUS.

3468 346 3576 407 698

1994 449 2346 506 Aristotelieis
2392 461 2447 507 et
2501 451 2786 512 Zenonicis
2825 456 3049 529 aliisque
3070 457 3464 531 hujuscemodi,
3486 460 3575 520 vel

1991 542 2179 609 graecis
2206 543 2289 596 vel
2313 545 2518 611 latinis,
2560 563 2858 618 quanquam
2888 560 2941 605 et
2987 553 3102 608 istis
3138 555 3343 626 aliquos
3365 571 3572 626 eorum,

1998 642 2183 684 verum
2214 648 2400 689 omnes
2427 637 2593 691 sacris
2622 636 2837 695 Litteris
2856 641 3111 707 eruditos,
3132 646 3442 700 nominatim
3461 647 3572 703 sic-

1997 727 2057 773 ut
2085 722 2363 790 oportebat
2411 728 2682 796 expressi;
2714 745 3005 801 eorumque
3051 737 3377 801 sententias,
3404 753 3578 807 quan-

1992 817 2103 863 tum
2132 810 2377 867 sufficere
2407 815 2700 881 videbatur,
2732 819 2847 874 sine
2890 822 2995 875 ulla
3023 823 3193 879 editas
3235 825 3579 895 ambiguitate

1989 897 2215 967 digessi,
2244 910 2300 954 ut
2340 902 2391 957 in
2422 903 2502 959 eis
2546 906 2769 973 timeas,
2795 925 2901 963 non
2942 910 3117 981 ipsos,
3160 913 3259 968 sed
3296 914 3444 968 illum
3485 916 3576 986 qui

1987 991 2088 1045 sibi
2116 1006 2208 1046 eos
2238 994 2382 1049 utilia
2432 1011 2553 1050 vasa
2582 997 2855 1065 formavit,
2888 1011 2942 1057 et
2982 1014 3161 1059 sancta
3206 1008 3403 1077 templa
3442 1022 3574 1061 con-

1989 1082 2215 1148 struxit;
2256 1085 2345 1153 qui
2376 1094 2501 1141 tunc
2530 1087 2598 1143 de
2645 1091 2743 1144 ista
2771 1107 2928 1147 causa
2955 1094 3325 1162 judicaverunt
3347 1139 3362 1163 ,
3404 1112 3576 1168 quan-

1986 1170 2056 1225 do
2086 1187 2179 1226 eos
2207 1189 2365 1228 nemo
2392 1186 2568 1245 potest
2591 1178 2771 1235 dicere
2799 1196 3075 1251 perperam
3104 1187 3347 1255 cuiquam
3373 1187 3463 1242 vel
3483 1188 3579 1241 ad-

1987 1264 2189 1317 versari
2212 1264 2298 1318 vel
2313 1264 2493 1322 favere
2515 1270 2769 1338 potuisse.
2794 1272 3038 1327 Nondum
3061 1276 3201 1330 enim
3224 1278 3576 1345 exstiteratis,

1986 1362 2169 1406 contra
2209 1370 2344 1424 quos
2384 1358 2781 1427 susciperemus
2798 1361 2866 1418 de
2892 1363 2993 1419 hac
3034 1367 3329 1435 quaestione
3380 1368 3575 1423 confli-

1984 1452 2132 1497 ctum
2154 1462 2167 1497 :
2192 1446 2428 1502 nondum
2450 1450 2635 1517 eratis,
2660 1453 2753 1521 qui»
2774 1453 3024 1511 diceretis
3050 1459 3191 1527 quod
3218 1460 3268 1513 in
3294 1459 3443 1515 libris
3466 1460 3572 1515 tuis

1985 1535 2173 1602 ponis,
2205 1536 2337 1603 Quia
2381 1538 2443 1592 de
2469 1540 2606 1594 vobis
2634 1544 2951 1600 multitudini
2991 1550 3185 1602 mentiti
3221 1552 3493 1619 fuerimus,
3527 1559 3574 1605 et

1983 1625 2117 1693 quod
2138 1626 2549 1684 Celestianorum
2571 1633 2647 1687 vel
2687 1631 3080 1705 Pelagianorum
3107 1641 3308 1695 nomine
3348 1642 3573 1697 homines

1985 1722 2281 1783 teneamus,
2308 1727 2354 1771 et
2379 1720 2515 1789 quod
2536 1730 2725 1776 terrore
2748 1722 2810 1777 ab
2836 1725 3121 1781 hominibus
3146 1730 3171 1759 ι
3187 1738 3571 1799 extorqueamus

1983 1820 2261 1859 assensum.
2308 1809 2466 1863 Certe
2494 1810 2607 1880 ipse
2632 1812 2842 1881 dixisti,
2889 1817 3025 1885 quod
3069 1833 3239 1873 omnes
3266 1820 3467 1890 judiees
3505 1822 3570 1876 ab

1983 1895 2100 1948 odio
2120 1938 2135 1963 ,
2165 1897 2388 1952 amicitia
2408 1941 2421 1966 ,
2441 1900 2707 1957 inimicitia
2726 1945 2739 1968 ,
2767 1905 2845 1958 ira
2870 1921 3051 1961 vacuos
3072 1924 3177 1962 esse
3200 1909 3389 1965 deceat.
3412 1912 3571 1970 Pauci

1985 1987 2116 2042 tales
2152 1997 2442 2058 potuerunt
2481 1992 2706 2049 inveniri
2752 2013 2767 2052 :
2813 1997 2907 2051 sed
2951 1999 3293 2057 Ambrosium
3335 2004 3574 2075 aliosque

1981 2078 2212 2148 collegas
2259 2080 2413 2149 ejus,
2453 2097 2589 2153 quos
2632 2100 2754 2140 cum
2798 2086 2893 2142 illo
2941 2093 3387 2160 commemoravi,
3439 2094 3572 2151 tales

1984 2167 2147 2224 fuisse
2170 2172 2495 2227 credendum
2541 2184 2644 2230 est.
2679 2175 2873 2232 Verum
2898 2188 2952 2234 et
2989 2180 3035 2234 si
3064 2181 3195 2238 tales
3221 2198 3327 2237 non
3358 2182 3573 2243 fuerunt

1983 2258 2035 2313 in
2076 2258 2160 2314 his
2188 2265 2365 2317 causis
2384 2303 2399 2328 ,
2431 2279 2564 2334 quas
2589 2266 2656 2321 ad
2681 2282 2739 2323 se
2766 2268 2970 2325 delatas
3000 2280 3055 2327 et
3097 2272 3236 2328 inter
3263 2284 3444 2345 partes
3470 2293 3571 2333 co-

1980 2350 2188 2420 gnitas,
2220 2367 2341 2408 cum
2372 2354 2459 2411 hic
2486 2356 2760 2426 viverent,
2788 2375 2888 2415 suo
2924 2360 3131 2431 judicio
3168 2361 3449 2435 finierunt;
3499 2368 3570 2424 ad

1982 2443 2119 2499 hanc
2147 2454 2320 2501 tamen
2353 2460 2565 2504 causam
2600 2450 2733 2506 tales
2777 2463 2962 2520 erant,
2988 2455 3201 2525 quando
3223 2457 3291 2513 de
3321 2459 3415 2513 illa
3439 2474 3571 2516 sen-

1984 2535 2175 2590 tentias
2202 2537 2538 2606 protulerunt
2570 2557 2584 2594 :
2634 2540 2808 2596 nullas
2853 2543 3134 2599 nobiseum
3172 2547 3258 2602 vel
3292 2548 3568 2605 vobiscum

1980 2626 2244 2681 amicitias
2288 2628 2665 2698 attenderunt,
2713 2633 2794 2688 vel
2839 2634 3141 2691 inimicitias
3180 2651 3571 2710 exercuerunt;

1980 2733 2154 2789 neque
2179 2719 2331 2776 nobis
2374 2738 2548 2793 neque
2570 2723 2719 2780 vobis
2740 2726 2857 2781 irati
2896 2738 3037 2796 sunt,
3066 2746 3241 2802 neque
3266 2748 3365 2788 nos
3394 2750 3572 2807 neque

1978 2824 2075 2864 vos
2100 2811 2334 2867 miserati
2373 2822 2519 2869 sunt.
2549 2814 2702 2883 Quod
2746 2818 3065 2877 invenerunt
3090 2822 3143 2877 in
3174 2824 3441 2894 Ecclesia,
3485 2836 3569 2884 te-

1980 2912 2245 2968 nuerunt;
2274 2904 2412 2974 quod
2442 2905 2736 2964 didicerunt
2758 2951 2774 2977 ,
2819 2910 3142 2980 docuerunt;
3181 2916 3321 2985 quod
3348 2932 3379 2972 a
3406 2919 3571 2988 patri-

1980 2992 2080 3048 bus
2126 3004 2483 3064 acceperunt,
2516 2998 2619 3054 hoc
2662 2998 2785 3056 filiis
2824 3002 3173 3059 tradiderunt.
3203 3005 3445 3064 Nondum
3476 3024 3571 3064 vo-

1978 3082 2181 3139 biscum
2214 3086 2351 3157 apud
2392 3087 2523 3143 istos
2542 3089 2756 3160 judices
2781 3093 2979 3164 aliquid
3005 3096 3322 3168 agebamus,
3350 3109 3403 3155 et
3426 3101 3567 3171 apud

1977 3191 2072 3232 €08
2099 3188 2216 3233 8013
2259 3187 2342 3235 est
2369 3196 2528 3237 causa
2556 3192 2757 3240 nostra.
2787 3186 2898 3243 Nec
2935 3203 3036 3244 nos
3065 3205 3166 3246 nec
3196 3206 3290 3248 VOS
3334 3193 3413 3249 eis
3453 3193 3567 3249 ηοιί

1978 3268 2248 3327 fueramus
2266 3314 2281 3339 ,
2315 3282 2368 3329 et
2396 3266 2584 3331 eorum
2629 3292 2728 3347 pro
2757 3279 2910 3334 nobis
2939 3282 3073 3337 latas
3098 3294 3283 3339 contra
3321 3302 3418 3341 vos
3441 3303 3568 3343 sel-

1977 3362 2172 3418 tentias
2197 3359 2507 3423 recitamus.
2539 3366 2786 3424 Nondum
2815 3371 3086 3427 vobiscum
3108 3374 3443 3433 eertabamus
3461 3419 3478 3448 ,
3510 3389 3568 3437 et

1976 3453 2055 3510 eis
2080 3457 2543 3525 pronuntiantibus
2570 3459 2841 3517 vicimus.”

2047 3534 2339 3613 55.7Dicis,
2378 3566 2398 3600 ί
2441 3563 2560 3615 me,
2583 3549 2629 3605 si
2666 3552 2765 3606 sub
2790 3560 3053 3624 potestate
3071 3554 3310 3626 iudicum
3344 3573 3563 3629 preme-

1976 3653 2103 3705 rer,
2138 3657 2158 3692 s
2188 3639 2373 3710 quales
2405 3642 2494 3697 tibi
2537 3642 2651 3713 ipse
2696 3646 2975 3715 componis
2998 3687 3013 3712 ,
3048 3665 3068 3699 ι
3107 3662 3212 3702 non
3259 3649 3563 3709 habiturum

1975 3730 2140 3789 fuisse
2168 3733 2292 3803 quid
2320 3733 2571 3801 facerem,
2598 3751 2705 3808 quo
2730 3737 3106 3809 confugerem;
3134 3756 3255 3796 cum
3283 3742 3386 3797 tuis
3409 3759 3569 3816 argu-

1976 3824 2390 3880 mentationibus
2441 3825 2582 3881 unde
2625 3842 2962 3883 occurrerem
3011 3832 3248 3897 reperire
3299 3847 3405 3887 non
3443 3848 3569 3904 pos-

1975 3927 2108 3970 sem.
2150 3932 2170 3966 »
2203 3913 2316 3985 Ego
2346 3914 2500 3985 plane
2546 3916 2797 3974 haberem
2848 3919 2973 3990 quid
3010 3920 3241 3977 facerem
3262 3965 3276 3991 ,
3311 3924 3565 3983 haberem

1975 4021 2081 4076 quo
2110 4008 2456 4079 confugerem
2497 4026 2510 4063 :
2544 4026 2575 4065 a
2604 4009 2901 4082 Pelagianis
2926 4013 3067 4068 enim
3096 4015 3328 4072 tenebris
3355 4017 3421 4073 ad
3452 4018 3568 4077 haec

1976 4105 2084 4152 tam
2116 4101 2370 4167 praeclara
2397 4100 2658 4156 catholica
2698 4103 2897 4157 lumina
2931 4119 3315 4174 provocaretn;
3348 4109 3488 4179 quod
3514 4120 3570 4166 et

1974 4204 2117 4245 nunc
2139 4190 2249 4260 jam
2290 4190 2448 4245 facio.
2479 4191 2556 4246 Tu
2611 4207 2737 4262 ergo
2778 4194 3043 4264 reSponde
3083 4198 3206 4266 quid
3252 4198 3451 4265 facias,
3482 4200 3569 4256 dic

1975 4294 2082 4350 quo
2110 4279 2406 4350 confugias.
2436 4281 2549 4351 Ego
2572 4297 2603 4335 a
2647 4282 2943 4353 Pelagianis
2985 4284 3052 4339 ad
3081 4288 3208 4341 istos
3239 4306 3252 4343 :
3277 4297 3330 4343 tu
3359 4289 3426 4343 ab
3450 4290 3568 4346 istis

1975 4374 2041 4429 ad
2065 4390 2201 4445 quos
2224 4373 2248 4429 τ
2268 4376 2348 4429 An
2375 4376 2497 4446 quia
2531 4395 2549 4429 t
2583 4392 2691 4431 non
2723 4380 3075 4436 numerandas
3099 4424 3114 4449 ,
3138 4383 3232 4437 sed
3259 4384 3567 4454 ponderan-

1974 4467 2071 4523 das
2108 4486 2127 4521 ι
2162 4482 2353 4524 censes
2382 4486 2400 4520 σ
2438 4483 2558 4524 esse
2584 4472 2905 4537 sententias,
2944 4491 2966 4525 ι
2994 4482 3048 4528 et
3074 4474 3226 4530 addis
3256 4477 3422 4546 (quod
3449 4480 3567 4550 qui-

1971 4560 2097 4616 dem
2127 4569 2183 4616 et
2203 4576 2302 4633 ego
2331 4578 2515 4617 verum
2544 4578 2663 4619 esse
2683 4566 3016 4640 consentio),
3056 4587 3075 4621 ι
3104 4569 3169 4623 ad
3196 4570 3392 4641 aliquid
3418 4572 3567 4630 inve-

1971 4653 2231 4710 niendum
2272 4656 2667 4712 multitudinem
2720 4659 2846 4713 nihil
2897 4661 3149 4729 prodesse
3200 4678 3502 4733 caecorum,
3539 4685 3559 4719 ι

1969 4746 2135 4803 etiam
2164 4748 2295 4802 istos
2316 4763 2488 4804 ctecos
2516 4749 2697 4806 dicere
2730 4751 2985 4806 audebis?
3009 4754 3072 4808 Et
3099 4770 3266 4826 usque
3289 4757 3427 4813 adeo
3447 4775 3564 4829 per.

1968 4838 2185 4893 miscuit
2206 4838 2325 4894 imis
2353 4839 2541 4908 longus
2568 4855 2773 4894 summa
2800 4842 2914 4897 dies
2936 4844 3015 4914 (α)
3044 4861 3208 4915 usque
3235 4846 3371 4902 adeo
3412 4860 3562 4906 tene-

1970 4927 2080 4984 brae
2126 4929 2249 4995 lux,
2281 4937 2335 4983 et
2382 4928 2473 4983 lux
2520 4931 2752 4985 tenebra:
2781 4948 2899 4987 esse
2944 4934 3229 5003 dicuntur,
3262 4949 3319 4992 ut
3351 4940 3566 4998 videant

1970 5017 2212 5089 Pelagius
2235 5060 2251 5086 ,
2278 5020 2564 5076 Caelestius
2588 5063 2602 5089 ,
2631 5021 2890 5091 Julianus,
2918 5033 2974 5079 et
3010 5028 3134 5082 czeci
3166 5028 3271 5083 sint
3297 5030 3526 5087 Hilarius
3545 5074 3563 5100 ,

1970 5111 2279 5183 Gregorius,
2304 5114 2657 5170 Ambrosius?
2684 5115 2788 5171 Sed
2829 5119 3233 5191 qualiscumque
3262 5123 3423 5180 homo
3449 5128 3522 5181 sis
3543 5166 3561 5192 ,

1970 5215 2146 5261 tamen
2198 5206 2321 5277 quia
2368 5207 2528 5262 homo
2557 5222 2653 5274 es,
2682 5209 2862 5266 videre
2910 5214 3039 5267 mihi
3088 5216 3273 5271 videor
3301 5232 3562 5273 verecun-

1966 5295 2110 5352 diam
2141 5306 2285 5351 tuam
2310 5296 2392 5369 (si
2421 5306 2599 5354 tamen
2629 5314 2735 5355 non
2767 5301 2821 5355 in
2853 5310 2904 5357 te
2926 5318 3053 5373 spes
3074 5314 3156 5360 est
3181 5308 3354 5361 omnis
3379 5322 3561 5363 emor-

1968 5399 2058 5445 tua
2105 5388 2403 5459 sanitatis),
2431 5398 2487 5445 et
2513 5390 2743 5461 quodam
2783 5393 2943 5449 modo
2979 5396 3139 5451 audio
3169 5411 3349 5451 vocem
3392 5406 3557 5454 tuam.

1964 5481 2311 5553 Respondes,
2346 5481 2501 5538 Absit
2544 5490 2605 5538 ut
2644 5483 2870 5542 audeam
2916 5502 3089 5543 amcos
3134 5489 3447 5549 istos-viros
3472 5491 3560 5549 vel

2029 5634 2046 5704 ξ
2080 5634 2153 5683 sic
2174 5640 2282 5704 ηεξ.
2307 5631 2587 5704 Editivero,
2611 5632 2845 5686 omnibus

2026 5696 2048 5728 ³
2082 5696 2211 5757 Apud
2236 5702 2365 5754 t.ov.,
2389 5696 2640 5745 vincimus.

2026 5781 2098 5842 (tt)
2133 5782 2288 5832 \‘crlga
2310 5782 2502 5838 Lucani,
2535 5779 2738 5829 t'h'trsal.
2767 5778 2850 5829 lib.
2876 5779 2925 5840 3,
2952 5792 3080 5831 vers.
3118 5780 3231 5843 158,
3250 5781 3363 5838 139.
