4038 6464
279 360 372 416 πη
1611 353 1815 410 LIBER
1851 353 2162 412 TERTIUS.

276 482 601 539 sanctorum,
620 471 864 545 profecto
879 476 970 525 aut
982 467 1256 528 sanaberis
1273 466 1367 524 Dei
1384 466 1749 524 misericordia
1771 469 1868 524 do-

277 577 456 633 nante,
479 565 628 637 quod
646 548 900 634 quantum
930 564 1021 618 tibi
1045 572 1245 634 optem,
1269 561 1410 616 videt
1431 562 1520 632 qui
1549 561 1710 618 faciat
1735 581 1752 618 :
1775 572 1866 618 aut

275 659 338 724 si,
356 656 500 728 quod
517 656 822 721 abominor,
840 657 891 709 in
909 655 1094 710 eadem
1112 669 1231 724 qua:
1249 653 1341 708 tibi
1354 653 1563 710 videtur
1583 653 1862 724 sapientia,

275 758 327 803 et
353 756 438 803 est
475 763 668 819 magna
717 747 935 802 stultitia
961 787 975 810 ,
1009 744 1406 814 perduraveris;
1431 759 1538 801 non
1569 755 1624 800 tu
1659 745 1866 815 judices

274 839 597 910 qtiazsiturus
627 854 693 895 es
711 881 728 906 ,
753 839 842 894 ubi
867 853 1084 893 causam
1111 845 1254 892 tuam
1282 851 1511 907 purges;
1543 838 1638 894 sed
1663 838 1752 893 ubi
1787 845 1867 893 tot

273 941 489 988 sanctos
515 931 768 988 doctores
804 929 1048 1002 egregios
1088 938 1246 1000 atque
1276 930 1652 986 memorabiles
1680 929 1867 985 catho-

273 1022 390 1078 iicaa
424 1021 670 1078 veritatis
710 1037 936 1077 accuses
955 1063 972 1087 ,
1001 1019 1258 1077 [renatum
1281 1061 1297 1086 ,
1327 1020 1647 1090 Cyprianum
1668 1061 1683 1085 ,
1713 1019 1864 1075 Reti-

273 1113 412 1166 eium
436 1153 454 1179 ,
495 1111 798 1183 Olympium
819 1152 835 1178 ,
870 1110 1160 1177 Hilarium,
1192 1109 1504 1180 Gregorium
1523 1151 1540 1176 ,
1570 1110 1820 1165 Basilium
1843 1150 1861 1176 ,

274 1202 618 1268 Ambrosium
640 1243 657 1268 ,
687 1202 948 1258 Joannem
966 1241 981 1267 ,
1014 1200 1412 1266 Innocentium,
1440 1201 1823 1272 Hieronymum
1843 1243 1860 1268 ,

3449 367 3555 424 702

1970 478 2301 539 caaterosque
2325 471 2499 526 socios
2555 487 2618 528 ac
2671 474 2956 546 participes
2991 489 3179 532 eorum
3208 518 3221 540 ,
3263 475 3478 546 insuper
3500 489 3557 535 et

1973 560 2272 614 universam
2297 561 2496 617 Christi
2524 564 2814 618 Ecclesium
2835 607 2848 629 ,
2878 567 2962 620 cui
2993 566 3184 621 divinae
3223 569 3432 622 familiae
3458 569 3556 624 do-

1971 653 2166 708 minica
2191 654 2388 710 cibaria
2433 653 2664 710 ﬁdeliter
2687 657 3054 712 ministrantes
3075 701 3090 724 ,
3131 659 3331 730 ingenti
3374 661 3426 714 in
3448 660 3556 716 Do-

1970 745 2118 801 mino
2143 746 2311 816 gloria
2349 747 2673 802 claruerunt.
2705 749 2976 805 Adversus
3003 751 3140 805 hanc
3180 761 3358 806 autem
3387 755 3552 808 mise-

1968 839 2191 893 rabilem
2211 879 2225 903 ,
2251 853 2411 908 quam
2456 838 2597 893 Deus
2643 854 2673 893 a
2702 849 2756 895 te
2792 848 3016 908 avertat,
3034 840 3294 896 insaniam
3315 882 3330 907 ,
3359 842 3434 897 sic
3466 858 3552 898 re-

1961 927 2337 998 spondendum
2383 943 2504 984 esse
2533 930 2686 984 video
2727 929 2876 986 libris
2903 930 3120 996 tuis,ut
3167 931 3298 986 fides
3340 947 3554 1003 quoque

1965 1020 2221 1075 adversus
2242 1030 2294 1076 te
2314 1019 2629 1076 defendatur
2653 1021 2896 1087 istorum;
2923 1022 3061 1078 sicut
3079 1033 3262 1078 contra
3282 1023 3472 1094 impios
3498 1032 3554 1080 et

1967 1111 2160 1166 Christi
2202 1111 2471 1182 professos
2523 1113 2769 1168 inimicos
2816 1113 2975 1169 etiam
3029 1114 3198 1184 ipsum
3245 1112 3552 1170 defenditur

1970 1199 2336 1274 Evangelium.

1292 1428 1774 1536 LIBER
1857 1429 2167 1537 TER
2191 1429 2352 1537 T1
2374 1431 2580 1542 US.

334 1608 810 1684 tulimusdeinceps
829 1621 888 1684 ea
908 1611 1097 1684 ratione
1107 1621 1164 1684 ac
1182 1607 1433 1684 diligentia
1454 1610 1790 1684 confutandus,
1803 1615 1859 1660 ut
1876 1609 2170 1684 adsingitios
2189 1618 2398 1684 quatuor
2591 1613 2740 1666 libros
2759 1621 2961 1684 seorsim
2983 1619 3334 1680 respondeatur
3355 1621 3569 1684 singulis

278 1673 478 1722 totidem
508 1671 672 1742 libris.
719 1671 816 1742 Hoc
856 1673 1021 1742 itaque
1045 1671 1191 1721 tertio
1213 1671 1304 1742 suo
1327 1672 1621 1742 Augustinus
1641 1674 1846 1742 primum
1868 1671 2050 1742 Juliani
2061 1671 2237 1742 librum
2259 1671 2458 1742 refellit",
2480 1675 2529 1724 id
2552 1688 2708 1742 agens
2725 1685 2780 1727 ut
2802 1677 2982 1740 liquido
3012 1671 3260 1742 appareat,
3295 1695 3404 1732 cum
3427 1671 3559 1732 Dens

278 1744 422 1783 verus
469 1741 523 1783 et
564 1734 722 1805 bonus
757 1735 820 1804 sit
856 1733 1104 1805 hominum
1127 1733 1628 1805 conditor,_bonaeque
1650 1733 1762 1805 '_sint
1795 1736 1977 1805 nuptiae
2001 1741 2054 1805 et
2071 1733 2153 1805 ab
2175 1739 2281 1795 ipso
2303 1737 2554 1805 institutas,
2577 1733 2749 1805 malam
2773 1733 2936 1790 tanien
2962 1733 3560 1805 esse'concupiscentiam,

277 1808 368 1857 qua
403 1806 518 1862 caro
549 1803 714 1862 contra
751 1795 971 1855 Spiritum
1011 1795 1321 1862 concupiscit.
1370 1800 1463 1862 Hoc
1495 1792 1620 1862 malo
1651 1796 1782 1862 bene
1816 1792 1886 1843 uti
1927 1792 2206 1856 pudicitiam
2242 1792 2552 1862 conjugalem
2586 1799 2861 1862 meliusque
2885 1815 2981 1850 non
3004 1803 3076 1851 uti
3122 1815 3184 1852 eo
3205 1792 3553 1853 continentiam

277 1855 581 1926 auctiorem.
617 1855 797 1926 _Malum
836 1863 1006 1926 autem
1022 1855 1274 1926 istudnou
1309 1869 1374 1904 ex
1397 1855 1492 1926 alia
1511 1856 1784 1926 substantia
1796 1855 2056 1926 quamnon
2082 1862 2210 1926 Deus
2229 1855 2516 1926 condiderit,
2541 1866 2596 1926 ut
2621 1855 2898 1926 ttanieliieus
2923 1865 3113 1926 insanit,
3135 1867 3273 1912 nobis
3298 1878 3409 1914 esse
3443 1877 3556 1926 pcr-

277 1919 476 1989 mixtum
490 1931 522 1989 ς.
539 1916 630 1966 sed
673 1929 762 1989 per
787 1918 895 1989 tida:
926 1917 1320 1989 inobedientiam
1343 1923 1572 1989 exprtum
1601 1925 1748 1978 atque
1775 1916 2063 1989 traductum,
2091 1924 2142 1989 et
2179 1931 2271 1989 per
2300 1921 2474 1989 (sbi-isti
2504 1916 2840 1989 'obedientiam
2865 1916 3155 1984 expiandum
3194 1933 3341 1988 atque
3379 1916 3558 1977 satian-

276 1977 384 2050 dum
406 1979 589 2050 2‘01}le
624 1975 734 2050 mali
758 1975 1312 2050 obligatioueuiniplimt
1340 1977 1508 2048 debita
1547 1975 1688 2048 paena
1729 1984 2028 2050 nascentem,
2069 1975 2215 2050 solvit
2250 1979 2466 2030 indebita
2503 1983 2660 2042 gratia
2699 1975 3058 2050 renascentem.
3107 1992 3169 2050 Ex
3205 1975 3323 2048 ipsis
3352 1975 3552 2050 qucque

277 2038 442 2088 .tuliani
463 2037 609 2090 dictis
642 2038 813 2087 malam
835 2037 1026 2088 ostendi
1050 2037 1303 2088 libidinem
1327 2051 1339 2087 :
1366 2039 1547 2149 quiﬁge
1591 2040 1675 2100 qui
1699 2045 1750 2087 et
1771 2037 1988 2087 remedia
2010 2045 2178 2088 contra
2202 2050 2311 2090 eam
2353 2037 2603 2105 agnoscat,
2640 2051 2693 2094 et
2731 2045 2922 2094 ratione
2963 2046 3145 2097 frenari
3180 2037 3290 2098 eam
3320 2037 3556 2110 μειλίξω

277 2099 485 2149 denique
506 2101 637 2149 diem.
679 2099 888 2149 gloriosa
908 2101 960 2149 in
989 2100 1143 2149 ipsam
1164 2113 1197 2149 a
1216 2099 1448 2149 eontinen
1471 2100 1480 2109 '
1518 2110 1581 2148 us
1600 2101 1827 2149 exerceri
1857 2104 2146 2149 certamina.

277 2099 485 2164 denique
506 2101 637 2151 dicat
679 2099 888 2163 gloriosa
908 2101 960 2151 in
989 2100 1143 2164 ipsam
1164 2113 1197 2150 a
1216 2099 1448 2151 continen

1471 2100 1581 2148 ibus
1600 2101 1827 2149 exerceri
1857 2104 2146 2152 certamina.

1569 2205 2260 2248 «099‘.—

344 2329 573 2388 CAPUT
620 2328 910 2386 PRIMUM.
939 2355 1013 2372 -—
1039 2329 1094 2385 l.
1120 2328 1236 2386 Jam
1261 2343 1437 2396 nunc,
1466 2329 1586 2400 quia
1619 2329 1732 2385 sine
1760 2329 1860 2384 du-

276 2422 362 2479 bio
387 2430 467 2478 tot
499 2431 874 2494 tantorumque
896 2430 1198 2477 sanctorum
1220 2463 1237 2488 ,
1280 2431 1334 2478 et
1375 2422 1426 2477 in
1457 2423 1623 2478 sacris
1647 2423 1861 2478 Litteris

277 2515 638 2582 eruditorum,
679 2522 736 2570 et
779 2514 831 2569 in
863 2513 1116 2569 Ecclesia:
1145 2513 1406 2583 regimine
1432 2521 1540 2567 tam
1575 2513 1715 2567 clara
1744 2527 1860 2567 me-

280 2606 446 2660 moria
477 2613 533 2660 et
568 2604 722 2660 laude
748 2604 1062 2676 pollentium
1089 2603 1391 2659 auctoritati
1415 2603 1458 2658 si
1480 2618 1584 2658 non
1613 2605 1857 2670 cesseris,

282 2711 379 2752 nec
423 2696 790 2767 acquieveris,
840 2696 954 2751 sive
998 2695 1533 2752 contumeliosissime
1578 2696 1717 2752 sicut
1753 2710 1860 2764 me,

273 2787 383 2844 sive
412 2785 537 2844 illos
558 2788 912 2844 verecundius
943 2797 1000 2845 et
1039 2789 1224 2844 mitius
1244 2804 1366 2854 cum
1402 2789 1577 2860 aliqua
1605 2803 1862 2859 persona-

274 2893 386 2937 rum
412 2878 724 2950 acceptione
742 2879 1070 2944 tractaveris,
1099 2888 1276 2935 tamen
1303 2880 1460 2934 etiam
1487 2880 1632 2950 ipsos
1655 2894 1865 2936 errasse

272 2968 512 3025 dicturus
540 2984 602 3025 es
628 2988 643 3026 :
676 2970 745 3024 ita
776 2970 900 3036 tibi,
931 2969 1124 3026 dilecte
1150 2968 1224 3025 illi
1252 2969 1479 3036 Juliane,
1510 2972 1735 3027 Domino
1763 2971 1863 3027 do-

271 3069 434 3118 laute
461 3059 794 3131 respondere
821 3061 992 3117 debeo
1014 3102 1030 3129 ,
1061 3069 1116 3117 et
1152 3061 1228 3116 sic
1257 3069 1376 3115 tuos
1402 3061 1566 3116 libros
1595 3071 1752 3132 atque
1779 3079 1865 3118 ar-

271 3160 523 3225 gumenta
551 3152 804 3210 refellere
827 3196 842 3223 ,
870 3155 998 3210 utsi
1037 3155 1237 3226 possis,
1279 3154 1541 3226 intelligas
1560 3198 1576 3224 ,
1608 3157 1744 3211 male
1768 3157 1861 3212 tibi

271 3243 436 3302 fuisse
466 3259 802 3316 persuasum,
837 3244 979 3316 quod
1006 3245 1123 3300 aliis
1147 3244 1469 3315 persuadere
1499 3246 1703 3300 moliris
1729 3263 1743 3310 ;
1778 3255 1860 3302 te-

271 3349 372 3405 que
408 3333 698 3391 salubriter
727 3336 981 3406 pceniteat
1012 3336 1237 3391 incautae
1277 3351 1338 3390 ac
1379 3337 1673 3392 temerariae
1711 3337 1862 3408 juve-

272 3428 390 3484 nilis
432 3427 824 3500 progressionis
859 3437 913 3484 et
945 3428 1299 3500 prolapsionis
1329 3437 1467 3494 tute,
1515 3445 1618 3484 non
1659 3439 1860 3486 tantum

275 3517 364 3572 tibi
391 3526 481 3572 tua
507 3518 861 3586 correctione,
901 3533 1084 3574 verum
1115 3520 1273 3574 etiam
1303 3520 1542 3589 pluribus
1563 3523 1857 3590 profutura,

274 3610 716 3680 cognoscentibus
739 3610 891 3666 vobis
909 3610 1076 3681 atque
1103 3610 1390 3667 fatentibus
1425 3627 1583 3682 quam
1612 3629 1714 3667 non
1743 3613 1861 3668 ina-

274 3700 411 3757 liter
445 3715 716 3772 quamque
761 3701 1023 3757 veraciter
1071 3710 1149 3756 tot
1194 3710 1249 3758 et
1291 3703 1418 3757 tanti
1449 3703 1893 3761 christianorum‘

277 3800 514 3849 rectores
551 3793 906 3864 doctoresque
946 3793 1267 3865 populorum
1294 3793 1396 3850 hoc
1423 3794 1474 3849 in
1502 3794 1742 3852 Ecclesia
1768 3796 1859 3852 Dei

278 3882 561 3940 didicerint
587 3892 642 3939 ct
664 3882 978 3950 docuerint,
1011 3883 1150 3954 quod
1180 3883 1292 3940 veri
1319 3885 1478 3940 simili
1510 3887 1742 3942 novitate
1767 3887 1861 3943 de-

277 3975 413 4045 cepti
439 3973 739 4046 cupiebatis
766 3982 1029 4030 evertere.
1065 3974 1121 4030 Si
1147 3984 1324 4030 autem
1344 4017 1358 4042 ,
1386 3975 1526 4046 quod
1552 3976 1646 4032 abs
1678 3986 1729 4032 te
1758 3978 1861 4033 Do-

276 4068 449 4124 minus
474 4075 721 4136 avertat,
768 4069 852 4124 vel
889 4069 967 4124 sic
996 4069 1329 4124 tenebratmn
1366 4084 1461 4124 cor
1485 4068 1735 4125 habueris
1757 4113 1773 4138 ,
1803 4078 1860 4126 ut

275 4159 573 4232 intelligere
597 4159 697 4215 ista
733 4175 838 4216 non
864 4160 1071 4230 possis;
1119 4160 1204 4215 vel
1234 4175 1303 4214 cx
1331 4175 1394 4215 co
1421 4176 1645 4216 numero
1670 4159 1855 4230 fueris,

276 4264 406 4320 quos
435 4251 490 4304 in
519 4250 720 4304 sanctis
743 4250 966 4305 Psalmis
1007 4251 1202 4306 veritas
1232 4261 1378 4306 notat
1415 4251 1627 4320 dicens,
1679 4251 1860 4307 Noluit

277 4343 590 4414 intelligere,
633 4351 691 4397 ut
734 4345 854 4398 bene
890 4353 1056 4416 ageret
1099 4343 1266 4416 (Psal.
1308 4361 1492 4410 xxxv,
1521 4345 1620 4418 4);
1667 4347 1750 4402 vel
1793 4363 1860 4403 ex

277 4449 360 4501 eo,
385 4435 456 4490 de
484 4434 731 4506 qualibus
759 4434 884 4491 item
911 4435 1168 4508 scriptum
1198 4446 1314 4502 est,
1355 4434 1528 4491 Verbis
1559 4454 1658 4492 non
1688 4455 1859 4494 emen-

276 4528 474 4583 dabitur
499 4544 670 4584 εει-ναι
691 4529 889 4595 durus;
915 4529 961 4584 si
989 4529 1122 4584 enim
1146 4538 1193 4584 et
1223 4529 1550 4598 intellexerit,
1580 4548 1680 4586 non
1711 4532 1860 4586 obau-

274 4620 373 4676 Δία
397 4618 586 4692 (Prov.
617 4635 747 4676 χιιι
768 4662 784 4690 ,
817 4621 908 4693 19)
955 4638 969 4675 :
1002 4636 1104 4678 nec
1137 4621 1214 4678 sic
1245 4621 1346 4677 erit
1375 4623 1472 4678 iste
1503 4622 1860 4679 infructuosus

276 4709 425 4768 labor
453 4712 542 4768 vel
572 4727 756 4779 meus,
786 4712 872 4768 vel
899 4712 1121 4768 aliorum
1150 4712 1394 4779 fratrum,
1427 4715 1513 4785 qui
1542 4730 1638 4785 per
1663 4715 1858 4770 Christi

274 4805 492 4876 gratiam
535 4813 718 4860 contra
761 4803 903 4859 hunc
944 4818 1182 4859 errorem
1212 4803 1527 4860 catholicam
1569 4805 1858 4861 defendunt

279 4894 457 4950 fidem.
487 4894 652 4949 Multo
697 4894 927 4964 amplius
952 4895 1093 4950 enim
1125 4901 1282 4948 erunt
1305 4907 1438 4964 quos
1477 4896 1689 4967 antiqua
1721 4897 1857 4952 veri—

279 4992 353 5040 tas
379 4985 464 5040 vel
494 4985 722 5040 instruat
764 4984 979 5040 defensa
1001 5025 1016 5051 ,
1049 4983 1134 5039 vel
1158 4985 1422 5055 corrigat,
1451 4985 1494 5039 si
1537 5002 1640 5040 non
1676 4985 1858 5042 defue-

275 5087 389 5131 runt
415 5089 553 5146 quos
594 5075 837 5147 irrepens
866 5089 1016 5131 error
1045 5075 1291 5134 insolitus
1317 5078 1334 5110 ι
1365 5085 1458 5132 aut
1493 5076 1850 5143 subverteret,

278 5178 358 5222 aut
377 5177 636 5224 moveret.
670 5171 746 5224 Ac
773 5183 844 5224 ne
879 5167 1093 5239 longum
1123 5169 1330 5234 faciam,
1359 5184 1465 5225 non
1494 5169 1672 5225 omnia
1692 5171 1853 5227 verba

281 5268 358 5316 tua
384 5277 578 5331 ponam
605 5279 620 5328 ;
666 5261 758 5316 sed
790 5263 833 5316 si
867 5261 1121 5316 Dominus
1145 5262 1406 5332 adjuvcrit
1428 5304 1443 5327 ,
1475 5271 1684 5317 tuarum
1711 5263 1858 5318 velut

277 5365 538 5410 acutarum
561 5356 1076 5426 argumentationum
1103 5356 1233 5412 nihil
1254 5373 1358 5413 non
1387 5357 1618 5414 solutum
1645 5357 1854 5416 destru-

274 5453 520 5517 ctumque
544 5447 831 5504 dimittam.

340 5539 394 5594 2.
439 5541 515 5597 De
557 5540 855 5611 iudicibus,
908 5560 928 5594 ‹
957 5541 1096 5614 apud
1143 5557 1277 5614 quos
1333 5551 1612 5614 propterea
1644 5561 1662 5595 ι
1719 5542 1853 5600 dicis

279 5645 301 5682 α
336 5647 434 5686 non
463 5634 698 5703 potuisse
725 5649 820 5689 vos
847 5649 1006 5705 agere
1031 5647 1245 5690 causam
1269 5645 1518 5703 vestram,
1552 5635 1671 5707 quia
1694 5650 1854 5691 nemo

336 5743 355 5776 ¹
387 5744 520 5813 lditi,
544 5744 787 5798 inuolutus".
809 5756 984 5799 omnes
1004 5755 1129 5811 Mss,
1153 5746 1382 5800 insolitus.

1967 2308 2035 2365 de
2059 2312 2220 2366 rebus
2245 2309 2420 2367 dubiis
2439 2311 2574 2368 bene
2598 2313 2863 2370 consultat
2886 2356 2900 2380 ,
2931 2315 3034 2370 nisi
3070 2315 3159 2387 qui
3187 2317 3255 2372 ab
3284 2317 3406 2375 odio
3427 2360 3444 2388 ,
3473 2319 3552 2375 ira

1969 2407 2024 2456 et
2073 2401 2304 2456 amicitia
2361 2417 2587 2457 vacuum
2643 2415 2826 2473 pectus
2879 2405 3150 2473 attulerit;
3206 2409 3390 2478 quales
3443 2425 3552 2466 non

1968 2490 2133 2548 fuisse
2173 2511 2193 2546 ι
2239 2491 2409 2562 dicis,
2447 2511 2467 2546 ι
2499 2494 2588 2565 qui
2625 2494 2692 2550 de
2738 2509 2897 2550 causa
2941 2505 3115 2552 vestra
3159 2497 3553 2568 iudicaverunt,

1969 2585 2092 2654 quia
2122 2584 2271 2654 prius
2295 2599 2414 2641 eam
2439 2593 2716 2655 coeperunt
2749 2585 2928 2642 odisse
2954 2603 3110 2658 quam
3143 2604 3301 2646 nosse
3322 2631 3338 2656 ,
3376 2609 3398 2644 ι
3440 2591 3552 2657 jam

1969 2673 2183 2743 quidem
2207 2675 2484 2744 superiore
2510 2675 2644 2730 libro
2666 2677 2915 2746 respondi
2945 2677 3079 2751 (Lib.
3102 2679 3158 2747 2,
3188 2697 3240 2734 n.
3260 2681 3350 2751 54)
3379 2699 3392 2735 :
3417 2681 3552 2748 Quia

1968 2763 2015 2820 si
2059 2765 2193 2820 tales
2224 2763 2466 2836 judices,
2513 2767 2697 2837 quales
2725 2767 2988 2837 definivit,
3034 2769 3177 2827 unde
3215 2771 3316 2826 hoc
3344 2771 3548 2837 dixisti,

1969 2853 2281 2923 Sallustius,
2309 2857 2619 2927 quzereretis
2642 2875 2658 2925 ;
2683 2867 2868 2915 sancto
2894 2859 3180 2917 Ambrosio
3200 2871 3254 2917 et
3274 2862 3553 2933 coepisco-

1971 2946 2053 3017 pis
2083 2947 2231 3017 ejus,
2272 2947 2358 3017 qui
2385 2947 2453 3003 de
2499 2948 2598 3024 hac
2633 2964 2690 3004 re
2724 2950 2791 3005 ab
2832 2951 2954 3006 odio
2982 2955 3146 3007 vestri
3173 2953 3256 3008 vel
3295 2954 3551 3020 amicitia,

1968 3039 2053 3094 vel
2079 3038 2179 3107 ira,
2204 3041 2288 3096 vel
2312 3040 2454 3111 quod
2477 3051 2531 3095 tu
2559 3055 2664 3096 non
2687 3043 2928 3113 posuisti,
2952 3044 3045 3100 sed
3071 3044 3353 3101 Sallustius
3377 3047 3554 3117 posuit

1970 3128 2071 3202 (De
2095 3129 2455 3202 Conjuratione
2471 3132 2724 3203 Catilinae,
2751 3135 2804 3188 in
2832 3137 3057 3191 oratione
3080 3135 3318 3210 Cwsaris)
3335 3180 3349 3205 ,
3379 3141 3541 3194 misc-

1968 3221 2196 3278 ricordia
2228 3237 2324 3293 pro
2353 3223 2534 3290 vobis,
2573 3225 2657 3280 vel
2692 3236 2878 3281 contra
2919 3242 3014 3283 vos
3036 3268 3053 3296 ,
3093 3243 3318 3285 vacuum
3363 3238 3555 3298 pectus

1970 3315 2306 3379 habuerunt,
2354 3317 2564 3387 quando
2598 3317 2664 3374 de
2709 3317 2810 3374 hac
2843 3335 2902 3376 re
2944 3335 3099 3377 veras
3138 3321 3555 3393 tranquillasque

1967 3407 2260 3462 sententias
2291 3408 2640 3477 protulerunt,
2672 3411 2853 3480 utique
2876 3411 3138 3468 cedcrctis
3165 3415 3206 3468 ί.
3236 3413 3382 3482 Quos
3407 3427 3550 3468 nunc

1966 3499 2118 3554 vobis
2143 3514 2329 3570 parum
2357 3509 2439 3555 est
2461 3499 2668 3572 judices
2695 3503 2836 3558 nolle
2855 3544 2871 3569 ,
2911 3504 3013 3559 nisi
3042 3505 3201 3561 etiam
3231 3519 3354 3562 reos
3378 3504 3556 3562 facere

1969 3589 2188 3661 insuper
2216 3590 2476 3647 audeatis.
2509 3591 2616 3648 Sed
2637 3634 2652 3660 ,
2678 3593 2901 3650 obsecro
2932 3605 2983 3650 te
3003 3635 3017 3662 ,
3045 3595 3311 3667 quomodo
3336 3609 3552 3652 causam

1969 3691 2198 3739 vestram
2231 3685 2319 3754 qui
2342 3684 2729 3743 damnaverunt
2756 3696 2878 3744 ante
2905 3689 3373 3759 coeperuntodisse
3391 3705 3553 3760 quam

1969 3777 2166 3831 nosse?
2195 3775 2294 3843 Qui
2332 3793 2450 3834 eam
2493 3779 2676 3848 procul
2721 3781 2883 3837 dubio
2919 3783 3041 3854 quia
3087 3793 3372 3850 noverant,
3419 3784 3554 3840 ode-

1951 3876 2089 3953 .rant
2111 3868 2153 3918 ί.
2197 3867 2471 3924 Noverant
2497 3870 2639 3926 enim
2665 3887 2762 3928 vos
2791 3872 2970 3930 dicere
2989 3915 3004 3942 ,
3049 3874 3183 3929 nihil
3210 3875 3334 3931 mali
3361 3888 3556 3946 parvu-

1967 3957 2050 4012 los
2071 3956 2269 4014 habere
2293 3959 2580 4027 nascendo,
2605 3961 2744 4032 quod
2767 3963 2974 4034 purgari
2993 3963 3185 4020 debeat
3205 3963 3555 4022 renascentia.
3625 4003 3635 4020 .

1968 4047 2240 4104 Noverant
2275 4066 2370 4105 vos
2395 4051 2612 4119 dicere,
2663 4053 2884 4124 gratiam
2912 4055 3004 4110 Dci
3035 4056 3328 4112 secundum
3364 4057 3554 4112 merita

1968 4150 2150 4197 nostra
2180 4143 2293 4197 dari
2323 4160 2336 4196 :
2369 4152 2428 4198 ut
2446 4144 2555 4214 jam
2582 4146 2749 4216 gratia
2778 4161 2881 4200 non
2910 4156 3051 4202 esset
3077 4147 3247 4219 gratia
3277 4147 3453 4222 (Rom.
3477 4164 3556 4212 xi,

1968 4230 2022 4302 6)
2047 4273 2061 4298 ,
2092 4232 2213 4301 quia
2245 4249 2349 4287 non
2380 4234 2545 4303 gratis
2571 4235 2788 4291 daretur
2812 4278 2826 4300 ,
2871 4235 2966 4291 sed
2997 4238 3288 4293 secundum
3313 4239 3551 4295 debitum

1967 4325 2298 4380 redderetur.
2345 4325 2614 4380 Noverant
2641 4341 2736 4380 vos
2776 4325 2989 4394 dicere,
3038 4329 3307 4384 hominem
3347 4330 3401 4384 in
3453 4329 3555 4384 hac

1967 4415 2075 4469 vita
2114 4429 2276 4486 posse
2320 4415 2520 4469 nullum
2567 4416 2764 4472 habere
2799 4425 3108 4487 peccatum;
3155 4428 3212 4473 ut
3253 4434 3359 4474 non
3395 4420 3443 4475 ei
3487 4421 3557 4475 sit

1968 4507 2331 4563 necessarium
2361 4548 2377 4574 ,
2419 4507 2561 4578 quod
2609 4509 2661 4563 in
2699 4509 2940 4565 oratione
2978 4510 3246 4566 dominica
3289 4521 3396 4566 tota
3425 4511 3554 4566 dicit

1969 4598 2206 4655 Ecclesia
2227 4641 2242 4666 ,
2283 4597 2492 4653 Dimitte
2521 4600 2662 4654 nobis
2687 4600 2852 4656 debila
2886 4611 3058 4656 nostra
3091 4601 3303 4674 (Matth.
3331 4619 3406 4671 VI,
3441 4605 3553 4671 12).

1968 4688 2093 4745 limc
2122 4691 2172 4744 in
2196 4690 2349 4745 vobis
2378 4702 2655 4759 noverant,
2691 4701 2746 4748 et
2774 4693 3068 4750 rectissime
3086 4695 3308 4750 oderant
3338 4695 3378 4748 ³.
3410 4696 3551 4751 Dcni

1967 4795 2072 4851 que
2093 4781 2159 4834 ab
2186 4781 2264 4835 eis
2289 4796 2385 4835 vos
2412 4793 2679 4836 correctos
2705 4783 2980 4852 noverint,
3009 4793 3065 4839 et
3092 4786 3364 4840 amabunt.
3414 4787 3554 4854 Quo.

1967 4874 2108 4927 niam
2158 4888 2264 4928 non
2307 4874 2441 4928 sicut
2474 4872 2640 4940 dicis,
2689 4893 2708 4927 ‹
2741 4873 2796 4930 Si
2828 4876 2945 4944 quis
2975 4885 3067 4931 aut
3104 4876 3329 4932 liberum
3359 4877 3410 4932 in
3455 4882 3554 4931 ho-

1968 4963 2202 5018 minibus
2228 4964 2503 5020 arbitrium
2526 5006 2540 5029 ,
2584 4973 2677 5020 aut
2713 4966 2876 5021 Deum
2918 4981 3038 5022 esse
3076 4971 3405 5024 nascentium
3429 4983 3547 5022 con-

1965 5055 2194 5112 ditorem
2220 5057 2434 5125 dixerit,
2464 5056 2777 5129 Pelagianus
2801 5069 2854 5114 et
2879 5057 3230 5116 leestianus
3256 5071 3502 5117 vocatur.-
3529 5081 3549 5113 ι

1966 5149 2061 5206 sed
2090 5150 2178 5220 qui
2214 5149 2510 5204 libertatem
2540 5151 2591 5205 in
2619 5166 2776 5221 quam
2806 5152 2976 5206 vocati
2999 5167 3184 5209 sumus
3212 5156 3266 5220 ⁸,
3301 5168 3404 5208 non
3434 5167 3553 5223 gra-

1967 5244 2055 5300 tia:
2106 5244 2199 5300 Dei
2254 5243 2531 5311 tribuerit;
2575 5252 2632 5300 et
2675 5243 2763 5316 qui
2813 5245 3160 5316 parvulorum
3213 5245 3555 5302 liberatorem

2029 5376 2048 5409 ι
2085 5384 2181 5425 Am.
2207 5382 2259 5425 et
2279 5381 2412 5436 Mss,
2434 5373 2714 5426 crederetis.

2027 5439 2048 5469 ²
2079 5439 2151 5488 sic
2172 5443 2283 5487 Itss.
2318 5444 2374 5488 At
2398 5435 2516 5488 editi
2538 5451 2551 5486 :
2575 5436 2694 5498 Quia
2714 5449 2819 5489 eam
2835 5435 3004 5502 procul
3024 5436 3170 5488 dubio
3183 5442 3428 5496 noverant,
3443 5437 3555 5488 odeh

1962 5505 2090 5551 rant.

2027 5563 2049 5594 ³
2080 5560 2267 5631 aliquot
2289 5567 2395 5631 Mss.
2419 5559 2498 5611 hic
2520 5559 2702 5631 addunt
2717 5574 2742 5631 V:_
2767 5571 2878 5612 ηιιέ
2909 5561 2958 5631 in
2990 5558 3119 5631 vobis
3146 5564 3453 5631 nouerunt,e_t
3475 5572 3556 5631 re-

1961 5619 2182 5674 ctissime
2191 5622 2410 5672 oderunt.
2431 5631 2532 5673 Mox
2559 5623 2611 5676 in
2630 5624 2798 5674 editis:
2820 5621 3029 5685 Denique
3051 5621 3095 5674 si
3109 5619 3170 5671 ab
3191 5619 3278 5672 eis.
3304 5626 3469 5684 Abest,
3489 5621 3556 5686 si,

1961 5697 1990 5735 ι
2014 5685 2362 5754 nuituiscriptis.
2541 5743 2571 5754 γ,

2025 5749 2049 5780 δ
2077 5753 2205 5808 Mss,
2229 5749 2282 5796 in
2303 5759 2400 5808 qua
2417 5749 2571 5798 vocati
2589 5759 2765 5800 statuis
