4038 6482
430 429 698 487 Christum
723 433 1025 504 negaverit;
1055 442 1109 492 et
1137 437 1226 506 qui
1253 439 1498 511 cuiquam
1525 442 1578 497 in
1605 441 1706 500 hac
1730 445 1836 501 vita
1859 447 2007 519 justo

428 520 660 591 aliquam
690 523 743 578 in
772 525 1036 582 dominica
1069 529 1310 586 oratione
1353 533 1692 602 petitionem,
1738 555 1844 595 non
1885 557 2009 610 pro-

429 620 550 680 pter
592 613 762 683 ipsum
805 615 1000 673 dixerit
1040 623 1436 689 necessariam;
1488 624 1604 695 ipse
1665 627 1824 700 hujus
1857 648 2006 687 erro-

425 699 503 754 ris
529 703 719 771 accipit
743 718 938 760 nomen
961 747 978 773 ,
1016 707 1137 777 quia
1159 723 1343 776 errore
1365 715 1720 772 communicat
1742 699 1982 777 crimen..

495 789 549 844 5.
577 790 694 846 Jam
720 807 848 848 vero
877 795 1296 868 Manichaeorum.
1309 803 1532 860 crimine
1551 847 1566 872 ,
1603 823 1722 878 quae
1742 811 2003 868 catholica

421 876 623 934 lumina
647 882 846 940 audeas
862 925 879 952 ,
914 887 1001 942 vel
1036 896 1092 944 te
1115 892 1324 947 nescias
1341 934 1368 960 ,.
1395 895 1478 950 vel
1506 897 1714 954 nescire
1737 908 1789 956 te
1811 899 2000 972 ﬁngas,

423 969 714 1039 infamare,
758 989 865 1030 non
901 988 1035 1048 Opus
1059 989 1144 1035 est
1182 980 1269 1037 hic
1304 983 1504 1041 dicere.
1546 987 1719 1059 Sane,
1761 999 1818 1046 ut
1843 991 1998 1060 dicis,

419 1060 462 1117 si
499 1079 519 1114 ‹
556 1077 654 1132 pro
680 1064 830 1121 vobis
856 1070 1031 1136 potius
1057 1071 1125 1126 ab
1147 1071 1473 1143 lmperatore
1500 1091 1946 1149 responsumest,
1971 1101 1993 1138 ο

415 1164 514 1207 cur
543 1167 648 1207 non
689 1155 741 1208 in
772 1157 1005 1213 medium
1041 1162 1295 1230 prosilitis
1317 1207 1334 1232 ,
1379 1174 1434 1222 et
1470 1167 1574 1224 hoc
1602 1171 1742 1228 ultro
1769 1173 1999 1243 publicis

412 1243 768 1307 potestatibus
793 1246 1072 1319 allegatis,
1095 1267 1191 1307 vos
1215 1267 1337 1310 esse
1356 1267 1747 1329 monstrantes,
1770 1277 1996 1334 quorum

412 1319 738 1391 Christianus
773 1340 1017 1410 princeps
1041 1345 1358 1413 approbavit
1385 1346 1586 1406 (idem?
1613 1319 1994 1414 VerumsiDei

411 1420 586 1489 legem
627 1440 741 1479 non
765 1428 905 1483 sicut
940 1443 1064 1486 sese
1094 1431 1288 1502 habet,
1337 1437 1436 1493 sed
1457 1439 1596 1497 sicut
1619 1442 1770 1499 vobis
1798 1446 1992 1516 placet,

409 1509 739 1585 intelligitis;
796 1520 925 1588 quid
966 1522 1160 1579 mirum
1199 1526 1245 1580 si
1283 1537 1339 1583 et
1373 1529 1444 1586 de
1485 1531 1605 1604 lege
1653 1509 1993 1608 Imperatoris

407 1597 512 1656 hoc
555 1603 776 1662 facitis?
811 1608 916 1665 Sed
961 1609 1074 1668 haec
1103 1624 1156 1670 te
1193 1615 1325 1672 alias
1360 1597 1749 1681 exsecuturum.
1779 1629 1991 1700 plenius

405 1691 698 1761 polliceris.
752 1696 903 1766 Quod
951 1701 996 1758 si
1053 1703 1273 1772 feceris,
1313 1719 1414 1766 aut
1459 1691 1810 1786 redarguetur
1853 1721 1991 1778 sicut

406 1780 770 1856 insidiosum;
825 1799 922 1847 aut
968 1803 1342 1874 contemnemr
1389 1801 1532 1860 sicut
1584 1780 1790 1878 illane,
1841 1813 1984 1883 quod

403 1868 596 1928 feceris
625 1875 667 1929 θ.
788 1916 793 1920 ι
911 1915 916 1921 σ

473 1961 528 2017 4.
574 1961 744 2032 Quam
786 1982 917 2024 vero
955 1969 1098 2030 lauta
1127 1983 1189 2032 et
1222 1976 1399 2050 lepida
1437 1990 1533 2038 est
1559 1987 1847 2056 gratulatio
1875 1998 1982 2058 tua,

397 2052 543 2122 quod
577 2072 597 2108 ι
633 2071 797 2113 unum
831 2077 852 2114 ι
886 2061 1020 2120 dicis
1049 2083 1080 2118 ι
1105 2081 1401 2140 egressum,
1431 2075 1522 2144 qui
1548 2052 1600 2131 ill
1633 2091 1692 2134 se
1719 2052 1983 2138 summam

399 2143 571 2211 praelii
601 2146 756 2202 sitam
785 2159 936 2220 Optat
958 2152 1214 2228 intelligi;
1242 2177 1264 2213 ›
1297 2143 1545 2222 videlicet
1566 2176 1624 2223 ut
1640 2169 1936 2243 Pelagianis
1957 2176 1979 2209 ·

400 2241 458 2288 tu
489 2233 716 2294 videaris
746 2239 910 2297 David
929 2284 945 2310 ,
989 2261 1090 2318 ego
1114 2260 1290 2306 autem
1320 2251 1523 2311 Golias.
1572 2233 1811 2329 Videris,
1839 2263 1887 2320 si
1924 2273 1980 2321 tu

396 2321 502 2380 hoc
529 2324 780 2383 induxisti
809 2340 1021 2400 pactum
1047 2345 1104 2392 et
1129 2337 1382 2409 placitum
1412 2359 1534 2401 cum
1571 2321 1894 2422 Pelagianis,
1922 2365 1982 2411 ut

397 2415 446 2471 si
478 2417 648 2476 victus
668 2420 1014 2494 fueris,'nihil
1041 2429 1263 2488 ulterius
1282 2433 1357 2490 illi
1381 2437 1630 2497 audeant.
1662 2415 1776 2514 Ego
1800 2415 1977 2504 autem

391 2503 533 2562 absit
562 2517 620 2564 ut
656 2510 731 2566 ad
747 2518 1173 2576 monomachi‘am
1199 2537 1296 2580 vos
1334 2541 1622 2596 provocem
1643 2571 1658 2598 ,
1690 2503 1826 2605 quos
1862 2503 1978 2593 ubi?

390 2608 626 2668 cumque
645 2608 994 2673 apparueriti's
1011 2650 1029 2677 ,
1058 2611 1252 2683 ubique
1271 2614 1496 2676 dimisus
1523 2620 1719 2681 Christi
1745 2626 1977 2686 debellat

387 2690 690 2759 exercitus;
732 2695 824 2764 qui
870 2697 1161 2758 debellavit
1213 2707 1354 2776 apud
1381 2708 1756 2783 Carthaginem
1794 2715 1973 2776 Coale-

387 2776 572 2847 stium,
599 2783 810 2851 quando
825 2786 935 2844 illic
961 2789 1076 2860 ipse
1096 2807 1202 2850 non
1223 2810 1404 2864 eram;
1433 2809 1488 2856 et
1511 2776 1696 2861 rursus
1723 2805 1974 2875 Constan-

389 2867 613 2940 tinopoli
655 2873 731 2946 (a)
772 2885 880 2935 tam
926 2879 1084 2954 longe
1117 2898 1149 2941 a
1185 2888 1495 2960 regionibus
1535 2895 1800 2956 Africanis
1834 2871 1856 2958 τ’
1881 2903 1972 2974 qui

384 2958 672 3020 debellavit
695 2966 746 3022 in
778 2968 1059 3030 Palmstina
1085 2958 1376 3050 Pelagium,
1399 2982 1487 3040 ubi
1505 3000 1718 3045 causam
1739 2958 1970 3051 vestram

384 3062 501 3106 sua:
528 3051 888 3116 damnationis
918 3062 1110 3122 timore
1133 3067 1403 3128 damnavit
1435 3091 1449 3130 :
1481 3075 1553 3132 ibi
1579 3078 1722 3135 enim
1751 3083 1969 3142 omnino

382 3142 580 3198 cecidit
607 3144 828 3207 haeresis
854 3163 1050 3212 vestra.
1081 3158 1148 3214 Et
1174 3162 1294 3231 quia
1321 3163 1448 3235 ille,
1488 3168 1641 3239 cujus
1664 3170 1830 3243 figura
1853 3185 1969 3233 erat

383 3232 573 3304 David,
602 3250 788 3299 contra
814 3259 940 3302 suos
967 3249 1300 3311 adversarios
1330 3256 1383 3312 in
1407 3259 1519 3316 suis
1545 3265 1792 3322 omnibus
1820 3267 1965 3324 mili-

378 3323 520 3382 tibus
548 3341 776 3400 pugnat,
820 3350 1059 3397 errorem
1088 3353 1326 3402 vestrum
1358 3349 1518 3405 etiam
1550 3352 1746 3426 Pelagii
1784 3358 1964 3430 lingua

377 3424 629 3490 tanquam
659 3423 682 3455 ⁸
725 3431 976 3497 prostrati
1014 3441 1069 3488 et
1104 3434 1332 3504 jacentis
1371 3441 1546 3512 gladio
1593 3423 1962 3507 detruncavit.

373 3505 508 3565 Nam
535 3514 676 3582 quod
703 3525 756 3572 tu
774 3517 1102 3592 dedignaris,
1136 3544 1156 3579 ς
1187 3505 1468 3600 propterea
1485 3550 1578 3591 vos
1600 3552 1768 3594 novos
1793 3505 1964 3600 hiare;

265 3671 272 3678 _
373 3597 508 3654 ticos
532 3601 656 3672 dici,
688 3606 809 3676 quia
827 3623 986 3667 omne
1006 3597 1204 3671 malum
1222 3597 1363 3688 quod
1383 3633 1660 3692 peccatum
1689 3628 1958 3704 delinitur,

370 3691 610 3748 asseritis
646 3709 751 3750 non
801 3698 854 3753 in
891 3711 1098 3771 natura,
1145 3708 1239 3763 sed
1269 3709 1325 3764 in
1345 3691 1458 3768 sola
1481 3715 1753 3777 voluntate
1779 3725 1959 3781 consi-

369 3788 536 3849 stere,
569 3801 590 3836 ι
614 3783 725 3856 jam
751 3790 902 3848 vobis
925 3793 1170 3866 Pelagius
1190 3841 1205 3867 ,
1236 3801 1345 3858 imo
1373 3819 1472 3874 per
1496 3807 1729 3880 linguam
1758 3813 1958 3889 Pelagii

369 3869 630 3932 Dominus
679 3884 992 3950 amputavit.
1047 3887 1264 3948 Tilnens
1316 3869 1514 3968 quippe
1559 3869 1648 3958 ille
1691 3869 1958 3979 damna},-
1987 3922 2000 3932 ‘

366 3960 640 4023 damnavit
663 3981 756 4026 eos
784 3974 872 4043 qui
901 3976 1086 4034 dicunt
1105 4021 1120 4047 ,
1152 3960 1379 4043 infantes
1408 3960 1615 4049 etiamsi
1646 4011 1754 4053 non

365 4061 573 4125 zentur,
603 4057 799 4118 habere
827 4065 984 4122 vitam
1013 4079 1286 4130 aeternam.
1326 4076 1426 4148 Qui
1452 4096 1580 4154 ergo
1607 4089 1808 4158 negatis
1834 4057 1955 4151 esse

365 4143 420 4200 in
447 4151 667 4218 parvulo
691 4157 927 4228 malum,
973 4164 1113 4234 quod
1143 4143 1461 4238 Baptismate
1485 4143 1749 4248 diluatur;
1793 4183 1954 4241 dicite

364 4253 472 4307 quo
517 4244 709 4300 merito
755 4252 1002 4317 parvulus
1048 4271 1152 4312 non
1198 4258 1491 4330 baptizatus
1533 4244 1744 4325 aeterna
1779 4284 1951 4332 morte

363 4332 644 4401 plectatur.
669 4338 772 4396 Sed
803 4345 929 4414 quid
975 4349 1107 4404 estis
1147 4351 1376 4425 dicturi,
1423 4360 1524 4415 nisi
1563 4362 1700 4420 forte
1731 4365 1950 4440 Pelagio

361 4426 691 4484 maledicturi
713 4433 736 4486 ἲ
761 4433 859 4501 Qui
883 4445 1056 4494 tamen
1079 4440 1125 4495 si
1145 4443 1295 4501 vobis
1321 4448 1762 4512 maledicentibus
1786 4426 1954 4529 dicat,

362 4515 429 4572 Et
451 4520 573 4589 quid
595 4523 799 4582 velletis
817 4537 873 4582 ut
896 4528 1166 4588 facerem?
1187 4551 1254 4590 an
1282 4537 1492 4598 dicellle
1507 4543 1740 4613 Chlisto,
1767 4548 1828 4605 Si
1846 4515 1947 4608 ιιοᾶ

359 4609 782 4670 manducauerilt's
820 4635 980 4674 meam
1021 4639 1258 4694 carnem,
1303 4638 1350 4683 et
1384 4630 1604 4689 biberitis
1632 4654 1795 4693 meum
1822 4657 1946 4696 san-

355 4699 558 4767 guinem
579 4743 595 4767 ,
646 4720 746 4759 non
784 4708 1023 4767 habebitis
1059 4715 1209 4769 vitam
1239 4718 1291 4772 in
1331 4720 1467 4777 vobis
1495 4723 1672 4795 (Joan.
1700 4743 1782 4794 vr,
1815 4731 1942 4804 54);

355 4788 590 4846 dicturus
620 4794 819 4853 fueram
861 4805 1134 4870 parvulum
1167 4807 1468 4868 habiturum
1496 4817 1676 4886 vitam,
1706 4822 1796 4890 qui
1823 4825 1942 4883 sine

353 4879 456 4934 isto
482 4882 824 4944 Sacramenta
870 4892 1072 4951 finisset
1115 4898 1250 4955 hanc
1278 4904 1484 4962 vitam?
1527 4920 1656 4979 puto
1675 4916 1815 4984 quod
1847 4934 1940 4976 vos

353 4971 693 5032 maledixisse
736 4977 938 5039 homini
984 4990 1276 5056 paenitebit.
1319 4994 1437 5051 Jam
1473 4971 1567 5056 vos
1605 4971 1734 5075 ergo
1781 5009 1940 5066 totius

351 5067 606 5132 pmnitcat
636 5068 794 5139 hujus
822 5080 1041 5135 erroris.

419 5155 473 5212 5.
505 5156 583 5214 Ne
623 5175 934 5230 argumento
961 5171 1262 5231 miserrimo
1291 5182 1546 5252 utamini,
1574 5202 1680 5257 quo
1705 5191 1940 5249 universi

348 5256 566 5305 utuntur
584 5252 844 5325 haeretici,
874 5276 1009 5330 quos
1036 5278 1065 5317 a
1098 5270 1397 5336 perniciosa
1426 5252 1639 5334 licentia
1666 5281 1812 5355 leges
1836 5286 1937 5342 im-

411 5360 430 5443 1
459 5361 803 5443 acre-fdi?
826 5382 962 5443 γενρν
983 5377 1113 5438 quod
1132 5380 1319 5443 faleris-

408 5421 431 5496 ξ
459 5429 581 5496 'ires
606 5433 735 5488 Μελ,
762 5421 1069 5496 ιιειαᾳίιὶηἷὶὲῖ

411 5482 587 5584 ἷηέἕὲῗ
841 5482 1317 5584 ίξὲέζξξξι-Βιὲδξζιςῃι,
1344 5509 1488 5584 etiam
1507 5512 1694 5584 pelagi?
1718 5517 1932 5584 (iugum

344 5545 1055 5647 secutus

345 5616 408 5666 Pu
441 5613 550 5666 nat,
575 5613 643 5669 in,
657 5623 912 5720 onu.
1135 5613 1541 5632 ~~~~.w_.....
1585 5613 1926 5647 “.me

345 5617 863 5770 mmmam}?
879 5683 1606 5770 familiaritas.enemies.
1641 5699 1706 5753 de
1746 5705 1926 5770 εςηοαο

343 5731 853 5798 Ooustantinopohtalla
877 5745 970 5794 sub

1223 319 1495 378 CONTRA
1532 321 1869 386 JULIANUH
1905 331 2368 413 PELAGIANUM,
2408 345 2467 401 S.
2505 347 2870 413 AUGUSTINI

3588 376 3703 437 7m

2114 463 2822 562 peratorum'catholicorum
2852 484 3118 544 premunt.
3145 477 3346 542 Omnes
3367 487 3566 562 quippe
3587 493 3692 550 llu-
3757 553 3768 561 ,

2107 543 2342 614 jusmodi
2366 550 2582 623 dicunt,
2627 562 2768 630 quod
2793 543 2907 634 ipse
2938 567 3152 639 dixisti,
3188 591 3209 626 ‹
3247 543 3525 639 ιρι)οῆἔὲ
3540 543 3696 644 Elei.

2111 645 2314 704 partem
2339 645 2564 703 rationis
2579 649 2775 720 ln0pia,
2797 670 2917 725 quae
2957 659 3012 714 in
3032 660 3343 723 disserendo
3367 683 3487 727 cum
3511 680 3692 733 terro-

2107 741 2222 783 rem
2264 733 2552 810 subrogat,
2599 744 2799 801 nullum
2823 763 2852 804 a
2883 752 3231 820 prudentibus
3267 758 3551 835 impetrat,
3590 770 3694 828 sed

2104 833 2305 879 aecum
2331 841 2362 882 a
2387 831 2710 892 meticulosis
2730 847 3011 913 extorquet
3032 831 3376 906 assensum.)
3409 831 3545 911 Novi
3569 861 3694 929 qui-

2103 910 2227 967 dem
2251 914 2485 976 hieretici
2511 938 2605 980 vos
2630 929 2759 984 estis
2776 968 2794 989 .
2831 910 2928 988 sed
2957 935 3110 992 istam
3141 955 3276 1005 pene
3305 947 3546 1003 omnium
3571 910 3692 1005 lite-

2105 1008 2404 1066 reticorum
2429 1018 2666 1068 veterem
2694 1026 2880 1069 vocem
2904 1027 3026 1069 cum
3050 1017 3258 1071 caeteris
3284 1020 3574 1086 agnovistis
3597 1031 3694 1076 at:-

2102 1114 2210 1172 que
2251 1103 2521 1159 tenuistis.
2575 1102 2688 1160 Nec
2731 1118 2828 1160 vos
2873 1120 2975 1161 nec
3022 1106 3156 1162 alios
3202 1106 3503 1178 decipiatis,
3537 1110 3694 1168 velut

2103 1193 2264 1249 talem
2293 1209 2482 1250 vocem
2525 1196 2784 1254 habentes
2823 1197 3105 1255 adversum
3155 1215 3274 1266 nos,
3327 1202 3536 1273 qualem
3582 1218 3688 1261 nos

2098 1284 2380 1341 adversum
2428 1287 2760 1358 Donatistae,
2806 1303 2944 1361 quos
2981 1291 3052 1348 ad
3094 1293 3441 1350 Collationem
3493 1297 3685 1352 nobis-

2096 1390 2220 1432 cum
2268 1377 2452 1434 venire
2491 1394 2587 1448 per
2625 1380 2899 1450 imperial:
2940 1381 3090 1453 jussa
3131 1385 3487 1456 compulimus
3532 1387 3684 1458 (illo.

2094 1481 2214 1525 rum
2255 1470 2402 1526 enim
2455 1471 2604 1526 furor
2653 1484 3005 1544 occupaverat
3051 1474 3285 1533 Africam
3333 1487 3529 1546 totam,
3575 1491 3695 1537 nec

2091 1559 2445 1632 prmdicaria
2478 1561 2768 1621 Catholicis
2793 1567 3072 1622 veritatem
3111 1577 3295 1624 contra
3321 1585 3478 1626 suum
3506 1570 3672 1641 patie-

2091 1651 2286 1708 bantur
2310 1667 2568 1722 errorem,
2597 1655 2849 1712 violentis
2889 1659 3341 1729 aggressionibus,
3389 1662 3686 1718 latrocinao

2090 1741 2381 1812 tionibus',
2433 1743 2682 1800 itinerum
2727 1747 3113 1818 obsidionibus,
3165 1752 3392 1823 rapinis,
3439 1753 3690 1824 ignibus,

2087 1832 2323 1889 caedibus
2347 1835 2511 1890 multa
2535 1843 2826 1904 vastantes,
2855 1850 3046 1896 cuncta
3074 1844 3390 1914 terrentes):
3413 1859 3534 1900 cum
3553 1847 3676 1917 qui-

2084 1922 2186 1980 bus
2221 1924 2362 1995 apud
2401 1926 2704 1999 episcopos,
2747 1945 2884 2000 quos
2922 1946 3232 1990 communes
3279 1950 3385 1991 non
3433 1935 3675 1994 habeba-

2083 2029 2226 2082 mus,
2253 2015 2388 2071 nihil
2413 2031 2572 2088 agere
2610 2029 2944 2088 poteramus;
2996 2023 3138 2093 quod
3179 2039 3309 2080 vero
3345 2036 3470 2099 ante
3497 2027 3674 2086 ferme
3726 2058 3729 2060 >

2080 2114 2295 2160 centum
2322 2121 2493 2164 annos
2533 2110 2765 2180 majores
2793 2113 2961 2168 nostri
2990 2129 3112 2171 cum
3157 2117 3238 2172 eis
3283 2127 3523 2188 egerant,
3550 2121 3671 2191 jam

2079 2196 2399 2267 populorum
2440 2203 2696 2258 memoria
2723 2219 2832 2258 non
2861 2205 3090 2262 tenebat.
3124 2207 3249 2264 Hec
3288 2208 3449 2281 igitur
3471 2227 3669 2270 neces-

2075 2288 2206 2343 sitas
2229 2291 2506 2360 compulit,
2538 2300 2595 2347 ut
2619 2293 2806 2350 saltem
2831 2297 2997 2366 gestis
3018 2308 3198 2356 nostra
3220 2300 3513 2360 Collatione
3529 2319 3669 2362 con-

2073 2378 2249 2450 fectis,
2279 2397 2472 2439 eorum
2505 2386 2957 2446 contunderemus
3002 2391 3452 2463 iuverecundiam,
3483 2407 3538 2454 et
3567 2414 3678 2455 re-

2072 2477 2428 2548 primeremus
2450 2481 2744 2539 audaciam.
2789 2482 2976 2540 Vestra
3018 2501 3150 2543 vero
3174 2489 3314 2559 apud
3342 2502 3679 2562 competens-

2066 2566 2325 2640 judicium
2344 2571 2702 2627 communium
2727 2573 3098 2646 episcoporum
3125 2578 3288 2635 modo
3312 2595 3474 2636 causa
3502 2583 3680 2675 ﬁnita.

2068 2667 2184 2716 est:
2214 2674 2318 2717 nec
2340 2662 2569 2733 amplius
2616 2663 2888 2721 vobiscum
2929 2667 3206 2738 agendum.
3235 2679 3364 2739 est,
3389 2674 3679 2744 quantum.

2065 2749 2136 2806 ad
2155 2751 2244 2823 jus
2267 2754 2528 2811 examinis
2557 2757 2806 2826 pertinet,
2832 2757 2935 2814 nisi
2965 2768 3023 2815 ut
3048 2761 3310 2831 prolatam
3349 2763 3418 2821 de
3459 2765 3562 2824 bac
3591 2784 3682 2825 re-

2063 2846 2382 2933 senteptiam
2410 2863 2536 2933 cum_
2562 2852 3012 2933 pace‘sequamini
3036 2867 3051 2907 :
3077 2855 3221 2927 quod
3255 2858 3303 2914 si
3342 2860 3652 2933 nolueritis,

2071 2928 2102 2966 a
2130 2917 2430 2977 turbulenta
2455 2917 2828 2987 velfinsidiosa
2870 2917 3232 3008 inquietudine
3272 2917 3657 3006 catamiti:

2069 3003 2286 3065 Similes
2313 3021 2490 3074 autem
2504 3017 2694 3086 potius
2711 3022 2844 3078 estis
2863 3003 3286 3102 Maaimianistis,
3317 3038 3408 3106 qui
3437 3003 3683 3111 cupien;

2070 3103 2152 3152 tes
2176 3099 2514 3171 exiguitatem
2543 3122 2694 3164 suam
2725 3115 2942 3172 nomine
2969 3118 3160 3176 saltem
3195 3099 3661 3187 certaminis-cou-

2068 3187 2249 3253 solari,
2283 3201 2338 3246 et
2365 3193 2486 3250 ideo
2517 3197 2683 3256 videri
2723 3203 2922 3276 aliquid
2947 3209 3086 3280 apud
3117 3227 3215 3269 eos
3235 3255 3251 3279 ,
3295 3217 3488 3288 quibus
3515 3235 3653 3278 cons

2067 3281 2390 3350 temptibiles
2435 3296 2627 3358 erant,
2679 3294 2802 3362 quia
2847 3297 2982 3354 inire
3021 3281 3664 3374 nobiscumsinerentur-

2064 3385 2322 3441 examen;
2372 3377 2774 3450 interpellalltes
2805 3403 2899 3445 eos
2938 3399 2995 3447 et
3021 3392 3259 3453 libellum
3283 3398 3474 3458 dantes
3513 3419 3651 3474 pro-

2063 3475 2421 3538 vocantesque
2448 3477 2882 3545 contempsimus.
2905 3481 3071 3554 Magis
3093 3487 3236 3542 enim
3261 3489 3330 3545 de
3354 3495 3676 3552 certamine:

2063 3557 2323 3613 nominari
2351 3558 2758 3634 desiderabant,
2805 3587 2962 3640 quam
3002 3575 3357 3636 formidabant
3388 3583 3442 3639 in
3483 3597 3666 3643 certa-~

2060 3645 2208 3702 mille
2243 3657 2480 3720 superari
2513 3671 2527 3708 :
2557 3670 2656 3712 nec
2699 3662 2986 3730 sperabant
3005 3666 3240 3726 victoria:
3257 3672 3476 3743 gloriam
3495 3717 3512 3744 ,
3551 3678 3672 3734 sed-

2060 3735 2254 3794 famam
2282 3743 2625 3814 requirebant
2647 3749 2979 3824 Collationis,
3007 3758 3128 3828 quia
3155 3735 3510 3822 multitudinis
3534 3785 3645 3824 non

2060 3828 2344 3890 habebant.
2371 3836 2427 3893 Si
2453 3853 2581 3911 ergo
2607 3845 2803 3912 putatis
2831 3845 2953 3904 ideo
2977 3865 3072 3907 vos
3094 3867 3214 3910 esse
3240 3857 3489 3928 victores,
3517 3864 3650 3932 quia

2057 3939 2166 3980 non
2223 3927 2376 3985 vobis
2424 3929 2605 3988 datum
2661 3944 2748 3992 est
2794 3940 2952 4009 quale
3005 3941 3322 4003 desideratis
3373 3927 3644 4022 examen;

2057 4015 2461 4078 Maximianistae
2484 4039 2580 4080 vos
2615 4026 2683 4082 ad
2721 4029 2822 4086 ista
2860 4033 3166 4108 vaniloquia
3211 4056 3643 4110 praecesserunt:

2054 4111 2300 4178 quamvis
2337 4112 2547 4171 dederit
2585 4119 2738 4175 vobis
2774 4122 3014 4182 Ecclesia
3052 4129 3313 4188 catholica
3354 4135 3641 4207 judicium,

2054 4201 2209 4270 quale
2235 4202 2452 4274 debuit,
2484 4208 2572 4264 ubi
2601 4226 2762 4269 causa
2791 4226 2966 4273 vestra
2994 4220 3255 4282 (inita-cst
3281 4243 3295 4280 :
3325 4201 3430 4284 illis
3455 4201 3640 4288 autem

2053 4293 2254 4348 nullum
2279 4295 2410 4352 dare
2433 4298 2646 4370 dignata
2673 4313 2784 4372 est;
2825 4309 2949 4378 quia
2977 4327 3084 4368 non
3115 4329 3146 4367 a
3177 4317 3330 4372 nobis
3354 4321 3492 4376 sicut
3517 4339 3640 4391 vos,

2051 4385 2144 4437 sed
2166 4385 2507 4445 a.Donatistis
2545 4390 2758 4450 fuerant
2783 4403 3065 4472 segregati.
3094 4405 3148 4462 Si
3176 4417 3355 4465 autem
3382 4411 3434 4466 in
3473 4414 3646 4471 Maxi-

2051 4476 2314 4534 mianistis
2348 4481 2540 4538 videtis
2577 4501 2684 4542 non
2724 4504 2843 4546 esse
2871 4509 3241 4569 consequens,
3293 4507 3467 4576 utqui
3506 4523 3613 4564 con

2051 4566 2190 4624 ferre
2220 4571 2274 4626 in
2303 4572 2481 4645 aliquo
2504 4575 2707 4646 judicio
2736 4599 2842 4638 non
2872 4566 3120 4645 sinuntur
3139 4633 3156 4660 ,
3204 4566 3376 4664 putari
3397 4566 3640 4656 'debealit

2048 4657 2115 4714 de
2141 4662 2364 4720 veritate
2400 4667 2676 4726 conlidere
2706 4689 2719 4726 :
2750 4675 2916 4732 nolite
2964 4679 3184 4738 ulterius
3220 4685 3336 4742 haec
3378 4705 3510 4745 vana
3545 4693 3637 4760 ja-

2047 4760 2230 4818 ctare;
2263 4755 2519 4828 vobisque
2544 4760 2795 4833 sufliciat,
2822 4768 2962 4838 quod
2988 4787 3084 4828 vos
3104 4773 3342 4833 Ecclesia
3367 4781 3634 4839 catholica

2045 4852 2099 4897 et
2120 4853 2359 4900 materna
2381 4847 2600 4906 lenitate
2619 4857 2908 4927 sustinuit,
2938 4870 2993 4918 et
3015 4863 3632 4941 jlldiciaria-severitate,

2044 4934 2125 4988 vel
2149 4936 2324 5004 potius
2349 4939 2647 4999 medicinali
2681 4952 2996 5009 necessitate
3021 4955 3310 5016 damnavit.

2114 5023 2166 5080 6.
2207 5026 2310 5082 Sed
2332 5044 2400 5085 lle
2424 5033 2706 5102 superﬂuis
2731 5039 3113 5114 immoremur,
3145 5051 3628 5115 omittotumllltlls

2041 5115 2442 5176 maledictorum
2477 5133 2531 5179 et
2571 5130 2932 5190 conviciorum
2975 5147 3223 5210 tuorum,
3262 5145 3376 5201 sive
3415 5164 3534 5218 qua:
3567 5152 3622 5207 in

2038 5207 2298 5279 principio
2334 5217 2646 5286 congessisti
2675 5224 2854 5292 operis
2881 5228 2986 5295 tui,
3013 5232 3126 5289 sive
3164 5251 3283 5306 quae
3309 5253 3406 5308 per
3432 5256 3628 5300 omnes

2037 5299 2254 5356 eosdem
2281 5314 2508 5374 quatuor
2537 5309 2699 5369 libros
2725 5329 2861 5385 pene
2886 5335 3147 5393 nusquam
3178 5299 3429 5402 spargere
3452 5333 3630 5392 desti-

2039 5389 2145 5444 tisti
2168 5406 2184 5457 ;
2211 5409 2279 5448 ne
2303 5399 2552 5465 gravibus
2578 5401 2879 5464 hominibus
2905 5389 3093 5469 neuter
3119 5389 3358 5476 nostrain
3386 5424 3632 5495 disputa~

2037 5487 2123 5536 tor
2146 5485 2341 5553 gravis,
2356 5489 2449 5543 sed
2476 5491 2604 5548 levis
2629 5503 2850 5568 uterque
2875 5502 3106 5574 litigator
3130 5523 3401 5582 appareat.
3428 5485 3627 5574 Videa-

2033 5587 2153 5627 mus
2173 5573 2284 5646 jam
2313 5582 2484 5648 potius
2508 5583 2633 5652 quid
2660 5587 2848 5645 afferas
2867 5632 2885 5660 ,
2916 5573 3054 5653 unde
3082 5573 3214 5664 me,
3234 5602 3372 5658 sicut
3401 5611 3628 5675 promit-

2033 5662 2132 5728 tis,
2185 5667 2436 5725 ostendas
2487 5673 2726 5733 homines
2777 5688 2834 5735 et
2881 5686 3090 5755 nuptias
3145 5662 3360 5748 diabolo
3402 5662 3632 5758 auctori.

2098 5778 2114 5807 ι
2150 5785 2327 5832 unae
2350 5788 2455 5838 Mss.
2472 5783 2694 5846 Gallicani
2722 5800 2772 5844 et
2797 5797 3018 5849 vaticant.
3045 5797 3458 5860 ιιανοσεηαηιίὸω.
