4038 6476
257 345 371 408 705

261 465 565 609 "2%
589 549 657 608 II.
682 578 755 592 —-
777 550 831 605 7.
855 548 1009 606 Certe
1039 546 1404 620 redarguenda
1432 548 1522 602 tibi
1552 564 1670 602 mea
1695 547 1858 603 verba

257 645 558 718 proponis;
594 642 786 714 quibus
829 641 1113 713 propositis
1156 641 1298 696 velut
1340 640 1686 711 respondens,
1733 655 1857 709 per-

271 737 499 794 suadere
544 734 793 798 conaris,
848 751 867 784 ι
904 742 1092 787 contra
1142 747 1227 786 me
1274 732 1447 801 ipsum
1490 731 1720 785 locutum
1770 745 1856 784 me

262 828 466 883 fuisse:
494 826 583 897 qui
613 840 734 881 cum
763 833 985 896 propter
1010 838 1182 877 meam
1212 820 1576 877 defensionem
1608 821 1851 887 dixerim,

261 918 331 975 ab
358 916 629 973 btereticis
660 916 809 971 novis
839 914 942 969 dici
987 928 1085 967 nos
1113 913 1458 967 damnatores
1492 926 1612 966 esse
1642 911 1854 981 nuptia-

262 1026 382 1073 rum
404 1052 421 1076 ,
452 1010 738 1081 Operisque
765 1007 951 1070 divini,
980 1014 1163 1077 postea
1190 1004 1242 1059 id
1267 1003 1598 1071 abstulerim,
1630 1001 1856 1058 dicendo

264 1102 316 1158 in
340 1101 507 1157 semis
533 1100 727 1155 unciis"
757 1098 1015 1169 possideri
1044 1097 1314 1151 hominem
1344 1103 1654 1151 nascentem
1683 1109 1714 1149 a
1743 1094 1855 1149 Deo

264 1203 316 1249 et
359 1209 391 1248 a
435 1192 670 1259 diabolo,
716 1190 800 1246 vel
843 1192 1014 1259 potius
1054 1198 1221 1243 tutum
1260 1203 1291 1242 a
1330 1187 1541 1243 diabolo
1571 1185 1851 1257 possideri,

262 1296 486 1353 prorsus
509 1282 727 1336 excluso
748 1280 864 1336 Deo
890 1280 1034 1334 velut
1056 1278 1124 1333 ab
1149 1278 1401 1333 universa
1430 1292 1523 1331 sua
1544 1277 1852 1347 possessio-

264 1388 352 1439 ne,
382 1372 527 1443 quod
555 1380 638 1427 est
663 1371 842 1427 homo.
883 1388 901 1423 ι
926 1369 1149 1427 ὐῠί-οει
1176 1385 1399 1425 acumen
1432 1377 1600 1434 tuum,
1630 1384 1737 1439 quo
1761 1367 1853 1422 tibi

262 1464 461 1520 videris
483 1474 536 1520 et
575 1463 872 1535 categorias
897 1462 1260 1518 AriStotelicas
1284 1471 1589 1529 assecutus,
1617 1472 1666 1517 et
1694 1460 1851 1516 aliam

264 1558 557 1613 dialectica:
573 1557 701 1612 artis
716 1554 1003 1611 astutiam?
1020 1555 1165 1611 Itane
1190 1570 1294 1609 non
1311 1554 1541 1610 attendis
1562 1555 1684 1620 hoc,
1710 1550 1853 1623 quod

265 1646 395 1701 mihi
420 1646 490 1703 de
524 1646 759 1718 parvulis
792 1645 1069 1717 obiecisti,
1101 1644 1170 1700 de
1201 1644 1523 1715 quibuslibet
1563 1642 1853 1714 majoribus

263 1736 421 1792 malis
452 1737 760 1793 hominibus
786 1737 994 1807 utrique
1023 1744 1262 1791 nostrum
1291 1734 1449 1806 objici
1479 1750 1636 1805 posse
1659 1734 1727 1791 ab
1755 1735 1852 1788 ali-

264 1842 370 1900 quo
395 1828 707 1883 adversario
739 1828 1014 1883 veritatis?
1044 1827 1318 1898 Interrogo
1346 1826 1489 1883 enim
1517 1835 1590 1895 te,
1634 1825 1761 1897 quid
1787 1825 1853 1883 de

269 1917 505 1973 nondum
534 1926 847 1989 regenerato
876 1918 1090 1973 homine
1134 1918 1366 1987 pessimo
1389 1932 1726 1987 quocumque
1765 1931 1854 1973 re-

265 2012 556 2079 spondeas.
587 2009 786 2065 Saltem
827 2010 985 2063 istum
1022 2007 1295 2064 confiteris
1333 2022 1454 2063 esse
1492 2008 1591 2064 sub
1620 2007 1852 2076 diabolo,

262 2101 365 2155 nisi
403 2108 723 2156 renascatur
762 2098 816 2154 in
854 2098 1108 2155 Christo:
1140 2114 1207 2154 an
1236 2109 1290 2155 et
1315 2098 1419 2155 hoc
1446 2098 1648 2170 uegas'?
1673 2099 1728 2155 Si
1755 2115 1848 2156 ne-

264 2207 375 2264 gas,
408 2192 501 2264 qui
528 2200 653 2247 sunt
678 2207 805 2263 ergo
833 2207 966 2262 quos
994 2192 1133 2246 Deus
1156 2192 1294 2247 eruit
1322 2190 1390 2246 de
1413 2198 1680 2261 potestate
1707 2199 1855 2246 tene-

265 2284 502 2349 brarum.
531 2293 588 2340 et
617 2282 869 2339 transfert
896 2283 961 2337 ad
990 2297 1211 2354 regnum
1242 2280 1366 2337 Filii
1394 2281 1670 2338 charitatis
1697 2280 1848 2337 sum?

266 2377 318 2432 Si
346 2385 526 2432 autem
556 2376 850 2443 confiteris,
881 2390 1065 2447 qumro
1095 2384 1270 2429 utrum
1315 2374 1370 2429 in
1410 2373 1501 2429 tali
1543 2372 1760 2427 homine
1797 2373 1851 2427 in

267 2478 530 2539 potestate
572 2467 745 2523 adhuc
784 2468 956 2539 posito
986 2467 1325 2522 tenebrarum
1362 2464 1559 2520 habeat
1584 2464 1723 2520 Deus
1749 2463 1851 2518 ali-

266 2575 422 2630 quam
470 2567 810 2631 potestatem.
840 2558 894 2613 Si
926 2554 1153 2622 dixeris,
1181 2555 1297 2613 Non
1327 2555 1486 2611 habet
1514 2573 1527 2611 :
1560 2554 1855 2627 responde-

268 2650 410 2705 bitur
462 2650 581 2715 tibi,
616 2650 753 2720 Ergo
779 2650 918 2704 Deus
944 2648 1009 2703 de
1034 2663 1130 2703 sua
1179 2647 1517 2718 possessione
1560 2662 1589 2701 a
1639 2646 1853 2702 diabolo

266 2741 513 2796 exclusus
540 2749 643 2795 est.
674 2739 731 2795 Si
756 2740 975 2805 dixeris.
1026 2738 1196 2794 Habet
1238 2756 1253 2794 :
1293 2737 1701 2808 respondebitur
1732 2736 1848 2806 tibi,

268 2832 405 2902 Ergo
433 2831 578 2886 Deus
600 2840 656 2885 et
682 2830 922 2885 diabolus
951 2830 1003 2884 in
1030 2830 1193 2885 semis
1238 2830 1406 2884 unciis
1431 2827 1701 2883 hominem
1731 2843 1853 2898 pos»

266 2923 473 2986 sident;
504 2931 559 2977 et
589 2922 680 2975 tibi
708 2921 775 2977 ab
802 2921 1061 2989 imperitis
1098 2921 1217 2976 talis
1255 2922 1448 2976 invidia
1476 2921 1849 2989 concitabitur,

266 3014 477 3083 qualem
510 3022 564 3067 tu
593 3012 741 3076 mihi,
764 3012 852 3082 qui
879 3012 958 3065 vis
985 3011 1185 3082 peritus
1214 3012 1408 3082 putari,
1438 3012 1505 3067 de
1530 3012 1761 3082 parvulis
1783 3012 1852 3067 ab

268 3112 383 3158 ortu
415 3103 725 3159 recentibus
752 3094 1021 3157 colicitare
1064 3100 1301 3156 voluisti.
1335 3102 1470 3157 Ecce
1506 3102 1734 3171 primum
1761 3116 1851 3156 ar-

267 3205 577 3267 gumentum
631 3204 778 3249 tuum
828 3203 1023 3265 quanta
1080 3194 1332 3250 facilitate
1375 3194 1707 3249 destructum
1745 3201 1845 3260 est,

268 3287 390 3341 dum
420 3285 701 3341 attendere
731 3286 973 3356 negligis,
1005 3286 1083 3341 sic
1110 3300 1229 3341 esse
1254 3285 1497 3340 homines
1526 3283 1626 3340 sub
1651 3284 1850 3340 diaboli

266 3385 545 3447 potestate,
577 3385 860 3447 antequam
888 3377 1219 3431 redimantur
1245 3390 1275 3430 a
1305 3376 1540 3441 Christo,
1585 3384 1645 3430 ut
1672 3384 1847 3431 tamen

267 3468 357 3525 Dei
388 3468 657 3539 potestati,
688 3482 793 3523 non
820 3467 992 3523 solum
1023 3466 1100 3534 hi,
1131 3467 1225 3522 sed
1259 3482 1327 3523 ne
1350 3467 1463 3537 ipse
1488 3465 1702 3538 quidem
1729 3465 1848 3521 dia-

265 3560 420 3616 bolus
447 3560 813 3614 subtrahatur.

330 3650 567 3709 CAPUT
609 3650 697 3705 Ill.
728 3681 799 3691 —
835 3650 890 3708 8.
930 3649 1013 3708 De
1056 3649 1312 3721 Baptismi
1364 3664 1493 3705 sane
1531 3649 1849 3721 quaestione,

266 3758 423 3814 quam
471 3741 626 3797 vobis
672 3740 815 3812 apud
842 3741 1054 3813 ignaros
1084 3739 1401 3796 invidiosam
1431 3741 1723 3795 mendaciis
1751 3756 1849 3795 no-

265 3838 386 3893 stris
435 3834 632 3891 factam
674 3834 850 3901 fuisse
892 3843 1213 3904 conquestus
1257 3848 1350 3900 es,
1381 3834 1468 3888 vix
1502 3833 1609 3888 dici
1651 3842 1847 3903 potest,

266 3912 422 4001 quam
474 3929 746 4000 eleganter
773 3928 947 3993 existi,
988 3925 1132 3983 hanc
1160 3942 1190 3981 a
1235 3926 1387 3981 vobis
1428 3926 1676 3981 amolitus
1717 3925 1852 3980 invi-

266 4021 429 4086 diam,
460 4036 527 4075 eo
557 4020 695 4091 quod
739 4020 995 4090 parvulos
1030 4018 1379 4089 baptizandos
1404 4033 1526 4073 esse
1555 4018 1846 4085 fateamini,

266 4114 383 4183 quia
415 4131 434 4163 ι
467 4112 690 4182 gratiam
716 4110 1053 4180 Baptismatis
1086 4128 1107 4162 ι
1136 4109 1332 4174 dicitis,
1369 4127 1389 4161 ε
1423 4124 1527 4163 non
1550 4123 1649 4179 pro
1674 4109 1851 4165 causis

268 4218 384 4259 esse
412 4203 743 4268 mutandam,
773 4201 913 4273 quod
944 4201 1055 4270 ipsa
1091 4201 1226 4255 dona
1255 4215 1348 4254 sua
1374 4214 1471 4269 pro
1495 4198 1849 4255 accidentium

268 4296 560 4366 capacitate
610 4293 905 4363 dispensat.
956 4291 1187 4361 Ideoque
1237 4290 1481 4345 Christus
1518 4290 1608 4359 qui
1656 4298 1738 4346 est
1766 4293 1849 4344 sui

269 4386 444 4456 operis
472 4384 801 4454 redemptor,
830 4392 1006 4453 auget,
1053 4401 1072 4435 ι
1108 4382 1303 4452 inquis,
1339 4400 1359 4433 ι
1394 4382 1533 4435 circa
1566 4382 1849 4451 imaginem

270 4492 415 4533 suam
466 4477 715 4532 continua
768 4475 1010 4545 largitate
1058 4473 1357 4537 beneficia;
1402 4481 1457 4527 et
1498 4488 1631 4543 quos
1652 4471 1851 4527 fecerat

267 4568 547 4625 condendo
590 4567 781 4633 bonos,
816 4565 940 4619 facit
966 4563 1267 4619 innovando
1293 4562 1701 4634 adoptaudoque
1732 4579 1847 4618 me-

270 4663 446 4717 liores.
488 4675 507 4711 ι
540 4658 773 4714 I‘Ioccinc
799 4666 879 4713 est
909 4665 1098 4721 totum,
1131 4671 1227 4710 cur
1256 4656 1405 4709 vobis
1430 4656 1497 4709 de
1527 4656 1850 4726 Baptismale

268 4750 610 4824 parvulorum
665 4747 959 4804 faciendam
1025 4762 1129 4801 nou
1184 4746 1501 4801 existimatis
1560 4744 1851 4799 invidiam?

268 4846 414 4914 quasi
443 4844 721 4913 quisquam
752 4850 988 4894 nostrum
1017 4854 1111 4894 vos
1155 4837 1350 4892 dixerit
1376 4853 1587 4906 negare,
1619 4837 1852 4906 baptiza—

268 4937 308 4989 ri
344 4934 595 5005 parvulos
620 4942 887 5002 oportere.
920 4928 1034 4984 Non
1067 4944 1160 4984 eos
1203 4928 1377 4982 dicitis
1408 4943 1510 4981 nou
1537 4927 1732 4982 debere
1760 4928 1853 4981 ba-

270 5024 454 5095 ptizari
479 5040 493 5086 ;
523 5023 617 5077 sed
658 5037 753 5091 pro
794 5020 1153 5091 magnitudine
1181 5019 1459 5087 sapientia:
1505 5030 1695 5073 vestrae
1717 5059 1731 5082 ,
1764 5033 1850 5073 res

270 5114 541 5170 mirabiles
568 5112 743 5168 dicitis
769 5131 784 5167 :
813 5111 870 5166 In
895 5110 1239 5167 Sacramento
1260 5110 1551 5164 Salvatoris
1577 5108 1853 5178 baptizau-

271 5215 375 5274 tur,
405 5204 503 5261 sed
549 5219 655 5259 non
696 5204 1011 5269 salvantur;
1062 5202 1417 5265 redimuntur,
1445 5199 1539 5255 sed
1575 5216 1677 5255 uon
1722 5200 1854 5256 libe-

272 5305 489 5360 rantur;
531 5293 795 5359 lavantur,
840 5292 935 5348 sed
975 5306 1081 5347 non
1127 5291 1453 5357 abluuntur;
1483 5290 1853 5345 exorcizamur

272 5397 324 5444 et
341 5384 718 5453 exsuﬂlantur,
748 5383 843 5441 sed
867 5399 897 5438 a
926 5390 1191 5454 potestate
1216 5382 1410 5437 diaboli
1439 5396 1543 5435 nou
1571 5389 1850 5435 eruuntur.

275 5476 396 5533 IIa:c
432 5486 557 5533 sunt
592 5476 974 5531 sententiarum
1013 5482 1257 5545 portenta
1288 5482 1603 5538 vestrarum,
1634 5470 1747 5526 haec
1776 5472 1851 5525 in-

336 5659 353 5691 ¹
387 5658 527 5717 aditi,
546 5657 627 5707 hic
652 5662 703 5706 et
720 5654 860 5717 infra,
883 5653 934 5706 in
974 5654 1099 5709 senis
1122 5655 1291 5705 unciis.
1314 5654 1480 5705 Plures
1504 5662 1607 5705 vss.
1633 5651 1856 5717 Gallicani

277 5726 328 5772 et
349 5728 453 5791 tres
473 5714 685 5771 Vaticani
710 5752 725 5781 ,
747 5717 798 5769 in
818 5714 959 5771 semis
980 5719 1151 5770 unciis.
1178 5718 1261 5767 Alii
1285 5719 1490 5768 Vaticani
1513 5718 1627 5778 duo,
1653 5714 1699 5765 iu
1730 5729 1856 5767 scm-

277 5795 440 5835 ωε.

1660 342 1858 401 LIBER
1899 340 2217 401 TERTIUS.

3435 344 3544 404 τω

1972 457 2183 527 opinata
2210 457 2459 527 mysteria
2481 457 2786 528 dogmatum
2826 472 3103 524 novorum,
3137 457 3250 515 Inec
3279 460 3543 530 paradoxa

1967 546 2370 617 Pelagianorum
2393 548 2782 613 haereticorum,
2815 549 3138 603 mirabiliora
3160 564 3318 620 quam
3338 550 3545 607 Stoico-

1966 654 2083 693 rum
2112 639 2566 709 philosophorum.
2586 640 2657 696 Ut
2680 642 2822 696 enim
2849 641 2961 696 lucc
2986 642 3191 707 dicatis,
3226 644 3425 699 timetis
3449 659 3544 699 au-

1964 728 2109 795 dire,
2138 728 2193 785 Si
2224 730 2516 799 salvantur,
2543 730 2667 802 quid
2699 734 2749 785 in
2775 733 2853 788 eis
2878 734 3211 804 a‘grotahat?
3240 735 3284 790 si
3310 736 3542 792 liberan-

1965 828 2080 887 tur,
2144 822 2270 891 quid
2330 822 2382 876 in
2427 823 2506 878 eis
2554 825 2821 879 servitutis
2863 825 3074 880 vinculo
3122 826 3445 882 tenebatur?
3493 827 3539 883 si

1958 912 2268 981 abluuntur,
2301 913 2426 984 quid
2454 914 2514 969 in
2552 916 2632 971 eis
2660 915 2855 970 latebat
2884 916 3248 971 immundum?
3274 919 3318 971 si
3344 931 3541 972 eruun-

1963 1010 2081 1070 tur,
2112 1020 2218 1072 quo
2244 1006 2437 1060 merito
2465 1016 2620 1061 erant
2646 1008 2746 1061 sub
2766 1005 2968 1061 diaboli
2999 1010 3383 1079 potestate,qui
3412 1024 3540 1079 pro-

1963 1092 2077 1161 pria
2108 1092 2385 1163 iniquitate
2414 1109 2519 1149 non
2547 1105 2701 1150 erant
2724 1096 2824 1162 rei,
2856 1097 2955 1150 nisi
2985 1099 3105 1168 quia
3137 1099 3370 1164 trahunt,
3397 1099 3539 1169 quod

1959 1185 2188 1255 negatis,
2216 1186 2473 1256 originale
2500 1189 2820 1256 peccatum?
2854 1188 2922 1243 Et
2956 1190 3023 1244 ad
3052 1190 3153 1245 hoc
3179 1192 3401 1262 negatis,
3430 1206 3537 1247 non

1956 1281 2018 1329 ut
2060 1289 2155 1329 eos
2196 1275 2393 1343 salvos,
2422 1276 2637 1343 liberos,
2666 1280 2919 1347 mundos,
2942 1280 3078 1335 nulli
3126 1280 3267 1336 hosti
3295 1282 3536 1339 subditos

1957 1366 2248 1431 asseratis‘,
2280 1380 2387 1421 non
2405 1368 2557 1422 enim
2596 1368 2795 1439 aliquid
2832 1369 2912 1424 eis
2959 1371 3253 1441 opitulatur
3296 1382 3536 1428 vestrum

1959 1456 2325 1512 testimonium
2366 1457 2577 1523 falsum,
2622 1468 2749 1515 ante
2792 1459 3028 1529 judicent
3072 1474 3256 1518 verum
3290 1478 3305 1516 :
3335 1462 3430 1519 sed
3476 1473 3537 1519 ut

1959 1544 2065 1599 illis
2120 1546 2171 1601 in
2227 1548 2366 1602 mala
2412 1557 2682 1605 vetustate
2726 1551 3146 1620 remanentibus,
3198 1567 3295 1608 vos
3344 1568 3537 1609 novam

1958 1638 2235 1693 sectemiai
2262 1640 2571 1697 vanitatem.
2602 1641 2719 1699 Non
2745 1644 2887 1699 enim
2914 1652 3090 1701 vestra
3110 1685 3127 1713 ,
3168 1645 3262 1701 sed
3288 1646 3427 1702 illius
3453 1656 3538 1703 est

1955 1743 2081 1784 vera
2124 1732 2405 1800 sententia,
2434 1733 2523 1803 qui
2552 1732 2705 1801 dixit,
2754 1733 2874 1791 Nisi
2903 1737 3017 1806 quis
3053 1747 3256 1793 renatus
3291 1738 3442 1809 fuerit
3478 1756 3543 1794 es

1957 1835 2091 1889 aqua
2109 1829 2156 1875 et
2175 1822 2377 1892 spiritu,
2406 1839 2507 1878 non
2532 1834 2693 1895 potest
2717 1825 2911 1881 intrare
2930 1827 2984 1881 in
3009 1842 3220 1898 regnum
3237 1827 3334 1883 Dei
3358 1827 3538 1900 (Joau.

1958 1925 2036 1977 ιιι,
2068 1910 2145 1983 5).

2035 2006 2089 2060 9.
2123 2004 2321 2063 Verum
2356 2020 2455 2063 vos
2478 2008 2917 2065 excellentissimi
2941 2017 3208 2067 amatores
3228 2010 3368 2067 illius
3390 2011 3535 2080 vitae,

1959 2109 2079 2164 qua:
2110 2094 2281 2151 futura
2312 2106 2396 2153 est
2441 2107 2642 2155 aeterna
2666 2114 2787 2156 cum
2814 2099 3048 2168 Christo,
3079 2100 3276 2155 nullam
3325 2115 3539 2172 penam

1957 2187 2154 2256 putatis
2199 2202 2320 2244 esse
2364 2189 2609 2261 imaginis
2649 2191 2767 2258 Dei,
2816 2191 2873 2246 in
2919 2200 3177 2247 aeternum
3224 2193 3471 2248 exsulare
3508 2208 3540 2248 a

1958 2292 2123 2347 regno
2153 2278 2283 2335 Dei'
2320 2296 2336 2333 :
2372 2296 2494 2336 cum
2538 2281 2583 2337 si
2621 2296 2838 2352 parvam
2874 2296 3085 2352 pmnam
3123 2298 3242 2338 esse
3269 2283 3538 2351 diceretis,

1955 2384 2064 2425 non
2090 2376 2235 2427 esset
2261 2370 2377 2426 haec
2420 2387 2526 2427 vox
2556 2372 2698 2428 beati
2738 2374 2995 2428 amatoris
3038 2373 3177 2428 illius
3221 2373 3393 2442 regni,
3441 2374 3540 2430 sed

1956 2462 2135 2517 miseri
2162 2464 2567 2533 contemptoris.
2594 2464 2763 2520 Porro
2787 2473 2989 2531 autem,
3020 2464 3065 2519 si
3095 2463 3234 2535 quod
3267 2464 3389 2520 huic
3430 2465 3542 2519 suf-

1958 2553 2070 2609 ficit
2119 2568 2315 2623 causis,
2372 2570 2591 2626 parvam
2642 2556 2833 2612 saltem
2878 2569 3087 2625 pennam
3132 2554 3371 2611 fatemini
3396 2570 3538 2623 esse,

1956 2659 2078 2716 qua:
2121 2659 2312 2715 magna
2339 2654 2452 2712 est,
2481 2654 2543 2702 ut
2569 2648 2743 2719 imago
2770 2648 2862 2703 Dei
2890 2663 2996 2703 non
3026 2647 3233 2703 sinatur
3256 2648 3453 2703 intrare
3485 2647 3539 2704 in

1956 2751 2179 2808 regnum
2208 2737 2301 2794 Dei
2329 2753 2345 2805 ;
2377 2738 2624 2806 obsecro,
2661 2739 2863 2809 aperite
2886 2738 3303 2809 qualescumque
3329 2739 3538 2801 oculos.

1954 2840 2010 2886 et
2034 2830 2211 2887 videte
2236 2846 2338 2903 qua
2355 2831 2561 2903 justitia
2582 2846 2738 2903 poena
2766 2833 2865 2887 ista
2889 2830 3173 2902 inﬂigeuda
3200 2830 3266 2886 sit
3292 2830 3537 2900 parvulo,

1953 2937 2114 2993 quem
2151 2923 2346 2978 clausis
2388 2924 2559 2979 oculis
2584 2924 2826 2996 originali
2854 2924 3142 2980 obnoxium
3188 2923 3392 2995 negatis
3419 2937 3540 2978 esse

1955 3022 2195 3084 peccato.
2224 3012 2426 3070 Omitto
2453 3029 2879 3071 commemorare
2901 3030 3021 3085 qua:
3046 3014 3182 3069 mala
3210 3014 3263 3069 in
3292 3012 3393 3068 hac
3422 3012 3538 3084 ipsa

1955 3105 2259 3161 transitoria
2307 3106 2416 3162 vita
2465 3120 2600 3177 pene
2650 3122 2839 3163 omnes
2883 3106 3152 3178 patiantur
3189 3104 3439 3173 infantes,
3486 3114 3541 3161 et

1953 3197 2226 3267 quomodo
2264 3198 2562 3267 explicetur
2589 3197 2731 3268 quod
2769 3197 2970 3252 dictum
3013 3205 3116 3265 est,
3164 3195 3326 3252 Grave
3356 3197 3541 3268 iugum

1952 3306 2105 3361 super
2128 3290 2261 3359 ﬁlios
2288 3289 2451 3345 Adam
2471 3307 2504 3344 α
2532 3291 2615 3344 die
2639 3290 2808 3345 exitus
2830 3290 2894 3345 de
2922 3297 3091 3345 ventre
3130 3289 3306 3343 matris
3340 3304 3536 3355 eorum,

1952 3395 2109 3449 usque
2131 3380 2183 3434 in
2210 3380 2341 3434 diem
2359 3380 2634 3451 sepultura:
2652 3381 2707 3435 in
2732 3390 2945 3434 matrem
2975 3380 3200 3434 omnium
3228 3378 3416 3449 (Ereti.
3445 3395 3534 3445 ιι,

1955 3471 2035 3541 1).
2063 3469 2195 3539 Quae
2243 3470 2427 3541 utique
2461 3470 2599 3525 mala
2640 3470 2738 3525 sub
2758 3469 2905 3541 justo
2931 3478 2986 3525 et
3026 3468 3390 3539 omnipotente
3428 3468 3541 3524 Deo

1951 3575 2061 3616 non
2082 3561 2445 3631 irrogarentur
2468 3560 2585 3630 ejus
2610 3559 2846 3631 imagini,
2875 3558 3065 3631 quibus
3094 3558 3321 3633 malisin
3344 3558 3541 3613 virtute

1953 3652 2191 3708 exerceri
2233 3651 2487 3707 infantilis
2530 3661 2663 3706 tetas
2691 3667 2799 3707 non
2842 3658 3019 3723 potest
3061 3650 3184 3715 dici,
3229 3650 3276 3706 si
3303 3649 3445 3704 nulla
3470 3664 3539 3706 ex

1953 3742 2261 3814 parentibus
2283 3744 2421 3798 mala
2452 3743 2640 3799 merita
2665 3743 3022 3799 traherentur.
3047 3742 3171 3797 limo
3196 3752 3371 3798 autem
3398 3743 3537 3798 mala

1954 3834 2320 3904 parvulorum,
2365 3849 2471 3889 non
2501 3846 2564 3889 ea
2603 3848 2722 3906 quae
2771 3833 2969 3890 habere
3009 3842 3269 3905 negantur
3308 3848 3339 3889 a
3364 3834 3537 3901 vobis,

1952 3924 2047 3980 sed
2095 3939 2215 3995 qua:
2268 3924 2471 3995 perpeti
2516 3932 2812 3981 cernuntur
2853 3924 2922 3981 ab
2964 3924 3211 3980 omnibus
3258 3924 3431 3993 nobis,
3481 3933 3538 3980 tu

1954 4017 2318 4088 praetermittis
2342 4017 2582 4085 omnino,
2605 4031 2705 4073 nec
2732 4016 2988 4088 reSpicis:
3021 4015 3115 4072 sed
3140 4017 3387 4086 spatiaris
3411 4017 3538 4072 tibi'

1953 4108 2040 4162 vir
2066 4108 2471 4171 disertissimus,
2517 4115 2574 4162 et
2621 4122 2842 4164 exerces
2889 4106 3157 4177 ingenium
3201 4121 3265 4161 ac
3303 4106 3537 4177 linguam

1955 4207 2099 4253 tuam
2131 4199 2183 4253 in
2233 4198 2388 4253 laude
2418 4208 2640 4253 naturae.
2682 4198 2877 4252 Natura
2918 4198 3017 4251 ista
3048 4198 3101 4251 in
3150 4194 3322 4251 tantas
3351 4207 3404 4252 et
3429 4206 3537 4252 tam

1953 4290 2265 4346 manifestas
2303 4291 2533 4360 collapsa
2584 4290 2846 4354 miserias,
2895 4288 3234 4353 salvatorem,
3284 4288 3537 4342 liberato-

1956 4400 2108 4446 rem.
2162 4382 2535 4437 mundatorem
2562 4423 2577 4442 .
2627 4381 3020 4450 redemptorem
3069 4380 3335 4434 Christum
3378 4379 3535 4435 habet

1955 4475 2353 4539 necessarium;
2405 4488 2509 4527 non
2553 4472 2862 4538 Iulianum,
2908 4487 3012 4525 non
3055 4470 3385 4533 leestium,
3431 4486 3536 4526 non

1956 4567 2224 4635 Pelagium
2277 4564 2626 4620 laudatorem.
2660 4562 2829 4631 Quam
2857 4562 3068 4633 quidem
3114 4562 3298 4615 redimi
3326 4577 3428 4615 nou
3460 4564 3537 4615 fa-

1958 4660 2148 4714 tereris
2179 4659 2229 4712 in
2258 4657 2515 4728 parvulis,
2546 4656 2646 4710 nisi
2675 4656 2794 4724 quia
2825 4655 2924 4709 huc
2950 4654 3230 4710 leestius
3253 4654 3390 4723 apud
3413 4654 3539 4709 Car-

1956 4751 2223 4821 thaginem
2277 4750 2442 4819 gestis
2485 4747 2892 4810 ecclesiasticis,
2949 4761 3039 4799 ora
3091 4745 3378 4799 christiana
3432 4761 3537 4799 non

1956 4843 2247 4906 sustinens,
2266 4840 2437 4895 fassus
2460 4850 2561 4895 est.
2580 4838 2865 4900 Cmterum,
2896 4851 3026 4907 rogo
3054 4849 3126 4901 te,
3152 4837 3417 4906 quomodo
3446 4854 3539 4907 po-

1958 4943 2061 4988 test
2103 4932 2449 5001 intelligi'ista
2495 4930 2810 4999 redemptio,
2842 4929 2939 4983 nisi
2970 4944 2999 4982 a
3047 4929 3208 4994 malo,
3246 4930 3541 4984 redimcute

1956 5026 2049 5081 illo
2073 5025 2161 5095 qui
2206 5025 2418 5080 redimit
2461 5022 2619 5077 Israel
2668 5023 2736 5076 ab
2763 5022 3009 5075 omnibus
3039 5021 3400 5090 iniquitatibus
3425 5021 3540 5089 ejus

1961 5114 2129 5186 (Psal.
2160 5130 2343 5183 cxxix,
2371 5114 2474 5185 8)?
2503 5113 2604 5169 Ubi
2630 5114 2771 5168 enim
2802 5112 3100 5181 redemptio
3130 5120 3316 5177 sonat,
3349 5112 3540 5164 intelli-

1958 5209 2100 5280 gitur
2122 5218 2177 5263 et
2218 5207 2445 5277 pretium
2481 5223 2496 5261 :
2536 5213 2591 5261 et
2632 5204 2774 5275 quod
2820 5212 2904 5259 est
2950 5203 3071 5269 hoc,
3123 5204 3223 5257 nisi
3276 5203 3540 5271 pretiosus

1958 5302 2174 5371 sanguis
2220 5299 2342 5369 agni
2393 5297 2714 5354 immaculati
2760 5297 2886 5353 Iesu
2915 5296 3110 5350 Christi
3142 5294 3181 5363 (l
3217 5294 3349 5347 Pelr.
3381 5307 3416 5349 ι.
3454 5294 3539 5356 l8,

1961 5392 2098 5465 I9)?
2138 5393 2212 5447 De
2241 5392 2342 5446 hoc
2369 5399 2547 5447 autem
2575 5390 2748 5460 pretio
2776 5404 2939 5460 quare
2968 5389 3038 5443 sit
3065 5387 3263 5453 fusum,
3307 5386 3430 5455 quid
3461 5387 3538 5439 in-

2025 5589 2041 5621 ¹
2082 5588 2217 5647 aliti,
2263 5587 2439 5652 putetis
2478 5602 2609 5649 esse,
2647 5586 2903 5652 imaginem
2930 5584 3017 5637 Dei
3050 5584 3124 5652 in,
3145 5591 3375 5652 (sternam
3396 5600 3544 5637 exsu-

1963 5650 2067 5716 lare
2088 5665 2119 5716 a_
2141 5646 2285 5716 regno
2311 5650 2415 5701 Dei.
2436 5660 2558 5709 Mss,
2586 5646 2766 5716 putatis
2792 5664 2892 5700 esse
2928 5648 3149 5710 imaginis
3175 5646 3281 5705 Dei,
3308 5658 3405 5698 etc.

2027 5713 2047 5775 ξ
2079 5713 2151 5761 sic
2189 5709 2407 5775 [Ierique
2448 5709 2772 5775 ntauttscriiti.
2809 5720 2861 5762 At
2894 5718 2965 5760 Er.
3008 5709 3058 5759 et
3101 5716 3232 5771 lov.,
3256 5709 3546 5775 exspatiari:

1966 5773 2035 5827 ibi
2050 5788 2070 5837 ,'
2093 5773 2287 5837 omisso,
2315 5773 2417 5825 sed.
