4038 6472
498 285 605 345 707

499 430 834 492 terrogamus
862 417 1065 476 alium?
1096 416 1420 487 Redemptor
1441 419 1553 488 ipse
1581 416 1920 486 respondeat,
1943 416 2085 472 dicat

497 513 616 584 ipse
656 521 938 568 mercator.
979 509 1080 564 Hic
1102 518 1194 574 est,
1225 509 1414 580 inquit,
1463 509 1671 580 sanguis
1699 525 1836 563 meus
1869 509 1956 579 qui
1993 524 2085 579 pro

498 604 674 659 multis
715 603 997 671 effundatur
1029 601 1094 670 in
1127 601 1468 658 remissionem
1507 611 1827 673 peccatorum
1870 599 2086 670 (Matth.

499 712 644 763 xxvi,
675 695 788 767 28).
820 695 1030 766 Pergite
1055 693 1243 760 adhuc,
1291 693 1516 765 pergite,
1561 701 1616 749 et
1638 693 1776 748 sicut
1802 691 1998 758 dicitis,
2027 690 2087 747 ln

498 785 844 842 Sacramento
879 784 1169 841 Salvatoris
1207 783 1575 854 baptizantur,
1614 781 1707 839 sed
1737 797 1842 837 non
1873 780 2086 837 salvan-

498 886 616 944 tur;
645 876 1000 946 redimuntur,
1030 877 1125 934 sed
1167 891 1274 934 non
1314 878 1650 941 liberantur;
1693 875 1956 943 lavantur,
1986 871 2087 930 sed

496 985 605 1025 non
626 970 953 1036 abluuntur;
1001 971 1374 1028 exorcizantur
1419 978 1476 1026 et
1517 968 1886 1034 cxsufllantur,
1929 966 2025 1023 sed
2053 981 2084 1022 a

493 1067 763 1131 potestate
815 1060 1017 1117 diaboli
1063 1077 1170 1116 non
1196 1071 1454 1117 eruuntur
1497 1079 1511 1116 :
1555 1061 1632 1116 sic
1677 1060 1838 1117 etiam
1885 1059 2080 1127 dicite,

497 1150 761 1207 Funditur
787 1166 884 1221 pro
911 1152 992 1207 eis
1016 1152 1232 1222 sanguis
1258 1153 1310 1207 in
1326 1152 1696 1207 remissionem
1719 1158 2078 1221 peccatorum,

495 1240 592 1297 sed
635 1231 828 1297 nullius
859 1242 1059 1313 peccati
1084 1241 1396 1298 remissione
1429 1241 1771 1296 inundantur.
1805 1239 1937 1294 Mira
1959 1245 2084 1294 sunt

495 1347 616 1403 quae
642 1332 840 1401 dicitis,
883 1349 1020 1390 nova
1047 1342 1175 1390 sunt
1211 1349 1330 1404 qua:
1371 1333 1568 1399 dicitis,
1615 1333 1749 1388 falsa
1791 1339 1920 1388 sunt
1962 1346 2083 1402 quae

493 1422 670 1478 dicitis
686 1439 703 1479 :
730 1423 864 1479 mira
879 1431 1176 1495 stupemus,
1192 1438 1329 1480 nova
1345 1437 1617 1493 cavemus,
1646 1422 1782 1482 falsa
1805 1422 2079 1480 convinci-

491 1526 634 1568 IDUS.

561 1603 789 1662 CAPUT
812 1604 900 1661 ιν.
922 1634 990 1646 --
1014 1605 1102 1662 lo.
1123 1606 1311 1662 Nonne
1333 1605 1448 1677 ipse
1466 1605 1700 1675 dixisti,t
1727 1604 2082 1661 Administra.

497 1695 698 1751 tionem
719 1696 960 1766 corporis
975 1698 1054 1752 sic
1074 1698 1252 1754 animo
1271 1712 1391 1754 esse
1415 1699 1753 1753 commissam
1771 1739 1785 1765 ,
1803 1706 1862 1752 ut
1878 1695 2080 1752 fructus

497 1787 676 1857 operis
698 1789 847 1844 fieret
876 1790 1083 1860 utrique
1099 1790 1421 1854 communis,
1452 1799 1508 1846 et
1535 1789 1621 1846 vel
1647 1788 1859 1845 virtutis
1883 1787 2080 1844 exerci-

493 1886 563 1934 ιω
591 1878 800 1950 gaudia,
831 1880 916 1936 vel
944 1881 1238 1937 insolentia:
1264 1883 1280 1913 ¹
1308 1896 1494 1952 ptenas
1518 1896 1638 1936 cum
1663 1882 1781 1951 ejus
1806 1894 1962 1951 quam
1993 1878 2080 1936 hic

493 1983 603 2024 non
663 1968 800 2024 bene
864 1980 1097 2038 rexerat,
1157 1972 1333 2028 carnis
1400 1971 1688 2027 afﬂictione
1749 1971 2013 2026 sentiret?
2051 1987 2070 2022 ι

495 2057 781 2128 Responde
794 2058 972 2131 igitur,
991 2076 1156 2130 quare
1177 2061 1230 2117 in
1261 2063 1360 2117 hac
1380 2062 1492 2133 ipsa
1521 2063 1626 2117 vita
1646 2060 1934 2117 atllictione
1953 2075 2074 2116 car-

495 2149 582 2206 nis
599 2150 776 2206 anima
801 2153 1070 2209 crucietur
1099 2152 1336 2218 infantis,
1375 2153 1528 2223 cujus
1555 2152 1603 2208 ei
1631 2153 1916 2222 meritum,
1953 2152 2075 2222 quia

493 2255 602 2296 non
631 2239 772 2298 bene
802 2243 1000 2298 rexerit
1028 2257 1267 2311 carnem,
1293 2243 1469 2299 adhuc
1496 2258 1599 2299 non
1630 2251 1806 2313 potest
1847 2243 2074 2313 imputa-

489 2335 559 2391 ri.
598 2354 618 2388 ι
648 2335 901 2392 Naturam
933 2354 954 2391 ι
984 2336 1118 2392 dicis
1147 2355 1167 2392 ι
1202 2337 1488 2394 humanam
1517 2338 1570 2392 in
1591 2337 1828 2394 exordiis
1850 2352 2076 2394 nascen-

494 2426 626 2482 tium
669 2426 988 2483 innoccntice
1029 2426 1154 2484 dote
1190 2428 1530 2498 locupletem.
1565 2445 1585 2480 ι
1620 2428 1871 2485 Fatemur
1918 2441 2070 2495 sane,

491 2525 746 2587 quantum
790 2516 858 2574 ad
901 2527 1117 2588 Peeeata
1163 2519 1394 2590 pertinet
1433 2519 1648 2590 propria
1691 2534 1849 2576 :cum
1892 2528 2071 2574 autem

488 2606 649 2662 etiam
677 2607 922 2679 originali
941 2608 1146 2680 negatis
1165 2608 1444 2676 obnoxios,
1465 2609 1805 2681 respondete,
1831 2623 1937 2680 quo
1958 2624 2072 2664 me-

489 2697 594 2752 rito
612 2705 754 2752 tanta
779 2697 1081 2754 innocentia
1106 2713 1485 2771 nonnunquam
1506 2715 1668 2768 caeca,
1693 2715 2072 2771 nonnunquam.

487 2787 648 2844 surda
673 2798 940 2846 nascatur.
967 2790 1118 2858 Quod
1147 2791 1330 2847 vitium
1360 2793 1519 2849 etiam
1557 2794 1724 2864 ipsam
1753 2793 1972 2864 impedit
2003 2793 2071 2848 li-

487 2880 632 2946 dem,
657 2879 912 2950 Apostolo
939 2889 1166 2938 testante
1181 2882 1270 2952 qui
1297 2881 1444 2952 dicit,
1474 2881 1640 2956 Igitur
1666 2884 1789 2946 ﬁdes
1807 2901 1870 2940 ea:
1895 2885 2070 2939 auditu

487 2966 665 3040 (Rom.
694 2984 750 3037 ι,
785 2969 893 3041 17).
923 2969 1040 3026 Jam
1071 2986 1196 3026 vero
1238 2973 1358 3043 quis
1394 2973 1546 3041 ferat,
1595 2974 1736 3044 quod
1783 2974 1850 3030 ad
1893 2975 2068 3045 ipsum

487 3069 695 3130 spectat
718 3061 976 3126 animum,
1007 3062 1292 3134 imaginem
1323 3065 1416 3120 Dei
1449 3083 1469 3119 ι
1505 3067 1846 3134 innocentiae,
1875 3086 1895 3120 ›
1930 3067 2070 3122 sicut

484 3151 705 3218 asseris,
747 3151 874 3208 dote
913 3153 1250 3223 locupletem,
1295 3154 1494 3211 fatuam
1538 3157 1706 3224 nasci,
1738 3157 1782 3212 si
1811 3157 1958 3213 nulla
2001 3173 2069 3214 cx

487 3240 798 3312 parentibus
823 3243 958 3297 mala
988 3245 1178 3300 merita
1208 3248 1260 3301 in
1281 3249 1531 3316 parvulos
1557 3250 1969 3306 transeunt?An
1993 3251 2067 3306 ita

484 3340 569 3386 est
587 3331 865 3404 quisquam
888 3345 1124 3391 vestrum
1141 3336 1336 3408 fatuus,
1356 3338 1719 3397 utfatuitatem
1741 3343 1942 3397 nullum
1961 3359 2066 3398 tua.

484 3423 592 3479 lum
611 3435 786 3494 putet;
801 3441 920 3481 eum
933 3425 1204 3498 Scriptura
1217 3430 1376 3498 dicat,
1395 3431 1446 3485 ἓ]
1452 3442 1562 3487 ortu
1570 3449 1652 3486 um
1665 3445 1852 3505 septem
1867 3435 2062 3503 diebus,

482 3517 681 3585 futuant
699 3534 811 3572 vero
835 3520 1065 3575 omnibus
1090 3521 1262 3577 diebus
1280 3539 1388 3578 esse
1414 3525 1685 3594 lugendum
1707 3523 1892 3598 (Eccli.
1925 3543 2060 3595 χχιι,

484 3608 619 3678 15)¹Ι
663 3608 792 3677 Quis
839 3620 1014 3666 autem
1042 3613 1264 3680 nesciat,
1292 3630 1427 3684 quos
1466 3617 1620 3686 vulgo
1649 3618 1918 3675 moriones
1965 3636 2062 3673 v0-

485 3706 632 3766 cant,
658 3706 843 3754 natura
889 3702 962 3756 ita
1003 3702 1197 3769 fatuos,
1240 3714 1295 3760 ut
1335 3707 1652 3776 quibusdam
1697 3725 1882 3765 eorum
1927 3727 2064 3782 pene

480 3803 672 3846 sensus
700 3806 956 3861 pecorum
987 3794 1336 3851 conferatur?
1367 3798 1433 3852 Et
1474 3814 1580 3853 non
1607 3800 1769 3855 vultis
1797 3801 1950 3858 fateri
1970 3819 2062 3874 ge-

483 3894 584 3934 nus
614 3880 900 3938 humanum
943 3899 1007 3940 ex
1041 3884 1190 3940 initio
1216 3903 1322 3957 quo
1351 3887 1586 3944 deseruit
1612 3891 1801 3958 Deum,
1852 3894 2062 3952 trahere

480 3971 747 4028 damnata:
789 3976 1008 4045 originis
1054 3994 1245 4034 noxam
1285 3980 1368 4036 his
1405 3983 1653 4039 omnibus
1698 3984 2059 4055 dignissimam

483 4063 677 4132 poenis,
723 4066 821 4120 nisi
862 4067 950 4123 ubi
995 4071 1164 4138 parcit
1203 4072 1410 4128 ratione
1443 4072 1806 4143 dispositionis
1839 4080 2061 4135 occidite

479 4153 836 4211 inscrutabilis
857 4158 1113 4228 sapientia
1141 4161 1462 4217 Conditoris.
1491 4163 1590 4232 Qui
1615 4181 1712 4221 nec
1729 4168 1796 4222 ab
1814 4168 1923 4238 ipsa
1947 4171 2063 4225 uni-

477 4261 629 4303 versa
674 4264 844 4304 massa
889 4252 1204 4324 perditionis
1245 4255 1475 4312 abstinet
1509 4257 1590 4312 sui
1607 4260 1784 4328 operis
1821 4261 2056 4319 bonum:

480 4347 535 4391 ut
586 4353 651 4394 ex
703 4341 856 4396 malis
899 4342 1149 4399 vitiorum
1201 4346 1418 4413 condat,
1473 4348 1595 4404 licet
1633 4365 1752 4405 eum
1796 4354 1970 4420 malis,
2006 4357 2059 4411 in

475 4442 732 4501 quantum
754 4433 892 4489 bona
923 4447 1019 4500 est,
1048 4438 1359 4494 rationalem
1387 4443 1770 4514 mor-talemque
1791 4455 2053 4513 naturam,

474 4524 624 4592 cujus
652 4541 810 4582 nemo
835 4541 954 4583 esse
983 4539 1156 4597 potest
1179 4532 1444 4599 conditor,
1474 4544 1667 4604 praeter
1697 4537 1900 4606 ipsum;
1930 4551 1982 4596 et
2004 4544 2054 4595 in

474 4617 820 4682 generatione
846 4619 1118 4688 damnata,
1147 4624 1382 4692 pratbeat
1406 4627 1548 4682 vasis
1573 4627 1952 4687 misericordiae
1979 4648 2058 4692 re-

473 4711 834 4775 generationis
861 4715 1137 4769 auxilium.
2027 4757 2034 4763 -

544 4795 766 4855 CAPUT
809 4801 871 4856 V.
900 4833 972 4845 ——
1001 4807 1086 4861 tl.
1117 4807 1338 4866 Frustra
1379 4811 1556 4883 itaque
1594 4822 1770 4884 putas,
1799 4835 1819 4870 ι
1848 4817 1968 4873 ideo
2001 4822 2053 4876 in

475 4889 706 4956 parvulis
733 4907 838 4947 non
868 4909 986 4950 csse
1009 4896 1257 4955 delictum
1280 4943 1295 4966 ,
1324 4904 1446 4972 quia
1473 4904 1588 4959 sine
1614 4907 1906 4974 voluntate,
1933 4926 2052 4980 quae

472 4981 522 5031 in
553 4980 633 5036 eis
661 4981 801 5036 nulla
828 4993 933 5051 est,
971 5001 1091 5044 esse
1131 5005 1236 5044 non
1278 5003 1471 5062 potest.
1512 5012 1532 5047 ι
1567 4996 1678 5051 Hoc
1716 4999 1856 5052 enim
1909 5011 2054 5057 recte

469 5069 664 5126 dicitur
705 5083 924 5144 propter
971 5080 1242 5149 proprium
1295 5083 1553 5155 cujusque
1601 5098 1896 5156 peccatum,
1944 5105 2049 5146 non

471 5170 688 5231 propter
725 5165 878 5236 primi
925 5170 1124 5236 peccati
1165 5172 1424 5242 originale
1466 5180 1809 5247 contagium:
1838 5181 2047 5251 quodsi

469 5252 671 5307 nullum
711 5264 872 5323 esset,
906 5259 1141 5326 profecto
1186 5263 1314 5318 nulli
1356 5267 1496 5320 malo
1533 5271 1732 5336 parvuli
1784 5271 2045 5339 obstricti,

469 5342 597 5398 nihil
627 5347 750 5401 mali
777 5350 860 5405 vel
891 5351 942 5404 in
969 5367 1216 5422 corpore.
1240 5356 1324 5411 vel
1356 5357 1407 5412 in
1436 5359 1632 5428 anima,
1662 5363 1760 5418 sub
1792 5373 1932 5420 tanta
1957 5366 2047 5435 ju.

466 5436 533 5490 sti
566 5437 658 5493 Dei
687 5449 949 5511 potestate
976 5454 1304 5515 paterentur.
1337 5449 1488 5518 Quod
1513 5461 1688 5510 tamen
1719 5464 1772 5510 et
1799 5456 1969 5527 ipsum
2015 5475 2044 5514 a

530 5634 546 5714 ξ
583 5641 710 5714 Unus
734 5651 763 5710 ᾳ
785 5643 1021 5714 Vaticanis
1052 5650 1180 5706 Mss,
1206 5643 1278 5714 rel
1309 5646 1598 5714 insolcrtiw;
1620 5652 1746 5714 quod
1771 5667 1866 5704 non
1889 5659 2046 5708 minus

462 5693 593 5744 bene
616 5698 755 5750 alteri
781 5707 998 5754 nrunbro
1019 5693 1404 5772 respondentis!»
1417 5693 1604 5764 ιῗίιῆιῆἰὲ

1299 283 1572 342 CONTRA
1609 281 1948 342 JULIANUM
1984 281 2450 352 PELAGIANUM,
2489 284 2546 342 S.
2578 286 2946 346 AUGUSTI-Nl

3669 302 3781 363 798

2196 395 2331 449 mala
2358 396 2627 454 voluntate
2647 402 2882 470 priorum
2901 402 3177 460 hominum
3195 408 3426 478 sumpsit
3446 410 3780 470 exordium‘.

2195 483 2270 538 lta
2311 487 2412 540 nisi
2441 488 2686 544 voluntas
2707 492 2864 558 mala,
2898 509 3002 549 non
3027 503 3110 551 est
3145 497 3453 568 cujusquam
3492 499 3598 556 ulla
3623 505 3777 576 origo

2195 575 2418 644 peccati.
2442 576 2565 634 llaec
2579 580 2623 635 si
2647 582 2841 651 sapias,
2865 584 3174 654 simpliciter
3189 596 3242 642 et
3260 589 3520 646 veraciter
3548 575 3776 663 gratiam

2194 663 2389 722 Christi
2404 682 2527 740 erga
2551 671 2801 740 parvulos
2817 673 3176 744 confiteberis,
3193 693 3292 734 nec
3308 681 3515 752 cogeris
3553 699 3642 741 res
3671 686 3777 741 im-

2199 755 2468 826 piissimus
2495 769 2654 831 atque
2681 761 3092 822 absurdissimas
3105 766 3303 838 dicere,
3323 783 3414 826 aut
3429 772 3775 844 baptizandus

2193 863 2297 903 non
2326 865 2447 907 esse
2482 853 2729 923 parvulos
2752 897 2767 923 ,
2799 857 2938 927 quod
2961 858 3173 928 quidem
3195 872 3377 931 postea
3394 865 3524 920 estis
3545 865 3772 925 fortasse

2192 937 2520 1007 dicturi,‘aut
2541 951 2647 998 tam
2667 959 2915 1016 magnum
2944 946 3345 1007 Sacramentum
3367 953 3446 1010 sic
3476 955 3526 1010 in
3555 957 3630 1012 eis
3654 973 3776 1016 esse

2188 1029 2500 1102 ludibrium,
2529 1043 2587 1089 ut
2615 1035 2669 1090 in
2711 1036 2987 1094 Salvatore
3026 1040 3380 1112 baptizentur,
3408 1043 3501 1100 sed
3529 1061 3633 1102 non
3660 1031 3770 1103 sal;

2191 1132 2411 1192 ventur;
2442 1139 2470 1178 a
2501 1126 2784 1184 liberatore
2813 1130 3161 1200 redimantur,
3184 1135 3279 1190 sed
3306 1151 3414 1191 non
3441 1137 3768 1208 liberentur;

2188 1209 2400 1270 lavacro
2442 1221 2858 1288 regenerationis
2903 1223 3161 1292 laventur,
3198 1225 3292 1282 sed
3318 1243 3425 1283 non
3455 1228 3767 1300 abluantur;

2187 1307 2560 1388 exorcizentur
2585 1318 2638 1364 et
2663 1311 3032 1382 exsufﬂentur,
3055 1316 3147 1370 sed
3175 1333 3205 1371 a
3233 1327 3492 1388 potestate
3523 1321 3769 1394 tenebras

2184 1409 2304 1450 rum
2327 1384 2430 1452 non
2457 1410 2709 1456 eruantur
2735 1420 2749 1470 ;
2779 1403 2848 1458 sit
2874 1419 3058 1461 eorum
3088 1409 3310 1477 pretium
3338 1413 3572 1483 sanguis,
3601 1415 3768 1486 quiin

2184 1487 2556 1545 remissionem
2577 1490 2723 1548 fusus
2744 1506 2825 1548 est
2844 1506 3203 1566 peccatorum,
3225 1500 3318 1554 sed
3341 1502 3534 1558 nullius
3560 1507 3767 1576 peccati

2189 1575 2509 1636 remissione
2536 1594 2844 1654 purgentur.
2881 1585 2993 1641 Hoc
3023 1597 3187 1642 totum
3221 1601 3520 1662 propterea,
3550 1575 3675 1667 quia
3697 1598 3766 1654 ti-

2182 1669 2341 1726 metis
2386 1671 2584 1740 dicere,
2611 1673 2731 1730 Non
2780 1675 3141 1748 baptizentur;
3173 1697 3241 1736 ne
3270 1698 3374 1738 non
3403 1685 3573 1742 solum
3602 1687 3764 1747 facies

2182 1769 2374 1816 vestra:
2395 1764 2565 1832 sputis
2590 1765 2896 1823 oblinantur
2915 1770 3169 1838 virorum,
3198 1787 3377 1830 verum
3403 1765 3561 1833 etiam
3589 1773 3763 1850 capita

2180 1851 2438 1908 sandaliis
2464 1855 2901 1914 muliercularum
2933 1863 3383 1934 commitigentur.

2256 1940 2341 1995 12.
2370 1941 2479 2000 Nos
2506 1955 2650 2001 certe
2676 1962 2890 2003 causam
2909 1965 3007 2005 cur
3027 1953 3125 2006 sub
3141 1953 3352 2011 diabolo
3377 1957 3447 2012 sit
3467 1958 3557 2030 qui
3584 1964 3760 2018 nasci-

2183 2038 2286 2098 tur,
2318 2031 2490 2090 donec
2525 2049 2835 2094 renascatur
2880 2041 2932 2096 in
2974 2041 3209 2112 Christo,
3241 2049 3440 2116 peccati
3465 2065 3529 2105 ex
3557 2054 3759 2130 origine

2180 2120 2408 2178 dicimus
2441 2139 2561 2182 esse
2598 2131 2921 2201 contagium.
2947 2131 3052 2188 Vos
3077 2145 3254 2191 autem
3283 2139 3370 2209 qui
3402 2139 3505 2197 hoc
3531 2120 3755 2216 negatis,

2178 2229 2241 2271 ea
2279 2216 2469 2273 saltem
2509 2233 2628 2290 qua:
2665 2232 2849 2292 aperta
2893 2234 3018 2281 sunt
3061 2228 3369 2297 intuemini;
3401 2247 3497 2288 cur
3520 2239 3785 2310 nonnulli

2177 2307 2336 2362 etiam
2358 2308 2658 2367 daemonem
2681 2315 2948 2384 patiantur
2969 2318 3224 2376 infantes:
3247 2322 3347 2377 nisi
3364 2322 3502 2381 forte
3515 2334 3568 2383 et
3588 2314 3757 2399 ipsos,

2176 2407 2270 2454 aut
2313 2414 2452 2469 esse,
2487 2412 2578 2459 aut
2623 2405 2722 2462 sub
2769 2407 2982 2466 diabolo
3025 2426 3164 2480 esse,
3206 2416 3489 2486 negabitis;
3529 2435 3630 2476 nec
3659 2437 3756 2479 vos

2176 2487 2520 2562 Evangelium
2563 2499 2950 2570 commonebit,
3004 2502 3092 2558 ubi
3136 2503 3358 2562 forsitan
3402 2522 3618 2580 propter
3657 2529 3756 2571 vos

2175 2581 2521 2654 interrogavit
2549 2587 2802 2645 Dominus
2829 2593 2971 2662 quod
2997 2596 3218 2663 sciebat,
3253 2608 3312 2654 ut
3339 2612 3485 2670 pater
3502 2606 3650 2674 pueri
3672 2624 3757 2664 re-

2174 2672 2480 2740 sponderet,
2532 2676 2696 2732 filium
2740 2696 2893 2736 suum
2941 2685 3008 2739 ab
3054 2686 3271 2743 infantia
3315 2705 3408 2746 sua
3435 2672 3754 2754 admmonio

2175 2771 2281 2818 tam
2313 2769 2462 2835 gravi
2487 2771 2823 2842 graviterque
2847 2779 3048 2845 vexari,
3079 2788 3137 2834 ut
3179 2797 3208 2836 a
3245 2783 3441 2840 Christi
3481 2788 3754 2860 discipulis

2175 2867 2282 2908 non
2327 2869 2506 2925 posset
2550 2862 2741 2930 expelli
2769 2863 2960 2933 (Marc.
2990 2883 3069 2932 ix,
3103 2870 3316 2943 lli-26).
3354 2874 3492 2932 Ecce
3534 2893 3655 2948 ego,
3700 2891 3755 2937 ut

2176 2943 2283 2998 sint
2315 2950 2515 3016 parvuli
2544 2950 2594 3005 in
2623 2952 2816 3008 diaboli
2845 2965 3127 3026 potestate,
3157 2977 3370 3020 causam
3402 2943 3611 3036 nuptias
3635 2943 3754 3031 esse

2173 3049 2277 3089 non
2306 3036 2443 3104 dico,
2469 3041 2612 3110 quod
2636 3058 2721 3098 me
2742 3044 2918 3102 dicere
2938 3049 3295 3110 ealumniaris.
3325 3055 3533 3127 Nuptiae
3557 3063 3754 3134 quippe

2174 3125 2372 3182 habent
2397 3129 2638 3188 ordinem
2687 3149 2840 3192 suum
2885 3146 2940 3194 et
2977 3125 3421 3202 benedictionem
3451 3125 3621 3218 suam,

2172 3233 2404 3290 numque
2433 3236 2588 3277 suum
2636 3240 2735 3280 nec
2780 3229 3110 3288 subintrante
3137 3246 3353 3304 peccoto
3385 3242 3630 3299 amittere
3657 3260 3752 3317 po-

2173 3314 2406 3364 tuerunt.
2440 3311 2516 3367 Tu
2547 3327 2721 3370 autem
2754 3333 2917 3387 quare
2954 3323 3025 3376 sit
3061 3324 3161 3380 sub
3197 3325 3410 3383 diabolo
3447 3331 3533 3387 ille
3559 3311 3751 3391 saltem

2173 3399 2364 3465 infans,
2399 3405 2488 3472 qui
2533 3407 2964 3467 manifestissime
3009 3425 3229 3472 vexatur
3270 3433 3298 3473 a
3339 3421 3566 3491 diabolo,
3597 3425 3670 3480 ita
3697 3437 3752 3483 ut

2171 3492 2454 3562 aliquando
2485 3496 2595 3565 ipsa
2615 3501 2896 3558 vexatione
2923 3506 3200 3576 moriatur,
3224 3513 3488 3581 responde
3507 3516 3550 3570 si
3575 3527 3749 3587 potes.

2169 3584 2283 3638 Non
2328 3587 2408 3641 vis
2448 3589 2614 3656 enim,
2647 3607 2966 3664 quemquam
3011 3599 3172 3655 ullam
3200 3616 3410 3671 poenam
3443 3622 3537 3676 pro
3559 3584 3751 3668 alienis

2169 3675 2349 3731 subire
2378 3680 2629 3748 peccatis,
2661 3697 2728 3738 ne
2759 3683 2880 3740 hinc
2907 3685 2998 3743 fiat
3018 3690 3293 3760 credibile,
3317 3675 3475 3752 etiam
3505 3704 3749 3774 contagia

2167 3777 2506 3836 peccatorum
2528 3772 2578 3826 in
2597 3786 2877 3834 nascentes
2898 3795 2962 3835 ex
2981 3782 3318 3851 gignentibus
3328 3802 3484 3858 posse
3497 3772 3748 3850 transire.

2236 3858 2463 3915 CAPUT
2501 3861 2591 3918 Vl.
2619 3895 2691 3906 —-
2720 3867 2806 3924 l3.
2835 3867 2938 3925 Sed
2965 3871 3230 3942 videlicet,
3258 3888 3315 3932 ut
3355 3883 3594 3952 egregius
3637 3885 3753 3940 dia-

2167 3947 2406 4018 lecticus,
2438 3972 2454 4005 ι
2483 3969 2588 4008 non
2615 3971 2699 4011 me
2726 3960 2942 4027 patieris
2967 3961 3136 4032 elabi,
3165 3967 3258 4023 sed
3298 3985 3482 4040 presse
3520 3973 3752 4031 interro-

2165 4041 2314 4111 gabis
2339 4053 2390 4098 et
2421 4044 2670 4114 breviter,
2703 4049 2760 4103 ln
2795 4053 3024 4119 parvulis
3051 4058 3314 4114 actionem
3359 4078 3524 4130 ream,
3557 4079 3626 4120 an
3658 4084 3754 4122 na-

2168 4138 2336 4187 turam
2387 4144 2585 4204 putem.
2632 4156 2651 4190 ι
2699 4139 2765 4194 Ει
2815 4142 2880 4196 ad
2927 4155 3206 4218 utrumque
3250 4155 3609 4225 resltondens,
3646 4159 3750 4216 «Si

2165 4223 2452 4290 actionem,
2491 4246 2508 4279 ι
2547 4229 2739 4299 inquis,
2764 4251 2783 4283 ί
2817 4235 3041 4291 ostende
3076 4239 3199 4307 quid
3228 4240 3550 4303 fecerintzsi
3587 4263 3750 4306 natu-

2166 4332 2309 4383 ram,
2340 4321 2560 4375 ostende
2591 4323 2709 4392 quis
2736 4340 2850 4380 eam
2884 4326 3088 4383 fecerit.
3119 4350 3136 4383 ›
3164 4332 3325 4401 Quasi
3354 4346 3409 4392 et
3437 4342 3574 4395 actio
3607 4346 3751 4400 mala

2165 4407 2319 4463 faciat
2347 4409 2446 4464 nisi
2478 4422 2720 4469 naturam
2752 4433 2919 4473 ream.
2944 4420 3167 4479 Actione
3191 4427 3382 4497 quippe
3405 4432 3494 4500 qui
3519 4448 3648 4490 reus
3669 4445 3754 4492 est

2164 4501 2393 4556 hominis
2410 4504 2452 4569 ¹,
2487 4504 2645 4560 homo
2676 4518 2790 4572 est;
2821 4509 2979 4566 homo
3007 4523 3181 4569 autem
3212 4527 3395 4574 natura
3426 4531 3527 4578 est.
3555 4524 3750 4582 Homi-

2162 4604 2257 4642 nes
2287 4590 2462 4660 igitur,
2491 4595 2626 4650 sicut
2653 4601 2852 4665 peceati
2880 4604 3087 4658 actione
3116 4607 3376 4677 majores,
3410 4612 3478 4667 ita
3507 4615 3752 4672 minores

2161 4681 2419 4751 ntajorum
2449 4687 2764 4757 contagione
2793 4699 2917 4745 sunt
2937 4695 3011 4748 rei
3039 4713 3051 4747 :
3078 4695 3161 4751 isti
3185 4713 3246 4753 ex
3269 4715 3334 4755 eo
3355 4703 3494 4771 quod
3518 4704 3747 4774 faciunt,

2161 4770 2232 4824 illi
2264 4787 2327 4826 ex
2359 4775 2553 4843 quibus
2576 4778 2835 4848 originem
2865 4780 3083 4838 ducunt.
3109 4770 3448 4855 Quocircain
3478 4800 3748 4864 parvulis’

2159 4859 2356 4915 bonum
2404 4875 2505 4929 est,
2549 4867 2687 4935 quod
2739 4869 2983 4936 homines
3029 4885 3187 4943 sunt;
3217 4881 3357 4948 quod
3388 4865 3748 4944 omniuoﬂnon

2157 4960 2353 5019 essent,
2388 4953 2488 5008 nisi
2519 4971 2612 5010 eos
2645 4958 2731 5013 ille
2763 4962 2849 5030 qui
2881 4978 3087 5019 summe
3117 4966 3285 5023 bonus
3318 4981 3399 5026 est
3425 4976 3749 5036 creavissct.

2220 5108 2235 5138 ί
2273 5110 2621 5182 msh-sumpsit
2656 5115 3007 5182 exordium,in_
3029 5120 3172 5182 editis
3187 5123 3400 5175 additur:
3425 5127 3552 5178 sicut
3573 5131 3750 5182 rotun-

2153 5170 2740 5257 £?S.T.£“£‘.ipﬁ‘.’ff‘_9!"a?
2759 5170 2964 5257 reseis
2984 5180 3044 5257 is!
3065 5189 3154 5257 es"
3177 5170 3213 5257 si
3225 5170 3752 5257 mussante:

2153 5235 2311 5307 cntum
2332 5238 2556 5307 emortum
2578 5243 2664 5307 est,
2680 5235 2734 5287 "et
2747 5235 2939 5307 peccati
2951 5235 3099 5307 origo
3121 5235 3331 5297 uoluntas
3356 5235 3613 5302 insidat.“
3634 5235 3750 5307 ’ῖῖὖυ

2151 5291 2445 5368 glossemate
2497 5291 2667 5368 carent
2728 5291 2824 5368 d'uo
2877 5315 2906 5352 e
2941 5291 3596 5368 quttjtkpte"viiiiéaitiﬁtgéf'

2152 5366 2286 5430 verp,
2302 5355 2384 5430 alii
2406 5370 2492 5430 pro
2514 5360 2668 5430 :sicut
2701 5362 2928 5430 uoluntas
2947 5355 3104 5430 ἠιᾳιιί,
3143 5355 3310 5420 ferunt
3324 5355 3582 5426 E'iéaniiiai

2149 5414 2324 5494 mata“:
2341 5414 2649 5494 tjloriaeensis
2673 5431 2770 5494 31s.,
2797 5426 2928 5494 Quod
2954 5414 3451 5494 t-otaaiai'tiiziti,'ét2

2217 5478 2236 5507 ³
2269 5485 2392 5550 Post,
2418 5479 2501 5552 qui
2524 5495 2634 5552 reus
2669 5491 2737 5533 est
2759 5478 2774 5543 ζ
2798 5478 3031 5552 addimus,
3085 5478 3328 5552 hornitiis,’
3348 5478 3745 5550 orvvFloriaeensi

2149 5541 2483 5651 mal‘ltllscl‘leLO.
2501 5545 2584 5614 qui
2598 5541 2767 5651 tqmen‘
2780 5549 2932 5599 codex
2974 5541 3141 5613 postea
3162 5541 3745 5620 ouatia,tibn‘ts}é;3iii§

2149 5612 2236 5648 ver
2261 5613 2318 5651 ta.
2340 5615 2405 5651 tot
2430 5616 2486 5651 nr
2518 5619 2620 5651 sm:
2643 5643 2656 5651 .

2149 5612 2318 5663 verba,
2340 5612 2486 5663 igitur
2518 5612 2656 5656 sicut.

2159 5615 2318 5657 verna,
2340 5615 2486 5664 igitur
2518 5615 2656 5656 sicut.
3342 5615 3345 5616 ⁷
3580 5615 3589 5620 ⁷

2159 5720 2197 5770 m
2213 5661 2658 5776 quocirca
2685 5668 2890 5733 parvuli.
2933 5679 2989 5724 Al.
3019 5673 3334 5730 Floriacensis
3366 5685 3470 5742 his,
3504 5681 3746 5745 quocirca

2151 5734 2197 5771 ιιι
2218 5734 2448 5785 paruitas.
