4038 6474
257 346 382 404 ηερ

265 462 470 518 Italum
495 477 626 520 vero
652 463 700 520 si
727 460 929 519 nullum
957 473 1024 516 ex
1041 456 1247 529 origine
1267 453 1562 516 traherent,
1587 465 1855 519 nunquam

253 569 396 608 ‘cunt
427 555 572 610 vitiis
615 554 701 611 vel
738 549 1104 624 corporalibus
1149 553 1513 601 nascerentur.
1548 543 1690 597 Deus
1715 540 1860 594 enim

273 645 367 716 qui
386 655 469 700 est
495 646 818 712 animarum,
840 645 952 714 ipse
981 649 1064 696 est
1093 638 1251 694 etiam
1280 648 1563 706 corporum
1591 630 1857 695 conditor,

251 738 366 808 'qui
396 737 578 807 utique
609 737 854 792 humana:
899 734 954 790 in
1003 734 1113 802 ipsa
1159 729 1465 786 conditione
1503 737 1706 780 naturae
1732 722 1860 776 vitia

253 843 384 884 tuon
413 827 602 899 inﬂigit
639 828 940 883 immeritae.
970 823 1156 894 Neque
1188 820 1330 876 enim
1359 818 1427 873 de
1457 812 1859 871 innumerabili—

253 917 378 975 “bus
405 919 664 989 parvulis,
693 917 782 990 qui
806 923 865 972 et
892 916 946 971 in
969 915 1150 969 animo
1172 911 1294 967 etin
1317 923 1543 978 corpore
1563 921 1686 961 cum
1715 912 1859 958 tanta

257 1010 527 1066 'vitiorum
564 1009 822 1064 varietate
859 1015 1170 1067 nascuntur,
1214 1001 1317 1058 hoc
1353 1000 1456 1055 dici
1484 1004 1677 1068 potest,
1717 990 1859 1064 quod

273 1102 538 1158 Dominus
558 1101 634 1155 ait
653 1099 721 1156 de
750 1099 842 1154 illo
869 1098 960 1169 qui
982 1110 1158 1152 cinctis
1178 1101 1335 1148 natus
1353 1098 1467 1154 est;
1507 1103 1614 1145 nou
1642 1092 1862 1157 propter

272 1203 552 1265 peccatum
594 1193 782 1263 ipsius,
805 1191 892 1247 vel
944 1195 1248 1261 parentum,
1281 1184 1332 1240 id
1363 1197 1482 1238 esse
1513 1180 1732 1245 factum,
1764 1174 1861 1231 sed

272 1294 338 1342 ut
374 1283 843 1341 manifestarentur
881 1297 1044 1354 Opera
1087 1279 1181 1336 Dei
1225 1277 1278 1332 in
1317 1275 1416 1331 illo
1443 1274 1633 1354 (Joan.
1661 1287 1738 1336 ix,
1765 1270 1859 1336 5).

272 1375 428 1433 Iulli
452 1376 650 1447 quippe
687 1389 787 1430 nec
823 1381 1084 1430 sanantur
1107 1369 1349 1433 omnino,
1379 1365 1474 1422 sed
1503 1378 1626 1419 cum
1654 1360 1859 1416 eisdem

232 1469 239 1534 ξ
270 1469 441 1534 vitiis,
470 1468 586 1523 sive
609 1467 845 1538 qualibet
870 1467 890 1498 ⁸
917 1473 1107 1528 aetate,
1139 1462 1252 1517 sive
1297 1459 1350 1514 in
1393 1458 1506 1529 ipsa
1560 1454 1863 1510 moriuntur

275 1557 522 1614 infantia.
560 1557 846 1614 Nonnullis
884 1556 1050 1611 etiam
1087 1551 1319 1624 parvulis
1357 1550 1468 1619 jam
1516 1547 1750 1610 renatis,
1776 1543 1862 1600 vel

263 1658 593 1720 pennanent
611 1663 734 1704 cum
762 1647 956 1719 quibus
983 1652 1109 1700 sunt
1137 1643 1268 1708 nati,
1297 1642 1384 1697 vel
1409 1638 1650 1694 accidunt
1679 1636 1865 1706 hujus-

273 1740 422 1797 modi
452 1741 613 1810 mala,
634 1740 770 1797 absit
798 1747 855 1794 ut
880 1737 1122 1793 dicamus
1145 1734 1362 1804 indigne
1384 1749 1397 1786 :
1421 1730 1516 1785 sed
1545 1729 1664 1784 hinc
1680 1727 1863 1799 potius

274 1832 639 1903 intelligamus
667 1831 746 1886 eis
778 1829 847 1884 ad
874 1830 1099 1884 alterum
1127 1826 1380 1880 saeculum
1408 1820 1687 1892 prodesse,
1719 1818 1886 1890 quod-

272 1931 663 1986 renascuntur;
691 1921 852 1990 hujus
875 1927 1053 1974 autem
1093 1914 1271 1972 szeculi
1306 1910 1708 1982 dispositionem
1741 1924 1866 1978 pro-

275 2027 396 2089 pter
415 2017 602 2072 vitium
619 2016 644 2050 ³
671 2013 934 2085 superbia:
975 2009 1226 2074 hominis,
1256 2022 1352 2078 per
1375 2003 1517 2075 quod
1544 1999 1865 2072 apostatavit

263 2123 307 2162 ε
336 2108 449 2163 Deo
469 2105 656 2179 (Ereti.
683 2121 738 2171 x,
766 2105 854 2170 li,
884 2104 999 2174 l5).
1021 2099 1246 2156 diversis
1268 2097 1419 2152 malis
1447 2095 1717 2150 hominum
1742 2106 1865 2163 per-

273 2199 360 2268 agi
384 2199 442 2253 in
463 2197 594 2268 iugo
614 2195 762 2268 gravi
775 2211 927 2267 super
946 2193 1080 2264 ﬁlios
1103 2189 1291 2253 Adam,
1310 2203 1343 2241 a
1365 2186 1449 2241 die
1475 2185 1638 2240 exitus
1659 2183 1720 2237 de
1735 2198 1862 2237 oen-

274 2301 353 2345 trc
379 2289 558 2343 matris
581 2303 776 2352 eorum,
816 2299 973 2357 usque
1015 2283 1071 2338 in
1114 2282 1248 2337 diem
1272 2278 1548 2351 sepultura
1573 2276 1628 2330 in
1652 2283 1863 2329 matrem

259 2384 503 2438 omnium
530 2381 640 2455 (Id.
668 2396 762 2447 ιι,
793 2381 873 2453 Ι).

347 2473 576 2530 CAPUT
620 2472 729 2527 VII.
755 2501 830 2514 —
853 2470 940 2526 Η.
965 2465 1127 2539 Quod
1147 2473 1328 2522 autem
1349 2465 1403 2520 in
1433 2464 1537 2518 hoc
1559 2473 1723 2531 Opere
1753 2467 1864 2526 tuo,

261 2566 550 2638 quomodo
574 2565 705 2620 ﬁant
732 2580 761 2618 a
781 2561 1076 2620 dialecticis
1102 2556 1421 2634 syllogismi,
1443 2554 1587 2611 unde
1608 2551 1864 2623 quaestio-

278 2676 404 2716 nem
429 2660 521 2715 tibi
550 2658 734 2713 nullus
751 2655 973 2727 objecit,
998 2653 1197 2710 docere
1211 2649 1460 2714 conaris;
1487 2654 1748 2718 quantum
1772 2641 1866 2697 tibi

266 2753 484 2823 places,
510 2760 714 2806 tantum
743 2747 993 2819 gravibus
1021 2743 1308 2800 lectoribus
1324 2739 1595 2810 displices.
1612 2736 1699 2803 Et,
1725 2732 1866 2803 quod

263 2855 360 2900 est
373 2843 712 2916 pejus,lingis
725 2857 810 2897 me
825 2839 1001 2896 dicere
1012 2836 1152 2909 quod
1167 2851 1271 2891 non
1292 2835 1432 2901 dico,
1446 2828 1762 2887 concludere
1772 2827 1869 2884 sie-

271 2946 342 2992 nt
359 2953 467 2992 non
487 2935 767 2999 concludo,
799 2931 1094 2988 concedere
1113 2928 1254 3002 quod
1276 2942 1381 2983 non
1398 2923 1656 2991 concedo,
1679 2930 1734 2977 et
1746 2935 1868 2977 cono

265 3030 453 3086 cludis
483 3029 576 3083 tibi
603 3029 715 3098 ipse
741 3025 885 3097 quod
913 3040 1103 3081 renuo.
1121 3021 1346 3090 Quando
1363 3019 1507 3077 enim
1530 3032 1628 3088 ego
1658 3013 1866 3086 negavi,

285 3139 310 3175 ι
334 3129 576 3176 naturam
597 3119 869 3173 hominum
884 3130 1006 3172 esse
1025 3113 1365 3179 laudabilem,
1390 3129 1409 3163 ι
1435 3112 1487 3164 ἱη
1507 3116 1761 3180 quantum
1781 3105 1871 3162 bo-

269 3214 458 3270 (mines
483 3212 645 3268 sunt?
670 3209 893 3280 Quando
919 3209 1061 3274 dixi,
1087 3225 1110 3260 ‹
1141 3206 1210 3262 ob
1231 3205 1332 3260 hoc
1364 3204 1536 3274 ipsum
1559 3216 1679 3257 reos
1716 3213 1866 3266 esse,

277 3305 409 3375 quia
426 3311 569 3368 sunt;
593 3321 614 3356 ι
633 3317 754 3358 cum
773 3301 1010 3372 proiecto
1024 3304 1219 3362 essent,
1239 3309 1336 3350 nec
1350 3293 1426 3348 rei
1439 3300 1637 3356 essem,
1651 3291 1694 3346 si
1711 3304 1870 3344 nemo

279 3396 598 3469 peccasset?
626 3395 848 3463 Quando
872 3376 1016 3458 dixi,
1059 3409 1081 3444 ί
1130 3387 1506 3446 fecunditatem
1537 3399 1658 3440 esse
1681 3396 1868 3452 repro-

280 3489 550 3556 handam;
590 3507 611 3542 ι
641 3503 761 3544 cum
787 3487 854 3542 ad
888 3483 1314 3541 benedictionem
1358 3479 1622 3550 pertineat
1663 3474 1873 3545 nuptia-

281 3585 443 3642 rum?
471 3583 754 3653 Quomodo
779 3598 808 3636 a
839 3592 892 3637 te
922 3590 1158 3652 peterem
1185 3588 1243 3635 ut
1269 3577 1371 3632 hoc
1398 3576 1570 3646 ipsum
1612 3569 1876 3628 concede-

282 3691 396 3740 res,
420 3675 563 3747 quod
594 3676 710 3745 ipse
736 3689 840 3728 non
867 3671 1021 3728 dixi?

357 3767 449 3822 15.
479 3765 600 3822 Jam
643 3780 775 3821 vero
823 3763 964 3835 quod
1008 3776 1096 3817 me
1139 3759 1274 3815 dicis
1315 3769 1610 3822 assumere,
1644 3770 1665 3806 ι
1689 3751 1876 3806 Omnis

283 3858 604 3916 commixtio
631 3870 916 3927 corporum
944 3854 1116 3918 mala;
1155 3871 1174 3905 ι
1215 3849 1346 3905 nihil
1379 3850 1556 3903 minus
1585 3852 1688 3913 est,
1717 3857 1876 3917 quam

285 3963 348 4008 ut
372 3951 542 4017 dicas,
577 3964 665 4005 me
702 3949 861 4004 etiam
890 3946 998 4001 vini
1037 3953 1092 3999 et
1134 3958 1287 4014 aqua:
1316 3955 1597 3996 accusasse
1619 3936 1878 3994 commix-

289 4044 514 4108 tioncm,
544 4040 757 4112 quando
796 4039 950 4094 nobis
992 4038 1138 4107 potio
1169 4043 1534 4104 temperatur:
1561 4032 1685 4104 quia
1724 4038 1778 4086 et
1807 4029 1876 4085 ibi

284 4149 577 4205 corporum
617 4141 700 4186 εει
727 4132 843 4186 sine
867 4129 1198 4186 dubitatione
1225 4125 1570 4190 commixtio;
1603 4132 1658 4178 et
1683 4123 1728 4178 si
1757 4137 1880 4176 om.

287 4238 417 4279 nem
465 4221 905 4278 commixtionetn
950 4232 1235 4289 corporum
1286 4215 1480 4270 malam
1521 4213 1653 4278 dixi,
1708 4225 1882 4282 neque

281 4314 430 4370 hanc
456 4317 644 4385 utique
675 4311 1011 4384 praetermisi.
1045 4308 1150 4364 Sed
1197 4321 1294 4361 nec
1337 4306 1506 4377 ipsam
1546 4303 1885 4358 commixtio-

291 4422 416 4461 ncm
455 4419 621 4460 sexus
666 4404 943 4473 utriusque
985 4398 1329 4470 reprehendi,
1357 4398 1403 4452 si
1449 4397 1686 4466 legitima
1721 4405 1883 4466 atque

289 4495 548 4564 nuptialis
571 4506 672 4551 est.
699 4496 827 4551 Sine
853 4497 952 4550 hac
979 4494 1121 4549 enim
1150 4507 1255 4546 non
1288 4491 1440 4545 ﬂeret
1483 4488 1756 4544 hominum
1790 4503 1885 4557 ge-

297 4589 524 4655 neratio,
555 4587 714 4642 ctiam
760 4586 908 4642 nullo
937 4585 1248 4654 cujusquam
1278 4583 1613 4652 przccetlente
1640 4587 1877 4649 peccato.

290 4679 529 4736 Proinde
555 4677 687 4733 illud
731 4678 874 4732 aliud
916 4676 1056 4746 quod
1087 4690 1173 4730 me
1202 4673 1382 4728 dicere
1408 4671 1674 4741 adjungis,
1710 4686 1730 4721 ι
1768 4667 1883 4722 Filii

293 4785 474 4830 autem
517 4772 584 4828 de
624 4787 908 4842 corporum
945 4769 1326 4825 commixtione
1366 4773 1675 4827 nascuntur,
1712 4779 1732 4814 ι
1765 4761 1886 4816 dico

290 4882 429 4922 sane
462 4884 476 4921 :
504 4865 599 4920 scd
629 4857 928 4927 Conclusio,
956 4877 1115 4932 quam
1160 4860 1306 4914 velut
1353 4871 1525 4912 meam
1573 4854 1767 4940 inferre
1793 4867 1887 4908 vo-

299 4961 466 5024 luisti,
500 4976 604 5014 non
631 4967 714 5014 est
742 4972 878 5012 mea.
914 4957 1027 5011 Non
1053 4956 1194 5011 enim
1208 4967 1306 5024 ego
1331 4952 1471 5017 dico,
1494 4969 1512 5002 ι
1530 4949 1765 5020 Nequam
1790 4947 1888 5018 igi-

297 5064 386 5108 tur
416 5052 541 5116 filii,
571 5050 661 5122 qui
687 5049 756 5106 de
785 5049 920 5104 mala
949 5047 1260 5118 operatione
1291 5043 1622 5115 procedunt;
1657 5057 1678 5092 ι
1711 5054 1886 5110 quan-

300 5142 592 5215 doquidem
651 5143 818 5212 ipsam
874 5138 1160 5209 conjugum
1208 5135 1614 5208 operationem,
1663 5146 1783 5203 qua:
1831 5128 1892 5184 fit

297 5235 690 5307 gignendorum
734 5233 904 5303 gratia
946 5231 1198 5296 filiorum,
1241 5244 1346 5283 non
1387 5227 1506 5282 dico
1552 5224 1765 5290 malam,
1795 5221 1889 5277 sed

302 5331 480 5400 potius
497 5330 689 5384 bonam
709 5345 723 5381 :
743 5326 864 5398 quia
877 5325 1013 5380 bene
1031 5324 1192 5379 utitur
1206 5320 1440 5377 libidinis
1450 5319 1612 5384 malo,
1630 5331 1723 5386 per
1749 5312 1891 5385 quod

301 5429 628 5492 generantur
655 5419 898 5474 homines
924 5417 1120 5470 bonum
1149 5429 1284 5484 opus
1310 5412 1436 5478 Dei;
1469 5424 1574 5465 non
1597 5407 1712 5463 sine
1729 5407 1890 5474 malo,

306 5524 527 5586 propter
548 5511 691 5584 quod
720 5509 1072 5583 regenerandi
1097 5517 1243 5577 sunt,
1270 5515 1329 5562 ut
1357 5506 1650 5562 liberentur
1669 5517 1698 5558 a
1727 5501 1887 5557 male.

372 5713 389 5777 ι
429 5711 565 5770 mliti,
588 5710 684 5764 sive
706 5709 1015 5777 iu_qu_alibct;
1037 5715 1163 5777 Mss...
1185 5705 1284 5777 sive
1313 5704 1536 5768 qualiﬁct.

371 5776 394 5808 ί
428 5785 527 5824 ΔΔΙΙ.
556 5782 628 5823 tr.
656 5781 707 5823 et
731 5772 951 5836 [let-ique
977 5781 1102 5831 5:55.,
1127 5772 1330 5819 initium.

1634 333 1845 390 LIBER
1882 331 2197 387 TERTIUS.

3443 335 3548 392 7l0

2039 469 2126 524 lii.
2161 469 2359 525 Deinde
2401 471 2647 526 contexis
2689 471 2916 527 alterum
2965 471 3328 543 syllogismum
3359 481 3546 540 tuum;

1965 562 2216 631 quoniam
2237 569 2356 616 tuus
2377 570 2532 618 estet
2552 563 2696 634 prior
2721 564 2877 633 iste",
2901 581 3008 621 non
3033 576 3205 621 meus.
3228 566 3370 621 Dicis
3389 580 3545 636 ergo,

1972 669 1990 704 ι
2007 651 2185 708 Causa
2216 668 2437 708 sexuum
2464 656 2772 711 commixtio
2796 671 3081 727 corporum
3104 675 3160 712 τι
3176 668 3230 714 ει
3257 659 3336 714 vis
3364 666 3422 712 ut
3445 655 3550 713 hoc

1971 743 2262 797 concedam
2289 741 2404 798 tibi.
2444 744 2582 800 Ecce
2609 746 2864 801 concedo.
2893 747 3078 816 Pergis
3115 746 3259 812 inde,
3283 755 3338 802 et
3360 747 3552 817 adjun-

1952 831 2046 900 gis
2070 849 2083 885 :
2118 832 2203 887 «Si
2227 833 2363 887 mala
2385 848 2604 904 semper
2621 837 2944 900 commixtio,
2970 836 3224 892 deformis
3243 838 3404 893 etiam
3421 852 3552 892 con-

1965 920 2096 974 ditio
2119 935 2402 991 corporum
2451 923 2505 978 in
2550 939 2772 979 sexuum
2820 926 3124 982 diversitate
3172 927 3486 997 positorum.
3522 945 3544 981 ι

1961 1009 2079 1065 Hoc
2107 1011 2150 1066 si
2181 1021 2324 1067 esset
2351 1027 2706 1085 consequens,
2736 1030 2821 1070 me
2844 1030 2948 1072 non
2973 1027 3257 1087 premeret,
3287 1019 3551 1089 quicum-

1967 1102 2282 1158 mixtionem
2313 1106 2625 1176 nuptialem,
2659 1107 2710 1162 id
2735 1116 2838 1176 est,
2867 1109 3156 1165 liberorum
3187 1111 3548 1180 procreanda.

1961 1208 2084 1248 rum
2105 1198 2326 1264 causa”,
2350 1211 2455 1251 non
2478 1199 2648 1253 solum
2677 1199 2870 1254 malam
2893 1201 3156 1270 nondico,
3183 1217 3367 1258 verum
3388 1205 3548 1259 etiam

1968 1283 2160 1340 bonam
2210 1286 2351 1342 dico.
2386 1288 2504 1344 Huc
2545 1290 2770 1355 accedit,
2800 1292 2920 1362 quia
2966 1302 3020 1348 et
3065 1308 3398 1365 consequens
3442 1311 3551 1352 nou

1957 1385 2069 1443 est,
2097 1384 2157 1432 ut
2180 1377 2224 1433 si
2246 1393 2463 1450 semper
2479 1389 2562 1435 est
2579 1381 2714 1435 mala
2730 1397 2893 1438 sexus
2921 1385 3198 1456 utriusque
3219 1387 3549 1454 commixtio,

1969 1474 2251 1536 propterea
2279 1469 2350 1524 sit
2394 1469 2651 1527 deformis
2698 1472 2860 1528 etiam
2905 1473 3143 1531 conditio
3183 1491 3467 1547 corporum
3494 1479 3551 1534 in

1963 1569 2188 1612 sexuum
2236 1558 2548 1616 diversitate
2598 1562 2911 1632 positorum.
2957 1564 3202 1622 Profecto
3247 1551 3389 1623 enim
3424 1568 3469 1624 si
3496 1569 3551 1624 in

1959 1655 2174 1703 tantum
2203 1647 2446 1706 homines
2472 1660 2655 1707 essent
2717 1653 2860 1709 male
2903 1653 3139 1711 libidinis
3177 1656 3467 1728 snbjugati,
3491 1667 3552 1716 ut

1967 1746 2174 1792 remota
2218 1739 2497 1796 honestate
2526 1743 2860 1812 nuptiarum,
2887 1759 3074 1812 omnes
3103 1745 3466 1804 indifferenter
3489 1763 3554 1805 ac

1959 1829 2166 1897 .passim
2214 1829 2406 1884 canino
2445 1845 2598 1887 more
2622 1833 3059 1901 concumberent,
3090 1849 3196 1891 non
3225 1835 3346 1892 ideo
3368 1837 3553 1894 defor-

1969 1917 2072 1971 mis
2099 1926 2242 1974 esset
2285 1919 2522 1976 conditio
2553 1936 2863 1992 corporu,
2889 1924 3044 1994 cujus
3071 1925 3214 1981 Dens
3237 1936 3424 1984 auctor
3435 1937 3549 1996 est;

1967 2009 2218 2078 quoniam
2241 2012 2377 2066 mala
2403 2022 2548 2068 esset
2567 2015 2804 2070 omnium
2823 2015 3100 2072 hominum
3126 2020 3290 2074 maris
3314 2019 3554 2076 feminae-

1967 2114 2073 2170 que
2097 2103 2407 2158 commixtio
2431 2120 2445 2158 :
2465 2105 2603 2160 sicut
2630 2108 2790 2162 etiam
2823 2123 2965 2164 nunc
2986 2109 3057 2166 de
3083 2109 3378 2167 adulterina
3398 2126 3554 2168 eom-

1969 2191 2227 2248 mixtione
2248 2192 2431 2263 utique
2451 2195 2611 2261 mala,
2642 2195 2840 2252 bonum
2867 2206 2952 2254 est
2979 2199 3032 2254 in
3057 2212 3342 2271 corporum
3368 2204 3556 2260 condi-

1970 2281 2116 2338 tione
2152 2298 2288 2353 opus
2332 2285 2448 2340 Dei.
2480 2286 2640 2342 Vides
2668 2303 2880 2359 nempe,
2911 2305 3072 2360 quam
3096 2291 3374 2350 dialectice
3421 2295 3555 2352 nihil

1967 2373 2188 2439 dixeris,
2215 2384 2273 2430 et
2310 2377 2450 2432 nulla
2481 2378 2696 2448 quidem
2728 2381 2882 2450 culpa
2908 2381 3202 2438 dialecticae
3230 2383 3552 2454 disciplinae,

1971 2472 2025 2519 tu
2049 2476 2306 2536 quantum
2336 2482 2366 2521 a
2395 2470 2604 2524 tramite
2636 2469 2752 2538 ejus
2777 2471 3190 2528 exorbitaveris.
3225 2472 3386 2528 Vides
3413 2473 3557 2530 illius

1970 2556 2101 2611 artis
2125 2557 2304 2612 verbis
2331 2557 2398 2612 ad
2430 2558 2532 2612 hoc
2567 2567 2618 2614 te
2671 2560 2749 2614 uti
2771 2559 2813 2625 ³,
2842 2569 2901 2615 ιιι
2935 2562 3016 2617 eis
3053 2561 3265 2618 inﬂatus
3301 2565 3557 2620 attonitos

1971 2647 2135 2706 facias
2167 2648 2463 2719 imperitos,
2498 2649 2728 2706 valendo
2765 2650 2933 2707 videri
2975 2667 3096 2710 esse
3138 2655 3280 2725 quod
3322 2669 3428 2711 non
3471 2672 3554 2712 cs.

1972 2740 2125 2806 Quod
2150 2749 2205 2798 et
2227 2741 2274 2797 si
2301 2756 2471 2808 esses,
2494 2741 2562 2798 ad
2589 2758 2712 2799 cum
2739 2744 2953 2799 modum
2975 2759 3084 2816 quo
3109 2746 3208 2801 ista
3233 2746 3557 2817 disputanda

1972 2845 2133 2902 sunt,
2187 2835 2320 2892 nihil
2371 2851 2541 2893 esses.
2595 2837 2702 2894 Sed
2746 2838 2913 2908 plane
2952 2853 3093 2894 nunc
3134 2847 3188 2894 ct
3235 2840 3445 2910 ineptus
3501 2849 3559 2898 et

1973 2926 2278 2997 imperitus,
2347 2936 2475 2984 tunc
2536 2937 2713 2984 autem
2780 2929 2991 3001 ineptus
3030 2930 3228 2985 artifex
3281 2945 3447 2988 esses.
3492 2933 3562 2988 Et

1975 3027 2153 3074 tamen
2208 3019 2608 3075 dialecticorum
2661 3020 2813 3090 quasi
2871 3020 3064 3090 jaculis
3127 3031 3379 3079 oneratus
3431 3039 3563 3079 acu-

1971 3109 2064 3175 tis,
2090 3108 2146 3164 iu
2189 3117 2460 3166 certamen
2505 3110 2771 3179 procedis,
2821 3119 2878 3166 et
2933 3111 3106 3181 jactas
3163 3113 3437 3181 plumbeos
3463 3131 3563 3186 pu-

1971 3201 2178 3272 giones,
2209 3202 2415 3269 dicens,
2445 3220 2468 3254 ι
2495 3201 2552 3258 Si
2595 3203 2732 3257 mala
2773 3216 2989 3273 semper
3023 3205 3351 3269 commixtio,
3382 3205 3563 3262 defor-

1972 3292 2080 3349 mis
2103 3293 2263 3349 etiam
2290 3293 2525 3349 conditio
2553 3307 2846 3363 corporum
2895 3294 2948 3348 in
2999 3309 3222 3350 sexuum
3252 3294 3562 3354 diversitate

1975 3383 2292 3454 positorum.
2330 3402 2351 3436 ι
2385 3383 2496 3439 Νεε
2521 3383 2708 3439 videns
2735 3400 2894 3454 quam
2929 3399 3034 3440 non
3083 3385 3154 3438 sit
3198 3401 3559 3456 consequens,

1976 3474 2119 3546 quod
2159 3489 2261 3546 pro
2285 3484 2600 3545 argumento
2624 3474 2930 3530 necessario
2962 3474 3205 3544 posuisti,
3233 3475 3478 3548 adjungis
3506 3486 3564 3532 et

1977 3565 2130 3634 dicis,
2165 3584 2184 3620 ι
2207 3565 2359 3634 Quod
2386 3580 2505 3622 cum
2535 3579 2730 3636 negare
2750 3565 3073 3634 nequiveris.
3108 3584 3128 3619 ι
3153 3565 3290 3632 Quid
3321 3565 3562 3636 estquod

1977 3672 2188 3728 nequeo
2226 3673 2444 3729 negare,
2473 3657 2636 3713 homo
2678 3656 3108 3715 inconsiderate?
3128 3657 3253 3725 quid
3297 3664 3382 3713 est
3417 3656 3562 3727 quod

1979 3765 2189 3821 nequeo
2219 3749 2447 3820 negare?
2469 3748 2580 3804 Hoc
2605 3762 2819 3818 nempe,
2850 3746 2990 3816 quod
3022 3756 3078 3802 tu
3099 3746 3234 3818 jam,
3260 3746 3305 3802 si
3331 3747 3414 3804 vel
3439 3760 3565 3802 sero

1980 3842 2144 3912 sapis,
2168 3857 2271 3895 non
2304 3850 2458 3910 potes
2486 3839 2589 3896 nisi
2615 3853 2811 3909 negare
2836 3838 2994 3908 :quia
3016 3853 3122 3892 non
3145 3837 3328 3907 utique
3356 3836 3403 3894 si
3427 3836 3563 3893 mala

1979 3943 2065 3990 est
2108 3933 2417 3989 commixtio
2463 3931 2852 3997 adulterorum,
2881 3940 3164 4002 propterea
3203 3945 3267 3987 ex
3313 3931 3418 3987 illis
3467 3946 3566 3986 na.

1981 4028 2242 4082 scentium
2268 4026 2502 4082 conditio
2525 4025 2783 4090 deformis
2815 4033 2898 4080 est
2923 4024 3219 4082 hominum.
3253 4023 3342 4079 llla
3371 4025 3565 4096 quippe

1983 4127 2067 4173 est
2093 4117 2365 4172 hominum
2385 4116 2522 4171 male
2537 4116 2868 4186 operantium
2887 4114 2954 4170 de
2982 4115 3236 4170 membris
3251 4115 3407 4171 bonis
3428 4133 3440 4168 :
3465 4118 3566 4172 ista

1984 4225 2111 4265 vero
2133 4209 2224 4264 Dei
2248 4217 2331 4264 est
2346 4209 2481 4264 bene
2507 4208 2778 4277 Operantis
2799 4207 2867 4262 de
2885 4205 3190 4262 hominibus
3215 4207 3387 4261 malis.
3412 4206 3566 4273 Quod

1986 4302 2032 4358 si
2059 4301 2281 4368 dixeris,
2309 4301 2481 4356 Etiam
2510 4315 2632 4356 cum
2663 4300 2723 4354 fit
2745 4298 3092 4365 adulterium,
3111 4298 3248 4354 bona
3278 4306 3361 4354 est
3383 4315 3480 4370 per
3509 4317 3569 4356 se

1986 4393 2100 4464 ipsa
2129 4391 2460 4458 commixtio,
2489 4389 2609 4461 quia
2638 4389 2892 4444 naturalis
2918 4396 3021 4456 est,
3042 4388 3135 4448 sed
3161 4404 3221 4444 ea
3248 4388 3386 4444 male
3413 4397 3571 4462 utun—

1989 4493 2076 4541 tur
2102 4482 2364 4547 adulteri;
2392 4498 2490 4538 cnr
2515 4499 2620 4537 non
2647 4482 2729 4536 vis
2756 4483 3129 4552 acquiescere,
3158 4481 3226 4535 ita
3254 4497 3412 4552 posse
3441 4498 3561 4539 esse

1991 4575 2262 4630 libidinem
2304 4575 2517 4636 malam,
2547 4589 2648 4644 qua
2679 4581 2854 4628 tamen
2900 4573 3036 4628 bene
3076 4581 3292 4628 utantur
3319 4574 3568 4644 gignendi

1989 4666 2158 4738 gratia
2178 4665 2478 4736 conjugati?
2498 4666 2580 4719 An
2606 4673 2780 4734 potest
2797 4664 3053 4718 bonorum
3079 4677 3197 4719 esse
3219 4677 3349 4720 usus
3369 4665 3564 4729 malus,

1992 4766 2046 4813 et
2073 4773 2178 4812 non
2213 4764 2388 4828 potest
2423 4756 2683 4810 malorum
2713 4754 2921 4810 bonus?
2947 4769 3069 4810 cum
3097 4754 3427 4810 inveniamus
3456 4755 3572 4825 ip~o

1993 4860 2178 4906 satana
2206 4865 2362 4920 quam
2400 4849 2536 4903 bene
2571 4861 2700 4902 usus
2747 4844 2909 4901 fuerit
2948 4845 3258 4916 Apostolus,
3284 4846 3498 4903 tradens
3520 4847 3567 4900 ei

1994 4943 2264 5000 hominem
2295 4942 2346 4996 in
2374 4939 2643 4994 interitum
2673 4939 2849 4994 carnis
2877 4946 2935 4992 ut
2961 4937 3181 5008 spiritus
3220 4937 3400 4993 salvus
3427 4945 3573 4992 esset

1995 5036 2047 5091 in
2075 5034 2162 5089 die
2189 5031 2396 5086 Domini
2419 5031 2438 5102 (
2461 5031 2482 5086 ι
2503 5028 2620 5086 Cor.
2650 5045 2703 5098 v,
2731 5029 2822 5100 5),
2850 5037 2906 5085 ει
2929 5028 3064 5088 alios
3089 5037 3148 5084 ut
3172 5029 3440 5086 discerent
3467 5044 3574 5085 non

1997 5125 2367 5195 blasphemare
2390 5123 2431 5194 (Ι
2463 5121 2595 5176 Tim.
2622 5136 2662 5190 ι,
2691 5118 2808 5192 20).

2068 5239 2294 5297 CAPUT
2323 5237 2455 5294 Vlll.
2472 5266 2547 5279 --
2569 5235 2654 5292 l7.
2673 5235 2824 5304 Quod
2847 5250 2975 5291 vero
2997 5235 3328 5307 superaddis,
3353 5241 3404 5289 ct
3423 5232 3576 5299 dicis,

2004 5351 2024 5387 ι
2060 5333 2156 5388 1ιεὶ
2198 5338 2375 5386 autem
2418 5327 2572 5385 male
2614 5329 2754 5384 Deus
2791 5335 2978 5384 auctor
3009 5341 3130 5384 esse
3156 5341 3262 5382 non
3304 5331 3512 5394 potest;
3553 5338 3572 5375 ι

2065 5512 2082 5576 t
2120 5509 2246 5576 Apud
2269 5517 2402 5570 ιρι,
2427 5515 2478 5560 ut
2499 5508 2634 5576 prior
2652 5507 2759 5561 iste.

2061 5575 2084 5608 ³
2116 5575 2253 5633 aliti,
2274 5575 2568 5624 causamin
2591 5579 2715 5634 Mss,
2741 5582 2905 5634 εαυδαο
2993 5627 3007 5634 ,
3275 5625 3288 5634 .
3311 5625 3322 5634 .
3385 5623 3398 5634 .

2063 5635 2092 5699 ³λ
2118 5618 2961 5699 EE'i_Ta'«,;IiZ_'"v'éaI‘éiéibéddihunc
2993 5627 3188 5699 locum:
3232 5618 3591 5699 (fderis.qu

1997 5697 2120 5807 mis
2135 5683 2375 5804 ἔὲειὺξςίιά
2401 5683 2489 5747 hoc
2506 5683 2658 5748 lenti.
2683 5683 2812 5744 Cosa:
2845 5691 3032 5743 Videris
3053 5688 3182 5741 illius
3201 5689 3322 5740 artis
3341 5685 3497 5738 verbis
3520 5683 3585 5739 ad

2121 5781 2130 5804 ί
2180 5786 2190 5798 ο
2301 5775 2314 5792 ⁸

2016 5763 2086 5809 Ὶοι
2104 5763 2190 5806 ιιιι.
2252 5763 2314 5792 λι·
