4038 6468
540 315 642 378 7i!

538 429 809 506 quomodo
829 431 882 489 id
901 430 1101 488 dicisl'
1121 429 1307 486 Melius
1323 432 1467 487 enim
1495 431 1638 502 loqui
1663 433 1808 488 novit
1829 432 1943 503 ipse
1962 447 2124 504 quam

541 534 636 590 tu,
661 525 754 596 qui
798 537 894 594 per
934 522 1249 593 prophetam
1291 521 1457 588 dicit,
1487 537 1674 578 creare
1701 537 1761 578 se
1785 523 1921 577 mala
1963 521 2123 592 (luti.

542 631 669 682 xcv,
694 615 784 686 7).
816 614 1017 671 Deinde
1043 613 1445 685 quomodolibet
1477 628 1598 670 sese
1638 613 1833 670 habeat
1876 615 1991 668 lucc
2029 627 2124 668 su-

541 706 837 776 peradditio
867 715 955 761 tua
976 746 993 774 ,
1032 706 1162 776 quid
1189 705 1256 761 ad
1286 720 1371 762 tne
1399 707 1630 776 pertinet
1654 745 1671 773 ,
1698 720 1820 761 cum
1866 704 1993 760 illud
2037 703 2123 760 cui

535 799 871 852 connectitur
893 811 1004 852 non
1031 798 1428 865 concesserim;
1458 812 1526 853 eo
1549 795 1690 868 quod
1725 798 2120 866 inconsequens

533 902 656 943 esse
697 889 1138 954 monstraverim,
1170 898 1225 943 ut
1267 888 1526 944 deformis
1555 889 1625 944 sit
1661 888 1898 943 conditio
1922 902 2122 956 corpo-

533 992 686 1046 rum,
717 977 925 1034 etiamsi
963 993 1178 1034 omnem
1224 979 1660 1034 eommixtionem
1703 993 1988 1048 corporum
2037 978 2119 1032 vel

533 1072 810 1141 utriusque
848 1085 1011 1126 sexus
1048 1071 1243 1126 malam
1277 1086 1396 1127 esse
1436 1069 1831 1126 concederem?
1869 1068 1940 1126 Ut
1975 1069 2118 1124 enim

531 1162 893 1218 concedamus
921 1164 1087 1219 Deum
1109 1163 1305 1219 nullius
1324 1179 1446 1219 esse
1467 1172 1739 1220 auctorem
1767 1162 1890 1218 mali
1917 1180 1932 1218 :
1964 1179 2119 1217 num-

529 1255 658 1324 quid
686 1255 806 1310 ideo
833 1271 936 1311 non
963 1265 1049 1312 est
1074 1264 1260 1312 auctor
1281 1255 1602 1311 conditionis
1618 1270 1931 1326 corporum,
1954 1270 2114 1326 quam

531 1347 679 1404 nullo
705 1347 866 1403 modo
893 1350 1085 1404 malam
1112 1363 1231 1404 esse
1258 1350 1544 1414 concessi;
1575 1349 1698 1420 quia
1742 1349 1890 1404 nulla
1926 1364 2011 1405 me
2047 1348 2113 1404 ad

529 1436 633 1494 hoc
659 1439 905 1509 superius
928 1454 1181 1495 concessa
1216 1439 1518 1510 cogebant?
1561 1440 1735 1495 Inanis
1771 1454 1902 1510 ergo
1947 1449 2003 1495 et
2041 1439 2118 1494 ri-

526 1528 700 1585 denda
731 1540 818 1586 tua
846 1531 1106 1586 remansit
1133 1531 1298 1587 illatio
1327 1571 1344 1597 ,
1381 1547 1487 1603 qua
1523 1532 1803 1588 concludis
1841 1541 1898 1587 et
1938 1531 2108 1598 dicis,

531 1640 553 1675 ι
582 1623 772 1678 Omnia
813 1624 971 1694 igitur
1015 1639 1240 1694 corpora
1282 1624 1425 1680 malo
1465 1633 1781 1696 reputantur
1820 1623 2048 1679 auctori.
2085 1639 2107 1676 ι

523 1712 689 1769 Multo
725 1715 868 1770 enim
892 1716 1076 1772 verius
1118 1717 1188 1772 ita
1232 1717 1600 1785 concluditur,
1633 1726 1692 1772 ut
1725 1717 1970 1772 dicamus
2001 1733 2016 1770 :
2049 1714 2111 1772 Si

523 1818 627 1860 nec
664 1806 802 1860 mala
842 1807 1152 1862 commixtio
1190 1807 1555 1864 adulterorum
1585 1810 1709 1865 facit
1749 1824 1868 1865 esse
1914 1809 2111 1865 malam

522 1895 882 1952 conditionem
901 1912 1218 1968 corporum;
1245 1909 1339 1954 aut
1361 1899 1406 1954 si
1432 1901 1571 1957 bona
1587 1911 1671 1956 est
1689 1911 1747 1958 et
1777 1902 1828 1956 in
1851 1901 2111 1957 adulteris

520 2000 684 2042 sexus
702 1987 982 2058 utriusque
1001 1989 1331 2056 commixtio,
1350 1991 1444 2046 sed
1465 2005 1528 2046 ea
1551 1993 1674 2047 mali
1698 2002 1921 2048 utuntur
1944 1993 2106 2060 male,

520 2077 773 2148 quoniam
799 2079 967 2135 multo
1000 2080 1168 2152 magis
1202 2096 1269 2137 ex
1314 2080 1418 2137 hoc
1457 2097 1564 2137 non
1603 2091 1783 2153 potest
1819 2097 2106 2154 corporum

521 2168 662 2224 mala
688 2184 808 2225 esse
832 2170 1098 2238 conditio;
1127 2181 1273 2228 recte
1315 2172 1474 2244 igitur
1516 2188 1746 2246 corpora
1786 2175 1899 2231 Deo
1940 2191 2104 2246 repu-

520 2267 703 2317 tantur
729 2263 955 2318 auctori.
986 2262 1140 2319 Nulla
1165 2273 1246 2320 est
1271 2265 1451 2336 itaque
1473 2265 1648 2334 fovea,
1671 2283 1830 2338 quam
1857 2277 2103 2324 metuens

517 2351 672 2422 quasi
713 2360 954 2410 revertar
989 2353 1043 2409 in
1081 2353 1257 2422 viam,
1285 2371 1392 2426 quo
1418 2356 1619 2414 videris
1657 2373 1746 2415 me
1772 2359 1908 2415 velle
1943 2374 2102 2416 revo-

515 2455 664 2498 care.
693 2443 788 2499 Dic
810 2454 987 2502 tamen
1009 2461 1253 2518 quaenam
1281 2448 1371 2504 illa
1395 2448 1480 2505 via
1504 2451 1595 2519 sit,
1623 2459 1678 2508 et
1699 2451 1910 2524 explica
1938 2454 2104 2510 ratio-

511 2533 835 2592 cinationem
863 2544 1030 2593 tuam.

583 2624 813 2683 CAPUT
851 2627 942 2683 IX.
965 2658 1041 2672 —
1067 2629 1156 2687 l8.
1185 2649 1206 2685 ι
1237 2631 1409 2701 Deus,
1445 2651 1468 2688 ι
1492 2633 1689 2706 inquis,
1717 2653 1739 2691 ι
1770 2635 1971 2706 bonus,
2003 2653 2103 2713 per

512 2730 675 2786 quem
700 2716 840 2774 facta
864 2727 990 2776 sunt
1014 2721 1192 2777 omnia
1211 2763 1228 2789 ,
1256 2724 1371 2794 ipse
1397 2728 1638 2797 corporis
1663 2730 1833 2786 nostri
1856 2732 2098 2789 membra

509 2807 778 2865 formavit.
803 2829 824 2864 ι
851 2811 965 2869 lloc
984 2814 1323 2871 verissimum
1345 2831 1468 2874 esse
1485 2820 1744 2877 concedo:
1771 2821 2022 2894 Sequeris
2041 2833 2100 2881 et

508 2898 754 2972 adiungis
785 2918 800 2956 :
829 2921 850 2956 ι
886 2902 990 2971 Qui
1029 2915 1211 2962 autem
1254 2921 1482 2978 corpora
1529 2909 1764 2982 fecerat,
1811 2915 1993 2973 divisit
2042 2927 2098 2975 et

508 3004 698 3047 sexum
720 3009 735 3048 :
756 2991 936 3050 divisit
963 2995 1016 3050 in
1045 2997 1246 3066 specie,
1275 3000 1418 3070 quod
1446 3000 1500 3057 in
1526 3005 1838 3073 Operatione
1863 3009 2096 3079 coniun-

504 3090 691 3152 geret;
720 3082 950 3156 fecitque
987 3101 1202 3144 causam
1240 3090 1677 3162 coniunctionum
1713 3095 2094 3157 dissimilitudo

507 3173 894 3231 membrorum.
924 3194 945 3230 ι
975 3178 1043 3234 Ει
1066 3178 1172 3235 hoc
1193 3183 1476 3238 assentior.
1502 3185 1704 3242 Deinde
1733 3187 1938 3245 infers:
1960 3207 1981 3243 ι
2009 3190 2094 3248 Ab

508 3265 628 3338 ipso
658 3268 818 3340 igitur
835 3271 1154 3328 commixtio
1180 3288 1484 3345 corporum,
1513 3292 1544 3333 a
1567 3293 1674 3350 quo
1693 3289 1779 3337 est
1802 3283 1952 3354 origo
1971 3297 2094 3338 cor-

503 3373 724 3430 porum,
752 3381 772 3416 ι
796 3363 925 3430 Quis
948 3363 1050 3421 hoc
1069 3368 1379 3436 negaverit?
1406 3387 1426 3422 ι
1455 3368 1608 3439 Quod
1633 3386 1755 3428 cum
1782 3374 2084 3446 ingratis',»

503 3449 682 3522 inquis
701 3493 717 3520 ,
745 3470 766 3505 ι
798 3457 1162 3524 concesseris,
1190 3459 1430 3530 sequitur
1455 3468 1535 3517 tot
1564 3475 1746 3519 rerum
1788 3465 2052 3523 bonarum
2070 3509 2088 3537 ,

499 3557 806 3614 corporum,
825 3561 1072 3618 sexuum,
1089 3550 1546 3621 coniunctionum,
1563 3555 1734 3612 malos
1753 3557 1956 3615 fructus
1969 3575 2090 3618 esse

501 3649 608 3690 non
635 3650 811 3706 posse.
841 3656 862 3691 ι
894 3640 964 3695 Ει
993 3641 1098 3698 hoc
1117 3657 1303 3699 verum
1330 3644 1464 3701 dacis
1487 3664 1504 3701 :
1527 3645 1716 3704 horum
1742 3651 1886 3706 enim
1913 3652 2088 3710 bono~

503 3743 624 3782 rum
653 3728 857 3786 fruetus
883 3732 1045 3789 homo
1069 3743 1188 3804 est,
1215 3738 1358 3809 quod
1399 3743 1452 3794 in
1487 3750 1743 3810 quantum
1785 3745 1944 3802 homo
1969 3758 2083 3817 est,

503 3817 702 3874 bonum
731 3831 815 3876 est
837 3839 852 3876 :
874 3823 1016 3894 quod
1045 3836 1222 3882 autem
1250 3827 1302 3883 in
1333 3829 1427 3885 illo
1451 3832 1647 3886 malum
1674 3843 1775 3901 est,
1806 3851 1838 3891 a
1864 3852 1971 3909 quo
1992 3855 2082 3896 sa-

502 3911 711 3968 nandus
728 3921 813 3969 est
839 3930 936 3986 per
959 3917 1309 3989 Salvatorem,
1332 3929 1386 3977 et
1409 3922 1714 3982 liberandus
1735 3943 1832 3998 per
1853 3931 2085 3988 Redem-

502 4010 705 4072 ptorem
728 4003 773 4070 ³,
798 4015 853 4060 et
871 4007 1168 4065 abluendus
1188 4025 1283 4081 per
1300 4013 1592 4084 lavacrum,
1618 4029 1669 4075 et
1698 4022 1965 4080 eruendus
1989 4040 2085 4095 per

497 4094 874 4164 exorcismum,
896 4107 954 4153 et
971 4099 1326 4158 absolvendus
1350 4119 1446 4174 per
1470 4111 1783 4179 sanguinem
1803 4114 1894 4184 qui
1923 4094 2086 4171 inire-

498 4186 804 4243 .nissionem
831 4190 978 4247 fusus
996 4201 1078 4248 est
1105 4205 1476 4265 peccatorum;
1501 4212 1711 4259 nonest
1734 4205 1936 4264 fructus
1960 4224 2082 4264 cor-

496 4293 716 4348 porum,
740 4295 994 4350 sexuum,
1015 4285 1449 4356 coniunctionum
1469 4333 1484 4359 ,
1511 4293 1607 4349 sed
1631 4296 1904 4366 originalis
1930 4309 2083 4357 vete-

494 4372 674 4442 risque
714 4376 938 4444 peccati.
987 4375 1135 4434 Sicut
1162 4379 1304 4436 enim
1332 4381 1402 4437 de
1431 4385 1583 4455 prole
1610 4388 1972 4448 adulterorum
1991 4433 2006 4461 ,
2033 4395 2079 4450 si

491 4477 592 4533 ego
615 4461 872 4532 dicerem,
900 4467 1003 4523 Tot
1031 4470 1313 4539 malorum,
1347 4473 1397 4528 id
1425 4486 1527 4544 est,
1557 4477 1808 4548 lasciviae,
1845 4486 2076 4554 turpitu-

490 4553 648 4620 dinis,
680 4556 951 4624 criminis,
982 4560 1151 4616 bonus
1181 4561 1382 4619 fructus
1406 4580 1526 4623 esse
1553 4583 1658 4624 non
1696 4575 1896 4644 potuit;
1928 4553 2080 4637 recte

490 4645 620 4700 mihi
642 4648 1013 4717 responderes,
1033 4651 1301 4708 hominem
1323 4657 1410 4727 qui
1430 4658 1498 4714 de
1517 4660 1774 4719 adulteris
1798 4676 1952 4724 natus
1974 4681 2076 4741 est,

491 4752 596 4790 non
643 4752 764 4794 esse
810 4738 1040 4797 fructum
1088 4743 1353 4812 lasciviae,
1397 4752 1767 4823 turpitudinis,
1800 4738 2070 4830 criminis,

487 4841 713 4897 quorum
737 4831 995 4886 malorum
1021 4846 1208 4892 auctor
1232 4847 1314 4892 est
1338 4839 1609 4909 diabolus;
1641 4846 1735 4901 sed
1757 4862 2066 4922 corporum,

487 4932 731 4985 sexuum,
754 4921 1211 4991 coniunctionum.
1233 4943 1458 4998 quorum
1490 4934 1746 4992 bonorum
1774 4951 1963 4998 auctor
1985 4921 2066 5001 est

487 5011 630 5066 Deus
652 5028 666 5064 :
689 5012 770 5068 sic
807 5028 907 5084 ego
955 5017 1048 5072 tibi
1088 5021 1383 5078 rectissime
1408 5023 1528 5080 dico
1548 5071 1561 5092 ,
1590 5031 1785 5085 malum
1815 5048 1936 5088 eum
1968 5053 2074 5106 quo

487 5105 724 5160 nascitur
745 5106 924 5174 homo,
949 5125 1052 5164 non
1079 5126 1201 5167 esse
1229 5111 1462 5171 fructum
1488 5134 1794 5191 corporum,
1819 5105 2070 5198 sexuum,

485 5195 918 5266 coniunctionum
940 5190 1208 5271 ,quorum
1255 5204 1514 5263 bonorutn
1554 5221 1740 5268 auctor
1767 5223 1851 5271 est
1893 5217 2068 5287 Deus;

483 5285 580 5342 sed
609 5288 793 5357 prima:
824 5294 1290 5361 praevaricationis,
1313 5299 1464 5368 cuius
1488 5309 1676 5357 auctor
1695 5314 1777 5360 cst
1799 5285 2064 5367 diabolus.

561 5379 649 5436 l9.
695 5381 849 5436 Absit
886 5393 1065 5440 autem
1098 5395 1182 5454 ιιι,
1214 5391 1659 5459 quemadmodum
1689 5399 2064 5474 calumniaris,

551 5535 685 5619 lllic
707 5536 824 5619 editi
856 5537 1054 5619 addunt,
1081 5555 1194 5619 cum
1211 5541 1311 5595 sint
1337 5547 1563 5619 quanam
1591 5551 1738 5612 mala,
1764 5569 1967 5619 quarunt
1986 5576 2071 5614 au-

476 5603 583 5685 uo:
899 5605 1206 5685 tametsi‘hoc
1228 5619 1325 5658 non
1350 5602 1534 5662 habent
1564 5602 1887 5685 nianuscriisii.

545 5662 565 5728 ξ
599 5669 697 5728 am.
720 5667 772 5711 et
793 5669 926 5728 Mss,
948 5662 1182 5728 ingratus.

544 5721 566 5756 ³
595 5726 726 5786 ων..
752 5729 798 5775 et
820 5721 1096 5779 liberart?th
1117 5736 1205 5793 per
1227 5733 1616 5799 redanplimtcm.

1283 316 1556 376 CONTRA
1595 317 1937 377 IULIANUM
1974 316 2436 389 PEIAGIANUM,
2476 320 2536 378 S.
2570 322 2941 384 AUGUSTINI
3031 363 3033 365 ι

3716 337 3838 397 ’1η

2236 429 2477 486 dicamus
2510 450 2529 486 ι
2564 432 2810 492 homines
2839 437 2906 492 ad
2947 436 3052 496 hoc
3077 454 3110 496 tt
3137 439 3252 499 Deo
3278 440 3424 510 fieri,
3451 451 3516 502 ιιι
3545 459 3578 502 a
3605 445 3834 505 diabolo

2239 519 2474 590 legitimo
2497 522 2618 593 iure
2643 533 2940 582 teneantur.
2976 547 2998 582 ι
3031 529 3288 600 Quamvis
3311 535 3456 591 enim
3480 537 3663 594 ethoc
3689 540 3836 596 divi-

2237 625 2321 666 nae
2345 613 2416 666 sit
2440 614 2626 684 magis,
2650 631 2807 685 quam
2832 617 3112 676 diabolica:
3137 623 3518 694 potestatis,’ut
3542 629 3828 686 immundo

2234 701 2460 772 principi
2489 707 2761 775 generatio
2791 708 3064 768 immunda
3090 714 3366 781 subdatur,
3394 717 3496 774 nisi
3534 736 3832 793 regenera~

2236 791 2379 848 tione
2402 795 2690 851 mundetur
2713 814 2727 852 :
2752 808 2928 854 tamen
2960 817 3064 857 non
3094 804 3161 859 ad
3191 803 3292 862 hoc
3321 807 3462 863 Deus
3493 791 3619 867 facit
3639 810 3827 870 homi-

2231 899 2350 950 nes,
2379 895 2436 939 ut
2467 886 2716 942 familiam
2744 891 2974 960 quodam
3003 897 3163 951 modo
3191 897 3436 956 diabolus
3465 901 3689 971 habeat;
3721 907 3824 962 sed

2229 989 2294 1030 ea
2319 976 2574 1044 bonitate,
2603 995 2706 1049 qua
2735 982 2940 1038 naturis
2964 987 3211 1042 omnibus
3239 1002 3454 1059 praestat
3485 1003 3541 1048 ut
3566 998 3693 1060 sint,
3715 1012 3826 1066 qua

2228 1066 2388 1120 etiam
2414 1068 2587 1138 ipsum
2617 1072 2741 1127 facit
2767 1073 3061 1132 subsistere
3085 1077 3378 1135 diabolum.
3408 1082 3577 1152 Quam
3604 1086 3822 1141 bonita-

2229 1167 2337 1214 tem
2363 1161 2410 1216 si
2435 1161 2596 1218 rebus
2624 1164 2981 1236 subtraheret,
3008 1169 3261 1226 continuo
3281 1172 3414 1228 nihil
3435 1185 3637 1231 essent.
3665 1177 3822 1235 Sicut

2227 1264 2335 1304 non
2365 1251 2488 1305 ideo
2509 1263 2655 1322 creat
2682 1269 2874 1324 pecora
2899 1258 2952 1312 in
2981 1261 3238 1315 armentis
3260 1271 3314 1317 et
3341 1265 3592 1336 gregibus
3617 1267 3818 1338 impio-

2225 1355 2378 1408 rum,
2411 1353 2469 1398 ut
2505 1343 2836 1403 daemonibus
2875 1349 3237 1419 immolentur,
3280 1358 3540 1426 quamvis.
3569 1359 3674 1416 hoc
3716 1377 3816 1418 eos

2224 1435 2432 1489 noverit
2449 1450 2570 1492 esse
2598 1437 2828 1495 facturos
2848 1457 2860 1492 :
2882 1442 2960 1496 sic
2980 1443 3138 1498 etiam
3158 1445 3242 1500 ubi
3262 1449 3663 1516 generationem
3685 1468 3817 1522 pec-

2221 1535 2342 1581 cato
2363 1529 2531 1583 cernit
2549 1529 2866 1599 obnoxiam;
2891 1536 3183 1592 secundum
3205 1539 3626 1610 pulcherrimum
3647 1561 3812 1616 quem

2219 1615 2482 1688 disposuit
2508 1619 2750 1676 ordinem
2778 1624 3094 1682 saeculorum
3113 1668 3128 1696 ,
3155 1643 3307 1685 suam
3343 1647 3450 1687 non
3476 1615 3712 1693 abstinet
3739 1638 3810 1693 ab

2217 1707 2337 1780 eius
2363 1712 2666 1770 conditione
2694 1715 3008 1774 bonitatem.
3155 1755 3161 1765 η

2289 1801 2515 1895 CAPUT
2546 1804 2611 1860 Χ.
2628 1836 2701 1847 -
2718 1808 2808 1864 20.
2833 1809 2937 1866 Sed
2960 1822 3079 1882 post
3102 1812 3242 1871 hanc
3264 1823 3806 1895 argumentationem,

2217 1906 2320 1962 qua
2350 1902 2400 1948 te
2429 1894 2585 1962 fallis,
2614 1906 2669 1952 et
2692 1898 2989 1957 confecisse
3014 1911 3066 1959 te
3092 1904 3292 1976 aliquid
3323 1909 3622 1979 arbitraris,
3651 1894 3808 1986 inge-

2215 1983 2292 2038 ris
2318 1983 2532 2040 solitum
2565 1989 2924 2060 maledictum,
2948 2008 3013 2048 ac
3039 1993 3236 2053 deinde
3269 1999 3542 2058 subnectis
3560 2045 3574 2068 ,
3601 2023 3619 2057 ι
3644 1983 3806 2072 Quod

2215 2071 2438 2130 forsitan
2460 2076 2652 2146 dicam,
2679 2079 3092 2152 Scripturarum,
3121 2102 3226 2143 non
3254 2071 3682 2162 syllogismorum
3704 2096 3804 2154 de-

2213 2161 2344 2221 bere
2369 2168 2675 2227 testimonio
2699 2175 3058 2245 comprobari,
3083 2177 3222 2236 ﬁlios
3245 2180 3313 2237 de
3336 2161 3621 2255 corporum
3646 2204 3800 2244 com-

2211 2255 2470 2315 mixtione
2491 2273 2793 2334 nascentes,
2815 2269 3048 2337 reputari
3067 2269 3248 2326 divino
3267 2275 3415 2345 operi
3440 2293 3454 2330 :
3485 2295 3506 2329 ι
3529 2279 3684 2350 quasi
3705 2281 3802 2352 qui

2210 2343 2316 2404 hoc
2343 2353 2644 2421 negaverit,
2675 2356 2842 2424 possit
2866 2373 2987 2414 esse
3011 2343 3353 2421 christianos.
3382 2343 3611 2426 Proinde
3638 2343 3758 2428 rem
3777 2411 3802 2442 ,

2208 2451 2368 2508 quam
2393 2443 2789 2532 promptissime
2807 2447 3127 2507 confitemur
3144 2462 3200 2509 et
3225 2453 3570 2517 libentissime
3590 2463 3801 2532 praedi-

2207 2541 2414 2601 camus,
2446 2531 2594 2589 velut
2621 2534 2813 2593 habeat
2841 2537 2980 2596 inter
3005 2557 3103 2599 nos
3131 2549 3574 2617 controversiam,
3594 2531 3669 2608 ita
3700 2569 3803 2624 per

2206 2618 2606 2692 Scripturarum
2639 2628 2945 2686 testimonia
2973 2635 3190 2692 conaris
3218 2639 3532 2708 ostendere;
3560 2651 3615 2698 et
3643 2618 3799 2702 labo-

2205 2724 2297 2768 ras
2323 2711 2572 2782 inaniter,
2600 2731 2706 2773 non
2736 2728 2794 2774 ut
2823 2723 3151 2792 respondere
3176 2727 3330 2784 nobis
3350 2771 3366 2798 ,
3399 2731 3494 2787 sed
3529 2741 3588 2788 ut
3625 2733 3795 2793 libros

2205 2801 2380 2871 possis
2404 2803 2648 2875 implere.
2680 2807 3058 2870 Verumtamen
3083 2817 3226 2887 quod
3250 2819 3454 2890 dixisti,
3483 2839 3504 2876 ι
3531 2823 3604 2880 Ut
3623 2827 3797 2897 expri-

2205 2903 2380 2992 meret
2403 2895 2563 2953 iidem
2593 2914 2816 2971 operum
2844 2903 3112 2977 Propheta
3131 2948 3148 2976 ,
3177 2926 3344 2983 prope
3365 2916 3663 2986 periculum

2202 2982 2352 3042 doris
2375 2990 2634 3060 accessit,
2662 2993 2786 3064 quia
2823 2995 2991 3065 dixit,
3019 2999 3190 3056 Erunt
3231 2982 3334 3059 duo
3365 2982 3433 3063 in
3448 3025 3602 3064 carne
3629 2982 3735 3067 uni:
3764 3031 3788 3068 ι

2402 3094 2472 3147 ιι,
2499 3079 2639 3156 24);
2669 3086 2801 3142 satis
2837 3095 2890 3144 te
2939 3089 3126 3148 debuit
3155 3095 3480 3167 admonere,
3521 3101 3657 3159 nihil
3693 3120 3795 3176 pu-

2199 3166 2434 3226 dendum
2464 3172 2700 3232 futurum
2727 3179 2894 3237 fuisse
2919 3181 2974 3237 in
3001 3185 3256 3255 operibus
3288 3189 3403 3259 Dei,
3430 3166 3536 3248 nisi
3565 3166 3795 3265 praeces.

2198 3259 2359 3316 sisset
2376 3277 2473 3318 cur
2498 3273 2686 3322 natura
2712 3267 2945 3328 humana
2966 3271 3188 3333 deberet
3209 3277 3278 3335 de
3301 3281 3385 3336 sui
3409 3259 3586 3341 meriti
3606 3285 3795 3345 defor-

2196 3353 2383 3410 mitate
2410 3356 2684 3415 confundi.

2267 3444 2496 3545 QAPli'l'
2533 3447 2836 3545 Xl.—‘-‘21.
2865 3455 3005 3515 Dicis
3029 3459 3192 3519 etiam
3223 3463 3278 3521 in
3314 3465 3472 3526 laude
3510 3469 3786 3545 libidinis,

2203 3551 2225 3588 ι
2253 3533 2392 3593 hanc
2417 3536 2581 3596 fuisse
2619 3542 2880 3602 redditam
2911 3548 3006 3604 Dei
3049 3567 3275 3611 munere
3298 3556 3528 3615 Abrahw
3556 3533 3787 3622 et

2197 3625 2350 3682 senio
2389 3628 2648 3688 confectis
2673 3638 3038 3711 emortuisque
3060 3646 3376 3716 corporibus
3408 3667 3429 3703 ι
3453 3649 3651 3724 (Rom.
3687 3671 3781 3726 tv,

2196 3714 2288 3789 £9)
2313 3733 2327 3772 :
2353 3725 2408 3774 et
2435 3719 2695 3779 invidiosa
2747 3739 2877 3784 voce
2919 3714 3247 3802 proclamas,
3301 3755 3321 3791 ι
3348 3749 3407 3794 ιιι
3447 3714 3690 3800 asseram
3735 3714 3786 3804 si

2193 3821 2434 3879 possum,
2449 3812 2519 3868 ad
2538 3828 2673 3884 opus
2691 3815 2885 3873 diaboli
2908 3822 3198 3894 pertinere,
3217 3827 3358 3898 quod
3379 3831 3546 3887 Deum
3568 3834 3785 3894 videam

2192 3899 2460 3956 interdum
2487 3903 2733 3962 conferre
2760 3923 2861 3978 pro
2885 3926 3129 3971 munere.
3163 3935 3184 3970 ι
3209 3919 3372 3984 Quasi
3400 3937 3531 3978 vero
3559 3927 3604 3980 si
3631 3927 3786 3984 clau-

2191 3991 2320 4050 dum
2359 3993 2632 4053 hominem
2669 4003 2956 4058 resuscitet
2995 4005 3161 4076 Deus,
3188 4010 3598 4088 viventibusque
3621 4023 3787 4078 resti-

2193 4093 2323 4151 tuat,
2349 4088 2438 4158 qui
2467 4090 2647 4161 utique
2676 4104 2919 4152 mortuus
2938 4097 3049 4168 iam
3076 4101 3378 4163 claudicare
3406 4123 3514 4164 non
3544 4121 3781 4184 poterat,

2189 4179 2350 4234 etiam
2380 4180 2822 4240 claudicationem
2848 4187 3008 4244 debet
3033 4191 3198 4248 videri
3240 4211 3339 4266 pro
3386 4179 3610 4258 munere
3647 4179 3787 4262 con:-

2193 4272 2394 4328 tulisse.
2423 4272 2496 4326 ita
2515 4289 2644 4346 ergo
2663 4277 2709 4330 si
2735 4280 3012 4336 restitutus
3030 4294 3134 4352 est,
3162 4287 3252 4357 qui
3277 4288 3453 4347 fuerat
3477 4293 3529 4348 in
3554 4295 3786 4353 viridio-

2189 4363 2358 4429 ribus,
2386 4379 2670 4434 corporum
2693 4369 2862 4440 vigor,
2892 4372 2970 4428 sic
2995 4375 3174 4446 utique
3199 4381 3474 4439 restitutus
3501 4395 3605 4454 est,
3629 4396 3691 4443 ut
3716 4404 3784 4446 se

2189 4452 2350 4509 habet
2374 4455 2609 4511 conditio
2632 4462 2876 4529 corporis
2907 4467 3096 4522 mortis
3127 4469 3304 4540 huius.
3344 4473 3460 4528 Non
3495 4452 3638 4532 enim
3676 4496 3784 4538 eos

2185 4546 2252 4600 ad
2283 4547 2430 4602 illum
2461 4557 2654 4604 statum
2683 4556 2922 4610 revocari
2948 4561 3248 4629 oportebat,
3275 4564 3326 4618 in
3351 4581 3458 4636 quo
3480 4568 3649 4624 Adam
3673 4570 3785 4630 fuit

2185 4646 2310 4692 ante
2337 4651 2641 4708 peccatum,
2671 4652 2728 4697 ut
2755 4657 2969 4714 possent
2992 4649 3109 4706 sine
3139 4652 3254 4723 lege
3281 4656 3348 4710 in»
3367 4660 3621 4717 membris
3651 4677 3785 4734 qua:

2185 4741 2446 4802 repugnat
2474 4731 2579 4804 legi
2609 4737 2824 4802 mentis,
2857 4739 2994 4796 filios
3019 4759 3325 4813 procreare.

2254 4821 2344 4878 22.
2365 4823 2621 4892 Quamvis
2635 4837 2689 4882 et
2704 4829 2767 4884 ad
2783 4829 2887 4886 hoc
2916 4831 3314 4905 intelligendum
3332 4840 3401 4894 sit
3418 4851 3729 4901 emortuum
3763 4849 3783 4882 ‘

2183 4910 2348 4969 fuisse
2375 4928 2572 4986 corpus
2603 4917 2853 4986 Abraltm,
2905 4930 2964 4976 ut
3024 4939 3130 4978 non
3173 4928 3371 4984 valeret
3405 4930 3472 4987 de
3509 4935 3653 4988 omni
3696 4935 3789 4993 fe-

2183 5003 2325 5059 mina
2356 5005 2496 5062 ﬁlios
2523 5005 2762 5078 gignere,
2793 5027 2911 5081 quae
2943 5029 3132 5083 parere
3162 5030 3360 5088 posset.
3393 5022 3595 5080 Dicitur
3624 5030 3785 5085 enim

2180 5092 2360 5152 facere
2400 5097 2500 5154 hoc
2543 5099 2715 5155 artatis
2757 5116 3038 5170 accessus,
3080 5116 3141 5163 ut
3164 5125 3228 5166 ex
3277 5113 3468 5170 femina
3507 5133 3789 5187 generare

2179 5199 2342 5242 senex
2366 5188 2535 5257 possit
2553 5188 2975 5262 adolescentula,
2993 5212 3115 5253 cum
3133 5199 3244 5270 iam
3264 5203 3334 5260 de
3350 5208 3635 5277 grandiore
3657 5228 3783 5270 non

2180 5278 2378 5347 possit,
2407 5281 2648 5348 quamvis
2679 5283 2766 5338 illa
2790 5284 2859 5340 de
2877 5286 3078 5357 iuvene
3104 5294 3290 5362 possit.
3322 5297 3421 5367 Qui
3465 5302 3610 5357 enim
3659 5314 3785 5365 tam

2180 5368 2390 5438 prolixo
2417 5381 2656 5442 tempore
2685 5383 2810 5433 tunc
2835 5379 3113 5451 vivebant,
3156 5390 3340 5455 procul
3382 5390 3545 5450 dubio
3592 5402 3790 5459 serius
3869 5403 3877 5408 ’

2179 5460 2381 5516 ﬁebant
2411 5465 2479 5518 ita
2509 5465 2786 5538 decrepiti,
2812 5481 2870 5526 ut
2893 5473 2960 5529 ad
2986 5478 3329 5537 concubitum
3361 5489 3569 5542 moveri
3591 5496 3789 5550 omni-

2179 5570 2247 5610 no
2273 5573 2377 5610 non
2408 5571 2622 5628 possent
2643 5580 2656 5617 :
2681 5564 2724 5617 si
2753 5574 2926 5622 tamen
2949 5570 3193 5642 cuiquam
3221 5575 3332 5630 viro
3355 5591 3486 5636 sano
3517 5593 3696 5651 potest
3725 5589 3789 5644 id

2177 5693 2446 5807 ⁸⁸ιῦιέΛὶὲὲ
2470 5703 2599 5761 ποι,
2623 5703 2842 5762 Quamvis
2875 5704 2944 5757 ad
2977 5704 3066 5759 hoc
3097 5705 3472 5780 intelligendum,
3513 5717 3585 5770 sic
3609 5732 3791 5774 entor-

2322 5787 2459 5817 ﬁ”.
