4038 6472
478 519 753 579 liberantis
778 531 791 569 :
816 526 971 584 quam
998 522 1093 564 vos
1119 504 1328 562 miseris
1354 499 1597 562 invidetis
1628 498 1642 528 ί
1669 537 1681 562 ,
1709 509 1830 549 cum
1860 489 2059 546 malum

481 611 756 687 parvulos,
779 623 808 660 a
833 620 937 676 quo
963 603 1277 660 liberentur.
1307 611 1409 652 non
1442 593 1642 650 habere
1667 587 1864 644 dicitis.

555 705 646 760 25.
686 700 793 758 Sed
830 707 973 754 certe
1005 708 1100 752 vos
1137 692 1228 762 qui
1273 689 1524 748 miseram
1573 684 1704 746 [nisa
1750 677 2064 736 delensimre

487 796 762 869 premitis,
789 801 843 848 et
887 787 1179 861 perniciosa
1222 782 1377 841 laude
1405 776 1720 849 oppugnatis
1754 771 2025 830 infamiam
2049 776 2082 830 ,'

492 861 660 964 quare
702 861 834 942 nihil
875 881 998 944 mali
1041 887 1311 936 merentes
1340 882 1418 928 tot
1453 873 1503 932 in
1545 866 1776 938 parvulis
1805 861 2086 931 imagines

494 955 588 1036 Dei
612 1021 628 1045 ,
659 978 703 1034 si
733 991 840 1034 non
867 972 1224 1042 baptizentur,
1262 982 1367 1022 non
1398 959 1676 1018 admittitis
1701 959 1720 990 ²
1745 955 1815 1011 ad
1847 965 2068 1021 regnum

493 1071 624 1128 Dei?
653 1065 917 1137 Numquid
943 1064 1042 1133 ipsi
1063 1061 1164 1118 sibi
1185 1056 1489 1118 defuerunt,
1511 1060 1570 1110 ut
1592 1049 1866 1118 priventur
1883 1055 2068 1110 regno,

501 1171 560 1219 ut
591 1171 696 1222 tam
728 1132 972 1219 luctuoso
1001 1152 1288 1228 puniantur
1316 1144 1534 1206 exsilio;
1563 1155 1682 1202 cum
1710 1136 1763 1191 id
1789 1150 1892 1192 non
1925 1132 2068 1193 (cce-

496 1256 640 1322 rint,
679 1250 820 1330 quod
867 1223 1040 1303 facere
1078 1242 1296 1300 omnino
1331 1254 1437 1298 non
1483 1227 1763 1304 poterant?
1789 1226 1887 1288 Ubi
1916 1223 2094 1330 etiam

502 1314 826 1420 Ροηίενξιιιὶἣ
853 1349 909 1401 et
934 1340 1040 1394 vita
1071 1335 1347 1406 carebunt,
1381 1326 1628 1402 quoniam
1659 1314 2077 1420 nonﬁman‘duca‘

501 1403 943 1496 veruntcarnem
965 1471 981 1498 ,
1010 1441 1110 1483 nec
1136 1403 1384 1480 biberunt
1407 1416 1715 1488 sanguinem
1753 1408 1874 1466 Filii
1911 1403 2076 1462 homi-

503 1528 588 1584 nis
611 1525 790 1599 (Joan.
814 1537 870 1577 vt
890 1564 904 1586 ,
930 1517 1060 1590 54)?
1089 1514 1241 1572 Unde
1269 1509 1545 1599 Pelagius,
1573 1502 1716 1576 quod
1746 1513 1906 1599 supra
1927 1510 2082 1599 com-.

508 1587 842 1686 memoravi,
866 1626 960 1668 eos
990 1587 1091 1680 qui
1133 1606 1350 1668 dicunt,
1380 1619 1399 1652 ι
1438 1598 1663 1659 infantes
1685 1634 1701 1662 ,
1735 1587 1940 1652 etiamsi
1982 1599 2087 1641 non

509 1677 866 1782 baptizentur,
890 1677 1086 1756 habere
1107 1699 1267 1758 vitam
1295 1703 1569 1754 a-ternam,
1597 1705 1616 1742 ι
1646 1686 1698 1740 in
1726 1677 2088 1779 ecclesiastico

513 1767 711 1873 judicio
731 1795 812 1868 (a)
839 1767 941 1850 nisi
963 1792 1288 1856 damnasset,
1318 1785 1598 1840 damnatus
1627 1777 1843 1832 exisset.
1871 1772 1983 1840 Qua
2009 1767 2090 1840 ju-

527 1862 682 1957 L‘itia,
711 1862 911 1960 qut-ese,
939 1899 970 1938 a
997 1894 1162 1951 regno
1193 1877 1306 1944 Dei,
1329 1889 1358 1928 a
1389 1874 1493 1927 vita
1526 1869 1618 1928 Dei
1645 1867 1901 1924 alienatur
1922 1862 2092 1930 imago

520 1952 743 2046 Jei,viny
780 1976 930 2032 nullo
975 1984 1302 2042 transgressa
1347 1968 1514 2038 legem
1563 1961 1690 2017 Dei?
1733 1959 1917 2016 Nonne
1945 1952 2092 2010 audis

513 2065 962 2150 Quemadmodum
996 2064 1290 2120 detestatur
1318 2055 1602 2128 Apostolus
1643 2051 1900 2124 quosdam
1921 2089 1937 2116 ,
1963 2057 2098 2147 quos

517 2137 646 2220 dicit
671 2163 931 2218 alienatos
956 2175 988 2211 a
1012 2157 1112 2211 vita
1152 2153 1246 2207 Dei
1290 2167 1378 2224 per
1417 2145 1756 2221 ignorantiam
1796 2155 1907 2214 qua:
1934 2145 2007 2193 est
2044 2137 2100 2192 in

517 2248 622 2313 illis
644 2301 657 2322 ,
684 2265 890 2329 propter
929 2249 1203 2308 caecitatem
1237 2244 1402 2298 cordis
1439 2255 1608 2295 eorum
1640 2235 1851 2309 (Epltes.
1877 2248 1947 2298 tv,
1977 2225 2100 2300 48)?

519 2324 809 2406 Tenebitur
842 2344 941 2400 hac
967 2338 1230 2398 sententia
1257 2351 1362 2390 non
1399 2329 1697 2402 baptizatus
1727 2324 2009 2397 parvulus,
2034 2335 2103 2378 an

520 2461 625 2500 non
675 2438 974 2496 tenebitur?
1012 2434 1067 2490 Si
1095 2429 1357 2494 dixeritis,
1390 2425 1504 2480 Non
1535 2421 1843 2478 tenebitur:
1877 2429 2104 2486 evange-

521 2537 621 2606 lica
651 2533 906 2599 veritate,
933 2529 1110 2598 lingua
1154 2523 1316 2588 etiam
1360 2516 1560 2590 Pelagii
1599 2521 1735 2570 teste
1761 2555 1777 2580 ,
1821 2506 2106 2566 vinccmini

526 2603 688 2700 atque
719 2621 1027 2698 puniemini.
1053 2617 1156 2675 Ubi
1184 2624 1266 2676 est
1285 2613 1427 2670 enim
1453 2611 1560 2667 vita
1588 2607 1701 2678 Dei,
1728 2603 1831 2660 nisi
1862 2603 1914 2658 in
1941 2614 2109 2671 regno

531 2696 626 2774 Dei
648 2757 662 2783 ,
689 2696 795 2791 quo
823 2713 924 2767 nisi
958 2708 1129 2772 renati
1156 2723 1221 2760 cx
1248 2717 1382 2778 aqua
1418 2709 1472 2758 et
1511 2697 1733 2768 spiritu,
1775 2696 1975 2750 intrare
2003 2706 2110 2750 non

528 2784 751 2881 possunt
776 2804 954 2878 (Joan.
979 2819 1059 2869 ut,
1081 2799 1174 2871 5)?
1205 2797 1260 2852 Si
1291 2804 1468 2850 autem
1497 2788 1759 2855 dixeritis,
1789 2784 2108 2842 Teuebitur:

528 2874 768 2958 l'atemini
787 2874 1028 2968 poenam,
1053 2890 1262 2960 culpam
1286 2885 1476 2950 dicite;
1507 2878 1742 2936 fatemini
1770 2874 2110 2948 supplicium,

529 2965 1000 3046 meritum—dicite.
1044 2979 1185 3035 Nihil
1231 2979 1282 3031 in
1330 2983 1508 3030 vestro
1543 2970 1792 3041 dogmate
1832 2965 2111 3036 reperitis,

531 3080 673 3154 quod
704 3077 946 3152 proferre
971 3071 1203 3146 possitis.
1233 3067 1349 3124 Jam
1382 3066 1540 3138 igitur
1565 3060 1872 3134 aliquando,
1900 3058 1947 3114 si
1976 3057 2116 3116 ullus

533 3152 621 3243 est
636 3170 956 3228 christianus
977 3178 1167 3220 sensus
1187 3160 1240 3216 in
1261 3159 1432 3222 vobis,
1456 3157 1617 3212 etiam
1644 3155 1694 3210 in
1725 3152 1965 3223 parvulis
1997 3165 2119 3220 pro—

534 3242 777 3334 paginem
808 3257 993 3313 mortis
1022 3267 1075 3311 ct
1100 3250 1458 3308 damnationis
1486 3246 1790 3318 agnoscite,
1813 3244 1991 3300 debita
2023 3242 2116 3314 ju-

535 3350 678 3436 stitia
720 3348 1076 3424 puniendam,
1109 3343 1273 3416 gratis
1316 3343 1484 3413 gratia
1529 3338 1619 3392 Dei
1658 3335 2009 3394 liberandam.
2059 3333 2134 3390 In.

537 3429 762 3519 quorum
790 3440 1157 3510 redemptione
1180 3433 1383 3490 laudari
1411 3431 1504 3486 Dci
1530 3427 1895 3484 misericordia
1923 3433 2118 3496 potest,

539 3542 593 3596 in
614 3553 841 3614 quorum
865 3530 1163 3608 perditione
1183 3542 1372 3584 accusa
1383 3525 1426 3579 ri
1454 3523 1547 3580 Dei
1570 3522 1766 3576 veritas
1788 3535 1892 3576 non
1917 3526 2118 3590 potest:

536 3608 670 3701 quia
705 3628 974 3684 universa:
1013 3621 1112 3676 viae
1160 3617 1370 3676 Domini
1419 3609 1784 3669 misericordia
1833 3617 1888 3668 et
1922 3608 2123 3666 veritas

540 3718 710 3793 (Psal.
739 3730 894 3782 xxiv,
924 3713 1037 3785 10).

609 3813 834 3872 CAPUT
873 3809 1013 3866 Xlii.
1037 3838 1108 3848 —-
1125 3807 1215 3862 26.
1240 3804 1463 3870 Dividis,
1489 3802 1701 3870 delinis,
1729 3799 1950 3858 disseris
1971 3796 2124 3867 quasi

543 3905 928 3964 medicinaliter
956 3902 1024 3957 de
1051 3915 1279 3972 genere,
1313 3908 1368 3954 et
1396 3896 1607 3968 specie,
1637 3903 1691 3952 et
1718 3892 1878 3948 modo
1897 3933 1912 3962 ,
1951 3900 2004 3945 et
2033 3905 2126 3946 ex-

542 3991 696 4058 cessu
723 3994 1202 4068 concupiscentiae;
1240 4011 1259 4044 ‹
1297 3991 1453 4061 hujus
1479 4004 1644 4059 genus
1672 4001 1792 4042 esse
1828 4004 1848 4039 ι
1875 3997 2126 4042 asserens

549 4087 578 4144 ι’
604 4091 658 4146 in
685 4091 804 4161 igne
829 4086 977 4144 vitali
996 4127 1010 4150 ,
1038 4084 1271 4154 speciem
1297 4080 1350 4136 in
1374 4087 1520 4137 motu
1543 4075 1791 4149 genitali,
1823 4075 2038 4134 modum
2071 4075 2125 4130 in

544 4177 708 4253 opere
745 4175 1040 4251 conjugali,
1084 4187 1360 4230 excessum
1406 4169 1460 4224 in
1506 4166 1916 4240 intemperantia
1958 4163 2126 4220 forni-

544 4267 737 4330 candi;
770 4290 790 4324 ι
818 4277 872 4324 et
904 4279 1079 4322 tamen
1123 4273 1242 4336 post
1283 4263 1438 4333 istam
1487 4268 1648 4314 totam
1685 4255 1836 4329 quasi
1876 4255 2126 4312 subtilem

545 4360 705 4435 atque
734 4361 994 4432 prolixam
1024 4355 1436 4426 disputationem
1464 4359 1629 4416 tuam,
1658 4365 1779 4405 cum
1810 4357 1863 4403 te
1897 4347 2154 4402 breviter.

545 4442 600 4511 et
634 4463 818 4525 aperte
857 4452 1255 4518 interrogat-ero
1274 4487 1288 4512 ,
1312 4461 1406 4500 cur
1436 4443 1572 4515 ignis
1601 4444 1701 4497 iste
1726 4439 1899 4495 vitalis
1928 4438 2130 4496 bellum

547 4541 602 4604 in
633 4547 846 4603 homine
878 4541 1212 4600 radicaverit,
1243 4548 1300 4592 ut
1330 4553 1396 4592 eo
1421 4552 1544 4591 caro
1571 4535 1914 4604 concupiscat
1942 4532 2131 4588 adver-

549 4654 642 4695 sos
688 4639 932 4710 spiritum
956 4679 970 4704 ,
999 4645 1052 4690 et
1097 4631 1305 4704 spiritui
1334 4629 1353 4662 ³
1383 4645 1602 4684 necesse
1645 4629 1711 4683 sit
1755 4627 2131 4695 concupiscere

549 4731 807 4788 adversus
831 4743 1044 4784 carnem
1075 4725 1266 4798 (Galat.
1300 4739 1353 4791 v,
1383 4724 1504 4794 l7);
1537 4739 1631 4777 cur
1663 4722 1881 4776 vulnere
1910 4719 2131 4776 feriatur

558 4822 789 4886 mortali,
813 4821 901 4891 qui
924 4819 1152 4874 voluerit
1179 4815 1283 4885 igni
1305 4814 1609 4870 consentire
1631 4813 1805 4877 vitali;
1834 4822 1960 4881 puto
1989 4811 2132 4881 quod

553 4917 730 4986 ipsum
757 4913 877 4968 libri
905 4912 978 4967 tui
1010 4919 1365 4970 atramentum
1395 4904 1762 4962 erubescendo
1787 4913 2131 4959 convertetdr

554 5008 609 5062 in
635 5005 874 5060 minium.
901 5003 982 5057 En
1012 5003 1146 5072 ignis
1165 5000 1188 5034 ἰ
1215 5000 1406 5064 vitalis,
1431 4998 1521 5070 qui
1552 5007 1747 5052 nostrae
1773 4997 1986 5064 animae,
2014 5013 2132 5067 qua:

555 5101 663 5152 vita
689 5104 771 5150 est
796 5109 918 5149 vera
945 5093 1138 5157 carnis,
1170 5106 1278 5146 non
1301 5089 1475 5146 solum
1503 5089 1568 5143 ad
1598 5088 1874 5144 arbitrium
1905 5102 2009 5142 non
2032 5087 2132 5142 ob-

556 5189 817 5258 sequitur,
847 5184 941 5240 sed
973 5185 1284 5254 plerumque
1314 5191 1499 5235 contra
1528 5179 1642 5250 ejus
1671 5178 1950 5235 arbitrium
1983 5178 2131 5232 inor-

554 5280 749 5335 dinatis
773 5287 826 5333 et
853 5276 1094 5346 turpibus
1122 5274 1351 5329 motibus
1371 5272 1654 5337 excitatur,
1674 5281 1728 5327 et
1753 5272 1854 5327 nisi
1875 5271 2132 5326 adversus

553 5388 674 5427 eum
702 5370 916 5441 spiritus
941 5366 1300 5438 concupiscat,
1329 5365 1522 5422 bonam
1544 5365 1706 5422 vitam
1733 5373 1970 5421 nostram
1993 5363 2132 5437 ignis

554 5470 654 5522 iste
678 5463 853 5519 vitalis
877 5461 1092 5518 occidit.

615 5621 634 5660 ³
657 5620 729 5668 sic
749 5625 856 5668 uss.
891 5623 946 5667 At
962 5616 1099 5677 editi,
1119 5614 1287 5677 miseri
1305 5613 1544 5667 inﬁdelis.

613 5682 634 5713 ¹
667 5680 981 5730 Floriacensis
1002 5676 1103 5739 Ms,
1123 5676 1323 5728 mittitis.

614 5743 635 5812 ἓ
667 5742 882 5812 ruisset
895 5737 1108 5812 intuor;
1124 5749 1250 5812 νεμεαν
1265 5737 1512 5812 ierim

614 5804 638 5874 ξ
667 5804 804 5874 editi,
829 5799 1046 5874 Et.
1070 5801 1238 5852 Melius
1264 5799 1401 5863 Mss,
1417 5810 1487 5852 En

614 5867 687 5929 (a)
706 5863 1042 5926 Diospobt'ano.

1283 387 1556 446 CONTRA
1595 375 1930 439 JULIANUM
1971 365 2432 433 PELAGIAN‘MI}
2473 363 2530 420 S.
2573 351 2932 419 AUGUSTINI

3640 348 3778 411 ’κατ’

2203 513 2207 518 -
2237 482 2320 536 2r.
2366 482 2493 538 Post
2517 480 2730 549 longam
2761 474 3173 546 disputationem
3202 470 3346 527 velut
3381 468 3711 532 concludens
3730 509 3747 536 ,

2175 593 2192 625 ‹
2227 571 2412 627 )lerito
2441 571 2620 642 igitur,
2656 587 2675 622 ι
2703 569 2898 638 inquis,
2930 585 2947 618 ι
2977 565 3419 634 concupiscentia:
3441 563 3590 633 origo
3615 561 3755 616 deli-

2171 667 2312 730 nitur
2340 665 2392 720 in
2414 666 2534 734 igne
2556 663 2700 718 vitali
2718 704 2730 725 ,
2757 677 2865 731 quo
2885 660 3110 718 collecto
3141 673 3361 714 necesse
3386 667 3550 712 estut
3578 658 3628 712 ei
3657 667 3778 712 re-'

2173 738 2384 827 putetur
2423 754 2858 824 concupiscentia
2899 752 3165 816 carnalis,
3200 767 3294 819 per
3314 765 3471 820 quem
3511 749 3779 804 constitit-

2173 851 2278 912 vita
2307 849 2537 910 carnalis
2566 851 2605 900 ⁸.
2636 866 2656 900 ι
2689 847 2762 902 ita
2797 846 2898 904 hoc
2922 845 3085 910 dicis,
3116 844 3264 913 quasi
3295 843 3518 912 probare
3548 841 3753 910 possis,

2175 953 2266 1000 aut
2294 959 2420 1006 vero
2447 942 2829 1012 cujuscumque
2857 939 3046 998 fretttis
3071 939 3143 993 sis
3163 975 3177 1002 ,
3217 936 3414 991 audeas
3455 935 3716 1004 suspicari
3743 973 3759 997 ,

2177 1035 2230 1090 iu
2260 1034 2427 1104 prima
2454 1029 2728 1097 hominum
2755 1030 3134 1088 constitutione
3154 1069 3168 1093 .
3203 1028 3510 1097 priusquam
3541 1027 3757 1095 etilpam

2177 1125 2354 1201 debita
2383 1124 2654 1184 damnatio
2683 1130 3027 1192 sequeretur,
3058 1119 3214 1174 istam
3249 1117 3517 1174 carnalem
3557 1131 3761 1170 concuo

2185 1217 2494 1288 piscentiam
2524 1224 2614 1276 aut
2639 1215 2906 1274 exstitisse
2933 1213 2986 1268 in
3016 1210 3282 1281 paradiso,
3309 1217 3400 1272 aut
3427 1207 3761 1268 inordinatis,

2184 1313 2320 1368 sicut
2358 1325 2476 1371 eam
2524 1324 2668 1370 nime
2715 1307 2954 1364 videmus
2974 1347 2990 1372 ,
3017 1304 3250 1364 motibus
3279 1317 3480 1372 pugnas
3507 1300 3768 1356 adversus

2186 1400 2426 1472 spiritum
2471 1398 2798 1462 fiedissimas
2842 1396 3094 1452 edidisse.
3129 1394 3330 1450 Deinde
3373 1391 3680 1456 subnectis,
3711 1398 3770 1445 et

2187 1493 2355 1551 'licis:
2385 1512 2405 1547 ι
2443 1493 2608 1563 llujus
2637 1492 2815 1562 itaque
2840 1490 3108 1563 appetitus
3153 1499 3258 1543 neu
3302 1487 3356 1542 in
3393 1501 3591 1556 genere
3629 1499 3767 1549 suo,

2185 1601 2297 1646 non
2328 1586 2379 1640 in
2406 1585 2604 1654 specie,
2630 1599 2735 1652 non
2763 1584 2814 1644 in
2834 1581 2994 1640 modo
3018 1580 3170 1648 culpa
3199 1586 3302 1643 est,
3320 1578 3414 1635 sed
3434 1577 3488 1632 in
3509 1591 3772 1634 excessu:

2184 1676 2312 1745 quia
2339 1689 2505 1747 genus
2525 1674 2641 1745 ejus
2661 1683 2715 1730 et
2735 1673 2938 1744 species
2957 1671 3023 1730 ad
3050 1669 3344 1728 conditoris
3364 1683 3579 1739 operam
3604 1669 3628 1702 ⁸
3649 1681 3775 1736 per-

2190 1768 2384 1831 tinent,
2416 1765 2605 1822 modus
2627 1763 2744 1835 ejus
2772 1763 2840 1822 ad
2865 1763 3142 1820 arbitrium
3173 1760 3492 1825 honestatis,
3519 1772 3774 1814 excessus

2195 1864 2263 1921 ad
2302 1863 2490 1922 vitium
2532 1860 2834 1918 voluntatis.
2879 1876 2905 1914 ι·
2949 1858 3118 1928 Quam
3166 1856 3427 1911 concinne
3472 1854 3565 1910 tibi
3609 1852 3774 1907 verba

2204 1954 2372 2010 inania
2413 1959 2738 2016 sonuerunt;
2771 1949 2951 2019 utique
2992 1948 3196 2006 homini
3229 1947 3249 1978 ³
3295 1946 3386 2016 qui
3425 1962 3530 2002 non
3575 1946 3778 2013 cogitas

2199 2047 2325 2119 quid
2364 2045 2538 2113 dicas!
2580 2045 2634 2100 Si
2664 2042 2853 2108 modus
2876 2042 3139 2111 appetitus
3183 2039 3340 2110 hujus
3374 2039 3442 2094 ad
3488 2039 3797 2094 arbitrium-

2202 2140 2433 2212 pertinet
2471 2137 2793 2204 honestatis;
2822 2136 2976 2204 cujus
3008 2134 3221 2190 tandem
3251 2132 3460 2190 honesti
3494 2131 3778 2186 arbitrium

2202 2233 2466 2305 conjugati
2492 2232 2615 2292 velit
2635 2231 2777 2286 hunc
2793 2229 3110 2300 appetitum,
3132 2226 3232 2282 nisi
3252 2225 3466 2297 quando
3482 2224 3503 2258 ⁸
3523 2239 3657 2295 opus
3671 2223 3777 2290 est,

2203 2325 2559 2388 commoveri?
2588 2334 2862 2381 attamen
2902 2321 3044 2392 quod
3075 2320 3185 2376 vult
3221 2335 3330 2376 non
3377 2327 3564 2388 potest.
3614 2317 3782 2388 Cujus

2207 2423 2463 2480 honesti"
2489 2419 2812 2476 continentis
2847 2417 3123 2472 arbitrium
3157 2413 3288 2470 velit
3321 2412 3596 2483 aliquando
3633 2415 3782 2467 hunc

2207 2517 2498 2586 appetitum
2539 2512 2773 2570 moveri?
2799 2519 2854 2566 et
2891 2520 3066 2565 tamen
3109 2507 3250 2579 quod
3281 2508 3391 2562 vult
3431 2522 3537 2562 non
3578 2516 3781 2576 potest.

2210 2606 2364 2668 Unde
2383 2607 2576 2664 clamat
2602 2605 2796 2670 homo,
2827 2601 2968 2658 Velle
2989 2602 3190 2672 adjacet
3227 2601 3383 2667 mihi,
3423 2601 3662 2671 perﬁcere
3693 2613 3789 2652 an-

2211 2711 2308 2756 tem
2338 2701 2520 2755 bonum
2544 2715 2648 2753 non
2695 2697 2892 2752 invenio
2932 2695 3110 2764 (Rom.
3135 2709 3241 2760 vn,
3266 2694 3379 2763 18).
3405 2693 3534 2748 Cum
3569 2707 3697 2762 ergo
3736 2693 3786 2746 in

2213 2793 2328 2864 ipso
2358 2800 2505 2846 motu
2545 2805 2641 2861 pro
2663 2797 2859 2844 nostra:
2885 2788 3179 2844 voluntatis
3205 2786 3429 2841 arbitrio
3461 2800 3563 2839 non
3593 2785 3789 2839 habeat

2213 2884 2381 2946 ullum
2405 2882 2619 2940 modum
2639 2922 2657 2949 ,
2680 2882 2735 2938 in
2756 2879 2948 2936 eli'ectu
2973 2889 3149 2934 autem
3177 2893 3286 2933 non
3311 2879 3380 2932 sit
3405 2878 3520 2947 ipse
3541 2877 3790 2931 modera-

2217 2984 2321 3042 tus,
2350 2973 2445 3031 sed
2472 2974 2522 3030 ei
2547 2973 2766 3034 modum
2783 2971 2938 3042 vigili
2964 2972 3259 3026 certamine
3285 2970 3510 3040 spiritus
3537 2969 3794 3024 honestus

2217 3067 2486 3136 imponat;
2517 3064 2642 3136 quid
2668 3073 2750 3120 est
2772 3063 2915 3135 quod
2950 3063 3174 3118 laudatis
3195 3103 3211 3130 ,
3242 3062 3486 3116 homines
3514 3061 3638 3115 mali
3665 3062 3709 3125 ⁸,
3742 3069 3796 3116 et

2217 3159 2284 3220 ad
2323 3159 2490 3216 Deum
2528 3173 2635 3214 non
2680 3157 2958 3224 clamatis,
2991 3155 3176 3211 Ubera
3211 3172 3305 3210 nos
3339 3172 3374 3209 ιι
3405 3155 3539 3219 nian
3565 3154 3771 3226 (Matth

2220 3249 2480 3320 v1.43)?

2291 3345 2516 3402 CAPUT
2554 3344 2784 3400 XlV.-
2819 3343 2909 3400 38.
2931 3342 3069 3410 Quid
3095 3351 3148 3399 te
3169 3350 3345 3398 autem
3371 3343 3517 3411 juvat
3543 3341 3686 3412 quod
3712 3341 3799 3396 di-

2221 3442 2318 3506 cis,
2343 3459 2363 3494 ι
2386 3440 2626 3509 intercipi
2649 3438 2922 3494 debilitate
2939 3437 3209 3493 libidinem
3234 3455 3245 3490 :
3273 3447 3292 3488 ι
3321 3436 3470 3507 quasi
3495 3449 3600 3490 non
3625 3443 3798 3490 morte

2221 3537 2443 3604 prorsus
2465 3533 2852 3602 exstinguatur,
2881 3529 3093 3600 quando
3114 3529 3224 3600 jam
3255 3528 3477 3594 homini,
3505 3529 3592 3599 qni
3616 3528 3688 3582 ab
3712 3527 3798 3581 illa

2225 3625 2383 3681 fuerit
2409 3633 2686 3693 superatus
2717 3631 2772 3678 et
2801 3621 3144 3692 subjugatus,
3174 3637 3280 3674 non
3306 3627 3576 3674 certamen
3610 3618 3802 3672 indici-

2223 3723 2331 3782 tur,
2361 3715 2458 3774 sed
2486 3715 2623 3774 victo
2649 3713 2890 3772 redditur
2913 3712 3054 3783 quod
3083 3710 3340 3768 debetur?
3370 3710 3482 3764 Hoc
3523 3719 3606 3764 est
3648 3713 3800 3763 ama-

2225 3811 2360 3878 rius,
2385 3809 2486 3864 hoc
2511 3817 2594 3864 est
2623 3807 2711 3863 ubi
2740 3821 2847 3863 non
2878 3805 3130 3876 intelligis
3151 3802 3524 3860 contendentis
3554 3805 3806 3871 propagi-

2228 3917 2351 3958 nem
2390 3900 2608 3968 mortis,
2633 3898 2777 3970 quod
2815 3897 3027 3969 quando
3050 3897 3163 3951 sani
3192 3911 3408 3960 sumus,
3433 3903 3557 3949 tunc
3585 3903 3675 3950 est
3706 3896 3808 3948 iste

2228 4001 2404 4059 metus
2429 3992 2665 4048 insanus.
2687 4008 2716 4046 ι
2745 3992 2851 4052 Aut
2876 3990 2929 4045 in
2955 3988 3302 4058 conjugibus,
3333 4005 3352 4040 ι
3383 3987 3560 4057 inquis
3581 4027 3594 4048 ,
3629 4003 3650 4037 ι
3683 4000 3807 4039 cum

2231 4087 2510 4146 honestate
2536 4089 2839 4146 exercetur,
2869 4089 2962 4138 aut
2988 4080 3231 4137 incestis
3265 4079 3460 4134 virtute
3485 4076 3751 4132 frenatur.
3783 4094 3803 4128 ι

2230 4178 2378 4234 itane
2402 4192 2552 4244 vero,
2580 4176 2652 4232 ita
2674 4177 2695 4212 "
2721 4186 2774 4232 tu
2800 4183 3050 4246 expertus
3075 4173 3170 4230 es?
3199 4173 3412 4243 Ergone
3433 4186 3465 4225 a
3490 4169 3811 4242 conjugihns

2231 4286 2338 4326 non
2361 4267 2598 4326 frenatur
2623 4266 2726 4322 hoc
2748 4265 2969 4333 malum,
2986 4265 3072 4321 vel
3090 4264 3193 4321 hoc
3218 4270 3365 4318 tuum
3393 4262 3588 4317 bonum
3603 4261 3630 4315 7
3649 4262 3815 4317 Poor—

2231 4375 2324 4416 sus
2350 4376 2470 4418 cum
2497 4358 2704 4416 libitum
2730 4357 2907 4423 fuerit,
2926 4365 3173 4414 sternunt
3196 4371 3258 4412 se
3275 4353 3552 4424 contjiiges,
3580 4361 3638 4408 et
3659 4355 3816 4408 inva-

2231 4453 2379 4518 dunt,
2409 4450 2850 4522 quandocumque
2887 4449 3208 4514 titillaverit;
3243 4462 3342 4503 nec
3377 4446 3448 4502 ad
3486 4447 3676 4500 horam
3716 4461 3814 4500 cu-

2232 4544 2391 4600 bandi
2423 4543 2689 4614 appetitus
2714 4543 2815 4599 iste
2843 4541 3104 4608 differtur,
3131 4540 3225 4596 sed
3256 4550 3380 4594 tunc
3407 4538 3614 4593 videtur
3639 4537 3819 4608 legiti-

2233 4651 2318 4695 ma
2347 4649 2635 4706 corporum
2655 4647 2776 4692 esse
2799 4632 3109 4690 commixtio
3126 4674 3141 4698 ,
3164 4631 3378 4702 quando
3403 4629 3542 4684 istud
3566 4630 3821 4685 naturale

2237 4735 2384 4784 tuum
2412 4726 2610 4782 bonum
2641 4722 2802 4780 fuerit
2820 4732 3011 4794 sponte
3029 4730 3374 4780 commotum.
3391 4719 3451 4777 Si
3478 4721 3640 4775 talem
3665 4722 3822 4775 duxi-

2234 4822 2302 4890 sti
2331 4821 2490 4876 vitam
2517 4818 2847 4888 coniugalem
2865 4859 2880 4883 ,
2908 4815 3096 4873 desine
3124 4823 3176 4870 te
3211 4813 3314 4870 tuis
3336 4814 3726 4884 experimentis
3767 4812 3822 4868 in

2236 4912 2593 4982 disputatione
2629 4910 2965 4968 com-mittere
2983 4947 2996 4971 ,
3027 4917 3082 4963 et
3104 4906 3176 4962 de
3197 4905 3317 4961 aliis
3343 4906 3515 4976 potius
3546 4905 3821 4973 quemad-

2236 5005 2452 5062 modum
2485 5005 2555 5060 sit
2581 5002 2818 5062 ducenda
2839 5041 2855 5067 ,
2885 5001 2972 5056 vel
2997 4998 3237 5058 docenda
3257 5039 3272 5065 ,
3306 4997 3554 5068 perquire
3575 4996 3621 5050 ιε
3656 4997 3826 5052 Miror

2239 5105 2414 5151 tamen
2436 5095 2481 5152 si
2502 5093 2796 5152 adulterina
2822 5091 3012 5148 saltem
3029 5091 3292 5148 desideria
3314 5105 3420 5144 non
3449 5087 3700 5152 (resumi,
3727 5103 3830 5144 nec

2237 5187 2494 5246 frenanda
2523 5186 2758 5245 sensisti.
2789 5186 2842 5242 Si
2872 5199 2999 5244 vero
3026 5186 3186 5240 etiam
3217 5182 3462 5252 pudicitia
3490 5181 3824 5251 oonjngalis,

2301 5371 2318 5402 ί
2353 5370 2426 5440 sic
2444 5368 2661 5440 potiores
2682 5373 2790 5416 Mss.
2807 5371 2978 5440 Αιχζικ,
3004 5377 3088 5429 per
3111 5376 3256 5430 quam
3277 5375 3296 5413 :
3321 5367 3375 5412 et
3391 5375 3500 5414 cum
3521 5360 3634 5417 aliis
3657 5363 3834 5427 eﬁsis,

2236 5426 2486 5482 constituti:
2507 5434 2576 5480 est
2599 5427 2692 5478 rita
2714 5426 2938 5477 carnalis.

2299 5497 2320 5527 ³
2353 5492 2663 5542 Floriacensis
2685 5498 2782 5545 Ms..
2810 5503 2972 5552 opera.

2299 5557 2321 5590 ⁸
2351 5563 2451 5604 Λιιι.
2479 5559 2532 5604 et
2551 5565 2720 5602 omnes
2740 5549 2867 5612 MssL,
2885 5549 3037 5601 homo.

2297 5617 2321 5649 δ
2353 5615 2666 5676 Floriaceusis
2689 5621 2787 5672 Ms.,
2813 5619 3054 5676 quantum.

2298 5682 2320 5714 ⁸
2352 5679 2487 5735 Editi,
2510 5675 2716 5725 honeste.
2740 5671 2904 5724 Melius
2927 5683 3052 5736 Mss,
3074 5671 3272 5725 honesti.

2299 5743 2320 5773 ο
2352 5739 2660 5788 Floriacensis
2681 5743 2784 5798 Ms.,
2807 5736 3001 5787 malum.

2297 5805 2317 5835 τ
2351 5802 2482 5852 idem
2505 5809 2603 5860 ats.,
2627 5798 2736 5852 ista.

2298 5867 2320 5898 ⁸
2353 5864 2519 5915 Plures
2539 5867 2668 5923 Mss,
2689 5859 2898 5924 require.
