4038 6472
211 375 332 444 717,
1053 430 1060 434 _
1353 431 1362 436 ,
1558 364 1756 422 LIBER
1794 363 1823 428 Ἰ

1936 359 2108 422 TiUS.

209 500 258 545 et
283 495 512 562 propter
529 482 882 539 immoderata
907 481 958 536 in
987 479 1103 550 ipso
1123 493 1334 550 quoque
1355 479 1627 534 connubio
1645 479 1800 534 voln-

3401 365 3530 440 7i8..

1912 479 2109 550 nuptias
2135 477 2330 534 bonum
2358 486 2516 535 sunt:
2548 495 2665 550 quae
2690 479 2984 551 smpissime
3006 481 3237 540 diximus
3261 499 3381 541 esse
3407 500 3508 558 pom
3537 465 3591 524 τ’

211 581 358 635 labra
406 576 680 643 libidinis,
719 585 773 630 et.
811 582 1029 644 propter
1055 571 1390 627 damnahiies
1416 571 1806 642 concupiscen-

217 672 348 736 tias,
383 685 453 724 ne
495 675 694 740 pneter
736 666 978 736 conjugis
1016 661 1033 698 ¹
1073 664 1368 719 naturalem
1408 679 1562 718 usum
1605 661 1804 733 aliquid

210 767 566 833 perpetretur,
592 759 764 814 frenat
786 758 922 812 hanc
951 763 1156 827 pestem
1186 755 1346 826 :quid
1377 764 1460 810 est
1484 755 1624 826 quod
1647 755 1802 822 dicis,

213 874 232 906 ι
261 853 316 908 in
343 852 664 923 conjugibus
684 865 804 906 cum
828 850 1112 904 honestate
1133 855 1447 914 exercetur;
1479 866 1498 900 ι
1524 847 1676 918 quasi
1704 845 1804 900 ho-

208 953 393 1000 nestus
419 945 491 998 sit
519 943 786 1014 appetitus
816 941 917 997 iste
945 954 1164 1009 semper
1194 940 1245 994 in
1270 939 1498 1010 conjuge
1520 981 1536 1008 ,
1581 948 1636 994 et
1673 939 1806 994 nihil

207 1039 254 1093 ei
299 1038 498 1093 saltem
546 1036 839 1091 secundum
879 1035 1124 1098 veniam,
1172 1033 1310 1088 sicut
1347 1031 1478 1088 dicit
1517 1032 1807 1102 Apostolus

209 1136 223 1200 (
243 1133 260 1186 l
289 1133 407 1186 Cor.
435 1145 508 1186 vn
535 1159 551 1198 ,~
577 1129 650 1201 ὅ)
669 1173 683 1197 ,
712 1128 1075 1184 concedatur?
1099 1127 1317 1197 Quanto
1342 1126 1536 1182 melius
1559 1125 1767 1181 diceres
1788 1167 1803 1192 ,

210 1225 260 1278 in
288 1226 582 1293 conjngum
622 1219 994 1276 moderatione
1024 1235 1146 1275 eum
1176 1219 1460 1274 honestate
1489 1217 1810 1274 exercetur?

213 1319 286 1369 An
318 1316 544 1370 timuisti
570 1330 640 1370 ne
677 1314 785 1369 iliie
825 1327 1042 1384 quoque
1084 1312 1413 1383 intelligatur
1439 1311 1639 1364 malum
1668 1351 1682 1375 ,
1722 1310 1808 1365 cui

211 1409 367 1462 etiam
393 1406 652 1476 coniuges
680 1401 892 1460 frenum
917 1420 1044 1460 cura
1070 1403 1457 1461 moderationis
1495 1401 1809 1471 imponunt?

213 1497 495 1552 Postremo
516 1512 658 1552 nunc
675 1497 862 1551 saltem
881 1497 990 1565 jam
1013 1496 1353 1551 continenter
1370 1495 1557 1550 vivens
1578 1507 1811 1564 agnosce

219 1590 270 1645 in
297 1590 575 1661 quadrigis
601 1590 708 1644 illis
730 1588 1098 1644 Ambrosianis
1122 1603 1318 1658 equum
1346 1587 1542 1641 malum
1563 1586 1721 1654 (Loco
1740 1587 1812 1640 ci-

217 1691 318 1736 tato
354 1697 550 1752 supra,
579 1699 633 1736 η.
669 1682 804 1751 12);
835 1689 891 1736 et
936 1681 1046 1736 noli
1093 1680 1257 1736 corde
1297 1680 1384 1736 vel
1423 1694 1518 1735 ore
1563 1679 1808 1746 laudare,

216 1790 371 1846 quem
392 1776 415 1808 ¹
448 1775 662 1844 cogeris
692 1775 889 1829 virtute
925 1773 1157 1829 frenare.
1187 1791 1206 1824 ι
1241 1773 1524 1842 Quartum,
1558 1790 1577 1824 ι
1612 1767 1808 1842 inquis,

225 1887 246 1923 ο
269 1887 298 1926 a
324 1870 735 1926 iascivientibus
762 1861 1122 1940 perpetratur,
1149 1867 1200 1922 id
1223 1879 1327 1933 est,
1355 1867 1500 1921 illius
1525 1865 1813 1936 voluptatis

223 1975 495 2028 excessus,
523 1970 577 2018 et
601 1962 722 2032 quia
747 1961 814 2016 de
837 1960 1147 2025 insolentia,
1171 1975 1277 2014 non
1301 1959 1372 2014 de
1393 1969 1580 2014 natura
1605 1959 1814 2014 contin-

221 2056 345 2125 git,»
373 2055 573 2125 inquis,
606 2071 628 2105 ι
655 2053 778 2122 jure
794 2052 1131 2107 damnatum
1151 2052 1224 2106 De
1243 2051 1415 2120 cujus,
1443 2065 1645 2121 quaeso,
1671 2050 1813 2105 inso-

223 2148 382 2202 lentia
427 2146 736 2217 contingit?
784 2145 1016 2200 lascivire
1041 2187 1056 2212 ,
1098 2159 1166 2198 an
1213 2144 1699 2214 concupiscentne?
1738 2143 1815 2200 No

221 2237 461 2296 oﬂ'eudas
474 2244 801 2308 susceptam,
821 2235 1191 2307 respondebis,
1216 2233 1487 2290 Lascivite.
1504 2235 1610 2292 Sed
1629 2250 1816 2291 omnes

224 2329 466 2386 homines
508 2330 752 2400 jndicant
795 2330 1030 2384 lascivire
1073 2343 1180 2384 non
1212 2344 1335 2384 esse
1365 2336 1671 2399 peccatum,
1712 2329 1814 2385 nisi

223 2411 340 2495 quia
367 2423 826 2494 concupiscentiae
848 2422 1202 2478 consentitur.
1229 2421 1515 2478 Nullumne
1535 2435 1674 2495 ergo
1701 2435 1818 2476 ma-

225 2493 327 2571 lum
370 2526 456 2572 est
478 2559 493 2582 ,
534 2516 622 2570 eui
647 2513 1034 2571 consentieudo
1064 2515 1353 2584 peccatur?
1382 2514 1450 2567 At
1489 2493 1590 2568 hoc
1617 2513 1816 2566 malum

226 2608 360 2665 inest
382 2613 438 2664 in
465 2623 627 2664 carne
657 2616 843 2662 contra
871 2606 1115 2674 spiritum
1138 2605 1576 2675 eoneupiseente,
1605 2603 1816 2660 etiamsi

227 2713 329 2769 non
357 2700 429 2756 sit
465 2701 518 2754 in
559 2700 752 2770 spiritu
783 2714 889 2752 non
918 2698 1290 2756 consentiente
1309 2738 1324 2763 ,
1358 2704 1412 2752 et
1439 2705 1628 2754 contra
1655 2696 1818 2752 etiam

227 2794 663 2864 concupiscente.
709 2792 960 2846 Exclama
996 2803 1146 2860 ergo,
1174 2788 1356 2843 Libera
1386 2804 1477 2842 nos
1501 2805 1536 2842 α
1559 2787 1696 2842 atate
1721 2805 1741 2842 :
1763 2796 1822 2842 et

229 2888 332 2942 noli
361 2887 565 2942 malum
598 2885 745 2940 falste
773 2883 942 2938 laudis
970 2883 1094 2937 huic
1118 2882 1319 2938 addere
1342 2883 1502 2937 malo.

293 2978 525 3035 CAPUT
563 2977 680 3032 XV.
705 3007 777 3018 -—
809 2977 902 3032 99.
931 2977 1138 3031 Diserte
1161 2991 1291 3032 sane
1316 2975 1460 3031 inter
1483 2973 1823 3029 lascivientes

229 3085 279 3130 et
293 3075 632 3130 continentes
653 3082 903 3142 tanquam
925 3071 978 3127 in
1002 3069 1183 3125 medio
1206 3069 1513 3139 pudicitiam
1532 3067 1821 3124 constituis

231 3167 596 3238 conjugalem,
625 3183 644 3217 ο
671 3179 792 3235 quas
828 3164 948 3218 illos
977 3162 1158 3217 illicita
1199 3161 1534 3216 contmisisse
1573 3159 1826 3231 indigna-

233 3273 335 3328 tur,
369 3261 473 3316 hos
508 3260 670 3316 etiam
714 3258 855 3313 licita
902 3255 1292 3326 contempsisse
1325 3252 1622 3318 miratur';
1653 3253 1824 3307 ultimi

234 3353 414 3408 limitis
441 3352 631 3407 sortita
662 3351 938 3420 regionem
959 3391 974 3415 ,
1005 3349 1144 3404 ultra
1173 3361 1234 3402 se
1271 3345 1642 3417 proruendum
1669 3358 1828 3400 exse-

236 3456 378 3501 crata
408 3444 734 3508 barbariem,
765 3455 926 3513 supra
952 3456 1009 3494 se
1037 3437 1348 3494 micantium
1375 3448 1625 3494 venerata
1653 3437 1824 3509 fulgo-

237 3552 370 3602 rem,
397 3553 518 3607 qua:
545 3533 866 3591 verecundis
895 3533 1142 3587 manibus
1164 3539 1219 3590 et
1246 3532 1494 3592 confovet
1516 3539 1823 3596 astuantes,

237 3639 288 3684 et
311 3628 495 3683 laudat
517 3627 606 3682 tali
633 3625 871 3681 remedio
892 3641 997 3688 non
1025 3634 1263 3695 egentes.
1297 3643 1315 3676 ι
1342 3623 1561 3678 Multum
1587 3622 1830 3680 delector

237 3720 674 3792 eloquentissima
704 3719 930 3780 veritate
958 3736 973 3778 :
1000 3716 1096 3778 sed
1120 3719 1346 3776 obsecro
1371 3727 1443 3784 te,
1472 3731 1666 3788 nempe
1691 3719 1829 3774 sicut

237 3811 365 3868 dicis
388 3854 402 3877 ,
431 3820 487 3866 et
545 3809 898 3868 disertissime
935 3823 1000 3868 ac
1030 3807 1307 3868 verissime
1345 3807 1511 3871 dicis,
1543 3817 1839 3878 propterea

239 3906 575 3966 continentes
600 3903 779 3962 laudat
802 3901 1055 3975 pudicitia
1083 3901 1404 3976 conjugalis,
1445 3899 1590 3974 quod
1619 3900 1710 3956 tali
1746 3915 1830 3956 rc-

241 3998 413 4054 medio
438 4012 546 4053 nou
572 4004 784 4068 egeant,
815 4011 920 4068 quo
944 4009 1003 4050 se
1031 3992 1199 4066 ipsam
1231 3995 1487 4068 perspicit
1513 3992 1749 4066 eguisse,
1777 3992 1834 4052 id

243 4099 353 4157 est,
390 4099 449 4146 ut
494 4087 788 4144 secundum
831 4087 1143 4161 Apostolum
1166 4127 1182 4150 ,
1223 4086 1312 4157 qui
1341 4100 1401 4142 se
1430 4100 1536 4144 non
1567 4086 1828 4152 continet,

245 4182 404 4244 nubat
430 4181 482 4253 (l
507 4178 625 4234 Cor.
646 4195 739 4245 vn,
766 4178 824 4249 9)
857 4196 871 4236 :
894 4193 994 4233 cur
1016 4193 1145 4254 ergo
1167 4176 1380 4250 quando
1400 4191 1502 4250 ego
1529 4177 1684 4234 istam
1706 4192 1834 4234 con-

246 4275 628 4348 cuptscentiam
660 4273 904 4330 morbum
925 4287 1045 4328 esse
1065 4271 1217 4338 dico,
1248 4281 1301 4326 tu
1328 4286 1510 4344 negas,
1537 4273 1625 4342 qui
1655 4280 1833 4333 tamen

247 4367 294 4424 ei
321 4364 685 4422 necessarium
717 4363 1016 4422 remedium
1044 4362 1356 4420 contiteris?
1381 4362 1437 4418 Si
1469 4361 1717 4432 agnoscis
1743 4377 1832 4418 re-

249 4460 478 4516 medium
498 4500 512 4525 ,
543 4471 774 4528 agnosce
804 4455 1049 4512 morbum
1075 4472 1089 4510 :
1112 4454 1158 4510 si
1185 4468 1346 4524 negas
1375 4453 1661 4522 morbum,
1698 4468 1836 4524 nega

251 4554 567 4612 remedium.
601 4549 752 4624 Rogo
771 4592 787 4617 ,
812 4550 946 4610 eode
971 4547 1261 4622 aliquando
1282 4548 1442 4604 etiam
1475 4562 1571 4617 per
1598 4561 1660 4604 os
1688 4556 1838 4603 tuum

251 4646 336 4708 tibi
378 4643 620 4718 loquenti
648 4643 858 4706 veritati
883 4660 899 4700 :
923 4656 1082 4700 nemo
1130 4639 1374 4716 providet
1416 4638 1712 4698 remedium
1747 4653 1836 4694 sa-

253 4739 418 4796 nitati.
439 4758 456 4764 -

319 4831 543 4892 CAPUT
572 4830 713 4892 XVI.
741 4859 811 4872 —
834 4829 922 4890 50.
955 4827 1089 4890 illud
1116 4827 1276 4888 etiam
1305 4835 1451 4884 recte
1474 4825 1630 4893 dicis,
1660 4843 1679 4880 ι
1710 4839 1839 4886 exa-

254 4925 447 4984 minate
469 4925 491 4955 ⁸
520 4940 627 4984 non
657 4938 817 4998 posse
844 4923 1054 4993 placere
1083 4921 1405 4980 connubium
1424 4960 1438 4984 ,
1464 4921 1510 4974 si
1539 4918 1664 4976 mali
1691 4932 1842 4978 cout-

256 5017 525 5087 paratione
554 5015 818 5072 laudatur.
858 5032 878 5072 ι
921 5012 1030 5069 iloc
1062 5027 1248 5068 verum
1291 5020 1392 5070 est.
1431 5010 1662 5070 Omnino
1700 5009 1844 5070 enim

258 5107 309 5160 in
337 5122 540 5180 genere
567 5120 665 5164 suo
700 5105 894 5176 nuptiae
933 5103 1128 5160 bonum
1168 5110 1325 5167 sunt;
1357 5099 1452 5158 sed
1492 5098 1612 5156 ideo
1646 5099 1842 5155 bonum

257 5203 376 5277 quia
398 5200 560 5256 iidem
581 5198 719 5254 tbori
741 5206 976 5262 servant,
993 5196 1114 5268 quia
1137 5195 1301 5268 prolis
1315 5191 1666 5264 suscipienda:
1686 5207 1847 5249 causa

260 5311 442 5352 sexum
469 5307 750 5364 utrumque
781 5291 1158 5357 commiscent,
1186 5290 1308 5362 quia
1337 5287 1664 5358 impietatem
1695 5299 1847 5356 sepa-

262 5391 478 5450 rationis
505 5387 814 5446 exhorrent.
852 5386 977 5444 ilazc
1011 5393 1135 5442 sunt
1174 5383 1311 5440 bona
1348 5380 1626 5454 nuptialia,
1658 5377 1850 5452 quibus

329 5569 347 5636 ξ
383 5568 571 5636 aliquot
594 5575 721 5626 Mss,
751 5562 976 5630 conjugii.

327 5632 348 5696 δ
380 5632 508 5696 ωτι,
532 5641 693 5696 W'

331 5694 352 5726 ι
368 5681 693 5764 frangam
713 5697 815 5749 tte,
829 5687 1042 5744 omisisse
1058 5685 1282 5740 »πίνακι
1301 5691 1357 5736 Et
1379 5686 1430 5742 in
1450 5684 1669 5747 margine
1685 5681 1854 5748 habet,

267 5755 415 5808 medii
438 5755 618 5806 limitis.

331 5817 353 5848 δ
384 5827 591 5877 quatuor
633 5829 663 5864 e
701 5815 933 5865 vattcauis
967 5821 1093 5874 Mss.,
1123 5810 1245 5862 Ilhtd
1270 5811 1412 5862 etiam
1441 5816 1572 5859 recto
1592 5807 1712 5858 ilicis
1736 5818 1854 5858 (xa-

270 5892 396 5944 psus

1911 573 2094 639 tuisse,
2125 571 2331 626 etiamsi
2361 586 2519 626 nemo
2550 579 2839 642 peccasset.
2869 571 2996 628 Post
3022 585 3294 644 peccatum
3323 561 3528 635 autem'

1909 666 2136 722 accessit
2161 665 2258 730 eis,
2290 681 2395 720 non
2424 666 2489 721 de
2517 664 2786 734 felicitate,
2816 668 2910 722 sed
2939 665 3005 723 de
3035 669 3352 726 necessitate
3383 681 3503 728 eer-

1912 763 2109 823 tamen,
2132 766 2190 813 ut
2211 773 2307 812 suo
2329 757 2470 812 bono
2495 767 2728 828 pugnent
2755 759 2914 814 etiam
2943 759 3070 832 ipsa!
3091 771 3274 816 contra
3302 777 3503 820 concu-

1912 851 2184 921 piscentiae
2211 850 2429 917 malum,
2462 851 2526 905 ad
2556 850 2683 905 nihil
2712 866 2827 906 eam
2851 852 3085 908 sinentes
3116 853 3356 908 illicitum
3386 869 3507 925 per-

1910 943 2121 1009 venire;
2141 945 2382 1013 quamvis
2403 943 2516 1014 lpsa
2539 945 2590 998 in
2614 942 2746 1009 hare,
2769 958 2910 1000 nunc
2928 945 3341 1012 remissioribus,
3364 961 3509 1002 nunc

1911 1036 2343 1091 concitatioribus
2361 1035 2624 1104 motibus,
2655 1037 2908 1108 instigare
2950 1054 3054 1094 non
3084 1050 3279 1107 cesset,
3309 1049 3362 1097 et
3392 1040 3506 1111 ejus

1912 1126 2055 1180 malo
2074 1125 2210 1181 bene
2232 1135 2440 1182 utentes
2462 1127 2512 1181 in
2537 1129 2920 1198 propagatione
2948 1129 3196 1184 iiiiorum.
3223 1129 3356 1186 illud
3380 1146 3510 1187 vero

1912 1219 2031 1288 quis
2057 1227 2214 1289 neget
2241 1221 2458 1285 malum,
2489 1219 2589 1275 nisi
2617 1222 2706 1292 qui
2736 1238 2840 1276 non
2869 1221 3015 1278 audit
3045 1224 3358 1295 Apostoium
3387 1241 3506 1280 mo-

1913 1319 2146 1376 nentem,
2185 1310 2294 1365 Hoc
2321 1320 2488 1365 autem
2517 1312 2632 1367 dico
2658 1315 2931 1396 secundum
2956 1317 3173 1383 veniam,
3202 1333 3304 1371 non
3332 1333 3511 1372 secun-

1914 1403 2314 1473 dnmimperium
2334 1403 2503 1479 (lCor.
2532 1422 2626 1474 vu,
2645 1406 2953 1478 O)?quando
2981 1409 3236 1479 conjuges
3254 1425 3359 1465 non
3388 1425 3512 1480 pro-

1916 1496 1980 1550 lis
1996 1496 2367 1566 suscipicndzr,
2387 1496 2477 1552 sed
2516 1498 2742 1552 carnalis
2763 1497 3051 1569 voluptatis
3067 1499 3345 1570 explendae
3381 1501 3512 1557 victi

1914 1587 2200 1658 cupiditate
2229 1589 2621 1655 concumbunt;
2656 1589 2757 1644 hoc
2793 1607 2896 1646 non
2929 1591 3193 1661 laudatur,
3225 1593 3321 1650 sed
3356 1594 3511 1665 igno-

1915 1680 2082 1733 scitur
2118 1679 2171 1733 in
2210 1681 2608 1750 comparatione
2650 1681 2844 1752 pejoris
2863 1682 2904 1751 ί,
2945 1683 3422 1743 intervenientibus
3456 1692 3514 1744 et

1915 1769 2324 1840 deprecantibus
2360 1773 2577 1842 nuptiis.

1986 1861 2214 1919 CAPUT
2243 1863 2581 1919 Mil—31.
2611 1863 2738 1921 Post
2767 1864 2882 1922 haec
2905 1875 3081 1924 autem
3109 1867 3178 1925 ad
3207 1870 3514 1943 exemplum

1918 1955 2146 2010 Abrahae
2175 1966 2228 2011 et
2256 1954 2434 2012 Sarrm
2454 1999 2467 2023 ,
2501 1956 2682 2012 nescio
2707 1973 2811 2030 qua
2851 1962 3058 2016 ratione
3096 1963 3381 2018 reverteris
3401 2004 3417 2029 ,
3444 1963 3514 2021 de

1918 2063 2024 2119 quo
2056 2049 2164 2118 jam
2201 2049 2329 2103 satis
2369 2047 2708 2120 respondisse
2750 2065 2835 2105 me
2876 2052 3148 2107 existimo.
3187 2053 3296 2110 Sed
3331 2055 3516 2112 nescio

1918 2140 2044 2211 quid
2074 2147 2124 2196 te
2151 2140 2376 2212 fugerat,
2405 2143 2546 2212 quod
2575 2141 2772 2198 addere
2799 2144 3030 2209 voluisti,
3055 2161 3174 2201 cum
3207 2155 3388 2218 postea
3417 2162 3514 2204 ve-

1921 2235 2088 2290 nisset
2112 2236 2162 2290 in
2192 2246 2444 2290 mentem.
2481 2235 2779 2293 llumanum
2807 2248 2908 2304 est,
2935 2240 3070 2295 solet
3100 2243 3313 2297 evenire
3341 2259 3354 2297 :
3386 2241 3515 2314 quid

1921 2342 2048 2398 ergo
2085 2327 2212 2382 illud
2242 2339 2324 2383 est
2353 2328 2650 2384 audiamus.
2694 2330 2863 2397 Dicis,
2897 2350 2917 2384 ‹
2953 2331 3147 2386 factum
3189 2333 3351 2390 fuisse
3385 2350 3512 2404 pro-

1922 2421 2192 2492 pheticum
2213 2463 2226 2487 ,
2254 2421 2394 2490 quod
2422 2437 2563 2476 nunc
2583 2423 2605 2454 ⁸
2628 2431 2899 2477 ostensum
2932 2431 3010 2478 est
3038 2425 3090 2478 in
3123 2425 3339 2495 regione
3369 2423 3516 2480 Alri-

1922 2527 2027 2576 crc;
2052 2511 2286 2582 pulchrre
2307 2520 2361 2567 et
2380 2520 2576 2567 sanctm
2594 2513 2854 2582 mulieris,
2875 2530 2992 2584 quae
3011 2515 3264 2572 Ecclesia:
3287 2515 3513 2572 formam

1925 2604 2159 2671 tenebat,
2191 2612 2361 2658 tutum
2392 2620 2496 2658 non
2530 2620 2651 2661 esse
2677 2605 2761 2660 vel
2791 2605 3092 2677 conjugem,
3124 2606 3204 2662 vel
3235 2607 3511 2677 pudorem,

1924 2703 1978 2752 et
2005 2697 2125 2768 quia
2156 2694 2228 2752 ibi
2253 2695 2505 2752 divinitus
2530 2696 2725 2752 intacta
2753 2707 2963 2753 servata
2988 2708 3090 2754 est.
3125 2717 3144 2751 ι
3172 2697 3246 2755 Ne
3273 2699 3325 2754 in
3345 2699 3516 2755 omni-

1924 2790 2025 2845 bus
2062 2790 2167 2845 tuis
2196 2790 2375 2845 verbis
2404 2789 2598 2845 frustra
2629 2791 2905 2860 immorer,
2934 2791 2998 2847 ad
3027 2807 3148 2848 eum
3178 2793 3262 2849 cui
3294 2794 3514 2863 scribis,

1927 2890 1979 2937 te
2003 2883 2270 2938 convertis
2296 2889 2350 2938 et
2377 2882 2510 2938 dicis
2539 2901 2553 2937 :
2587 2901 2607 2936 ι
2641 2881 2885 2940 Orandus
2914 2894 2996 2940 est
3035 2884 3120 2941 hic
3153 2885 3322 2950 Deus,
3356 2885 3520 2941 frater

1925 2974 2233 3031 beatissime
2262 2975 2292 3030 'l
2309 2974 2541 3042 urbanti,
2574 2976 2929 3032 consacerdos
2952 2977 3318 3043 dilectissime,
3344 2989 3402 3032 ut
3424 2992 3520 3048 pa-

1927 3067 2074 3123 ribus
2103 3070 2264 3124 etiam
2300 3068 2399 3125 hac
2430 3077 2744 3140 tempestate
2783 3070 3063 3126 virtutibus
3105 3069 3397 3125 Eccieslam
3426 3083 3518 3124 ca-

1929 3159 2212 3228 tholicam,
2254 3160 2374 3215 Filii
2417 3162 2498 3217 sui
2539 3176 2824 3230 sponsam,
2865 3173 3160 3228 maturam,
3205 3160 3519 3229 fecundam,

1928 3264 2149 3324 castam,
2177 3254 2446 3322 decoram,
2478 3271 2507 3309 a
2537 3255 2950 3311 Manichaeorum
2981 3256 3435 3326 constupratione,
3467 3255 3524 3310 in

1929 3348 2107 3405 Africa
2142 3351 2224 3405 vel
2254 3365 2319 3404 ex
2350 3349 2525 3405 Africa
2564 3350 2990 3406 latrocinantium
3011 3391 3027 3416 ,
3055 3365 3244 3404 eruere
3271 3364 3376 3404 non
3404 3363 3523 3404 mo-

1929 3454 2096 3500 retur.
2131 3462 2150 3497 ι
2186 3444 2312 3499 Ηωο
2351 3455 2529 3499 nostra
2558 3444 2734 3516 potius
2763 3441 2933 3497 oratio
2961 3451 3042 3498 est
3071 3444 3330 3497 adversus
3354 3438 3524 3496 Mani-

1929 3538 2130 3604 chacos,
2159 3545 2212 3594 et
2237 3537 2554 3602 Donatistas,
2585 3545 2640 3593 et
2667 3538 2800 3593 alios
2827 3536 3127 3601 haereticos,
3156 3536 3236 3590 vel
3261 3533 3527 3605 quoslibet

1931 3631 2205 3688 christiani
2235 3641 2285 3687 et
2311 3631 2559 3687 catholici
2587 3631 2818 3685 nominis
2845 3630 3086 3685 inimicos
3115 3627 3166 3683 in
3197 3627 3372 3682 Africa
3399 3643 3527 3682 con-

1933 3725 2165 3780 stitutos.
2196 3723 2392 3780 Contra
2419 3739 2516 3778 vos
2544 3731 2745 3790 autem,
2774 3724 2896 3794 quia
2928 3721 3080 3776 nobis
3108 3721 3238 3776 estis
3267 3719 3525 3792 pestilen-

1934 3816 2004 3872 tia
2046 3817 2396 3872 transmarina
2417 3858 2431 3882 ,
2465 3815 2675 3872 Christo
2715 3815 2980 3869 salvatore
3009 3811 3266 3867 vincenda
3287 3853 3301 3878 ,
3335 3811 3528 3866 ideone

1934 3911 2313 3965 latrocinamur
2352 3925 2417 3965 ex
2458 3909 2664 3974 Africa,
2705 3908 2826 3979 quia
2871 3922 3032 3961 unum
3076 3916 3362 3977 martyrem
3404 3903 3529 3959 hinc

1935 4002 2249 4074 opponimus
2274 4001 2616 4074 Cyprianum,
2645 4015 2740 4070 per
2761 4015 2918 4070 quem
2946 3997 3230 4068 probemus
3256 3997 3528 4066 antiquam

1938 4108 2035 4148 nos
2063 4093 2349 4148 defendere
2379 4092 2535 4146 ﬁdem
2567 4090 2902 4154 catholicam,
2930 4099 3114 4144 contra
3142 4088 3304 4142 vestri
3332 4085 3531 4141 erroris

1937 4202 2126 4240 vanam
2171 4186 2552 4256 profanamque
2583 4182 2909 4237 novitatem?
2935 4182 2980 4237 Ο
3017 4181 3197 4236 nefas!
3237 4179 3532 4234 Defueruut

1942 4277 2194 4334 Ecclesiae
2223 4275 2317 4332 Del
2347 4292 2464 4348 qua:
2494 4277 2548 4331 in
2582 4273 2758 4330 Africa
2793 4273 3077 4328 constituta
3112 4281 3212 4335 est,
3246 4270 3533 4326 defuerunt

1940 4371 2210 4426 orationes
2237 4376 2360 4433 tum,
2390 4365 2602 4437 quando
2629 4365 2726 4420 ista
2756 4379 2876 4435 quae
2905 4376 3200 4433 oppugnas,
3232 4359 3530 4432 Cyprianus

1942 4462 2276 4518 beatissimus
2305 4455 2665 4530 prazdieabat?
2686 4455 2915 4526 Quando
2941 4455 3030 4510 ille
3055 4453 3283 4518 dicebat,
3314 4471 3332 4506 ι
3366 4451 3531 4509 ΜυΙιο

1942 4555 2112 4626 magis
2141 4571 2168 4608 a
2203 4552 2528 4624 Baptismate
2567 4549 2840 4622 prohiberi
2871 4564 2975 4603 non
3011 4545 3169 4602 debet
3208 4546 3409 4610 inlitus,
3443 4547 3535 4616 qui

1942 4658 2132 4702 recens
2154 4653 2308 4699 natus
2329 4640 2460 4698 nihil
2482 4641 2739 4712 peccavit,
2764 4639 2864 4694 nisi
2884 4637 3025 4710 quod
3050 4635 3538 4706 secundumAdam

1945 4731 2230 4795 carnaliter
2256 4745 2432 4802 natus,
2455 4733 2757 4804 contagium
2784 4731 2968 4786 mortis
2988 4729 3218 4800 antiqua:
3245 4728 3416 4800 prima
3440 4743 3540 4783 na-

1950 4831 2152 4887 tivitate
2177 4828 2470 4893 contraxit,
2504 4833 2560 4881 ut
2589 4825 2636 4880 ei
2665 4823 3004 4879 remittantur
3027 4837 3134 4876 non
3170 4821 3411 4892 propria,
3447 4817 3544 4874 sed

1949 4925 2121 4979 aliena
2157 4930 2372 4993 peccata
2408 4940 2428 4973 ι
2459 4917 2666 4992 (Epist.
2695 4917 2763 4972 64
2786 4917 2855 4970 ad
2885 4912 3110 4986 Fidum)
3141 4932 3156 4969 :
3185 4912 3399 4988 quando
3427 4911 3543 4968 lucc

1950 5017 2246 5088 Cyprianus
2274 5011 2531 5068 didicerat
2557 5020 2611 5066 et
2639 5007 2897 5074 docebat,
2929 5007 3094 5063 deluit
3132 5007 3386 5062 auxilium
3416 5021 3541 5076 pre-

1952 5127 2073 5168 cum
2099 5120 2338 5171 tuarum,
2367 5122 2471 5180 quo
2499 5105 2655 5162 Sarra
2687 5105 2739 5159 in
2769 5103 2986 5173 regione
3016 5099 3208 5156 Africae
3238 5109 3546 5157 servaretur

1954 5205 2172 5270 intacta,
2195 5213 2249 5258 et
2273 5217 2303 5256 a
2327 5197 2736 5256 Manichaeorum
2763 5195 3215 5264 constupratione,
3239 5194 3325 5263 qui
3353 5207 3544 5246 secun-

1955 5295 2080 5352 dum
2125 5294 2446 5351 intellectum
2487 5300 2665 5360 tuum,
2710 5297 2994 5358 antequam
3038 5283 3307 5340 Manichazi
3347 5297 3545 5336 nomen

1957 5387 2212 5446 Romanis
2241 5385 2507 5441 sonuisset
2536 5382 2590 5437 in
2623 5381 2809 5444 terris,
2836 5379 2998 5435 etiam
3029 5379 3199 5447 ipsum
3227 5374 3547 5443 deceperant

1957 5482 2314 5554 Cyprianum,
2355 5477 2670 5532 liberaretur
2709 5472 2964 5528 Ecclesite
3007 5464 3380 5539 pulchritudo?
3411 5463 3547 5520 Vide

1959 5589 2077 5652 quae
2099 5581 2438 5630 monstruosa
2457 5576 2510 5629 et
2529 5567 2725 5626 furiosa
2746 5563 2891 5624 dicas
2913 5570 3098 5620 contra
3123 5557 3544 5630 antiquissimam

2027 5738 2042 5769 ³
2060 5743 2212 5810 ,ωνη
2234 5733 2284 5784 in
2309 5727 2659 5794 comparatione
2681 5723 2797 5777 mali
2819 5721 3012 5788 pejoris.
3032 5718 3343 5782 Abest,mait',
3359 5721 3422 5770 ab
3443 5716 3546 5769 abis

1962 5800 2114 5851 libris.

2029 5867 2047 5895 ²
2080 5871 2178 5911 Alli.
2208 5867 2279 5909 Er.
2308 5866 2358 5908 et
2383 5865 2509 5916 διες..
2535 5859 2660 5903 ηοω.
