4038 6472
426 414 539 492 719

433 551 754 615 catholicam
780 546 965 614 fidem,
991 558 1099 600 non
1127 540 1372 598 habendo
1397 537 1525 609 quid
1554 536 1723 593 dicas.

471 637 478 720 ξ
506 649 602 708 32.
634 647 745 707 Sed
771 632 1162 717 quantumlibet
1186 631 1550 707 tergiverseris
1570 674 1586 700 ,
1617 647 1650 686 ο
1679 627 1899 686 haeresis
1927 625 2033 684 Pe-

431 741 668 818 lagiana,
693 755 814 814 quae
841 744 1028 794 contra
1054 745 1238 788 muros
1265 725 1648 798 antiquissimae
1673 721 1913 779 veritatis
1941 734 2036 774 no—

438 817 533 898 vas
557 835 826 898 construis
845 829 1140 894 machinas,
1169 839 1337 882 novas
1359 823 1563 879 moliris
1587 820 1807 876 insidias
1832 838 1846 874 :
1873 837 1892 871 ι
1917 817 2038 873 Ρω-

436 949 542 992 nus
565 933 886 1003 disputator,
917 944 936 978 ι
965 921 1106 995 quod
1132 934 1219 976 me
1242 915 1627 974 contumeliose
1647 921 1769 968 tuus
1788 910 2039 967 defensor

439 999 709 1098 appellat;
741 1021 942 1076 Faenus
963 1059 978 1085 ,
1013 1016 1230 1084 inquam
1251 1052 1268 1079 ,
1299 1010 1620 1079 disputator,
1647 1019 1753 1060 non
1781 1017 1880 1074 ego
1899 1043 1915 1069 ,
1943 999 2040 1057 sed

439 1096 738 1189 Cyprianus
766 1114 984 1177 Plenus,
1019 1116 1072 1163 te
1095 1106 1200 1160 hoc
1225 1103 1446 1159 vulnere
1477 1101 1672 1156 Pcenus
1703 1096 1961 1160 immolat,
1989 1103 2044 1150 et

446 1187 660 1280 plenam
689 1205 953 1262 scelerato
983 1216 1048 1256 ex
1083 1198 1331 1269 dogmate
1365 1194 1528 1250 sumit
1561 1189 1660 1266 (a).
1692 1187 1863 1258 Quid,
1895 1190 1940 1243 sl
1967 1194 2046 1242 tot

445 1307 728 1375 episcopos
757 1315 826 1355 ex
852 1297 1028 1353 Africa
1059 1292 1418 1348 nominassem
1440 1329 1456 1355 ,
1483 1295 1614 1358 quot
1647 1300 1714 1340 ex
1753 1283 1872 1338 aliis
1899 1281 2046 1337 orbis

450 1371 692 1465 partibus
711 1386 1018 1446 nominavi?
1045 1393 1137 1440 aut
1155 1381 1318 1454 quid,-
1332 1381 1377 1435 si
1403 1381 1455 1434 in
1476 1380 1555 1433 eis
1578 1376 1707 1448 ipsis
1732 1375 1910 1446 plures
1931 1371 2048 1427 Afri

446 1464 672 1545 essent?
711 1482 862 1539 Unus
903 1480 1030 1534 hinc
1067 1485 1180 1540 est,
1214 1473 1396 1529 caeteri
1435 1469 1682 1534 aliunde,
1723 1481 1950 1538 quorum
1981 1464 2049 1519 ab

447 1579 670 1636 Oriente
698 1583 754 1631 et
784 1571 1074 1630 Occidente
1111 1565 1467 1623 consensione
1503 1559 1808 1618 confoderis
1837 1577 1851 1614 :
1885 1569 1940 1615 et
1966 1567 2050 1613 ta-

451 1688 577 1729 men
603 1676 748 1724 tanta
775 1663 1132 1721 obstinatione
1154 1657 1395 1724 cmcaris,
1422 1663 1480 1710 ut
1504 1669 1610 1710 non
1638 1652 1844 1718 videas,
1870 1660 1922 1706 te
1949 1663 2050 1722 po-

452 1764 564 1820 tius
583 1761 723 1818 velle
747 1769 1094 1825 corrumpere
1119 1751 1395 1821 antiquunm
1422 1745 1678 1802 Ecclesiae
1702 1743 1971 1805 decorem,
1999 1740 2053 1797 id

453 1863 560 1921 est,
583 1851 853 1922 antiquam
875 1847 1057 1913 fidem,
1081 1852 1278 1913 tanqua
1289 1857 1341 1896 ιιι
1369 1841 1545 1895 Sarrae
1565 1835 1788 1892 aniculae
1808 1832 2056 1904 pulcher-

455 1947 611 2004 rimac
639 1944 960 2000 castitatem.
991 1938 1048 1994 Si
1077 1936 1224 1992 enim
1265 1949 1360 2005 per
1387 1940 1603 1988 sanctos
1635 1928 1902 1985 antistites
1927 1925 2053 1995 Dei,

455 2035 941 2104 memorabilesque
965 2030 1238 2094 doctores,
1271 2027 1553 2092 lreuazum,
1579 2016 1928 2094 Cyprianum,
1952 2018 2058 2075 Re-

461 2130 673 2197 ticium,
691 2125 1015 2199 Olympium,
1035 2121 1316 2188 Hilarium,
1339 2117 1700 2182 Ambrosium,
1719 2113 2056 2186 Gregorium,

460 2220 719 2277 Basilium
739 2260 756 2286 ,
787 2217 1048 2272 Joannem
1068 2256 1084 2282 ,
1117 2211 1485 2268 innocentium
1507 2251 1521 2274 ,
1553 2215 1608 2263 et
1640 2207 2022 2278 Hieronymum
2041 2244 2059 2274 ,

458 2317 944 2384 constupraverunt
981 2305 1276 2364 Ecclesiam
1305 2301 1615 2367 Manichaei;
1647 2299 1734 2354 dic
1761 2298 1929 2365 mihi,
1959 2297 2062 2354 Ju-

459 2406 627 2474 liane,
657 2418 778 2475 qua:
807 2408 861 2456 te
885 2397 1132 2471 peperit?
1159 2395 1348 2453 Utrum
1379 2402 1433 2448 te
1457 2399 1604 2448 casta
1627 2392 1668 2458 ¹,
1695 2406 1763 2446 an
1794 2403 1924 2445 vero
1952 2405 2066 2444 me-

461 2499 634 2556 retrix
653 2539 670 2566 ,
703 2497 757 2551 in
786 2495 958 2550 lucem
988 2505 1147 2562 quam
1177 2486 1492 2551 deseruisti,
1525 2499 1621 2555 per
1644 2492 1851 2538 uterum
1881 2481 2068 2552 gratiae

463 2589 758 2665 spiritualis
786 2587 943 2644 enixa
973 2583 1094 2640 est?
1114 2597 1183 2638 an
1209 2588 1269 2635 ut
1292 2578 1544 2650 dogmata
1571 2575 1852 2646 Pelagiana
1881 2572 2069 2629 defen-

465 2663 590 2748 das,
613 2675 858 2748 coniugis
883 2671 1084 2731 Christi
1110 2681 1166 2728 et
1194 2670 1382 2726 matris
1415 2677 1519 2724 tuae
1544 2666 1750 2722 viscera
1770 2705 1788 2732 ,
1814 2663 2070 2720 instinctu

467 2768 683 2842 nefarii,
705 2783 813 2829 non
844 2763 1070 2838 erroris,
1097 2761 1195 2823 sed
1220 2759 1415 2822 furoris
1440 2753 1701 2818 iuramus?
1729 2751 1909 2830 Usque
1929 2752 2070 2814 adeo

469 2867 615 2926 enim
643 2875 832 2922 contra
858 2870 1122 2920 vetustam
1161 2855 1611 2929 pulchritudinem
1638 2850 1814 2908 Same
1843 2864 1949 2906 non
1980 2849 2068 2904 in-

469 2964 619 3021 venit
655 2961 781 3032 quid
820 2957 1018 3014 novitia
1057 2953 1366 3010 deformitas
1404 2957 1724 3012 mentiatur,
1754 2951 1816 3001 ut
1848 2951 1928 3000 tot
1960 2942 2078 3014 epi-

473 3067 756 3125 scoporum
793 3050 1149 3121 gloriosorum
1179 3043 1566 3100 catholicorum
1595 3039 1648 3094 in
1678 3045 1823 3092 tanta
1857 3049 2072 3090 suarum

475 3143 864 3200 sententiarum
907 3137 1336 3195 manifestatione
1379 3145 1735 3196 consensum,
1779 3128 1835 3183 in
1882 3127 2076 3198 quibus

475 3244 601 3292 sunt
624 3235 714 3307 qui
739 3231 1014 3289 Manichaii
1047 3245 1148 3285 nec
1182 3244 1380 3284 nomen
1411 3226 1722 3292 audierunt,
1752 3221 2076 3280 Manichaeo-

475 3343 595 3384 rum
622 3324 951 3397 blasphemia
980 3321 1311 3378 criminetur.

550 3421 640 3476 55.
670 3438 689 3473 ι
719 3418 825 3475 Sed
850 3418 918 3474 ab
941 3417 1044 3474 hoc
1067 3415 1332 3486 digressu,
1358 3429 1464 3485 quo
1487 3421 1538 3469 te
1563 3413 1815 3484 impetus,
1842 3429 1862 3464 ι
1890 3424 1999 3466 non
2016 3413 2080 3466 ut

478 3514 632 3582 dicis,
665 3531 684 3567 ι
716 3512 938 3578 doloris,
975 3529 995 3564 ι
1026 3510 1120 3566 sed
1148 3508 1342 3579 perditi
1369 3506 1587 3577 pudoris
1619 3524 1638 3558 ι
1675 3505 1986 3570 abstulerat,
2009 3500 2080 3559 ad

479 3623 542 3662 ea
566 3621 684 3678 qure
710 3605 1020 3660 institueras
1048 3621 1067 3655 ι
1092 3601 1258 3658 delira
1281 3603 1302 3633 ¹
1329 3599 1614 3655 reverteris
1639 3615 1653 3652 :
1677 3606 1731 3653 et
1750 3598 1990 3653 adhibito
2012 3611 2080 3653 ex

479 3698 739 3768 Apostolo
762 3696 1070 3752 testimonio
1092 3693 1267 3768 (Rom.
1293 3709 1366 3756 tv,
1388 3692 1502 3762 l9),
1527 3691 1653 3746 illud
1669 3689 1809 3761 quod
1825 3690 1894 3746 de
1911 3690 2082 3745 Abra-

484 3788 569 3842 hre
601 3795 655 3842 ct
691 3787 866 3842 Sarrae
896 3785 1157 3842 emortuis
1193 3782 1449 3839 membris
1481 3781 1723 3849 dixeras,
1764 3781 2084 3838 confirmare

481 3879 714 3935 conaris.
738 3878 894 3935 Unde
913 3878 1025 3949 iam
1051 3875 1320 3947 superius,
1343 3883 1597 3946 quantum
1626 3874 1756 3929 satis
1776 3875 1950 3938 visum
1976 3883 2081 3940 est,

485 3989 573 4028 me
591 3973 906 4028 disseruisse
927 3969 1216 4026 suffecerit.
1235 3968 1365 4036 Quis
1385 3975 1562 4023 autem
1583 3966 1916 4023 Christianus
1937 3968 2088 4039 igno-

485 4073 598 4132 ret,
627 4063 769 4134 quod
801 4082 820 4115 ι
859 4062 977 4128 ille,
1009 4061 1100 4132 qui
1136 4061 1365 4131 primum
1394 4059 1664 4116 hominem
1705 4059 1831 4114 fecit
1863 4075 1931 4114 ex
1965 4059 2088 4130 pul-

489 4172 646 4224 vere,
678 4169 866 4210 omnes
895 4154 1186 4208 fabricetur
1211 4169 1277 4208 ex
1305 4151 1547 4208 semine?
1580 4168 1601 4204 ι
1639 4149 1744 4205 Sed
1778 4165 1845 4205 ex
1882 4150 2088 4206 semine

483 4247 594 4320 iam
622 4247 807 4302 vitiato
827 4246 848 4278 ³
876 4254 1036 4316 atque
1062 4244 1334 4310 damnato,
1360 4241 1502 4314 quod
1538 4241 1730 4311 partim
1769 4256 1866 4312 per
1889 4242 2088 4296 verita-

489 4352 598 4396 tem
628 4347 902 4395 remaneat
929 4337 982 4392 in
1008 4336 1292 4408 supplicio,
1321 4334 1513 4405 partim
1545 4349 1640 4404 per
1665 4332 2085 4388 misericordiam

489 4432 746 4488 liberetur
770 4447 798 4484 a
826 4430 986 4485 malo.
1011 4428 1126 4483 Non
1153 4427 1331 4498 igitur,
1356 4436 1414 4481 ut
1433 4434 1586 4496 putas
1611 4435 1772 4496 atque
1791 4423 2086 4492 concludis,

432 4599 454 4601 _r
498 4543 519 4578 ι
556 4525 679 4580 ullis
706 4523 912 4594 laqueis
945 4521 1050 4576 tuis
1079 4521 1280 4591 peccati
1311 4519 1569 4573 naturalis
1595 4517 1883 4572 suffocatur
1909 4531 2090 4572 asser-

431 4600 472 4691 ξζ
491 4621 590 4675 tio.
627 4638 646 4671 ›
684 4620 1032 4690 Depravatam
1059 4617 1254 4686 quippe
1279 4611 1436 4682 primi
1467 4611 1874 4682 transgressoris
1895 4609 2091 4664 volun-

494 4721 605 4768 tate
629 4721 894 4776 naturam,
922 4725 1028 4765 non
1058 4717 1144 4763 tua
1167 4705 1406 4762 defensio
1432 4704 1608 4759 verbis
1635 4702 1880 4758 inanibus
1905 4709 2093 4772 purgat

496 4821 596 4877 per
615 4805 869 4860 novitium
886 4803 1078 4874 dogma
1096 4809 1356 4867 vestrum,
1375 4797 1470 4854 sed
1489 4797 1657 4869 gratia
1678 4796 1772 4853 Dei
1792 4810 1888 4867 per
1906 4794 2092 4851 Jesum

498 4896 768 4953 Christum
801 4895 1085 4950 Dominum
1115 4901 1377 4948 nostrum.

573 4989 797 5046 CAPUT
838 4985 1020 5043 XVIII.
1046 5015 1119 5027 —
1146 4985 1234 5040 54.
1263 4981 1621 5051 Quamobrem
1649 4994 1750 5037 nec
1777 4986 1924 5050 puto,
1957 4978 2097 5034 sicut

501 5083 877 5149 calumniaris,
909 5080 1051 5152 quod
1088 5097 1107 5132 ι
1147 5077 1400 5149 coniuges
1442 5076 1558 5130 siue
1597 5087 1880 5143 corporum
1917 5071 2095 5127 calore

501 5176 873 5250 generaverint
902 5192 915 5227 :
951 5192 971 5226 ι
1007 5187 1106 5228 nec
1134 5178 1260 5241 puto
1285 5168 1428 5240 quod
1460 5187 1478 5220 ι
1521 5166 1792 5222 hominem
1821 5165 1961 5220 Deus
1986 5177 2097 5220 non

501 5272 706 5337 fecerit,
726 5267 1042 5324 autdiabolo
1067 5263 1272 5329 fecerit,
1293 5271 1385 5318 aut
1415 5259 1660 5316 diabolus
1681 5257 1900 5323 fecerit;
1932 5277 1950 5310 ι
1972 5255 2097 5328 quia

503 5379 603 5421 nec
623 5362 724 5434 ipsi
751 5367 1000 5432 parentes
1023 5365 1245 5429 possunt
1265 5353 1539 5410 hominem
1567 5350 1765 5419 facere,
1789 5348 1884 5406 sed
1905 5363 1973 5405 ex
1997 5362 2096 5419 pa-

569 5542 588 5573 ¹
625 5539 757 5603 Apud
790 5545 928 5603 μοι,
957 5541 1185 5588 utrumne
1208 5541 1357 5603 castg.

567 5603 588 5632 ¹
601 5592 702 5651 Am.
721 5608 795 5650 Er.
816 5608 868 5651 et
885 5592 1052 5663 plures
1070 5607 1196 5659 Mss.,
1216 5595 1505 5663 deliberare.
1525 5602 1659 5663 hom,
1677 5592 1908 5663 delira-tre.
1923 5598 1980 5643 At
1989 5604 2100 5643 eon-

503 5666 694 5716 cinnius
713 5652 980 5714 Victorinus
1000 5662 1156 5723 codex
1177 5652 1235 5723 et
1252 5661 1470 5723 quinque
1491 5652 1722 5717 Vaticani,
1747 5652 1922 5708 delira.

570 5727 594 5759 ³
624 5725 936 5776 Floriacensis
957 5733 1058 5779 Ms.,
1095 5720 1281 5772 violato.

569 5787 644 5850 (α)
676 5789 892 5838 Imitatur
912 5785 1179 5850 virgilium,
1213 5782 1400 5850 Aineid.
1435 5781 1525 5850 lib._
1547 5781 1621 5842 12,
1647 5781 1916 5850 ηιξκιε-946,
1943 5781 2036 5832 947
2062 5793 2076 5832 :

1063 5843 1213 5895 Pallas
1247 5854 1298 5895 te
1333 5845 1426 5896 hoc
1446 5845 1672 5903 vulnere,
1707 5843 1857 5894 Pallas

693 5907 924 5973 tmmolat,
947 5917 1000 5960 et
1015 5920 1206 5974 penam
1223 5905 1467 5960 scelerato
1489 5919 1554 5958 ex
1576 5909 1815 5970 sanguine
1833 5909 1992 5959 sumit.

1231 417 1509 477 CONTRA
1556 410 1897 474 JULiANUM
1933 399 2407 475 PELAGIANUM,
2445 403 2504 462 S.
2545 397 2915 464 AUGUSTINI

3622 386 3737 447 720

2143 527 2384 585 rentibus
2411 527 2550 583 Deus
2577 543 2591 580 :
2617 523 2771 594 cujus
2798 514 3046 592 p0testati
3075 528 3175 572 nec
3201 527 3259 570 se
3288 509 3462 585 ipsum
3489 507 3737 566 diabolus

2141 623 2434 688 subtrahit;
2455 628 2652 693 quanto
2669 617 2842 673 minus
2864 623 3108 669 naturam
3127 611 3434 675 humanam,
3453 619 3612 677 quam
3634 603 3740 660 sibi

2143 734 2239 790 per
2265 716 2464 789 peccati
2493 714 2742 770 meritum
2765 710 2855 766 illo
2874 693 3162 765 damnante
3184 701 3444 775 subiecit?
3462 700 3593 770 Quae
3613 714 3741 756 cum

2144 812 2217 866 ita
2242 810 2368 876 sint,
2398 818 2452 863 tu
2477 807 2672 878 potius,
2698 804 2799 860 etsi
2826 817 2932 858 non
2949 799 3143 865 cultor,
3166 797 3305 868 quod
3326 810 3447 852 esse
3469 809 3557 850 me
3580 793 3740 857 dicis.

2147 913 2326 960 tamen
2366 897 2760 973 quantumlibet
2793 911 2916 952 eum
2958 907 3210 950 accusare
3247 889 3511 955 videaris,
3543 886 3747 943 diaboli

2146 997 2357 1068 adiutor
2393 1010 2513 1052 esse
2550 990 2884 1049 convinceris
2915 1007 2928 1044 :
2958 988 3048 1059 qui
3081 1000 3269 1042 omnes
3308 982 3555 1054 parvulos
3583 980 3652 1036 ab
3677 993 3747 1037 eo

2147 1093 2322 1159 malo,
2354 1106 2450 1161 per
2476 1088 2618 1160 quod
2646 1091 2894 1143 tenentur
2922 1099 2953 1138 a
2978 1080 3227 1148 diabolo,
3257 1076 3436 1134 sanari
3466 1091 3561 1148 per
3584 1072 3747 1130 Chri-

2151 1194 2292 1240 stum
2334 1199 2442 1238 non
2479 1181 2676 1237 debere
2712 1175 3026 1244 contendis,
3057 1189 3179 1231 cum
3208 1171 3450 1228 doctrina
3478 1184 3587 1226 non
3614 1183 3751 1224 sana

2151 1293 2312 1334 sanos
2339 1291 2458 1333 esse
2484 1273 2748 1332 defendis.
2783 1271 2896 1342 Ego
2930 1276 3109 1326 autem
3143 1264 3439 1323 secundum
3466 1277 3652 1320 sanam
3682 1263 3752 1316 fi-

2152 1373 2306 1440 dem,
2340 1389 2359 1422 ι
2397 1385 2464 1426 ex
2499 1368 2686 1424 eadem
2726 1361 3172 1434 concupiscentiae
3208 1360 3479 1429 voluptate
3516 1370 3750 1413 concre-

2156 1475 2267 1521 tum
2287 1463 2446 1519 etiam
2473 1461 2619 1516 lsaac
2647 1479 2667 1513 ι
2689 1458 2830 1521 dico,
2851 1472 2919 1512 ex
2938 1469 3042 1526 qua
3067 1463 3121 1510 et
3146 1453 3389 1508 homines
3413 1451 3616 1517 caeteri,
3636 1464 3753 1506 uno

2155 1557 2272 1613 solo
2291 1564 2515 1625 excepto
2533 1554 2601 1609 ab
2622 1553 2723 1608 hoc
2743 1550 2904 1617 malo,
2927 1564 3023 1620 per
3040 1561 3198 1620 quem
3222 1545 3513 1600 liberamur
3531 1559 3561 1599 a
3583 1544 3751 1599 malo.

2163 1667 2183 1701 ι
2217 1649 2564 1704 Peccatorum
2588 1659 2801 1716 quoque
2828 1641 3146 1714 genitalibus
3171 1653 3387 1694 manum
3406 1636 3600 1692 divinae
3627 1649 3758 1706 pro-

2157 1743 2406 1800 videntiae
2441 1742 2698 1797 interesse
2742 1757 2761 1790 ι
2807 1751 2914 1792 non
2953 1749 3110 1805 nego.
3145 1731 3371 1802 Attingit
3402 1730 3546 1786 enim
3578 1743 3612 1785 a
3645 1727 3758 1786 fine

2159 1850 2330 1908 usque
2367 1834 2435 1890 ad
2476 1834 2635 1890 finem
2675 1830 2913 1896 fortiter,
2944 1836 3001 1884 et
3029 1824 3267 1896 disponit
3303 1823 3482 1879 omnia
3519 1822 3759 1878 suaviter

2161 1928 2319 2002 (Sap.
2337 1943 2453 1995 vm,
2480 1927 2534 1998 l)
2555 1943 2569 1992 ;
2591 1933 2648 1980 et
2668 1921 2797 1978 nihil
2823 1919 3154 1991 inquinatum
3176 1917 3229 1972 in
3251 1929 3368 1970 eam
3395 1914 3620 1969 incurrit
3640 1911 3754 1977 (Id.

2164 2038 2256 2090 vn,
2282 2021 2375 2094 25)
2405 2037 2419 2074 :
2446 2029 2501 2076 et
2529 2018 2650 2074 ideo
2673 2017 2835 2072 etiam
2863 2013 2932 2070 de
2959 2009 3252 2069 immundis
3276 2016 3331 2064 et
3357 2006 3754 2073 contaminatis,

2164 2131 2283 2187 quae
2306 2113 2536 2170 voluerit
2560 2117 2832 2182 operatur,
2861 2104 3060 2162 munda
3086 2113 3264 2159 tamen
3293 2101 3408 2171 ipsa
3431 2107 3488 2155 et
3513 2099 3760 2155 inconta-

2165 2209 2364 2264 minata
2393 2205 2703 2276 persistens.
2730 2199 2842 2256 Nec
2869 2212 3005 2270 opus
3029 2204 3113 2252 est
3136 2205 3194 2251 ut
3213 2191 3540 2248 anfractibus
3560 2189 3761 2260 longis,

2167 2316 2231 2357 ea
2259 2314 2379 2370 qua:
2405 2296 2644 2354 concedo
2662 2336 2678 2363 ,
2708 2291 2839 2348 mihi
2875 2289 3107 2362 probare
3133 2286 3344 2344 coneris
3375 2302 3390 2340 :
3420 2284 3514 2341 sed
3547 2284 3618 2339 ad
3654 2282 3766 2339 hoc

2169 2391 2469 2463 responde,
2506 2389 2551 2444 si
2591 2395 2770 2458 potes,
2811 2399 2907 2440 cur
2945 2383 3059 2453 ipse
3095 2380 3243 2436 Isaac
3283 2378 3383 2434 nisi
3418 2376 3766 2448 Baptismatis

2169 2482 2368 2540 Christi
2398 2472 2548 2552 signo
2575 2475 2922 2534 circumcisus
2949 2472 3037 2529 die
3066 2479 3254 2528 octavo
3286 2468 3498 2536 fuisset,
3529 2467 3768 2539 perisset

2171 2579 2349 2634 anima
2376 2574 2494 2646 eius
2515 2572 2585 2628 de
2613 2570 2809 2642 populo
2833 2582 2932 2624 suo
2959 2564 3115 2638 (Gen.
3145 2579 3277 2631 xvn,
3306 2562 3419 2634 14).
3449 2560 3690 2630 Explica,
3719 2559 3770 2617 si

2173 2677 2347 2741 potes,
2377 2674 2520 2722 tanta
2545 2677 2702 2736 poena
2723 2676 2831 2738 quo
2854 2660 3048 2719 merito
3073 2656 3419 2731 plecteretur,
3446 2650 3546 2711 nisi
3573 2651 3642 2708 ab
3665 2651 3772 2708 hac

2175 2758 2269 2822 illo
2291 2758 2640 2822 Sacramenta
2659 2757 2994 2814 liberaretur.
3008 2753 3320 2808 Emortuam
3346 2747 3557 2802 vulvam
3585 2745 3772 2802 Sarra

2175 2855 2243 2912 ad
2267 2853 2609 2911 emissionem
2639 2847 2881 2914 seminis,
2906 2852 2963 2901 et
2988 2853 3288 2899 emortuum
3315 2852 3510 2910 corpus
3537 2835 3773 2892 Abraha

2177 2948 2245 3004 ad
2277 2945 2638 3018 generandum
2667 2941 2804 2998 sicut
2832 2938 3052 3010 iuvenes
3074 2941 3366 3007 generant,
3400 2932 3568 2988 Deum
3594 2929 3772 2985 viviﬁ-

2179 3055 2363 3107 casse,
2395 3034 2579 3108 negari
2607 3047 2712 3090 non
2743 3038 2954 3103 potest,
2982 3037 3044 3084 ut
3068 3027 3246 3098 proles
3274 3025 3342 3080 de
3372 3023 3458 3079 illa
3489 3029 3773 3094 parentum

2181 3138 2490 3188 nasceretur
2514 3135 2670 3183 aetate
2697 3141 2711 3180 :
2741 3123 2836 3180 sed
2862 3122 3008 3178 Isaac
3032 3127 3288 3192 quantum
3315 3116 3382 3172 ad
3408 3115 3620 3187 propria
3645 3127 3775 3184 pec-

2180 3233 2320 3292 cata,
2347 3221 2553 3279 etiamsi
2584 3235 2652 3276 ex
2679 3215 2934 3272 adulteris
2961 3219 3290 3276 nasceretur,
3315 3209 3570 3264 innocens
3596 3216 3776 3275 natus,

2181 3318 2308 3392 quid
2335 3321 2630 3378 meruerat,
2659 3318 2716 3367 ut
2742 3309 2921 3365 anima
2946 3305 3063 3376 ejus
3084 3303 3153 3360 de
3188 3301 3386 3374 populo
3415 3315 3512 3356 suo
3541 3300 3777 3369 periret,

2183 3391 2287 3470 nisi
2325 3406 2661 3467 circumcisio
2697 3399 3042 3460 subveniret?
3079 3396 3200 3454 Noli
3236 3395 3447 3467 evagari
3483 3408 3581 3464 per
3610 3391 3781 3448 multa

2184 3507 2433 3571 obscura,
2460 3499 2736 3573 perplexa,
2760 3492 3028 3566 superflua
3055 3510 3070 3548 :
3096 3490 3164 3547 ad
3188 3489 3293 3546 hoc
3321 3504 3483 3546 unum
3509 3495 3779 3558 apertum,

2185 3602 2433 3674 simplex,
2463 3594 2928 3664 necessariumque
2955 3585 3243 3660 responde.

2257 3718 2347 3775 35.
2379 3713 2678 3784 Interponis
2707 3706 2951 3781 Apostoli
2979 3699 3340 3761 testimonium
3358 3740 3372 3764 ,
3404 3713 3512 3754 non
3540 3695 3607 3752 ad
3637 3693 3784 3766 quod

2187 3815 2255 3871 ab
2283 3813 2376 3868 illo
2401 3810 2634 3881 positum
2657 3813 2760 3875 est,
2787 3803 2882 3860 sed
2907 3800 2974 3856 ad
2997 3798 3139 3871 quod
3166 3797 3281 3867 ipse
3303 3792 3599 3850 arbitraris.
3626 3789 3787 3847 Unde

2189 3922 2352 3977 nunc,
2380 3903 2632 3977 quoniam
2657 3914 2764 3956 non
2794 3895 2918 3952 inde
2944 3893 3169 3966 agimus,
3192 3899 3246 3946 et
3267 3889 3484 3958 longum
3509 3894 3564 3941 et
3591 3898 3788 3954 super-

2189 3973 2482 4059 vacaneum
2510 4005 2593 4052 est
2615 3994 2888 4063 disputare
2911 4005 2924 4042 :
2949 3995 3129 4043 tamen
3153 3979 3452 4052 interponis
3476 3977 3568 4034 ubi
3595 3977 3692 4043 ait,
3716 3973 3791 4034 Et

2191 4092 2442 4167 quomodo
2459 4087 2711 4163 iudicabit
2741 4083 2878 4139 Deus
2911 4075 3197 4135 mundum?
3224 4075 3287 4131 Si
3313 4072 3446 4128 enim
3479 4070 3659 4126 ueritas
3692 4066 3792 4123 Dei

2191 4160 2247 4244 in
2271 4202 2381 4241 meo
2407 4160 2669 4239 mendacio
2694 4173 2967 4232 abundavit
2994 4173 3048 4226 in
3074 4169 3290 4243 gloriam
3312 4166 3473 4236 ipsius
3492 4205 3508 4231 ,
3534 4162 3658 4234 quid
3687 4160 3790 4213 ad-

2195 4283 2293 4337 huc
2321 4294 2369 4336 et
2397 4294 2486 4351 ego
2515 4287 2756 4346 tanquam
2785 4275 3014 4341 peccator
3033 4264 3242 4337 judicor
3272 4258 3460 4330 (Rom.
3492 4272 3570 4323 ιιι,
3601 4255 3656 4320 6,
3689 4251 3795 4325 7)?

2194 4375 2274 4431 Ac
2298 4346 2493 4430 deinde
2512 4364 2808 4438 subiungis,
2841 4379 2861 4413 ι
2888 4359 2993 4415 Per
3016 4356 3132 4412 haec
3155 4367 3250 4410 sua
3278 4350 3443 4408 verba
3469 4346 3795 4418 Apostolum

2196 4463 2501 4528 ostendere,
2530 4458 2774 4514 amisisse
2801 4453 2968 4509 Deum
2993 4447 3366 4505 auctoritatem
3403 4438 3712 4513 iudicandi,
3745 4438 3798 4497 si

2197 4556 2414 4614 modum
2440 4569 2547 4610 non
2576 4549 2746 4606 tenuit
2770 4541 3090 4616 imperandi.
3130 4559 3150 4594 ι
3184 4538 3240 4597 Si
3270 4551 3402 4608 ergo
3429 4535 3568 4592 sicut
3596 4541 3797 4603 putas,

2204 4670 2224 4705 ι
2259 4648 2326 4705 ad
2352 4647 2455 4704 hoc
2479 4645 2579 4700 ista
2605 4641 2739 4698 dixit
2763 4635 3072 4710 Apostolus,
3107 4642 3166 4688 ut
3189 4645 3312 4689 sese
3337 4627 3673 4693 cohiberent,
3700 4622 3802 4696 qui

2197 4739 2512 4800 asserebant
2554 4731 2697 4790 laudi
2742 4729 2837 4787 Dei
2883 4725 3146 4800 proficere
3191 4729 3409 4794 peccata
3448 4715 3805 4780 mortalium,-

2199 4851 2430 4908 eumque
2467 4831 2589 4889 ideo
2625 4824 2974 4899 impossibilia
3010 4818 3367 4893 praecepisse,
3405 4822 3466 4870 ut
3503 4808 3805 4868 miserendi

2199 4930 2304 4988 sibi
2341 4904 2618 4985 materiam
2659 4925 2982 4994 praepararet
3010 4932 3024 4970 :
3053 4922 3110 4970 et
3138 4928 3233 4985 per
3265 4911 3405 4966 hanc
3441 4904 3805 4979 apostolicam

2201 5024 2555 5087 sententiam,
2593 5037 2614 5074 ι
2649 5016 2788 5074 sicut
2820 5012 3123 5075 existimas,
3159 5025 3180 5060 ι
3218 5005 3635 5065 demonstratur,
3664 5013 3810 5068 pro-

2202 5128 2386 5190 pterea
2415 5121 2563 5171 recte
2591 5106 2820 5182 iudicari
2849 5103 3128 5168 homines,
3160 5099 3282 5170 quia
3321 5103 3588 5168 praecepta
3619 5090 3813 5163 possi-

2203 5183 2327 5265 bilia
2367 5223 2472 5264 non
2506 5203 2780 5266 fecerunt;
2809 5197 3006 5268 injuste
3034 5202 3214 5248 autem
3240 5190 3625 5262 iudicarentur,
3654 5183 3704 5239 si
3739 5199 3812 5240 ea

2203 5317 2310 5358 non
2338 5299 2607 5361 fecissent,
2635 5309 2754 5365 qua:
2778 5287 3122 5361 impossibilia
3148 5283 3498 5356 iuberentur:
3529 5297 3548 5332 ι
3579 5275 3707 5348 quid
3732 5275 3816 5334 de

2206 5397 2352 5453 Isaac
2370 5393 2612 5450 dicturus
2628 5403 2710 5457 es,
2733 5385 2819 5443 cui
2843 5381 3130 5456 quidquam
3151 5391 3252 5434 nec
3276 5371 3548 5447 possibile,
3573 5383 3674 5424 nec
3700 5369 3816 5424 im-

2205 5487 2458 5563 possibile
2481 5492 2565 5539 est
2589 5481 2942 5552 imperatum;
2972 5482 3028 5529 et
3056 5481 3232 5527 tamen
3265 5463 3578 5540 perditionis
3603 5460 3816 5517 anima:

2206 5553 2317 5640 suae
2344 5593 2499 5652 pcena
2529 5574 2799 5640 feriretur,
2827 5569 2873 5626 si
2899 5576 3086 5623 octavo
3115 5563 3204 5620 die
3244 5575 3348 5617 non
3388 5553 3820 5614 circumcidere-

2208 5647 2441 5735 tur?-An
2470 5685 2598 5727 vero
2624 5682 2724 5723 nec
2761 5666 2838 5720 sic
2867 5661 3081 5718 tandem
3110 5656 3364 5728 respicis,
3396 5649 3523 5707 illud
3554 5647 3821 5720 primitus

2210 5775 2264 5829 in
2287 5768 2528 5843 paradiso
2545 5764 2726 5820 datum
2747 5756 3000 5832 possibile
3019 5769 3083 5810 ac
3100 5751 3254 5808 facile
3275 5749 3434 5804 fuisse
3450 5747 3818 5817 praeceptum,

2211 5837 2316 5947 quo
2339 5870 2647 5934 contempto
2673 5869 2835 5930 atque
2867 5851 3084 5920 violato,
3114 5860 3304 5905 omnes
3330 5859 3400 5903 ex
3427 5855 3534 5898 uno
3560 5837 3820 5914 homine,
