4038 6482
246 427 346 490 721

246 558 503 620 tanquam
525 544 582 602 in
607 559 782 602 massa
805 545 1025 618 originis
1044 559 1330 604 commune
1351 543 1480 601 illud
1501 543 1700 602 habere
1720 559 1847 615 pec-

240 653 454 705 catum;
484 649 541 696 et
567 641 691 695 hinc
714 655 834 695 esse
851 641 1038 711 jugum
1066 654 1217 710 graue
1243 655 1396 710 super
1424 637 1560 708 ﬁlios
1586 637 1750 691 Adam
1767 677 1782 703 ,
1813 653 1847 690 a

242 735 326 788 die
349 735 515 788 exitus
545 733 608 786 de
634 742 806 787 ventre
832 731 1008 786 matris
1033 747 1224 797 eorum,
1253 746 1408 803 usque
1432 730 1486 784 in
1515 730 1648 783 diem
1673 727 1846 799 sepul-

234 836 374 880 tura
397 825 454 879 in
478 835 693 879 matrem
718 824 940 878 omnium
964 821 1150 892 (Eccli.
1177 838 1269 889 χι,
1294 819 1386 894 i)?
1410 820 1478 876 Et
1506 819 1760 892 quoniam
1782 834 1851 876 ex

243 918 340 974 ista
363 918 419 974 in
442 918 614 974 Adam
635 918 980 990 generatione
1001 917 1249 972 damnata
1272 930 1430 971 nemo
1453 914 1728 982 liberatur,
1749 914 1851 970 nisi

243 1022 596 1081 regeneretur
615 1013 668 1067 in
690 1010 934 1077 Christo;
959 1022 1241 1082 propterea
1267 1011 1478 1082 signum
1501 1009 1741 1081 ejusdem
1767 1025 1852 1066 re-

241 1103 609 1172 generationis
627 1102 772 1159 Isaac
793 1103 893 1159 nisi
913 1104 1228 1172 accepisset,
1251 1103 1513 1174 perisset:
1538 1117 1636 1158 nec
1657 1101 1850 1158 imme-

242 1199 346 1252 rito
372 1197 633 1266 perisset,
660 1197 781 1268 quia
809 1213 876 1252 ex
903 1196 1003 1251 hac
1027 1197 1134 1251 vita
1152 1237 1168 1264 ,
1196 1211 1303 1267 quo
1330 1210 1426 1267 per
1448 1195 1850 1266 generationem

241 1288 556 1344 damnatam
586 1289 870 1345 damnatus
897 1290 1207 1354 intraverat,
1239 1288 1356 1344 sine
1385 1287 1536 1359 signo
1565 1301 1852 1359 regenera-

243 1381 406 1435 tionis
434 1382 658 1437 exisset.
690 1383 795 1436 Aut
823 1381 870 1437 si
897 1397 1003 1437 non
1031 1389 1114 1437 est
1142 1381 1242 1436 ista
1268 1393 1427 1436 causa
1447 1421 1463 1448 ,
1492 1379 1579 1435 dic
1603 1379 1848 1435 alteram.

244 1471 427 1528 Bonus
457 1484 542 1529 est
572 1475 736 1543 Deus,
764 1475 942 1546 justus
967 1483 1050 1531 est
1076 1475 1218 1531 Deus
1247 1492 1260 1528 :
1293 1483 1469 1546 potest
1497 1474 1706 1545 aliquos
1734 1473 1851 1530 sine

243 1562 402 1622 bonis
442 1566 652 1622 meritis
689 1567 952 1636 liberare,
989 1569 1112 1639 quia
1152 1568 1324 1624 bonus
1362 1576 1479 1633 est;
1526 1581 1633 1623 non
1676 1574 1852 1638 potest

245 1671 572 1728 quemquam
603 1659 719 1715 sine
748 1659 906 1714 malis
930 1661 947 1690 ¹
978 1659 1184 1714 meritis
1211 1659 1500 1724 damnare,
1530 1657 1653 1729 quia
1677 1657 1853 1728 justus

247 1759 348 1806 est.
381 1750 598 1808 Nullum
638 1753 884 1808 meritum
924 1752 1126 1807 malum
1163 1762 1286 1806 octo
1322 1751 1530 1806 dierum
1572 1749 1747 1805 infans
1783 1748 1852 1806 de

249 1842 482 1913 propriis
529 1845 764 1913 peccatis
809 1844 1072 1908 habebat;
1121 1857 1285 1914 quare
1329 1841 1707 1908 damnaretur,
1747 1840 1851 1897 nisi

249 1935 748 2002 circumcideretur,
781 1936 828 1992 si
856 1951 922 1993 ex
953 1936 1158 2007 origine
1185 1950 1291 1992 non
1321 1932 1600 1990 trahebat?

317 2027 549 2084 CAPUT
589 2027 731 2082 XIX.
755 2057 823 2068 —
845 2027 934 2084 56.
964 2027 1134 2098 Perge
1157 2026 1225 2082 ad
1251 2035 1469 2091 caetera,
1493 2033 1548 2080 et
1573 2022 1726 2079 vanis
1754 2037 1850 2078 va-

250 2121 405 2176 niora
433 2127 666 2176 contexe
699 2137 712 2174 :
746 2134 851 2175 non
887 2119 1282 2190 Scripturarum
1311 2124 1614 2172 sanctarum
1641 2113 1849 2184 eloquia

251 2228 368 2284 quae
397 2227 814 2280 commemoras,
841 2211 981 2277 dico,
1010 2210 1105 2268 sed
1133 2225 1200 2266 ex
1228 2209 1311 2264 his
1335 2224 1455 2280 quae
1478 2207 1746 2264 coniicere
1771 2205 1852 2262 ni-

250 2306 400 2362 teris.
431 2305 879 2378 Quandoquidem
905 2304 1063 2372 dicis,
1100 2322 1120 2357 t
1150 2303 1227 2359 Ex
1261 2303 1364 2358 hoc
1403 2301 1625 2372 intelligi
1654 2301 1851 2356 debere

250 2395 546 2466 perfectam
578 2397 930 2468 ignorantiam
956 2395 1214 2466 justitiam
1247 2393 1532 2460 nominari,
1558 2392 1679 2462 quia
1717 2391 1852 2447 dixit

254 2487 395 2543 Deus
415 2488 486 2543 ad
511 2487 846 2554 Abimelecb,
873 2488 964 2560 qui
1003 2502 1125 2543 cum
1152 2484 1312 2542 Sarra
1342 2483 1515 2540 fuerat
1533 2483 1850 2540 concubitu-

250 2594 342 2636 rus
365 2623 380 2647 ,
408 2581 668 2652 ignorans
697 2581 839 2652 quod
867 2595 1002 2635 uxor
1030 2588 1176 2636 esset
1201 2578 1394 2643 aliena,
1426 2574 1496 2631 Et
1521 2593 1612 2648 ego
1635 2575 1853 2630 sciebam

251 2674 364 2743 quia
391 2674 447 2727 in
478 2673 632 2727 corde
657 2673 846 2726 mundo
876 2671 1039 2745 fecisti
1064 2671 1159 2726 hoc
1187 2669 1208 2744 (
1232 2667 1362 2726 Gen.
1398 2685 1489 2737 xx,
1520 2668 1608 2739 6).
1637 2667 1704 2724 Et
1731 2667 1852 2724 ideo

254 2768 590 2824 nascentium
619 2775 839 2833 statum,
867 2765 1236 2838 generantium
1257 2762 1528 2820 voluntate
1547 2777 1655 2818 non
1681 2761 1804 2818 laedi
1831 2777 1849 2818 ε

251 2860 368 2932 quia
401 2859 506 2916 etsi
554 2859 692 2914 mala
722 2867 903 2920 esset.
939 2876 959 2911 ι
995 2857 1204 2928 inquis,
1255 2873 1276 2910 ‹
1306 2865 1485 2912 tamen
1525 2854 1594 2910 ad
1638 2853 1851 2909 illorum

250 2951 395 3007 nullo
422 2966 626 3021 genere
650 2950 928 3007 scientiam
954 2948 1276 3021 perveniret.
1309 2966 1330 3002 ι
1355 2947 1464 3004 Cur
1482 2960 1610 3018 ergo
1628 2960 1724 3003 eos
1743 2960 1852 3001 non

252 3045 500 3100 nominas
520 3045 716 3116 justos,
746 3045 792 3100 si
815 3043 1050 3115 perfecta
1079 3043 1378 3115 ignorantia
1396 3042 1618 3113 justitiae
1639 3043 1854 3100 nomine

251 3137 609 3208 nuncupanda
630 3137 753 3194 est?
774 3137 915 3192 Nihil
940 3146 1024 3193 est
1045 3150 1276 3206 namque
1298 3135 1584 3207 perfectius
1603 3135 1854 3205 ignoran-

252 3230 321 3284 tia
349 3229 698 3300 parvulorum
731 3247 747 3286 :
775 3229 906 3284 nihil
927 3243 1058 3300 ergo
1084 3235 1306 3284 vocetur
1328 3236 1383 3284 et
1400 3227 1618 3298 justius.
1649 3225 1746 3282 Ubi
1770 3237 1854 3283 est

252 3323 393 3394 quod
423 3323 675 3394 superius
697 3321 1045 3379 asserendum
1070 3321 1292 3394 putasti,
1325 3338 1344 3373 ι
1373 3319 1482 3376 Nec
1503 3320 1679 3390 justos
1704 3319 1855 3375 nasci

252 3415 527 3488 parvulos,
560 3430 659 3471 nec
689 3415 940 3485 injustas,
965 3413 1110 3486 quod
1137 3413 1302 3484 futuri
1327 3421 1454 3469 sunt
1475 3412 1681 3469 actibus
1707 3412 1851 3480 suis;

253 3507 347 3562 sed
376 3506 756 3561 tantummodo
781 3505 1058 3560 infantiam
1088 3505 1414 3561 innocentia;
1445 3503 1571 3560 dote
1611 3503 1856 3575 locuple-

255 3599 400 3654 tem?
429 3618 451 3651 ι
479 3599 563 3654 An
589 3614 695 3654 non
724 3599 884 3655 verba
910 3608 996 3654 tua
1021 3607 1166 3666 sunt,
1194 3597 1284 3654 ubi
1305 3597 1440 3653 dicis
1466 3615 1483 3653 :
1515 3616 1534 3650 ι
1561 3597 1734 3654 Homo
1760 3597 1857 3668 igi-

254 3702 342 3750 tur
369 3694 681 3750 innocentia
711 3693 926 3764 quidem
957 3693 1164 3764 plenus,
1196 3691 1293 3748 sed
1323 3691 1535 3746 virtutis
1563 3705 1730 3762 capax
1755 3706 1854 3747 na-

256 3789 442 3853 scitur,
474 3795 570 3841 aut
593 3784 803 3842 laudem
823 3827 838 3855 ,
867 3793 960 3840 aut
986 3782 1461 3855 reprehensionem
1489 3797 1555 3838 ex
1580 3781 1856 3853 proposito

255 3879 550 3936 accedente
576 3921 591 3946 ,
623 3880 948 3935 meriturus?
982 3898 1002 3932 ι
1037 3876 1305 3949 Numquid
1333 3877 1588 3932 virtutem
1616 3875 1857 3932 dicturus

257 3987 311 4027 es
333 3987 440 4027 non
473 3986 594 4028 esse
615 3972 914 4042 justitiam?
935 3971 1214 4041 Quomodo
1241 3971 1402 4043 igitur
1426 3971 1598 4026 infans
1621 3969 1856 4025 nondum

261 4065 454 4136 plenus
486 4074 571 4120 est
611 4065 845 4133 virtute,
876 4064 972 4121 sed
1007 4079 1173 4135 capax
1197 4105 1212 4128 ,
1243 4078 1364 4119 cum
1394 4064 1581 4133 plenus
1606 4063 1676 4118 sit
1702 4064 1855 4133 igno-

259 4157 453 4224 rantia,
487 4171 648 4228 quam
674 4155 806 4212 dicis
830 4171 950 4212 esse
975 4155 1271 4226 justitiam;
1298 4154 1402 4210 nisi
1431 4153 1676 4210 virtutem
1695 4168 1859 4226 neges

261 4264 384 4305 esse
409 4248 717 4319 justitiam?
742 4247 890 4304 ltane
917 4246 1153 4302 nondum
1180 4246 1455 4317 evigilabis
1484 4245 1586 4302 hac
1610 4245 1858 4301 absurdi-

260 4346 369 4394 tate
395 4353 701 4411 percussus,
735 4347 790 4394 et
809 4347 865 4394 te
893 4337 998 4394 hoc
1021 4339 1220 4395 dixisse
1247 4337 1566 4408 paenitebit?
1595 4337 1726 4392 Nam
1757 4337 1862 4393 Do-

262 4431 395 4484 mini
440 4429 604 4485 verba
636 4429 890 4501 vigilant,
928 4428 1020 4486 sed
1053 4438 1109 4484 tu
1154 4428 1378 4485 dormis.
1406 4427 1588 4500 Neque
1615 4427 1757 4484 enim
1787 4429 1862 4485 ait

262 4523 397 4593 regi,
432 4520 682 4578 Sciebam
725 4521 849 4592 quia
877 4536 972 4577 cor
999 4520 1167 4576 habes
1195 4520 1397 4591 justum
1425 4536 1442 4587 ;
1476 4530 1588 4586 aut,
1618 4521 1740 4591 quia
1767 4535 1863 4576 cor

265 4615 431 4671 habes
456 4615 712 4670 mundum
747 4633 760 4670 :
796 4630 918 4670 cum
949 4615 1206 4684 scriptum
1233 4614 1336 4682 sit,
1373 4613 1519 4668 Beati
1558 4614 1642 4683 qui
1671 4613 1861 4668 mundo

263 4717 380 4764 sunt
408 4709 584 4775 corde,
616 4711 855 4778 quoniam
882 4707 981 4777 ipsi
1003 4705 1170 4761 Deum
1195 4706 1431 4761 uidebunt
1460 4705 1670 4777 (Matth.
1701 4722 1753 4773 v,
1780 4705 1858 4776 8).

265 4798 343 4855 Tu
370 4807 552 4855 autem
594 4800 752 4854 istum
783 4797 1091 4854 Ahimelech
1128 4797 1195 4853 ad
1226 4798 1517 4866 peccatoris
1551 4799 1571 4829 ²
1612 4797 1864 4868 praponis

267 4892 595 4961 exemplum.
623 4890 751 4955 Sed,
799 4890 1049 4956 sciebant,
1093 4889 1266 4960 inquit
1291 4890 1432 4945 Dens
1451 4930 1467 4956 ,
1494 4891 1614 4962 quia
1640 4891 1692 4944 in
1714 4889 1865 4945 corde

266 4984 452 5038 mundo
486 4982 649 5053 fecisti
689 4981 804 5035 hoc.
835 4980 951 5036 Non
985 4981 1195 5049 omnia,
1234 4981 1316 5036 vel
1344 4995 1694 5052 quaecumque
1723 4980 1858 5046 alia;

267 5077 360 5132 sed
409 5076 538 5143 hoc,
583 5075 638 5130 in
684 5089 789 5146 quo
825 5072 1076 5129 adulterii
1121 5073 1504 5129 conscientiam
1547 5087 1655 5129 non
1700 5071 1866 5128 habe-

267 5166 378 5222 bat.
871 5210 874 5212 η

339 5259 429 5316 57.
459 5257 624 5314 Μῐτοιυ
649 5266 827 5314 tamen
853 5255 996 5329 quod
1021 5257 1124 5312 isto
1147 5256 1393 5328 exemplo
1412 5271 1442 5311 a
1469 5263 1522 5312 te
1542 5271 1868 5314 commemo-

269 5363 384 5408 rato
407 5395 424 5422 ,
455 5351 600 5424 quod
634 5369 738 5408 non
785 5361 938 5423 potes
964 5394 980 5419 ,
1006 5351 1222 5407 conaris
1261 5349 1510 5418 efficere;
1554 5359 1610 5406 et
1647 5366 1754 5406 non
1794 5351 1869 5408 ibi

268 5445 416 5502 vides
444 5443 591 5518 quod
621 5460 726 5500 non
751 5445 833 5500 vis
861 5443 1046 5499 audire
1075 5443 1118 5498 ³.
1150 5443 1376 5499 Conaris
1410 5442 1553 5499 enim
1596 5451 1655 5497 ut
1679 5442 1869 5498 creda-

279 5544 380 5605 tur,
412 5546 602 5593 orante
631 5537 924 5603 Abraham,
952 5536 1118 5592 libido
1141 5537 1350 5592 reddita
1375 5551 1496 5593 esse
1533 5536 1866 5606 mulieribus,

273 5633 395 5704 quia
418 5632 678 5704 scriptum
705 5641 807 5700 est,
842 5629 1167 5688 Concluserat
1191 5629 1331 5687 Deus
1356 5630 1517 5706 aforis
1536 5647 1734 5688 onmem
1754 5631 1871 5689 uul-

337 5811 354 5875 ξ
390 5813 471 5875 Hic
491 5809 621 5874 apud
640 5815 749 5861 ιον.
775 5812 1006 5862 omissum
1030 5817 1124 5875 est,
1151 5810 1312 5866 malis.

335 5873 362 5939 ξ
390 5873 707 5924 Flos-iacensis
728 5881 829 5939 his,
855 5873 1144 5939 peceatores,

339 5935 363 5970 ³
392 5940 443 5987 In
462 5943 598 5998 ιω..
618 5937 747 6000 quod
766 5935 866 5990 nou'
882 5937 1024 5990 vultis
1040 5936 1233 5990 audire.

1607 426 1817 488 LIBER
1852 427 2176 490 TERTIUS.

3438 424 3547 486 721

1960 561 2076 601 eam
2099 546 2152 601 in
2178 546 2329 602 domo
2351 545 2660 612 Abimelech,
2686 552 2892 618 propter
2911 544 3127 604 Sarram
3145 562 3356 603 uxorem
3383 547 3550 604 Abra-

1957 639 2038 694 qu
2063 637 2234 711 (Gen.
2262 655 2355 704 xx,
2387 639 2500 709 18).
2543 639 2692 694 Hanc
2732 639 2875 696 enim
2914 639 3310 697 conclusionem
3347 641 3426 697 sic
3466 642 3549 697 vis

1958 732 2205 804 intelligi,
2244 741 2496 802 tanquam
2525 731 2688 788 libido
2711 732 2872 789 fuerit
2899 733 3006 789 illis
3031 733 3241 789 feminis
3270 734 3382 789 Deo
3411 733 3551 789 indi-

1955 833 2152 894 gnante
2175 822 2412 879 detracta
2444 843 2456 879 :
2483 839 2602 880 cum
2638 825 2806 894 magis
2832 824 3093 880 indicetur
3117 825 3200 880 his
3225 825 3423 892 verbis,
3447 825 3551 881 ali-

1957 931 2062 987 qua
2086 917 2390 973 valetudine
2417 917 2574 971 vulva
2607 917 2859 972 conclusa
2883 957 2896 982 ,
2937 927 2998 972 ut
3037 926 3128 972 aut
3165 917 3552 988 impregnanda

1955 1007 2316 1064 concumbere
2341 1006 2557 1074 femina,
2587 1017 2678 1064 aut
2707 1023 2898 1080 parere
2925 1008 3268 1080 imprazgnata
3298 1023 3401 1064 non
3426 1023 3549 1080 pos~

1958 1109 2041 1156 set
2071 1118 2085 1155 :
2116 1108 2173 1156 et
2198 1115 2304 1155 non
2331 1100 2609 1157 attendisti
2633 1142 2648 1167 ,
2691 1101 2853 1156 homo
2884 1101 2971 1172 qui
2999 1115 3105 1155 non
3132 1101 3210 1156 vis
3234 1100 3435 1172 judicio
3465 1101 3548 1156 dis

1956 1191 2082 1246 vino
2119 1206 2439 1264 quemquam
2463 1234 2481 1260 ,
2511 1208 2618 1248 non
2658 1193 2800 1260 suis,
2837 1193 2932 1247 sed
2971 1192 3160 1249 alienis
3199 1193 3353 1264 plecti
3393 1208 3554 1263 posse

1957 1283 2216 1354 peccatis,
2241 1283 2511 1354 quomodo
2538 1283 2652 1339 ﬁeri
2677 1283 2911 1355 potuerit
2938 1292 2994 1339 ut
3019 1283 3332 1339 Abimelech
3362 1299 3552 1355 pecca-

1957 1383 2063 1443 ret,
2093 1375 2339 1446 quamvis
2365 1391 2465 1433 nec
2491 1377 2606 1448 ipse
2632 1376 2934 1434 adulterino
2958 1376 3122 1433 corde
3147 1378 3468 1448 peccaverit,
3496 1387 3554 1435 et

1958 1470 2101 1526 Deus
2128 1471 2675 1542 quantulumcumque
2701 1482 2977 1542 peccatum
3011 1472 3128 1541 ejus
3160 1473 3213 1528 in
3240 1471 3552 1528 mulieribus

1956 1562 2026 1619 ad
2050 1577 2173 1618 eum
2209 1563 2599 1634 pertinentibus
2629 1564 2941 1619 vindicaret.
2984 1562 3148 1619 Vides
3173 1563 3550 1636 contagionem

1960 1656 2188 1713 transire
2215 1657 2420 1727 peccati
2445 1657 2514 1713 de
2540 1658 2657 1712 viro
2699 1657 2752 1712 in
2785 1656 3030 1724 feminas,
3061 1657 3253 1729 quibus
3281 1657 3550 1714 misceba-

1958 1759 2065 1828 tur,
2097 1751 2184 1807 vel
2207 1751 2401 1822 quibus
2429 1750 2839 1818 dominabatur;
2869 1752 3002 1808 etin
3031 1751 3236 1823 prolem
3263 1751 3330 1807 de
3355 1767 3551 1822 paren-

1957 1841 2097 1898 tibus
2120 1857 2226 1898 non
2256 1843 2358 1912 vis,
2387 1858 2453 1899 ex
2473 1859 2701 1914 quorum
2725 1843 3016 1900 seminibus
3043 1851 3382 1914 propagatur.
3409 1842 3553 1899 Con-

1957 1935 2134 1992 sidera
2161 1936 2322 2007 igitur
2344 1978 2359 2004 ,
2387 1952 2547 2008 quam
2573 1937 2644 1992 sit
2669 1937 3029 1993 inscrutabilis
3065 1936 3291 1994 altitudo
3319 1937 3552 2008 judicio-

1955 2045 2076 2087 rum
2119 2031 2396 2102 sapientiae
2435 2039 2492 2087 et
2532 2031 2772 2087 scientiae
2812 2031 2909 2086 Dei
2942 2031 3132 2104 (Rom.
3175 2047 3262 2098 xi,
3303 2031 3452 2102 33);
3494 2043 3555 2090 et

1958 2123 2165 2197 garrire
2193 2123 2381 2180 desine
2409 2132 2597 2180 contra
2621 2124 2898 2196 originalis
2923 2135 3131 2181 secreta
3158 2125 3384 2195 peccati.

2027 2214 2258 2272 CAPUT
2295 2215 2415 2271 XX.
2454 2246 2526 2258 -—
2553 2216 2643 2272 '58.
2695 2216 2898 2272 Deinde
2939 2217 3128 2286 incipis
3169 2216 3442 2288 disputare
3482 2217 3555 2274 de

1956 2322 2181 2364 excessu
2204 2310 2672 2380 concupiscentiae,
2695 2325 2854 2380 quem
2877 2309 3352 2380 reprehensibilem
3374 2310 3510 2366 dicis
3533 2327 3551 2366 :

1956 2401 2106 2470 quasi
2133 2400 2185 2456 in
2215 2400 2333 2470 ejus
2359 2400 2746 2468 moderatione,
2775 2416 2896 2456 cum
2926 2416 2988 2456 ea
3009 2402 3148 2457 bene
3172 2402 3337 2456 utitur
3363 2402 3553 2472 conju-

1957 2501 2132 2564 galus,
2179 2508 2350 2564 equus
2392 2493 2507 2563 ipse
2535 2495 2624 2564 qui
2669 2494 2844 2549 malus
2884 2503 3006 2562 est,
3052 2503 3107 2551 et
3135 2510 3242 2551 non
3274 2497 3450 2566 potius
3483 2497 3555 2552 sit

1959 2586 2078 2656 ejus
2105 2588 2286 2659 auriga
2316 2586 2617 2644 laudandus
2644 2587 2742 2660 (a).
2775 2588 2914 2655 Quid
2951 2603 3080 2660 ergo
3107 2597 3159 2644 te
3194 2588 3448 2660 adjuvant
3473 2599 3554 2646 te-

1957 2679 2208 2735 stimonia
2235 2679 2305 2736 de
2341 2679 2666 2751 Scripturis,
2710 2681 2902 2751 quibus
2941 2681 3263 2748 ostenditur,
3295 2681 3552 2752 quemad-

1956 2771 2176 2827 modum
2203 2773 2346 2827 Deus
2373 2773 2460 2828 vel
2506 2771 2788 2843 prohibeat
2824 2771 3057 2828 libidinis
3095 2772 3178 2828 vel
3208 2773 3427 2828 damnet
3453 2788 3552 2828 ex-

1958 2877 2191 2920 cessum.
2222 2862 2356 2920 lllud
2383 2864 2559 2934 potius
2584 2865 2811 2930 intuere,
2839 2863 3096 2934 quidquid
3122 2864 3174 2918 in
3195 2863 3555 2934 quorumlibet

1957 2958 2280 3026 ﬂagitiorum
2330 2956 2700 3027 turpitudine,
2751 2971 2872 3028 quas
2916 2957 3240 3027 genitalibus
3295 2954 3555 3011 membris

1957 3061 2321 3124 perpetretur,
2352 3050 2639 3106 horremus
2664 3091 2681 3116 ,
2707 3049 3195 3120 concupiscentiam
3224 3049 3421 3113 carnis,
3449 3048 3555 3105 nisi

1959 3150 2226 3208 teneatur,
2257 3140 2475 3197 efﬁcere
2503 3141 2635 3211 ipsis
2663 3141 2897 3197 motibus
2919 3140 3050 3208 suis,
3083 3155 3218 3212 quos
3242 3140 3293 3195 in
3315 3140 3558 3210 corpori-

1959 3233 2060 3290 bus
2079 3235 2238 3290 etiam
2261 3241 2529 3289 castorum
2551 3247 2719 3304 usque
2737 3233 2804 3289 ad
2827 3233 3280 3304 ingetuiscendum
3307 3231 3554 3289 eﬂ'ectum

1961 3315 2208 3398 perducit
2232 3326 2286 3380 in
2313 3329 2540 3381 somnis.

2030 3415 2122 3474 39.
2155 3416 2246 3472 Sic
2271 3425 2449 3472 autem
2473 3415 2630 3484 dicis,
2666 3434 2686 3469 ‹
2715 3418 2832 3485 Qua
2854 3416 3064 3473 ratione
3090 3425 3358 3488 quaereret
3380 3416 3555 3487 justos

1959 3513 2018 3570 in
2045 3511 2294 3569 Sodomis
2324 3512 2468 3569 Deus
2494 3510 2658 3584 (Gen.
2685 3525 2831 3578 xvnn
2873 3511 2994 3582 26),
3022 3511 3068 3566 si
3095 3511 3218 3566 illos
3247 3511 3382 3568 tales
3405 3512 3421 3544 ⁸
3453 3525 3556 3568 na-

1960 3611 2081 3659 tura
2110 3602 2372 3660 faciebat?
2400 3623 2420 3657 ›
2451 3611 2702 3674 tanquam
2727 3618 2827 3659 nos
2854 3602 3095 3658 dicamus
3111 3643 3128 3668 ,
3149 3603 3344 3660 mentis
3371 3602 3557 3659 excel-

1960 3697 2192 3754 lentiore
2237 3706 2424 3753 natura
2475 3697 2969 3767 concupiscentiam
3020 3695 3198 3751 carnis
3245 3709 3353 3750 non
3397 3711 3559 3766 posse

1961 3787 2183 3844 frenari.
2210 3787 2316 3845 Sed
2345 3787 2597 3853 dicimus,
2624 3801 2794 3857 usque
2816 3785 2954 3843 adeo
2987 3786 3188 3842 malum
3215 3801 3356 3852 esse,
3385 3793 3443 3840 ut
3465 3800 3558 3842 re-

1961 3894 2208 3950 pugnans
2236 3877 2594 3951 expugnando
2621 3878 2887 3946 vincatur,
2918 3878 3090 3934 donec
3117 3877 3257 3935 sicut
3286 3877 3474 3934 vulnus
3502 3877 3559 3934 in

1961 3985 2208 4041 corpore,
2240 3969 2313 4026 ita
2339 3969 2574 4041 perfecta
2601 3971 2877 4026 curatione
2908 3980 3146 4026 sanetur.

2034 4062 2126 4116 40.
2158 4060 2215 4116 Si
2258 4071 2440 4117 autem
2471 4069 2646 4132 putas,
2686 4080 2706 4114 ι
2729 4062 3046 4132 Apostolum
3071 4077 3138 4119 ex
3173 4061 3278 4118 hoc
3314 4060 3561 4118 laudasse

1964 4152 2274 4219 libidinem,
2307 4153 2431 4224 quia
2466 4167 2620 4208 usum
2658 4151 2872 4208 femina:
2901 4153 3036 4207 dixit
3073 4167 3194 4210 esse
3231 4153 3557 4218 naturalem,

1965 4245 2057 4301 ubi
2083 4246 2177 4312 ait,
2205 4244 2476 4316 ;quosdam
2504 4244 2694 4300 relicto
2719 4244 2944 4300 naturali
2992 4260 3091 4300 usu
3135 4243 3366 4311 feminae,
3393 4259 3560 4300 exar-

1965 4337 2102 4392 sisse
2131 4337 2185 4392 in
2211 4336 2504 4408 appetitum
2532 4351 2690 4392 suum
2720 4337 2773 4391 in
2806 4336 3031 4391 invicem
3069 4355 3090 4388 ι
3117 4335 3300 4406 (Rom.
3333 4351 3373 4403 ι,
3402 4334 3508 4407 27)
3541 4351 3556 4391 :

1966 4443 2183 4484 omnem
2225 4428 2468 4499 profecto
2496 4441 2652 4483 usum
2689 4427 2902 4484 femina:
2937 4425 3154 4482 laudare
3181 4426 3558 4498 compelleris;

1966 4537 2030 4579 ac
2054 4537 2152 4595 per
2177 4521 2281 4578 hoc
2302 4530 2357 4576 et
2382 4536 2442 4576 ca
2473 4537 2591 4592 qua:
2619 4535 2740 4576 cum
2767 4520 2982 4576 fel‘ninis
3017 4520 3422 4575 committuntur
3444 4528 3562 4574 stu-

1969 4630 2062 4686 pra
2092 4613 2353 4681 laudabis,
2384 4614 2506 4684 quia
2537 4622 2592 4668 et
2633 4612 2741 4668 illic
2780 4626 2907 4667 usus
2935 4612 3119 4683 utique
3143 4611 3401 4666 naturalis
3439 4621 3560 4668 est:

1968 4707 2210 4779 quamvis
2236 4705 2592 4772 damnandus,
2621 4704 2745 4775 quia
2771 4703 3036 4772 legitimus
3061 4718 3169 4758 non
3198 4711 3316 4769 est;
3345 4701 3486 4759 unde
3509 4712 3567 4760 et

1971 4799 2066 4853 lilii
2103 4813 2212 4854 non
2257 4797 2512 4868 legitimi,
2551 4795 2648 4852 sed
2676 4795 2947 4851 naturales
2976 4803 3267 4862 vocantur,
3309 4795 3398 4866 qui
3439 4794 3567 4854 inde

1970 4901 2286 4947 nascuntur.
2328 4889 2447 4944 Non
2490 4889 2670 4959 itaque
2706 4888 3194 4959 concupiscentiam
3253 4889 3431 4945 carnis
3473 4889 3566 4946 illo

1969 4985 2137 5040 verbo
2176 4982 2412 5039 laudavit
2455 4981 2746 5053 Apostolus
2778 4999 2791 5036 :
2826 4980 2921 5037 sed
2951 4982 3248 5038 naturalem
3278 4981 3568 5054 appellavit

1971 5093 2127 5134 usum
2149 5118 2166 5144 ,
2201 5074 2346 5132 unde
2374 5082 2564 5130 natura
2605 5071 2837 5130 humana
2873 5081 3051 5145 potest
3090 5073 3362 5132 nascendo
3385 5073 3568 5131 subsi-

1968 5177 2132 5227 stere.

2043 5263 2132 5318 si.
2182 5260 2324 5316 Dicis
2346 5301 2364 5329 ,
2415 5277 2436 5311 ε
2464 5258 2628 5316 etiam
2657 5257 2967 5314 Sodomitas
2993 5259 3130 5316 etin
3171 5260 3324 5331 panis
3350 5272 3415 5314 ac
3451 5257 3567 5312 vini

1973 5366 2228 5426 peccasse
2254 5359 2499 5408 creatura
2529 5369 2544 5406 :
2583 5368 2603 5403 ι
2639 5359 2798 5422 atque
2824 5350 2898 5406 ita
2943 5351 3022 5406 vis
3060 5350 3416 5420 intelligamus
3440 5349 3572 5404 libi-

1973 5446 2153 5502 dinem
2179 5446 2398 5514 bonam,
2422 5443 2516 5500 sed
2545 5442 2791 5500 homines
2814 5443 2906 5514 qui
2925 5458 2988 5498 ea
3012 5442 3153 5498 male
3178 5450 3416 5508 utuntur,
3445 5456 3568 5499 esse

1974 5537 2298 5608 culpabiles;
2344 5536 2485 5591 sicut
2525 5534 2666 5590 bona
2711 5544 2796 5591 est
2838 5541 3082 5590 creatura
3123 5533 3278 5604 panis
3319 5540 3374 5588 et
3415 5531 3564 5602 vini,

1975 5629 2220 5703 quamvis
2246 5643 2312 5685 ea
2351 5628 2491 5685 male
2530 5627 2728 5684 utendo
2758 5636 3026 5698 peccetur.
3056 5625 3134 5681 Ita
3159 5625 3302 5682 enim
3342 5640 3450 5682 non
3478 5625 3568 5682 in-

2041 5809 2061 5842 ι
2093 5815 2204 5860 Lov.
2224 5842 2242 5870 ,
2265 5815 2412 5868 Deus,
2451 5805 2547 5858 nisi
2591 5803 2742 5866 tates;
2784 5801 3140 5868 refragantibus
3177 5801 3323 5853 editis
3364 5799 3472 5861 aliis
3496 5807 3549 5854 et

1977 5878 2117 5999 κδῗὰ)
2149 5931 2325 5985 alludit
2340 5932 2400 5983 ad
2424 5931 2574 5983 verba
2593 5929 2826 5982 ambrosii
2846 5941 2994 5995 supra
3011 5929 3173 5991 citata,
3195 5937 3248 5977 ιι.
3274 5925 3351 5981 12.
