4038 6468
501 553 700 632 telligis
719 555 850 630 quid
874 551 1128 634 loquaris,
1159 563 1218 609 ut
1239 568 1345 609 non
1376 551 1576 619 videas,
1609 561 1906 607 creaturam
1933 545 2085 622 panis

501 661 558 708 et
607 649 720 706 vini
769 663 874 704 non
927 647 1308 719 concupiscere
1350 645 1610 702 adversus
1657 645 1941 716 spiritum,
1993 645 2086 700 sed

503 744 674 815 ipsam
702 741 877 812 potius
921 741 1203 795 inhoneste
1229 754 1261 794 a
1289 739 1428 794 male
1454 735 1721 794 utentibus
1747 736 2047 807 concupisci
2070 779 2084 801 ,

502 846 559 894 et
575 851 692 893 eam
714 833 1008 890 forinsecus
1029 832 1084 888 in
1107 841 1347 888 nostrum
1370 846 1567 903 corpus
1588 832 1808 886 intrare.
1833 829 1943 898 Qua
1967 827 2087 884 ideo

501 930 714 1002 parcius
748 937 802 984 et
828 929 1128 985 restrictius
1154 936 1238 983 est
1280 927 1568 994 utendum,
1607 937 1675 981 ne
1718 924 1832 995 ipsa
1878 939 2087 995 quoque

499 1019 966 1091 concupiscentia,
1006 1017 1149 1090 quod
1188 1017 1386 1073 malum
1431 1019 1573 1072 intus
1613 1031 1674 1071 ac
1700 1025 1940 1071 nostrum
1967 1024 2084 1082 est,

485 1107 739 1168 mentem
768 1111 1099 1181 corruptibili
1129 1125 1354 1181 corpore
1391 1125 1459 1165 ex
1494 1105 1880 1162 abundantiore
1917 1115 2088 1162 mate-

498 1203 578 1266 ria
601 1204 770 1259 multo
792 1202 1019 1273 amplius
1039 1209 1377 1272 aggravante,
1406 1199 1662 1256 adversus
1685 1213 1780 1254 nos
1802 1198 2089 1254 vehemen-

499 1297 604 1351 tius
633 1305 688 1351 et
713 1294 959 1351 invictius
988 1295 1299 1350 concitetur.
1329 1291 1441 1347 Hoc
1463 1293 1622 1363 igitur
1651 1291 1812 1356 malo,
1842 1291 1980 1361 quod
2010 1291 2088 1345 in-

498 1387 644 1443 dicat
681 1385 878 1442 malum
922 1401 1040 1441 esse
1063 1427 1078 1452 ,
1121 1385 1232 1440 sive
1275 1385 1363 1455 qui
1394 1383 1648 1438 adversus
1677 1381 1803 1437 illud
1834 1381 2084 1450 dimicat,

498 1481 614 1536 sive
644 1495 798 1551 quem
828 1477 1105 1550 subjugat;
1136 1489 1188 1533 et
1217 1491 1412 1547 parens
1445 1477 1580 1531 bene
1611 1474 1808 1541 utitur,
1839 1490 1959 1530 cum
1989 1489 2090 1544 pu-

499 1572 620 1629 dice
663 1571 832 1627 ﬁlium
859 1571 1060 1644 gignit;
1093 1579 1148 1627 et
1185 1569 1348 1636 Deus,
1389 1585 1509 1625 cum
1555 1566 1773 1639 provide
1818 1568 2086 1624 hominem

497 1663 699 1720 cendit.

570 1755 798 1812 CAPUT
827 1753 1047 1809 ΧΧ1.--
1065 1753 1154 1809 42.
1182 1752 1332 1808 Nunc
1360 1765 1489 1823 ergo
1519 1750 1820 1818 considera,
1843 1767 1972 1824 rogo
2001 1759 2087 1818 te;

497 1853 664 1912 nunc,
689 1847 924 1916 inquam,
945 1853 1006 1900 ut
1033 1851 1084 1900 te
1107 1843 1395 1899 salubriter
1416 1841 1612 1898 veritas
1631 1843 1824 1909 vincat,
1849 1842 2090 1912 deposita

495 1937 748 1994 vincendi
775 1937 1066 2009 cupiditate
1093 1936 1405 2002 considera,
1434 1941 1614 1990 utrum
1645 1944 1860 2002 nostrae,
1890 1949 1955 1988 an
1985 1944 2090 1989 tua:

497 2032 784 2088 sententia:
825 2031 1026 2086 debeas
1051 2029 1410 2101 acquiescere.
1438 2029 1604 2098 Bene,
1632 2030 1776 2101 quod
1809 2049 1828 2084 ι
1856 2031 2090 2088 breviter

497 2123 791 2179 admonere
834 2131 885 2178 te
913 2141 932 2175 ι
965 2122 1139 2188 dicis,
1187 2138 1207 2174 ‹
1234 2129 1294 2176 ut
1340 2121 1556 2178 lectoris
1601 2123 1804 2193 pectori
1851 2122 2086 2193 haereat,

493 2216 642 2289 qm
669 2225 780 2272 toto
810 2216 945 2271 libro
974 2218 1071 2272 abs
1099 2226 1151 2272 te
1189 2224 1396 2286 gestum
1427 2225 1527 2272 est.
1559 2231 1579 2269 ι
1611 2218 1680 2272 Ει
1707 2234 1824 2288 qum
1869 2220 1938 2274 sit
1975 2219 2088 2290 ipsa

491 2309 677 2366 brevis
704 2308 1018 2374 admonitio,
1047 2306 1390 2364 subinl‘erens
1418 2325 1432 2363 :
1467 2325 1487 2360 σ
1510 2307 1969 2379 Concupiscentim
1994 2326 2089 2370 m-

491 2402 680 2459 turalis
717 2403 806 2473 qui
836 2402 1054 2458 modum
1085 2409 1264 2467 tenet,
1299 2413 1319 2453 ι
1355 2401 1548 2472 inquis,
1587 2420 1606 2455 ι
1634 2401 1776 2458 bono
1807 2404 1943 2460 bene
1984 2405 2089 2461 uti-

491 2502 616 2561 tur;
647 2495 736 2572 qui
781 2495 998 2550 modum
1042 2507 1147 2550 non
1181 2502 1348 2562 tenet,
1382 2494 1524 2550 bono
1570 2497 1712 2551 male
1743 2497 1908 2553 utitur
1938 2515 1952 2552 :
1994 2501 2086 2570 qui

489 2595 670 2642 autem
691 2573 853 2642 etiam
876 2588 1047 2658 ipsum
1070 2586 1313 2656 modum,
1339 2597 1540 2643 saneta:
1558 2589 1874 2660 virginitatis
1904 2605 2088 2650 amore

495 2680 938 2750 contempserit,
964 2679 1106 2735 bono
1148 2679 1341 2734 melius
1382 2694 1486 2734 non
1525 2679 1721 2745 utitur;
1763 2679 2086 2739 conlidentia

489 2773 691 2844 quippe
716 2787 826 2828 suae
855 2773 1065 2841 salutis,
1100 2791 1120 2826 ι
1153 2771 1347 2844 inquis,
1383 2791 1402 2824 ‹
1427 2781 1481 2829 et
1507 2769 1734 2838 roboris,
1767 2776 2088 2845 contempsit

496 2865 755 2933 remedia,
780 2873 834 2920 ut
860 2865 1090 2936 gloriosa
1119 2873 1299 2935 posset
1317 2877 1567 2921 exercere
1587 2867 1897 2923 certamina.
1929 2887 1946 2920 ι
1973 2867 2086 2941 Ego

497 2971 628 3024 vero
657 2958 734 3012 sic
759 2957 825 3012 ad
853 2967 941 3012 tua
972 2957 1072 3011 ista
1098 2957 1398 3026 reapondeo
1433 2976 1448 3012 :
1483 2949 1940 3036 Concupiscentia:
1964 2975 2084 3016 car-

499 3048 638 3103 nalis
661 3050 750 3118 qui
773 3049 989 3102 modum
1014 3058 1179 3114 tenet,
1204 3049 1344 3103 maio
1365 3049 1501 3104 bene
1529 3049 1718 3118 utitur;
1747 3051 1838 3122 qui
1868 3051 2083 3109 modum

497 3155 606 3196 non
637 3150 802 3208 tenet,
831 3141 973 3196 malo
1002 3141 1141 3197 male
1165 3142 1334 3197 utitur
1359 3159 1374 3196 :
1403 3141 1492 3214 qui
1519 3154 1696 3199 autem
1723 3147 1879 3200 etiam
1911 3147 2084 3217 ipsum

497 3231 738 3300 modum,
761 3242 961 3289 sanctzc
982 3232 1300 3304 virginitatis
1321 3241 1504 3291 amore
1523 3239 1922 3309 contempserit,
1941 3240 2084 3296 malo

494 3325 689 3380 melius
735 3341 840 3380 non
873 3327 1070 3391 utitur;
1103 3326 1423 3382 conﬁdentia
1451 3327 1646 3400 quippe
1689 3328 1880 3385 divina:
1905 3333 2085 3403 opitu~

482 3415 710 3473 lationis
740 3424 794 3472 et
823 3419 1062 3472 muneris
1105 3419 1428 3488 contempsit
1467 3419 1648 3476 inﬁma
1678 3419 1695 3452 ¹
1725 3422 1959 3477 remedia
1981 3465 1995 3492 ,
2027 3434 2086 3478 ut

485 3507 804 3580 gloriosiora
845 3518 1029 3580 posset
1065 3525 1322 3566 exercere
1362 3512 1672 3568 certamina.
1725 3514 1779 3567 In
1809 3511 1909 3569 hac
1955 3523 2083 3570 con-

489 3603 756 3657 troversia
787 3601 856 3656 de
882 3601 1020 3656 bene
1047 3602 1246 3656 utendo
1277 3603 1401 3670 isto,
1432 3611 1612 3659 utrum
1641 3604 1783 3658 bono
1807 3619 1874 3659 an
1901 3607 2079 3676 malo,

489 3698 606 3748 tota
653 3692 791 3748 inter
819 3705 917 3747 nos
956 3705 1116 3747 causa
1141 3701 1404 3748 versatur.
1433 3693 1492 3749 In
1516 3709 1618 3765 qua
1644 3693 1836 3752 vellem
1867 3697 2080 3769 quidem

485 3783 737 3856 egregios
759 3783 965 3853 judices
995 3797 1101 3837 non
1127 3784 1456 3853 repudiares,
1481 3799 1616 3856 quos
1640 3783 1736 3842 tibi
1765 3789 1899 3843 meis
1924 3803 2082 3860 supe-

489 3877 727 3934 rioribus
755 3876 904 3932 libris
932 3889 1061 3931 sana
1087 3876 1328 3934 doctrina
1352 3877 1610 3946 eruditos,
1637 3879 1753 3936 sine
1773 3876 1882 3937 ullo
1904 3877 2081 3938 studio

491 3971 723 4043 partium
752 3971 817 4024 de
845 3969 944 4025 hac
985 3982 1146 4026 causa
1178 3969 1473 4028 sententias
1508 3969 1791 4043 protulisse
1817 3985 2080 4033 monstra-

489 4061 566 4117 vi.
595 4054 704 4117 Sed
729 4063 1003 4132 quoniam,
1037 4062 1082 4118 si
1109 4070 1161 4118 te
1187 4077 1292 4118 non
1321 4066 1643 4133 correxeris,
1687 4066 1922 4137 ipsorum
1950 4085 2082 4139 quo-

486 4169 598 4227 que
623 4159 1038 4221 accusationem,
1069 4156 1175 4224 vel,
1205 4164 1267 4212 ut
1294 4157 1473 4212 mitius
1502 4157 1753 4228 dixerim,
1782 4159 2079 4231 reprehen-

487 4249 698 4305 sionem
727 4249 844 4304 sine
870 4241 1034 4304 dubio
1065 4247 1423 4319 prmparabls;
1455 4257 1505 4306 te
1527 4247 1706 4322 potius
1731 4261 1851 4308 utar
1875 4253 2076 4323 judice,

486 4345 588 4412 pro
611 4351 731 4396 mea
759 4342 1020 4396 sententia
1044 4349 1229 4396 contra
1253 4350 1394 4396 tuam
1421 4359 1436 4397 :
1458 4357 1566 4397 non
1592 4343 1784 4399 alicubi
1815 4346 1962 4413 alibi,
1986 4338 2080 4403 sed

485 4434 542 4490 in
571 4433 760 4490 eodem
795 4431 934 4488 libro
957 4440 1079 4499 ttto;
1113 4449 1212 4490 nec
1238 4433 1354 4504 ejus
1387 4435 1514 4502 alio,
1542 4433 1634 4492 sed
1661 4437 1777 4508 ipso
1803 4431 1945 4496 ioco.
1985 4439 2078 4495 Di-

483 4526 612 4582 xisti
652 4527 818 4593 enim,
871 4541 894 4579 ι
925 4535 1166 4581 sanctam
1209 4522 1566 4597 virginitatem
1606 4527 1922 4584 confidentia
1967 4539 2078 4588 suae

486 4618 677 4675 salutis
706 4629 758 4675 et
782 4619 998 4675 roboris
1035 4619 1425 4690 contempsisse
1467 4621 1736 4689 remedia,
1767 4631 1824 4678 ut
1849 4623 2078 4694 gloriosa

485 4715 670 4782 posset
692 4721 944 4765 exercere
965 4710 1276 4766 certamina.
1303 4729 1322 4763 ι
1345 4708 1538 4779 Quaero
1557 4727 1674 4783 qua:
1695 4712 1929 4768 remedia
1950 4729 2079 4770 con-

483 4801 794 4872 tempserit.
823 4800 1215 4872 Respondebis,
1245 4799 1488 4872 Nuptias.
1519 4804 1731 4872 Quaero,
1764 4805 1868 4861 ista
1899 4821 2078 4863 reme-

484 4891 572 4948 dia
599 4897 785 4948 contra
811 4905 969 4963 quem
990 4891 1235 4948 morbum
1257 4902 1381 4950 sunt
1399 4895 1738 4950 necessaria?
1762 4895 2076 4954 Remedium

483 4985 689 5055 quippe
715 4990 745 5038 'a
775 4983 1060 5051 medendo,
1087 4981 1142 5039 id
1171 4994 1257 5041 est
1283 5001 1313 5040 a
1338 4986 1674 5056 medicando,
1707 4999 1901 5044 nomen
1927 5003 2080 5045 acce-

483 5079 587 5152 pit.
607 5078 778 5136 Simul
798 5079 976 5150 itaque
997 5076 1238 5135 videmus
1253 5077 1410 5135 ambo
1428 5080 1723 5136 remwium
1741 5084 2040 5150 nuptiarum
2058 5099 2075 5138 τ

488 5159 587 5231 cur
611 5184 666 5229 tu
698 5173 882 5228 laudas
913 5172 1145 5227 libidinis
1171 5173 1438 5241 morbum,
1477 5189 1584 5244 quo
1611 5175 1874 5244 perveniri
1903 5169 2078 5230 cernis

488 5267 558 5322 ad
587 5267 838 5334 mortem,
865 5267 910 5322 si
937 5273 1044 5321 non
1072 5266 1123 5322 ei
1149 5267 1367 5323 resistat
1392 5273 1479 5322 aut
1507 5269 1848 5324 continentiae
1877 5270 2077 5324 retina-

487 5357 689 5430 culum,
715 5369 802 5417 aut
823 5359 1103 5431 cenjugale
1123 5357 1420 5415 remedium
1440 5353 1466 5415 ?
1483 5353 1601 5416 Iam
1631 5351 1732 5417 hoc
1757 5370 1810 5416 et
1835 5357 2079 5431 superius

487 5457 575 5529 egi
615 5468 824 5521 tecum,
872 5452 960 5509 ubi
1007 5449 1358 5510 disertissime
1398 5446 1707 5526 pudicitiam
1748 5453 2078 5526 conjugalem

488 5552 632 5608 inter
677 5545 1015 5603 lascivientes
1054 5551 1108 5601 et
1150 5547 1486 5603 continentes
1531 5548 1601 5601 ita
1633 5548 1875 5617 posuisti,
1915 5566 1933 5600 ι
1963 5555 2078 5618 quat

491 5627 809 5699 Verecundis
837 5631 1082 5694 manibus
1110 5647 1164 5694 et
1190 5640 1437 5694 confovet
1462 5647 1748 5694 aestuantes
1773 5680 1786 5699 .
1821 5649 1874 5694 et
1899 5635 2080 5694 laudat

489 5735 588 5792 tali
629 5733 868 5790 remedio
913 5747 1018 5786 non
1063 5742 1303 5804 egentes.
1337 5753 1354 5785 ι
1387 5732 1587 5790 Eadem
1635 5734 1808 5804 itaque
1846 5742 2075 5804 repeto:

493 5826 683 5883 iterum
728 5817 851 5879 audi
881 5823 1022 5894 quod
1053 5821 1158 5878 illic
1203 5824 1293 5880 tibi
1341 5823 1573 5881 breviter
1614 5822 1952 5895 dilucideque
1989 5811 2076 5895 re:

561 5959 579 5989 ⁸
615 5953 780 6006 Plures
802 5951 930 6016 Μεθ’,
952 5951 1163 6014 inﬁrma.

1283 436 1556 494 CONTRA
1593 431 1930 493 JULlANUM
1971 421 2436 502 PELAGIANUM,
2482 435 2539 490 S.
2581 435 2951 492 AUGUSTINI

3675 439 3789 496 724

2199 549 2408 619 Spondi.
2462 571 2478 603 ι
2507 549 2728 618 Quando
2769 568 2867 622 ego
2906 554 3060 608 istam
3105 556 3592 627 concupiscentiam
3636 573 3788 615 mor-

2195 643 2322 697 bum
2348 653 2465 698 esse
2493 643 2630 710 dico,
2665 659 2828 714 quare
2872 653 2927 700 tu
2968 662 3151 717 negas,
3185 649 3272 717 qui
3307 659 3479 705 tamen
3512 649 3559 705 ei
3586 651 3784 708 neces-

2198 736 2392 791 Sarium
2425 738 2718 793 remedium
2749 739 3058 796 conﬁteris?
3093 740 3148 796 Si
3174 744 3418 813 agnoscis
3444 743 3741 801 remedium
3761 789 3780 812 ,

2197 843 2423 900 agnosce
2441 830 2719 886 morbum:
2745 829 2787 887 si
2813 847 2974 903 negas
3001 831 3266 902 morbum,
3300 852 3429 907 nega
3459 839 3784 895 remedium.

2192 919 2384 993 Rogo,
2425 923 2555 980 cede
2601 924 2887 996 aliquando
2931 927 3094 982 etiam
3125 943 3221 1000 per
3266 945 3328 984 os
3370 938 3519 986 tuum
3553 931 3646 987 tibi
3695 934 3782 988 lo-

2194 1015 2375 1084 quentl
2425 1017 2851 1072 verita!i:nemo
2901 1019 3144 1088 providet
3186 1020 3479 1078 remedium
3505 1023 3717 1080 sanitati
3752 1046 3773 1080 ›

2197 1105 2418 1177 (Supra,
2448 1124 2502 1162 η.
2531 1107 2650 1178 29).

2263 1199 2352 1253 45.
2393 1199 2521 1267 Quae
2557 1207 2683 1257 sunt
2727 1199 2905 1258 autem
2949 1212 3250 1259 sanctarum
3295 1205 3598 1278 virginum,
3644 1209 3787 1266 sicut

2194 1291 2458 1362 appellas,
2494 1309 2513 1344 ι
2547 1291 2776 1364 gloriosa
2802 1296 3093 1351 certamina
3123 1313 3138 1362 ;
3173 1316 3192 1349 ›
3228 1297 3330 1353 nisi
3374 1301 3495 1369 quia
3528 1317 3631 1355 non
3666 1303 3784 1355 vin-

2195 1391 2386 1438 cuntur
2427 1399 2455 1437 a
2488 1385 2661 1450 malo,
2707 1385 2800 1441 sed
2843 1387 3063 1443 vincunt
3105 1389 3157 1443 in
3185 1387 3327 1444 bono
3366 1390 3613 1445 malum?
3652 1393 3787 1461 Qua:

2195 1488 2301 1528 non
2345 1471 2574 1544 gloriosa
2592 1489 2710 1545 ego,
2734 1475 2828 1532 sed
2855 1477 3166 1548 gloriosiora
3194 1477 3371 1535 dicere
3393 1482 3573 1535 malui.
3603 1481 3780 1537 liabet

2195 1566 2338 1620 enim
2389 1566 2620 1637 palmam
2663 1568 2729 1623 de
2778 1567 2933 1640 hujus
2972 1571 3094 1626 mali
3135 1571 3494 1640 subjectione,
3539 1575 3785 1645 quamvis

2193 1659 2475 1725 minorem,
2509 1658 2760 1728 pudicitia
2791 1659 2950 1716 etiam
2982 1661 3296 1733 coniugalis.
3327 1662 3608 1734 Belligerat
3637 1667 3785 1720 enim

2194 1749 2352 1805 etiam
2397 1749 2508 1820 ipsa
2539 1760 2723 1806 contra
2753 1751 3020 1809 carnalem
3047 1755 3568 1824 concupiscentiam,
3600 1773 3668 1812 ne
3715 1759 3784 1813 li-

2175 1845 2351 1900 mites
2377 1847 2512 1900 thori
2544 1843 2794 1916 nuptialis
2835 1843 3056 1902 excedat
3093 1865 3106 1901 :
3141 1847 3447 1919 belligerat,
3493 1866 3559 1906 ne
3589 1850 3786 1907 deﬁni-

2193 1945 2304 1993 tum
2328 1954 2393 1993 ex
2418 1951 2683 1994 consensu
2711 1938 2991 2010 conjugum
3018 1940 3203 1996 orandi
3246 1951 3453 2013 tempus
3499 1941 3783 2016 irrumpat.

2195 2029 2263 2085 Et
2307 2031 2351 2086 si
2393 2037 2568 2087 tantas
2598 2027 2758 2106 _vires
2807 2032 2970 2088 habet
3015 2033 3114 2089 ista
3158 2033 3405 2104 pudicitia
3447 2036 3782 2108 conjugalis,

2195 2130 2505 2193 tantumque
2534 2121 2625 2178 Dei
2652 2122 2848 2178 donum
2871 2131 2974 2192 est,
3003 2133 3059 2180 ut
3081 2123 3236 2180 faciat
3264 2126 3403 2198 quod
3430 2128 3785 2196 praescribunt

2191 2213 2385 2268 tabulre
2429 2212 2846 2271 matrimoniales
2870 2257 2884 2281 ,
2927 2215 2980 2271 in
3015 2217 3132 2286 ipso
3160 2231 3371 2288 quoque
3408 2213 3562 2274 thoro
3596 2220 3786 2291 conju-

2193 2305 2296 2377 gali
2325 2303 2573 2362 conﬂictu
2601 2305 2821 2363 fortiore
2842 2301 3121 2379 belligerat
3139 2350 3153 2376 ,
3182 2325 3249 2364 ne
3273 2309 3406 2364 ultra
3432 2327 3592 2381 quam
3619 2329 3786 2382 gene-

2192 2397 2374 2452 randis
2401 2396 2522 2453 ﬁliis
2547 2403 2632 2452 sat
2655 2407 2737 2454 est
2759 2439 2774 2464 ,
2804 2398 2964 2454 etiam
2996 2397 3165 2471 ipsum
3195 2401 3438 2472 conjugis
3474 2417 3669 2473 corpus
3701 2414 3788 2458 at-

2195 2497 2402 2546 trectet.
2439 2489 2583 2546 Talis
2611 2488 2864 2561 pudicitia
2905 2506 3003 2546 nec
3034 2494 3396 2561 menstruatis,
3429 2509 3525 2549 nec
3548 2495 3786 2566 gravidis

2192 2582 2358 2638 utitur
2399 2581 2614 2638 feminis
2638 2625 2653 2650 ,
2697 2599 2795 2638 nec
2840 2583 2955 2654 ejus
2998 2585 3170 2639 aetatis
3200 2602 3302 2656 qua
3332 2594 3537 2642 certum
3574 2595 3657 2643 est
3686 2605 3786 2646 eas

2188 2671 2297 2744 jam
2324 2674 2607 2744 concipere
2637 2685 2741 2729 non
2763 2669 2941 2731 valere
2969 2693 2981 2728 :
3013 2691 3113 2731 nec
3130 2687 3247 2731 eam
3281 2693 3498 2748 prorsus
3518 2695 3785 2735 concum-

2182 2766 2354 2822 bendi
2389 2767 2553 2822 vincit
2580 2765 2835 2834 allectus,
2876 2767 2970 2823 sed
3003 2771 3127 2824 tunc
3164 2767 3434 2826 relaxatur
3455 2814 3470 2839 ,
3507 2787 3627 2827 cum
3659 2788 3788 2844 Spe-

2190 2865 2341 2914 ratur
2359 2856 2716 2929 generationis
2737 2858 2977 2914 eli‘ectus.
3001 2857 3057 2915 Si
3079 2859 3203 2930 quid
3226 2877 3353 2916 vero
3375 2861 3433 2916 ﬁt
3457 2863 3507 2916 in
3530 2865 3781 2938 conjuge,

2191 2963 2298 3006 non
2327 2951 2538 3022 quidem
2570 2961 2751 3005 contra
2782 2961 3055 3021 naturam,
3087 2951 3178 3009 sed
3211 2963 3386 3012 tamen
3414 2958 3552 3028 quod
3584 2957 3788 3016 tabula-

2191 3055 2311 3098 rum
2356 3042 2822 3098 matrimonialium
2850 3041 3071 3099 limitem
3103 3047 3373 3115 transeat,
3406 3049 3612 3105 veniale
3641 3047 3785 3121 apud

2192 3133 2505 3206 Apostolum
2536 3136 2799 3206 reperitur
2817 3135 2834 3200 (
2855 3131 2876 3190 1
2899 3135 3017 3192 Cor.
3043 3149 3136 3205 vn,
3161 3135 3234 3211 ὃ)
3260 3156 3274 3206 ;
3299 3139 3417 3209 quia
3441 3147 3784 3214 nequaquam

2189 3219 2347 3284 limes
2367 3225 2656 3299 coniugalis
2677 3228 2850 3283 carnis
2873 3225 3152 3284 exceditur
3177 3249 3190 3285 :
3220 3231 3314 3286 sed
3339 3240 3516 3287 tamen
3542 3242 3598 3288 ut
3617 3237 3784 3291 etiam

2187 3317 2305 3389 ipse
2345 3335 2450 3374 non
2496 3317 2821 3388 excedatur,
2859 3330 3043 3377 contra
3097 3323 3293 3376 malum
3333 3325 3785 3395 concupiscentia:

2185 3411 2490 3465 dimicatur.
2519 3410 2670 3479 Quod
2718 3425 2886 3482 usque
2913 3427 2943 3466 a
2967 3411 3067 3468 deo
3097 3411 3291 3468 malum
3339 3424 3422 3470 est
3446 3459 3460 3485 ,
3496 3427 3549 3470 ut
3583 3417 3632 3472 ei
3656 3459 3671 3484 ,
3706 3433 3780 3475 ne

2190 3510 2408 3567 noceat,
2443 3501 2707 3574 pudicitia;
2736 3505 3030 3560 certamine
3059 3505 3357 3560 resistatur.

2260 3597 2348 3651 44.
2391 3595 2457 3650 Et
2495 3605 2585 3662 tu,
2636 3595 2736 3650 nisi
2778 3595 2958 3662 fallor,
3003 3593 3055 3650 in
3087 3595 3189 3650 isto
3229 3609 3288 3652 es
3313 3593 3605 3654 certamine
3648 3615 3785 3656 con-

2186 3689 2406 3744 Stitutus
2439 3706 2451 3742 :
2489 3698 2543 3744 et
2567 3687 2686 3759 quia
2720 3699 2770 3745 te
2797 3687 3026 3744 ﬁdeliter
3055 3703 3289 3761 pugnare
3316 3692 3609 3761 existimas,
3639 3691 3786 3752 vinci

2185 3783 2365 3837 times.
2399 3782 2444 3836 Α
2487 3795 2623 3851 quo,
2680 3795 2859 3850 qtncso
2904 3789 2988 3848 te,
3029 3779 3168 3837 vinci
3216 3779 3418 3838 times?
3447 3799 3476 3837 a
3525 3785 3666 3840 bono
3710 3802 3783 3842 an

2183 3873 2330 3930 malo
2357 3874 2382 3928 τ
2412 3875 2493 3929 An
2524 3874 2659 3930 forte
2688 3875 2766 3930 sic
2792 3889 2819 3927 a
2851 3889 2934 3930 me
2959 3876 3098 3931 vinci
3132 3871 3288 3931 tlmes
3313 3918 3327 3944 ,
3361 3883 3417 3931 ut
3452 3873 3629 3932 adhuc
3659 3887 3784 3934 ma;

2185 3963 2296 4022 ium
2326 3980 2487 4038 neges
2508 4010 2523 4034 ,
2546 3973 2599 4022 et
2626 3976 2872 4037 tanquam
2911 3968 3105 4022 bonum
3133 3967 3317 4024 laudes
3357 3983 3382 4022 a
3410 3985 3516 4041 quo
3545 3971 3684 4026 vinci
3717 3975 3787 4029 ti-

2186 4061 2350 4118 ines?
2388 4057 2531 4117 Inter
2565 4059 2697 4115 duos
2736 4059 3071 4116 adversarios
3107 4063 3428 4118 constitutus
3466 4062 3518 4118 in
3555 4080 3787 4137 magnas

2183 4153 2475 4220 coarctaris
2497 4151 2768 4224 angustias
2787 4197 2800 4221 ,
2829 4163 2884 4210 et
2911 4167 2998 4210 me
3027 4157 3107 4210 vis
3145 4151 3361 4212 vincere
3393 4171 3486 4226 per
3517 4157 3787 4228 eloquen-

2184 4247 2313 4302 tiam
2334 4289 2349 4313 ,
2377 4257 2429 4302 et
2455 4245 2726 4303 libidinem
2759 4261 2855 4317 per
2890 4243 3274 4304 continentiam
3305 4269 3317 4304 :
3355 4250 3447 4305 sed
3490 4253 3785 4324 pugnando

2183 4339 2440 4395 adversus
2463 4355 2579 4395 eam
2600 4340 2870 4396 conﬁteris
2899 4340 3118 4410 malum,
3143 4340 3406 4398 laudando
3433 4359 3550 4399 eam
3571 4345 3785 4401 deseris

2181 4431 2423 4488 Veritatis
2448 4431 2666 4487 bonum.
2696 4428 2803 4488 Sed
2832 4444 2929 4504 ego
2966 4440 3016 4488 te
3047 4433 3200 4488 vinco
3228 4477 3242 4500 ,
3276 4443 3330 4489 et
3356 4447 3784 4507 expugnatorem

2185 4533 2238 4580 et
2257 4519 2585 4579 laudatorem
2614 4519 2766 4590 mali,
2801 4525 3132 4580 constituens
3161 4534 3213 4581 te
3236 4536 3360 4582 ante
3382 4527 3642 4597 judicem,
3670 4532 3785 4586 non'

2184 4617 2345 4673 alium
2368 4660 2384 4686 ,
2416 4617 2511 4673 sed
2538 4627 2590 4673 te
2627 4615 2822 4688 ipsum.
2852 4617 2944 4673 Vis
2981 4619 3122 4674 enim
3149 4620 3366 4676 vincere
3393 4623 3784 4692 concupiscen-

2184 4707 2312 4767 tiam
2353 4711 2744 4782 expugnatione
2790 4711 2945 4783 ejus,
3001 4729 3087 4768 me
3133 4729 3261 4768 vero
3292 4713 3448 4770 laude
3488 4714 3648 4786 ejus:
3680 4711 3788 4776 sed

2184 4809 2282 4874 ego
2323 4799 2625 4873 respondeo
2650 4845 2663 4867 ,
2714 4801 2782 4860 Ut
2809 4803 3053 4858 vincatur
3094 4804 3180 4874 qui
3213 4804 3425 4875 laudat,
3454 4805 3656 4876 judicet
3687 4809 3787 4878 qui

2183 4904 2385 4970 pugnat
2413 4898 2452 4950 ³.
2483 4895 2537 4952 Si
2566 4896 2705 4951 enim
2739 4895 2938 4952 malum
2967 4905 3085 4964 est,
3116 4913 3212 4954 cur
3242 4897 3467 4954 laudat?
3498 4901 3540 4956 si
3573 4899 3784 4958 bonum

2184 4973 2286 5056 est,
2318 4999 2413 5046 cur
2438 4985 2745 5060 expugnat?
2774 4987 2831 5044 Si
2867 4995 3044 5045 autem
3077 5006 3177 5046 nec
3214 4991 3408 5046 bonum
3446 5009 3543 5048 nec
3575 4997 3784 5052 malum

2183 5091 2266 5137 est
2283 5123 2297 5147 ,
2331 5081 2512 5152 thuid
2545 5079 2768 5136 laudat?
2789 5077 2972 5152 utquid
2995 5095 3260 5153 expugnat
3284 5085 3306 5138 1’
3331 5085 3593 5152 Quamdiu
3619 5085 3792 5157 igitur

2183 5181 2513 5242 expugnator
2570 5171 2803 5226 libidinis
2861 5173 3006 5242 eris,
3060 5175 3259 5228 tamdiu
3306 5191 3403 5246 pro
3458 5193 3543 5232 me
3589 5192 3788 5233 contra

2184 5266 2237 5321 te
2288 5265 2459 5334 ipsum
2492 5261 2653 5334 judex
2703 5257 2830 5318 eris.
2881 5265 2961 5318 An
3017 5265 3153 5321 forte
3202 5266 3457 5323 adversus
3501 5261 3786 5325 libidinem

2182 5365 2287 5412 non
2319 5343 2571 5423 certabis,
2623 5372 2689 5410 ne
2730 5357 2782 5410 in
2831 5353 2937 5411 isto
2966 5356 3104 5426 quod
3153 5375 3359 5414 mecum
3407 5357 3569 5414 habes
3597 5363 3785 5416 certa-

2183 5450 2325 5504 inine
2361 5447 2632 5517 supererls
2656 5490 2670 5513 ,
2709 5447 2893 5504 dicens
2921 5450 3013 5505 tibi
3044 5451 3178 5520 ipsi,
3206 5449 3390 5508 Melius
3425 5470 3527 5507 non
3556 5467 3738 5524 pugttu
3767 5497 3783 5520 ,

2184 5555 2340 5614 quam
2383 5537 2608 5597 ostendo
2653 5541 2934 5612 pugnando
2986 5544 3180 5598 n'talum
3230 5561 3348 5600 esse
3387 5545 3527 5618 quod
3570 5544 3734 5602 laudo
3763 5549 3788 5601 ἶ)

2182 5623 2322 5700 Noli,
2366 5627 2591 5687 obsecro
2631 5637 2702 5687 te.
2753 5631 2888 5700 Quid
2919 5633 3059 5688 enim
3109 5651 3226 5688 sum
3273 5652 3409 5706 ego,
3461 5655 3619 5708 quem
3676 5655 3786 5708 pro

2184 5740 2376 5795 magno
2404 5723 2678 5778 desideras
2706 5725 2963 5780 vincere?
2986 5726 3162 5780 vincat
3191 5736 3241 5782 te
3268 5728 3441 5798 potius
3467 5729 3686 5794 veritas,
3709 5742 3790 5788 .ut

2183 5823 2240 5870 tu
2290 5814 2563 5870 libidinem
2607 5817 2810 5886 vincas.
2840 5811 2969 5872 Nam
3005 5817 3052 5872 si
3088 5817 3347 5876 adversus
3384 5836 3502 5876 eam
3535 5836 3790 5896 pugnate

2253 5953 2267 5984 ι
2303 5959 2403 6002 Duo
2427 5964 2456 6002 e
2480 5951 2714 6002 Vaticanis
2735 5942 2860 6010 Mssl,
2882 5959 3146 6015 expugnat.
