4038 6464
255 437 362 494 Ἲ25

257 547 562 614 destiteris,
595 547 822 603 vinceris
843 589 856 614 ,
893 545 1145 600 vim-ieris
1173 553 1226 600 et
1255 545 1320 600 ad
1351 545 1625 600 immunda
1666 547 1846 602 omnia

257 639 607 714 pcrtraheris.
637 639 788 710 Quod
809 655 930 695 cum
953 639 1020 692 sit
1049 637 1372 692 horrendum
1403 637 1622 704 malum,
1654 653 1754 692 nec
1781 636 1849 692 ad

225 745 230 750 ‘
257 737 360 792 hoc
383 731 528 806 quod
559 731 830 788 desideras
858 731 948 786 tibi
971 729 1206 801 proderit
1237 745 1250 796 ;
1282 729 1440 784 etiam
1468 730 1544 786 sic
1567 729 1707 784 enim
1731 729 1849 784 vin-

257 827 396 883 ceris
425 841 454 880 a
485 841 604 892 me,
637 825 742 878 imo
773 821 838 877 ab
867 823 978 892 ipsa
1015 835 1171 894 quam
1212 821 1442 891 pra‘di'co
1471 821 1714 876 veritate.
1745 819 1852 878 Sed

257 917 708 988 concupiscentirc
737 913 978 970 laudator
1005 921 1058 968 et
1089 914 1104 944 ¹
1144 913 1589 982 εοιιουρίεςειιῑὶω
1618 911 1852 966 debella-

261 1019 342 1066 tor
369 1013 533 1065 etiam
565 1017 656 1064 tuo
675 1007 876 1078 judicio
907 1005 1154 1072 vinceris,
1186 1019 1304 1061 cum
1335 1001 1385 1060 id
1417 1005 1611 1060 malum
1641 1003 1848 1072 laudas,

261 1105 324 1160 de.
347 1103 502 1174 cujus
525 1101 883 1158 debellatione
903 1101 1168 1172 gloriaris.
1195 1099 1251 1156 Si
1275 1111 1454 1156 autem
1479 1117 1544 1154 ne
1562 1099 1854 1156 certamine

259 1195 566 1252 dimicantis
615 1195 854 1248 vincatur
897 1193 1072 1262 lingua
1117 1191 1379 1246 laudantis
1405 1235 1421 1259 ,
1467 1207 1704 1266 pugnare
1743 1191 1854 1262 jam

259 1285 462 1342 desinis
494 1303 508 1352 ;
549 1285 812 1354 captivum
852 1283 1295 1353 concupiscentia}
1317 1325 1330 1348 ,
1354 1281 1686 1340 desertorem
1719 1298 1854 1337 con-

261 1379 501 1433 tinentim
523 1377 752 1445 vincam,
783 1393 886 1430 mn
911 1377 1020 1448 jam
1051 1391 1166 1440 suo,
1196 1375 1287 1430 sed
1307 1375 1506 1446 judicio
1534 1373 1828 1444 sapientize.

331 1471 422 1525 45.
465 1469 636 1524 Causa
682 1467 858 1538 itaque
905 1479 1084 1524 nostra
1129 1467 1273 1522 tinita
1319 1475 1422 1522 est.
1457 1465 1860 1536 Quantumlibet

263 1563 406 1616 enim
441 1561 628 1616 laudes
653 1559 1361 1631 concupiscentiamcarnis,
1387 1559 1634 1628 quamdiu
1661 1573 1860 1630 pugnas

263 1653 520 1706 adversus
549 1665 664 1704 eam
701 1667 714 1716 ;
749 1653 925 1705 cernis
956 1667 1114 1721 quam
1145 1665 1330 1704 verum
1363 1647 1430 1706 de
1461 1649 1547 1704 illa
1568 1693 1580 1714 ,
1627 1665 1724 1704 nec
1760 1647 1861 1704 nisi

263 1753 328 1796 or-
357 1747 446 1799 illa
485 1743 680 1798 dixerit
707 1741 996 1814 Apostolus
1033 1743 1296 1810 Joannes,
1319 1739 1460 1813 quod
1489 1759 1586 1795 non
1605 1749 1676 1796 est
1703 1759 1733 1794 a
1759 1739 1864 1794 Pa-
1931 1745 1934 1748 ’

267 1845 338 1889 tre
367 1835 424 1906 (Ι
454 1829 611 1890 Joan.
655 1849 711 1898 tt,
745 1833 868 1906 16).
909 1831 1040 1890 Nam
1074 1833 1138 1900 si,
1179 1847 1238 1891 ut
1264 1835 1428 1902 dicis,
1469 1855 1487 1888 ι
1526 1837 1614 1907 qui
1645 1833 1862 1890 modum

265 1931 384 2000 ejus
415 1941 521 1985 non
555 1935 738 1998 tenet,
781 1929 922 1984 bono
951 1929 1088 1984 male
1127 1929 1291 1984 utitur
1321 1947 1334 1994 ;
1374 1949 1390 1980 ‹
1441 1931 1598 1984 etiam
1631 1929 1684 1983 in
1727 1927 1865 1984 male

267 2023 544 2080 utentibus
583 2023 780 2080 bontun
826 2033 908 2078 est
939 2023 1068 2093 ipsa.
1101 2025 1230 2091 Qua:
1268 2023 1425 2094 igitur
1455 2033 1535 2078 est
1575 2019 1660 2076 illa
1687 2066 1700 2090 ,
1746 2039 1866 2096 qua:

269 2133 376 2174 non
405 2125 490 2172 est
515 2131 544 2170 a
569 2117 725 2172 Patre
753 2115 778 2170 ?
807 2117 886 2170 Au
917 2115 1076 2170 etiam
1109 2117 1277 2185 ipsam
1296 2158 1309 2182 ,
1338 2115 1604 2186 quomodo
1630 2113 1760 2170 libet
1785 2115 1867 2170 iit-

271 2209 482 2279 telligas
509 2251 523 2274 ,
555 2207 774 2263 laudare
803 2207 1042 2276 disponis
1069 2205 1094 2261 ?
1121 2207 1290 2262 Porro
1325 2207 1366 2261 si
1395 2207 1592 2262 malum
1616 2215 1696 2261 est
1730 2207 1864 2278 ipsa,

269 2303 360 2358 ubi
404 2303 510 2356 erit
531 2301 557 2354 ?
586 2302 798 2371 quando
832 2301 934 2356 erit
959 2301 981 2354 ?
1007 2297 1446 2370 Quandoquidem
1499 2301 1596 2356 ista
1618 2342 1631 2365 ,
1661 2299 1868 2356 etiamsi

271 2393 412 2449 male
439 2395 664 2466 quisque
691 2401 872 2446 utatur
895 2433 908 2458 ,
945 2391 1142 2446 bonum
1194 2391 1295 2446 erit
1341 2407 1353 2444 ε
1403 2407 1498 2446 nec
1525 2391 1637 2464 ipsa
1657 2434 1672 2458 ,
1702 2397 1760 2446 ut
1785 2389 1866 2446 di-

271 2485 349 2541 els
375 2529 390 2552 ,
419 2485 516 2540 sed
543 2483 632 2539 ille
658 2485 758 2538 erit
779 2485 970 2550 malus,
1005 2485 1094 2555 qui
1117 2485 1258 2540 bono
1287 2485 1450 2539 utitur
1481 2483 1640 2540 male.
1671 2485 1748 2539 Ac
1778 2500 1871 2556 per

247 2577 378 2632 -hoc
433 2575 629 2632 frustra
672 2575 802 2630 dixit
849 2573 1119 2640 Joannes,
1168 2575 1654 2646 concupiscentiam
1694 2575 1872 2632 carnis

275 2683 381 2722 non
411 2679 534 2723 esse
571 2681 600 2720 a
630 2667 784 2722 Patre
815 2683 830 2721 :
873 2667 1008 2722 bane
1036 2667 1175 2722 enim
1208 2675 1262 2722 tu
1291 2665 1508 2734 bonam,
1541 2679 1594 2724 et
1623 2665 1691 2723 ob
1717 2669 1818 2724 hoc
1840 2683 1872 2723 a

277 2759 436 2816 Patre
459 2775 578 2816 esse
605 2759 903 2826 contendis,
929 2763 1088 2816 etiam
1115 2775 1235 2816 cum
1263 2777 1323 2816 ea
1348 2765 1572 2832 quisque
1603 2763 1738 2818 male
1767 2763 1870 2817 uti-

277 2863 364 2908 tur
403 2871 419 2918 ;
465 2855 592 2925 quia
639 2851 781 2909 bono
833 2853 970 2909 male
1021 2855 1202 2909 utitur.
1255 2853 1362 2912 Nec
1413 2855 1593 2912 dicere
1643 2857 1869 2926 p0tcris,

249 2945 502 3012 .Quando
535 2943 808 3001 moderata
840 2955 950 3010 est,
987 2961 1016 3000 a
1045 2943 1200 3002 Patre
1229 2955 1348 3013 est;
1382 2947 1594 3018 quando
1617 2947 1872 3006 immode-

277 3048 392 3094 rata
417 3047 502 3095 est
525 3081 543 3106 ,
565 3055 673 3094 non
701 3049 784 3095 est
807 3055 832 3092 a
861 3039 1020 3095 Patre
1048 3058 1060 3092 :
1090 3039 1211 3110 quia
1242 3049 1296 3095 et
1321 3049 1444 3096 tunc
1466 3085 1480 3106 ,
1507 3049 1563 3096 ut
1593 3041 1750 3108 dicis,
1781 3039 1874 3098 bo-

277 3125 408 3186 num
427 3135 530 3196 est,
559 3145 666 3202 quo
693 3131 833 3186 bono
857 3131 998 3187 male
1019 3131 1184 3186 utitur
1212 3133 1408 3188 maius.
1440 3132 1546 3188 Sed
1574 3129 1641 3188 ab
1669 3133 1753 3188 his
1780 3150 1874 3190 an-

279 3225 473 3295 gustiis
495 3221 838 3290 libet-aberis,
871 3225 914 3280 sl
943 3223 1256 3292 credideris,
1281 3239 1384 3280 non
1415 3225 1605 3297 lingua:
1629 3233 1752 3296 tuae,
1781 3229 1876 3284 sed

279 3327 476 3386 pugna
510 3325 635 3370 tum.
673 3315 1013 3371 Continentia
1045 3327 1126 3372 est
1153 3317 1294 3372 enim
1323 3333 1351 3372 a
1384 3317 1577 3386 Patre,
1622 3335 1722 3390 qua
1768 3336 1874 3376 non

281 3413 682 3479 expugnantur
715 3405 1144 3480 concupiscentia
1167 3451 1182 3478 ,
1213 3409 1314 3464 nisi
1341 3427 1443 3464 non
1472 3417 1614 3466 esset
1643 3427 1671 3464 a
1697 3411 1874 3468 Patre.

283 3497 409 3558 Haec
453 3503 566 3572 ipsa
601 3517 749 3572 ergo,
777 3511 960 3558 contra
1007 3515 1164 3574 quam
1189 3545 1204 3572 ,
1244 3503 1287 3556 si
1332 3505 1670 3559 continenter
1703 3505 1836 3560 vivis
1859 3545 1875 3572 ,

285 3595 484 3649 acriter
503 3607 728 3665 pugnas,
755 3609 858 3648 non
884 3605 964 3650 est
987 3609 1014 3648 a
1037 3595 1213 3650 Patre.
1245 3591 1357 3650 Non
1381 3595 1521 3650 enim
1551 3605 1734 3650 contra
1759 3612 1877 3652 eam

283 3699 550 3758 pugnares
570 3728 584 3750 ,
627 3681 724 3740 nisi
757 3693 1110 3758 repugnaret:
1144 3703 1242 3744 nec
1272 3701 1402 3744 vero
1428 3699 1746 3760 repugnaret
1785 3685 1878 3744 tibi

283 3779 461 3850 agenti
501 3777 644 3850 (ιιιοᾶ
673 3779 900 3834 donatur
933 3787 988 3836 et
1025 3789 1236 3836 amatur
1276 3795 1306 3836 a
1355 3783 1512 3838 Patre
1539 3825 1552 3850 ,
1585 3781 1630 3840 si
1658 3765 1816 3840 esset
1847 3799 1876 3840 a

285 3871 464 3928 Patre.
1265 3867 1272 3872 ’

353 3963 444 4019 46.
475 3963 558 4018 Ex
587 3965 686 4018 ista
717 3969 914 4018 etcum
945 3963 1044 4018 ista
1073 3965 1311 4020 nascitur
1341 3963 1524 4032 homo,
1555 3965 1752 4024 bonum
1788 3965 1879 4024 Dei

285 4067 442 4128 Opus,
470 4069 578 4112 non
603 4057 720 4112 sine
741 4055 887 4112 maio
904 4099 918 4124 ,
953 4057 1092 4128 quod
1119 4057 1285 4112 trahit
1313 4059 1462 4129 origo
1487 4062 1880 4130 generationis,

267 4155 342 4204 -ιι
369 4153 524 4203 sanat
546 4149 717 4218 gratia
743 4149 1184 4220 regenerationis.
1211 4151 1286 4206 Ac
1315 4167 1407 4222 per
1435 4151 1536 4208 hoc
1563 4163 1708 4210 recte
1737 4171 1766 4210 a
1795 4171 1882 4212 me

285 4239 486 4296 dictum
499 4247 606 4308 est,
633 4239 746 4296 tlta
769 4241 1073 4312 nuptiarum
1099 4242 1297 4297 bunum
1323 4243 1464 4299 malo
1485 4245 1881 4320 originaliquod

287 4327 410 4388 Inde
436 4331 668 4386 trahitur
691 4345 798 4387 non
831 4337 1004 4402 potest
1031 4335 1304 4403 accusari,
1335 4333 1472 4392 sicut
1499 4333 1880 4396 adulteriorum

287 4431 342 4478 et
367 4423 776 4480 fornicationem
807 4425 1002 4480 malum
1032 4426 1172 4480 lieno
1199 4425 1425 4483 naturali
1455 4427 1594 4498 quod
1629 4429 1748 4486 inde
1785 4447 1880 4488 na-

290 4517 458 4572 scitur
475 4529 582 4572 non
609 4525 784 4588 potest
824 4519 1066 4573 excusari
1115 4531 1132 4570 δ
1172 4515 1280 4584 (De
1327 4517 1539 4590 Nuptiis
1563 4529 1606 4574 et
1634 4521 1884 4594 Concupi-

289 4607 500 4676 teentia,
526 4607 613 4662 tib.
646 4623 683 4674 ι,
712 4626 753 4663 c.
783 4609 859 4679 1).
897 4607 1100 4664 Bonum
1119 4611 1260 4665 enim
1295 4613 1534 4668 naturale
1569 4611 1710 4682 dixi,
1743 4615 1882 4686 quod

289 4713 500 4756 mecum
531 4699 647 4769 ipse
675 4699 948 4756 collaudas
979 4719 993 4768 ;
1023 4701 1217 4756 malum
1245 4711 1420 4758 autem
1455 4705 1714 4776 originale
1740 4703 1846 4762 dixi
1865 4749 1879 4774 ,

287 4791 444 4862 cuius
469 4791 704 4846 motibus
743 4807 956 4848 mecum
997 4809 1290 4865 repugnas,
1325 4805 1374 4850 et
1401 4795 1552 4866 cujus
1578 4807 1762 4853 contra
1799 4815 1884 4855 me

290 4881 542 4936 laudibus
569 4897 788 4953 pugnas.
822 4884 936 4939 Non
963 4893 1045 4940 est
1073 4885 1272 4941 malum
1301 4887 1441 4958 quod
1471 4897 1627 4944 natus
1658 4905 1746 4960 es,
1791 4894 1882 4948 sed

291 4987 410 5030 eum
435 4985 546 5044 quo
569 4983 724 5029 natus
761 4991 820 5032 es
842 5020 854 5042 ,
887 4987 940 5032 et
967 4987 1148 5032 contra
1179 4977 1318 5050 quod
1349 4981 1698 5052 spiritualiter
1725 4983 1883 5038 dimi-

289 5077 380 5120 eas
419 5067 546 5136 quia
575 5073 790 5121 renatus
815 5083 892 5123 es.
917 5067 1068 5137 Quod
1099 5081 1252 5124 natus
1273 5085 1330 5124 es
1361 5113 1374 5136 ,
1417 5071 1647 5142 pertinet
1683 5071 1748 5128 ad
1789 5073 1884 5130 Dei

291 5153 676 5224 conditionem,
700 5166 754 5212 et
777 5171 1056 5228 parentum
1083 5155 1459 5216 fecunditatem
1491 5179 1504 5216 :
1535 5175 1720 5217 contra
1745 5166 1884 5234 quod

291 5257 470 5303 autem
499 5247 724 5306 dimittas
747 5251 866 5321 quia
895 5261 1112 5306 renatus
1140 5267 1197 5307 es
1218 5296 1232 5320 ,
1282 5255 1510 5324 pertinet
1542 5253 1607 5308 ad
1637 5253 1888 5325 praevari-

291 5339 576 5406 cntionem,
605 5355 762 5410 quam
784 5339 979 5397 diaboli
999 5345 1191 5398 astutia
1215 5347 1514 5412 seminavit,
1542 5345 1680 5400 unde
1702 5357 1752 5402 te
1778 5366 1888 5420 gra-

289 5432 360 5486 tia
381 5432 584 5487 Chriin
615 5435 900 5500 liberavit;
935 5445 990 5491 ut
1019 5437 1163 5506 prius
1183 5435 1285 5492 hoc
1325 5437 1465 5492 malo
1487 5437 1621 5493 bene
1659 5441 1887 5506 utereris

291 5524 346 5580 in
376 5526 636 5596 conjuge,
669 5543 810 5583 nunc
837 5529 910 5582 illi
933 5529 1234 5586 adverseris
1257 5531 1308 5585 in
1341 5541 1428 5596 te;
1475 5547 1578 5586 non
1609 5529 1717 5602 jam
1760 5551 1884 5590 reus

291 5631 356 5672 ex
387 5617 519 5686 ille,
561 5619 698 5674 sicut
735 5635 856 5676 eras
899 5629 1086 5686 natus,
1123 5623 1216 5678 sed
1264 5623 1330 5680 ab
1356 5625 1544 5680 eodem
1585 5633 1735 5680 reatu
1778 5645 1882 5683 non

295 5721 510 5778 mula,
543 5713 647 5768 nisi
687 5714 808 5784 quia
837 5719 1056 5770 renatus
1081 5755 1094 5782 ,
1137 5723 1193 5770 ut
1235 5717 1406 5786 possis
1455 5719 1762 5789 redemptus
1803 5737 1882 5776 re.

305 5845 587 5960 ᾤάιὲἱῶΐθέ
645 5849 934 5902 Fioriaceusi
972 5859 1052 5900 Ms.
1094 5853 1394 5902 restituimus
1413 5887 1431 5914 ,
1493 5857 1890 5919 concupiscentia

1611 425 1811 481 LIBER
1850 403 2164 482 TERTIUS.

3447 423 3552 483 79.6

1955 561 2121 628 gnaro
2148 563 2270 604 cum
2310 545 2522 604 Christo
2547 568 2560 604 :
2589 549 2634 606 si
2663 557 2842 606 tamen
2869 547 2968 606 ista
2997 545 3218 602 bzeresis
3253 560 3359 602 non
3397 555 3444 600 te
3470 545 3550 598 fac

1957 642 2063 696 ciat
2102 642 2276 712 perire
2308 657 2428 696 cum
2453 641 2684 710 diabolo,
2713 641 2808 698 sed
2835 683 2850 710 ,
2889 641 3028 714 quod
3059 641 3236 712 potius
3269 637 3513 708 cupimus
3533 679 3546 705 ,

1919 809 1926 814 _
1957 732 2259 788 confitearis
2274 733 2489 800 malum,
2510 743 2694 788 contra
2711 731 2852 804 quod
2873 731 3068 788 bellum
3087 731 3248 804 geris,
3271 741 3326 784 nt
3347 745 3411 785 eo
3435 725 3537 782 non

1961 821 2034 876 ita
2061 832 2305 894 separato
2337 821 2412 896 (α)
2459 823 2608 894 quasi
2643 823 2742 876 alia
2783 833 2970 878 natura
2997 823 3096 890 sit,
3123 820 3218 878 sed
3245 821 3295 874 in
3330 830 3380 874 te
3400 836 3542 874 enim

1961 927 2027 967 ex
2059 925 2209 984 parte
2237 923 2423 968 sanato
2443 955 2459 980 ,
2491 913 2541 970 in
2574 923 2834 986 perpetua
2863 929 2992 986 pace
3013 911 3231 968 ιιυιενίς.

2035 1003 2124 1059 47.
2153 1003 2267 1058 Non
2299 1007 2460 1076 igitur
2488 1025 2506 1057 ε
2554 1021 2672 1058 sum
2715 1003 3138 1078 pharuiacOpolm
3174 1001 3394 1066 similis,
3433 1021 3450 1054 ι
3500 1011 3554 1054 ut

1970 1097 2128 1168 dicis,
2155 1117 2173 1150 t
2203 1097 2290 1170 qui
2309 1099 2650 1170 promittebat
2677 1099 2902 1156 bestiam
2925 1139 2938 1164 ,
2967 1114 3086 1168 qua:
3125 1113 3182 1152 se
3211 1097 3376 1166 ipsam
3406 1113 3550 1148 (:uttt-
3597 1153 3602 1156 _

1965 1202 2108 1247 esset
2155 1193 2192 1246 ¹.
2247 1211 2266 1244 ι
2303 1191 2406 1248 Sed
2447 1195 2694 1260 observa,
2727 1209 2796 1248 ne
2815 1189 3053 1248 bestiolis
3081 1195 3179 1246 iste
3205 1199 3398 1252 motus,
3426 1205 3552 1244 eoa-

1965 1289 2048 1339 tra
2095 1299 2252 1356 quem
2299 1285 2496 1342 videris
2533 1287 2588 1342 in
2631 1295 2718 1342 tua
2758 1301 2920 1340 carne
2962 1283 3285 1354 conﬂigere,
3331 1286 3468 1340 sicut
3497 1271 3560 1334 ita

1967 1377 2220 1448 pervertit
2241 1377 2484 1432 laudatus
2507 1421 2521 1443 ,
2554 1379 2630 1434 sic
2656 1390 2704 1432 te
2731 1387 3012 1434 consumat
3043 1387 3224 1448 postea
3259 1375 3550 1432 relaxatus.

1965 1467 2081 1525 Non
2108 1472 2248 1526 enim
2274 1513 2289 1540 ,
2313 1481 2370 1526 ut
2394 1471 2736 1528 caiumniaris
2765 1515 2780 1540 ,
2810 1488 2909 1543 ego
2936 1473 3045 1528 dixi
3077 1489 3098 1524 ι
3137 1471 3348 1542 nuptias
3375 1479 3428 1526 et
3451 1486 3563 1524 nia-

1967 1577 2130 1632 gnunt
2151 1559 2348 1617 bonum
2377 1575 2428 1618 et
2459 1579 2706 1636 magumn
2735 1565 2953 1630 malum,
2985 1549 3005 1614 ἱ
3040 1573 3286 1632 tanquam
3311 1578 3374 1616 eo
3397 1561 3554 1616 modo

1969 1649 2084 1722 ipsa
2130 1668 2190 1708 se
2234 1651 2480 1710 comedat
2507 1653 2606 1710 ista
2635 1653 2897 1710 sententia
2927 1671 2942 1722 ;
2973 1651 3068 1709 sed
3099 1653 3206 1708 dixi
3237 1652 3288 1708 in
3327 1669 3432 1706 uno
3465 1651 3560 1704 lio-

1971 1743 2114 1798 mine
2143 1753 2385 1798 naturam
2415 1743 2604 1799 bonam
2625 1787 2640 1812 ,
2677 1745 2862 1800 vitium
2906 1745 3102 1798 malum
3133 1761 3148 1796 :
3175 1743 3317 1813 quod
3345 1759 3466 1796 esse
3511 1751 3564 1796 tu

1973 1831 2087 1906 ipse
2120 1845 2264 1892 certe
2299 1835 2352 1890 in
2395 1835 2651 1890 adulteris
2679 1835 2982 1902 conﬁteris,
3015 1851 3115 1890 nec
3141 1845 3357 1906 propter
3381 1849 3564 1890 eorum

1973 1925 2156 1981 vitium
2185 1925 2489 1998 improbans
2511 1937 2786 1994 naturam,
2823 1943 2921 1982 nec
2948 1935 3164 1998 propter
3190 1941 3374 1982 eorum
3407 1933 3564 1980 natu-

1972 2027 2086 2067 ram
2117 2011 2417 2084 approbans
2458 2013 2662 2066 vitium.
2701 2011 2906 2068 Bonum
2935 2011 3042 2066 dixi
3073 2010 3286 2081 nuptias
3307 2052 3322 2078 ,
3353 2025 3417 2066 ex
3449 2009 3566 2080 qui-

1935 2113 1938 2118 '
1973 2099 2074 2160 bus
2106 2119 2163 2159 es
2193 2113 2350 2159 natus
2382 2121 2398 2172 ;
2429 2103 2624 2160 malum
2652 2114 2830 2160 autem
2869 2120 2976 2160 non
3017 2099 3084 2158 dc
3115 2103 3312 2175 nuptiis
3336 2144 3352 2170 ,
3383 2102 3474 2156 sed
3505 2102 3572 2156 de

1935 2191 1938 2194 ’
1975 2195 2154 2252 vitiata
2184 2197 2386 2270 origine
2423 2207 2708 2254 attractum
2731 2239 2746 2266 ,
2791 2207 2976 2252 contra
3001 2193 3142 2268 quod
3181 2194 3328 2268 geris
3369 2193 3568 2252 bellum

1976 2295 2214 2344 renatus.

2047 2379 2136 2436 48.
2177 2375 2480 2436 Ridiculum
2521 2387 2602 2436 est
2635 2389 2810 2436 autem
2833 2421 2846 2446 ,
2887 2379 3028 2452 quod
3059 2387 3144 2434 me
3170 2377 3305 2432 dicis
3327 2419 3344 2446 ,
3382 2396 3399 2430 ι
3438 2377 3570 2448 Epi-

1978 2471 2089 2528 curi
2120 2471 2234 2526 vias
2261 2471 2589 2544 gradientem
2621 2469 2856 2526 habenas
2893 2485 3084 2526 omnes
3104 2512 3118 2538 ,
3149 2469 3338 2542 quibus
3363 2463 3574 2540 cupidi-

1979 2571 2114 2620 tates
2160 2563 2433 2620 frenautur
2456 2605 2472 2632 ,
2519 2563 2772 2620 incidere.
2809 2582 2828 2616 ι
2880 2557 3050 2632 Quid,
3087 2563 3132 2618 si
3171 2578 3268 2634 ego
3303 2561 3572 2618 laudarem

1978 2657 2218 2730 corporis
2244 2657 2564 2728 voluptatem
2587 2655 2611 2712 ?
2638 2653 2748 2710 lloc
2769 2657 2910 2710 enim
2935 2665 2988 2710 tu
3011 2655 3140 2712 satis
3159 2655 3385 2726 eioqnen
3395 2665 3471 2710 ter
3493 2655 3574 2710 fa-

1945 2749 1948 2754 ’
1979 2751 2078 2818 cis,
2100 2747 2242 2822 quod
2272 2749 2536 2806 inerudite
2563 2760 2722 2822 atque
2745 2749 2982 2820 impolite
3011 2747 3238 2804 faciebat
3265 2749 3522 2818 Epicurus
3557 2765 3568 2800 :

1981 2841 2132 2914 quasi
2151 2849 2431 2914 prepterea
2449 2841 2522 2896 sis
2535 2841 2649 2914 ejus
2663 2839 3020 2908 adversarius,
3037 2841 3158 2910 quia
3176 2839 3375 2894 diserte
3393 2838 3572 2894 dicere

1983 2951 2086 2990 non
2109 2943 2330 2990 noverat
2356 2933 2442 2988 ille
2465 2971 2482 3002 ,
2508 2950 2626 3006 qua:
2647 2933 2801 2988 dicis.
2824 2931 3028 2988 Rursus
3051 2973 3065 2998 ,
3093 2941 3148 2986 ut
3178 2931 3350 2986 sentio
3369 2971 3384 2996 ,
3425 2929 3572 2986 labo-

1983 3035 2194 3082 raturus
2219 3041 2300 3092 es,
2327 3019 2594 3096 quomodo
2621 3033 2674 3080 te
2701 3023 2953 3080 ostendas
2982 3029 3035 3078 et
3066 3021 3404 3080 laudatorem.
3423 3019 3578 3078 volu-

1985 3119 2144 3190 ptatis
2171 3133 2290 3174 esse
2313 3157 2328 3184 ,
2373 3128 2426 3172 et
2461 3115 2788 3188 Epicureum
2829 3131 2932 3172 non
2978 3129 3118 3170 esse.
3153 3114 3258 3170 Sed
3288 3111 3394 3168 noli
3425 3105 3578 3168 iabo-

1985 3227 2134 3276 rare,
2175 3226 2274 3282 ego
2315 3219 2366 3264 te
2411 3210 2510 3266 ista
2551 3226 2678 3266 cura
2719 3207 2976 3264 liberabo.
3017 3207 3131 3262 Non
3161 3221 3220 3262 es
3250 3207 3578 3278 Epicureus,

1985 3305 2106 3376 quia
2139 3303 2225 3358 ille
2257 3311 2425 3360 totum
2456 3303 2688 3358 hominis
2709 3299 2906 3356 bonum
2935 3301 2986 3356 in
3015 3302 3258 3372 corporis
3287 3285 3462 3372 posuit
3483 3314 3579 3352 vo-

1987 3393 2228 3467 luptate,
2297 3407 2350 3450 tu
2401 3405 2579 3450 autem
2631 3409 2876 3478 magnam
2931 3401 3136 3462 partem
3189 3390 3406 3446 humani
3455 3389 3582 3446 boni

1957 3493 1960 3496 ’
1987 3505 2186 3562 ponere
2213 3489 2266 3546 in
2291 3487 2488 3544 virtute
2516 3487 2750 3554 conaris,
2779 3502 2938 3558 quam
2978 3499 3180 3550 veram,
3215 3483 3270 3540 id
3297 3493 3398 3548 est,
3441 3496 3582 3540 vera:

1985 3577 2200 3652 pietatis
2231 3578 2464 3650 ignoras.
2499 3577 2638 3632 Dixit
2666 3575 2808 3632 enim
2839 3575 3042 3630 homini
3075 3573 3215 3630 Deus
3240 3573 3280 3638 ',
3313 3571 3447 3628 Ecce
3473 3571 3580 3642 pie-

1991 3681 2065 3728 tas
2095 3681 2166 3726 est
2203 3671 2451 3744 sapientia
2479 3669 2498 3740 (
2509 3667 2608 3724 Job
2665 3684 2828 3724 xxvm
2849 3711 2862 3734 ,
2893 3668 2963 3724 28
2993 3665 3034 3738 ).
3065 3667 3130 3724 Et
3175 3666 3289 3720 haec
3321 3665 3458 3720 unde
3489 3664 3584 3720 lto-

1989 3763 2158 3831 mini,
2187 3765 2285 3818 nisi
2313 3763 2402 3818 ille
2429 3763 2516 3820 det
2541 3761 2610 3818 de
2639 3777 2745 3834 quo
2775 3761 3034 3834 scriptum
3058 3769 3140 3816 est
3164 3803 3180 3828 ,
3213 3759 3460 3814 Dominus
3493 3775 3584 3820 sa-

1989 3858 2178 3930 pientes
2221 3857 2342 3926 facit
2371 3872 2530 3912 cwcos
2573 3855 2590 3928 (
2619 3853 2766 3910 Psat.
2794 3869 2949 3918 cuv,
2975 3851 3048 3926 8)
3079 3869 3096 3918 ;
3139 3852 3288 3908 etde
3316 3867 3423 3924 quo
3449 3853 3578 3908 item

1991 3951 2186 4024 legitur
2207 3991 2222 4018 ,
2253 3949 2314 4006 Si
2353 3951 2464 4022 quis
2501 3949 2690 4020 indiget
2723 3949 2995 4020 sapientia,
3019 3947 3234 4020 postulet
3259 3963 3292 4002 α
3317 3945 3426 4002 Deo
3447 3944 3583 4019 (Ja-

1989 4046 2099 4100 cobi
2141 4060 2176 4108 r,
2208 4044 2262 4116 5)
2291 4043 2316 4098 ‘i
2343 4044 2538 4100 Verum
2561 4043 2606 4100 si
2638 4051 2692 4096 tu
2723 4057 2832 4098 non
2861 4055 2920 4098 es
2946 4039 3260 4110 Epicureus,
3287 4039 3380 4110 qui
3405 4055 3470 4096 ex
3491 4038 3585 4096 illo

1991 4138 2220 4212 aliquam
2249 4145 2452 4208 partem
2477 4136 2531 4192 in
2551 4135 2838 4204 voluptatis
2859 4133 3018 4190 laude
3043 4131 3320 4202 sumpsisti
3345 4150 3362 4188 :
3384 4139 3586 4206 quanto

1991 4227 2168 4282 minus
2193 4241 2292 4298 ego
2313 4267 2328 4290 ,
2359 4225 2446 4296 qui
2479 4225 2546 4282 de
2575 4225 2846 4294 voluptate
2873 4223 3050 4280 carnis
3079 4222 3186 4280 hoc
3211 4224 3408 4290 sentio,
3439 4221 3586 4292 quod

1991 4321 2150 4376 sentit
2179 4319 2490 4374 Ambrosius
2521 4315 2716 4392 (Libro
2739 4317 2803 4372 de
2823 4313 3078 4372 Paradito
3113 4357 3132 4384 ,
3167 4331 3283 4386 cap.
3309 4313 3414 4380 12,
3436 4323 3482 4370 et
3517 4313 3584 4370 li-

1993 4413 2078 4468 bro
2103 4413 2164 4466 de
2197 4405 2533 4480 PliilosOpliia
2552 4452 2566 4477 ,
2591 4411 2743 4464 citato
2767 4426 2926 4480 supra
2943 4449 2960 4478 ,
2983 4408 3072 4464 lib.
3096 4408 3164 4474 ξ,
3191 4425 3279 4464 rm.
3307 4407 3404 4476 15,
3429 4407 3496 4464 15
3517 4411 3584 4480 ὶῖ.

1991 4503 2262 4564 inimicam
2285 4502 2490 4560 scilicet
2513 4517 2630 4558 esse
2653 4499 2906 4572 institue,
2937 4509 2991 4556 et
3018 4499 3162 4576 quod
3191 4497 3354 4556 homo
3379 4511 3584 4554 concu-

1991 4597 2264 4672 piscentiae
2302 4596 2573 4667 voluptate
2615 4602 2898 4652 concretus
2923 4637 2942 4662 ,
2985 4595 3294 4666 priusquam
3343 4593 3584 4652 nascitur

1991 4690 2180 4748 subeat
2227 4688 2472 4758 contagia
2501 4687 2840 4744 delictorum.
2883 4685 3036 4756 Quod
3077 4695 3256 4742 autem
3295 4683 3362 4740 ad
3407 4699 3587 4754 mores

1991 4784 2222 4856 pertinet
2257 4791 2466 4838 nostros
2485 4821 2503 4850 ,
2531 4777 2976 4852 quemadmodum
3005 4778 3245 4834 vivamus
3265 4817 3283 4844 ,
3313 4777 3368 4834 in
3405 4791 3587 4846 prom-

1991 4887 2086 4954 ptu
2125 4887 2210 4932 est
2236 4877 2314 4932 eis
2345 4891 2466 4930 cum
2493 4869 2686 4948 quibus
2728 4873 2973 4930 vivimus.
3019 4871 3174 4928 Nune
3209 4869 3277 4926 de
3321 4869 3588 4930 catholico

1993 4973 2166 5044 agitur
2203 4972 2452 5044 dogmate
2491 4985 2554 5026 ac
2583 4969 2733 5024 ﬁde:
2767 4967 2984 5038 perﬁdia
3029 4981 3136 5022 non
3183 4965 3252 5022 sit
3297 4965 3588 5022 desertoris

1971 5067 2048 5126 .in
2080 5076 2148 5124 te.
2178 5065 2310 5120 Nam
2339 5075 2424 5120 tua
2455 5079 2542 5120 me
2572 5077 2676 5120 non
2709 5069 2908 5126 terret,
2941 5061 3084 5116 velut
3115 5059 3292 5130 lingua
3319 5059 3584 5114 censoris.

1995 5161 2186 5218 Fateor
2227 5175 2314 5216 me
2345 5158 2542 5214 docere
2571 5156 2818 5210 homines
2840 5195 2858 5222 ,
2883 5153 3024 5228 quod
3051 5153 3106 5208 in
3135 5151 3454 5222 Apostolicis
3477 5149 3589 5204 Lit-

1977 5253 2124 5336 Iteris
2149 5251 2342 5314 didici,
2381 5249 2502 5320 quia
2533 5249 2576 5302 si
2612 5247 2886 5304 dixerimus
2907 5244 3044 5318 quod
3073 5255 3333 5336 peccatum
3365 5257 3466 5296 non
3495 5241 3590 5298 lto-

1995 5347 2186 5412 bemua,
2215 5361 2310 5400 nos
2329 5345 2468 5414 ipso:
2493 5342 2806 5414 decipimus,
2849 5348 2894 5396 et
2930 5339 3113 5398 vei-itas
3141 5338 3194 5392 in
3222 5334 3362 5390 nobis
3387 5349 3488 5390 non
3512 5343 3589 5390 est

1997 5438 2014 5506 (
2048 5437 2244 5490 lJoan.
2291 5452 2330 5502 ι,
2356 5434 2449 5504 8).
2475 5435 2670 5488 Fateor
2689 5447 2776 5490 me
2825 5435 2876 5486 in
2927 5429 3122 5502 populo
3151 5435 3205 5484 et
3237 5441 3358 5482 cum
3387 5425 3588 5498 pOpuio

1971 5529 2092 5590 Dei
2121 5538 2308 5598 pectus
2333 5525 2564 5584 tundere
2583 5559 2602 5590 ο
2643 5517 2698 5582 et
2730 5521 2994 5580 veraciter
3013 5519 3194 5576 dicere
3211 5557 3228 5584 ,
3257 5513 3472 5572 Dimitte
3493 5531 3590 5570 no-

1997 5622 2069 5675 bis
2095 5621 2262 5674 debita
2299 5627 2472 5674 nostra
2498 5618 2517 5690 (
2539 5617 2728 5672 Matth.
2751 5632 2804 5672 γι
2825 5657 2840 5682 ,
2871 5613 2992 5684 12).
3020 5611 3130 5668 Nec
3161 5610 3429 5666 iusultetis
3457 5608 3584 5666 hinc

2061 5734 2078 5766 ι
2111 5731 2324 5796 rem
2345 5731 2566 5796 «ιιιιιηυρ
2597 5735 2650 5778 οι
2677 5728 2774 5796 dea
2793 5721 3503 5796 αὲιίρωιηωοιςοηκάίδεείε

2059 5797 2078 5825 ²
2111 5795 2330 5863 Quinque
2351 5781 2560 5844 taticani
2585 5799 2637 5842 et.
2657 5787 2878 5842 Gallicani
2901 5793 3006 5838 tres
3019 5793 3146 5848 Ιεοσ,
3167 5781 3306 5838 Diti!
3324 5781 3584 5848 bonum

1996 5865 2113 5906 Ecce
2133 5861 2299 5918 pictas,
2327 5861 2420 5908 etc.

2060 5919 2133 5980 (a)
2165 5924 2320 5980 Forte,
2340 5928 2434 5968 non
2455 5929 2487 5968 a
2503 5920 2550 5966 te
2569 5919 2792 5976 separato
