4038 6460
506 371 606 427 727

506 487 661 543 nobis
687 504 699 542 :
732 485 853 541 inde
878 485 1071 555 quippe
1091 481 1220 537 estis
1247 480 1502 544 hmretici,
1528 481 1648 555 quia
1671 479 1787 534 haec
1808 480 2091 551 displicent

505 579 673 632 vobis.
715 576 824 631 Nos
874 577 926 628 in
959 574 1047 628 Dei
1075 587 1215 627 ‘vcra
1257 569 1618 626 misericordia
1644 613 1658 636 ,
1703 586 1796 625 vos
1835 572 1886 625 in
1917 582 2089 626 vestra

503 672 635 728 falsa
682 673 874 726 virtute
916 667 1200 724 conﬁditis.
1244 666 1352 723 Vos
1395 667 1617 736 gratiam
1665 665 1756 721 Dei
1797 666 2089 721 secundum

509 762 697 817 mcrita
740 772 919 816 nostra
949 761 965 793 ¹
1001 759 1113 815 dari
1166 759 1388 825 dicitis;
1446 758 1585 829 quod
1632 767 1808 813 tamen
1853 758 1953 813 nisi
1995 758 2092 814 da-

510 863 750 909 mnasset
776 852 1017 923 Pelagius
1041 893 1057 918 ,
1080 867 1110 905 a
1154 850 1432 909 catholicis
1461 850 1727 921 episcopis
1749 850 2092 907 damnaretur

508 944 586 1013 (ιι)
613 960 624 996 :
656 957 752 998 nos
786 959 912 998 vero
940 958 1057 998 eam
1088 942 1254 1013 gratis
1281 941 1396 997 dari
1421 982 1436 1007 ,
1473 949 1529 997 et
1556 948 1836 1013 propterea
1864 943 2090 1012 gratiam

503 1035 832 1104 nuncupari,
868 1043 923 1090 et
951 1050 1016 1088 ex
1059 1035 1149 1088 illa
1177 1047 1297 1089 esse
1337 1033 1515 1088 omnia
1558 1044 1860 1088 sanctorum
1901 1034 2090 1089 merita

405 1145 412 1152 ·
499 1127 852 1194 conﬁtemur,
882 1129 1093 1183 dicente
1127 1127 1420 1197 Apostolo,
1464 1125 1642 1180 Gratia
1681 1125 1778 1180 Dei
1816 1143 1930 1180 sum
1955 1127 2090 1199 quod

501 1237 614 1276 sum
643 1224 664 1253 ²
691 1222 711 1292 (
728 1223 746 1276 l
767 1220 886 1277 Cor.
914 1237 1011 1289 xv,
1045 1221 1112 1277 10
1133 1222 1170 1291 ).
1202 1220 1324 1276 ldeo
1345 1235 1443 1276 nos
1469 1220 1703 1277 irridetis
1727 1262 1744 1288 ,
1776 1229 1830 1278 et
1857 1238 1968 1292 prae
1996 1237 2092 1278 vo-

501 1313 585 1368 bis
627 1314 732 1369 alta
778 1314 987 1369 cervice
1034 1314 1394 1370 contemnitis.
1436 1314 1582 1370 Facti
1611 1315 1753 1370 enim
1783 1330 1964 1371 sumus
1989 1331 2090 1388 op-

502 1405 782 1474 probrium
829 1405 894 1460 iis
937 1404 1024 1475 qui
1069 1404 1370 1472 abundant,
1419 1413 1476 1461 et
1518 1405 1794 1476 despectio
1844 1407 2092 1478 superbis

501 1493 672 1564 (Psal.
702 1511 867 1563 cxxn,
896 1495 974 1565 4).
992 1495 1282 1550 Consilium
1310 1496 1689 1567 quippeinOpis
1712 1497 2023 1554 confudistis
2043 1498 2088 1566 ⁸,

497 1587 750 1658 quoniam
790 1589 1043 1644 Dominus
1073 1603 1197 1659 Spes
1226 1589 1341 1660 ejus
1379 1597 1463 1644 est
1489 1587 1675 1661 (Psal.
1706 1606 1821 1656 xm,
1851 1589 1944 1659 6).

495 1700 501 1726 ί
567 1677 658 1734 «i9.
699 1679 756 1734 In
803 1679 902 1734 hac
941 1691 1117 1735 tamen
1166 1696 1264 1747 re,
1316 1679 1458 1735 unde
1505 1695 1646 1736 nunc
1689 1682 1927 1752 agimus,
1979 1695 2088 1736 non

499 1773 679 1839 video,
711 1788 808 1827 cur
835 1772 1004 1839 dicas,
1042 1791 1060 1823 ‹
1091 1788 1179 1829 rr-e
1206 1772 1440 1829 habenas
1467 1789 1655 1829 omnes
1675 1815 1691 1841 ,
1719 1773 1912 1844 quibus
1935 1774 2088 1843 cupi-

497 1863 691 1918 ditates
717 1864 1006 1929 freuantur,
1034 1864 1301 1930 incidere;
1334 1884 1352 1917 ι
1379 1866 1470 1936 qui
1499 1866 1645 1920 omni
1670 1865 1864 1921 virtute
1894 1880 2088 1920 secun-

498 1953 625 2008 dmn
680 1955 902 2025 gratiam
954 1954 1084 2021 Dei,
1134 1971 1252 2026 quae
1299 1955 1456 2010 datur
1507 1955 1850 2021 hominibus,
1900 1970 2087 2012 omnes

497 2047 815 2117 cupiditates
836 2047 1121 2102 frenandas
1146 2062 1266 2103 esse
1285 2048 1538 2103 decerno.
1566 2049 1670 2104 Sed
1690 2048 1785 2104 abs
1807 2058 1858 2105 te
1878 2064 2083 2120 quazro,

495 2146 673 2191 utrum
700 2137 852 2192 bonae
879 2152 945 2191 an
973 2137 1128 2192 mala:
1150 2137 1256 2193 sint
1284 2137 1398 2192 istm
1421 2138 1759 2208 cupiditates,
1788 2153 1923 2210 quas
1947 2155 2087 2210 pra:-

495 2228 643 2284 dicas
671 2245 792 2285 esse
820 2229 1128 2298 frenandas,
1157 2239 1211 2286 et
1233 2231 1381 2286 velut
1407 2245 1439 2284 a
1467 2246 1552 2286 me
1579 2231 1903 2298 relaxentur,
1936 2246 2088 2286 accu-

492 2333 604 2374 sas.
646 2319 780 2376 Puto
809 2320 952 2376 enim
994 2336 1098 2376 non
1137 2336 1229 2377 eas
1275 2337 1535 2393 equorum
1566 2322 1650 2377 vel
1693 2338 2026 2395 quorumque
2060 2323 2084 2355 ⁸

491 2410 798 2465 animalium
837 2419 1032 2482 praeter
1075 2427 1172 2468 nos
1201 2427 1356 2482 esse,
1402 2413 1497 2468 sed
1547 2422 1775 2469 nostras.
1829 2415 1885 2469 lu
1929 2414 2082 2472 nobis

491 2510 616 2556 sunt
641 2504 769 2574 ergo
807 2505 961 2558 mala:
1001 2504 1346 2574 cupiditates,
1375 2521 1507 2576 quas
1543 2506 1678 2562 bene
1703 2507 1935 2563 vivendo
1970 2507 2082 2564 fre-

494 2607 700 2648 namus.
756 2594 1003 2651 Habenas
1049 2597 1238 2667 igitur,
1289 2596 1480 2668 quibus
1526 2614 1634 2653 non
1683 2599 1873 2665 bonae,
1928 2599 2024 2654 sed
2059 2599 2081 2632 ⁸

432 2730 446 2742 .
491 2686 647 2740 malae
673 2684 948 2742 frenantur
970 2687 1308 2758 cupiditates,
1334 2703 1420 2744 me
1443 2688 1730 2758 praecidere
1755 2689 2077 2745 criminaris.

492 2775 691 2831 Harum
721 2785 800 2831 est
831 2791 937 2832 una
961 2777 1394 2846 concupiscentia
1425 2777 1623 2844 carnis,
1649 2793 1715 2832 ex
1744 2793 1847 2848 qua
1877 2788 1930 2834 et
1957 2793 2078 2834 cum

491 2883 594 2938 qua
623 2877 950 2936 nascuntur,
983 2876 1037 2923 et
1067 2877 1285 2939 pr0pter
1313 2883 1473 2938 quam
1504 2878 1858 2924 renascuntur
1901 2869 2078 2925 infau-

491 2969 595 3015 tes.
624 2959 704 3014 Eo
726 2960 867 3014 malo
890 2959 1145 3030 conjuges
1166 2967 1344 3015 castos
1369 2958 1493 3014 dico
1520 2959 1594 3014 uti
1621 2959 1777 3028 bene,
1809 2959 2079 3017 adulteros

489 3051 665 3118 male;
707 3061 763 3106 tu
803 3060 989 3107 contra
1027 3066 1093 3107 eo
1133 3051 1274 3106 bono
1315 3051 1591 3106 adulteros
1628 3051 1762 3107 dicis
1802 3052 1878 3108 uti
1914 3053 2074 3122 male,

489 3151 668 3197 castos
695 3142 952 3213 conjuges
990 3143 1129 3199 bene
1162 3161 1175 3196 :
1218 3142 1601 3197 continentiam
1644 3144 1838 3201 melius
1865 3159 1932 3200 eo
1968 3161 2076 3201 non

487 3232 603 3300 uti,
642 3233 799 3288 ambo
827 3233 1094 3300 dicimus;
1140 3232 1235 3288 sed
1264 3247 1368 3304 ego
1409 3247 1475 3289 eo
1514 3234 1688 3302 malo,
1722 3243 1778 3289 tu
1817 3249 1883 3292 eo
1912 3236 2074 3292 bono.

486 3326 566 3382 Ac
593 3341 690 3398 per
714 3325 850 3394 hoc,
896 3326 1138 3399 quamvis
1172 3326 1281 3399 Deo
1310 3335 1490 3382 nostra
1532 3329 1856 3384 conscientia
1877 3371 1894 3397 ,
1939 3344 2075 3385 con-

484 3418 719 3473 versatio
747 3433 873 3474 vero
907 3418 1069 3474 etiam
1109 3417 1450 3487 hominibus,
1495 3419 1636 3474 inter
1662 3435 1796 3490 quos
1826 3419 2072 3485 vivimus,

484 3519 614 3567 nota
655 3512 762 3576 sit;
805 3522 983 3568 tamen
1013 3511 1171 3566 ambo
1207 3511 1591 3567 continentiam
1623 3511 1936 3581 proﬁtemur
1965 3529 1978 3564 :
2022 3522 2077 3568 et

485 3602 703 3673 siquod
745 3604 1057 3672 proﬁtemur
1097 3603 1334 3673 agimus,
1383 3602 1538 3656 istam
1583 3602 2073 3672 concupiscentiam

484 3691 728 3763 profecto
756 3692 914 3747 ambo
941 3692 1246 3758 frenamus,
1270 3691 1524 3746 adversus
1563 3692 1679 3761 ejus
1718 3702 2074 3764 repugnantes

483 3793 665 3839 motus
708 3784 866 3839 ambo
907 3785 1204 3849 bellamus;
1257 3784 1415 3839 ambo
1459 3799 1611 3851 eam,
1653 3786 1698 3840 si
1743 3785 2070 3856 proficimus,

486 3874 843 3931 debellamus.
874 3875 1072 3931 Verum
1104 3875 1206 3930 hoc
1233 3875 1475 3939 interest,
1507 3875 1650 3946 quod
1688 3893 1788 3948 ego
1823 3877 1944 3932 dico
1985 3895 2073 3934 me

483 3969 686 4024 malum
716 3966 928 4022 frenare
947 4009 963 4035 ,
994 3974 1049 4022 tu
1075 3977 1253 4023 autem
1293 3975 1348 4023 te
1375 3968 1574 4022 bonum
1605 3985 1618 4021 :
1648 3983 1747 4039 ego
1785 3969 1905 4024 dico
1942 3970 2071 4024 mihi

487 4059 692 4114 malum
723 4072 1020 4129 repugnare
1053 4077 1068 4115 :
1109 4067 1166 4112 tu
1193 4059 1283 4114 tibi
1317 4059 1512 4114 bonum
1541 4076 1555 4114 :
1584 4075 1684 4130 ego
1709 4060 1851 4116 bello
1883 4060 2074 4116 adver-

486 4165 579 4206 sus
608 4151 804 4204 malum
825 4190 840 4217 ,
889 4159 944 4205 tu
986 4149 1242 4206 adversus
1284 4149 1480 4205 bonum
1509 4167 1522 4204 :
1555 4166 1653 4222 ego
1688 4152 1844 4222 cupio
1875 4153 2072 4207 malum

484 4241 776 4306 debellare,
813 4251 867 4296 tu
896 4241 1115 4296 bonum.
1148 4240 1301 4297 Unde
1330 4242 1502 4312 putari
1529 4250 1708 4315 potest
1731 4243 1873 4314 quod
1915 4244 2070 4300 istam

484 4335 974 4406 concupiscentiam
1014 4335 1182 4406 magis
1216 4335 1438 4392 incitare
1461 4336 1754 4405 laudando,
1785 4351 1941 4408 quam
1980 4353 2070 4394 re-

482 4409 696 4483 frenare
724 4426 943 4482 studeas
981 4425 1322 4492 continendo.

459 4574 462 4578 .
554 4522 644 4578 50.
687 4520 930 4577 Gloriosa
971 4530 1024 4576 te
1062 4536 1158 4590 per
1191 4521 1575 4576 continentiam
1616 4523 1882 4592 proﬁteris
1911 4539 2069 4580 exer-

483 4629 608 4670 cere
650 4614 942 4670 certamina
974 4630 987 4667 :
1030 4621 1215 4667 contra
1257 4612 1417 4683 quid,
1447 4613 1617 4682 rogo?
1655 4613 1790 4682 Quid
1829 4613 2070 4670 dicturus

482 4722 564 4774 es,
608 4707 709 4762 nisi
746 4715 933 4763 contra
970 4707 1148 4762 carnis
1185 4705 1716 4774 concupiscentiam?
1760 4705 1866 4760 Sed
1893 4715 2068 4760 utrum

481 4799 730 4864 amicam,
757 4813 824 4853 au
850 4796 1255 4853 adversariam?
1289 4795 1555 4867 Numquid
1582 4797 1682 4851 nisi
1708 4796 2067 4852 adversariam

481 4891 871 4962 reSpondebis?
898 4892 1028 4947 Caro
1054 4891 1187 4945 enim
1213 4890 1519 4961 concupiscit
1544 4891 1784 4944 adversus
1808 4891 2065 4959 spiritum,

482 4995 530 5040 et
557 4984 765 5053 spiritus
803 4982 1040 5038 adversus
1067 4998 1270 5035 carnem
1299 4997 1319 5035 :
1347 4982 1455 5035 lucc
1481 4983 1614 5035 enim
1641 4982 1855 5035 invicem
1883 4982 2065 5036 adver-

483 5084 682 5138 santur,
711 5073 848 5128 sicut
871 5072 1154 5143 Apostolus
1182 5072 1332 5128 testis
1359 5081 1443 5126 est
1470 5071 1665 5143 (Galat.
1693 5087 1749 5138 v,
1781 5073 1890 5144 l7).
1930 5073 2064 5128 For-

483 5167 641 5220 tassis
682 5181 810 5236 ergo
853 5180 972 5220 eam
1008 5164 1225 5220 laudare
1271 5174 1322 5220 te
1365 5163 1540 5234 ﬁngis,
1587 5165 1632 5218 si
1679 5179 1914 5235 pugnare
1956 5181 2063 5222 non

481 5258 660 5328 lingis.
702 5258 834 5312 Nam
871 5255 1137 5327 quomodo
1176 5255 1402 5313 ﬁdeliter
1439 5257 1596 5312 simul
1634 5271 1760 5328 agas
1797 5258 1904 5314 duo
1941 5259 2060 5327 ista,

481 5365 589 5404 non
616 5350 789 5414 video,
826 5357 884 5404 ut
919 5357 974 5404 et
1012 5349 1194 5404 laudes
1232 5349 1377 5404 velut
1413 5350 1663 5418 amicam,
1699 5358 1755 5406 et
1790 5365 2064 5422 expugnes

544 5465 561 5495 ⁸
598 5463 734 5524 Editi,
752 5469 925 5514 uestra.
952 5470 1006 5514 At
1027 5469 1152 5524 Mss.,
1175 5469 1354 5513 nostra.

543 5527 566 5558 ³
598 5533 672 5574 Er.
699 5523 843 5589 Lugd.
869 5534 987 5576 ven.
1010 5532 1102 5576 ιον
1125 5561 1140 5587 ,
1165 5523 1330 5577 Gratia
1363 5524 1456 5576 Dei
1483 5537 1592 5576 sum
1611 5523 1666 5576 id
1689 5525 1817 5588 quod
1838 5539 1964 5577 sum.
1988 5529 2062 5582 sic

457 5589 626 5659 ηειιριη
650 5587 861 5659 \ulgalhr
891 5595 986 5659 __M.
1141 5650 1160 5659 _
1208 5645 1240 5659 _.
1271 5647 1301 5659 Α

544 5649 566 5711 ξ
598 5662 695 5696 Λιιι.
720 5649 793 5697 Er.
821 5658 871 5700 et
891 5657 1018 5707 MSS.,
1043 5649 1315 5711 confudisti.

540 5709 564 5777 ξ
586 5713 659 5759 Sic
684 5723 781 5759 am.
807 5720 860 5777 et
879 5719 982 5760 Mss.
1004 5709 1246 5777 Falitibnes
1265 5717 1338 5760 Er.
1352 5717 1417 5777 _et
1430 5717 1563 5771 Lov.,
1587 5723 2004 5777 quomque.

542 5771 565 5803 ³
592 5778 639 5820 ιιι
665 5780 768 5822 Mss.
805 5773 963 5832 deest,
983 5785 1077 5822 non
1101 5772 1251 5832 bona',
1275 5771 1377 5823 sed.

541 5833 615 5895 (α)
647 5834 762 5884 Vide
786 5833 959 5884 librum
973 5834 1037 5884 de
1053 5837 1210 5884 Gestis
1225 5833 1420 5898 Pelagii,
1443 5846 1525 5883 nn.
1549 5834 1630 5896 50,
1650 5834 1725 5885 15.

1313 364 1585 420 CONTRA
1625 363 1962 432 JULl.\.\'_Ull
2005 365 2469 441 PELAGIANUM,
2509 373 2565 428 S.
2608 371 2972 431 AUGUSTINI

3672 378 3787 441 ἠε

2203 486 2345 540 velut
2381 487 2668 544 inimicam.
2723 489 2892 546 Unum
2934 507 3123 549 eorum
3169 495 3478 554 credimus:
3507 500 3603 556 sed
3641 503 3790 575 elige

2199 577 2326 647 quid
2367 578 2666 635 credamus.
2711 580 2766 636 Si
2804 597 2869 636 ex
2896 585 3077 639 animo
3117 601 3350 657 pugnas,
3378 605 3482 644 non
3509 605 3573 646 ex
3601 593 3789 650 animo

2201 669 2402 724 laudas.
2442 671 2496 726 Si
2530 681 2706 728 autem
2734 673 3044 744 simpliciter
3068 676 3183 747 agis
3211 679 3264 734 in
3289 682 3580 750 prmconio.
3609 684 3789 740 collu-

2199 760 2282 815 dis
2302 762 2356 816 in
2383 763 2565 832 praelia
2590 765 2632 817 ⁸.
2667 765 2780 836 Ego
2805 781 2934 823 sane
2958 768 3080 838 quia
3108 769 3353 828 inimicus
3386 773 3476 829 tibi
3503 791 3608 831 non
3634 792 3784 844 sum,

2199 853 2337 908 sicut
2374 854 2646 911 inimicum
2675 857 2769 913 tibi
2811 867 2894 914 est
2933 859 3064 916 illud
3104 863 3246 932 quod
3285 863 3487 922 habitat
3528 869 3583 924 in
3619 884 3790 926 carne

2200 954 2290 1001 tua
2337 949 2570 1017 malum,
2619 952 2862 1020 quamvis
2907 953 3240 1024 potissimum
3284 957 3528 1028 cupiam,
3575 968 3633 1015 ut
3677 961 3789 1018 hoc

2199 1038 2399 1094 malum
2437 1050 2494 1096 et
2533 1040 2792 1098 doctrina:
2827 1044 3056 1102 sanitate
3081 1047 3366 1118 vituperes,
3406 1059 3462 1106 et
3495 1052 3615 1107 vita!
3656 1068 3789 1110 san—

2199 1131 2384 1186 ctitate
2410 1131 2645 1189 debelles
2677 1151 2692 1189 :
2725 1142 2901 1192 tamen
2930 1151 2996 1193 ex
3038 1138 3122 1194 his
3147 1138 3376 1208 duobus,
3407 1157 3634 1212 quorum
3680 1161 3787 1216 pu-

2199 1221 2299 1277 tari
2338 1233 2490 1294 potes
2526 1241 2690 1280 unum
2731 1242 2799 1283 ex
2823 1229 3002 1285 animo
3041 1229 3240 1299 facere,
3273 1233 3498 1290 alterum
3539 1235 3785 1308 ﬁngere;

2198 1314 2382 1371 malim
2429 1325 2479 1372 te
2519 1317 2782 1375 fallaciter
2809 1321 3028 1378 laudare
3068 1325 3553 1396 concupiscentiam
3576 1368 3592 1392 ,
3620 1344 3787 1398 quam

2195 1406 2458 1465 fallaciter
2502 1426 2830 1483 expugnare.
2875 1414 3228 1473 Tolerabilius
3262 1419 3403 1475 enim
3449 1421 3623 1492 lingua
3669 1430 3783 1487 tua,

2195 1514 2354 1569 quam
2399 1503 2504 1558 vita
2547 1505 2800 1560 mentitur
2849 1524 2864 1561 :
2913 1508 3237 1564 tolerabilius
3282 1512 3567 1589 sententia,
3619 1528 3787 1585 quam

2195 1594 2519 1650 continentia
2567 1597 2866 1654 simulatur.
2922 1599 3105 1672 Fiugis
3147 1603 3342 1674 quippe
3385 1604 3628 1673 laudem,
3678 1621 3787 1676 qua

2195 1684 2270 1739 sis
2295 1684 2632 1742 adversarius
2670 1692 2952 1747 sententia:
2980 1708 3153 1760 mete;
3203 1694 3251 1750 si
3294 1709 3401 1750 non
3427 1695 3581 1767 ﬁngis
3619 1699 3786 1753 casti-

2196 1783 2382 1846 tatem,
2425 1793 2527 1848 qua
2567 1793 2626 1834 es
2663 1781 3001 1838 adversarius
3039 1786 3482 1856 concupiscentia:
3525 1795 3649 1844 tute.
3704 1789 3783 1846 Ita

2194 1868 2288 1924 ﬁet
2323 1879 2381 1925 ut
2417 1885 2517 1926 nec
2543 1883 2728 1928 contra
2756 1889 2843 1930 me
2869 1875 3067 1932 diutius
3106 1878 3344 1948 proferas
3385 1879 3641 1936 fallaciter
3660 1897 3784 1937 ver-

2193 1963 2353 2031 bum,
2397 1966 2443 2021 si
2486 1967 2748 2025 veraciter
2795 1971 2936 2039 geris
2990 1978 3178 2026 contra
3229 1973 3502 2029 libidinem
3550 1975 3778 2032 bellum.

2191 2055 2298 2112 Sed
2344 2058 2456 2113 sive
2484 2075 2647 2116 unum
2683 2060 2873 2116 horum
2905 2062 3092 2134 ﬁngas,
3132 2064 3246 2120 sive
3285 2073 3566 2138 utrumque
3603 2067 3781 2140 (quod

2191 2149 2374 2204 nescio
2401 2151 2848 2221 quemadmodum
2885 2169 2954 2210 ex
2989 2157 3168 2212 animo
3204 2156 3402 2224 facias,
3447 2159 3501 2216 id
3538 2171 3620 2217 est
3657 2163 3781 2218 sine

2191 2239 2298 2294 ulla
2335 2241 2701 2311 simulatione,
2729 2251 2786 2300 et
2822 2259 3028 2316 pugnes
3066 2256 3252 2304 contra
3291 2249 3429 2320 quod
3471 2251 3691 2320 laudas,
3721 2249 3779 2309 et

2187 2331 2376 2390 laudes
2402 2344 2582 2390 contra
2610 2337 2751 2406 quod
2790 2337 3015 2413 pugnas)
3044 2358 3057 2396 :
3085 2356 3185 2412 ego
3220 2351 3396 2400 tamen
3430 2344 3481 2400 id
3519 2346 3662 2416 quod
3690 2356 3779 2403 est

2189 2425 2371 2482 mitius
2409 2425 2478 2482 de
2513 2436 2563 2484 te
2588 2429 2835 2496 credens,
2865 2432 3009 2488 velut
3029 2447 3150 2490 cum
3179 2435 3501 2493 debellatore
3531 2437 3778 2496 libidinis

2188 2532 2328 2589 ago;
2371 2527 2427 2576 et
2452 2522 2663 2592 nuptias
2701 2539 2809 2579 non
2833 2525 2956 2581 dico
2989 2527 3156 2582 malas
3174 2569 3190 2594 ,
3220 2528 3315 2585 sed
3340 2529 3476 2586 bene
3501 2531 3575 2587 uti
3605 2533 3776 2602 malo,

2187 2625 2320 2680 quas
2347 2619 2404 2668 tu
2432 2611 2564 2668 dicis
2593 2613 2731 2673 bene
2757 2617 2832 2670 uti
2859 2616 2999 2673 bono
3018 2660 3033 2684 ,
3063 2618 3259 2675 bonum
3283 2636 3402 2677 esse
3429 2622 3612 2679 dicens
3637 2639 3776 2680 con-

2187 2704 2567 2774 cupiscentiam
2608 2709 2807 2776 carnis,
2850 2725 3010 2782 quam
3056 2720 3234 2768 tamen
3275 2713 3331 2768 in
3375 2721 3428 2768 te
3454 2714 3776 2773 debellanda

2187 2798 2385 2853 malum
2432 2815 2552 2857 esse
2594 2803 2894 2860 convincis.
2947 2803 3226 2872 Quomodo
3271 2817 3451 2864 autem
3489 2825 3613 2866 cum
3657 2810 3772 2879 illa,

2186 2888 2346 2943 etiam
2394 2891 2485 2961 qui
2532 2908 2594 2947 ea
2637 2893 2775 2949 bene
2817 2903 3070 2966 utuntur,
3112 2897 3430 2971 belligerant
3479 2902 3771 2975 coniugati,

2179 2980 2289 3052 jam
2322 2985 2564 3053 superius
2606 2986 2893 3057 disputavi.

2255 3073 2482 3132 CAPUT
2520 3077 2687 3135 XXII.
2714 3111 2787 3122 —
2815 3082 2904 3138 51.
2931 3082 3060 3152 Qua
3097 3100 3218 3141 cum
3249 3086 3321 3142 ita
3345 3087 3472 3157 sint,
3504 3096 3558 3149 et
3584 3090 3772 3161 conju-

2183 3165 2328 3238 gium
2355 3168 2551 3225 bonum
2577 3180 2664 3227 est
2689 3173 2740 3227 in
2768 3183 3024 3244 quantum
3053 3178 3359 3249 conjugium
3396 3187 3499 3247 est,
3527 3189 3585 3236 et
3608 3181 3772 3238 homo

2184 3258 2298 3313 sive
2323 3259 2391 3315 de
2413 3261 2679 3332 conjugio,
2707 3265 2824 3320 sive
2846 3265 2914 3322 de
2939 3265 3200 3324 adulterio
3224 3279 3490 3337 nascatur.
3515 3272 3568 3327 in
3597 3289 3772 3345 quan-

2183 3355 2296 3404 tum
2336 3349 2498 3406 homo
2536 3361 2647 3421 est,
2681 3355 2877 3411 bonum
2908 3367 3029 3426 est;
3067 3361 3190 3431 quia
3216 3361 3269 3416 in
3305 3372 3557 3432 quantum
3602 3365 3772 3424 homo

2182 3448 2294 3508 est,
2321 3455 2454 3511 opus
2483 3442 2574 3498 Dei
2611 3454 2693 3501 est
2721 3465 2733 3499 :
2763 3456 2817 3503 et
2844 3456 3019 3505 tamen
3048 3451 3172 3522 quia
3200 3467 3320 3508 cum
3363 3453 3456 3510 illo
3492 3464 3547 3511 et
3581 3471 3647 3512 ex
3677 3459 3772 3515 illo

2182 3532 2326 3586 malo
2346 3543 2655 3604 generatur,
2683 3553 2793 3609 quo
2814 3540 2953 3597 bene
2980 3542 3229 3613 pudicitia
3255 3545 3547 3618 conjugalis
3573 3548 3767 3618 utitur,

2181 3627 2543 3683 necessarium
2571 3629 2649 3684 illi
2674 3641 2774 3698 est,
2808 3641 2865 3688 ut
2901 3635 2969 3690 ab
2994 3635 3110 3705 ejus
3135 3637 3258 3692 mali
3296 3653 3438 3695 nexu
3475 3656 3768 3712 regenera-

2183 3717 2327 3774 tione
2369 3721 2622 3779 solvatur.
2669 3724 2980 3809 Quid'ergo
3021 3744 3053 3783 a
3097 3745 3183 3785 me
3217 3732 3432 3802 quaeris,
3486 3752 3508 3786 ι
3558 3733 3672 3790 ιιιιί’
3697 3737 3770 3792 sit

2181 3812 2441 3883 originale
2470 3817 2706 3882 malum;
2743 3837 2763 3871 ι
2795 3833 2917 3875 cum
2944 3819 3076 3878 inte
3103 3823 3218 3892 ipso
3237 3826 3415 3882 verius
3451 3825 3544 3882 tibi
3579 3829 3769 3901 loqua-

2181 3911 2268 3959 tur
2292 3905 2459 3962 libido
2478 3949 2493 3972 ,
2519 3918 2706 3966 contra
2731 3927 2889 3982 quam
2916 3929 3145 3985 pugnas,
3171 3932 3329 3987 quam
3357 3929 3413 3974 tu
3438 3920 3570 3991 ipse,
3595 3937 3768 3993 quan-

2180 3994 2250 4050 do
2291 4011 2408 4054 eam
2447 4000 2676 4057 laudas?
2714 4003 2851 4072 Quid
2888 4007 3101 4078 quaeris,
3131 4027 3152 4063 (
3185 4011 3324 4068 unde
3358 4013 3429 4069 sit
3464 4013 3624 4071 homo
3661 4017 3768 4074 sub

2178 4089 2409 4158 diabolo,
2439 4108 2595 4164 quem
2619 4095 2760 4152 Deus
2790 4097 2955 4154 fecit?
2983 4118 3001 4151 ι
3027 4099 3182 4158 Unde
3207 4104 3348 4159 enim
3375 4114 3458 4162 est
3484 4107 3538 4162 in
3563 4119 3762 4178 morte,

2178 4195 2336 4250 quam
2367 4183 2505 4239 Deus
2530 4201 2640 4242 non
2677 4189 2843 4244 fecit?
2875 4209 2894 4244 ‹
2926 4191 3062 4258 Quid
3091 4193 3166 4249 ibi
3191 4198 3483 4266 cognoscit,
3513 4215 3533 4252 ι
3562 4200 3764 4272 inquis,

2184 4291 2204 4325 ι
2239 4274 2484 4333 diabolus
2529 4293 2719 4345 suum,
2769 4283 2815 4337 si
2864 4298 2964 4340 nec
3009 4287 3151 4357 quod
3195 4287 3429 4355 factum,
3479 4307 3580 4349 nec
3623 4299 3766 4352 unde

2176 4360 2373 4420 factum
2408 4376 2525 4436 est,
2552 4369 2666 4440 ipse
2693 4373 2976 4431 condidit?
3009 4395 3026 4429 ι
3057 4377 3222 4435 Plane
3246 4381 3385 4451 quod
3417 4382 3617 4440 factum
3656 4396 3763 4454 est,

2176 4455 2338 4514 homo
2383 4468 2500 4527 est;
2547 4463 2689 4520 unde
2737 4464 2930 4522 factum
2977 4477 3078 4536 est,
3124 4487 3307 4530 semen
3351 4485 3433 4530 est
3483 4475 3761 4548 hominis;

2177 4559 2461 4641 utrumque
2485 4553 2682 4610 bonum
2708 4566 2792 4612 est
2818 4575 2832 4612 :
2861 4559 2992 4615 nihil
3019 4561 3206 4619 horum
3233 4565 3473 4622 diabolus
3499 4571 3761 4641 condidit,

2175 4640 2270 4696 sed
2296 4643 2482 4698 vitium
2513 4648 2730 4704 seminis
2757 4649 2871 4720 ipsc
2899 4654 3198 4711 seminavit.
3240 4656 3357 4714 Non
3388 4660 3460 4716 ibi
3485 4640 3767 4734 cognoscit

2174 4746 2330 4788 suum
2366 4735 2586 4806 bonum,
2626 4742 2747 4811 quia
2777 4758 2881 4798 non
2917 4756 3000 4801 est
3037 4747 3172 4817 ejus,
3203 4751 3343 4821 quod
3376 4753 3550 4816 ambo,
3575 4755 3764 4813 lauda-

2173 4839 2327 4892 mus;
2368 4828 2461 4882 sed
2487 4834 2761 4902 cognoscit
2789 4851 2942 4892 suum
2969 4839 3186 4909 malum,
3212 4852 3395 4899 contra
3419 4846 3562 4917 quod
3601 4851 3766 4906 ambo

2173 4931 2511 4988 pugnamus:
2545 4938 2644 4978 nec
2687 4936 2833 4983 recte
2877 4928 3135 4998 laudatur,
3171 4933 3238 4988 ab
3279 4935 3447 4991 altero
3486 4947 3759 5005 nostrum,

2173 5019 2358 5065 contra
2385 5013 2524 5083 quod
2554 5015 2621 5070 ab
2647 5026 2872 5090 utroque
2909 5033 3189 5091 pugnatur.
3217 5025 3349 5082 Vide
3379 5043 3529 5098 sane,
3562 5045 3764 5105 quem-

2172 5099 2458 5158 admodum
2499 5121 2706 5176 quacras
2740 5124 2770 5163 a
2807 5126 2926 5179 me,
2961 5131 2980 5164 ι
3023 5113 3162 5170 inter
3197 5125 3274 5172 tot
3310 5118 3478 5186 bona,
3506 5099 3650 5179 unde
3691 5126 3764 5180 sit

2172 5191 2223 5247 in
2261 5197 2492 5264 parvulis
2533 5199 2772 5266 malum;
2812 5221 2831 5255 ι
2865 5212 2920 5258 ει
2965 5213 3140 5263 taceas
3183 5209 3323 5280 quod
3362 5227 3462 5283 ego
3501 5217 3660 5285 posui
3702 5218 3759 5272 in

2170 5287 2362 5343 eodem
2390 5289 2524 5346 libro
2550 5291 2632 5346 cui
2672 5295 2986 5364 respondes,
3013 5307 3068 5353 et
3107 5299 3245 5355 inter
3277 5302 3391 5372 ipsa
3429 5305 3592 5362 verba
3633 5311 3758 5380 qui-

2169 5379 2270 5436 bus
2295 5399 2436 5440 nunc
2475 5387 2769 5457 respondes
2788 5428 2803 5452 ,
2832 5389 2972 5460 quod
2997 5391 3072 5447 ait
3090 5394 3377 5464 Apostolus
3405 5415 3422 5454 :
3452 5396 3558 5454 Per
3594 5417 3758 5457 unum

2170 5475 2419 5532 hominem
2445 5490 2702 5549 peccatum
2731 5483 2934 5538 intravit
2967 5486 3022 5540 in
3051 5489 3329 5557 mundum,
3358 5501 3405 5545 et
3439 5510 3529 5563 per
3567 5512 3756 5564 pecca-

2170 5577 2278 5622 tum
2303 5587 2478 5637 mors;
2517 5582 2562 5626 et
2587 5574 2658 5628 ita
2690 5574 2742 5628 in
2776 5591 2946 5631 omnes
2969 5578 3195 5635 homines
3221 5585 3529 5652 pertransiit,
3561 5586 3617 5641 in
3649 5603 3757 5657 quo

2165 5677 2338 5716 omnes
2377 5675 2702 5733 peccaverunt
2737 5666 2911 5740 (Rom.
2938 5684 2992 5738 v,
3046 5669 3159 5742 ιε).
3185 5671 3298 5729 Hoc
3335 5675 3479 5730 enim
3519 5691 3626 5733 non
3666 5678 3755 5736 vis

2201 5837 2212 5847 .
2229 5777 2243 5806 ¹
2263 5775 2596 5890 _t'luresmr\’tss.,
2615 5778 2858 5832 concludis
2878 5781 2929 5833 in
2952 5782 3136 5846 praelia.
3154 5785 3754 5852 “etiamm

2201 5849 2235 5889 ιε
2253 5851 2305 5889 m
2327 5850 2429 5890 ora:
2497 5873 2510 5886 .

2163 5849 2235 5889 ru
2253 5851 2305 5889 ιη
2325 5849 2510 5901 pra'tro.
