4038 6504
275 392 379 450 τεο

275 518 332 564 ut
361 504 585 564 audiant
609 506 696 564 vel
724 506 904 580 legant
928 506 1174 566 homines
1207 506 1313 565 isto
1340 506 1481 577 loco,
1511 506 1601 565 ubi
1628 509 1862 567 maxime

272 616 405 673 opus
432 612 582 668 erat,
609 617 679 658 ne
705 611 996 673 agnoscant
1021 601 1183 659 ﬁdem
1212 617 1389 670 suam,
1431 610 1488 659 et
1516 610 1865 659 contemnant

270 698 791 766 argumentationem
832 706 998 751 tuam.

336 787 568 845 CAPUT
606 788 795 845 XXIII.
818 818 889 829 —
916 788 1006 846 52.
1037 789 1298 846 Deﬁnisse
1328 805 1415 847 me
1448 789 1602 856 dicis,
1631 808 1651 844 ι
1675 787 1862 846 Homi-

268 894 413 944 nem,
455 881 502 935 si
547 881 615 937 de
659 880 1008 937 fornicatione
1046 891 1315 949 nascatur,
1357 899 1509 939 reum
1552 899 1659 940 non
1699 898 1856 950 esse;

268 969 308 1023 si
354 968 425 1025 de
463 971 737 1043 conjugio,
787 974 1128 1029 innocentem
1168 988 1274 1029 non
1316 989 1455 1031 esse.
1503 993 1523 1027 ι
1565 975 1692 1030 Haec
1733 989 1859 1030 vero

266 1063 431 1118 nimia
470 1075 555 1120 est
593 1075 646 1120 et
684 1075 866 1137 aperta
918 1065 1204 1121 calumnia.
1260 1066 1373 1121 lmo
1423 1066 1638 1122 deﬁnivi
1678 1067 1857 1122 homi-

265 1167 390 1208 nem
440 1154 809 1224 undeeumque
867 1165 1148 1222 nascatur,
1198 1156 1493 1213 secundum
1539 1157 1857 1214 catholicam

266 1244 428 1300 ﬁdem
471 1262 630 1316 quam
678 1256 853 1315 patres
892 1257 1079 1303 contra
1120 1262 1235 1313 vos,
1277 1256 1558 1319 antequam
1604 1263 1857 1304 nascere-

265 1337 420 1404 mini,
450 1336 849 1393 evidentissime
879 1337 1252 1406 defenderunt,
1281 1347 1337 1395 et
1372 1339 1709 1395 innocentem
1735 1354 1855 1396 esse

265 1444 361 1501 per
401 1429 605 1483 nullum
644 1431 913 1499 prOprium
944 1431 984 1497 ί,
1010 1440 1065 1486 et
1106 1447 1257 1487 reum
1303 1447 1396 1502 per
1434 1432 1691 1503 originale
1725 1447 1854 1502 pec-

264 1527 444 1577 catum
476 1538 490 1574 :
521 1530 725 1575 naturae
758 1530 935 1577 autem
968 1522 1343 1588 substantiam,
1378 1522 1528 1593 cujus
1560 1533 1747 1579 auctor
1770 1533 1856 1580 est

264 1608 438 1675 Deus,
467 1611 629 1666 etiam
658 1613 709 1667 in
737 1612 1025 1683 grandibus
1053 1628 1171 1669 esse
1206 1615 1576 1686 peccatoribus
1611 1615 1805 1671 bonam
1833 1631 1851 1681 ;

262 1704 355 1774 qui
404 1703 590 1775 utique
629 1714 847 1775 propter
888 1715 1103 1776 peccata
1135 1708 1297 1763 etiam
1334 1722 1430 1761 sua
1470 1708 1682 1779 propria
1725 1708 1853 1765 mali

262 1807 410 1863 sunt,
442 1813 563 1868 quae
599 1798 674 1853 illi
702 1798 842 1853 malo
879 1814 1003 1855 cum
1041 1815 1148 1871 quo
1192 1801 1301 1855 nati
1346 1809 1473 1856 sunt
1509 1800 1849 1859 addiderunt.

261 1888 367 1945 Cur
399 1898 585 1946 autem
627 1891 890 1958 timerem,
931 1907 997 1947 ne
1035 1892 1169 1947 mihi
1207 1892 1560 1961 objiceretur,
1600 1903 1660 1949 ut
1692 1893 1847 1962 dicis,

270 2000 290 2034 ι
324 1982 446 2055 quia
477 1992 694 2052 peccata
726 1985 965 2040 omnium
1003 1997 1284 2056 parentum
1320 1986 1566 2043 omnibus
1606 1988 1726 2043 [iliis
1752 1988 1852 2043 im-

262 2083 541 2144 putarem;
576 2094 595 2126 ›
623 2090 744 2130 cum
787 2074 995 2131 etiamsi
1036 2076 1139 2131 hoc
1161 2092 1345 2132 verum
1389 2078 1459 2133 sit
1492 2076 1635 2150 (non
1676 2094 1850 2149 quan-

262 2173 371 2219 tum
401 2164 594 2220 attinet
628 2164 695 2220 ad
738 2174 950 2222 utentes
975 2168 996 2199 ³
1021 2166 1131 2238 jam
1161 2183 1271 2223 sum
1297 2168 1583 2225 voluntatis
1605 2169 1847 2238 arbitrio,

260 2255 352 2311 sed
377 2262 637 2324 quantum
663 2258 855 2312 attinet
890 2257 956 2314 ad
984 2260 1312 2330 nascentes),
1343 2260 1488 2315 nullo
1514 2261 1674 2318 modo
1696 2272 1850 2317 natu-

259 2364 331 2404 ra:
373 2349 671 2405 substantia
710 2352 907 2407 malum
949 2362 1126 2421 esset,
1155 2353 1307 2423 cujus
1336 2364 1523 2411 auctor
1560 2366 1643 2411 est
1683 2356 1846 2425 Deus,

259 2439 349 2495 sed
392 2454 458 2494 ea
499 2454 618 2510 qua:
661 2441 840 2497 insunt
872 2443 924 2499 ei
959 2444 1109 2512 vitia,
1148 2452 1333 2500 contra
1362 2461 1479 2517 quae
1518 2454 1572 2502 tu
1613 2461 1843 2519 quoque,

258 2540 315 2587 ut
348 2534 532 2590 verbis
568 2534 671 2589 tuis
704 2542 843 2601 utar,
876 2553 896 2588 ι
926 2550 1145 2591 exerces
1186 2536 1416 2608 gloriosa
1454 2539 1788 2595 certamina?
1820 2558 1842 2595 ι

325 2627 415 2683 53.
457 2625 607 2683 Sicut
646 2636 845 2693 autem,
886 2626 1342 2698 quemadmodum
1382 2629 1551 2697 dicis,
1583 2648 1603 2683 σ
1634 2630 1847 2702 quando

257 2719 486 2775 adulteri
516 2720 768 2791 gignunt,
798 2721 1033 2777 nascitur
1052 2723 1213 2779 homo
1239 2722 1307 2779 de
1332 2723 1527 2781 virtute
1559 2725 1844 2797 seminum,

257 2826 362 2866 non
388 2811 457 2867 de
482 2811 805 2881 turpitudine
827 2812 1145 2884 ﬂagitiorum
1171 2834 1184 2869 :
1214 2834 1233 2868 ι
1264 2816 1335 2870 ita
1360 2817 1573 2888 quando
1593 2818 1847 2890 conjuges

256 2904 502 2974 gignunt,
530 2904 767 2959 nascitur
803 2902 964 2959 homo
989 2903 1058 2961 de
1083 2905 1277 2962 virtute
1314 2908 1602 2977 seminum,
1631 2924 1738 2965 non
1777 2909 1846 2966 de

257 2993 542 3051 honestate
583 2996 907 3066 nuptiarum.
945 2997 1053 3052 Aut
1081 2998 1126 3052 si
1169 2998 1256 3054 hic
1293 2998 1363 3055 de
1402 3008 1647 3071 utroque,
1684 3010 1738 3057 et
1772 3000 1845 3058 ibi

256 3087 320 3144 de
348 3097 617 3159 utroque:
643 3086 845 3144 fructus
877 3097 1056 3146 autem
1095 3090 1401 3161 nuptiarum
1439 3100 1554 3158 est,
1587 3100 1843 3163 quantum

256 3181 321 3237 ad
351 3181 500 3252 ipsas
529 3195 748 3252 prorsus
773 3182 963 3237 attinet
986 3184 1218 3254 nuptias,
1248 3199 1353 3239 non
1379 3184 1652 3241 hominum
1680 3202 1845 3258 gene-

262 3271 419 3340 ratio,
447 3272 540 3343 qui
569 3280 791 3343 possunt
817 3273 976 3327 etiam
1005 3272 1072 3328 de
1095 3273 1350 3331 adulteris
1376 3275 1553 3343 nasci;
1585 3276 1680 3333 sed
1701 3278 1845 3334 ordi-

256 3370 378 3418 nata
421 3365 694 3434 susceptio
738 3364 989 3421 ﬁliorum.
1034 3363 1141 3421 Cur
1177 3381 1306 3437 ergo
1337 3385 1356 3419 ι
1391 3368 1668 3424 sententia:
1709 3384 1843 3426 meae

257 3469 380 3526 pars
406 3454 691 3511 falsissima
719 3465 821 3523 est,
851 3472 953 3527 qua
983 3457 1112 3525 dixi,
1138 3458 1450 3530 Nuptiarum
1477 3460 1675 3517 bonum
1703 3462 1843 3519 malo

254 3545 524 3617 originali,
556 3546 698 3617 quod
728 3546 852 3603 inde
882 3547 1141 3617 trahitur,
1172 3564 1278 3604 non
1308 3559 1483 3620 potest
1510 3554 1781 3619 accusari;
1816 3572 1837 3608 ι

254 3650 373 3693 mm
396 3653 466 3693 eo
492 3638 654 3707 malo,
679 3648 861 3694 contra
883 3640 1026 3710 quod
1052 3657 1272 3712 pugnas,
1295 3652 1350 3699 et
1371 3643 1507 3700 bene
1534 3646 1614 3700 usi
1641 3645 1841 3703 fuerint

254 3729 522 3800 conjugati
563 3738 622 3785 ut
650 3732 981 3798 nascereris,
1012 3741 1068 3787 et
1110 3733 1210 3788 hoc
1238 3734 1363 3790 inde
1391 3735 1487 3791 abs
1531 3744 1583 3792 te
1613 3746 1839 3794 tractum

255 3834 405 3875 reum
435 3828 488 3877 te
518 3829 724 3877 teneret
766 3822 868 3878 nisi
897 3824 1299 3879 renascereris?
1346 3826 1527 3898 Itaque
1555 3842 1655 3884 nec
1682 3844 1842 3885 accn-

256 3912 409 3968 sandi
439 3921 566 3969 sunt
599 3913 853 3986 conjuges
879 3915 968 3987 qui
998 3916 1135 3971 bene
1163 3925 1385 3973 utuntur
1412 3919 1581 3987 malo,
1610 3928 1665 3976 et
1692 3936 1845 3993 rege-

256 4004 481 4060 nerandi
531 4014 655 4060 sunt
701 4004 793 4060 ﬁlii
842 4015 902 4061 ut
954 4007 1250 4063 liberentur
1297 4024 1329 4063 a
1382 4011 1547 4066 malo.
1598 4010 1655 4068 Si
1699 4013 1843 4068 enim

255 4095 561 4166 nuptiarum
604 4095 798 4152 bonum
847 4112 954 4152 non
997 4108 1139 4154 esset
1181 4099 1282 4153 nisi
1326 4098 1498 4155 bonus
1527 4115 1655 4157 usus
1691 4101 1838 4173 boni,

257 4197 383 4245 tunc
410 4189 710 4245 mirandum
736 4197 909 4257 esset,
942 4191 1209 4262 quomodo
1235 4191 1357 4247 inde
1394 4191 1695 4249 traheretur
1719 4208 1839 4250 ma-

258 4278 368 4337 lum
411 4297 427 4336 :
471 4293 595 4337 cum
633 4296 761 4337 vero
800 4281 872 4336 sit
910 4280 1108 4337 bonum
1153 4283 1455 4352 nuptiarum
1501 4282 1672 4339 bonus
1713 4299 1842 4341 usus

258 4374 420 4443 mali,
450 4373 577 4446 quid
615 4374 809 4430 mirum
837 4374 882 4429 si
922 4374 989 4430 de
1030 4375 1146 4446 ipso
1178 4374 1318 4429 malo
1338 4416 1352 4441 ,
1383 4390 1489 4445 quo
1519 4374 1653 4431 bene
1677 4376 1844 4433 utitur

259 4465 472 4522 bonitas
498 4465 821 4535 nuptiarum,
845 4465 1069 4521 trahitur
1094 4465 1294 4521 malum
1316 4464 1459 4536 quod
1479 4474 1561 4521 est
1585 4467 1843 4539 originale

260 4558 579 4629 peccatum?
610 4557 743 4614 lllud
770 4558 1011 4614 mirabile
1039 4566 1142 4626 cst,
1173 4558 1311 4629 quod
1340 4573 1459 4614 cum
1489 4568 1669 4616 essent
1698 4561 1843 4631 Apo-

259 4650 378 4705 stoli
424 4649 597 4705 bonus
639 4648 773 4705 odor
817 4647 1050 4715 Christi,
1095 4648 1405 4705 trahebatur
1451 4649 1575 4706 inde
1619 4651 1838 4719 bonum,

260 4744 569 4800 trahebatur
602 4752 656 4800 et
696 4744 913 4799 malum.
946 4743 1080 4798 Aliis
1109 4743 1249 4798 enim
1284 4753 1439 4799 erant
1478 4744 1613 4800 odor
1635 4746 1756 4800 vita:
1785 4745 1841 4801 in

259 4836 442 4903 vitam,
471 4835 590 4890 aliis
615 4834 747 4890 odor
777 4834 964 4891 mortis
1004 4833 1057 4889 in
1075 4842 1299 4889 mortem
1335 4834 1402 4907 (ll
1428 4833 1546 4890 Cor.
1570 4851 1639 4903 ll,
1676 4837 1761 4901 l5,
1793 4844 1841 4891 et

262 4928 360 4998 16)
387 4944 402 4993 ;
446 4941 569 4982 cum
606 4924 740 4981 odor
780 4925 869 4980 ille
898 4942 1003 4980 non
1032 4933 1174 4980 esset
1218 4938 1345 4978 usus
1374 4926 1536 4993 mali,
1568 4925 1661 4981 sed
1690 4925 1835 4981 boni.

262 5016 384 5073 ideo
412 5016 609 5087 quippe
633 5016 802 5070 bonus
833 5014 967 5070 odor
991 5022 1144 5070 erant
1167 5014 1381 5083 Christi,
1411 5016 1532 5085 quia
1563 5016 1698 5071 bene
1726 5025 1842 5073 ute-

263 5106 456 5165 bantur
484 5108 651 5178 gratia
677 5106 893 5163 Christi.
924 5107 1139 5162 Falsum
1165 5116 1247 5163 est
1275 5108 1434 5180 igitur
1466 5108 1607 5178 quod
1637 5109 1837 5179 dixisti,

268 5218 283 5251 ι
317 5199 373 5255 Si
406 5198 604 5253 malum
646 5197 768 5253 inde
798 5197 1060 5264 trahitur,
1098 5200 1334 5253 accusari
1366 5207 1572 5269 potest,
1600 5200 1841 5257 excusari

267 5308 366 5348 non
417 5299 593 5362 potest
625 5310 637 5346 :
675 5311 693 5344 ι
728 5292 848 5362 quia
888 5290 1113 5346 trahitur
1156 5290 1279 5346 inde
1320 5291 1577 5362 originale
1618 5294 1837 5362 malum,

264 5399 379 5438 eum
428 5383 667 5438 trahatur
712 5383 833 5438 inde
873 5384 1032 5438 etiam
1079 5382 1299 5447 bonum,
1348 5382 1588 5438 ordinata
1639 5385 1842 5442 scilicet

266 5477 570 5547 prepagatio
598 5474 847 5530 ﬁliorum.
898 5474 1005 5530 Nec
1033 5474 1228 5528 malum
1256 5473 1385 5529 illud
1413 5474 1535 5529 inde
1577 5474 1698 5530 ideo
1728 5483 1840 5531 tra-

268 5570 427 5639 hitur,
473 5569 595 5642 quia
640 5571 793 5624 honae
834 5576 959 5623 sunt
1002 5568 1238 5639 nuptim;
1284 5566 1379 5624 sed
1415 5568 1537 5642 quia
1586 5568 1640 5624 in
1687 5568 1843 5625 bonis

328 5751 346 5813 ξ
382 5757 481 5800 am.
508 5756 560 5800 et
603 5755 698 5813 Ern,
743 5751 789 5799 et
839 5748 1135 5813 timocratem
1177 5760 1279 5813 esse
1320 5747 1571 5811 ραηηιιυιη
1608 5761 1696 5812 Per
1731 5762 1842 5813 ρνο-

466 5812 711 5877 Εῃιεηάθῑί
731 5818 891 5877 sunta
906 5811 1286 5877 imvaniensibus
1306 5810 1589 5863 auctoritate
1610 5810 1718 5862 Mss.

328 5875 349 5909 ³
379 5876 451 5928 Sic
470 5874 650 5937 aliquot
670 5880 776 5924 Mss.
800 5873 917 5924 aditi
941 5885 1078 5933 vero,
1102 5870 1319 5922 riventes.

1645 389 1849 451 LIBER
1885 393 2203 456 TERTIUS.

3457 412 3562 471 730

1973 525 2160 569 earum
2185 519 2267 569 est
2289 514 2452 571 etiam
2478 529 2608 573 usus
2631 518 2779 575 mali.
2810 519 2928 578 Non
2956 521 3099 579 enim
3125 522 3316 596 copula
3346 528 3557 598 nuptia-

1970 602 2056 669 lis,
2087 613 2224 660 stcut
2254 614 2405 675 putas
2424 649 2441 675 ,
2472 618 2691 679 propter
2716 613 2895 668 carnis
2920 615 3423 685 concupiscentiam,
3457 622 3552 676 sed

1970 703 2187 765 propter
2212 695 2409 752 bonum
2439 699 2579 768 quod
2619 700 2685 756 de
2727 702 2832 757 isto
2878 704 3018 760 malo
3062 705 3139 772 ﬁt,
3186 708 3422 764 instituta
3450 720 3553 767 est.

1968 785 2120 855 Quod
2157 788 2373 858 quidem
2403 789 2601 846 bonum
2638 793 2756 848 sine
2784 793 2887 851 isto
2915 797 3055 851 malo
3086 797 3271 867 ﬁeret,
3305 800 3350 855 si
3392 817 3556 858 nemo

1968 887 2260 950 peccasSet.
2278 880 2432 937 Nunc
2456 898 2585 954 ergo
2611 884 2729 941 sine
2769 885 2871 941 isto
2899 888 3039 943 malo
3071 905 3191 945 esse
3218 907 3323 947 non
3354 903 3552 965 potest,

1966 970 2061 1025 sed
2088 986 2195 1025 non
2235 970 2358 1028 ideo
2393 974 2592 1029 malum
2622 985 2724 1031 est.
2767 976 2916 1034 Sicut
2943 995 2974 1034 e
3014 982 3317 1049 contrario,
3350 985 3551 1041 nullum

1965 1062 2163 1117 malum
2195 1064 2311 1119 sine
2338 1065 2518 1136 aliquo
2544 1066 2684 1123 bono
2709 1082 2831 1125 esse
2859 1080 3052 1140 potest,
3085 1087 3183 1128 nec
3209 1072 3328 1129 ideo
3353 1075 3551 1132 bonum

1964 1163 2065 1209 est.
2111 1154 2257 1226 Opus
2286 1157 2430 1212 enim
2462 1157 2556 1214 Dei
2584 1159 2783 1215 bonum
2825 1170 2908 1217 est
2946 1163 2999 1217 in
3043 1175 3265 1231 natura,
3293 1167 3409 1223 sine
3447 1186 3553 1239 quo

1964 1254 2142 1303 tamen
2187 1263 2304 1305 esse
2346 1265 2452 1305 non
2490 1261 2664 1322 potest
2692 1254 2937 1309 voluntas
2981 1255 3145 1309 mala.
3191 1260 3268 1313 Ac
3312 1273 3407 1329 per
3450 1260 3553 1317 hoc

1963 1338 2100 1393 sicut
2126 1338 2444 1396 adulterium
2474 1357 2581 1398 non
2613 1352 2790 1414 potest
2830 1359 2951 1401 esse
2979 1346 3096 1402 sine
3138 1347 3280 1403 bono
3323 1359 3546 1417 natum,

1962 1444 2061 1485 nec
2088 1430 2207 1486 ideo
2235 1432 2432 1487 bonum
2459 1443 2543 1489 est
2571 1452 2586 1489 :
2614 1437 2689 1489 ita
2722 1438 3049 1492 connuhium
3084 1452 3189 1493 non
3232 1446 3403 1508 potest
3429 1456 3553 1497 esse

1960 1520 2077 1575 sine
2102 1522 2244 1577 malo
2269 1523 2735 1594 concupiscentiae,
2765 1542 2864 1581 nec
2891 1527 3011 1583 ideo
3043 1529 3243 1584 malum
3274 1542 3376 1587 est.
3408 1531 3549 1598 Qua-

1960 1623 2179 1685 propter
2224 1616 2433 1672 etiamsi
2476 1617 2571 1671 tibi
2617 1619 2978 1689 concedatur,
3015 1640 3036 1675 ι
3073 1637 3287 1680 omnem
3331 1640 3543 1681 causam

1958 1706 2083 1761 mali
2125 1721 2244 1763 esse
2285 1717 2560 1779 expertem
2601 1711 2766 1777 boni;
2804 1730 2823 1763 ι
2858 1713 2989 1768 nihil
3038 1714 3164 1771 hinc
3202 1716 3435 1772 refertur
3477 1715 3543 1775 ad

1958 1798 2191 1867 nuptias,
2224 1814 2342 1869 qua:
2366 1815 2473 1854 non
2513 1809 2637 1855 sunt
2663 1817 2822 1857 causa
2852 1805 2996 1859 mali.
3027 1804 3210 1875 Neque
3246 1807 3390 1862 enim
3416 1823 3551 1863 cono

1956 1889 2298 1959 cupiscentiae
2340 1892 2537 1947 malum
2578 1894 2773 1965 nuptiae
2819 1895 3096 1965 fecerunt;
3145 1898 3242 1955 sed
3270 1915 3376 1971 quo
3405 1899 3550 1957 bene

1954 1990 2253 2047 uterentur,
2285 1992 2529 2052 paratum
2562 1986 2899 2043 invenerunt.

2024 2071 2251 2129 CAPUT
2288 2073 2555 2131 XXIV.—
2570 2078 2659 2133 54.
2694 2096 2715 2130 ι
2750 2078 2865 2134 Non
2894 2080 3089 2149 evadit,
3120 2098 3141 2135 ι
3167 2080 3364 2153 inquis,
3396 2101 3416 2137 ι
3446 2099 3536 2141 res

1955 2165 2044 2223 illa
2080 2166 2420 2237 supplicium,
2445 2170 2602 2239 cujus
2639 2171 3048 2242 participatione
3083 2173 3242 2229 etiam
3284 2175 3385 2229 alia
3428 2185 3537 2231 tra-

1954 2257 2091 2312 bunt
2117 2267 2343 2313 reatum.
2390 2277 2411 2312 ι
2446 2259 2560 2315 Hoc
2590 2260 2637 2315 si
2665 2260 2734 2316 de
2760 2263 3188 2333 concupiscentia
3214 2267 3392 2321 carnis
3416 2281 3543 2322 sen-

1955 2348 2047 2415 tis,
2075 2364 2181 2404 non
2209 2348 2441 2406 absurde
2470 2352 2656 2407 sentis.
2682 2353 2795 2408 Hoc
2819 2354 2961 2409 enim
2989 2355 3132 2410 malo
3159 2356 3295 2411 bene
3324 2366 3546 2413 utuntur

1954 2440 2137 2495 ﬁdeles
2165 2441 2454 2513 conjugati,
2505 2452 2560 2498 et
2603 2458 2674 2499 ex
2708 2442 2811 2500 hoc
2838 2446 2929 2515 qui
2976 2456 3299 2516 generantur
3334 2458 3539 2504 reatum

1954 2531 2188 2598 trahunt,
2229 2532 2458 2605 ideoque
2480 2542 2535 2588 et
2560 2534 2661 2605 ipsi
2692 2536 3038 2606 regenerandi
3086 2547 3229 2593 sunt.
3266 2538 3323 2593 ld
3360 2549 3536 2596 autem

1952 2623 2153 2678 malum
2192 2638 2301 2679 non
2340 2623 2516 2679 evadit
2553 2625 2909 2695 supplicium:
2941 2626 3062 2695 hoc
3111 2636 3193 2684 est
3235 2630 3377 2685 enim
3424 2631 3539 2701 ejus

1958 2716 2301 2786 supplicium,
2329 2724 2391 2772 ut
2414 2731 2535 2773 cum
2560 2719 2848 2789 generatis,
2878 2719 2924 2774 si
2953 2722 3250 2792 regemrati
3282 2738 3386 2778 non
3417 2722 3537 2779 fue-

1954 2807 2085 2874 rint,
2133 2808 2417 2877 puniatur;
2466 2809 2519 2865 in
2549 2811 2877 2880 regeneratis
2905 2822 3104 2879 autem,
3132 2828 3253 2869 cum
3282 2829 3351 2870 ex
3390 2816 3537 2873 omni

1958 2908 2110 2970 parte
2137 2900 2306 2955 sanati
2334 2899 2549 2966 fuerint,
2580 2912 2946 2957 consumatur.
2983 2921 3002 2955 ι
3034 2902 3091 2958 Si
3123 2903 3367 2974 trahitur,
3402 2922 3424 2958 ι
3455 2906 3537 2960 in-

1949 2990 2088 3061 quis,
2154 3007 2173 3042 t
2207 2998 2260 3046 et
2288 2989 2355 3046 de
2399 2991 2599 3062 nuptiis
2642 2992 2901 3064 originale
2942 2993 3163 3061 malum,
3194 3010 3353 3049 causa
3398 2995 3526 3049 mali

1948 3088 2032 3136 est
2055 3081 2335 3136 conventio
2364 3082 2689 3152 nuptiarum.
2723 3101 2742 3135 ι
2765 3082 2901 3151 Quid
2923 3083 2969 3138 si
2988 3083 3123 3139 alius
3150 3083 3311 3153 dicat,
3336 3085 3391 3141 Si
3416 3095 3528 3141 tra-

1948 3171 2093 3227 hitur
2118 3171 2186 3227 de
2209 3180 2397 3228 natura
2425 3174 2671 3230 voluntas
2698 3176 2857 3241 mala,
2881 3191 3039 3231 causa
3065 3178 3189 3232 mali
3217 3186 3300 3232 est
3326 3179 3528 3233 consti-

1947 3266 2082 3320 tutio
2107 3266 2454 3320 naturarum?
2482 3280 2661 3321 nonne
2690 3266 3029 3322 falsissimum
3055 3268 3177 3323 est?
3212 3269 3302 3325 Sic
3323 3285 3452 3341 ergo
3476 3279 3529 3325 et

1946 3358 2089 3431 quod
2142 3358 2258 3427 ipse
2307 3357 2521 3425 dixisti;
2574 3358 2816 3429 quamvis
2870 3359 3128 3430 originale
3176 3362 3375 3415 malum
3422 3378 3529 3417 non

1946 3448 2015 3504 de
2040 3448 2238 3519 nuptiis
2266 3448 2540 3518 trahatur,
2586 3449 2683 3504 sed
2725 3448 2792 3504 de
2830 3451 3028 3505 carnali
3064 3453 3527 3521 concupiscentia;

1946 3547 2132 3596 contra
2185 3538 2329 3610 quod
2382 3540 2581 3595 malum
2632 3547 2687 3596 et
2729 3540 2843 3611 ipse
2894 3541 3135 3613 conﬁigis
3171 3560 3185 3596 :
3229 3558 3336 3614 quo
3387 3546 3531 3601 malo

1948 3634 2219 3707 conjugati
2272 3635 2412 3691 bene
2459 3641 2679 3690 utuntur
2704 3677 2720 3702 ,
2767 3635 2814 3691 si
2867 3635 2980 3691 sola
3033 3636 3286 3707 conjuges
3342 3652 3531 3708 propa-

1946 3724 2173 3796 gationis
2202 3725 2374 3796 gratia
2403 3725 2759 3792 misceantur;
2788 3735 2842 3781 et
2867 3726 2913 3780 si
2944 3736 3220 3797 peccatum
3250 3741 3357 3783 non
3387 3743 3529 3799 prm-

1946 3819 2198 3875 cessisset
2239 3818 2382 3889 quod
2430 3819 2484 3873 in
2525 3833 2712 3874 omnes
2756 3818 3002 3874 homines
3047 3824 3373 3890 pertransiit,
3428 3835 3529 3877 nec

1945 3909 2133 3966 fuisset
2156 3909 2394 3981 profecto
2420 3911 2616 3965 malum
2639 3924 2747 3981 quo
2773 3910 2911 3967 bene
2933 3918 3227 3981 uterentur,
3256 3923 3312 3968 et
3345 3921 3521 3970 tamen

1945 4012 2005 4058 ut
2026 4010 2375 4073 procrearent
2400 4001 2540 4057 ﬁlios
2564 4002 2937 4058 miscerentur.

2018 4094 2108 4151 55.
2149 4093 2227 4150 De
2274 4093 2555 4149 arboribus
2598 4103 2778 4149 autem
2818 4093 2958 4150 bona
2982 4103 3039 4150 et
3064 4096 3223 4162 mala,
3268 4105 3525 4167 quantum

1945 4184 2236 4252 erraveris,
2266 4193 2395 4254 puto
2422 4199 2509 4240 me
2546 4184 2676 4239 satis
2704 4184 3099 4240 demonstrasse
3121 4186 3186 4240 lin
3231 4188 3400 4256 primo
3430 4189 3528 4243 hu-

1941 4278 2030 4350 jus
2056 4278 2234 4349 operis
2259 4276 2396 4332 libro
2419 4274 2570 4347 (Cap.
2595 4276 2649 4340 8,
2678 4293 2732 4329 η.
2763 4276 2926 4331 58-41
2963 4278 2983 4347 )
3025 4294 3039 4330 :
3069 4285 3125 4332 et
3151 4291 3272 4331 cum
3311 4278 3526 4334 eosdem

1944 4369 2117 4426 nodos
2141 4376 2373 4439 repetas,
2414 4369 2505 4438 qui
2546 4368 2657 4436 jam
2701 4367 2859 4423 soluti
2902 4374 3046 4433 sunt,
3088 4383 3194 4423 non
3224 4378 3307 4423 est
3332 4383 3523 4441 super-

1944 4459 2065 4515 ﬁuis
2095 4458 2505 4514 immorandum.
2549 4457 2754 4527 Quaeris
2798 4476 2819 4511 ι
2850 4473 2947 4528 per
2974 4458 3101 4529 quid
3132 4468 3408 4529 peccatum
3441 4462 3523 4515 in-

1946 4550 2191 4607 veniatur
2213 4549 2267 4604 in
2298 4549 2572 4619 parvulis;
2609 4567 2628 4601 ι
2659 4557 2714 4603 et
2738 4563 3022 4604 enumeras
3051 4549 3214 4603 multa
3242 4550 3403 4617 bona,
3445 4560 3524 4606 ta-

1945 4658 2074 4701 cens
2104 4642 2173 4698 de
2200 4641 2364 4709 malo,
2409 4650 2591 4697 contra
2631 4640 2773 4713 quod
2803 4656 3003 4712 pugnas
3031 4658 3046 4695 :
3079 4641 3172 4697 sed
3202 4656 3323 4697 cum
3354 4651 3522 4708 taces,

1946 4734 2165 4792 clamas.
2220 4752 2241 4786 ι
2284 4732 2577 4799 Parentes,
2602 4750 2622 4785 ι
2666 4733 2879 4803 inquis,
2933 4751 2953 4785 ι
2995 4733 3086 4803 qui
3122 4743 3387 4789 conventu
3428 4749 3527 4789 suo

1945 4841 2160 4884 causam
2187 4823 2363 4880 fecere
2382 4834 2621 4895 peccato,
2648 4823 2769 4893 jure
2790 4823 3155 4891 damnabiles;
3188 4841 3416 4897 quorum
3446 4828 3527 4882 la-

1944 4917 2075 4973 bore
2089 4924 2269 4973 actum
2288 4922 2371 4971 est
2390 4922 2449 4969 ut
2467 4914 2533 4970 ad
2550 4914 2880 4971 dominatum
2896 4916 3254 4971 exercendum
3272 4917 3323 4972 in
3343 4916 3519 4973 homi-

1945 5023 2039 5064 nes
2069 5007 2313 5063 diabolus
2340 5007 2665 5077 perveniret.
2708 5025 2728 5059 ι
2770 5008 2930 5063 Potes
2958 5008 3060 5064 hoc
3083 5018 3137 5064 et
3174 5010 3274 5080 ipsi
3296 5011 3406 5065 Deo
3435 5011 3524 5066 di-

1944 5114 2089 5166 cere,
2116 5113 2225 5154 non
2251 5098 2372 5153 dico
2391 5098 2514 5168 quia
2531 5106 2677 5153 creat
2700 5096 2945 5153 homines
2976 5100 3247 5157 trahentes
3266 5102 3524 5173 originale

1944 5199 2243 5263 peccatum,
2258 5190 2381 5261 quia
2397 5189 2449 5244 id
2471 5198 2529 5244 tu
2546 5203 2739 5261 negas;
2767 5190 2862 5246 sed
2878 5178 3001 5262 quia
3020 5188 3188 5249 nutrit
3200 5203 3255 5250 et
3268 5196 3428 5250 vestit
3444 5194 3523 5247 in—

1945 5283 2304 5340 numerabiles
2322 5283 2535 5354 impios,
2553 5284 2714 5340 etiam
2732 5299 2866 5357 quos
2889 5288 3034 5343 novit
3050 5288 3102 5344 in
3119 5288 3232 5359 ipsa
3253 5288 3523 5357 impietate

1946 5375 2417 5447 mansuros:un
2440 5375 2680 5446 profecto
2702 5378 2750 5433 si
2775 5394 2881 5434 non
2898 5378 3131 5445 fecisset,
3148 5392 3332 5435 servos
3352 5378 3526 5434 homi-

1946 5486 2044 5527 nes
2062 5468 2304 5525 diabolus
2324 5484 2433 5524 non
2456 5469 2697 5527 haberet.
2734 5470 2841 5527 Sed
2864 5472 3083 5527 forsitan
3107 5471 3273 5539 dicas,
3309 5472 3448 5528 Deus
3467 5471 3524 5528 in

1946 5564 2027 5621 eis
2048 5563 2329 5635 pascendis
2354 5578 2461 5620 non
2486 5564 2711 5621 attendit
2738 5565 2841 5621 nisi
2870 5565 3089 5629 bonum,
3117 5565 3267 5636 cujus
3292 5566 3406 5637 ipse
3431 5581 3527 5622 au-

1948 5667 2065 5714 ctor
2089 5668 2192 5727 est,
2224 5658 2364 5730 quod
2399 5658 2643 5715 homines
2671 5668 2816 5714 sunt.
2844 5658 2932 5715 Sic
2958 5673 3086 5729 ergo
3114 5666 3170 5715 et
3204 5667 3452 5729 parentes
3470 5660 3525 5717 iu

1949 5751 2072 5807 ﬁliis
2086 5751 2361 5823 gignendis
2378 5765 2486 5806 non
2514 5750 2793 5806 attendunt
2822 5748 2922 5804 nisi
2950 5748 3167 5814 bonum,
3195 5750 3338 5821 quod
3355 5750 3528 5810 homi-

1949 5856 2047 5900 nes
2061 5850 2204 5911 sunt,
2223 5843 2451 5899 maxime
2465 5842 2764 5899 nescientes
2775 5839 2962 5911 quales
2972 5840 3132 5897 futuri
3143 5852 3287 5902 sunt.
3298 5844 3527 5919 Nempe,
