4038 6474
478 413 576 473 73!

477 531 620 606 quod
649 529 809 587 etiam
838 535 892 581 tu
921 519 1189 579 conﬁteris
1212 559 1229 587 ,
1260 506 1536 589 peccatum
1565 513 1766 569 nullum
1807 519 1986 606 esset,
2013 510 2061 606 si

478 603 622 681 nulla
649 619 1010 694 praecessisset
1052 613 1298 668 voluntas
1323 609 1463 666 mala
1505 627 1518 663 :
1571 607 1692 680 quia
1723 613 1776 662 ct
1803 603 2061 676 originale

482 725 757 790 peccatum
793 708 953 782 (quod
981 723 1076 762 nos
1099 705 1327 761 dicimus
1345 746 1359 769 ,
1385 718 1479 758 vos
1501 699 1726 773 negatis)
1753 699 1952 754 nullum
1981 707 2089 786 es-‘l

483 821 566 868 set
596 810 777 878 utique
803 845 818 871 ,
847 803 946 859 nisi
976 811 1160 856 natura
1190 814 1253 854 ex
1285 797 1438 868 primi
1462 793 1696 849 hominis
1718 791 1855 848 maia
1879 791 2068 845 volun;

486 911 596 958 tate
623 900 825 954 vitiata.
868 894 973 950 Sed
1004 893 1147 948 nulla
1187 899 1328 956 esset
1362 888 1521 944 etiam
1545 886 1790 940 voluntas
1831 883 1990 947 mala,
2021 879 2066 937 si

483 993 624 1048 nulla
673 987 1035 1060 prmeessisset
1072 977 1282 1047 natura,
1317 979 1399 1035 vel
1437 977 1673 1049 angelica
1705 975 1784 1032 vel
1810 973 2088 1032 humana.‘

483 1081 748 1154 Numquid
775 1087 988 1150 propter
1017 1076 1118 1130 hoc
1147 1076 1308 1129 Deum
1338 1087 1553 1134 causam
1580 1066 1829 1162 dicturus
1842 1083 1903 1162 res
1935 1075 2088 1162 pec-2

405 1141 420 1162 ἱ
484 1141 746 1240 calorum,
771 1172 892 1240 quia
917 1169 1161 1223 voluntas
1187 1166 1300 1236 ejus
1321 1178 1478 1219 causa
1505 1164 1585 1216 est
1611 1157 1946 1214 mutabilium
1971 1174 2082 1222 na-_

487 1263 763 1321 turarum?
791 1262 936 1316 Sicut
963 1275 1091 1330 ergo
1119 1256 1319 1312 creanti
1351 1256 1459 1310 Deo
1487 1269 1592 1307 non
1613 1252 1900 1321 imputatur
1925 1249 2068 1320 quod

489 1357 778 1414 rationales
805 1340 1006 1408 naturai
1030 1367 1058 1404 a
1089 1351 1228 1406 bono
1255 1347 1540 1413 deﬁciunt,
1573 1344 1667 1402 sed
1698 1344 1838 1416 quod
1871 1344 2086 1400 bonum

489 1460 658 1509 sunt:
706 1451 784 1505 sic
827 1448 1139 1520 parentibus
1168 1445 1502 1516 gignentibus
1534 1449 1590 1497 et
1630 1441 1770 1496 malo
1813 1440 2069 1512 concupi—

489 1543 706 1598 scentiae
744 1542 882 1604 bene
925 1539 1190 1611 utentibus
1240 1551 1345 1590 non
1389 1534 1758 1604 imputandum
1801 1542 1882 1587 est
1929 1530 2071 1603 quod

489 1649 608 1689 cum
637 1649 702 1688 eo
731 1633 870 1688 tnaio
899 1631 990 1685 ﬁlii
1018 1639 1327 1695 nascuntur,
1368 1627 1462 1682 sed
1501 1624 1642 1696 quod
1683 1625 1880 1679 bonum
1923 1627 2069 1679 sunt.

487 1727 606 1782 Non
635 1737 809 1782 autem
849 1723 990 1790 ideo,
1007 1723 1145 1777 sicut
1169 1730 1340 1791 putas,
1365 1738 1383 1771 ι
1407 1734 1436 1774 a
1455 1716 1664 1772 diabolo
1698 1715 1907 1770 ducitur
1923 1713 2074 1785 origo

492 1821 826 1876 nascentium
851 1859 865 1883 ,
898 1837 917 1870 ι
952 1819 1004 1874 in
1032 1824 1284 1888 quantum
1332 1813 1574 1868 homines
1601 1821 1745 1875 sunt,
1781 1828 1801 1862 t
1845 1808 1967 1880 quia
1993 1807 2074 1863 di-

493 1914 629 1968 citur
663 1928 693 1966 a
731 1909 941 1965 diabolo
971 1923 1090 1964 esse
1132 1906 1280 1977 origo
1315 1903 1544 1975 peccati,
1587 1904 1702 1958 sine
1749 1916 1856 1972 quo
1900 1897 2082 1955 nullus

494 2003 735 2059 nascitur
761 2001 1054 2055 hominum.
1093 2017 1110 2050 ι
1147 1997 1330 2068 Neque
1359 1997 1500 2050 enim
1545 1987 1666 2065 quia
1707 1994 1858 2064 origo
1887 1990 2076 2048 mortis

493 2111 525 2152 a
550 2095 763 2152 diabolo
787 2080 886 2156 est,
919 2089 1039 2147 ideo
1066 2092 1132 2145 ab
1162 2089 1252 2144 illo
1278 2097 1358 2144 est
1387 2086 1534 2158 origo
1562 2083 1885 2140 mortalium.

563 2188 654 2244 56.
701 2205 720 2240 ‹
749 2187 955 2242 Rimam
978 2187 993 2216 ³
1026 2203 1046 2236 ι
1073 2183 1266 2254 qumris
1293 2199 1310 2232 ‹
1344 2181 1481 2236 inter
1500 2187 1576 2234 tot
1600 2179 1915 2234 innocentia:
1941 2191 2079 2246 pra:-

494 2278 650 2346 sidia,
703 2293 804 2348 qua
861 2275 1090 2348 pomerit
1130 2273 1330 2328 intrare
1374 2279 1698 2342 peccatum:
1740 2288 1758 2320 ι
1814 2284 1934 2324 cum
1982 2266 2078 2336 tibi

493 2371 736 2429 ostendat
765 2368 1037 2439 apostolus
1057 2367 1272 2432 Paulus,
1298 2381 1403 2422 non
1431 2363 1642 2429 rimam,
1679 2359 1773 2416 sed
1803 2360 2079 2432 apertissi-

496 2478 638 2521 mam
673 2462 912 2531 januam,
954 2459 1156 2526 dicens,
1201 2455 1305 2511 Per
1333 2472 1491 2509 unum
1535 2455 1787 2507 hominem
1817 2461 2079 2522 peccatum

491 2555 695 2612 intravit
737 2554 790 2608 in
837 2551 1101 2614 mundum,
1129 2561 1174 2606 et
1215 2565 1303 2620 per
1333 2558 1590 2618 peccatum
1632 2560 1800 2609 mors;
1843 2553 1888 2597 et
1917 2544 1988 2597 ita
2026 2545 2080 2596 in

495 2662 667 2712 omnes;
702 2645 948 2720 homineg
961 2631 1268 2714 pertransiit.
1309 2637 1413 2696 Sed
1444 2638 1558 2692 bmc
1582 2647 1762 2720 tacens
1789 2635 1968 2703 verba,
1995 2631 2079 2690 di-

495 2739 573 2794 cis
601 2746 710 2804 tua,
741 2754 760 2788 ι
788 2736 920 2802 Quia
941 2751 1035 2804 per
1049 2749 1181 2804 opus
1203 2732 1294 2788 Dei
1325 2745 1460 2800 opus
1487 2725 1680 2814 diaboli
1706 2727 1932 2782 transire
1974 2742 2079 2781 non

494 2832 686 2888 sinitur
713 2848 726 2884 :
759 2849 778 2881 ο
813 2844 933 2882 cum
965 2827 1208 2890 homines
1238 2825 1343 2880 sint
1367 2811 1516 2896 opus.
1531 2811 1645 2890 Dei,
1682 2831 1954 2894 peccatum
1987 2819 2081 2874 au-'

494 2932 602 2980 tem
632 2937 766 2991 Opus
791 2919 1007 2985 diaboli,
1037 2916 1176 2988 quod
1204 2915 1331 2970 dicit
1358 2914 1639 2984 Apostolus
1671 2915 1722 2968 in
1747 2928 1933 2968 omnes
1960 2927 2081 2982 per-

497 3013 771 3068 transisse.
799 3010 1029 3073 Clamas,
1064 3026 1081 3072 t
1119 3005 1174 3062 Si
1206 3013 1390 3062 natura
1419 3021 1512 3076 per
1538 3003 1703 3060 Deum
1725 3014 1825 3070 est,
1858 3005 1961 3058 non
1985 3020 2082 3074 p0-

503 3114 606 3162 test
634 3105 687 3164 in
717 3119 777 3158 ea
808 3117 927 3156 esse
956 3100 1214 3172 originale
1245 3099 1439 3154 malum
1480 3117 1493 3152 :
1544 3117 1563 3150 ι
1610 3099 1760 3170 quasi
1795 3113 1903 3153 non
1946 3099 2082 3156 alius

501 3195 800 3266 religiOsius
827 3194 929 3249 sibi
954 3194 1186 3250 clamare
1213 3191 1472 3259 videatur,
1503 3190 1559 3245 Si
1593 3199 1778 3246 natura
1807 3207 1899 3261 per
1916 3192 2081 3258 Deum

498 3298 602 3356 est,
643 3304 746 3344 non
799 3297 972 3360 potest
1014 3303 1080 3344 ex
1108 3302 1168 3342 ea
1201 3286 1344 3340 nasci
1372 3286 1538 3340 ullum
1583 3285 1804 3352 malum,
1849 3293 1942 3339 aut
1975 3299 2082 3338 non

498 3391 672 3456 potest
718 3381 769 3436 in
809 3395 874 3436 ea
915 3394 1034 3434 esse
1079 3378 1242 3432 ullum
1288 3367 1518 3436 malum.’
1551 3377 1617 3434 Et
1664 3385 1844 3432 tamen
1891 3376 2082 3430 falsum

499 3482 582 3528 est
623 3491 636 3528 ;
687 3473 807 3544 quia
852 3486 951 3527 nec
990 3469 1118 3524 oriri
1155 3469 1352 3524 malum
1385 3475 1578 3538 potest,
1611 3468 1713 3524 nisi
1753 3484 1818 3522 ex
1859 3478 2080 3534 natura;

498 3581 600 3630 nec
628 3564 713 3619 ubi
744 3564 812 3618 sit
840 3563 1016 3624 habet,
1045 3561 1088 3616 si
1131 3576 1234 3614 non
1267 3558 1424 3614 fuerit
1463 3558 1516 3612 in
1558 3566 1764 3614 natura.
1812 3557 2085 3613 Conﬁteor

501 3633 660 3726 igitur
686 3669 820 3724 opus
851 3653 942 3706 Dei
975 3667 1098 3708 esse
1121 3651 1215 3722 qui
1253 3650 1508 3716 nascitur,
1541 3651 1698 3704 etiam
1729 3647 1945 3704 trahens
1972 3650 2082 3704 ori-

497 3750 674 3821 ginale
723 3747 954 3812 malum;
996 3744 1244 3816 quoniatn
1285 3743 1424 3814 quod
1464 3743 1517 3798 in
1559 3743 1647 3800 illo
1687 3743 1777 3798 Dei
1807 3758 1940 3813 opus
1981 3751 2081 3814 est,

502 3842 699 3912 bonum
751 3848 834 3896 est
876 3857 893 3913 :_
935 3838 1054 3909 quia
1101 3838 1297 3894 bonum
1329 3846 1408 3891 est
1448 3851 1582 3906 epus
1629 3837 1719 3892 Dei
1758 3838 1918 3893 etiam
1964 3853 2084 3894 cum

504 3936 665 3999 malo,
695 3917 800 3986 non
822 3932 994 3986 solum
1023 3930 1360 4000 inparvulis,
1380 3945 1560 3984 verum
1591 3931 1752 3986 etiam
1783 3932 1835 3986 in
1865 3931 2086 4004 quibus-

498 4030 630 4094 libet
657 4027 920 4096 aetatibus,
966 4023 1066 4080 hoc
1091 4033 1191 4087 est,
1233 4024 1547 4090 substantia,
1581 4024 1768 4091 forma,
1801 4025 1926 4090 vita,
1959 4041 2086 4080 sen-

493 4137 613 4185 sus,
645 4120 799 4182 ratio,
835 4126 1132 4188 caeteraque
1162 4117 1340 4170 omnia
1371 4116 1530 4181 bona,
1560 4117 1720 4171 etiam
1749 4117 1799 4170 in
1828 4133 2082 4192 quocum;-

499 4229 606 4286 qne
658 4214 870 4270 homine
921 4212 1080 4272 malo.
1133 4210 1261 4278 Quis
1305 4219 1485 4266 autem
1539 4222 1790 4282 operatur
1837 4222 1898 4270 ut
1947 4213 2089 4270 vivat

495 4308 688 4368 homo,
742 4305 844 4359 nisi
897 4304 946 4358 in
996 4318 1104 4373 quo
1148 4303 1390 4371 vivimus,
1446 4317 1741 4369 movemur,
1801 4313 1856 4360 et
1905 4320 2089 4361 sumus

497 4398 644 4471 (Act.
675 4413 802 4460 xvn,
839 4395 968 4465 28)?
1007 4394 1063 4450 Id
1100 4403 1280 4452 autem
1321 4405 1572 4465 operatur
1608 4397 1816 4451 occulto
1859 4397 2087 4467 quodam

505 4505 672 4560 apere
700 4486 1066 4544 beneﬁcentiae
1090 4488 1110 4518 ⁸
1140 4502 1252 4549 sua:
1272 4528 1285 4551 ,
1316 4487 1558 4556 exceptis
1583 4487 1850 4544 alimentis
1877 4489 2088 4560 perspi-

507 4587 622 4641 cuis
647 4585 846 4656 quibus
871 4582 1206 4638 extrinsecus
1233 4582 1578 4637 sustinemur.
1607 4582 1706 4649 Qui
1738 4597 1865 4652 ergo
1892 4597 2087 4654 opera-

485 4689 596 4732 tur
637 4686 693 4732 ut
722 4678 860 4731 vivat
906 4677 1084 4738 homo,
1124 4674 1363 4744 quamvis
1395 4674 1816 4738 conversatione
1861 4675 2087 4740 vitiosa;

514 4771 626 4840 ipse
654 4778 907 4838 operatur
928 4774 986 4824 ut
1013 4775 1264 4822 nascatur
1292 4765 1473 4830 homo,
1511 4769 1756 4837 quamvis
1783 4766 1990 4838 origine
2016 4766 2093 4838 vi-

510 4861 657 4915 tiata.

579 4948 806 5006 CAPUT
837 4947 1005 5006 XXV.
1052 4977 1126 4988 —
1161 4949 1254 5006 5‘1.
1285 4946 1423 5014 Quid
1451 4955 1534 5008 est
1561 4957 1760 5015 autem,
1792 4948 1934 5019 quod
1965 4963 2089 5024 pro-

487 5043 697 5112 positis
737 5041 856 5098 aliis
908 5056 973 5098 ex
1015 5040 1149 5098 libro
1195 5053 1315 5100 meo
1352 5041 1528 5096 verbis
1572 5041 1708 5098 meis
1751 5040 1904 5112 ﬁngis
1948 5043 2090 5118 quod

488 5131 784 5198 dixerim,
845 5132 1076 5188 «Aliam
1134 5131 1297 5204 fuisse
1342 5132 1646 5202 nuptiarum
1700 5133 2088 5190 institutionem

515 5234 636 5280 ante
669 5235 944 5295 peccatum
973 5224 1121 5291 Adae,
1163 5241 1283 5294 quae
1325 5225 1442 5282 sine
1484 5227 1936 5296 concupiscentia,
1977 5215 2092 5282 sine

505 5327 662 5374 Διιιοιιι
691 5334 998 5389 corporum,
1030 5319 1148 5378 sine
1174 5319 1493 5378 necessitate
1513 5335 1734 5376 sexuum
1750 5336 1872 5389 esse
1897 5323 2095 5390 potuis-

515 5414 670 5468 sent?
704 5431 721 5460 ι
771 5411 1001 5470 Detrahe
1047 5413 1246 5481 nuptiis
1290 5413 1775 5482 concupiscentiam
1819 5431 1922 5485 qua
1967 5429 2094 5476 caro

473 5545 482 5555 .
515 5506 842 5576 concupiscit
868 5505 1124 5560 adversus
1151 5505 1414 5574 spiritum,
1445 5505 1665 5562 detrahe
1691 5507 1885 5562 malum
1907 5517 2095 5568 contra

474 5655 476 5658 .
515 5601 659 5670 quod
712 5616 914 5669 pugnas
953 5599 1183 5670 gloriosa
1227 5615 1486 5656 exercens
1525 5601 1865 5657 continentiae
1906 5602 2097 5656 virtute

481 5691 837 5756 .‘certatnina;
869 5698 924 5744 et
971 5705 1076 5744 non
1121 5705 1255 5760 epus
1299 5701 1385 5752 est
1426 5700 1484 5754 ut
1526 5702 1719 5750 caetera
1747 5691 2022 5763 detrahas,
2052 5694 2096 5749 si

582 5815 598 5890 ξ
636 5832 735 5870 am.
763 5828 815 5871 et
833 5827 960 5890 Mss,
987 5822 1165 5890 minus.
1193 5861 1198 5865 .

581 5887 602 5917 ⁸
638 5891 688 5933 In
712 5893 838 5945 Mss,
860 5884 1213 5946 betwltciemice.

1251 399 1526 459 CONTRA
1565 383 1904 456 JULIANUM
1943 371 2416 461 PELaGtANUM‘,‘
2443 395 2500 450 s.
2543 395 2910 454 auensrnn

3648 397 3758 463 732
3773 380 3794 430 ·“

2180 511 2388 579 nuptias
2425 512 2616 580 qttrcris'
2647 511 2828 582 quales
2868 513 2990 568 ante
3023 521 3294 586 peccatum
3329 505 3628 589 primorum
3659 514 3792 577 lto-r’

2175 604 2375 656 minum
2405 615 2524 658 esse
2555 613 2855 674 potuerunt.
2887 597 3014 662 Sine
3047 619 3190 663 motu
3218 611 3360 666 enim
3387 627 3670 683 corporum
3695 624 3754 670 et
3787 625 3793 634 '

2175 697 2290 764 sine
2321 699 2639 753 necessitate
2683 715 2906 754 sexuum
2935 702 3054 770 quis
3093 717 3326 773 unquam
3368 705 3500 760 ullas
3547 708 3791 776 nuptiaS’

2175 787 2466 860 cogitavit?
2486 780 2598 847 Sed
2631 791 2823 847 bellum
2853 791 2994 864 quod
3023 797 3072 848 in
3104 809 3161 851 se
3192 801 3325 852 casti
3359 802 3613 866 sentiunt,
3647 805 3766 858 sive

2176 871 2533 948 continentes,
2555 878 2668 938 sive
2697 883 2856 938 etiam
2882 883 3168 956 coniugati,
3207 886 3308 942 hoc
3333 885 3556 944 dicimus
3582 891 3639 946 in
3672 909 3768 960 pa-

2177 973 2373 1040 radiso,
2401 981 2525 1030 ante
2555 979 2828 1046 peccatum
2856 975 3000 1033 nullo
3026 979 3184 1033 modo
3206 995 3328 1036 esse
3349 981 3608 1053 potuisse.
3631 983 3788 1056 lpsac‘

2177 1069 2304 1133 ergo
2332 1066 2491 1120 etiam
2534 1081 2677 1122 nunc
2719 1077 2845 1122 sunt
2872 1071 3069 1141 nuptiae
3092 1113 3108 1138 ,
3153 1069 3247 1126 sed
3279 1074 3332 1125 in
3357 1075 3678 1142 generandis
3709 1077 3772 1128 ti-

2179 1151 2262 1208 liis
2290 1163 2413 1211 tunc
2439 1158 2589 1212 nullo
2617 1159 2759 1214 malo
2786 1169 3095 1227 uterentur,
3141 1177 3284 1217 nunc
3314 1166 3787 1234 concupiscentia!

2178 1241 2319 1301 malo
2350 1247 2486 1303 bene
2514 1257 2749 1304 utuntur.
2778 1251 2894 1318 Quo
2920 1253 3060 1307 malo
3088 1267 3180 1308 sua
3211 1255 3348 1310 bona
3376 1272 3479 1311 non
3510 1253 3783 1327 perdide-'

2178 1345 2321 1402 runt,
2373 1339 2424 1393 in
2465 1340 2719 1396 castitatis
2766 1341 2889 1408 ﬁde,
2940 1344 2991 1398 in
3034 1343 3423 1415 conjunctionis
3455 1348 3679 1414 fmdere,
3714 1345 3784 1404 in:

2179 1433 2486 1502 propaginis
2524 1434 2784 1503 germine.
2831 1435 3143 1492 Adhtereret
3170 1455 3297 1508 ergo
3341 1451 3464 1495 tunc
3498 1442 3657 1496 etiam
3692 1443 3776 1496 vit-

2178 1523 2330 1579 uxori
2353 1536 2409 1579 ut
2431 1525 2708 1596 gignerent
2730 1525 2892 1594 ﬁlios;
2922 1544 3026 1583 non
3051 1537 3224 1584 tamen
3257 1531 3512 1589 haberent
3537 1535 3587 1587 in
3607 1547 3774 1588 carne

2181 1627 2384 1686 motum
2413 1617 2644 1675 libidinis
2669 1619 2912 1686 turbidm,
2943 1623 3035 1677 sed
3067 1625 3365 1695 tranquillm
3398 1627 3773 1681 tantummodo

2180 1710 2487 1778 voluntatis,
2519 1726 2620 1783 qua
2653 1713 2973 1783 imperamus
3001 1720 3207 1771 caeteris
3235 1721 3485 1776 membris
3515 1721 3554 1774 ¹-.

2203 1810 2210 1823 "
2253 1801 2341 1859 58.
2384 1803 2576 1875 Arguis
2607 1819 2691 1861 me
2712 1849 2724 1871 ,
2758 1807 2898 1876 quod
2932 1825 2950 1859 t
2983 1823 3077 1862 eos
3109 1811 3355 1879 parvulos
3382 1813 3472 1884 qui
3515 1813 3772 1869 mundum

2182 1894 2556 1964 impleverunt,
2599 1913 2694 1967 pro
2727 1897 2917 1969 quibus
2958 1899 3202 1956 Christus
3231 1914 3470 1959 mortuus
3501 1915 3604 1973 est,
3651 1907 3774 1962 dia-

2182 1981 2288 2040 boll
2313 1999 2448 2056 opus
2468 2028 2484 2054 ,
2514 1997 2566 2042 et
2593 1987 2658 2042 de
2685 1991 2870 2045 morbo
2897 2000 3079 2059 natos,
3107 2001 3160 2048 et
3189 1994 3254 2048 ab
3284 1995 3502 2050 exordio
3529 2012 3648 2052 reos
3675 1998 3775 2054 de;

2183 2075 2388 2133 ﬁniam.
2429 2095 2448 2133 ›
2503 2079 2713 2135 Parvuli
2753 2097 2892 2152 opus
2939 2083 3133 2140 diaboli
3191 2087 3611 2144 subStantialiter
3665 2106 3776 2146 non

2183 2173 2309 2224 sunt
2342 2187 2356 2224 :
2387 2169 2479 2225 sed
2507 2163 2891 2241 opere'diaholi
2923 2175 3250 2245 originaliler
3275 2179 3349 2232 rei
3375 2187 3517 2233 sunt.
3548 2181 3613 2235 Et
3650 2179 3776 2238 ideo

2184 2257 2449 2327 Christus,
2479 2257 2618 2332 quod
2650 2271 2703 2318 et
2744 2262 2859 2333 ipse
2897 2266 3188 2335 confiteris,
3227 2267 3386 2323 etiam
3418 2285 3513 2340 pro
3539 2274 3780 2342 parvulis

2185 2357 2427 2409 Mortuus
2454 2364 2569 2423 est;
2598 2355 2718 2426 quia
2739 2366 2792 2411 et
2819 2355 2884 2413 ad
2913 2360 3056 2428 ipsos
3081 2363 3306 2429 pertinet
3333 2366 3564 2434 sanguis,
3595 2367 3688 2436 qui
3719 2365 3780 2422 in

2185 2447 2552 2504 remissionem
2580 2449 2728 2506 fusus
2747 2457 2829 2506 est
2856 2462 3190 2524 peccatorum
3221 2451 3431 2526 (Matth.
3459 2473 3603 2526 xxvi,
3631 2459 3732 2531 28)
3763 2457 3778 2514 ἑ

2185 2554 2214 2594 a
2244 2554 2349 2610 quo
2375 2541 2494 2596 illos
2522 2543 2776 2612 sanguine
2815 2541 2986 2599 facitis
3014 2541 3239 2613 alienos,
3273 2561 3391 2601 cum
3423 2564 3543 2603 eum
3569 2545 3783 2622 negatis

2185 2629 2403 2687 trahere
2451 2633 2708 2704 originale
2756 2646 3055 2706 peccatum.
3107 2629 3218 2694 Nec
3266 2653 3584 2696 succenseas
3632 2643 3780 2714 quod

2185 2726 2669 2795 concupiscentiam
2699 2728 2807 2783 dixi
2835 2730 3102 2797 morbum,
3141 2731 3224 2785 cui
3253 2741 3306 2787 et
3336 2741 3388 2788 tu
3417 2734 3697 2790 confessus
3724 2729 3784 2790 cs

2186 2819 2458 2889 provisum
2491 2813 2654 2874 fuisse
2692 2822 3003 2876 remedium.
3047 2823 3334 2878 Exordium
3367 2842 3496 2882 vero
3525 2830 3778 2898 parvulo-

2186 2925 2324 2975 rum,
2350 2927 2413 2967 ex
2439 2929 2546 2983 quo
2569 2924 2932 2983 nascerentur,
2968 2913 3020 2970 in
3047 2915 3214 2970 Adam
3241 2918 3333 2972 fuit
3359 2936 3372 2984 ;
3406 2931 3510 2990 quo
3539 2935 3635 2991 per
3657 2935 3782 2993 pec-

2185 3013 2361 3058 catum
2385 3003 2566 3060 vitiato
2589 3015 2745 3077 atque
2773 3006 3043 3076 damnato,
3072 3011 3296 3065 alterum
3319 3011 3396 3067 eis
3418 3011 3687 3084 Christus,
3717 3023 3781 3072 er

2186 3109 2291 3167 quo
2319 3109 2742 3167 renascerentur,
2773 3101 3020 3156 instituit.
3417 3118 3422 3120 ·

2258 3182 2482 3243 CAPUT
2528 3187 2717 3244 XXVI.
2768 3211 2838 3231 —'-
2889 3193 2976 3248 59.
3013 3210 3032 3244 ι
3066 3189 3120 3248 Si
3152 3195 3275 3249 ante
3307 3201 3604 3265 peccatum,
3640 3213 3660 3249 ι
3695 3199 3784 3254 ln-

2188 3280 2305 3349 quis
2327 3322 2340 3346 ,
2381 3298 2399 3332 (
2436 3293 2530 3352 per
2559 3277 2724 3336 Deum
2767 3293 3002 3338 creatum
3036 3293 3118 3340 est
3147 3281 3285 3340 unde
3317 3287 3562 3344 homines
3588 3299 3783 3346 nasce-

2188 3380 2392 3436 rentur,
2426 3389 2518 3444 per
2547 3373 2817 3429 diabolum
2845 3383 3019 3431 autem
3059 3378 3196 3434 ttnde
3241 3389 3491 3450 parentes
3530 3396 3782 3437 commo-

2188 3473 2474 3532 verentur;
2504 3465 2822 3520 adscribitur
2852 3471 2968 3523 sine
3008 3463 3168 3524 dubio
3211 3472 3462 3527 sanctitas
3509 3475 3785 3530 nascenti-

2187 3543 2322 3621 hus,
2351 3563 2403 3611 et
2430 3557 2583 3627 culpa
2614 3559 3008 3628 generantibus.
3046 3579 3063 3613 ›
3098 3561 3231 3629 Quid
3263 3561 3430 3628 dicis,
3465 3582 3485 3616 ι
3523 3566 3782 3635 parentes

2189 3649 2696 3703 commoverentur?
2735 3667 2754 3701 ι
2813 3650 2870 3704 Si
2912 3651 3105 3720 pietate
3146 3653 3446 3719 voluntatis,
3481 3671 3581 3726 qua
3632 3653 3789 3727 optat

2191 3733 2328 3793 ﬁlios
2345 3741 2565 3810 quisque
2590 3735 2893 3812 suscipere;
2925 3742 3100 3798 ethoc
3125 3759 3220 3814 per
3242 3735 3405 3800 Deum
3431 3734 3737 3803 instiwtuin

2183 3831 2236 3885 'si
2277 3841 2452 3886 autem
2488 3833 2886 3900 perturbatione
2923 3833 3189 3903 libidinis,
3235 3839 3316 3892 cui
3355 3854 3453 3894 nec
3485 3836 3788 3898 excitanda:

2191 3935 2292 3978 nec
2321 3921 2624 3978 auferendae
2669 3923 2863 3982 sufﬁcit
2899 3927 3186 3984 voluntatis
3225 3931 3536 3998 arbitrium;
3579 3920 3789 3991 naturae

2191 4015 2382 4072 vulnus
2413 4022 2496 4072 est
2537 4016 2604 4072 de
2652 4019 3326 4093 prtevaricatione,‘quatn
3358 4023 3602 4080 diabolus
3649 4043 3783 4097 per-

2193 4107 2380 4169 suasit,
2438 4105 2716 4163 inllictum.
2770 4108 2936 4166 Recte
2980 4112 3158 4183 itaque
3211 4127 3238 4167 a
3292 4127 3377 4170 me
3427 4119 3625 4172 dictum
3678 4125 3785 4186 est,

2199 4215 2217 4248 ‹
2251 4195 2433 4253 Fierct
2461 4197 2575 4253 sine
2605 4197 2708 4254 isto
2743 4202 2934 4256 morbo
2974 4204 3259 4260 setninatio
3302 4201 3533 4262 ﬁliorum
3566 4207 3618 4262 in
3658 4225 3788 4264 cor-

2194 4305 2323 4360 pore
2366 4291 2488 4344 vitte
2529 4291 2688 4359 illius,
2737 4292 2852 4347 sine
2892 4309 2996 4363 quo
3028 4309 3166 4350 nunc
3199 4293 3311 4351 ﬁeri
3357 4313 3460 4352 non
3515 4283 3692 4369 potest
3734 4302 3789 4358 in

2195 4393 2416 4452 Corpore
2434 4382 2620 4436 mortis
2647 4381 2802 4453 hujus
2824 4399 2842 4436 ι
2879 4383 2980 4456 (De
3014 4381 3225 4458 Nuptiis
3262 4391 3305 4442 et
3347 4383 3791 4462 Concupiscentia,

2196 4471 2282 4528 lib.
2317 4475 2367 4540 1,
2400 4473 2514 4544 cap.
2548 4471 2620 4545 i).
3018 4498 3025 4504 ·
3575 4497 3579 4500 ’

2268 4567 2355 4624 60.
2398 4569 2547 4637 Quod
2577 4577 2753 4623 autem
2785 4573 3193 4642 argumentaris,
3234 4593 3252 4627 ‹
3288 4571 3353 4630 ad
3381 4573 3577 4631 bontun
3607 4576 3797 4635 fecun-

2196 4659 2374 4717 ditatis
2401 4661 2646 4732 parvulos
2675 4663 2960 4732 pertinere,
2991 4679 3110 4735 quae
3141 4663 3231 4720 Dei
3259 4665 3631 4725 benedictione
3658 4681 3793 4729 ante

2197 4754 2441 4810 morbum
2471 4752 2706 4808 libidinis
2734 4755 2974 4809 instituta
3005 4766 3120 4822 est;
3167 4773 3270 4812 non
3312 4757 3376 4814 ad
3409 4760 3578 4830 ipsum
3609 4757 3794 4819 libidi-

2196 4847 2279 4902 nis
2309 4845 2572 4913 morbum,
2621 4847 2663 4900 si
2712 4856 2893 4917 postea
2921 4849 2943 4879 ’
2977 4849 3315 4918 peccantibus
3355 4849 3579 4918 accidit;
3628 4865 3801 4926 atque

2200 4940 2321 4996 ideo
2364 4940 2698 4996 sanctitatem
2747 4939 3153 4996 adscribendam
3196 4959 3315 4998 esse
3345 4948 3710 5017 nascentibus,
3747 4962 3804 5004 et

2195 5031 2573 5104 generantihus
2598 5031 2804 5105 culpam
2834 5053 2847 5087 :
2885 5053 2903 5085 ›
2938 5052 3042 5090 non
3069 5035 3297 5090 attendis
3324 5049 3539 5107 peccato
3561 5041 3654 5094 illo
3681 5060 3805 5096 nta-

2198 5142 2301 5198 gno
2332 5126 2633 5182 universam
2669 5128 2721 5182 in
2764 5127 2999 5182 deterius
3032 5137 3285 5185 mutatam
3317 5132 3476 5187 fuisse
3521 5142 3802 5201 naturam,

2200 5218 2341 5272 unde
2386 5213 2556 5272 fuerat
2604 5234 2843 5289 propago
2885 5219 3144 5274 ducenda.
3195 5221 3285 5276 Sic
3317 5213 3456 5277 enim
3498 5240 3683 5294 posses
3713 5225 3807 5280 di-

2167 5309 2172 5318 ’
2199 5326 2342 5376 cere,
2373 5307 2537 5364 Evam
2567 5309 2757 5377 solam,
2793 5328 2894 5364 non
2924 5321 3146 5368 cceteras
3174 5313 3399 5369 feminas
3431 5315 3643 5372 dolores
3673 5333 3810 5388 par-

2202 5403 2468 5458 turitionis
2499 5399 2699 5458 sentire
2728 5402 2976 5458 debuisse
3006 5422 3019 5470 ;
3068 5406 3318 5475 quoniam
3359 5406 3660 5462 benedictio
3693 5428 3813 5480 qua

2201 5493 2398 5550 dictum
2431 5504 2543 5560 est;
2591 5493 2824 5568 Crescite,
2859 5507 2902 5550 et
2933 5497 3341 5567 multiplicamini
3381 5497 3529 5573 (Gen.
3598 5519 3633 5568 ι,
3676 5503 3810 5572 28),

2203 5605 2266 5644 ex
2295 5589 2406 5659 qua
2430 5587 2518 5642 ﬁlii
2549 5599 2917 5658 procreantur,
2957 5600 3078 5646 ante
3106 5591 3240 5647 facta
3284 5597 3384 5661 est,
3408 5611 3567 5665 quam
3607 5597 3817 5654 fuisset

2187 5761 2190 5763 ἓ
2273 5704 2288 5732 ι
2327 5710 2448 5762 Am.,
2474 5714 2888 5774 qumnsperamns
2906 5703 2958 5755 in
2978 5705 3169 5774 cwt‘etzis
3207 5707 3451 5774 membris.
3477 5716 3554 5760 Fr.
3581 5719 3634 5774 et
3661 5719 3818 5770 l.ov..

2205 5777 2350 5834 quam
2370 5772 2638 5823 spectamus
2652 5765 2702 5814 iu
2721 5765 2909 5818 ueteris
2932 5765 3170 5820 membris.
3198 5770 3517 5824 Entendantur
3533 5772 3595 5824 ad
3632 5765 3819 5828 manu;

2205 5836 2423 5887 scriptos.
3653 5883 3664 5887 _
3731 5853 3742 5862 ι

2271 5890 2291 5918 ι
2324 5894 2372 5935 In
2391 5887 2560 5949 euitis,
2583 5887 2665 5952 qui
2684 5895 2857 5953 postea.
2895 5896 2945 5940 tn
2968 5899 3092 5952 Mss,
3119 5907 3161 5944 ει
3184 5905 3356 5956 poema.
