  <div class='ocr_page' id='page_1' title='image "/cluster/home/n/w/nwhite01/storage/ocr_20150623/44/hvd.32044015706336/372.png"; bbox 0 0 4038 6466; ppageno 0'>
   <div class='ocr_carea' id='block_1_1' title="bbox 247 411 354 478">
    <p class='ocr_par' dir='ltr' id='par_1_1' title="bbox 247 411 354 478">
     <span class='ocr_line' id='line_1_1' title="bbox 247 411 354 478; baseline 0 -2"><span class='ocrx_word' id='word_1_1' title='bbox 247 411 354 478; x_wconf 59' lang='lat'><strong>75</strong></span> 
     </span>
    </p>
   </div>
   <div class='ocr_carea' id='block_1_2' title="bbox 245 515 1845 592">
    <p class='ocr_par' dir='ltr' id='par_1_2' title="bbox 245 515 1845 592">
     <span class='ocr_line' id='line_1_2' title="bbox 245 515 1845 592; baseline -0.004 -10"><span class='ocrx_word' id='word_1_2' title='bbox 245 521 532 592; x_wconf 74' lang='lat' dir='ltr'><strong>muliebris,</strong></span> <span class='ocrx_word' id='word_1_3' title='bbox 557 537 720 588; x_wconf 61' lang='lat' dir='ltr'><strong>sexus</strong></span> <span class='ocrx_word' id='word_1_4' title='bbox 755 520 850 580; x_wconf 85' lang='lat' dir='ltr'><strong>illa</strong></span> <span class='ocrx_word' id='word_1_5' title='bbox 877 515 1256 580; x_wconf 80' lang='lat' dir='ltr'><strong>msicdictione</strong></span> <span class='ocrx_word' id='word_1_6' title='bbox 1280 518 1516 588; x_wconf 85' lang='lat' dir='ltr'><strong>punitus.</strong></span> <span class='ocrx_word' id='word_1_7' title='bbox 1545 517 1652 576; x_wconf 85' lang='lat' dir='ltr'><strong>Sed</strong></span> <span class='ocrx_word' id='word_1_8' title='bbox 1673 518 1720 574; x_wconf 87' lang='lat' dir='ltr'><strong>si</strong></span> <span class='ocrx_word' id='word_1_9' title='bbox 1745 518 1845 576; x_wconf 89' lang='lat' dir='ltr'><strong>hoc</strong></span> 
     </span>
    </p>
   </div>
   <div class='ocr_carea' id='block_1_3' title="bbox 245 609 1846 685">
    <p class='ocr_par' dir='ltr' id='par_1_3' title="bbox 245 609 1846 685">
     <span class='ocr_line' id='line_1_3' title="bbox 245 609 1846 685; baseline -0.005 -11"><span class='ocrx_word' id='word_1_10' title='bbox 245 617 544 676; x_wconf 71' lang='lat' dir='ltr'><strong>dixerimus</strong></span> <span class='ocrx_word' id='word_1_11' title='bbox 564 653 582 683; x_wconf 84' lang='lat'><strong>,</strong></span> <span class='ocrx_word' id='word_1_12' title='bbox 623 615 808 685; x_wconf 80' lang='lat' dir='ltr'><strong>otique</strong></span> <span class='ocrx_word' id='word_1_13' title='bbox 859 609 1288 683; x_wconf 71' lang='lat' dir='ltr'><strong>respondebitur,</strong></span> <span class='ocrx_word' id='word_1_14' title='bbox 1336 611 1476 670; x_wconf 88' lang='lat' dir='ltr'><strong>sicut</strong></span> <span class='ocrx_word' id='word_1_15' title='bbox 1521 627 1588 666; x_wconf 77' lang='lat' dir='ltr'><strong>ex</strong></span> <span class='ocrx_word' id='word_1_16' title='bbox 1625 620 1846 682; x_wconf 87' lang='lat' dir='ltr'><strong>peccato</strong></span> 
     </span>
    </p>
   </div>
   <div class='ocr_carea' id='block_1_4' title="bbox 249 701 1846 774">
    <p class='ocr_par' dir='ltr' id='par_1_4' title="bbox 249 701 1846 774">
     <span class='ocr_line' id='line_1_4' title="bbox 249 701 1846 774; baseline -0.008 -5"><span class='ocrx_word' id='word_1_17' title='bbox 249 709 362 774; x_wconf 83' lang='lat' dir='ltr'><strong>illo.</strong></span> <span class='ocrx_word' id='word_1_18' title='bbox 395 707 472 762; x_wconf 85' lang='lat' dir='ltr'><strong>ita</strong></span> <span class='ocrx_word' id='word_1_19' title='bbox 499 721 568 762; x_wconf 77' lang='lat' dir='ltr'><strong>ex</strong></span> <span class='ocrx_word' id='word_1_20' title='bbox 609 703 896 764; x_wconf 77' lang='lat' dir='ltr'><strong>nialcdicto</strong></span> <span class='ocrx_word' id='word_1_21' title='bbox 923 707 974 758; x_wconf 89' lang='lat' dir='ltr'><strong>in</strong></span> <span class='ocrx_word' id='word_1_22' title='bbox 1005 701 1158 774; x_wconf 82' lang='lat' dir='ltr'><strong>pejus</strong></span> <span class='ocrx_word' id='word_1_23' title='bbox 1185 711 1346 758; x_wconf 87' lang='lat' dir='ltr'><strong>totam</strong></span> <span class='ocrx_word' id='word_1_24' title='bbox 1389 710 1644 756; x_wconf 88' lang='lat' dir='ltr'><strong>mutatam</strong></span> <span class='ocrx_word' id='word_1_25' title='bbox 1681 701 1846 756; x_wconf 78' lang='lat' dir='ltr'><strong>fuisse</strong></span> 
     </span>
    </p>
   </div>
   <div class='ocr_carea' id='block_1_5' title="bbox 245 791 1844 866">
    <p class='ocr_par' dir='ltr' id='par_1_5' title="bbox 245 791 1844 866">
     <span class='ocr_line' id='line_1_5' title="bbox 245 791 1844 866; baseline -0.006 -8"><span class='ocrx_word' id='word_1_26' title='bbox 245 809 516 864; x_wconf 80' lang='lat' dir='ltr'><strong>naturam,</strong></span> <span class='ocrx_word' id='word_1_27' title='bbox 545 796 686 854; x_wconf 84' lang='lat' dir='ltr'><strong>unde</strong></span> <span class='ocrx_word' id='word_1_28' title='bbox 717 795 946 852; x_wconf 85' lang='lat' dir='ltr'><strong>trahitur</strong></span> <span class='ocrx_word' id='word_1_29' title='bbox 975 794 1236 864; x_wconf 75' lang='lat' dir='ltr'><strong>originale</strong></span> <span class='ocrx_word' id='word_1_30' title='bbox 1277 801 1556 866; x_wconf 85' lang='lat' dir='ltr'><strong>peccatum</strong></span> <span class='ocrx_word' id='word_1_31' title='bbox 1579 801 1638 850; x_wconf 91' lang='lat' dir='ltr'><strong>et</strong></span> <span class='ocrx_word' id='word_1_32' title='bbox 1657 791 1844 866; x_wconf 84' lang='lat' dir='ltr'><strong>jugum</strong></span> 
     </span>
    </p>
   </div>
   <div class='ocr_carea' id='block_1_6' title="bbox 243 887 982 966">
    <p class='ocr_par' dir='ltr' id='par_1_6' title="bbox 243 887 982 966">
     <span class='ocr_line' id='line_1_6' title="bbox 243 887 982 966; baseline -0.009 -19"><span class='ocrx_word' id='word_1_33' title='bbox 243 907 408 966; x_wconf 78' lang='lat' dir='ltr'><strong>grave</strong></span> <span class='ocrx_word' id='word_1_34' title='bbox 429 906 595 961; x_wconf 79' lang='lat' dir='ltr'><strong>super</strong></span> <span class='ocrx_word' id='word_1_35' title='bbox 625 889 764 944; x_wconf 87' lang='lat' dir='ltr'><strong>ﬁlios</strong></span> <span class='ocrx_word' id='word_1_36' title='bbox 787 887 982 944; x_wconf 82' lang='lat' dir='ltr'><strong>Adam.</strong></span> 
     </span>
    </p>
   </div>
   <div class='ocr_carea' id='block_1_7' title="bbox 313 975 1844 1048">
    <p class='ocr_par' dir='ltr' id='par_1_7' title="bbox 313 975 1844 1048">
     <span class='ocr_line' id='line_1_7' title="bbox 313 975 1844 1048; baseline -0.009 -6"><span class='ocrx_word' id='word_1_37' title='bbox 313 985 406 1042; x_wconf 74' lang='lat'><strong>61.</strong></span> <span class='ocrx_word' id='word_1_38' title='bbox 449 983 566 1040; x_wconf 86' lang='lat' dir='ltr'><strong>Non</strong></span> <span class='ocrx_word' id='word_1_39' title='bbox 583 981 750 1046; x_wconf 87' lang='lat' dir='ltr'><strong>enim,</strong></span> <span class='ocrx_word' id='word_1_40' title='bbox 773 981 912 1036; x_wconf 85' lang='lat' dir='ltr'><strong>sicut</strong></span> <span class='ocrx_word' id='word_1_41' title='bbox 927 987 978 1034; x_wconf 90' lang='lat' dir='ltr'><strong>tu</strong></span> <span class='ocrx_word' id='word_1_42' title='bbox 1001 977 1408 1048; x_wconf 80' lang='lat' dir='ltr'><strong>argumentaris,</strong></span> <span class='ocrx_word' id='word_1_43' title='bbox 1439 995 1458 1030; x_wconf 74' lang='grc' dir='ltr'>ι</span> <span class='ocrx_word' id='word_1_44' title='bbox 1481 975 1722 1032; x_wconf 66' lang='lat' dir='ltr'><strong>Judaeum</strong></span> <span class='ocrx_word' id='word_1_45' title='bbox 1745 975 1844 1030; x_wconf 86' lang='lat' dir='ltr'><strong>sub</strong></span> 
     </span>
    </p>
   </div>
   <div class='ocr_carea' id='block_1_8' title="bbox 243 1067 1846 1147">
    <p class='ocr_par' dir='ltr' id='par_1_8' title="bbox 243 1067 1846 1147">
     <span class='ocr_line' id='line_1_8' title="bbox 243 1067 1846 1147; baseline -0.008 -15"><span class='ocrx_word' id='word_1_46' title='bbox 243 1075 364 1147; x_wconf 85' lang='lat' dir='ltr'><strong>lege</strong></span> <span class='ocrx_word' id='word_1_47' title='bbox 385 1074 616 1145; x_wconf 89' lang='lat' dir='ltr'><strong>positum</strong></span> <span class='ocrx_word' id='word_1_48' title='bbox 641 1071 976 1132; x_wconf 77' lang='lat' dir='ltr'><strong>describebat</strong></span> <span class='ocrx_word' id='word_1_49' title='bbox 995 1071 1280 1142; x_wconf 83' lang='lat' dir='ltr'><strong>Apostolus</strong></span> <span class='ocrx_word' id='word_1_50' title='bbox 1290 1067 1578 1130; x_wconf 83' lang='lat' dir='ltr'><strong>dicentem,</strong></span> <span class='ocrx_word' id='word_1_51' title='bbox 1597 1067 1717 1122; x_wconf 88' lang='lat' dir='ltr'><strong>Scio</strong></span> <span class='ocrx_word' id='word_1_52' title='bbox 1727 1067 1846 1140; x_wconf 82' lang='lat' dir='ltr'><strong>quia</strong></span> 
     </span>
    </p>
   </div>
   <div class='ocr_carea' id='block_1_9' title="bbox 241 1161 1840 1234">
    <p class='ocr_par' dir='ltr' id='par_1_9' title="bbox 241 1161 1840 1234">
     <span class='ocr_line' id='line_1_9' title="bbox 241 1161 1840 1234; baseline -0.005 -12"><span class='ocrx_word' id='word_1_53' title='bbox 241 1183 344 1234; x_wconf 73' lang='lat' dir='ltr'><strong>non</strong></span> <span class='ocrx_word' id='word_1_54' title='bbox 377 1165 571 1220; x_wconf 80' lang='lat' dir='ltr'><strong>habitat</strong></span> <span class='ocrx_word' id='word_1_55' title='bbox 603 1164 658 1218; x_wconf 84' lang='lat' dir='ltr'><strong>in</strong></span> <span class='ocrx_word' id='word_1_56' title='bbox 701 1180 800 1232; x_wconf 86' lang='lat' dir='ltr'><strong>me,</strong></span> <span class='ocrx_word' id='word_1_57' title='bbox 841 1163 934 1218; x_wconf 84' lang='lat' dir='ltr'><strong>hoc</strong></span> <span class='ocrx_word' id='word_1_58' title='bbox 973 1173 1044 1218; x_wconf 88' lang='lat' dir='ltr'><strong>est</strong></span> <span class='ocrx_word' id='word_1_59' title='bbox 1073 1163 1306 1216; x_wconf 77' lang='lat' dir='ltr'><strong>income</strong></span> <span class='ocrx_word' id='word_1_60' title='bbox 1353 1178 1480 1226; x_wconf 78' lang='lat' dir='ltr'><strong>utea,</strong></span> <span class='ocrx_word' id='word_1_61' title='bbox 1509 1161 1723 1226; x_wconf 82' lang='lat' dir='ltr'><strong>bonum;</strong></span> <span class='ocrx_word' id='word_1_62' title='bbox 1767 1169 1840 1227; x_wconf 87' lang='lat' dir='ltr'><strong>et,</strong></span> 
     </span>
    </p>
   </div>
   <div class='ocr_carea' id='block_1_10' title="bbox 245 1255 1844 1330">
    <p class='ocr_par' dir='ltr' id='par_1_10' title="bbox 245 1255 1844 1330">
     <span class='ocr_line' id='line_1_10' title="bbox 245 1255 1844 1330; baseline -0.006 -16"><span class='ocrx_word' id='word_1_63' title='bbox 245 1258 368 1318; x_wconf 81' lang='lat' dir='ltr'><strong>Non</strong></span> <span class='ocrx_word' id='word_1_64' title='bbox 393 1274 486 1330; x_wconf 89' lang='lat' dir='ltr'><strong>ego</strong></span> <span class='ocrx_word' id='word_1_65' title='bbox 511 1273 694 1330; x_wconf 82' lang='lat' dir='ltr'><strong>aperor</strong></span> <span class='ocrx_word' id='word_1_66' title='bbox 719 1257 868 1322; x_wconf 86' lang='lat' dir='ltr'><strong>illud,</strong></span> <span class='ocrx_word' id='word_1_67' title='bbox 887 1257 976 1312; x_wconf 86' lang='lat' dir='ltr'><strong>sed</strong></span> <span class='ocrx_word' id='word_1_68' title='bbox 996 1255 1133 1328; x_wconf 85' lang='lat' dir='ltr'><strong>quod</strong></span> <span class='ocrx_word' id='word_1_69' title='bbox 1157 1255 1350 1308; x_wconf 76' lang='lat' dir='ltr'><strong>habitat</strong></span> <span class='ocrx_word' id='word_1_70' title='bbox 1377 1255 1538 1320; x_wconf 86' lang='lat' dir='ltr'><strong>inme,</strong></span> <span class='ocrx_word' id='word_1_71' title='bbox 1562 1264 1844 1322; x_wconf 85' lang='lat' dir='ltr'><strong>peccatum;</strong></span> 
     </span>
    </p>
   </div>
   <div class='ocr_carea' id='block_1_11' title="bbox 243 1344 1844 1420">
    <p class='ocr_par' dir='ltr' id='par_1_11' title="bbox 243 1344 1844 1420">
     <span class='ocr_line' id='line_1_11' title="bbox 243 1344 1844 1420; baseline -0.005 -14"><span class='ocrx_word' id='word_1_72' title='bbox 243 1361 316 1420; x_wconf 90' lang='lat' dir='ltr'><strong>et,</strong></span> <span class='ocrx_word' id='word_1_73' title='bbox 367 1351 501 1406; x_wconf 70' lang='lat' dir='ltr'><strong>Mihi</strong></span> <span class='ocrx_word' id='word_1_74' title='bbox 553 1347 744 1404; x_wconf 86' lang='lat' dir='ltr'><strong>malum</strong></span> <span class='ocrx_word' id='word_1_75' title='bbox 787 1348 1026 1420; x_wconf 80' lang='lat' dir='ltr'><strong>adjacet;</strong></span> <span class='ocrx_word' id='word_1_76' title='bbox 1074 1353 1150 1412; x_wconf 89' lang='lat' dir='ltr'><strong>et,</strong></span> <span class='ocrx_word' id='word_1_77' title='bbox 1191 1344 1348 1400; x_wconf 80' lang='lat' dir='ltr'><strong>Video</strong></span> <span class='ocrx_word' id='word_1_78' title='bbox 1395 1347 1548 1400; x_wconf 79' lang='lat' dir='ltr'><strong>aliaat</strong></span> <span class='ocrx_word' id='word_1_79' title='bbox 1591 1347 1750 1418; x_wconf 85' lang='lat' dir='ltr'><strong>legem</strong></span> <span class='ocrx_word' id='word_1_80' title='bbox 1791 1345 1844 1398; x_wconf 88' lang='lat' dir='ltr'><strong>in</strong></span> 
     </span>
    </p>
   </div>
   <div class='ocr_carea' id='block_1_12' title="bbox 245 1437 1842 1514">
    <p class='ocr_par' dir='ltr' id='par_1_12' title="bbox 245 1437 1842 1514">
     <span class='ocr_line' id='line_1_12' title="bbox 245 1437 1842 1514; baseline -0.004 -16"><span class='ocrx_word' id='word_1_81' title='bbox 245 1445 484 1498; x_wconf 86' lang='lat' dir='ltr'><strong>membris</strong></span> <span class='ocrx_word' id='word_1_82' title='bbox 525 1443 669 1508; x_wconf 78' lang='lat' dir='ltr'><strong>nieis,</strong></span> <span class='ocrx_word' id='word_1_83' title='bbox 715 1449 1084 1514; x_wconf 84' lang='lat' dir='ltr'><strong>repugnantem</strong></span> <span class='ocrx_word' id='word_1_84' title='bbox 1123 1439 1221 1510; x_wconf 86' lang='lat' dir='ltr'><strong>legi</strong></span> <span class='ocrx_word' id='word_1_85' title='bbox 1269 1440 1446 1492; x_wconf 86' lang='lat' dir='ltr'><strong>mentis</strong></span> <span class='ocrx_word' id='word_1_86' title='bbox 1473 1454 1593 1494; x_wconf 70' lang='lat' dir='ltr'><strong>mea:</strong></span> <span class='ocrx_word' id='word_1_87' title='bbox 1619 1453 1640 1494; x_wconf 89' lang='lat'><strong>.&#39;</strong></span> <span class='ocrx_word' id='word_1_88' title='bbox 1687 1457 1706 1490; x_wconf 77' lang='grc' dir='ltr'><strong><em>ι</em></strong></span> <span class='ocrx_word' id='word_1_89' title='bbox 1749 1437 1842 1492; x_wconf 86' lang='lat' dir='ltr'><strong>sed</strong></span> 
     </span>
    </p>
   </div>
   <div class='ocr_carea' id='block_1_13' title="bbox 244 1529 1842 1600">
    <p class='ocr_par' dir='ltr' id='par_1_13' title="bbox 244 1529 1842 1600">
     <span class='ocr_line' id='line_1_13' title="bbox 244 1529 1842 1600; baseline -0.005 -8"><span class='ocrx_word' id='word_1_90' title='bbox 244 1533 586 1592; x_wconf 80' lang='lat' dir='ltr'><strong>describebat</strong></span> <span class='ocrx_word' id='word_1_91' title='bbox 613 1531 902 1596; x_wconf 79' lang='lat' dir='ltr'><strong>humanam</strong></span> <span class='ocrx_word' id='word_1_92' title='bbox 933 1531 984 1584; x_wconf 90' lang='lat' dir='ltr'><strong>in</strong></span> <span class='ocrx_word' id='word_1_93' title='bbox 1030 1531 1130 1584; x_wconf 88' lang='lat' dir='ltr'><strong>hac</strong></span> <span class='ocrx_word' id='word_1_94' title='bbox 1169 1529 1502 1600; x_wconf 85' lang='lat' dir='ltr'><strong>corruptibili</strong></span> <span class='ocrx_word' id='word_1_95' title='bbox 1545 1543 1706 1584; x_wconf 90' lang='lat' dir='ltr'><strong>carne</strong></span> <span class='ocrx_word' id='word_1_96' title='bbox 1745 1543 1842 1584; x_wconf 88' lang='lat' dir='ltr'><strong>na-</strong></span> 
     </span>
    </p>
   </div>
   <div class='ocr_carea' id='block_1_14' title="bbox 247 1621 1837 1698">
    <p class='ocr_par' dir='ltr' id='par_1_14' title="bbox 247 1621 1837 1698">
     <span class='ocr_line' id='line_1_14' title="bbox 247 1621 1837 1698; baseline -0.003 -16"><span class='ocrx_word' id='word_1_97' title='bbox 247 1636 446 1694; x_wconf 85' lang='lat' dir='ltr'><strong>turam,</strong></span> <span class='ocrx_word' id='word_1_98' title='bbox 477 1641 584 1680; x_wconf 86' lang='lat' dir='ltr'><strong>non</strong></span> <span class='ocrx_word' id='word_1_99' title='bbox 616 1639 780 1698; x_wconf 83' lang='lat' dir='ltr'><strong>opere</strong></span> <span class='ocrx_word' id='word_1_100' title='bbox 807 1623 906 1680; x_wconf 93' lang='lat' dir='ltr'><strong>Dei</strong></span> <span class='ocrx_word' id='word_1_101' title='bbox 936 1638 1060 1678; x_wconf 90' lang='lat' dir='ltr'><strong>cum</strong></span> <span class='ocrx_word' id='word_1_102' title='bbox 1087 1621 1216 1678; x_wconf 89' lang='lat' dir='ltr'><strong>vitio</strong></span> <span class='ocrx_word' id='word_1_103' title='bbox 1241 1623 1486 1692; x_wconf 81' lang='lat' dir='ltr'><strong>primitus</strong></span> <span class='ocrx_word' id='word_1_104' title='bbox 1515 1621 1837 1690; x_wconf 83' lang='lat' dir='ltr'><strong>institutam,</strong></span> 
     </span>
    </p>
   </div>
   <div class='ocr_carea' id='block_1_15' title="bbox 245 1715 1840 1785">
    <p class='ocr_par' dir='ltr' id='par_1_15' title="bbox 245 1715 1840 1785">
     <span class='ocr_line' id='line_1_15' title="bbox 245 1715 1840 1785; baseline -0.006 -5"><span class='ocrx_word' id='word_1_105' title='bbox 245 1721 338 1780; x_wconf 81' lang='lat' dir='ltr'><strong>sed</strong></span> <span class='ocrx_word' id='word_1_106' title='bbox 365 1737 432 1778; x_wconf 81' lang='lat' dir='ltr'><strong>ex</strong></span> <span class='ocrx_word' id='word_1_107' title='bbox 465 1720 756 1776; x_wconf 78' lang='lat' dir='ltr'><strong>voluntatis</strong></span> <span class='ocrx_word' id='word_1_108' title='bbox 792 1717 1020 1774; x_wconf 85' lang='lat' dir='ltr'><strong>arbitrio</strong></span> <span class='ocrx_word' id='word_1_109' title='bbox 1047 1717 1296 1772; x_wconf 81' lang='lat' dir='ltr'><strong>veniente</strong></span> <span class='ocrx_word' id='word_1_110' title='bbox 1333 1717 1624 1785; x_wconf 89' lang='lat' dir='ltr'><strong>primorum</strong></span> <span class='ocrx_word' id='word_1_111' title='bbox 1663 1715 1840 1770; x_wconf 88' lang='lat' dir='ltr'><strong>homi-</strong></span> 
     </span>
    </p>
   </div>
   <div class='ocr_carea' id='block_1_16' title="bbox 245 1808 1838 1881">
    <p class='ocr_par' dir='ltr' id='par_1_16' title="bbox 245 1808 1838 1881">
     <span class='ocr_line' id='line_1_16' title="bbox 245 1808 1838 1881; baseline -0.004 -11"><span class='ocrx_word' id='word_1_112' title='bbox 245 1831 370 1870; x_wconf 87' lang='lat' dir='ltr'><strong>num</strong></span> <span class='ocrx_word' id='word_1_113' title='bbox 395 1813 526 1868; x_wconf 86' lang='lat' dir='ltr'><strong>vitio</strong></span> <span class='ocrx_word' id='word_1_114' title='bbox 560 1813 868 1868; x_wconf 82' lang='lat' dir='ltr'><strong>sauciatam.</strong></span> <span class='ocrx_word' id='word_1_115' title='bbox 901 1809 1068 1880; x_wconf 83' lang='lat' dir='ltr'><strong>Cujus</strong></span> <span class='ocrx_word' id='word_1_116' title='bbox 1094 1811 1240 1866; x_wconf 88' lang='lat' dir='ltr'><strong>enim</strong></span> <span class='ocrx_word' id='word_1_117' title='bbox 1263 1825 1368 1864; x_wconf 78' lang='lat' dir='ltr'><strong>vox</strong></span> <span class='ocrx_word' id='word_1_118' title='bbox 1395 1819 1498 1878; x_wconf 88' lang='lat' dir='ltr'><strong>est,</strong></span> <span class='ocrx_word' id='word_1_119' title='bbox 1529 1808 1724 1881; x_wconf 65' lang='lat' dir='ltr'><strong>Infelix</strong></span> <span class='ocrx_word' id='word_1_120' title='bbox 1745 1827 1838 1880; x_wconf 88' lang='lat' dir='ltr'><strong>ego</strong></span> 
     </span>
    </p>
   </div>
   <div class='ocr_carea' id='block_1_17' title="bbox 247 1900 1834 1978">
    <p class='ocr_par' dir='ltr' id='par_1_17' title="bbox 247 1900 1834 1978">
     <span class='ocr_line' id='line_1_17' title="bbox 247 1900 1834 1978; baseline -0.005 -16"><span class='ocrx_word' id='word_1_121' title='bbox 247 1908 414 1973; x_wconf 79' lang='lat' dir='ltr'><strong>homo,</strong></span> <span class='ocrx_word' id='word_1_122' title='bbox 447 1906 564 1978; x_wconf 83' lang='lat' dir='ltr'><strong>quis</strong></span> <span class='ocrx_word' id='word_1_123' title='bbox 585 1923 665 1960; x_wconf 82' lang='lat' dir='ltr'><strong>me</strong></span> <span class='ocrx_word' id='word_1_124' title='bbox 691 1905 916 1960; x_wconf 78' lang='lat' dir='ltr'><strong>liberabit</strong></span> <span class='ocrx_word' id='word_1_125' title='bbox 941 1903 1004 1958; x_wconf 76' lang='lat' dir='ltr'><strong>de</strong></span> <span class='ocrx_word' id='word_1_126' title='bbox 1031 1919 1246 1972; x_wconf 84' lang='lat' dir='ltr'><strong>corpore</strong></span> <span class='ocrx_word' id='word_1_127' title='bbox 1275 1901 1449 1956; x_wconf 86' lang='lat' dir='ltr'><strong>mortis</strong></span> <span class='ocrx_word' id='word_1_128' title='bbox 1477 1902 1670 1972; x_wconf 81' lang='lat' dir='ltr'><strong>hujus?</strong></span> <span class='ocrx_word' id='word_1_129' title='bbox 1697 1900 1834 1956; x_wconf 80' lang='lat' dir='ltr'><strong>Gra-</strong></span> 
     </span>
    </p>
   </div>
   <div class='ocr_carea' id='block_1_18' title="bbox 245 1989 1838 2067">
    <p class='ocr_par' dir='ltr' id='par_1_18' title="bbox 245 1989 1838 2067">
     <span class='ocr_line' id='line_1_18' title="bbox 245 1989 1838 2067; baseline -0.004 -15"><span class='ocrx_word' id='word_1_130' title='bbox 245 1999 312 2054; x_wconf 85' lang='lat' dir='ltr'><strong>tia</strong></span> <span class='ocrx_word' id='word_1_131' title='bbox 343 1999 442 2052; x_wconf 84' lang='lat' dir='ltr'><strong>Dei</strong></span> <span class='ocrx_word' id='word_1_132' title='bbox 485 1995 772 2067; x_wconf 81' lang='lat' dir='ltr'><strong>perJesum</strong></span> <span class='ocrx_word' id='word_1_133' title='bbox 797 1993 1048 2050; x_wconf 73' lang='lat' dir='ltr'><strong>Christum</strong></span> <span class='ocrx_word' id='word_1_134' title='bbox 1091 1991 1368 2048; x_wconf 87' lang='lat' dir='ltr'><strong>Dominum</strong></span> <span class='ocrx_word' id='word_1_135' title='bbox 1406 2001 1630 2046; x_wconf 86' lang='lat' dir='ltr'><strong>nostrum</strong></span> <span class='ocrx_word' id='word_1_136' title='bbox 1659 1989 1838 2064; x_wconf 90' lang='lat' dir='ltr'><strong>(Rom.</strong></span> 
     </span>
    </p>
   </div>
   <div class='ocr_carea' id='block_1_19' title="bbox 243 2083 1839 2160">
    <p class='ocr_par' dir='ltr' id='par_1_19' title="bbox 243 2083 1839 2160">
     <span class='ocr_line' id='line_1_19' title="bbox 243 2083 1839 2160; baseline -0.003 -16"><span class='ocrx_word' id='word_1_137' title='bbox 243 2105 334 2155; x_wconf 86' lang='lat' dir='ltr'><strong>vn,</strong></span> <span class='ocrx_word' id='word_1_138' title='bbox 355 2089 444 2156; x_wconf 81' lang='grc'><strong>18,</strong></span> <span class='ocrx_word' id='word_1_139' title='bbox 465 2089 557 2154; x_wconf 74' lang='grc'><strong>20,</strong></span> <span class='ocrx_word' id='word_1_140' title='bbox 577 2087 814 2160; x_wconf 71' lang='lat'><strong>25-25)?</strong></span> <span class='ocrx_word' id='word_1_141' title='bbox 841 2085 1106 2158; x_wconf 81' lang='lat' dir='ltr'><strong>Numquid</strong></span> <span class='ocrx_word' id='word_1_142' title='bbox 1133 2084 1344 2142; x_wconf 70' lang='lat' dir='ltr'><strong>Judaei?</strong></span> <span class='ocrx_word' id='word_1_143' title='bbox 1369 2083 1524 2138; x_wconf 81' lang='lat' dir='ltr'><strong>Absit</strong></span> <span class='ocrx_word' id='word_1_144' title='bbox 1553 2101 1566 2138; x_wconf 90' lang='lat'><strong>:</strong></span> <span class='ocrx_word' id='word_1_145' title='bbox 1599 2084 1694 2140; x_wconf 85' lang='lat' dir='ltr'><strong>sed</strong></span> <span class='ocrx_word' id='word_1_146' title='bbox 1725 2085 1839 2140; x_wconf 82' lang='lat' dir='ltr'><strong>sine</strong></span> 
     </span>
    </p>
   </div>
   <div class='ocr_carea' id='block_1_20' title="bbox 241 2176 1839 2248">
    <p class='ocr_par' dir='ltr' id='par_1_20' title="bbox 241 2176 1839 2248">
     <span class='ocr_line' id='line_1_20' title="bbox 241 2176 1839 2248; baseline -0.005 -10"><span class='ocrx_word' id='word_1_147' title='bbox 241 2181 580 2238; x_wconf 84' lang='lat' dir='ltr'><strong>dubitatione</strong></span> <span class='ocrx_word' id='word_1_148' title='bbox 603 2177 910 2235; x_wconf 83' lang='lat' dir='ltr'><strong>Christiani.</strong></span> <span class='ocrx_word' id='word_1_149' title='bbox 936 2177 1064 2248; x_wconf 85' lang='lat' dir='ltr'><strong>Ejus</strong></span> <span class='ocrx_word' id='word_1_150' title='bbox 1085 2192 1211 2248; x_wconf 87' lang='lat' dir='ltr'><strong>ergo</strong></span> <span class='ocrx_word' id='word_1_151' title='bbox 1233 2191 1394 2230; x_wconf 85' lang='lat' dir='ltr'><strong>voces</strong></span> <span class='ocrx_word' id='word_1_152' title='bbox 1409 2185 1532 2230; x_wconf 91' lang='lat' dir='ltr'><strong>sunt</strong></span> <span class='ocrx_word' id='word_1_153' title='bbox 1559 2179 1717 2230; x_wconf 86' lang='lat' dir='ltr'><strong>etiam</strong></span> <span class='ocrx_word' id='word_1_154' title='bbox 1735 2176 1839 2230; x_wconf 67' lang='lat' dir='ltr'><strong>illa:</strong></span> 
     </span>
    </p>
   </div>
   <div class='ocr_carea' id='block_1_21' title="bbox 241 2267 1836 2344">
    <p class='ocr_par' dir='ltr' id='par_1_21' title="bbox 241 2267 1836 2344">
     <span class='ocr_line' id='line_1_21' title="bbox 241 2267 1836 2344; baseline -0.005 -14"><span class='ocrx_word' id='word_1_155' title='bbox 241 2274 570 2344; x_wconf 80' lang='lat' dir='ltr'><strong>superiores,</strong></span> <span class='ocrx_word' id='word_1_156' title='bbox 601 2287 670 2328; x_wconf 76' lang='lat' dir='ltr'><strong>ex</strong></span> <span class='ocrx_word' id='word_1_157' title='bbox 695 2271 886 2342; x_wconf 88' lang='lat' dir='ltr'><strong>quibus</strong></span> <span class='ocrx_word' id='word_1_158' title='bbox 911 2267 1026 2324; x_wconf 73' lang='lat' dir='ltr'><strong>hmc</strong></span> <span class='ocrx_word' id='word_1_159' title='bbox 1045 2277 1439 2340; x_wconf 79' lang='lat' dir='ltr'><strong>consequenter</strong></span> <span class='ocrx_word' id='word_1_160' title='bbox 1460 2283 1714 2340; x_wconf 73' lang='lat' dir='ltr'><strong>expressa</strong></span> <span class='ocrx_word' id='word_1_161' title='bbox 1735 2277 1836 2324; x_wconf 91' lang='lat' dir='ltr'><strong>est.</strong></span> 
     </span>
    </p>
   </div>
   <div class='ocr_carea' id='block_1_22' title="bbox 243 2360 1840 2436">
    <p class='ocr_par' dir='ltr' id='par_1_22' title="bbox 243 2360 1840 2436">
     <span class='ocr_line' id='line_1_22' title="bbox 243 2360 1840 2436; baseline -0.004 -14"><span class='ocrx_word' id='word_1_162' title='bbox 243 2365 360 2436; x_wconf 83' lang='lat' dir='ltr'><strong>ipse</strong></span> <span class='ocrx_word' id='word_1_163' title='bbox 397 2365 548 2420; x_wconf 89' lang='lat' dir='ltr'><strong>enim</strong></span> <span class='ocrx_word' id='word_1_164' title='bbox 584 2363 738 2429; x_wconf 84' lang='lat' dir='ltr'><strong>dixit,</strong></span> <span class='ocrx_word' id='word_1_165' title='bbox 775 2361 954 2418; x_wconf 84' lang='lat' dir='ltr'><strong>Gratia</strong></span> <span class='ocrx_word' id='word_1_166' title='bbox 1001 2360 1100 2416; x_wconf 85' lang='lat' dir='ltr'><strong>Dei</strong></span> <span class='ocrx_word' id='word_1_167' title='bbox 1139 2377 1216 2415; x_wconf 89' lang='lat' dir='ltr'><strong>me</strong></span> <span class='ocrx_word' id='word_1_168' title='bbox 1257 2361 1484 2416; x_wconf 78' lang='lat' dir='ltr'><strong>liberabit</strong></span> <span class='ocrx_word' id='word_1_169' title='bbox 1522 2361 1584 2414; x_wconf 85' lang='lat' dir='ltr'><strong>de</strong></span> <span class='ocrx_word' id='word_1_170' title='bbox 1629 2377 1840 2430; x_wconf 82' lang='lat' dir='ltr'><strong>corpore</strong></span> 
     </span>
    </p>
   </div>
   <div class='ocr_carea' id='block_1_23' title="bbox 243 2441 1862 2526">
    <p class='ocr_par' dir='ltr' id='par_1_23' title="bbox 243 2441 1862 2526">
     <span class='ocr_line' id='line_1_23' title="bbox 243 2441 1862 2526; baseline -0.006 -14"><span class='ocrx_word' id='word_1_171' title='bbox 243 2457 416 2512; x_wconf 87' lang='lat' dir='ltr'><strong>mortis</strong></span> <span class='ocrx_word' id='word_1_172' title='bbox 447 2457 601 2525; x_wconf 79' lang='lat' dir='ltr'><strong>hujus</strong></span> <span class='ocrx_word' id='word_1_173' title='bbox 631 2471 719 2526; x_wconf 84' lang='lat' dir='ltr'><strong>per</strong></span> <span class='ocrx_word' id='word_1_174' title='bbox 747 2452 928 2510; x_wconf 73' lang='lat' dir='ltr'><strong>Iesum</strong></span> <span class='ocrx_word' id='word_1_175' title='bbox 951 2452 1206 2508; x_wconf 75' lang='lat' dir='ltr'><strong>Christum</strong></span> <span class='ocrx_word' id='word_1_176' title='bbox 1247 2451 1521 2506; x_wconf 85' lang='lat' dir='ltr'><strong>Dominum</strong></span> <span class='ocrx_word' id='word_1_177' title='bbox 1569 2461 1798 2506; x_wconf 87' lang='lat' dir='ltr'><strong>nostrum</strong></span> <span class='ocrx_word' id='word_1_178' title='bbox 1817 2441 1862 2516; x_wconf 80' lang='grc'><strong>;’</strong></span> 
     </span>
    </p>
   </div>
   <div class='ocr_carea' id='block_1_24' title="bbox 239 2545 1840 2622">
    <p class='ocr_par' dir='ltr' id='par_1_24' title="bbox 239 2545 1840 2622">
     <span class='ocr_line' id='line_1_24' title="bbox 239 2545 1840 2622; baseline -0.001 -18"><span class='ocrx_word' id='word_1_179' title='bbox 239 2550 330 2622; x_wconf 86' lang='lat' dir='ltr'><strong>qui</strong></span> <span class='ocrx_word' id='word_1_180' title='bbox 357 2549 594 2614; x_wconf 89' lang='lat' dir='ltr'><strong>dicebat,</strong></span> <span class='ocrx_word' id='word_1_181' title='bbox 635 2547 792 2604; x_wconf 81' lang='lat' dir='ltr'><strong>Video</strong></span> <span class='ocrx_word' id='word_1_182' title='bbox 819 2545 972 2602; x_wconf 87' lang='lat' dir='ltr'><strong>aliam</strong></span> <span class='ocrx_word' id='word_1_183' title='bbox 995 2547 1154 2618; x_wconf 83' lang='lat' dir='ltr'><strong>legem</strong></span> <span class='ocrx_word' id='word_1_184' title='bbox 1177 2547 1230 2602; x_wconf 90' lang='lat' dir='ltr'><strong>in</strong></span> <span class='ocrx_word' id='word_1_185' title='bbox 1259 2547 1492 2602; x_wconf 80' lang='lat' dir='ltr'><strong>membris</strong></span> <span class='ocrx_word' id='word_1_186' title='bbox 1517 2547 1662 2612; x_wconf 84' lang='lat' dir='ltr'><strong>meis,</strong></span> <span class='ocrx_word' id='word_1_187' title='bbox 1693 2561 1840 2616; x_wconf 83' lang='lat' dir='ltr'><strong>repu-</strong></span> 
     </span>
    </p>
   </div>
   <div class='ocr_carea' id='block_1_25' title="bbox 241 2641 984 2716">
    <p class='ocr_par' dir='ltr' id='par_1_25' title="bbox 241 2641 984 2716">
     <span class='ocr_line' id='line_1_25' title="bbox 241 2641 984 2716; baseline -0.003 -20"><span class='ocrx_word' id='word_1_188' title='bbox 241 2651 482 2716; x_wconf 82' lang='lat' dir='ltr'><strong>gnantem</strong></span> <span class='ocrx_word' id='word_1_189' title='bbox 507 2641 606 2712; x_wconf 79' lang='lat' dir='ltr'><strong>legi</strong></span> <span class='ocrx_word' id='word_1_190' title='bbox 633 2641 811 2694; x_wconf 87' lang='lat' dir='ltr'><strong>mentis</strong></span> <span class='ocrx_word' id='word_1_191' title='bbox 839 2655 984 2694; x_wconf 69' lang='lat' dir='ltr'><strong>metu.</strong></span> 
     </span>
    </p>
   </div>
   <div class='ocr_carea' id='block_1_26' title="bbox 309 2731 1828 2792">
    <p class='ocr_par' dir='ltr' id='par_1_26' title="bbox 309 2731 1828 2792">
     <span class='ocr_line' id='line_1_26' title="bbox 309 2731 1828 2792; baseline 0.002 -2"><span class='ocrx_word' id='word_1_192' title='bbox 309 2735 400 2790; x_wconf 73' lang='lat'><strong>62.</strong></span> <span class='ocrx_word' id='word_1_193' title='bbox 429 2731 540 2792; x_wconf 87' lang='lat' dir='ltr'><strong>Sed</strong></span> <span class='ocrx_word' id='word_1_194' title='bbox 571 2751 638 2790; x_wconf 89' lang='lat' dir='ltr'><strong>ne</strong></span> <span class='ocrx_word' id='word_1_195' title='bbox 667 2733 804 2790; x_wconf 83' lang='lat' dir='ltr'><strong>forte</strong></span> <span class='ocrx_word' id='word_1_196' title='bbox 831 2737 984 2788; x_wconf 90' lang='lat' dir='ltr'><strong>istam</strong></span> <span class='ocrx_word' id='word_1_197' title='bbox 1015 2733 1383 2790; x_wconf 87' lang='lat' dir='ltr'><strong>catechumeni</strong></span> <span class='ocrx_word' id='word_1_198' title='bbox 1422 2733 1698 2792; x_wconf 79' lang='lat' dir='ltr'><strong>existimes</strong></span> <span class='ocrx_word' id='word_1_199' title='bbox 1731 2749 1828 2792; x_wconf 84' lang='lat' dir='ltr'><strong>vo-</strong></span> 
     </span>
    </p>
   </div>
   <div class='ocr_carea' id='block_1_27' title="bbox 243 2825 1838 2898">
    <p class='ocr_par' dir='ltr' id='par_1_27' title="bbox 243 2825 1838 2898">
     <span class='ocr_line' id='line_1_27' title="bbox 243 2825 1838 2898; baseline 0 -16"><span class='ocrx_word' id='word_1_200' title='bbox 243 2841 356 2882; x_wconf 87' lang='lat' dir='ltr'><strong>cem</strong></span> <span class='ocrx_word' id='word_1_201' title='bbox 399 2825 673 2882; x_wconf 82' lang='lat' dir='ltr'><strong>lavacrum</strong></span> <span class='ocrx_word' id='word_1_202' title='bbox 703 2825 1122 2896; x_wconf 75' lang='lat' dir='ltr'><strong>regenerationis</strong></span> <span class='ocrx_word' id='word_1_203' title='bbox 1160 2825 1338 2882; x_wconf 86' lang='lat' dir='ltr'><strong>adhuc</strong></span> <span class='ocrx_word' id='word_1_204' title='bbox 1365 2827 1632 2896; x_wconf 89' lang='lat' dir='ltr'><strong>sperantis</strong></span> <span class='ocrx_word' id='word_1_205' title='bbox 1654 2869 1669 2894; x_wconf 90' lang='lat'><strong>,</strong></span> <span class='ocrx_word' id='word_1_206' title='bbox 1717 2835 1838 2898; x_wconf 90' lang='lat' dir='ltr'><strong>post</strong></span> 
     </span>
    </p>
   </div>
   <div class='ocr_carea' id='block_1_28' title="bbox 242 2919 1834 2994">
    <p class='ocr_par' dir='ltr' id='par_1_28' title="bbox 242 2919 1834 2994">
     <span class='ocr_line' id='line_1_28' title="bbox 242 2919 1834 2994; baseline -0.002 -17"><span class='ocrx_word' id='word_1_207' title='bbox 242 2922 384 2994; x_wconf 89' lang='lat' dir='ltr'><strong>quod</strong></span> <span class='ocrx_word' id='word_1_208' title='bbox 409 2921 682 2976; x_wconf 88' lang='lat' dir='ltr'><strong>lavacrum</strong></span> <span class='ocrx_word' id='word_1_209' title='bbox 707 2920 906 2974; x_wconf 89' lang='lat' dir='ltr'><strong>nullam</strong></span> <span class='ocrx_word' id='word_1_210' title='bbox 931 2919 1102 2990; x_wconf 89' lang='lat' dir='ltr'><strong>legem</strong></span> <span class='ocrx_word' id='word_1_211' title='bbox 1131 2919 1336 2990; x_wconf 85' lang='lat' dir='ltr'><strong>peccati</strong></span> <span class='ocrx_word' id='word_1_212' title='bbox 1360 2921 1696 2976; x_wconf 86' lang='lat' dir='ltr'><strong>resistentem</strong></span> <span class='ocrx_word' id='word_1_213' title='bbox 1727 2919 1834 2992; x_wconf 85' lang='lat' dir='ltr'><strong>legi</strong></span> 
     </span>
    </p>
   </div>
   <div class='ocr_carea' id='block_1_29' title="bbox 243 3010 1836 3082">
    <p class='ocr_par' dir='ltr' id='par_1_29' title="bbox 243 3010 1836 3082">
     <span class='ocr_line' id='line_1_29' title="bbox 243 3010 1836 3082; baseline -0.003 -12"><span class='ocrx_word' id='word_1_214' title='bbox 243 3013 440 3070; x_wconf 79' lang='lat' dir='ltr'><strong>tuentis</strong></span> <span class='ocrx_word' id='word_1_215' title='bbox 461 3052 476 3076; x_wconf 93' lang='lat'><strong>,</strong></span> <span class='ocrx_word' id='word_1_216' title='bbox 524 3011 798 3066; x_wconf 90' lang='lat' dir='ltr'><strong>habiturus</strong></span> <span class='ocrx_word' id='word_1_217' title='bbox 845 3020 990 3066; x_wconf 86' lang='lat' dir='ltr'><strong>esset</strong></span> <span class='ocrx_word' id='word_1_218' title='bbox 1025 3011 1078 3066; x_wconf 90' lang='lat' dir='ltr'><strong>in</strong></span> <span class='ocrx_word' id='word_1_219' title='bbox 1121 3010 1380 3066; x_wconf 87' lang='lat' dir='ltr'><strong>membris</strong></span> <span class='ocrx_word' id='word_1_220' title='bbox 1413 3011 1748 3082; x_wconf 85' lang='lat' dir='ltr'><strong>(quanquam</strong></span> <span class='ocrx_word' id='word_1_221' title='bbox 1779 3019 1836 3066; x_wconf 91' lang='lat' dir='ltr'><strong>tu</strong></span> 
     </span>
    </p>
   </div>
   <div class='ocr_carea' id='block_1_30' title="bbox 241 3101 1835 3176">
    <p class='ocr_par' dir='ltr' id='par_1_30' title="bbox 241 3101 1835 3176">
     <span class='ocr_line' id='line_1_30' title="bbox 241 3101 1835 3176; baseline -0.001 -16"><span class='ocrx_word' id='word_1_222' title='bbox 241 3105 372 3176; x_wconf 88' lang='lat' dir='ltr'><strong>ipse,</strong></span> <span class='ocrx_word' id='word_1_223' title='bbox 403 3103 548 3158; x_wconf 90' lang='lat' dir='ltr'><strong>sicut</strong></span> <span class='ocrx_word' id='word_1_224' title='bbox 572 3101 640 3158; x_wconf 90' lang='lat' dir='ltr'><strong>de</strong></span> <span class='ocrx_word' id='word_1_225' title='bbox 667 3111 720 3158; x_wconf 89' lang='lat' dir='ltr'><strong>te</strong></span> <span class='ocrx_word' id='word_1_226' title='bbox 745 3103 822 3158; x_wconf 88' lang='lat' dir='ltr'><strong>vis</strong></span> <span class='ocrx_word' id='word_1_227' title='bbox 853 3101 1139 3158; x_wconf 87' lang='lat' dir='ltr'><strong>credamus</strong></span> <span class='ocrx_word' id='word_1_228' title='bbox 1165 3102 1206 3166; x_wconf 81' lang='grc'><strong>¹,</strong></span> <span class='ocrx_word' id='word_1_229' title='bbox 1235 3101 1492 3156; x_wconf 86' lang='lat' dir='ltr'><strong>adversus</strong></span> <span class='ocrx_word' id='word_1_230' title='bbox 1521 3103 1680 3171; x_wconf 87' lang='lat' dir='ltr'><strong>hujus</strong></span> <span class='ocrx_word' id='word_1_231' title='bbox 1707 3117 1835 3158; x_wconf 91' lang='lat' dir='ltr'><strong>cou-</strong></span> 
     </span>
    </p>
   </div>
   <div class='ocr_carea' id='block_1_31' title="bbox 242 3193 1834 3268">
    <p class='ocr_par' dir='ltr' id='par_1_31' title="bbox 242 3193 1834 3268">
     <span class='ocr_line' id='line_1_31' title="bbox 242 3193 1834 3268; baseline 0 -16"><span class='ocrx_word' id='word_1_232' title='bbox 242 3195 586 3268; x_wconf 80' lang='lat' dir='ltr'><strong>cupiscentia:</strong></span> <span class='ocrx_word' id='word_1_233' title='bbox 615 3195 836 3260; x_wconf 83' lang='lat' dir='ltr'><strong>malum,</strong></span> <span class='ocrx_word' id='word_1_234' title='bbox 868 3210 960 3264; x_wconf 87' lang='lat' dir='ltr'><strong>per</strong></span> <span class='ocrx_word' id='word_1_235' title='bbox 985 3195 1328 3250; x_wconf 78' lang='lat' dir='ltr'><strong>continentia:</strong></span> <span class='ocrx_word' id='word_1_236' title='bbox 1353 3193 1574 3260; x_wconf 88' lang='lat' dir='ltr'><strong>bonum,</strong></span> <span class='ocrx_word' id='word_1_237' title='bbox 1601 3195 1834 3266; x_wconf 88' lang='lat' dir='ltr'><strong>gloriosa</strong></span> 
     </span>
    </p>
   </div>
   <div class='ocr_carea' id='block_1_32' title="bbox 249 3283 1832 3360">
    <p class='ocr_par' dir='ltr' id='par_1_32' title="bbox 249 3283 1832 3360">
     <span class='ocr_line' id='line_1_32' title="bbox 249 3283 1832 3360; baseline -0.001 -18"><span class='ocrx_word' id='word_1_238' title='bbox 249 3286 548 3344; x_wconf 84' lang='lat' dir='ltr'><strong>certamina</strong></span> <span class='ocrx_word' id='word_1_239' title='bbox 579 3293 699 3360; x_wconf 91' lang='lat' dir='ltr'><strong>post</strong></span> <span class='ocrx_word' id='word_1_240' title='bbox 729 3285 1000 3340; x_wconf 77' lang='lat' dir='ltr'><strong>lavacrum</strong></span> <span class='ocrx_word' id='word_1_241' title='bbox 1041 3283 1462 3356; x_wconf 86' lang='lat' dir='ltr'><strong>regenerationis</strong></span> <span class='ocrx_word' id='word_1_242' title='bbox 1501 3289 1832 3356; x_wconf 76' lang='lat' dir='ltr'><strong>exerceas);</strong></span> 
     </span>
    </p>
   </div>
   <div class='ocr_carea' id='block_1_33' title="bbox 241 3377 1834 3450">
    <p class='ocr_par' dir='ltr' id='par_1_33' title="bbox 241 3377 1834 3450">
     <span class='ocr_line' id='line_1_33' title="bbox 241 3377 1834 3450; baseline -0.003 -12"><span class='ocrx_word' id='word_1_243' title='bbox 241 3383 418 3438; x_wconf 88' lang='lat' dir='ltr'><strong>recole</strong></span> <span class='ocrx_word' id='word_1_244' title='bbox 450 3389 628 3436; x_wconf 78' lang='lat' dir='ltr'><strong>tanien</strong></span> <span class='ocrx_word' id='word_1_245' title='bbox 654 3379 780 3450; x_wconf 87' lang='lat' dir='ltr'><strong>quid</strong></span> <span class='ocrx_word' id='word_1_246' title='bbox 811 3379 1010 3434; x_wconf 88' lang='lat' dir='ltr'><strong>scribat</strong></span> <span class='ocrx_word' id='word_1_247' title='bbox 1037 3377 1106 3434; x_wconf 88' lang='lat' dir='ltr'><strong>ad</strong></span> <span class='ocrx_word' id='word_1_248' title='bbox 1135 3379 1350 3435; x_wconf 86' lang='lat' dir='ltr'><strong>Galatas</strong></span> <span class='ocrx_word' id='word_1_249' title='bbox 1368 3419 1382 3442; x_wconf 95' lang='lat'><strong>,</strong></span> <span class='ocrx_word' id='word_1_250' title='bbox 1415 3386 1562 3434; x_wconf 89' lang='lat' dir='ltr'><strong>certe</strong></span> <span class='ocrx_word' id='word_1_251' title='bbox 1591 3377 1834 3434; x_wconf 81' lang='lat' dir='ltr'><strong>homines</strong></span> 
     </span>
    </p>
   </div>
   <div class='ocr_carea' id='block_1_34' title="bbox 241 3471 1834 3544">
    <p class='ocr_par' dir='ltr' id='par_1_34' title="bbox 241 3471 1834 3544">
     <span class='ocr_line' id='line_1_34' title="bbox 241 3471 1834 3544; baseline -0.004 -14"><span class='ocrx_word' id='word_1_252' title='bbox 241 3472 558 3544; x_wconf 85' lang='lat' dir='ltr'><strong>baptizatos.</strong></span> <span class='ocrx_word' id='word_1_253' title='bbox 577 3471 706 3526; x_wconf 86' lang='lat' dir='ltr'><strong>Dico</strong></span> <span class='ocrx_word' id='word_1_254' title='bbox 723 3481 912 3536; x_wconf 83' lang='lat' dir='ltr'><strong>autem,</strong></span> <span class='ocrx_word' id='word_1_255' title='bbox 937 3471 1128 3542; x_wconf 83' lang='lat' dir='ltr'><strong>inquit,</strong></span> <span class='ocrx_word' id='word_1_256' title='bbox 1147 3471 1330 3544; x_wconf 85' lang='lat' dir='ltr'><strong>spiritu</strong></span> <span class='ocrx_word' id='word_1_257' title='bbox 1352 3471 1624 3536; x_wconf 84' lang='lat' dir='ltr'><strong>ambulate,</strong></span> <span class='ocrx_word' id='word_1_258' title='bbox 1649 3481 1694 3524; x_wconf 88' lang='lat' dir='ltr'><strong>et</strong></span> <span class='ocrx_word' id='word_1_259' title='bbox 1717 3489 1834 3525; x_wconf 87' lang='lat' dir='ltr'><strong>con-</strong></span> 
     </span>
    </p>
   </div>
   <div class='ocr_carea' id='block_1_35' title="bbox 241 3549 1833 3638">
    <p class='ocr_par' dir='ltr' id='par_1_35' title="bbox 241 3549 1833 3638">
     <span class='ocr_line' id='line_1_35' title="bbox 241 3549 1833 3638; baseline -0.003 -14"><span class='ocrx_word' id='word_1_260' title='bbox 241 3567 574 3638; x_wconf 86' lang='lat' dir='ltr'><strong>cupiscentias</strong></span> <span class='ocrx_word' id='word_1_261' title='bbox 601 3549 770 3620; x_wconf 83' lang='lat' dir='ltr'><strong>carnis</strong></span> <span class='ocrx_word' id='word_1_262' title='bbox 793 3581 856 3618; x_wconf 87' lang='lat' dir='ltr'><strong>ne</strong></span> <span class='ocrx_word' id='word_1_263' title='bbox 894 3564 1224 3636; x_wconf 83' lang='lat' dir='ltr'><strong>perfeceritis.</strong></span> <span class='ocrx_word' id='word_1_264' title='bbox 1251 3563 1370 3618; x_wconf 87' lang='lat' dir='ltr'><strong>Non</strong></span> <span class='ocrx_word' id='word_1_265' title='bbox 1395 3563 1470 3620; x_wconf 90' lang='lat' dir='ltr'><strong>ait</strong></span> <span class='ocrx_word' id='word_1_266' title='bbox 1491 3605 1508 3630; x_wconf 94' lang='lat'><strong>,</strong></span> <span class='ocrx_word' id='word_1_267' title='bbox 1537 3563 1616 3620; x_wconf 83' lang='lat' dir='ltr'><strong>Ne</strong></span> <span class='ocrx_word' id='word_1_268' title='bbox 1639 3563 1833 3620; x_wconf 76' lang='lat' dir='ltr'><strong>ieceri-</strong></span> 
     </span>
    </p>
   </div>
   <div class='ocr_carea' id='block_1_36' title="bbox 241 3655 1836 3732">
    <p class='ocr_par' dir='ltr' id='par_1_36' title="bbox 241 3655 1836 3732">
     <span class='ocr_line' id='line_1_36' title="bbox 241 3655 1836 3732; baseline -0.003 -16"><span class='ocrx_word' id='word_1_269' title='bbox 241 3661 340 3725; x_wconf 86' lang='lat' dir='ltr'><strong>tis;</strong></span> <span class='ocrx_word' id='word_1_270' title='bbox 367 3659 496 3732; x_wconf 84' lang='lat' dir='ltr'><strong>quia</strong></span> <span class='ocrx_word' id='word_1_271' title='bbox 518 3673 612 3714; x_wconf 90' lang='lat' dir='ltr'><strong>cas</strong></span> <span class='ocrx_word' id='word_1_272' title='bbox 635 3672 744 3714; x_wconf 91' lang='lat' dir='ltr'><strong>non</strong></span> <span class='ocrx_word' id='word_1_273' title='bbox 765 3656 964 3714; x_wconf 88' lang='lat' dir='ltr'><strong>habere</strong></span> <span class='ocrx_word' id='word_1_274' title='bbox 993 3665 1376 3728; x_wconf 86' lang='lat' dir='ltr'><strong>nonpoterant</strong></span> <span class='ocrx_word' id='word_1_275' title='bbox 1401 3673 1414 3710; x_wconf 87' lang='lat'><strong>:</strong></span> <span class='ocrx_word' id='word_1_276' title='bbox 1439 3655 1554 3724; x_wconf 87' lang='lat' dir='ltr'><strong>sed,</strong></span> <span class='ocrx_word' id='word_1_277' title='bbox 1581 3674 1642 3712; x_wconf 82' lang='lat' dir='ltr'><strong>ne</strong></span> <span class='ocrx_word' id='word_1_278' title='bbox 1669 3662 1836 3728; x_wconf 82' lang='lat' dir='ltr'><strong>perfe-</strong></span> 
     </span>
    </p>
   </div>
   <div class='ocr_carea' id='block_1_37' title="bbox 241 3747 1836 3820">
    <p class='ocr_par' dir='ltr' id='par_1_37' title="bbox 241 3747 1836 3820">
     <span class='ocr_line' id='line_1_37' title="bbox 241 3747 1836 3820; baseline 0 -14"><span class='ocrx_word' id='word_1_279' title='bbox 241 3751 406 3808; x_wconf 79' lang='lat' dir='ltr'><strong>ceritis</strong></span> <span class='ocrx_word' id='word_1_280' title='bbox 431 3767 452 3815; x_wconf 77' lang='lat'><strong>,°</strong></span> <span class='ocrx_word' id='word_1_281' title='bbox 481 3749 538 3804; x_wconf 87' lang='lat' dir='ltr'><strong>id</strong></span> <span class='ocrx_word' id='word_1_282' title='bbox 567 3757 670 3818; x_wconf 92' lang='lat' dir='ltr'><strong>est,</strong></span> <span class='ocrx_word' id='word_1_283' title='bbox 701 3764 772 3804; x_wconf 88' lang='lat' dir='ltr'><strong>ne</strong></span> <span class='ocrx_word' id='word_1_284' title='bbox 803 3763 964 3820; x_wconf 88' lang='lat' dir='ltr'><strong>opera</strong></span> <span class='ocrx_word' id='word_1_285' title='bbox 995 3763 1178 3804; x_wconf 89' lang='lat' dir='ltr'><strong>earum</strong></span> <span class='ocrx_word' id='word_1_286' title='bbox 1199 3787 1214 3818; x_wconf 88' lang='lat'><strong>,</strong></span> <span class='ocrx_word' id='word_1_287' title='bbox 1246 3763 1514 3804; x_wconf 89' lang='lat' dir='ltr'><strong>consensu</strong></span> <span class='ocrx_word' id='word_1_288' title='bbox 1545 3747 1836 3806; x_wconf 85' lang='lat' dir='ltr'><strong>voluntatis</strong></span> 
     </span>
    </p>
   </div>
   <div class='ocr_carea' id='block_1_38' title="bbox 243 3841 1837 3914">
    <p class='ocr_par' dir='ltr' id='par_1_38' title="bbox 243 3841 1837 3914">
     <span class='ocr_line' id='line_1_38' title="bbox 243 3841 1837 3914; baseline -0.003 -14"><span class='ocrx_word' id='word_1_289' title='bbox 243 3843 533 3914; x_wconf 86' lang='lat' dir='ltr'><strong>impleatis.</strong></span> <span class='ocrx_word' id='word_1_290' title='bbox 557 3841 688 3896; x_wconf 86' lang='lat' dir='ltr'><strong>Caro</strong></span> <span class='ocrx_word' id='word_1_291' title='bbox 717 3842 872 3906; x_wconf 86' lang='lat' dir='ltr'><strong>enim,</strong></span> <span class='ocrx_word' id='word_1_292' title='bbox 907 3841 1100 3912; x_wconf 87' lang='lat' dir='ltr'><strong>inquit,</strong></span> <span class='ocrx_word' id='word_1_293' title='bbox 1131 3841 1438 3912; x_wconf 82' lang='lat' dir='ltr'><strong>concupiscit</strong></span> <span class='ocrx_word' id='word_1_294' title='bbox 1463 3841 1702 3896; x_wconf 75' lang='lat' dir='ltr'><strong>adversus</strong></span> <span class='ocrx_word' id='word_1_295' title='bbox 1729 3843 1837 3912; x_wconf 89' lang='lat' dir='ltr'><strong>spi-</strong></span> 
     </span>
    </p>
   </div>
   <div class='ocr_carea' id='block_1_39' title="bbox 243 3933 1836 4012">
    <p class='ocr_par' dir='ltr' id='par_1_39' title="bbox 243 3933 1836 4012">
     <span class='ocr_line' id='line_1_39' title="bbox 243 3933 1836 4012; baseline -0.001 -22"><span class='ocrx_word' id='word_1_296' title='bbox 243 3937 394 3990; x_wconf 85' lang='lat' dir='ltr'><strong>ritum</strong></span> <span class='ocrx_word' id='word_1_297' title='bbox 413 3978 430 4005; x_wconf 92' lang='lat'><strong>,</strong></span> <span class='ocrx_word' id='word_1_298' title='bbox 463 3944 510 3992; x_wconf 86' lang='lat' dir='ltr'><strong>et</strong></span> <span class='ocrx_word' id='word_1_299' title='bbox 537 3934 746 4006; x_wconf 84' lang='lat' dir='ltr'><strong>spiritus</strong></span> <span class='ocrx_word' id='word_1_300' title='bbox 776 3935 1016 3988; x_wconf 76' lang='lat' dir='ltr'><strong>adversus</strong></span> <span class='ocrx_word' id='word_1_301' title='bbox 1051 3950 1254 4012; x_wconf 83' lang='lat' dir='ltr'><strong>carnem</strong></span> <span class='ocrx_word' id='word_1_302' title='bbox 1284 3949 1302 3988; x_wconf 88' lang='lat'><strong><em>:</em></strong></span> <span class='ocrx_word' id='word_1_303' title='bbox 1331 3933 1438 3988; x_wconf 67' lang='lat' dir='ltr'><strong>hate</strong></span> <span class='ocrx_word' id='word_1_304' title='bbox 1465 3935 1596 3990; x_wconf 87' lang='lat' dir='ltr'><strong>enim</strong></span> <span class='ocrx_word' id='word_1_305' title='bbox 1626 3935 1836 3988; x_wconf 84' lang='lat' dir='ltr'><strong>invicem</strong></span> 
     </span>
    </p>
   </div>
   <div class='ocr_carea' id='block_1_40' title="bbox 245 4027 1834 4098">
    <p class='ocr_par' dir='ltr' id='par_1_40' title="bbox 245 4027 1834 4098">
     <span class='ocr_line' id='line_1_40' title="bbox 245 4027 1834 4098; baseline 0.001 -16"><span class='ocrx_word' id='word_1_306' title='bbox 245 4029 576 4082; x_wconf 78' lang='lat' dir='ltr'><strong>adversantur</strong></span> <span class='ocrx_word' id='word_1_307' title='bbox 599 4042 619 4092; x_wconf 84' lang='lat'><strong>,&#39;</strong></span> <span class='ocrx_word' id='word_1_308' title='bbox 649 4037 704 4082; x_wconf 88' lang='lat' dir='ltr'><strong>ut</strong></span> <span class='ocrx_word' id='word_1_309' title='bbox 727 4043 829 4080; x_wconf 89' lang='lat' dir='ltr'><strong>non</strong></span> <span class='ocrx_word' id='word_1_310' title='bbox 857 4043 914 4080; x_wconf 88' lang='lat' dir='ltr'><strong>ea</strong></span> <span class='ocrx_word' id='word_1_311' title='bbox 940 4043 1052 4096; x_wconf 76' lang='lat' dir='ltr'><strong>qua:</strong></span> <span class='ocrx_word' id='word_1_312' title='bbox 1078 4027 1230 4080; x_wconf 83' lang='lat' dir='ltr'><strong>vultis</strong></span> <span class='ocrx_word' id='word_1_313' title='bbox 1257 4027 1474 4098; x_wconf 79' lang='lat' dir='ltr'><strong>faciatis.</strong></span> <span class='ocrx_word' id='word_1_314' title='bbox 1503 4027 1635 4084; x_wconf 81' lang='lat' dir='ltr'><strong>Vide</strong></span> <span class='ocrx_word' id='word_1_315' title='bbox 1657 4029 1700 4084; x_wconf 81' lang='lat' dir='ltr'><strong>si</strong></span> <span class='ocrx_word' id='word_1_316' title='bbox 1729 4043 1834 4084; x_wconf 87' lang='lat' dir='ltr'><strong>non</strong></span> 
     </span>
    </p>
   </div>
   <div class='ocr_carea' id='block_1_41' title="bbox 247 4117 1834 4198">
    <p class='ocr_par' dir='ltr' id='par_1_41' title="bbox 247 4117 1834 4198">
     <span class='ocr_line' id='line_1_41' title="bbox 247 4117 1834 4198; baseline -0.001 -22"><span class='ocrx_word' id='word_1_317' title='bbox 247 4119 346 4176; x_wconf 89' lang='lat' dir='ltr'><strong>hoc</strong></span> <span class='ocrx_word' id='word_1_318' title='bbox 374 4119 552 4176; x_wconf 86' lang='lat' dir='ltr'><strong>estad</strong></span> <span class='ocrx_word' id='word_1_319' title='bbox 583 4119 862 4198; x_wconf 80' lang='lat' dir='ltr'><strong>Romanos</strong></span> <span class='ocrx_word' id='word_1_320' title='bbox 887 4135 897 4171; x_wconf 93' lang='lat'>:</span> <span class='ocrx_word' id='word_1_321' title='bbox 935 4118 1058 4172; x_wconf 84' lang='lat' dir='ltr'><strong>Non</strong></span> <span class='ocrx_word' id='word_1_322' title='bbox 1087 4119 1220 4172; x_wconf 86' lang='lat' dir='ltr'><strong>enim</strong></span> <span class='ocrx_word' id='word_1_323' title='bbox 1259 4117 1392 4190; x_wconf 85' lang='lat' dir='ltr'><strong>quod</strong></span> <span class='ocrx_word' id='word_1_324' title='bbox 1430 4117 1542 4172; x_wconf 85' lang='lat' dir='ltr'><strong>volo</strong></span> <span class='ocrx_word' id='word_1_325' title='bbox 1581 4120 1714 4188; x_wconf 82' lang='lat' dir='ltr'><strong>facio</strong></span> <span class='ocrx_word' id='word_1_326' title='bbox 1741 4117 1834 4174; x_wconf 91' lang='lat' dir='ltr'><strong>bo-</strong></span> 
     </span>
    </p>
   </div>
   <div class='ocr_carea' id='block_1_42' title="bbox 247 4209 1835 4282">
    <p class='ocr_par' dir='ltr' id='par_1_42' title="bbox 247 4209 1835 4282">
     <span class='ocr_line' id='line_1_42' title="bbox 247 4209 1835 4282; baseline 0.001 -18"><span class='ocrx_word' id='word_1_327' title='bbox 247 4227 404 4277; x_wconf 80' lang='lat' dir='ltr'><strong>num;</strong></span> <span class='ocrx_word' id='word_1_328' title='bbox 427 4211 516 4264; x_wconf 85' lang='lat' dir='ltr'><strong>sed</strong></span> <span class='ocrx_word' id='word_1_329' title='bbox 537 4210 670 4280; x_wconf 79' lang='lat' dir='ltr'><strong>quod</strong></span> <span class='ocrx_word' id='word_1_330' title='bbox 697 4210 813 4264; x_wconf 87' lang='lat' dir='ltr'><strong>nolo</strong></span> <span class='ocrx_word' id='word_1_331' title='bbox 841 4209 1050 4276; x_wconf 87' lang='lat' dir='ltr'><strong>malum,</strong></span> <span class='ocrx_word' id='word_1_332' title='bbox 1082 4210 1175 4264; x_wconf 85' lang='lat' dir='ltr'><strong>hoc</strong></span> <span class='ocrx_word' id='word_1_333' title='bbox 1201 4226 1317 4282; x_wconf 87' lang='lat' dir='ltr'><strong>ago.</strong></span> <span class='ocrx_word' id='word_1_334' title='bbox 1351 4211 1548 4264; x_wconf 87' lang='lat' dir='ltr'><strong>Deinde</strong></span> <span class='ocrx_word' id='word_1_335' title='bbox 1578 4211 1644 4264; x_wconf 90' lang='lat' dir='ltr'><strong>ad</strong></span> <span class='ocrx_word' id='word_1_336' title='bbox 1675 4210 1835 4266; x_wconf 86' lang='lat' dir='ltr'><strong>Gala-</strong></span> 
     </span>
    </p>
   </div>
   <div class='ocr_carea' id='block_1_43' title="bbox 248 4299 1836 4372">
    <p class='ocr_par' dir='ltr' id='par_1_43' title="bbox 248 4299 1836 4372">
     <span class='ocr_line' id='line_1_43' title="bbox 248 4299 1836 4372; baseline -0.001 -14"><span class='ocrx_word' id='word_1_337' title='bbox 248 4313 326 4358; x_wconf 86' lang='lat' dir='ltr'><strong>tas</strong></span> <span class='ocrx_word' id='word_1_338' title='bbox 374 4301 526 4356; x_wconf 84' lang='lat' dir='ltr'><strong>addit</strong></span> <span class='ocrx_word' id='word_1_339' title='bbox 573 4311 628 4356; x_wconf 91' lang='lat' dir='ltr'><strong>et</strong></span> <span class='ocrx_word' id='word_1_340' title='bbox 674 4301 848 4356; x_wconf 87' lang='lat' dir='ltr'><strong>dicit:</strong></span> <span class='ocrx_word' id='word_1_341' title='bbox 882 4299 1029 4368; x_wconf 84' lang='lat' dir='ltr'><strong>Quod</strong></span> <span class='ocrx_word' id='word_1_342' title='bbox 1075 4301 1119 4356; x_wconf 90' lang='lat' dir='ltr'><strong>si</strong></span> <span class='ocrx_word' id='word_1_343' title='bbox 1167 4302 1350 4372; x_wconf 87' lang='lat' dir='ltr'><strong>spiritu</strong></span> <span class='ocrx_word' id='word_1_344' title='bbox 1404 4301 1684 4368; x_wconf 85' lang='lat' dir='ltr'><strong>ducimini;</strong></span> <span class='ocrx_word' id='word_1_345' title='bbox 1737 4319 1836 4356; x_wconf 87' lang='lat' dir='ltr'><strong>non</strong></span> 
     </span>
    </p>
   </div>
   <div class='ocr_carea' id='block_1_44' title="bbox 247 4391 1834 4464">
    <p class='ocr_par' dir='ltr' id='par_1_44' title="bbox 247 4391 1834 4464">
     <span class='ocr_line' id='line_1_44' title="bbox 247 4391 1834 4464; baseline 0.002 -17"><span class='ocrx_word' id='word_1_346' title='bbox 247 4395 412 4448; x_wconf 78' lang='lat' dir='ltr'><strong>adhuc</strong></span> <span class='ocrx_word' id='word_1_347' title='bbox 445 4393 560 4448; x_wconf 86' lang='lat' dir='ltr'><strong>estis</strong></span> <span class='ocrx_word' id='word_1_348' title='bbox 603 4393 694 4448; x_wconf 87' lang='lat' dir='ltr'><strong>sub</strong></span> <span class='ocrx_word' id='word_1_349' title='bbox 735 4393 842 4464; x_wconf 82' lang='lat' dir='ltr'><strong>lege</strong></span> <span class='ocrx_word' id='word_1_350' title='bbox 884 4391 1080 4464; x_wconf 75' lang='lat' dir='ltr'><strong>(Colat.</strong></span> <span class='ocrx_word' id='word_1_351' title='bbox 1109 4409 1180 4460; x_wconf 87' lang='lat' dir='ltr'><strong>v,</strong></span> <span class='ocrx_word' id='word_1_352' title='bbox 1231 4393 1447 4464; x_wconf 81' lang='grc'><strong>16-18).</strong></span> <span class='ocrx_word' id='word_1_353' title='bbox 1495 4393 1626 4448; x_wconf 75' lang='lat' dir='ltr'><strong>Vide</strong></span> <span class='ocrx_word' id='word_1_354' title='bbox 1655 4395 1834 4450; x_wconf 88' lang='lat' dir='ltr'><strong>sinon</strong></span> 
     </span>
    </p>
   </div>
   <div class='ocr_carea' id='block_1_45' title="bbox 249 4481 1833 4557">
    <p class='ocr_par' dir='ltr' id='par_1_45' title="bbox 249 4481 1833 4557">
     <span class='ocr_line' id='line_1_45' title="bbox 249 4481 1833 4557; baseline 0.003 -17"><span class='ocrx_word' id='word_1_355' title='bbox 249 4486 346 4542; x_wconf 87' lang='lat' dir='ltr'><strong>hoc</strong></span> <span class='ocrx_word' id='word_1_356' title='bbox 375 4493 460 4542; x_wconf 91' lang='lat' dir='ltr'><strong>est</strong></span> <span class='ocrx_word' id='word_1_357' title='bbox 489 4485 556 4540; x_wconf 89' lang='lat' dir='ltr'><strong>ad</strong></span> <span class='ocrx_word' id='word_1_358' title='bbox 587 4485 856 4540; x_wconf 82' lang='lat' dir='ltr'><strong>Romanos</strong></span> <span class='ocrx_word' id='word_1_359' title='bbox 888 4502 900 4540; x_wconf 93' lang='lat'><strong>:</strong></span> <span class='ocrx_word' id='word_1_360' title='bbox 933 4481 1054 4540; x_wconf 72' lang='lat' dir='ltr'><strong>Iam</strong></span> <span class='ocrx_word' id='word_1_361' title='bbox 1083 4503 1182 4540; x_wconf 89' lang='lat' dir='ltr'><strong>non</strong></span> <span class='ocrx_word' id='word_1_362' title='bbox 1211 4503 1300 4557; x_wconf 76' lang='lat' dir='ltr'><strong>ego</strong></span> <span class='ocrx_word' id='word_1_363' title='bbox 1331 4503 1512 4557; x_wconf 85' lang='lat' dir='ltr'><strong>aperor</strong></span> <span class='ocrx_word' id='word_1_364' title='bbox 1541 4487 1670 4542; x_wconf 86' lang='lat' dir='ltr'><strong>illud</strong></span> <span class='ocrx_word' id='word_1_365' title='bbox 1691 4503 1711 4552; x_wconf 89' lang='lat'><strong><em>;</em></strong></span> <span class='ocrx_word' id='word_1_366' title='bbox 1748 4499 1798 4544; x_wconf 89' lang='lat' dir='ltr'><strong>et</strong></span> <span class='ocrx_word' id='word_1_367' title='bbox 1817 4531 1833 4554; x_wconf 91' lang='lat'><strong>,</strong></span> 
     </span>
    </p>
   </div>
   <div class='ocr_carea' id='block_1_46' title="bbox 249 4577 1838 4650">
    <p class='ocr_par' dir='ltr' id='par_1_46' title="bbox 249 4577 1838 4650">
     <span class='ocr_line' id='line_1_46' title="bbox 249 4577 1838 4650; baseline 0.001 -15"><span class='ocrx_word' id='word_1_368' title='bbox 249 4578 578 4635; x_wconf 79' lang='lat' dir='ltr'><strong>Condelector</strong></span> <span class='ocrx_word' id='word_1_369' title='bbox 622 4579 718 4650; x_wconf 86' lang='lat' dir='ltr'><strong>legi</strong></span> <span class='ocrx_word' id='word_1_370' title='bbox 759 4577 856 4634; x_wconf 86' lang='lat' dir='ltr'><strong>Dei</strong></span> <span class='ocrx_word' id='word_1_371' title='bbox 900 4579 1176 4634; x_wconf 79' lang='lat' dir='ltr'><strong>secundant</strong></span> <span class='ocrx_word' id='word_1_372' title='bbox 1215 4579 1502 4634; x_wconf 85' lang='lat' dir='ltr'><strong>interiorem</strong></span> <span class='ocrx_word' id='word_1_373' title='bbox 1541 4581 1793 4636; x_wconf 84' lang='lat' dir='ltr'><strong>hominem</strong></span> <span class='ocrx_word' id='word_1_374' title='bbox 1815 4597 1838 4646; x_wconf 85' lang='lat'><strong>,&#39;</strong></span> 
     </span>
    </p>
   </div>
   <div class='ocr_carea' id='block_1_47' title="bbox 247 4671 1840 4744">
    <p class='ocr_par' dir='ltr' id='par_1_47' title="bbox 247 4671 1840 4744">
     <span class='ocr_line' id='line_1_47' title="bbox 247 4671 1840 4744; baseline 0.001 -17"><span class='ocrx_word' id='word_1_375' title='bbox 247 4681 316 4738; x_wconf 90' lang='lat' dir='ltr'><strong>et,</strong></span> <span class='ocrx_word' id='word_1_376' title='bbox 355 4673 477 4726; x_wconf 75' lang='lat' dir='ltr'><strong>Non</strong></span> <span class='ocrx_word' id='word_1_377' title='bbox 503 4681 676 4742; x_wconf 83' lang='lat' dir='ltr'><strong>regnet</strong></span> <span class='ocrx_word' id='word_1_378' title='bbox 702 4683 964 4742; x_wconf 76' lang='lat' dir='ltr'><strong>peccatum</strong></span> <span class='ocrx_word' id='word_1_379' title='bbox 993 4672 1042 4724; x_wconf 92' lang='lat' dir='ltr'><strong>in</strong></span> <span class='ocrx_word' id='word_1_380' title='bbox 1075 4679 1235 4726; x_wconf 87' lang='lat' dir='ltr'><strong>vestro</strong></span> <span class='ocrx_word' id='word_1_381' title='bbox 1269 4671 1468 4726; x_wconf 87' lang='lat' dir='ltr'><strong>mortali</strong></span> <span class='ocrx_word' id='word_1_382' title='bbox 1499 4689 1738 4744; x_wconf 85' lang='lat' dir='ltr'><strong>corpore,</strong></span> <span class='ocrx_word' id='word_1_383' title='bbox 1771 4673 1840 4728; x_wconf 86' lang='lat' dir='ltr'><strong>ad</strong></span> 
     </span>
    </p>
   </div>
   <div class='ocr_carea' id='block_1_48' title="bbox 249 4763 1833 4840">
    <p class='ocr_par' dir='ltr' id='par_1_48' title="bbox 249 4763 1833 4840">
     <span class='ocr_line' id='line_1_48' title="bbox 249 4763 1833 4840; baseline -0.001 -16"><span class='ocrx_word' id='word_1_384' title='bbox 249 4769 582 4824; x_wconf 66' lang='lat' dir='ltr'><strong>obedientium</strong></span> <span class='ocrx_word' id='word_1_385' title='bbox 603 4767 861 4822; x_wconf 80' lang='lat' dir='ltr'><strong>desideriis</strong></span> <span class='ocrx_word' id='word_1_386' title='bbox 887 4768 995 4840; x_wconf 82' lang='lat' dir='ltr'><strong>ejus</strong></span> <span class='ocrx_word' id='word_1_387' title='bbox 1023 4763 1196 4838; x_wconf 86' lang='lat' dir='ltr'><strong>(Rom.</strong></span> <span class='ocrx_word' id='word_1_388' title='bbox 1219 4783 1312 4832; x_wconf 85' lang='lat' dir='ltr'><strong>vn,</strong></span> <span class='ocrx_word' id='word_1_389' title='bbox 1347 4767 1432 4831; x_wconf 78' lang='lat'><strong>15,</strong></span> <span class='ocrx_word' id='word_1_390' title='bbox 1463 4766 1553 4830; x_wconf 73' lang='lat'><strong>20,</strong></span> <span class='ocrx_word' id='word_1_391' title='bbox 1579 4767 1670 4834; x_wconf 71' lang='lat'><strong>2&#39;2,</strong></span> <span class='ocrx_word' id='word_1_392' title='bbox 1695 4778 1742 4822; x_wconf 86' lang='lat' dir='ltr'><strong>et</strong></span> <span class='ocrx_word' id='word_1_393' title='bbox 1765 4784 1833 4836; x_wconf 68' lang='grc' dir='ltr'><strong>γι,</strong></span> 
     </span>
    </p>
   </div>
   <div class='ocr_carea' id='block_1_49' title="bbox 253 4861 1839 4936">
    <p class='ocr_par' dir='ltr' id='par_1_49' title="bbox 253 4861 1839 4936">
     <span class='ocr_line' id='line_1_49' title="bbox 253 4861 1839 4936; baseline -0.001 -16"><span class='ocrx_word' id='word_1_394' title='bbox 253 4865 362 4936; x_wconf 76' lang='grc'><strong>12).</strong></span> <span class='ocrx_word' id='word_1_395' title='bbox 392 4863 450 4919; x_wconf 84' lang='lat' dir='ltr'><strong>Si</strong></span> <span class='ocrx_word' id='word_1_396' title='bbox 477 4861 618 4918; x_wconf 89' lang='lat' dir='ltr'><strong>enim</strong></span> <span class='ocrx_word' id='word_1_397' title='bbox 651 4877 754 4916; x_wconf 89' lang='lat' dir='ltr'><strong>non</strong></span> <span class='ocrx_word' id='word_1_398' title='bbox 784 4861 1062 4916; x_wconf 89' lang='lat' dir='ltr'><strong>obcdiatur</strong></span> <span class='ocrx_word' id='word_1_399' title='bbox 1088 4861 1554 4930; x_wconf 87' lang='lat' dir='ltr'><strong>concupiscentiis,</strong></span> <span class='ocrx_word' id='word_1_400' title='bbox 1585 4877 1716 4932; x_wconf 86' lang='lat' dir='ltr'><strong>quas</strong></span> <span class='ocrx_word' id='word_1_401' title='bbox 1743 4877 1839 4918; x_wconf 89' lang='lat' dir='ltr'><strong>nc-</strong></span> 
     </span>
    </p>
   </div>
   <div class='ocr_carea' id='block_1_50' title="bbox 249 4951 1836 5026">
    <p class='ocr_par' dir='ltr' id='par_1_50' title="bbox 249 4951 1836 5026">
     <span class='ocr_line' id='line_1_50' title="bbox 249 4951 1836 5026; baseline -0.002 -14"><span class='ocrx_word' id='word_1_402' title='bbox 249 4973 397 5012; x_wconf 86' lang='lat' dir='ltr'><strong>cesse</strong></span> <span class='ocrx_word' id='word_1_403' title='bbox 422 4963 506 5010; x_wconf 88' lang='lat' dir='ltr'><strong>est</strong></span> <span class='ocrx_word' id='word_1_404' title='bbox 535 4955 724 5008; x_wconf 86' lang='lat' dir='ltr'><strong>essein</strong></span> <span class='ocrx_word' id='word_1_405' title='bbox 748 4951 908 5007; x_wconf 83' lang='lat' dir='ltr'><strong>carne</strong></span> <span class='ocrx_word' id='word_1_406' title='bbox 941 4955 1140 5022; x_wconf 86' lang='lat' dir='ltr'><strong>peccati</strong></span> <span class='ocrx_word' id='word_1_407' title='bbox 1170 4963 1328 5022; x_wconf 86' lang='lat' dir='ltr'><strong>atque</strong></span> <span class='ocrx_word' id='word_1_408' title='bbox 1353 4953 1406 5007; x_wconf 91' lang='lat' dir='ltr'><strong>in</strong></span> <span class='ocrx_word' id='word_1_409' title='bbox 1432 4969 1656 5026; x_wconf 89' lang='lat' dir='ltr'><strong>corpore</strong></span> <span class='ocrx_word' id='word_1_410' title='bbox 1687 4971 1836 5010; x_wconf 87' lang='lat' dir='ltr'><strong>mor-</strong></span> 
     </span>
    </p>
   </div>
   <div class='ocr_carea' id='block_1_51' title="bbox 249 5027 1838 5118">
    <p class='ocr_par' dir='ltr' id='par_1_51' title="bbox 249 5027 1838 5118">
     <span class='ocr_line' id='line_1_51' title="bbox 249 5027 1838 5118; baseline -0.001 -17"><span class='ocrx_word' id='word_1_411' title='bbox 249 5051 312 5103; x_wconf 88' lang='lat' dir='ltr'><strong>tis</strong></span> <span class='ocrx_word' id='word_1_412' title='bbox 339 5049 534 5118; x_wconf 86' lang='lat' dir='ltr'><strong>hujus,</strong></span> <span class='ocrx_word' id='word_1_413' title='bbox 579 5061 682 5100; x_wconf 91' lang='lat' dir='ltr'><strong>non</strong></span> <span class='ocrx_word' id='word_1_414' title='bbox 723 5045 1025 5116; x_wconf 85' lang='lat' dir='ltr'><strong>perﬁcietur</strong></span> <span class='ocrx_word' id='word_1_415' title='bbox 1051 5045 1190 5116; x_wconf 90' lang='lat' dir='ltr'><strong>quod</strong></span> <span class='ocrx_word' id='word_1_416' title='bbox 1225 5047 1406 5115; x_wconf 84' lang='lat' dir='ltr'><strong>perﬁci</strong></span> <span class='ocrx_word' id='word_1_417' title='bbox 1433 5027 1579 5100; x_wconf 82' lang='lat' dir='ltr'><strong>vetat</strong></span> <span class='ocrx_word' id='word_1_418' title='bbox 1605 5049 1838 5116; x_wconf 81' lang='lat' dir='ltr'><strong>Aposto-</strong></span> 
     </span>
    </p>
   </div>
   <div class='ocr_carea' id='block_1_52' title="bbox 253 5143 1838 5214">
    <p class='ocr_par' dir='ltr' id='par_1_52' title="bbox 253 5143 1838 5214">
     <span class='ocr_line' id='line_1_52' title="bbox 253 5143 1838 5214; baseline 0.001 -18"><span class='ocrx_word' id='word_1_419' title='bbox 253 5144 328 5198; x_wconf 88' lang='lat' dir='ltr'><strong>lus</strong></span> <span class='ocrx_word' id='word_1_420' title='bbox 353 5145 563 5208; x_wconf 89' lang='lat' dir='ltr'><strong>diccns,</strong></span> <span class='ocrx_word' id='word_1_421' title='bbox 597 5143 1042 5214; x_wconf 85' lang='lat' dir='ltr'><strong>Concupiscentias</strong></span> <span class='ocrx_word' id='word_1_422' title='bbox 1075 5143 1246 5196; x_wconf 84' lang='lat' dir='ltr'><strong>carnis</strong></span> <span class='ocrx_word' id='word_1_423' title='bbox 1271 5158 1333 5196; x_wconf 87' lang='lat' dir='ltr'><strong>ne</strong></span> <span class='ocrx_word' id='word_1_424' title='bbox 1361 5143 1688 5212; x_wconf 76' lang='lat' dir='ltr'><strong>perfeceritis.</strong></span> <span class='ocrx_word' id='word_1_425' title='bbox 1719 5143 1838 5212; x_wconf 79' lang='lat' dir='ltr'><strong>Ipsa</strong></span> 
     </span>
    </p>
   </div>
   <div class='ocr_carea' id='block_1_53' title="bbox 251 5233 1834 5306">
    <p class='ocr_par' dir='ltr' id='par_1_53' title="bbox 251 5233 1834 5306">
     <span class='ocr_line' id='line_1_53' title="bbox 251 5233 1834 5306; baseline 0 -18"><span class='ocrx_word' id='word_1_426' title='bbox 251 5237 442 5306; x_wconf 87' lang='lat' dir='ltr'><strong>quippe</strong></span> <span class='ocrx_word' id='word_1_427' title='bbox 472 5247 596 5290; x_wconf 85' lang='lat' dir='ltr'><strong>sunt</strong></span> <span class='ocrx_word' id='word_1_428' title='bbox 623 5249 806 5304; x_wconf 84' lang='lat' dir='ltr'><strong>opera,</strong></span> <span class='ocrx_word' id='word_1_429' title='bbox 838 5233 903 5288; x_wconf 88' lang='lat' dir='ltr'><strong>de</strong></span> <span class='ocrx_word' id='word_1_430' title='bbox 927 5233 1120 5304; x_wconf 84' lang='lat' dir='ltr'><strong>quibus</strong></span> <span class='ocrx_word' id='word_1_431' title='bbox 1148 5243 1316 5288; x_wconf 89' lang='lat' dir='ltr'><strong>totum</strong></span> <span class='ocrx_word' id='word_1_432' title='bbox 1345 5233 1478 5288; x_wconf 85' lang='lat' dir='ltr'><strong>mire</strong></span> <span class='ocrx_word' id='word_1_433' title='bbox 1505 5236 1526 5266; x_wconf 81' lang='grc'><strong>⁸</strong></span> <span class='ocrx_word' id='word_1_434' title='bbox 1555 5235 1794 5304; x_wconf 85' lang='lat' dir='ltr'><strong>sequitur</strong></span> <span class='ocrx_word' id='word_1_435' title='bbox 1819 5277 1834 5301; x_wconf 90' lang='lat'><strong>,</strong></span> 
     </span>
    </p>
   </div>
   <div class='ocr_carea' id='block_1_54' title="bbox 255 5323 1837 5398">
    <p class='ocr_par' dir='ltr' id='par_1_54' title="bbox 255 5323 1837 5398">
     <span class='ocr_line' id='line_1_54' title="bbox 255 5323 1837 5398; baseline 0.002 -19"><span class='ocrx_word' id='word_1_436' title='bbox 255 5333 304 5380; x_wconf 87' lang='lat' dir='ltr'><strong>et</strong></span> <span class='ocrx_word' id='word_1_437' title='bbox 329 5327 458 5382; x_wconf 80' lang='lat' dir='ltr'><strong>dicit</strong></span> <span class='ocrx_word' id='word_1_438' title='bbox 495 5345 506 5380; x_wconf 94' lang='lat'><strong>:</strong></span> <span class='ocrx_word' id='word_1_439' title='bbox 541 5323 816 5398; x_wconf 78' lang='lat' dir='ltr'><strong>Manifesta</strong></span> <span class='ocrx_word' id='word_1_440' title='bbox 842 5335 1008 5379; x_wconf 87' lang='lat' dir='ltr'><strong>autem</strong></span> <span class='ocrx_word' id='word_1_441' title='bbox 1037 5333 1155 5380; x_wconf 88' lang='lat' dir='ltr'><strong>sunt</strong></span> <span class='ocrx_word' id='word_1_442' title='bbox 1186 5343 1338 5398; x_wconf 78' lang='lat' dir='ltr'><strong>Opera</strong></span> <span class='ocrx_word' id='word_1_443' title='bbox 1369 5325 1560 5391; x_wconf 86' lang='lat' dir='ltr'><strong>carnis,</strong></span> <span class='ocrx_word' id='word_1_444' title='bbox 1587 5343 1698 5396; x_wconf 83' lang='lat' dir='ltr'><strong>qua:</strong></span> <span class='ocrx_word' id='word_1_445' title='bbox 1723 5335 1837 5382; x_wconf 85' lang='lat' dir='ltr'><strong>stmt</strong></span> 
     </span>
    </p>
   </div>
   <div class='ocr_carea' id='block_1_55' title="bbox 253 5417 1836 5489">
    <p class='ocr_par' dir='ltr' id='par_1_55' title="bbox 253 5417 1836 5489">
     <span class='ocr_line' id='line_1_55' title="bbox 253 5417 1836 5489; baseline -0.001 -17"><span class='ocrx_word' id='word_1_446' title='bbox 253 5421 629 5489; x_wconf 81' lang='lat' dir='ltr'><strong>fornicationes,</strong></span> <span class='ocrx_word' id='word_1_447' title='bbox 657 5417 991 5472; x_wconf 76' lang='lat' dir='ltr'><strong>inmunditia:</strong></span> <span class='ocrx_word' id='word_1_448' title='bbox 1019 5459 1033 5483; x_wconf 93' lang='lat'><strong>,</strong></span> <span class='ocrx_word' id='word_1_449' title='bbox 1072 5417 1308 5483; x_wconf 68' lang='lat' dir='ltr'><strong>luxnriw,</strong></span> <span class='ocrx_word' id='word_1_450' title='bbox 1341 5417 1592 5470; x_wconf 86' lang='lat' dir='ltr'><strong>idolorum</strong></span> <span class='ocrx_word' id='word_1_451' title='bbox 1627 5427 1836 5470; x_wconf 79' lang='lat' dir='ltr'><strong>servitus</strong></span> 
     </span>
    </p>
   </div>
   <div class='ocr_carea' id='block_1_56' title="bbox 257 5507 1841 5580">
    <p class='ocr_par' dir='ltr' id='par_1_56' title="bbox 257 5507 1841 5580">
     <span class='ocr_line' id='line_1_56' title="bbox 257 5507 1841 5580; baseline -0.003 -16"><span class='ocrx_word' id='word_1_452' title='bbox 257 5509 445 5580; x_wconf 81' lang='lat' dir='ltr'><strong>(Galat.</strong></span> <span class='ocrx_word' id='word_1_453' title='bbox 479 5526 536 5575; x_wconf 87' lang='lat' dir='ltr'><strong>v,</strong></span> <span class='ocrx_word' id='word_1_454' title='bbox 575 5511 658 5578; x_wconf 87' lang='lat' dir='ltr'><strong>l9,</strong></span> <span class='ocrx_word' id='word_1_455' title='bbox 690 5511 807 5580; x_wconf 74' lang='lat'><strong>20),</strong></span> <span class='ocrx_word' id='word_1_456' title='bbox 839 5519 888 5564; x_wconf 90' lang='lat' dir='ltr'><strong>et</strong></span> <span class='ocrx_word' id='word_1_457' title='bbox 920 5519 1130 5563; x_wconf 75' lang='lat' dir='ltr'><strong>cmtcra.</strong></span> <span class='ocrx_word' id='word_1_458' title='bbox 1163 5509 1218 5562; x_wconf 82' lang='lat' dir='ltr'><strong>Si</strong></span> <span class='ocrx_word' id='word_1_459' title='bbox 1249 5523 1376 5578; x_wconf 84' lang='lat' dir='ltr'><strong>ergo</strong></span> <span class='ocrx_word' id='word_1_460' title='bbox 1403 5523 1507 5561; x_wconf 88' lang='lat' dir='ltr'><strong>non</strong></span> <span class='ocrx_word' id='word_1_461' title='bbox 1535 5507 1841 5561; x_wconf 85' lang='lat' dir='ltr'><strong>consentia-</strong></span> 
     </span>
    </p>
   </div>
   <div class='ocr_carea' id='block_1_57' title="bbox 254 5600 1833 5673">
    <p class='ocr_par' dir='ltr' id='par_1_57' title="bbox 254 5600 1833 5673">
     <span class='ocr_line' id='line_1_57' title="bbox 254 5600 1833 5673; baseline -0.001 -17"><span class='ocrx_word' id='word_1_462' title='bbox 254 5611 337 5656; x_wconf 90' lang='lat' dir='ltr'><strong>tur</strong></span> <span class='ocrx_word' id='word_1_463' title='bbox 355 5603 804 5673; x_wconf 88' lang='lat' dir='ltr'><strong>concupiscentiis</strong></span> <span class='ocrx_word' id='word_1_464' title='bbox 829 5603 1027 5666; x_wconf 87' lang='lat' dir='ltr'><strong>carnis,</strong></span> <span class='ocrx_word' id='word_1_465' title='bbox 1059 5603 1302 5672; x_wconf 87' lang='lat' dir='ltr'><strong>quamvis</strong></span> <span class='ocrx_word' id='word_1_466' title='bbox 1333 5607 1554 5670; x_wconf 78' lang='lat' dir='ltr'><strong>agantur</strong></span> <span class='ocrx_word' id='word_1_467' title='bbox 1583 5600 1833 5666; x_wconf 85' lang='lat' dir='ltr'><strong>motibus,</strong></span> 
     </span>
    </p>
   </div>
   <div class='ocr_carea' id='block_1_58' title="bbox 312 5753 1720 5818">
    <p class='ocr_par' dir='ltr' id='par_1_58' title="bbox 312 5753 1720 5818">
     <span class='ocr_line' id='line_1_58' title="bbox 312 5753 1720 5818; baseline 0.001 -14"><span class='ocrx_word' id='word_1_468' title='bbox 312 5758 328 5788; x_wconf 82' lang='grc'>¹</span> <span class='ocrx_word' id='word_1_469' title='bbox 363 5757 435 5818; x_wconf 78' lang='lat' dir='ltr'><strong>sic</strong></span> <span class='ocrx_word' id='word_1_470' title='bbox 455 5762 564 5805; x_wconf 75' lang='lat' dir='ltr'><strong>Mss.</strong></span> <span class='ocrx_word' id='word_1_471' title='bbox 592 5761 647 5804; x_wconf 79' lang='lat' dir='ltr'><strong>At</strong></span> <span class='ocrx_word' id='word_1_472' title='bbox 669 5761 743 5804; x_wconf 78' lang='lat' dir='ltr'><strong>Er.</strong></span> <span class='ocrx_word' id='word_1_473' title='bbox 771 5763 822 5806; x_wconf 90' lang='lat' dir='ltr'><strong>et</strong></span> <span class='ocrx_word' id='word_1_474' title='bbox 843 5763 972 5816; x_wconf 67' lang='lat' dir='ltr'><strong>Lov,</strong></span> <span class='ocrx_word' id='word_1_475' title='bbox 996 5753 1038 5805; x_wconf 86' lang='lat' dir='ltr'><strong>si</strong></span> <span class='ocrx_word' id='word_1_476' title='bbox 1063 5753 1180 5818; x_wconf 85' lang='lat' dir='ltr'><strong>quid</strong></span> <span class='ocrx_word' id='word_1_477' title='bbox 1205 5755 1266 5804; x_wconf 83' lang='lat' dir='ltr'><strong>de</strong></span> <span class='ocrx_word' id='word_1_478' title='bbox 1289 5763 1333 5806; x_wconf 82' lang='lat' dir='ltr'><strong>te</strong></span> <span class='ocrx_word' id='word_1_479' title='bbox 1353 5755 1720 5818; x_wconf 78' lang='lat' dir='ltr'><strong>tibicredtmu‘s.</strong></span> 
     </span>
    </p>
   </div>
   <div class='ocr_carea' id='block_1_59' title="bbox 313 5817 1844 5880">
    <p class='ocr_par' dir='ltr' id='par_1_59' title="bbox 313 5817 1844 5880">
     <span class='ocr_line' id='line_1_59' title="bbox 313 5817 1844 5880; baseline 0.003 -16"><span class='ocrx_word' id='word_1_480' title='bbox 313 5819 334 5848; x_wconf 83' lang='grc'>²</span> <span class='ocrx_word' id='word_1_481' title='bbox 365 5817 886 5880; x_wconf 80' lang='lat' dir='ltr'><strong>Aliquotmanuscripti</strong></span> <span class='ocrx_word' id='word_1_482' title='bbox 919 5817 1163 5877; x_wconf 82' lang='lat' dir='ltr'><strong>omittunt,</strong></span> <span class='ocrx_word' id='word_1_483' title='bbox 1195 5823 1344 5868; x_wconf 87' lang='lat' dir='ltr'><strong>totum</strong></span> <span class='ocrx_word' id='word_1_484' title='bbox 1386 5817 1524 5869; x_wconf 86' lang='lat' dir='ltr'><strong>mire.</strong></span> <span class='ocrx_word' id='word_1_485' title='bbox 1567 5821 1648 5868; x_wconf 70' lang='lat' dir='ltr'><strong>alii</strong></span> <span class='ocrx_word' id='word_1_486' title='bbox 1685 5821 1844 5870; x_wconf 85' lang='lat' dir='ltr'><strong>solum</strong></span> 
     </span>
    </p>
   </div>
   <div class='ocr_carea' id='block_1_60' title="bbox 253 5879 638 5942">
    <p class='ocr_par' dir='ltr' id='par_1_60' title="bbox 253 5879 638 5942">
     <span class='ocr_line' id='line_1_60' title="bbox 253 5879 638 5942; baseline -0.003 -14"><span class='ocrx_word' id='word_1_487' title='bbox 253 5879 479 5942; x_wconf 81' lang='lat' dir='ltr'><strong>retinent,</strong></span> <span class='ocrx_word' id='word_1_488' title='bbox 499 5879 638 5932; x_wconf 79' lang='lat' dir='ltr'><strong>mire.</strong></span> 
     </span>
    </p>
   </div>
   <div class='ocr_carea' id='block_1_61' title="bbox 1601 403 2162 464">
    <p class='ocr_par' dir='ltr' id='par_1_61' title="bbox 1601 403 2162 464">
     <span class='ocr_line' id='line_1_61' title="bbox 1601 403 2162 464; baseline -0.004 -2"><span class='ocrx_word' id='word_1_489' title='bbox 1601 403 1810 464; x_wconf 77' lang='lat' dir='ltr'><strong>LIBER</strong></span> <span class='ocrx_word' id='word_1_490' title='bbox 1845 403 2162 464; x_wconf 73' lang='lat' dir='ltr'><strong>TERTIUS.</strong></span> 
     </span>
    </p>
   </div>
   <div class='ocr_carea' id='block_1_62' title="bbox 3399 419 3532 484">
    <p class='ocr_par' dir='ltr' id='par_1_62' title="bbox 3399 419 3532 484">
     <span class='ocr_line' id='line_1_62' title="bbox 3399 419 3532 484; baseline -0.023 -8"><span class='ocrx_word' id='word_1_491' title='bbox 3399 439 3408 476; x_wconf 87' lang='lat'>;</span> <span class='ocrx_word' id='word_1_492' title='bbox 3427 419 3532 484; x_wconf 63' lang='grc'><strong>734</strong></span> 
     </span>
    </p>
   </div>
   <div class='ocr_carea' id='block_1_63' title="bbox 1951 523 3530 598">
    <p class='ocr_par' dir='ltr' id='par_1_63' title="bbox 1951 523 3530 598">
     <span class='ocr_line' id='line_1_63' title="bbox 1951 523 3530 598; baseline 0.006 -22"><span class='ocrx_word' id='word_1_493' title='bbox 1951 535 2058 576; x_wconf 91' lang='lat' dir='ltr'><strong>non</strong></span> <span class='ocrx_word' id='word_1_494' title='bbox 2087 527 2266 578; x_wconf 85' lang='lat' dir='ltr'><strong>tamen</strong></span> <span class='ocrx_word' id='word_1_495' title='bbox 2303 523 2646 594; x_wconf 76' lang='lat' dir='ltr'><strong>perﬁciantur</strong></span> <span class='ocrx_word' id='word_1_496' title='bbox 2683 527 2952 598; x_wconf 87' lang='lat' dir='ltr'><strong>operibus.</strong></span> <span class='ocrx_word' id='word_1_497' title='bbox 2983 527 3216 586; x_wconf 83' lang='lat' dir='ltr'><strong>Proinde</strong></span> <span class='ocrx_word' id='word_1_498' title='bbox 3245 545 3368 588; x_wconf 88' lang='lat' dir='ltr'><strong>cum</strong></span> <span class='ocrx_word' id='word_1_499' title='bbox 3401 547 3530 586; x_wconf 84' lang='lat' dir='ltr'><strong>caro</strong></span> 
     </span>
    </p>
   </div>
   <div class='ocr_carea' id='block_1_64' title="bbox 1949 613 3530 692">
    <p class='ocr_par' dir='ltr' id='par_1_64' title="bbox 1949 613 3530 692">
     <span class='ocr_line' id='line_1_64' title="bbox 1949 613 3530 692; baseline 0.008 -25"><span class='ocrx_word' id='word_1_500' title='bbox 1949 613 2281 684; x_wconf 86' lang='lat' dir='ltr'><strong>concupiscit</strong></span> <span class='ocrx_word' id='word_1_501' title='bbox 2323 615 2580 672; x_wconf 87' lang='lat' dir='ltr'><strong>adversus</strong></span> <span class='ocrx_word' id='word_1_502' title='bbox 2625 619 2870 690; x_wconf 89' lang='lat' dir='ltr'><strong>spiritum</strong></span> <span class='ocrx_word' id='word_1_503' title='bbox 2917 629 2971 678; x_wconf 89' lang='lat' dir='ltr'><strong>et</strong></span> <span class='ocrx_word' id='word_1_504' title='bbox 3013 623 3230 692; x_wconf 75' lang='lat' dir='ltr'><strong>Spiritus</strong></span> <span class='ocrx_word' id='word_1_505' title='bbox 3273 623 3530 688; x_wconf 86' lang='lat' dir='ltr'><strong>adversus</strong></span> 
     </span>
    </p>
   </div>
   <div class='ocr_carea' id='block_1_65' title="bbox 1949 713 3528 783">
    <p class='ocr_par' dir='ltr' id='par_1_65' title="bbox 1949 713 3528 783">
     <span class='ocr_line' id='line_1_65' title="bbox 1949 713 3528 783; baseline 0.005 -21"><span class='ocrx_word' id='word_1_506' title='bbox 1949 721 2186 775; x_wconf 85' lang='lat' dir='ltr'><strong>carnem,</strong></span> <span class='ocrx_word' id='word_1_507' title='bbox 2221 717 2278 764; x_wconf 89' lang='lat' dir='ltr'><strong>ut</strong></span> <span class='ocrx_word' id='word_1_508' title='bbox 2307 727 2412 766; x_wconf 88' lang='lat' dir='ltr'><strong>non</strong></span> <span class='ocrx_word' id='word_1_509' title='bbox 2431 726 2494 768; x_wconf 87' lang='lat' dir='ltr'><strong>ea</strong></span> <span class='ocrx_word' id='word_1_510' title='bbox 2525 728 2644 782; x_wconf 70' lang='lat' dir='ltr'><strong>qute</strong></span> <span class='ocrx_word' id='word_1_511' title='bbox 2670 714 2914 770; x_wconf 87' lang='lat' dir='ltr'><strong>volumus</strong></span> <span class='ocrx_word' id='word_1_512' title='bbox 2941 713 3236 783; x_wconf 76' lang='lat' dir='ltr'><strong>faciamus;</strong></span> <span class='ocrx_word' id='word_1_513' title='bbox 3279 733 3378 772; x_wconf 86' lang='lat' dir='ltr'><strong>nec</strong></span> <span class='ocrx_word' id='word_1_514' title='bbox 3405 733 3528 774; x_wconf 90' lang='lat' dir='ltr'><strong>car-</strong></span> 
     </span>
    </p>
   </div>
   <div class='ocr_carea' id='block_1_66' title="bbox 1949 799 3527 878">
    <p class='ocr_par' dir='ltr' id='par_1_66' title="bbox 1949 799 3527 878">
     <span class='ocr_line' id='line_1_66' title="bbox 1949 799 3527 878; baseline 0.006 -24"><span class='ocrx_word' id='word_1_515' title='bbox 1949 799 2034 854; x_wconf 87' lang='lat' dir='ltr'><strong>nis</strong></span> <span class='ocrx_word' id='word_1_516' title='bbox 2061 801 2408 870; x_wconf 84' lang='lat' dir='ltr'><strong>perliciuntur</strong></span> <span class='ocrx_word' id='word_1_517' title='bbox 2443 805 2924 876; x_wconf 53' lang='lat' dir='ltr'><strong>concupiscentia,</strong></span> <span class='ocrx_word' id='word_1_518' title='bbox 2965 809 3206 878; x_wconf 88' lang='lat' dir='ltr'><strong>quamvis</strong></span> <span class='ocrx_word' id='word_1_519' title='bbox 3233 809 3392 876; x_wconf 88' lang='lat' dir='ltr'><strong>liant;</strong></span> <span class='ocrx_word' id='word_1_520' title='bbox 3429 825 3527 864; x_wconf 90' lang='lat' dir='ltr'><strong>nec</strong></span> 
     </span>
    </p>
   </div>
   <div class='ocr_carea' id='block_1_67' title="bbox 1951 895 3528 970">
    <p class='ocr_par' dir='ltr' id='par_1_67' title="bbox 1951 895 3528 970">
     <span class='ocr_line' id='line_1_67' title="bbox 1951 895 3528 970; baseline 0.004 -22"><span class='ocrx_word' id='word_1_521' title='bbox 1951 899 2132 948; x_wconf 84' lang='lat' dir='ltr'><strong>nostra</strong></span> <span class='ocrx_word' id='word_1_522' title='bbox 2161 895 2507 964; x_wconf 83' lang='lat' dir='ltr'><strong>perﬁciuntur</strong></span> <span class='ocrx_word' id='word_1_523' title='bbox 2535 895 2674 952; x_wconf 87' lang='lat' dir='ltr'><strong>bona</strong></span> <span class='ocrx_word' id='word_1_524' title='bbox 2701 913 2884 968; x_wconf 88' lang='lat' dir='ltr'><strong>opera,</strong></span> <span class='ocrx_word' id='word_1_525' title='bbox 2917 901 3162 970; x_wconf 87' lang='lat' dir='ltr'><strong>quamvis</strong></span> <span class='ocrx_word' id='word_1_526' title='bbox 3193 901 3338 954; x_wconf 85' lang='lat' dir='ltr'><strong>liant.</strong></span> <span class='ocrx_word' id='word_1_527' title='bbox 3377 900 3528 956; x_wconf 89' lang='lat' dir='ltr'><strong>Sicut</strong></span> 
     </span>
    </p>
   </div>
   <div class='ocr_carea' id='block_1_68' title="bbox 1949 985 3531 1062">
    <p class='ocr_par' dir='ltr' id='par_1_68' title="bbox 1949 985 3531 1062">
     <span class='ocr_line' id='line_1_68' title="bbox 1949 985 3531 1062; baseline 0.006 -24"><span class='ocrx_word' id='word_1_528' title='bbox 1949 985 2090 1038; x_wconf 82' lang='lat' dir='ltr'><strong>enim</strong></span> <span class='ocrx_word' id='word_1_529' title='bbox 2123 992 2250 1042; x_wconf 91' lang='lat' dir='ltr'><strong>tunc</strong></span> <span class='ocrx_word' id='word_1_530' title='bbox 2277 987 2549 1058; x_wconf 89' lang='lat' dir='ltr'><strong>perﬁcitur</strong></span> <span class='ocrx_word' id='word_1_531' title='bbox 2573 990 2748 1044; x_wconf 88' lang='lat' dir='ltr'><strong>carnis</strong></span> <span class='ocrx_word' id='word_1_532' title='bbox 2775 993 3224 1062; x_wconf 83' lang='lat' dir='ltr'><strong>concupiscentia,</strong></span> <span class='ocrx_word' id='word_1_533' title='bbox 3252 1008 3374 1050; x_wconf 89' lang='lat' dir='ltr'><strong>cum</strong></span> <span class='ocrx_word' id='word_1_534' title='bbox 3397 1009 3531 1048; x_wconf 86' lang='lat' dir='ltr'><strong>con-</strong></span> 
     </span>
    </p>
   </div>
   <div class='ocr_carea' id='block_1_69' title="bbox 1949 1076 3530 1160">
    <p class='ocr_par' dir='ltr' id='par_1_69' title="bbox 1949 1076 3530 1160">
     <span class='ocr_line' id='line_1_69' title="bbox 1949 1076 3530 1160; baseline 0.006 -30"><span class='ocrx_word' id='word_1_535' title='bbox 1949 1076 2111 1132; x_wconf 87' lang='lat' dir='ltr'><strong>sentit</strong></span> <span class='ocrx_word' id='word_1_536' title='bbox 2143 1077 2194 1134; x_wconf 85' lang='lat' dir='ltr'><strong>ci</strong></span> <span class='ocrx_word' id='word_1_537' title='bbox 2221 1079 2442 1150; x_wconf 86' lang='lat' dir='ltr'><strong>spiritus</strong></span> <span class='ocrx_word' id='word_1_538' title='bbox 2465 1079 2532 1138; x_wconf 90' lang='lat' dir='ltr'><strong>ad</strong></span> <span class='ocrx_word' id='word_1_539' title='bbox 2565 1096 2729 1152; x_wconf 84' lang='lat' dir='ltr'><strong>opera</strong></span> <span class='ocrx_word' id='word_1_540' title='bbox 2765 1084 2902 1138; x_wconf 77' lang='lat' dir='ltr'><strong>n&#39;iala</strong></span> <span class='ocrx_word' id='word_1_541' title='bbox 2923 1125 2940 1149; x_wconf 89' lang='lat'><strong>,</strong></span> <span class='ocrx_word' id='word_1_542' title='bbox 2971 1095 3028 1138; x_wconf 91' lang='lat' dir='ltr'><strong>ut</strong></span> <span class='ocrx_word' id='word_1_543' title='bbox 3053 1101 3158 1140; x_wconf 90' lang='lat' dir='ltr'><strong>non</strong></span> <span class='ocrx_word' id='word_1_544' title='bbox 3187 1085 3530 1160; x_wconf 84' lang='lat' dir='ltr'><strong>concupiscat</strong></span> 
     </span>
    </p>
   </div>
   <div class='ocr_carea' id='block_1_70' title="bbox 1925 1167 3528 1248">
    <p class='ocr_par' dir='ltr' id='par_1_70' title="bbox 1925 1167 3528 1248">
     <span class='ocr_line' id='line_1_70' title="bbox 1925 1167 3528 1248; baseline 0.006 -28"><span class='ocrx_word' id='word_1_545' title='bbox 1925 1167 2204 1238; x_wconf 70' lang='lat' dir='ltr'><strong>adversus</strong></span> <span class='ocrx_word' id='word_1_546' title='bbox 2229 1169 2408 1238; x_wconf 85' lang='lat' dir='ltr'><strong>illam,</strong></span> <span class='ocrx_word' id='word_1_547' title='bbox 2441 1172 2536 1228; x_wconf 89' lang='lat' dir='ltr'><strong>sed</strong></span> <span class='ocrx_word' id='word_1_548' title='bbox 2566 1189 2686 1228; x_wconf 90' lang='lat' dir='ltr'><strong>cum</strong></span> <span class='ocrx_word' id='word_1_549' title='bbox 2715 1175 2803 1228; x_wconf 88' lang='lat' dir='ltr'><strong>illa</strong></span> <span class='ocrx_word' id='word_1_550' title='bbox 2841 1194 2854 1230; x_wconf 91' lang='lat'><strong>:</strong></span> <span class='ocrx_word' id='word_1_551' title='bbox 2885 1177 2964 1230; x_wconf 90' lang='lat' dir='ltr'><strong>sic</strong></span> <span class='ocrx_word' id='word_1_552' title='bbox 2993 1187 3046 1232; x_wconf 81' lang='lat' dir='ltr'><strong>et</strong></span> <span class='ocrx_word' id='word_1_553' title='bbox 3079 1177 3215 1232; x_wconf 88' lang='lat' dir='ltr'><strong>bona</strong></span> <span class='ocrx_word' id='word_1_554' title='bbox 3243 1193 3402 1248; x_wconf 86' lang='lat' dir='ltr'><strong>opera</strong></span> <span class='ocrx_word' id='word_1_555' title='bbox 3433 1193 3528 1232; x_wconf 88' lang='lat' dir='ltr'><strong>no-</strong></span> 
     </span>
    </p>
   </div>
   <div class='ocr_carea' id='block_1_71' title="bbox 1949 1261 3527 1338">
    <p class='ocr_par' dir='ltr' id='par_1_71' title="bbox 1949 1261 3527 1338">
     <span class='ocr_line' id='line_1_71' title="bbox 1949 1261 3527 1338; baseline 0.005 -24"><span class='ocrx_word' id='word_1_556' title='bbox 1949 1267 2056 1314; x_wconf 88' lang='lat' dir='ltr'><strong>stra</strong></span> <span class='ocrx_word' id='word_1_557' title='bbox 2085 1265 2210 1314; x_wconf 91' lang='lat' dir='ltr'><strong>tunc</strong></span> <span class='ocrx_word' id='word_1_558' title='bbox 2235 1261 2598 1330; x_wconf 81' lang='lat' dir='ltr'><strong>perﬁcientur,</strong></span> <span class='ocrx_word' id='word_1_559' title='bbox 2617 1265 2826 1336; x_wconf 87' lang='lat' dir='ltr'><strong>quando</strong></span> <span class='ocrx_word' id='word_1_560' title='bbox 2847 1269 2918 1322; x_wconf 91' lang='lat' dir='ltr'><strong>ita</strong></span> <span class='ocrx_word' id='word_1_561' title='bbox 2943 1269 3148 1338; x_wconf 87' lang='lat' dir='ltr'><strong>spiritui</strong></span> <span class='ocrx_word' id='word_1_562' title='bbox 3171 1283 3295 1324; x_wconf 89' lang='lat' dir='ltr'><strong>caro</strong></span> <span class='ocrx_word' id='word_1_563' title='bbox 3315 1285 3527 1324; x_wconf 77' lang='lat' dir='ltr'><strong>consen-</strong></span> 
     </span>
    </p>
   </div>
   <div class='ocr_carea' id='block_1_72' title="bbox 1949 1349 3528 1428">
    <p class='ocr_par' dir='ltr' id='par_1_72' title="bbox 1949 1349 3528 1428">
     <span class='ocr_line' id='line_1_72' title="bbox 1949 1349 3528 1428; baseline 0.006 -26"><span class='ocrx_word' id='word_1_564' title='bbox 1949 1349 2116 1418; x_wconf 86' lang='lat' dir='ltr'><strong>serit,</strong></span> <span class='ocrx_word' id='word_1_565' title='bbox 2157 1351 2492 1408; x_wconf 82' lang='lat' dir='ltr'><strong>ntadversus</strong></span> <span class='ocrx_word' id='word_1_566' title='bbox 2517 1369 2640 1410; x_wconf 88' lang='lat' dir='ltr'><strong>eum</strong></span> <span class='ocrx_word' id='word_1_567' title='bbox 2669 1357 2826 1410; x_wconf 87' lang='lat' dir='ltr'><strong>etiam</strong></span> <span class='ocrx_word' id='word_1_568' title='bbox 2859 1359 2974 1428; x_wconf 86' lang='lat' dir='ltr'><strong>ipsa</strong></span> <span class='ocrx_word' id='word_1_569' title='bbox 3013 1377 3118 1414; x_wconf 89' lang='lat' dir='ltr'><strong>non</strong></span> <span class='ocrx_word' id='word_1_570' title='bbox 3161 1359 3528 1428; x_wconf 67' lang='lat' dir='ltr'><strong>concupiscat.</strong></span> 
     </span>
    </p>
   </div>
   <div class='ocr_carea' id='block_1_73' title="bbox 1949 1439 3530 1522">
    <p class='ocr_par' dir='ltr' id='par_1_73' title="bbox 1949 1439 3530 1522">
     <span class='ocr_line' id='line_1_73' title="bbox 1949 1439 3530 1522; baseline 0.006 -26"><span class='ocrx_word' id='word_1_571' title='bbox 1949 1439 2062 1496; x_wconf 86' lang='lat' dir='ltr'><strong>Hoc</strong></span> <span class='ocrx_word' id='word_1_572' title='bbox 2099 1443 2240 1498; x_wconf 88' lang='lat' dir='ltr'><strong>enim</strong></span> <span class='ocrx_word' id='word_1_573' title='bbox 2267 1444 2532 1512; x_wconf 89' lang='lat' dir='ltr'><strong>volumus,</strong></span> <span class='ocrx_word' id='word_1_574' title='bbox 2555 1461 2674 1502; x_wconf 90' lang='lat' dir='ltr'><strong>cum</strong></span> <span class='ocrx_word' id='word_1_575' title='bbox 2697 1449 3074 1520; x_wconf 81' lang='lat' dir='ltr'><strong>perfectionem</strong></span> <span class='ocrx_word' id='word_1_576' title='bbox 3093 1451 3312 1522; x_wconf 73' lang='lat' dir='ltr'><strong>justitia:</strong></span> <span class='ocrx_word' id='word_1_577' title='bbox 3335 1467 3530 1506; x_wconf 83' lang='lat' dir='ltr'><strong>cuneu-</strong></span> 
     </span>
    </p>
   </div>
   <div class='ocr_carea' id='block_1_74' title="bbox 1949 1533 3527 1602">
    <p class='ocr_par' dir='ltr' id='par_1_74' title="bbox 1949 1533 3527 1602">
     <span class='ocr_line' id='line_1_74' title="bbox 1949 1533 3527 1602; baseline 0.007 -16"><span class='ocrx_word' id='word_1_578' title='bbox 1949 1533 2235 1602; x_wconf 84' lang='lat' dir='ltr'><strong>piscimus;</strong></span> <span class='ocrx_word' id='word_1_579' title='bbox 2269 1535 2370 1590; x_wconf 88' lang='lat' dir='ltr'><strong>hoc</strong></span> <span class='ocrx_word' id='word_1_580' title='bbox 2399 1537 2694 1592; x_wconf 86' lang='lat' dir='ltr'><strong>intentione</strong></span> <span class='ocrx_word' id='word_1_581' title='bbox 2721 1555 2826 1596; x_wconf 89' lang='lat' dir='ltr'><strong>non</strong></span> <span class='ocrx_word' id='word_1_582' title='bbox 2869 1542 3170 1596; x_wconf 81' lang='lat' dir='ltr'><strong>intermissa</strong></span> <span class='ocrx_word' id='word_1_583' title='bbox 3199 1543 3332 1598; x_wconf 86' lang='lat' dir='ltr'><strong>velle</strong></span> <span class='ocrx_word' id='word_1_584' title='bbox 3363 1541 3527 1596; x_wconf 80' lang='lat' dir='ltr'><strong>debe-</strong></span> 
     </span>
    </p>
   </div>
   <div class='ocr_carea' id='block_1_75' title="bbox 1947 1625 3530 1704">
    <p class='ocr_par' dir='ltr' id='par_1_75' title="bbox 1947 1625 3530 1704">
     <span class='ocr_line' id='line_1_75' title="bbox 1947 1625 3530 1704; baseline 0.005 -26"><span class='ocrx_word' id='word_1_585' title='bbox 1947 1640 2066 1680; x_wconf 89' lang='lat' dir='ltr'><strong>mus</strong></span> <span class='ocrx_word' id='word_1_586' title='bbox 2098 1627 2114 1657; x_wconf 76' lang='grc'>²</span> <span class='ocrx_word' id='word_1_587' title='bbox 2151 1643 2166 1680; x_wconf 91' lang='lat'>:</span> <span class='ocrx_word' id='word_1_588' title='bbox 2197 1625 2291 1682; x_wconf 90' lang='lat' dir='ltr'><strong>scd</strong></span> <span class='ocrx_word' id='word_1_589' title='bbox 2316 1628 2436 1700; x_wconf 88' lang='lat' dir='ltr'><strong>quia</strong></span> <span class='ocrx_word' id='word_1_590' title='bbox 2461 1629 2510 1684; x_wconf 92' lang='lat' dir='ltr'><strong>id</strong></span> <span class='ocrx_word' id='word_1_591' title='bbox 2538 1631 2792 1699; x_wconf 85' lang='lat' dir='ltr'><strong>perﬁcere</strong></span> <span class='ocrx_word' id='word_1_592' title='bbox 2821 1635 2870 1686; x_wconf 91' lang='lat' dir='ltr'><strong>in</strong></span> <span class='ocrx_word' id='word_1_593' title='bbox 2895 1633 2990 1688; x_wconf 88' lang='lat' dir='ltr'><strong>ista</strong></span> <span class='ocrx_word' id='word_1_594' title='bbox 3019 1635 3346 1704; x_wconf 87' lang='lat' dir='ltr'><strong>corruptibili</strong></span> <span class='ocrx_word' id='word_1_595' title='bbox 3370 1649 3530 1686; x_wconf 88' lang='lat' dir='ltr'><strong>carne</strong></span> 
     </span>
    </p>
   </div>
   <div class='ocr_carea' id='block_1_76' title="bbox 1947 1719 3525 1796">
    <p class='ocr_par' dir='ltr' id='par_1_76' title="bbox 1947 1719 3525 1796">
     <span class='ocr_line' id='line_1_76' title="bbox 1947 1719 3525 1796; baseline 0.004 -26"><span class='ocrx_word' id='word_1_596' title='bbox 1947 1732 2051 1770; x_wconf 90' lang='lat' dir='ltr'><strong>non</strong></span> <span class='ocrx_word' id='word_1_597' title='bbox 2087 1732 2398 1788; x_wconf 88' lang='lat' dir='ltr'><strong>possumus,</strong></span> <span class='ocrx_word' id='word_1_598' title='bbox 2429 1719 2552 1776; x_wconf 89' lang='lat' dir='ltr'><strong>ideo</strong></span> <span class='ocrx_word' id='word_1_599' title='bbox 2578 1721 2712 1776; x_wconf 80' lang='lat' dir='ltr'><strong>dixit</strong></span> <span class='ocrx_word' id='word_1_600' title='bbox 2737 1723 2803 1776; x_wconf 89' lang='lat' dir='ltr'><strong>ad</strong></span> <span class='ocrx_word' id='word_1_601' title='bbox 2833 1723 3120 1788; x_wconf 77' lang='lat' dir='ltr'><strong>Romanos,</strong></span> <span class='ocrx_word' id='word_1_602' title='bbox 3164 1723 3300 1778; x_wconf 83' lang='lat' dir='ltr'><strong>Velle</strong></span> <span class='ocrx_word' id='word_1_603' title='bbox 3327 1724 3525 1796; x_wconf 78' lang='lat' dir='ltr'><strong>adjncet</strong></span> 
     </span>
    </p>
   </div>
   <div class='ocr_carea' id='block_1_77' title="bbox 1945 1809 3526 1886">
    <p class='ocr_par' dir='ltr' id='par_1_77' title="bbox 1945 1809 3526 1886">
     <span class='ocr_line' id='line_1_77' title="bbox 1945 1809 3526 1886; baseline 0.004 -26"><span class='ocrx_word' id='word_1_604' title='bbox 1945 1809 2090 1876; x_wconf 86' lang='lat' dir='ltr'><strong>mihi,</strong></span> <span class='ocrx_word' id='word_1_605' title='bbox 2113 1811 2356 1880; x_wconf 81' lang='lat' dir='ltr'><strong>perficere</strong></span> <span class='ocrx_word' id='word_1_606' title='bbox 2371 1821 2538 1867; x_wconf 85' lang='lat' dir='ltr'><strong>autem</strong></span> <span class='ocrx_word' id='word_1_607' title='bbox 2559 1811 2742 1868; x_wconf 85' lang='lat' dir='ltr'><strong>bonum</strong></span> <span class='ocrx_word' id='word_1_608' title='bbox 2763 1833 2862 1868; x_wconf 89' lang='lat' dir='ltr'><strong>non</strong></span> <span class='ocrx_word' id='word_1_609' title='bbox 2883 1816 3076 1868; x_wconf 85' lang='lat' dir='ltr'><strong>invenio</strong></span> <span class='ocrx_word' id='word_1_610' title='bbox 3095 1815 3268 1886; x_wconf 88' lang='lat' dir='ltr'><strong>(Rom.</strong></span> <span class='ocrx_word' id='word_1_611' title='bbox 3297 1831 3390 1880; x_wconf 84' lang='lat' dir='ltr'><strong>vn,</strong></span> <span class='ocrx_word' id='word_1_612' title='bbox 3423 1811 3526 1886; x_wconf 84' lang='lat' dir='ltr'><strong>l8).</strong></span> 
     </span>
    </p>
   </div>
   <div class='ocr_carea' id='block_1_78' title="bbox 1947 1889 3527 1976">
    <p class='ocr_par' dir='ltr' id='par_1_78' title="bbox 1947 1889 3527 1976">
     <span class='ocr_line' id='line_1_78' title="bbox 1947 1889 3527 1976; baseline 0.003 -24"><span class='ocrx_word' id='word_1_613' title='bbox 1947 1899 2066 1966; x_wconf 70' lang='lat' dir='ltr'><strong>Vel,</strong></span> <span class='ocrx_word' id='word_1_614' title='bbox 2098 1901 2234 1956; x_wconf 89' lang='lat' dir='ltr'><strong>sicut</strong></span> <span class='ocrx_word' id='word_1_615' title='bbox 2263 1903 2688 1960; x_wconf 88' lang='lat' dir='ltr'><strong>habentcodiccs</strong></span> <span class='ocrx_word' id='word_1_616' title='bbox 2725 1905 2917 1976; x_wconf 73' lang='lat' dir='ltr'><strong>grzeci,</strong></span> <span class='ocrx_word' id='word_1_617' title='bbox 2961 1903 3098 1960; x_wconf 82' lang='lat' dir='ltr'><strong>Velle</strong></span> <span class='ocrx_word' id='word_1_618' title='bbox 3132 1907 3329 1975; x_wconf 75' lang='lat' dir='ltr'><strong>arljacet</strong></span> <span class='ocrx_word' id='word_1_619' title='bbox 3363 1889 3494 1956; x_wconf 79' lang='lat' dir='ltr'><strong>mihi</strong></span> <span class='ocrx_word' id='word_1_620' title='bbox 3513 1946 3527 1970; x_wconf 92' lang='lat'><strong>,</strong></span> 
     </span>
    </p>
   </div>
   <div class='ocr_carea' id='block_1_79' title="bbox 1947 1989 3532 2066">
    <p class='ocr_par' dir='ltr' id='par_1_79' title="bbox 1947 1989 3532 2066">
     <span class='ocr_line' id='line_1_79' title="bbox 1947 1989 3532 2066; baseline 0.001 -20"><span class='ocrx_word' id='word_1_621' title='bbox 1947 1991 2190 2066; x_wconf 81' lang='lat' dir='ltr'><strong>perficere</strong></span> <span class='ocrx_word' id='word_1_622' title='bbox 2218 2005 2384 2048; x_wconf 84' lang='lat' dir='ltr'><strong>autem</strong></span> <span class='ocrx_word' id='word_1_623' title='bbox 2407 1995 2593 2050; x_wconf 85' lang='lat' dir='ltr'><strong>bonum</strong></span> <span class='ocrx_word' id='word_1_624' title='bbox 2623 1989 2724 2050; x_wconf 66' lang='lat' dir='ltr'><strong>noﬂ</strong></span> <span class='ocrx_word' id='word_1_625' title='bbox 2757 2011 2774 2052; x_wconf 91' lang='lat'><em>:</em></span> <span class='ocrx_word' id='word_1_626' title='bbox 2811 1997 2862 2050; x_wconf 90' lang='lat' dir='ltr'><strong>id</strong></span> <span class='ocrx_word' id='word_1_627' title='bbox 2894 2007 2992 2062; x_wconf 83' lang='lat' dir='ltr'><strong>est,</strong></span> <span class='ocrx_word' id='word_1_628' title='bbox 3025 2013 3129 2052; x_wconf 89' lang='lat' dir='ltr'><strong>non</strong></span> <span class='ocrx_word' id='word_1_629' title='bbox 3169 1995 3298 2050; x_wconf 90' lang='lat' dir='ltr'><strong>mihi</strong></span> <span class='ocrx_word' id='word_1_630' title='bbox 3325 1995 3532 2062; x_wconf 77' lang='lat' dir='ltr'><strong>adjacct</strong></span> 
     </span>
    </p>
   </div>
   <div class='ocr_carea' id='block_1_80' title="bbox 1945 2085 3528 2158">
    <p class='ocr_par' dir='ltr' id='par_1_80' title="bbox 1945 2085 3528 2158">
     <span class='ocr_line' id='line_1_80' title="bbox 1945 2085 3528 2158; baseline 0.001 -20"><span class='ocrx_word' id='word_1_631' title='bbox 1945 2087 2204 2154; x_wconf 82' lang='lat' dir='ltr'><strong>perlicere</strong></span> <span class='ocrx_word' id='word_1_632' title='bbox 2229 2085 2444 2142; x_wconf 91' lang='lat' dir='ltr'><strong>bonum.</strong></span> <span class='ocrx_word' id='word_1_633' title='bbox 2476 2085 2590 2142; x_wconf 88' lang='lat' dir='ltr'><strong>Non</strong></span> <span class='ocrx_word' id='word_1_634' title='bbox 2619 2091 2724 2154; x_wconf 80' lang='lat' dir='ltr'><strong>ait;</strong></span> <span class='ocrx_word' id='word_1_635' title='bbox 2753 2086 2981 2154; x_wconf 87' lang='lat' dir='ltr'><strong>Facere;</strong></span> <span class='ocrx_word' id='word_1_636' title='bbox 3014 2087 3106 2142; x_wconf 83' lang='lat' dir='ltr'><strong>sed</strong></span> <span class='ocrx_word' id='word_1_637' title='bbox 3125 2129 3139 2152; x_wconf 91' lang='lat'><strong>,</strong></span> <span class='ocrx_word' id='word_1_638' title='bbox 3173 2087 3409 2158; x_wconf 79' lang='lat' dir='ltr'><strong>perﬁcere</strong></span> <span class='ocrx_word' id='word_1_639' title='bbox 3440 2086 3528 2140; x_wconf 85' lang='lat' dir='ltr'><strong>bo-</strong></span> 
     </span>
    </p>
   </div>
   <div class='ocr_carea' id='block_1_81' title="bbox 1945 2179 3531 2254">
    <p class='ocr_par' dir='ltr' id='par_1_81' title="bbox 1945 2179 3531 2254">
     <span class='ocr_line' id='line_1_81' title="bbox 1945 2179 3531 2254; baseline 0 -20"><span class='ocrx_word' id='word_1_640' title='bbox 1945 2195 2087 2234; x_wconf 87' lang='lat' dir='ltr'><strong>num.</strong></span> <span class='ocrx_word' id='word_1_641' title='bbox 2121 2179 2252 2250; x_wconf 87' lang='lat' dir='ltr'><strong>Quia</strong></span> <span class='ocrx_word' id='word_1_642' title='bbox 2297 2180 2472 2236; x_wconf 81' lang='lat' dir='ltr'><strong>facere</strong></span> <span class='ocrx_word' id='word_1_643' title='bbox 2511 2181 2710 2236; x_wconf 88' lang='lat' dir='ltr'><strong>bonum</strong></span> <span class='ocrx_word' id='word_1_644' title='bbox 2736 2223 2752 2248; x_wconf 89' lang='lat'><strong>,</strong></span> <span class='ocrx_word' id='word_1_645' title='bbox 2794 2191 2876 2238; x_wconf 84' lang='lat' dir='ltr'><strong>est</strong></span> <span class='ocrx_word' id='word_1_646' title='bbox 2915 2193 3034 2252; x_wconf 85' lang='lat' dir='ltr'><strong>post</strong></span> <span class='ocrx_word' id='word_1_647' title='bbox 3069 2181 3531 2254; x_wconf 63' lang='lat' dir='ltr'><strong>concupiscentias</strong></span> 
     </span>
    </p>
   </div>
   <div class='ocr_carea' id='block_1_82' title="bbox 1943 2269 3523 2346">
    <p class='ocr_par' dir='ltr' id='par_1_82' title="bbox 1943 2269 3523 2346">
     <span class='ocr_line' id='line_1_82' title="bbox 1943 2269 3523 2346; baseline 0 -22"><span class='ocrx_word' id='word_1_648' title='bbox 1943 2287 2048 2324; x_wconf 85' lang='lat' dir='ltr'><strong>non</strong></span> <span class='ocrx_word' id='word_1_649' title='bbox 2077 2271 2158 2326; x_wconf 85' lang='lat' dir='ltr'><strong>ire</strong></span> <span class='ocrx_word' id='word_1_650' title='bbox 2184 2269 2369 2342; x_wconf 82' lang='lat' dir='ltr'><strong>(Eccli.</strong></span> <span class='ocrx_word' id='word_1_651' title='bbox 2405 2287 2570 2340; x_wconf 83' lang='lat' dir='ltr'><strong>xvm,</strong></span> <span class='ocrx_word' id='word_1_652' title='bbox 2600 2271 2691 2346; x_wconf 82' lang='grc'><strong>50)</strong></span> <span class='ocrx_word' id='word_1_653' title='bbox 2727 2291 2740 2328; x_wconf 92' lang='lat'>:</span> <span class='ocrx_word' id='word_1_654' title='bbox 2775 2275 3031 2344; x_wconf 83' lang='lat' dir='ltr'><strong>perlicere</strong></span> <span class='ocrx_word' id='word_1_655' title='bbox 3071 2283 3248 2326; x_wconf 89' lang='lat' dir='ltr'><strong>autem</strong></span> <span class='ocrx_word' id='word_1_656' title='bbox 3290 2272 3486 2326; x_wconf 82' lang='lat' dir='ltr'><strong>bonum</strong></span> <span class='ocrx_word' id='word_1_657' title='bbox 3509 2312 3523 2338; x_wconf 92' lang='lat'><strong>,</strong></span> 
     </span>
    </p>
   </div>
   <div class='ocr_carea' id='block_1_83' title="bbox 1943 2359 3518 2433">
    <p class='ocr_par' dir='ltr' id='par_1_83' title="bbox 1943 2359 3518 2433">
     <span class='ocr_line' id='line_1_83' title="bbox 1943 2359 3518 2433; baseline -0.003 -17"><span class='ocrx_word' id='word_1_658' title='bbox 1943 2371 2026 2416; x_wconf 90' lang='lat' dir='ltr'><strong>est</strong></span> <span class='ocrx_word' id='word_1_659' title='bbox 2067 2378 2171 2416; x_wconf 88' lang='lat' dir='ltr'><strong>non</strong></span> <span class='ocrx_word' id='word_1_660' title='bbox 2218 2363 2619 2432; x_wconf 79' lang='lat' dir='ltr'><strong>concupiscere.</strong></span> <span class='ocrx_word' id='word_1_661' title='bbox 2662 2363 2814 2429; x_wconf 88' lang='lat' dir='ltr'><strong>Quod</strong></span> <span class='ocrx_word' id='word_1_662' title='bbox 2862 2379 2991 2433; x_wconf 82' lang='lat' dir='ltr'><strong>ergo</strong></span> <span class='ocrx_word' id='word_1_663' title='bbox 3037 2373 3119 2416; x_wconf 90' lang='lat' dir='ltr'><strong>est</strong></span> <span class='ocrx_word' id='word_1_664' title='bbox 3159 2361 3224 2415; x_wconf 88' lang='lat' dir='ltr'><strong>ad</strong></span> <span class='ocrx_word' id='word_1_665' title='bbox 3269 2359 3518 2424; x_wconf 85' lang='lat' dir='ltr'><strong>Galatas,</strong></span> 
     </span>
    </p>
   </div>
   <div class='ocr_carea' id='block_1_84' title="bbox 1943 2451 3524 2526">
    <p class='ocr_par' dir='ltr' id='par_1_84' title="bbox 1943 2451 3524 2526">
     <span class='ocr_line' id='line_1_84' title="bbox 1943 2451 3524 2526; baseline -0.003 -16"><span class='ocrx_word' id='word_1_666' title='bbox 1943 2451 2386 2524; x_wconf 83' lang='lat' dir='ltr'><strong>Concupiscentias</strong></span> <span class='ocrx_word' id='word_1_667' title='bbox 2414 2457 2582 2510; x_wconf 86' lang='lat' dir='ltr'><strong>carnis</strong></span> <span class='ocrx_word' id='word_1_668' title='bbox 2609 2473 2669 2510; x_wconf 87' lang='lat' dir='ltr'><strong>ne</strong></span> <span class='ocrx_word' id='word_1_669' title='bbox 2695 2455 3004 2526; x_wconf 82' lang='lat' dir='ltr'><strong>perfeceritis</strong></span> <span class='ocrx_word' id='word_1_670' title='bbox 3033 2471 3052 2510; x_wconf 88' lang='lat'><strong><em>:</em></strong></span> <span class='ocrx_word' id='word_1_671' title='bbox 3085 2455 3184 2510; x_wconf 91' lang='lat' dir='ltr'><strong>hoc</strong></span> <span class='ocrx_word' id='word_1_672' title='bbox 3205 2469 3234 2510; x_wconf 89' lang='lat' dir='ltr'><strong>e</strong></span> <span class='ocrx_word' id='word_1_673' title='bbox 3256 2451 3524 2508; x_wconf 89' lang='lat' dir='ltr'><strong>contrario</strong></span> 
     </span>
    </p>
   </div>
   <div class='ocr_carea' id='block_1_85' title="bbox 1927 2547 3519 2628">
    <p class='ocr_par' dir='ltr' id='par_1_85' title="bbox 1927 2547 3519 2628">
     <span class='ocr_line' id='line_1_85' title="bbox 1927 2547 3519 2628; baseline -0.003 -26"><span class='ocrx_word' id='word_1_674' title='bbox 1927 2558 2022 2628; x_wconf 80' lang='lat' dir='ltr'><strong>est</strong></span> <span class='ocrx_word' id='word_1_675' title='bbox 2046 2549 2114 2604; x_wconf 90' lang='lat' dir='ltr'><strong>ad</strong></span> <span class='ocrx_word' id='word_1_676' title='bbox 2143 2547 2412 2604; x_wconf 80' lang='lat' dir='ltr'><strong>Romanos</strong></span> <span class='ocrx_word' id='word_1_677' title='bbox 2431 2592 2447 2618; x_wconf 90' lang='lat'><strong>,</strong></span> <span class='ocrx_word' id='word_1_678' title='bbox 2487 2549 2744 2620; x_wconf 85' lang='lat' dir='ltr'><strong>Per/icere</strong></span> <span class='ocrx_word' id='word_1_679' title='bbox 2767 2561 2932 2606; x_wconf 88' lang='lat' dir='ltr'><strong>autem</strong></span> <span class='ocrx_word' id='word_1_680' title='bbox 2961 2551 3148 2604; x_wconf 89' lang='lat' dir='ltr'><strong>bonum</strong></span> <span class='ocrx_word' id='word_1_681' title='bbox 3177 2565 3277 2602; x_wconf 91' lang='lat' dir='ltr'><strong>non</strong></span> <span class='ocrx_word' id='word_1_682' title='bbox 3301 2548 3519 2602; x_wconf 85' lang='lat' dir='ltr'><strong>invenio.</strong></span> 
     </span>
    </p>
   </div>
   <div class='ocr_carea' id='block_1_86' title="bbox 1940 2637 3522 2720">
    <p class='ocr_par' dir='ltr' id='par_1_86' title="bbox 1940 2637 3522 2720">
     <span class='ocr_line' id='line_1_86' title="bbox 1940 2637 3522 2720; baseline -0.001 -24"><span class='ocrx_word' id='word_1_683' title='bbox 1940 2637 2074 2710; x_wconf 87' lang='lat' dir='ltr'><strong>Quia</strong></span> <span class='ocrx_word' id='word_1_684' title='bbox 2105 2657 2204 2698; x_wconf 87' lang='lat' dir='ltr'><strong>nec</strong></span> <span class='ocrx_word' id='word_1_685' title='bbox 2242 2643 2346 2698; x_wconf 78' lang='lat' dir='ltr'><strong>illa:</strong></span> <span class='ocrx_word' id='word_1_686' title='bbox 2377 2643 2722 2714; x_wconf 87' lang='lat' dir='ltr'><strong>perﬁciuntur</strong></span> <span class='ocrx_word' id='word_1_687' title='bbox 2759 2644 2810 2698; x_wconf 91' lang='lat' dir='ltr'><strong>in</strong></span> <span class='ocrx_word' id='word_1_688' title='bbox 2849 2644 3018 2708; x_wconf 90' lang='lat' dir='ltr'><strong>malo,</strong></span> <span class='ocrx_word' id='word_1_689' title='bbox 3053 2641 3260 2720; x_wconf 80' lang='lat' dir='ltr'><strong>quando</strong></span> <span class='ocrx_word' id='word_1_690' title='bbox 3299 2639 3377 2694; x_wconf 88' lang='lat' dir='ltr'><strong>eis</strong></span> <span class='ocrx_word' id='word_1_691' title='bbox 3416 2655 3522 2694; x_wconf 88' lang='lat' dir='ltr'><strong>non</strong></span> 
     </span>
    </p>
   </div>
   <div class='ocr_carea' id='block_1_87' title="bbox 1941 2731 3528 2794">
    <p class='ocr_par' dir='ltr' id='par_1_87' title="bbox 1941 2731 3528 2794">
     <span class='ocr_line' id='line_1_87' title="bbox 1941 2731 3528 2794; baseline -0.001 -9"><span class='ocrx_word' id='word_1_692' title='bbox 1941 2731 2146 2788; x_wconf 88' lang='lat' dir='ltr'><strong>accedit</strong></span> <span class='ocrx_word' id='word_1_693' title='bbox 2187 2743 2386 2788; x_wconf 72' lang='lat' dir='ltr'><strong>nostra:</strong></span> <span class='ocrx_word' id='word_1_694' title='bbox 2431 2734 2718 2790; x_wconf 77' lang='lat' dir='ltr'><strong>Voluntatis</strong></span> <span class='ocrx_word' id='word_1_695' title='bbox 2755 2748 3004 2790; x_wconf 86' lang='lat' dir='ltr'><strong>assensus</strong></span> <span class='ocrx_word' id='word_1_696' title='bbox 3039 2754 3052 2788; x_wconf 91' lang='lat'><strong>:</strong></span> <span class='ocrx_word' id='word_1_697' title='bbox 3084 2747 3180 2788; x_wconf 88' lang='lat' dir='ltr'><strong>nec</strong></span> <span class='ocrx_word' id='word_1_698' title='bbox 3209 2741 3388 2788; x_wconf 87' lang='lat' dir='ltr'><strong>nostra</strong></span> <span class='ocrx_word' id='word_1_699' title='bbox 3434 2745 3528 2794; x_wconf 82' lang='lat' dir='ltr'><strong>vo-</strong></span> 
     </span>
    </p>
   </div>
   <div class='ocr_carea' id='block_1_88' title="bbox 1941 2821 3522 2898">
    <p class='ocr_par' dir='ltr' id='par_1_88' title="bbox 1941 2821 3522 2898">
     <span class='ocr_line' id='line_1_88' title="bbox 1941 2821 3522 2898; baseline -0.001 -20"><span class='ocrx_word' id='word_1_700' title='bbox 1941 2821 2117 2878; x_wconf 90' lang='lat' dir='ltr'><strong>luntas</strong></span> <span class='ocrx_word' id='word_1_701' title='bbox 2151 2825 2421 2895; x_wconf 88' lang='lat' dir='ltr'><strong>perﬁcitur</strong></span> <span class='ocrx_word' id='word_1_702' title='bbox 2457 2825 2509 2880; x_wconf 88' lang='lat' dir='ltr'><strong>in</strong></span> <span class='ocrx_word' id='word_1_703' title='bbox 2547 2826 2720 2892; x_wconf 83' lang='lat' dir='ltr'><strong>bono,</strong></span> <span class='ocrx_word' id='word_1_704' title='bbox 2754 2827 3004 2898; x_wconf 82' lang='lat' dir='ltr'><strong>quamdiu</strong></span> <span class='ocrx_word' id='word_1_705' title='bbox 3043 2825 3250 2880; x_wconf 87' lang='lat' dir='ltr'><strong>illarum</strong></span> <span class='ocrx_word' id='word_1_706' title='bbox 3293 2823 3376 2878; x_wconf 91' lang='lat' dir='ltr'><strong>cui</strong></span> <span class='ocrx_word' id='word_1_707' title='bbox 3417 2835 3522 2878; x_wconf 88' lang='lat' dir='ltr'><strong>non</strong></span> 
     </span>
    </p>
   </div>
   <div class='ocr_carea' id='block_1_89' title="bbox 1941 2915 3520 2990">
    <p class='ocr_par' dir='ltr' id='par_1_89' title="bbox 1941 2915 3520 2990">
     <span class='ocr_line' id='line_1_89' title="bbox 1941 2915 3520 2990; baseline -0.001 -20"><span class='ocrx_word' id='word_1_708' title='bbox 1941 2917 2303 2972; x_wconf 76' lang='lat' dir='ltr'><strong>consentimus</strong></span> <span class='ocrx_word' id='word_1_709' title='bbox 2331 2927 2606 2986; x_wconf 88' lang='lat' dir='ltr'><strong>permanet</strong></span> <span class='ocrx_word' id='word_1_710' title='bbox 2635 2929 2832 2974; x_wconf 88' lang='lat' dir='ltr'><strong>motus.</strong></span> <span class='ocrx_word' id='word_1_711' title='bbox 2863 2917 2978 2990; x_wconf 86' lang='lat' dir='ltr'><strong>ipse</strong></span> <span class='ocrx_word' id='word_1_712' title='bbox 3007 2929 3182 2972; x_wconf 90' lang='lat' dir='ltr'><strong>autem</strong></span> <span class='ocrx_word' id='word_1_713' title='bbox 3207 2915 3485 2976; x_wconf 79' lang='lat' dir='ltr'><strong>conﬂictus</strong></span> <span class='ocrx_word' id='word_1_714' title='bbox 3507 2954 3520 2978; x_wconf 89' lang='lat'><strong>,</strong></span> 
     </span>
    </p>
   </div>
   <div class='ocr_carea' id='block_1_90' title="bbox 1941 3007 3517 3080">
    <p class='ocr_par' dir='ltr' id='par_1_90' title="bbox 1941 3007 3517 3080">
     <span class='ocr_line' id='line_1_90' title="bbox 1941 3007 3517 3080; baseline -0.002 -19"><span class='ocrx_word' id='word_1_715' title='bbox 1941 3007 1994 3061; x_wconf 91' lang='lat' dir='ltr'><strong>in</strong></span> <span class='ocrx_word' id='word_1_716' title='bbox 2023 3023 2128 3078; x_wconf 88' lang='lat' dir='ltr'><strong>quo</strong></span> <span class='ocrx_word' id='word_1_717' title='bbox 2158 3011 2317 3064; x_wconf 89' lang='lat' dir='ltr'><strong>etiam</strong></span> <span class='ocrx_word' id='word_1_718' title='bbox 2345 3009 2592 3080; x_wconf 85' lang='lat' dir='ltr'><strong>baptizati</strong></span> <span class='ocrx_word' id='word_1_719' title='bbox 2619 3011 2762 3064; x_wconf 84' lang='lat' dir='ltr'><strong>velut</strong></span> <span class='ocrx_word' id='word_1_720' title='bbox 2790 3010 2841 3064; x_wconf 90' lang='lat' dir='ltr'><strong>in</strong></span> <span class='ocrx_word' id='word_1_721' title='bbox 2872 3025 3042 3080; x_wconf 85' lang='lat' dir='ltr'><strong>agone</strong></span> <span class='ocrx_word' id='word_1_722' title='bbox 3076 3008 3371 3070; x_wconf 86' lang='lat' dir='ltr'><strong>decertant,</strong></span> <span class='ocrx_word' id='word_1_723' title='bbox 3396 3021 3517 3066; x_wconf 85' lang='lat' dir='ltr'><strong>cmn</strong></span> 
     </span>
    </p>
   </div>
   <div class='ocr_carea' id='block_1_91' title="bbox 1939 3097 3526 3174">
    <p class='ocr_par' dir='ltr' id='par_1_91' title="bbox 1939 3097 3526 3174">
     <span class='ocr_line' id='line_1_91' title="bbox 1939 3097 3526 3174; baseline -0.005 -15"><span class='ocrx_word' id='word_1_724' title='bbox 1939 3119 2066 3160; x_wconf 88' lang='lat' dir='ltr'><strong>caro</strong></span> <span class='ocrx_word' id='word_1_725' title='bbox 2090 3104 2423 3174; x_wconf 87' lang='lat' dir='ltr'><strong>concupiscit</strong></span> <span class='ocrx_word' id='word_1_726' title='bbox 2449 3105 2704 3160; x_wconf 85' lang='lat' dir='ltr'><strong>adversus</strong></span> <span class='ocrx_word' id='word_1_727' title='bbox 2730 3104 2970 3174; x_wconf 75' lang='lat' dir='ltr'><strong>spiritum</strong></span> <span class='ocrx_word' id='word_1_728' title='bbox 3002 3112 3056 3157; x_wconf 88' lang='lat' dir='ltr'><strong>et</strong></span> <span class='ocrx_word' id='word_1_729' title='bbox 3082 3101 3302 3172; x_wconf 81' lang='lat' dir='ltr'><strong>spiritus</strong></span> <span class='ocrx_word' id='word_1_730' title='bbox 3332 3097 3526 3152; x_wconf 85' lang='lat' dir='ltr'><strong>adver-</strong></span> 
     </span>
    </p>
   </div>
   <div class='ocr_carea' id='block_1_92' title="bbox 1939 3199 3525 3268">
    <p class='ocr_par' dir='ltr' id='par_1_92' title="bbox 1939 3199 3525 3268">
     <span class='ocr_line' id='line_1_92' title="bbox 1939 3199 3525 3268; baseline -0.003 -14"><span class='ocrx_word' id='word_1_731' title='bbox 1939 3213 2030 3254; x_wconf 89' lang='lat' dir='ltr'><strong>sus</strong></span> <span class='ocrx_word' id='word_1_732' title='bbox 2056 3213 2304 3266; x_wconf 87' lang='lat' dir='ltr'><strong>carnem;</strong></span> <span class='ocrx_word' id='word_1_733' title='bbox 2335 3201 2422 3254; x_wconf 91' lang='lat' dir='ltr'><strong>ubi</strong></span> <span class='ocrx_word' id='word_1_734' title='bbox 2467 3209 2518 3254; x_wconf 91' lang='lat' dir='ltr'><strong>et</strong></span> <span class='ocrx_word' id='word_1_735' title='bbox 2559 3199 2776 3268; x_wconf 90' lang='lat' dir='ltr'><strong>spiritus</strong></span> <span class='ocrx_word' id='word_1_736' title='bbox 2813 3199 2937 3255; x_wconf 76' lang='lat' dir='ltr'><strong>facit</strong></span> <span class='ocrx_word' id='word_1_737' title='bbox 2969 3199 3162 3252; x_wconf 89' lang='lat' dir='ltr'><strong>bonum</strong></span> <span class='ocrx_word' id='word_1_738' title='bbox 3193 3211 3325 3266; x_wconf 89' lang='lat' dir='ltr'><strong>Opus</strong></span> <span class='ocrx_word' id='word_1_739' title='bbox 3350 3236 3365 3260; x_wconf 88' lang='lat'><strong>,</strong></span> <span class='ocrx_word' id='word_1_740' title='bbox 3419 3209 3525 3250; x_wconf 85' lang='lat' dir='ltr'><strong>non</strong></span> 
     </span>
    </p>
   </div>
   <div class='ocr_carea' id='block_1_93' title="bbox 1940 3287 3522 3362">
    <p class='ocr_par' dir='ltr' id='par_1_93' title="bbox 1940 3287 3522 3362">
     <span class='ocr_line' id='line_1_93' title="bbox 1940 3287 3522 3362; baseline -0.004 -16"><span class='ocrx_word' id='word_1_741' title='bbox 1940 3291 2325 3346; x_wconf 84' lang='lat' dir='ltr'><strong>consentiendo</strong></span> <span class='ocrx_word' id='word_1_742' title='bbox 2352 3292 2797 3362; x_wconf 60' lang='lat' dir='ltr'><strong>concupiscuntur:</strong></span> <span class='ocrx_word' id='word_1_743' title='bbox 2829 3291 3002 3356; x_wconf 71' lang='lat' dir='ltr'><strong>malm,</strong></span> <span class='ocrx_word' id='word_1_744' title='bbox 3036 3289 3131 3344; x_wconf 89' lang='lat' dir='ltr'><strong>sed</strong></span> <span class='ocrx_word' id='word_1_745' title='bbox 3159 3306 3262 3344; x_wconf 89' lang='lat' dir='ltr'><strong>non</strong></span> <span class='ocrx_word' id='word_1_746' title='bbox 3295 3287 3522 3357; x_wconf 89' lang='lat' dir='ltr'><strong>perﬁcit,</strong></span> 
     </span>
    </p>
   </div>
   <div class='ocr_carea' id='block_1_94' title="bbox 1939 3377 3525 3454">
    <p class='ocr_par' dir='ltr' id='par_1_94' title="bbox 1939 3377 3525 3454">
     <span class='ocr_line' id='line_1_94' title="bbox 1939 3377 3525 3454; baseline -0.004 -18"><span class='ocrx_word' id='word_1_747' title='bbox 1939 3381 2060 3454; x_wconf 90' lang='lat' dir='ltr'><strong>quia</strong></span> <span class='ocrx_word' id='word_1_748' title='bbox 2103 3381 2212 3454; x_wconf 87' lang='lat' dir='ltr'><strong>ipsa</strong></span> <span class='ocrx_word' id='word_1_749' title='bbox 2257 3381 2392 3436; x_wconf 89' lang='lat' dir='ltr'><strong>mala</strong></span> <span class='ocrx_word' id='word_1_750' title='bbox 2433 3381 2694 3448; x_wconf 82' lang='lat' dir='ltr'><strong>desideria</strong></span> <span class='ocrx_word' id='word_1_751' title='bbox 2725 3399 2828 3436; x_wconf 90' lang='lat' dir='ltr'><strong>non</strong></span> <span class='ocrx_word' id='word_1_752' title='bbox 2860 3379 3124 3444; x_wconf 87' lang='lat' dir='ltr'><strong>absumit;</strong></span> <span class='ocrx_word' id='word_1_753' title='bbox 3157 3389 3209 3434; x_wconf 92' lang='lat' dir='ltr'><strong>ct</strong></span> <span class='ocrx_word' id='word_1_754' title='bbox 3247 3395 3370 3432; x_wconf 90' lang='lat' dir='ltr'><strong>caro</strong></span> <span class='ocrx_word' id='word_1_755' title='bbox 3401 3377 3525 3430; x_wconf 84' lang='lat' dir='ltr'><strong>facit</strong></span> 
     </span>
    </p>
   </div>
   <div class='ocr_carea' id='block_1_95' title="bbox 1941 3469 3525 3543">
    <p class='ocr_par' dir='ltr' id='par_1_95' title="bbox 1941 3469 3525 3543">
     <span class='ocr_line' id='line_1_95' title="bbox 1941 3469 3525 3543; baseline -0.006 -13"><span class='ocrx_word' id='word_1_756' title='bbox 1941 3475 2138 3530; x_wconf 87' lang='lat' dir='ltr'><strong>malum</strong></span> <span class='ocrx_word' id='word_1_757' title='bbox 2169 3473 2494 3530; x_wconf 81' lang='lat' dir='ltr'><strong>desiderium</strong></span> <span class='ocrx_word' id='word_1_758' title='bbox 2519 3515 2534 3540; x_wconf 89' lang='lat'><strong>,</strong></span> <span class='ocrx_word' id='word_1_759' title='bbox 2572 3473 2664 3530; x_wconf 73' lang='lat' dir='ltr'><strong>srd</strong></span> <span class='ocrx_word' id='word_1_760' title='bbox 2707 3489 2804 3530; x_wconf 88' lang='lat' dir='ltr'><strong>nec</strong></span> <span class='ocrx_word' id='word_1_761' title='bbox 2843 3473 2954 3543; x_wconf 83' lang='lat' dir='ltr'><strong>ipsa</strong></span> <span class='ocrx_word' id='word_1_762' title='bbox 2985 3471 3187 3542; x_wconf 86' lang='lat' dir='ltr'><strong>perlicit</strong></span> <span class='ocrx_word' id='word_1_763' title='bbox 3213 3511 3225 3536; x_wconf 91' lang='lat'><strong>,</strong></span> <span class='ocrx_word' id='word_1_764' title='bbox 3267 3469 3387 3540; x_wconf 87' lang='lat' dir='ltr'><strong>quia</strong></span> <span class='ocrx_word' id='word_1_765' title='bbox 3419 3483 3525 3522; x_wconf 86' lang='lat' dir='ltr'><strong>non</strong></span> 
     </span>
    </p>
   </div>
   <div class='ocr_carea' id='block_1_96' title="bbox 1941 3559 3604 3640">
    <p class='ocr_par' dir='ltr' id='par_1_96' title="bbox 1941 3559 3604 3640">
     <span class='ocr_line' id='line_1_96' title="bbox 1941 3559 3604 3640; baseline -0.007 -14"><span class='ocrx_word' id='word_1_766' title='bbox 1941 3569 2042 3626; x_wconf 85' lang='lat' dir='ltr'><strong>sibi</strong></span> <span class='ocrx_word' id='word_1_767' title='bbox 2069 3570 2437 3624; x_wconf 81' lang='lat' dir='ltr'><strong>consentiente</strong></span> <span class='ocrx_word' id='word_1_768' title='bbox 2463 3569 2674 3640; x_wconf 89' lang='lat' dir='ltr'><strong>spiritu,</strong></span> <span class='ocrx_word' id='word_1_769' title='bbox 2708 3575 2762 3622; x_wconf 91' lang='lat' dir='ltr'><strong>et</strong></span> <span class='ocrx_word' id='word_1_770' title='bbox 2793 3569 2900 3638; x_wconf 89' lang='lat' dir='ltr'><strong>ipsa</strong></span> <span class='ocrx_word' id='word_1_771' title='bbox 2933 3565 2997 3620; x_wconf 89' lang='lat' dir='ltr'><strong>ad</strong></span> <span class='ocrx_word' id='word_1_772' title='bbox 3030 3581 3190 3636; x_wconf 87' lang='lat' dir='ltr'><strong>opera</strong></span> <span class='ocrx_word' id='word_1_773' title='bbox 3220 3559 3520 3618; x_wconf 83' lang='lat' dir='ltr'><strong>damnanda</strong></span> <span class='ocrx_word' id='word_1_774' title='bbox 3587 3625 3604 3634; x_wconf 90' lang='lat'>_</span> 
     </span>
    </p>
   </div>
   <div class='ocr_carea' id='block_1_97' title="bbox 1941 3641 3520 3734">
    <p class='ocr_par' dir='ltr' id='par_1_97' title="bbox 1941 3641 3520 3734">
     <span class='ocr_line' id='line_1_97' title="bbox 1941 3641 3520 3734; baseline -0.009 -16"><span class='ocrx_word' id='word_1_775' title='bbox 1941 3677 2048 3718; x_wconf 88' lang='lat' dir='ltr'><strong>non</strong></span> <span class='ocrx_word' id='word_1_776' title='bbox 2089 3661 2330 3734; x_wconf 87' lang='lat' dir='ltr'><strong>pervenit</strong></span> <span class='ocrx_word' id='word_1_777' title='bbox 2362 3680 2374 3716; x_wconf 92' lang='lat'><strong>:</strong></span> <span class='ocrx_word' id='word_1_778' title='bbox 2403 3661 2504 3716; x_wconf 82' lang='lat' dir='ltr'><strong>iste</strong></span> <span class='ocrx_word' id='word_1_779' title='bbox 2546 3675 2672 3732; x_wconf 79' lang='lat' dir='ltr'><strong>ergo</strong></span> <span class='ocrx_word' id='word_1_780' title='bbox 2711 3657 2989 3714; x_wconf 70' lang='lat' dir='ltr'><strong>conflictus</strong></span> <span class='ocrx_word' id='word_1_781' title='bbox 3031 3672 3138 3712; x_wconf 89' lang='lat' dir='ltr'><strong>non</strong></span> <span class='ocrx_word' id='word_1_782' title='bbox 3178 3641 3520 3718; x_wconf 74' lang='lat' dir='ltr'><strong>inda-orum,</strong></span> 
     </span>
    </p>
   </div>
   <div class='ocr_carea' id='block_1_98' title="bbox 1941 3745 3523 3826">
    <p class='ocr_par' dir='ltr' id='par_1_98' title="bbox 1941 3745 3523 3826">
     <span class='ocr_line' id='line_1_98' title="bbox 1941 3745 3523 3826; baseline -0.011 -12"><span class='ocrx_word' id='word_1_783' title='bbox 1941 3771 2040 3814; x_wconf 87' lang='lat' dir='ltr'><strong>nec</strong></span> <span class='ocrx_word' id='word_1_784' title='bbox 2069 3755 2428 3826; x_wconf 86' lang='lat' dir='ltr'><strong>quorumlibet</strong></span> <span class='ocrx_word' id='word_1_785' title='bbox 2465 3753 2690 3808; x_wconf 89' lang='lat' dir='ltr'><strong>aliorum</strong></span> <span class='ocrx_word' id='word_1_786' title='bbox 2717 3791 2732 3818; x_wconf 94' lang='lat'><strong>,</strong></span> <span class='ocrx_word' id='word_1_787' title='bbox 2781 3749 2876 3804; x_wconf 88' lang='lat' dir='ltr'><strong>sed</strong></span> <span class='ocrx_word' id='word_1_788' title='bbox 2917 3749 3072 3819; x_wconf 85' lang='lat' dir='ltr'><strong>plane</strong></span> <span class='ocrx_word' id='word_1_789' title='bbox 3097 3745 3523 3801; x_wconf 82' lang='lat' dir='ltr'><strong>Christianorum</strong></span> 
     </span>
    </p>
   </div>
   <div class='ocr_carea' id='block_1_99' title="bbox 1941 3835 3526 3902">
    <p class='ocr_par' dir='ltr' id='par_1_99' title="bbox 1941 3835 3526 3902">
     <span class='ocr_line' id='line_1_99' title="bbox 1941 3835 3526 3902; baseline -0.009 0"><span class='ocrx_word' id='word_1_790' title='bbox 1941 3846 2179 3902; x_wconf 86' lang='lat' dir='ltr'><strong>ﬁdelium</strong></span> <span class='ocrx_word' id='word_1_791' title='bbox 2209 3853 2261 3900; x_wconf 92' lang='lat' dir='ltr'><strong>et</strong></span> <span class='ocrx_word' id='word_1_792' title='bbox 2289 3845 2424 3900; x_wconf 88' lang='lat' dir='ltr'><strong>bene</strong></span> <span class='ocrx_word' id='word_1_793' title='bbox 2461 3841 2689 3898; x_wconf 85' lang='lat' dir='ltr'><strong>vivendo</strong></span> <span class='ocrx_word' id='word_1_794' title='bbox 2719 3843 2772 3896; x_wconf 88' lang='lat' dir='ltr'><strong>in</strong></span> <span class='ocrx_word' id='word_1_795' title='bbox 2810 3841 2910 3894; x_wconf 91' lang='lat' dir='ltr'><strong>hoc</strong></span> <span class='ocrx_word' id='word_1_796' title='bbox 2940 3839 3230 3896; x_wconf 88' lang='lat' dir='ltr'><strong>certamine</strong></span> <span class='ocrx_word' id='word_1_797' title='bbox 3275 3835 3526 3890; x_wconf 87' lang='lat' dir='ltr'><strong>laborau-</strong></span> 
     </span>
    </p>
   </div>
   <div class='ocr_carea' id='block_1_100' title="bbox 1941 3925 3526 4006">
    <p class='ocr_par' dir='ltr' id='par_1_100' title="bbox 1941 3925 3526 4006">
     <span class='ocr_line' id='line_1_100' title="bbox 1941 3925 3526 4006; baseline -0.011 -10"><span class='ocrx_word' id='word_1_798' title='bbox 1941 3941 2094 4006; x_wconf 90' lang='lat' dir='ltr'><strong>tium,</strong></span> <span class='ocrx_word' id='word_1_799' title='bbox 2119 3940 2352 3996; x_wconf 88' lang='lat' dir='ltr'><strong>breviter</strong></span> <span class='ocrx_word' id='word_1_800' title='bbox 2377 3938 2673 3994; x_wconf 83' lang='lat' dir='ltr'><strong>ostenditur</strong></span> <span class='ocrx_word' id='word_1_801' title='bbox 2695 3935 2760 3990; x_wconf 90' lang='lat' dir='ltr'><strong>ad</strong></span> <span class='ocrx_word' id='word_1_802' title='bbox 2793 3935 3081 3998; x_wconf 77' lang='lat' dir='ltr'><strong>liotnanos,</strong></span> <span class='ocrx_word' id='word_1_803' title='bbox 3109 3931 3195 3986; x_wconf 88' lang='lat' dir='ltr'><strong>ubi</strong></span> <span class='ocrx_word' id='word_1_804' title='bbox 3223 3931 3295 3983; x_wconf 88' lang='lat' dir='ltr'><strong>ait</strong></span> <span class='ocrx_word' id='word_1_805' title='bbox 3315 3971 3330 3996; x_wconf 88' lang='lat'><strong>,</strong></span> <span class='ocrx_word' id='word_1_806' title='bbox 3359 3925 3526 4000; x_wconf 84' lang='lat' dir='ltr'><strong>Igitur</strong></span> 
     </span>
    </p>
   </div>
   <div class='ocr_carea' id='block_1_101' title="bbox 1940 4021 3528 4106">
    <p class='ocr_par' dir='ltr' id='par_1_101' title="bbox 1940 4021 3528 4106">
     <span class='ocr_line' id='line_1_101' title="bbox 1940 4021 3528 4106; baseline -0.009 -20"><span class='ocrx_word' id='word_1_807' title='bbox 1940 4033 2049 4106; x_wconf 84' lang='lat' dir='ltr'><strong>ipse</strong></span> <span class='ocrx_word' id='word_1_808' title='bbox 2067 4049 2158 4103; x_wconf 85' lang='lat' dir='ltr'><strong>ego</strong></span> <span class='ocrx_word' id='word_1_809' title='bbox 2185 4041 2349 4086; x_wconf 85' lang='lat' dir='ltr'><strong>mente</strong></span> <span class='ocrx_word' id='word_1_810' title='bbox 2372 4031 2532 4086; x_wconf 82' lang='lat' dir='ltr'><strong>servio</strong></span> <span class='ocrx_word' id='word_1_811' title='bbox 2561 4029 2657 4102; x_wconf 89' lang='lat' dir='ltr'><strong>legi</strong></span> <span class='ocrx_word' id='word_1_812' title='bbox 2687 4027 2802 4096; x_wconf 76' lang='lat' dir='ltr'><strong>Dei,</strong></span> <span class='ocrx_word' id='word_1_813' title='bbox 2833 4041 2985 4080; x_wconf 89' lang='lat' dir='ltr'><strong>carne</strong></span> <span class='ocrx_word' id='word_1_814' title='bbox 3011 4033 3178 4078; x_wconf 87' lang='lat' dir='ltr'><strong>autem</strong></span> <span class='ocrx_word' id='word_1_815' title='bbox 3210 4021 3306 4094; x_wconf 82' lang='lat' dir='ltr'><strong>legi</strong></span> <span class='ocrx_word' id='word_1_816' title='bbox 3333 4029 3528 4098; x_wconf 55' lang='lat' dir='ltr'><strong>peccati</strong></span> 
     </span>
    </p>
   </div>
   <div class='ocr_carea' id='block_1_102' title="bbox 1943 4125 2390 4202">
    <p class='ocr_par' dir='ltr' id='par_1_102' title="bbox 1943 4125 2390 4202">
     <span class='ocr_line' id='line_1_102' title="bbox 1943 4125 2390 4202; baseline -0.009 -22"><span class='ocrx_word' id='word_1_817' title='bbox 1943 4125 2117 4202; x_wconf 87' lang='lat' dir='ltr'><strong>(Rom.</strong></span> <span class='ocrx_word' id='word_1_818' title='bbox 2145 4141 2238 4192; x_wconf 77' lang='lat' dir='ltr'><strong>vn,</strong></span> <span class='ocrx_word' id='word_1_819' title='bbox 2271 4125 2390 4196; x_wconf 63' lang='grc'><strong>22)).</strong></span> 
     </span>
    </p>
   </div>
   <div class='ocr_carea' id='block_1_103' title="bbox 2013 4205 3528 4284">
    <p class='ocr_par' dir='ltr' id='par_1_103' title="bbox 2013 4205 3528 4284">
     <span class='ocr_line' id='line_1_103' title="bbox 2013 4205 3528 4284; baseline -0.009 -10"><span class='ocrx_word' id='word_1_820' title='bbox 2013 4219 2101 4274; x_wconf 81' lang='lat'><strong>6&#39;5.</strong></span> <span class='ocrx_word' id='word_1_821' title='bbox 2131 4215 2186 4272; x_wconf 91' lang='lat' dir='ltr'><strong>Si</strong></span> <span class='ocrx_word' id='word_1_822' title='bbox 2217 4232 2341 4284; x_wconf 77' lang='lat' dir='ltr'><strong>ergo</strong></span> <span class='ocrx_word' id='word_1_823' title='bbox 2365 4215 2478 4270; x_wconf 81' lang='lat' dir='ltr'><strong>haec</strong></span> <span class='ocrx_word' id='word_1_824' title='bbox 2507 4221 2588 4268; x_wconf 87' lang='lat' dir='ltr'><strong>est</strong></span> <span class='ocrx_word' id='word_1_825' title='bbox 2617 4211 2850 4268; x_wconf 88' lang='lat' dir='ltr'><strong>conditio</strong></span> <span class='ocrx_word' id='word_1_826' title='bbox 2879 4211 2932 4264; x_wconf 87' lang='lat' dir='ltr'><strong>in</strong></span> <span class='ocrx_word' id='word_1_827' title='bbox 2960 4223 3188 4280; x_wconf 88' lang='lat' dir='ltr'><strong>corpore</strong></span> <span class='ocrx_word' id='word_1_828' title='bbox 3216 4207 3400 4260; x_wconf 89' lang='lat' dir='ltr'><strong>mortis</strong></span> <span class='ocrx_word' id='word_1_829' title='bbox 3427 4205 3528 4260; x_wconf 86' lang='lat' dir='ltr'><strong>hu-</strong></span> 
     </span>
    </p>
   </div>
   <div class='ocr_carea' id='block_1_104' title="bbox 1935 4299 3526 4382">
    <p class='ocr_par' dir='ltr' id='par_1_104' title="bbox 1935 4299 3526 4382">
     <span class='ocr_line' id='line_1_104' title="bbox 1935 4299 3526 4382; baseline -0.008 -18"><span class='ocrx_word' id='word_1_830' title='bbox 1935 4309 2027 4382; x_wconf 89' lang='lat' dir='ltr'><strong>jus</strong></span> <span class='ocrx_word' id='word_1_831' title='bbox 2053 4307 2204 4380; x_wconf 73' lang='lat' dir='ltr'><strong>(qua:</strong></span> <span class='ocrx_word' id='word_1_832' title='bbox 2227 4309 2403 4376; x_wconf 80' lang='lat' dir='ltr'><strong>utique</strong></span> <span class='ocrx_word' id='word_1_833' title='bbox 2436 4305 2664 4362; x_wconf 81' lang='lat' dir='ltr'><strong>nonfuit</strong></span> <span class='ocrx_word' id='word_1_834' title='bbox 2691 4305 2742 4358; x_wconf 93' lang='lat' dir='ltr'><strong>in</strong></span> <span class='ocrx_word' id='word_1_835' title='bbox 2775 4301 3043 4374; x_wconf 85' lang='lat' dir='ltr'><strong>paradiso,</strong></span> <span class='ocrx_word' id='word_1_836' title='bbox 3075 4301 3126 4356; x_wconf 87' lang='lat' dir='ltr'><strong>in</strong></span> <span class='ocrx_word' id='word_1_837' title='bbox 3149 4313 3378 4368; x_wconf 88' lang='lat' dir='ltr'><strong>corpore</strong></span> <span class='ocrx_word' id='word_1_838' title='bbox 3405 4299 3526 4352; x_wconf 76' lang='lat' dir='ltr'><strong>vine</strong></span> 
     </span>
    </p>
   </div>
   <div class='ocr_carea' id='block_1_105' title="bbox 1943 4387 3527 4469">
    <p class='ocr_par' dir='ltr' id='par_1_105' title="bbox 1943 4387 3527 4469">
     <span class='ocr_line' id='line_1_105' title="bbox 1943 4387 3527 4469; baseline -0.009 -13"><span class='ocrx_word' id='word_1_839' title='bbox 1943 4397 2154 4469; x_wconf 80' lang='lat' dir='ltr'><strong>illius);</strong></span> <span class='ocrx_word' id='word_1_840' title='bbox 2205 4395 2390 4468; x_wconf 78' lang='lat' dir='ltr'><strong>procul</strong></span> <span class='ocrx_word' id='word_1_841' title='bbox 2421 4395 2582 4452; x_wconf 83' lang='lat' dir='ltr'><strong>dubio</strong></span> <span class='ocrx_word' id='word_1_842' title='bbox 2614 4395 2743 4450; x_wconf 89' lang='lat' dir='ltr'><strong>satis</strong></span> <span class='ocrx_word' id='word_1_843' title='bbox 2781 4392 3062 4448; x_wconf 87' lang='lat' dir='ltr'><strong>evidenter</strong></span> <span class='ocrx_word' id='word_1_844' title='bbox 3091 4397 3346 4460; x_wconf 83' lang='lat' dir='ltr'><strong>apparet,</strong></span> <span class='ocrx_word' id='word_1_845' title='bbox 3390 4387 3527 4442; x_wconf 64' lang='lat' dir='ltr'><strong>ualde</strong></span> 
     </span>
    </p>
   </div>
   <div class='ocr_carea' id='block_1_106' title="bbox 1943 4483 3528 4562">
    <p class='ocr_par' dir='ltr' id='par_1_106' title="bbox 1943 4483 3528 4562">
     <span class='ocr_line' id='line_1_106' title="bbox 1943 4483 3528 4562; baseline -0.008 -12"><span class='ocrx_word' id='word_1_846' title='bbox 1943 4493 2158 4552; x_wconf 88' lang='lat' dir='ltr'><strong>trahant</strong></span> <span class='ocrx_word' id='word_1_847' title='bbox 2203 4491 2408 4562; x_wconf 87' lang='lat' dir='ltr'><strong>parvuli</strong></span> <span class='ocrx_word' id='word_1_848' title='bbox 2437 4489 2812 4560; x_wconf 86' lang='lat' dir='ltr'><strong>obligationcm</strong></span> <span class='ocrx_word' id='word_1_849' title='bbox 2859 4485 3062 4558; x_wconf 85' lang='lat' dir='ltr'><strong>peccati</strong></span> <span class='ocrx_word' id='word_1_850' title='bbox 3100 4501 3218 4540; x_wconf 90' lang='lat' dir='ltr'><strong>cum</strong></span> <span class='ocrx_word' id='word_1_851' title='bbox 3247 4483 3528 4556; x_wconf 76' lang='lat' dir='ltr'><strong>carnaliter</strong></span> 
     </span>
    </p>
   </div>
   <div class='ocr_carea' id='block_1_107' title="bbox 1944 4579 3527 4660">
    <p class='ocr_par' dir='ltr' id='par_1_107' title="bbox 1944 4579 3527 4660">
     <span class='ocr_line' id='line_1_107' title="bbox 1944 4579 3527 4660; baseline -0.009 -12"><span class='ocrx_word' id='word_1_852' title='bbox 1944 4601 2252 4657; x_wconf 89' lang='lat' dir='ltr'><strong>nascuntur,</strong></span> <span class='ocrx_word' id='word_1_853' title='bbox 2286 4604 2404 4660; x_wconf 76' lang='lat' dir='ltr'><strong>qwc</strong></span> <span class='ocrx_word' id='word_1_854' title='bbox 2429 4603 2535 4642; x_wconf 89' lang='lat' dir='ltr'><strong>non</strong></span> <span class='ocrx_word' id='word_1_855' title='bbox 2565 4586 2788 4642; x_wconf 87' lang='lat' dir='ltr'><strong>solvitur</strong></span> <span class='ocrx_word' id='word_1_856' title='bbox 2819 4583 2918 4640; x_wconf 86' lang='lat' dir='ltr'><strong>nisi</strong></span> <span class='ocrx_word' id='word_1_857' title='bbox 2941 4598 3065 4638; x_wconf 91' lang='lat' dir='ltr'><strong>cum</strong></span> <span class='ocrx_word' id='word_1_858' title='bbox 3092 4579 3434 4650; x_wconf 86' lang='lat' dir='ltr'><strong>spiritualiter</strong></span> <span class='ocrx_word' id='word_1_859' title='bbox 3459 4593 3527 4634; x_wconf 84' lang='lat' dir='ltr'><strong>re-</strong></span> 
     </span>
    </p>
   </div>
   <div class='ocr_carea' id='block_1_108' title="bbox 1944 4673 3526 4740">
    <p class='ocr_par' dir='ltr' id='par_1_108' title="bbox 1944 4673 3526 4740">
     <span class='ocr_line' id='line_1_108' title="bbox 1944 4673 3526 4740; baseline -0.008 -1"><span class='ocrx_word' id='word_1_860' title='bbox 1944 4691 2250 4740; x_wconf 88' lang='lat' dir='ltr'><strong>nascuntur.</strong></span> <span class='ocrx_word' id='word_1_861' title='bbox 2291 4679 2410 4734; x_wconf 87' lang='lat' dir='ltr'><strong>Non</strong></span> <span class='ocrx_word' id='word_1_862' title='bbox 2447 4678 2588 4734; x_wconf 88' lang='lat' dir='ltr'><strong>enim</strong></span> <span class='ocrx_word' id='word_1_863' title='bbox 2635 4676 2773 4732; x_wconf 87' lang='lat' dir='ltr'><strong>hanc</strong></span> <span class='ocrx_word' id='word_1_864' title='bbox 2813 4673 3030 4728; x_wconf 86' lang='lat' dir='ltr'><strong>trahunt</strong></span> <span class='ocrx_word' id='word_1_865' title='bbox 3068 4688 3134 4726; x_wconf 80' lang='lat' dir='ltr'><strong>ex</strong></span> <span class='ocrx_word' id='word_1_866' title='bbox 3175 4686 3340 4740; x_wconf 88' lang='lat' dir='ltr'><strong>opere</strong></span> <span class='ocrx_word' id='word_1_867' title='bbox 3367 4711 3381 4735; x_wconf 89' lang='lat'><strong>,</strong></span> <span class='ocrx_word' id='word_1_868' title='bbox 3423 4685 3526 4738; x_wconf 83' lang='lat' dir='ltr'><strong>quo</strong></span> 
     </span>
    </p>
   </div>
   <div class='ocr_carea' id='block_1_109' title="bbox 1937 4755 3527 4834">
    <p class='ocr_par' dir='ltr' id='par_1_109' title="bbox 1937 4755 3527 4834">
     <span class='ocr_line' id='line_1_109' title="bbox 1937 4755 3527 4834; baseline -0.011 0"><span class='ocrx_word' id='word_1_869' title='bbox 1937 4755 2233 4834; x_wconf 78' lang='lat' dir='ltr'><strong>humanam</strong></span> <span class='ocrx_word' id='word_1_870' title='bbox 2291 4773 2432 4830; x_wconf 89' lang='lat' dir='ltr'><strong>Deus</strong></span> <span class='ocrx_word' id='word_1_871' title='bbox 2488 4781 2732 4826; x_wconf 83' lang='lat' dir='ltr'><strong>naturam</strong></span> <span class='ocrx_word' id='word_1_872' title='bbox 2785 4768 2942 4832; x_wconf 72' lang='lat' dir='ltr'><strong>fecit;</strong></span> <span class='ocrx_word' id='word_1_873' title='bbox 2993 4765 3088 4822; x_wconf 89' lang='lat' dir='ltr'><strong>sed</strong></span> <span class='ocrx_word' id='word_1_874' title='bbox 3153 4780 3216 4820; x_wconf 80' lang='lat' dir='ltr'><strong>ex</strong></span> <span class='ocrx_word' id='word_1_875' title='bbox 3273 4763 3527 4830; x_wconf 75' lang='lat' dir='ltr'><strong>vulnere,</strong></span> 
     </span>
    </p>
   </div>
   <div class='ocr_carea' id='block_1_110' title="bbox 1945 4855 3528 4940">
    <p class='ocr_par' dir='ltr' id='par_1_110' title="bbox 1945 4855 3528 4940">
     <span class='ocr_line' id='line_1_110' title="bbox 1945 4855 3528 4940; baseline -0.009 -15"><span class='ocrx_word' id='word_1_876' title='bbox 1945 4868 2088 4940; x_wconf 89' lang='lat' dir='ltr'><strong>quod</strong></span> <span class='ocrx_word' id='word_1_877' title='bbox 2120 4877 2322 4922; x_wconf 75' lang='lat' dir='ltr'><strong>natura:</strong></span> <span class='ocrx_word' id='word_1_878' title='bbox 2349 4866 2594 4920; x_wconf 72' lang='lat' dir='ltr'><strong>hunianzc</strong></span> <span class='ocrx_word' id='word_1_879' title='bbox 2625 4859 2795 4918; x_wconf 87' lang='lat' dir='ltr'><strong>hostis</strong></span> <span class='ocrx_word' id='word_1_880' title='bbox 2839 4859 3046 4914; x_wconf 81' lang='lat' dir='ltr'><strong>inﬂixit.</strong></span> <span class='ocrx_word' id='word_1_881' title='bbox 3089 4857 3206 4914; x_wconf 82' lang='lat' dir='ltr'><strong>Non</strong></span> <span class='ocrx_word' id='word_1_882' title='bbox 3245 4855 3413 4910; x_wconf 86' lang='lat' dir='ltr'><strong>hostis</strong></span> <span class='ocrx_word' id='word_1_883' title='bbox 3443 4871 3528 4910; x_wconf 80' lang='lat' dir='ltr'><strong>sc-</strong></span> 
     </span>
    </p>
   </div>
   <div class='ocr_carea' id='block_1_111' title="bbox 1941 4947 3524 5026">
    <p class='ocr_par' dir='ltr' id='par_1_111' title="bbox 1941 4947 3524 5026">
     <span class='ocr_line' id='line_1_111' title="bbox 1941 4947 3524 5026; baseline -0.011 -8"><span class='ocrx_word' id='word_1_884' title='bbox 1941 4961 2178 5018; x_wconf 89' lang='lat' dir='ltr'><strong>cundmn</strong></span> <span class='ocrx_word' id='word_1_885' title='bbox 2245 4955 2568 5014; x_wconf 79' lang='lat' dir='ltr'><strong>Maniclueos</strong></span> <span class='ocrx_word' id='word_1_886' title='bbox 2636 4953 2920 5026; x_wconf 88' lang='lat' dir='ltr'><strong>prosiliens</strong></span> <span class='ocrx_word' id='word_1_887' title='bbox 2984 4967 3048 5008; x_wconf 83' lang='lat' dir='ltr'><strong>cx</strong></span> <span class='ocrx_word' id='word_1_888' title='bbox 3107 4959 3296 5018; x_wconf 85' lang='lat' dir='ltr'><strong>natura</strong></span> <span class='ocrx_word' id='word_1_889' title='bbox 3365 4947 3524 5016; x_wconf 89' lang='lat' dir='ltr'><strong>mali,</strong></span> 
     </span>
    </p>
   </div>
   <div class='ocr_carea' id='block_1_112' title="bbox 1944 5042 3528 5124">
    <p class='ocr_par' dir='ltr' id='par_1_112' title="bbox 1944 5042 3528 5124">
     <span class='ocr_line' id='line_1_112' title="bbox 1944 5042 3528 5124; baseline -0.009 -15"><span class='ocrx_word' id='word_1_890' title='bbox 1944 5067 2102 5124; x_wconf 89' lang='lat' dir='ltr'><strong>quam</strong></span> <span class='ocrx_word' id='word_1_891' title='bbox 2134 5067 2238 5106; x_wconf 88' lang='lat' dir='ltr'><strong>non</strong></span> <span class='ocrx_word' id='word_1_892' title='bbox 2285 5047 2522 5104; x_wconf 89' lang='lat' dir='ltr'><strong>condidit</strong></span> <span class='ocrx_word' id='word_1_893' title='bbox 2555 5047 2732 5114; x_wconf 84' lang='lat' dir='ltr'><strong>Deus;</strong></span> <span class='ocrx_word' id='word_1_894' title='bbox 2775 5044 2868 5100; x_wconf 86' lang='lat' dir='ltr'><strong>scd</strong></span> <span class='ocrx_word' id='word_1_895' title='bbox 2909 5043 3078 5100; x_wconf 83' lang='lat' dir='ltr'><strong>hostis</strong></span> <span class='ocrx_word' id='word_1_896' title='bbox 3117 5042 3336 5114; x_wconf 78' lang='lat' dir='ltr'><strong>angelus</strong></span> <span class='ocrx_word' id='word_1_897' title='bbox 3365 5055 3528 5112; x_wconf 75' lang='lat' dir='ltr'><strong>quon—</strong></span> 
     </span>
    </p>
   </div>
   <div class='ocr_carea' id='block_1_113' title="bbox 1945 5133 3526 5212">
    <p class='ocr_par' dir='ltr' id='par_1_113' title="bbox 1945 5133 3526 5212">
     <span class='ocr_line' id='line_1_113' title="bbox 1945 5133 3526 5212; baseline -0.011 -12"><span class='ocrx_word' id='word_1_898' title='bbox 1945 5146 2068 5200; x_wconf 88' lang='lat' dir='ltr'><strong>dam</strong></span> <span class='ocrx_word' id='word_1_899' title='bbox 2095 5161 2156 5200; x_wconf 78' lang='lat' dir='ltr'><strong>ex</strong></span> <span class='ocrx_word' id='word_1_900' title='bbox 2187 5159 2348 5212; x_wconf 87' lang='lat' dir='ltr'><strong>opere</strong></span> <span class='ocrx_word' id='word_1_901' title='bbox 2379 5143 2472 5196; x_wconf 89' lang='lat' dir='ltr'><strong>Dei</strong></span> <span class='ocrx_word' id='word_1_902' title='bbox 2501 5143 2694 5206; x_wconf 81' lang='lat' dir='ltr'><strong>boans,</strong></span> <span class='ocrx_word' id='word_1_903' title='bbox 2722 5155 2786 5196; x_wconf 82' lang='lat' dir='ltr'><strong>cx</strong></span> <span class='ocrx_word' id='word_1_904' title='bbox 2819 5153 2988 5210; x_wconf 85' lang='lat' dir='ltr'><strong>opere</strong></span> <span class='ocrx_word' id='word_1_905' title='bbox 3013 5154 3111 5192; x_wconf 89' lang='lat' dir='ltr'><strong>suo</strong></span> <span class='ocrx_word' id='word_1_906' title='bbox 3137 5137 3310 5190; x_wconf 81' lang='lat' dir='ltr'><strong>factus</strong></span> <span class='ocrx_word' id='word_1_907' title='bbox 3337 5133 3526 5202; x_wconf 81' lang='lat' dir='ltr'><strong>malus.</strong></span> 
     </span>
    </p>
   </div>
   <div class='ocr_carea' id='block_1_114' title="bbox 1945 5223 3530 5306">
    <p class='ocr_par' dir='ltr' id='par_1_114' title="bbox 1945 5223 3530 5306">
     <span class='ocr_line' id='line_1_114' title="bbox 1945 5223 3530 5306; baseline -0.013 -13"><span class='ocrx_word' id='word_1_908' title='bbox 1945 5223 2044 5306; x_wconf 82' lang='lat' dir='ltr'><strong>Qui</strong></span> <span class='ocrx_word' id='word_1_909' title='bbox 2071 5253 2131 5292; x_wconf 89' lang='lat' dir='ltr'><strong>se</strong></span> <span class='ocrx_word' id='word_1_910' title='bbox 2155 5237 2380 5306; x_wconf 89' lang='lat' dir='ltr'><strong>primum</strong></span> <span class='ocrx_word' id='word_1_911' title='bbox 2409 5233 2741 5290; x_wconf 88' lang='lat' dir='ltr'><strong>vulnerando</strong></span> <span class='ocrx_word' id='word_1_912' title='bbox 2768 5232 3072 5303; x_wconf 83' lang='lat' dir='ltr'><strong>prostravit,</strong></span> <span class='ocrx_word' id='word_1_913' title='bbox 3101 5239 3158 5283; x_wconf 92' lang='lat' dir='ltr'><strong>ut</strong></span> <span class='ocrx_word' id='word_1_914' title='bbox 3181 5230 3338 5282; x_wconf 65' lang='lat' dir='ltr'><strong>elisus</strong></span> <span class='ocrx_word' id='word_1_915' title='bbox 3365 5223 3530 5276; x_wconf 88' lang='lat' dir='ltr'><strong>elide-</strong></span> 
     </span>
    </p>
   </div>
   <div class='ocr_carea' id='block_1_115' title="bbox 1945 5317 3529 5398">
    <p class='ocr_par' dir='ltr' id='par_1_115' title="bbox 1945 5317 3529 5398">
     <span class='ocr_line' id='line_1_115' title="bbox 1945 5317 3529 5398; baseline -0.011 -12"><span class='ocrx_word' id='word_1_916' title='bbox 1945 5338 2050 5396; x_wconf 87' lang='lat' dir='ltr'><strong>ret,</strong></span> <span class='ocrx_word' id='word_1_917' title='bbox 2078 5337 2132 5384; x_wconf 92' lang='lat' dir='ltr'><strong>ct</strong></span> <span class='ocrx_word' id='word_1_918' title='bbox 2163 5343 2256 5398; x_wconf 89' lang='lat' dir='ltr'><strong>per</strong></span> <span class='ocrx_word' id='word_1_919' title='bbox 2284 5327 2476 5382; x_wconf 89' lang='lat' dir='ltr'><strong>malam</strong></span> <span class='ocrx_word' id='word_1_920' title='bbox 2507 5325 2810 5386; x_wconf 84' lang='lat' dir='ltr'><strong>suasionem</strong></span> <span class='ocrx_word' id='word_1_921' title='bbox 2851 5319 3298 5394; x_wconf 72' lang='lat' dir='ltr'><strong>praevaricationis</strong></span> <span class='ocrx_word' id='word_1_922' title='bbox 3335 5317 3529 5374; x_wconf 81' lang='lat' dir='ltr'><strong>vulnus</strong></span> 
     </span>
    </p>
   </div>
   <div class='ocr_carea' id='block_1_116' title="bbox 2011 5494 3531 5563">
    <p class='ocr_par' dir='ltr' id='par_1_116' title="bbox 2011 5494 3531 5563">
     <span class='ocr_line' id='line_1_116' title="bbox 2011 5494 3531 5563; baseline -0.007 -9"><span class='ocrx_word' id='word_1_923' title='bbox 2011 5508 2028 5538; x_wconf 78' lang='grc' dir='ltr'>ί</span> <span class='ocrx_word' id='word_1_924' title='bbox 2063 5507 2389 5556; x_wconf 84' lang='lat' dir='ltr'><strong>Lovanienses</strong></span> <span class='ocrx_word' id='word_1_925' title='bbox 2410 5503 2534 5554; x_wconf 86' lang='lat' dir='ltr'><strong>hanc</strong></span> <span class='ocrx_word' id='word_1_926' title='bbox 2558 5505 2852 5553; x_wconf 84' lang='lat' dir='ltr'><strong>sententiam</strong></span> <span class='ocrx_word' id='word_1_927' title='bbox 2873 5503 3238 5563; x_wconf 79' lang='lat' dir='ltr'><strong>expunxeruut,</strong></span> <span class='ocrx_word' id='word_1_928' title='bbox 3264 5494 3349 5546; x_wconf 85' lang='lat' dir='ltr'><strong>hoc</strong></span> <span class='ocrx_word' id='word_1_929' title='bbox 3377 5495 3531 5563; x_wconf 78' lang='lat' dir='ltr'><strong>inten-</strong></span> 
     </span>
    </p>
   </div>
   <div class='ocr_carea' id='block_1_117' title="bbox 1941 5559 3530 5625">
    <p class='ocr_par' dir='ltr' id='par_1_117' title="bbox 1941 5559 3530 5625">
     <span class='ocr_line' id='line_1_117' title="bbox 1941 5559 3530 5625; baseline -0.009 -5"><span class='ocrx_word' id='word_1_930' title='bbox 1941 5567 2068 5620; x_wconf 85' lang='lat' dir='ltr'><strong>tione</strong></span> <span class='ocrx_word' id='word_1_931' title='bbox 2089 5581 2182 5618; x_wconf 86' lang='lat' dir='ltr'><strong>non</strong></span> <span class='ocrx_word' id='word_1_932' title='bbox 2205 5565 2474 5620; x_wconf 82' lang='lat' dir='ltr'><strong>intermissa</strong></span> <span class='ocrx_word' id='word_1_933' title='bbox 2505 5567 2622 5617; x_wconf 78' lang='lat' dir='ltr'><strong>uelle</strong></span> <span class='ocrx_word' id='word_1_934' title='bbox 2650 5565 2910 5624; x_wconf 83' lang='lat' dir='ltr'><strong>debemus;</strong></span> <span class='ocrx_word' id='word_1_935' title='bbox 2932 5559 3245 5625; x_wconf 62' lang='lat' dir='ltr'><strong>qumtamen</strong></span> <span class='ocrx_word' id='word_1_936' title='bbox 3287 5567 3446 5608; x_wconf 77' lang='lat' dir='ltr'><strong>exstat</strong></span> <span class='ocrx_word' id='word_1_937' title='bbox 3483 5559 3530 5625; x_wconf 83' lang='lat' dir='ltr'><strong>in</strong></span> 
     </span>
    </p>
   </div>
   <div class='ocr_carea' id='block_1_118' title="bbox 1945 5623 3534 5691">
    <p class='ocr_par' dir='ltr' id='par_1_118' title="bbox 1945 5623 3534 5691">
     <span class='ocr_line' id='line_1_118' title="bbox 1945 5623 3534 5691; baseline -0.008 -9"><span class='ocrx_word' id='word_1_938' title='bbox 1945 5631 2168 5681; x_wconf 85' lang='lat' dir='ltr'><strong>omnibus</strong></span> <span class='ocrx_word' id='word_1_939' title='bbox 2193 5631 2344 5682; x_wconf 83' lang='lat' dir='ltr'><strong>libris.</strong></span> <span class='ocrx_word' id='word_1_940' title='bbox 2381 5630 2512 5691; x_wconf 73' lang='lat' dir='ltr'><strong>Apud</strong></span> <span class='ocrx_word' id='word_1_941' title='bbox 2545 5639 2646 5676; x_wconf 81' lang='lat' dir='ltr'><strong>Am.</strong></span> <span class='ocrx_word' id='word_1_942' title='bbox 2683 5635 2757 5691; x_wconf 78' lang='lat' dir='ltr'><strong>Er.</strong></span> <span class='ocrx_word' id='word_1_943' title='bbox 2783 5635 2835 5676; x_wconf 87' lang='lat' dir='ltr'><strong>et</strong></span> <span class='ocrx_word' id='word_1_944' title='bbox 2857 5623 2962 5675; x_wconf 79' lang='lat' dir='ltr'><strong>tres</strong></span> <span class='ocrx_word' id='word_1_945' title='bbox 2983 5623 3242 5691; x_wconf 66' lang='lat' dir='ltr'><strong>Gallicanos</strong></span> <span class='ocrx_word' id='word_1_946' title='bbox 3275 5623 3534 5691; x_wconf 35' lang='lat' dir='ltr'><strong>tna&#39;nu&#39;scri-</strong></span> 
     </span>
    </p>
   </div>
   <div class='ocr_carea' id='block_1_119' title="bbox 1946 5681 3527 5767">
    <p class='ocr_par' dir='ltr' id='par_1_119' title="bbox 1946 5681 3527 5767">
     <span class='ocr_line' id='line_1_119' title="bbox 1946 5681 3527 5767; baseline -0.006 -27"><span class='ocrx_word' id='word_1_947' title='bbox 1946 5701 2054 5767; x_wconf 77' lang='lat' dir='ltr'><strong>ptos</strong></span> <span class='ocrx_word' id='word_1_948' title='bbox 2093 5701 2304 5767; x_wconf 51' lang='lat' dir='ltr'><strong>iussurum</strong></span> <span class='ocrx_word' id='word_1_949' title='bbox 2335 5681 2644 5762; x_wconf 17' lang='lat' dir='ltr'><strong>ipraelereliat</strong></span> <span class='ocrx_word' id='word_1_950' title='bbox 2679 5687 2924 5758; x_wconf 71' lang='lat' dir='ltr'><strong>glossema</strong></span> <span class='ocrx_word' id='word_1_951' title='bbox 2961 5689 3170 5767; x_wconf 52' lang='lat' dir='ltr'><strong>sic,rttcc</strong></span> <span class='ocrx_word' id='word_1_952' title='bbox 3191 5683 3384 5767; x_wconf 58' lang='lat' dir='ltr'><strong>intende</strong></span> <span class='ocrx_word' id='word_1_953' title='bbox 3409 5681 3527 5744; x_wconf 86' lang='lat' dir='ltr'><strong>(vel.</strong></span> 
     </span>
    </p>
   </div>
   <div class='ocr_carea' id='block_1_120' title="bbox 1901 5745 3534 5826">
    <p class='ocr_par' dir='ltr' id='par_1_120' title="bbox 1901 5745 3534 5826">
     <span class='ocr_line' id='line_1_120' title="bbox 1901 5745 3534 5826; baseline -0.01 -16"><span class='ocrx_word' id='word_1_954' title='bbox 1901 5805 1906 5810; x_wconf 88' lang='lat'><strong>.</strong></span> <span class='ocrx_word' id='word_1_955' title='bbox 1943 5745 2210 5826; x_wconf 68' lang='lat' dir='ltr'><strong>intendere)</strong></span> <span class='ocrx_word' id='word_1_956' title='bbox 2241 5745 2629 5826; x_wconf 62' lang='lat' dir='ltr'><strong>concupiscentiis</strong></span> <span class='ocrx_word' id='word_1_957' title='bbox 2662 5745 2934 5826; x_wconf 52' lang='lat' dir='ltr'><strong>(tinnis-pan</strong></span> <span class='ocrx_word' id='word_1_958' title='bbox 2957 5745 3280 5826; x_wconf 65' lang='lat' dir='ltr'><strong>perﬁciendis,</strong></span> <span class='ocrx_word' id='word_1_959' title='bbox 3295 5753 3342 5815; x_wconf 65' lang='lat' dir='ltr'><strong>et</strong></span> <span class='ocrx_word' id='word_1_960' title='bbox 3365 5745 3534 5826; x_wconf 63' lang='lat' dir='ltr'><strong>bonurn</strong></span> 
     </span>
    </p>
   </div>
   <div class='ocr_carea' id='block_1_121' title="bbox 1945 5807 3535 5933">
    <p class='ocr_par' dir='ltr' id='par_1_121' title="bbox 1945 5807 3535 5933">
     <span class='ocr_line' id='line_1_121' title="bbox 1945 5807 3535 5933; baseline -0.006 -64"><span class='ocrx_word' id='word_1_961' title='bbox 1945 5817 2178 5933; x_wconf 44' lang='lat' dir='ltr'><strong>pitag/icere</strong></span> <span class='ocrx_word' id='word_1_962' title='bbox 2195 5807 2312 5868; x_wconf 66' lang='lat' dir='ltr'><strong>&#39;non</strong></span> <span class='ocrx_word' id='word_1_963' title='bbox 2331 5807 2516 5868; x_wconf 68' lang='lat' dir='ltr'><strong>inuenio</strong></span> <span class='ocrx_word' id='word_1_964' title='bbox 2543 5827 2560 5864; x_wconf 88' lang='lat'><strong><em>:</em></strong></span> <span class='ocrx_word' id='word_1_965' title='bbox 2585 5813 2672 5863; x_wconf 90' lang='lat' dir='ltr'><strong>hoc</strong></span> <span class='ocrx_word' id='word_1_966' title='bbox 2693 5807 2964 5862; x_wconf 60' lang='lat' dir='ltr'><strong>intentione&quot;</strong></span> <span class='ocrx_word' id='word_1_967' title='bbox 2983 5807 3078 5861; x_wconf 82' lang='lat' dir='ltr'><strong>non</strong></span> <span class='ocrx_word' id='word_1_968' title='bbox 3114 5807 3384 5860; x_wconf 81' lang='lat' dir='ltr'><strong>intermissa</strong></span> <span class='ocrx_word' id='word_1_969' title='bbox 3417 5807 3535 5860; x_wconf 81' lang='lat' dir='ltr'><strong>velle</strong></span> 
     </span>
     <span class='ocr_line' id='line_1_122' title="bbox 1984 5895 2186 5932; baseline 0 -1"><span class='ocrx_word' id='word_1_970' title='bbox 1984 5896 2008 5931; x_wconf 87' lang='lat' dir='ltr'><strong>c</strong></span> <span class='ocrx_word' id='word_1_971' title='bbox 2037 5895 2186 5932; x_wconf 82' lang='lat' dir='ltr'><strong>emus.</strong></span> 
     </span>
    </p>
   </div>
   <div class='ocr_carea' id='block_1_122' title="bbox 1984 5895 2186 5932">
    <p class='ocr_par' dir='ltr' id='par_1_122' title="bbox 1984 5895 2186 5932">
     <span class='ocr_line' id='line_1_123' title="bbox 1984 5895 2186 5932; baseline 0 -1"><span class='ocrx_word' id='word_1_972' title='bbox 1984 5895 2168 5932; x_wconf 84' lang='lat' dir='ltr'><strong>cvemns</strong></span> <span class='ocrx_word' id='word_1_973' title='bbox 2175 5919 2186 5931; x_wconf 87' lang='lat'><strong>.</strong></span> 
     </span>
    </p>
   </div>
  </div>
