4038 6484
525 413 630 472 735

521 528 817 600 iulligeret;
851 528 991 586 unde
1017 543 1187 601 genus
1229 528 1528 585 humanum
1552 570 1567 597 ,
1610 527 1772 584 etiam
1813 525 1867 578 in
1909 521 1993 577 his
2021 520 2112 592 qui

522 623 660 678 viam
689 623 780 678 Dei
806 623 1095 687 ambulant,
1124 622 1467 678 claudicaret.

593 715 681 772 64.
719 716 786 771 Et
820 724 996 771 tamen
1031 731 1314 772 succenses
1353 715 1525 780 mihi,
1567 714 1690 784 quia
1727 711 1877 779 dixi,
1925 728 1944 762 ι
1984 709 2111 764 llaec

521 811 663 865 enim
688 827 806 881 qua:
832 811 899 866 ab
931 811 1327 881 impudentibus
1353 810 1690 880 impudenter
1715 807 1977 872 laudatur,
2009 821 2111 876 pu-

521 900 697 956 denda
728 903 1158 972 concupiscentia
1190 923 1209 956 ›
1245 901 1346 974 (De
1381 901 1550 984 Nupt.
1587 911 1632 954 et
1660 898 2018 970 Concup.,lib.
2051 899 2105 963 1,

523 1011 576 1048 n.
607 995 660 1066 l)
695 1013 710 1050 :
771 1006 826 1052 et
871 997 1035 1052 iratus
1058 997 1418 1070 impudentius
1443 996 1606 1050 multa
1628 994 1782 1061 dicis,
1809 1007 1904 1049 vos
1944 990 2108 1048 extol-

521 1087 657 1154 lens,
693 1107 712 1140 ‹
754 1097 1000 1160 tanquam
1031 1091 1046 1135 δ
1075 1089 1368 1159 Scripturis
1395 1087 1593 1143 sanctis
1616 1095 1669 1141 et
1695 1084 1891 1140 rationi
1917 1083 2108 1140 certis-

517 1185 668 1237 simae
704 1191 1090 1252 congruentes,
1134 1198 1200 1238 eo
1225 1184 1499 1254 proposito
1537 1195 1643 1236 non
1683 1193 1802 1234 esse
1832 1179 1883 1232 in
1915 1186 2105 1232 natura

520 1273 716 1327 malum
745 1273 1064 1339 defendatis,
1095 1282 1151 1326 ut
1175 1273 1241 1327 ad
1267 1274 1522 1327 virtutum
1548 1271 1719 1326 studia
1748 1269 1991 1325 homines
2018 1268 2104 1322 in-

519 1366 725 1430 citetis;
759 1365 1084 1420 inculcantes
1128 1365 1330 1419 nullum
1361 1365 1572 1419 culmen
1610 1364 1681 1418 ita
1720 1362 1942 1418 arduum
1982 1375 2104 1416 esse

518 1458 750 1522 virtutis,
781 1467 836 1512 ut
866 1473 970 1512 non
1000 1458 1067 1513 ad
1104 1458 1232 1512 illud
1270 1458 1556 1527 adiuvante
1604 1458 1712 1512 Deo
1747 1472 1900 1513 mens
1941 1464 2103 1528 queat

521 1551 693 1605 ﬁdelis
731 1551 992 1618 evadere;
1045 1562 1204 1622 atque
1243 1551 1311 1606 ob
1351 1550 1454 1607 hoc
1495 1551 1685 1606 dicatis
1733 1567 1840 1606 non
1885 1567 2004 1606 esse
2045 1553 2101 1607 in

517 1659 678 1699 carne
716 1644 841 1698 mali
873 1646 1244 1700 necessitatem
1269 1687 1285 1712 ,
1329 1655 1385 1700 ut
1425 1647 1706 1702 erubescat
1741 1648 2103 1718 unusquisque

517 1734 854 1790 laudabiliter
879 1736 1146 1802 conditus,
1175 1737 1488 1793 deformiter
1515 1739 1712 1806 vivere,
1741 1754 1803 1794 ac
1827 1740 1905 1795 sic
1931 1741 2104 1810 pudor

517 1827 658 1896 turpi
688 1836 932 1882 occurrat
959 1827 1184 1898 ignaviae
1220 1829 1288 1884 de
1313 1831 1778 1887 commendatione
1809 1833 2102 1890 nobilitatis

515 1921 763 1990 ingenita:
790 1939 802 1975 :
843 1940 863 1975 ι
894 1930 947 1976 et
973 1932 1164 1978 caetera
1196 1923 1521 2015 huqumodi,
1548 1942 1666 1996 quae
1693 1928 1821 1982 satis
1847 1927 2103 1999 eloquen-

517 2020 598 2066 ter
628 2012 679 2066 in
710 2019 883 2067 vestra
911 2012 1288 2082 praedicatione
1303 2012 1548 2083 'jactasti,
1584 2032 1681 2072 nos
1710 2027 1896 2072 contra
1926 2018 2103 2089 depri-

518 2121 690 2168 mens.
718 2115 774 2161 et
801 2106 1016 2172 dicens,
1053 2125 1073 2158 ι
1108 2107 1249 2177 quod
1279 2107 1496 2163 dubimn
1529 2125 1633 2164 non
1664 2112 1733 2165 sit
1764 2112 2100 2169 eversionem

514 2197 812 2253 sanctitatis
832 2239 848 2263 ,
878 2199 1384 2255 contaminationem
1428 2201 1696 2270 pudicitia:
1719 2243 1736 2270 ,
1769 2219 1978 2260 morum
2017 2205 2100 2263 la.-

512 2290 634 2346 bem
666 2291 865 2346 nostris
894 2292 1202 2357 convenire,
1235 2294 1343 2350 imo
1373 2297 1549 2351 inesse
1587 2295 1925 2368 dogmatibus
1952 2317 1966 2353 :
1996 2315 2099 2354 ne-

510 2398 616 2453 que
641 2382 693 2437 id
719 2397 840 2438 esse
867 2399 951 2440 me
980 2395 1293 2456 negaturum
1313 2427 1329 2451 .
1360 2387 1450 2458 qui
1494 2387 1613 2444 ideo
1632 2430 1648 2456 ,
1698 2407 1717 2441 ι
1752 2390 1890 2445 sicut
1919 2390 2055 2447 dicis
2077 2435 2096 2461 ,
2161 2435 2182 2444 -

517 2490 535 2524 ι
571 2473 621 2527 in
651 2482 853 2530 naturae
880 2475 1131 2531 invidiam
1163 2477 1317 2532 mala:
1345 2481 1765 2536 conversationis
1793 2481 1981 2538 sordes
2005 2498 2097 2540 re-

511 2563 698 2632 fundo,
745 2577 803 2622 ut
843 2571 1188 2638 peccantibus
1218 2582 1420 2627 metum
1447 2572 1698 2641 demam;
1738 2591 1966 2646 quorum
1996 2577 2097 2633 ob-

509 2658 796 2714 scenitates
819 2701 833 2723 ,
867 2661 1240 2730 Apostolorum
1269 2670 1325 2718 et
1359 2676 1666 2721 sanctorum
1694 2669 1930 2722 omnium
1971 2685 2101 2726 con-

508 2751 654 2804 solor
683 2751 910 2820 injuriis,
941 2768 1007 2807 eo
1028 2755 1166 2823 quod
1194 2770 1288 2810 vas
1309 2771 1528 2812 aureum
1555 2759 1852 2828 apostolum
1876 2761 2098 2818 Paulum

510 2857 656 2911 sarpc
696 2843 895 2900 dixisse
923 2860 1339 2903 commemorem
1358 2889 1375 2915 ,
1409 2848 1528 2903 Non
1557 2851 1688 2904 enim
1716 2852 1852 2922 quod
1879 2855 1990 2908 volo
2018 2854 2097 2909 bo-

510 2953 652 3002 num,
672 2937 766 2990 hoc
781 2955 878 3010 ago
897 2956 915 3002 ,'
940 2939 1172 3010 sedquod
1188 2941 1274 2995 odi
1290 2944 1502 3010 malum,
1533 2943 1666 2998 illud
1698 2946 1829 3004 facio
1862 2965 1881 3000 ι
1913 2945 2090 3018 (Rom.

510 3043 584 3083 vn
607 3070 623 3095 ,
655 3030 747 3100 l5)
782 3048 794 3084 :
827 3039 882 3084 et
906 3039 1100 3086 caetera
1127 3032 1453 3103 huiusmodi.

583 3119 670 3175 65.
703 3119 1084 3178 Verumtamen
1111 3139 1204 3179 vos
1231 3125 1474 3193 laudans,
1506 3141 1604 3183 nos
1631 3143 1880 3200 arguens,
1906 3130 2099 3187 adver-

509 3224 602 3265 sus
628 3213 1074 3282 concupiscentia:
1098 3217 1294 3272 malum
1325 3234 1547 3290 pugnas,
1570 3229 1626 3276 et
1652 3223 1934 3294 pugnando
1961 3239 2094 3280 con-

509 3303 679 3358 literis
700 3305 842 3375 quod
884 3308 1151 3378 loquendo
1188 3325 1370 3382 negas.
1413 3315 1590 3385 Atque
1628 3316 1700 3371 ita
1725 3316 1806 3371 vis
1833 3317 2001 3374 videri
2042 3327 2095 3376 te

506 3396 717 3452 culmen
758 3400 1063 3458 ascendisse
1089 3403 1303 3460 virtutis
1326 3447 1340 3472 ,
1372 3414 1432 3461 ut
1466 3407 1520 3462 in
1552 3408 1668 3479 ipso
1692 3411 1945 3478 culmine,
1986 3429 2095 3485 quo

505 3497 560 3544 te
583 3490 857 3547 existimas
881 3493 1136 3561 evasisse,
1174 3511 1295 3551 cum
1325 3504 1681 3571 persequente
1708 3505 2092 3574 concupiscen-

505 3580 576 3635 tia
601 3622 617 3647 ,
652 3590 900 3653 tanquam
929 3585 982 3640 in
1017 3602 1139 3643 arce
1165 3589 1420 3661 conﬂigas
1443 3633 1459 3659 ,
1501 3601 1555 3648 et
1594 3598 1982 3664 quantumlibet
2024 3615 2090 3654 ex

504 3670 626 3727 loco
652 3675 960 3744 superiore,
1008 3686 1182 3734 tamen
1222 3695 1343 3735 cum
1384 3681 1538 3739 hoste
1579 3682 1794 3742 interno
1834 3687 2092 3745 dimicare

505 3776 613 3816 non
641 3761 872 3819 desinas.
901 3765 1010 3823 Nec
1035 3769 1308 3827 erubescis
1332 3776 1816 3846 concupiscentiam
1838 3820 1853 3846 ,
1881 3794 2000 3848 qum
2039 3788 2092 3836 te

503 3855 733 3925 amplius
772 3858 960 3926 perdet
1001 3860 1117 3916 sine
1159 3862 1491 3922 dubitatione
1519 3867 1564 3922 si
1605 3869 1833 3937 vicerit,
1871 3869 2092 3928 laudare

502 3947 762 4004 adversus
786 3965 907 4005 eum
933 3993 950 4017 ,
981 3954 1070 4024 qui
1099 3963 1149 4010 te
1175 3957 1440 4026 perditum
1471 3960 1630 4015 etiam
1657 3976 1776 4016 cum
1807 3963 1975 4017 vincit
2010 3965 2092 4019 in-

448 4089 451 4091 _
503 4038 710 4108 quirit:
753 4043 984 4098 maxime
1010 4045 1131 4115 quia
1173 4046 1227 4103 in
1265 4048 1372 4104 ﬁne
1397 4050 1635 4120 ejusdem
1663 4052 1782 4109 libri
1821 4054 1894 4110 tui
1921 4054 2086 4124 dicis,

509 4144 529 4179 ι
566 4128 708 4198 quod
735 4145 843 4185 non
871 4133 942 4188 sit
968 4134 1072 4189 alia
1101 4137 1204 4192 mei
1231 4153 1421 4194 sensus
1447 4141 1688 4209 intentio,
1722 4160 1881 4216 quam
1909 4147 1977 4202 ad
2006 4148 2091 4204 in-

501 4218 778 4276 ferendum
818 4223 1100 4281 virtutibus
1126 4227 1325 4284 bellum
1368 4231 1422 4286 in
1466 4233 1713 4290 vitiorum
1752 4251 2087 4296 sacramenta

495 4308 700 4380 jurare,
729 4322 784 4369 et
811 4315 876 4371 ad
906 4318 1172 4374 excidium
1199 4322 1427 4379 civitatis
1460 4325 1573 4392 Dei,
1605 4330 1749 4384 omni
1770 4339 1911 4399 astu,
1940 4335 2086 4389 omni

501 4401 682 4460 furore
720 4409 920 4464 eonniti
946 4451 963 4478 ,
1008 4411 1366 4484 adipiscendae
1411 4420 1672 4477 castitatis
1713 4423 2086 4495 desperatione

499 4507 857 4566 repugnantes
885 4503 1192 4571 turpitudini
1224 4508 1501 4575 territare,
1546 4514 1761 4568 mentiri
1787 4531 1873 4572 me
1915 4527 2086 4576 tantas

502 4585 749 4642 obscenae
779 4588 1012 4646 libidinis
1039 4594 1215 4663 vires,
1245 4605 1302 4652 ut
1329 4614 1448 4654 eam
1487 4603 1624 4658 ratio
1658 4620 1846 4677 regere
1881 4624 1944 4664 ac
1977 4610 2086 4668 fre-

497 4690 626 4730 nare
652 4693 757 4733 non
784 4682 974 4752 possit,
1001 4685 1087 4740 cui
1123 4701 1223 4742 nec
1250 4689 1624 4759 Apostolorum
1649 4695 1788 4768 legio
1816 4715 2082 4774 repugna-

496 4768 652 4822 verit.
695 4789 715 4822 ι
750 4769 876 4827 Haec
903 4771 972 4830 de
996 4790 1082 4832 me
1111 4794 1326 4848 prorsus
1354 4782 1468 4854 ipse
1494 4788 1754 4844 mentiris.
1797 4768 1908 4864 Ego
1939 4768 2082 4853 enim

496 4872 601 4914 non
647 4860 818 4917 infero
854 4863 1138 4925 virtutibus
1180 4870 1410 4941 bellum;
1458 4877 1554 4932 sed
1597 4879 1775 4950 vitiis,
1825 4860 2080 4955 quantum

495 4949 740 5021 adjuvor,
771 4954 962 5025 infero,
1002 4969 1056 5015 et
1079 4961 1413 5022 inferendum
1446 4983 1564 5026 esse
1594 4949 1886 5042 proclamo.
1927 4979 2080 5047 Quod

492 5042 537 5097 si
578 5046 894 5144 et‘tu-l'acis,
928 5051 1052 5144 quid
1081 5063 1166 5110 est
1189 5059 1330 5128 quod
1371 5060 1579 5130 laudas,
1610 5080 1730 5122 cum
1757 5042 2078 5144 quibus'pu-

489 5139 663 5208 gnas?
697 5140 975 5211 Quomodo
1001 5147 1195 5206 virtute
1235 5151 1420 5212 hostes
1447 5155 1722 5218 debellare
1746 5139 1798 5219 te
1824 5139 2040 5222 credam
2056 5209 2074 5238 ,

552 5315 572 5348 ⁸
603 5317 688 5369 llic
707 5323 1028 5376 lovanienses
1047 5325 1355 5397 addiderunt,
1378 5334 1479 5397 qui.

1328 405 1600 468 CONTRA
1637 401 1976 466 JULIANUM
2013 396 2479 476 PELAGIANUM,
2516 405 2575 464 S.
2615 406 2982 469 AUGUSTINI

3693 415 3811 477 736

2219 533 2355 589 quos
2377 521 2542 578 verbo
2569 522 2803 581 lacerare
2827 541 2937 582 non
2956 525 3123 585 audes
3136 528 3161 584 τ
3173 527 3230 587 Si
3248 529 3404 589 ambo
3418 532 3800 604 concupiscen-

2219 615 2344 669 tiam
2368 615 2715 686 debellamus,
2737 635 2902 690 quare
2919 636 3022 676 non
3036 623 3195 678 ambo
3209 624 3608 696 vituperamus?
3626 627 3802 702 Quam

2216 716 2270 764 te
2283 707 2454 779 jactas
2473 725 2776 781 expugnare
2794 713 3139 782 continentia,
3153 730 3321 786 quare
3347 733 3452 772 non
3473 719 3554 773 vis
3574 713 3804 775 damna-

2216 817 2275 857 re
2315 804 2613 859 sententia?
2647 807 2856 862 Mentiri
2891 823 2978 863 me
3001 807 3135 864 dicis
3163 819 3336 866 tantas
3367 811 3604 867 libidinis
3631 813 3804 880 vires,

2216 902 2271 949 ut
2301 909 2417 950 eam
2449 898 2586 952 ratio
2627 914 2813 969 regere
2849 914 2910 954 ac
2938 899 3149 957 frenare
3179 918 3284 957 non
3315 905 3502 974 possit.
3533 903 3674 961 Ecce
3701 920 3807 977 ego

2214 1001 2319 1041 non
2348 986 2469 1044 dico
2498 996 2672 1045 tantas
2697 989 2931 1046 libidinis
2955 993 3120 1062 vires,
3148 1002 3210 1049 ut
3231 994 3461 1050 humana
3491 997 3630 1052 ratio
3659 997 3806 1052 divi-

2213 1077 2357 1134 nitus
2396 1095 2620 1137 accensa
2662 1091 2716 1138 et
2757 1083 2940 1155 adjuta
2968 1100 3088 1141 eam
3131 1102 3318 1158 regere
3353 1103 3417 1144 ac
3446 1087 3661 1146 frenare
3689 1107 3803 1148 non

2211 1171 2380 1239 possit
2409 1189 2422 1226 :
2450 1173 2543 1228 sed
2574 1183 2629 1228 tu
2661 1191 2824 1245 quare
2850 1192 3014 1249 negas
3042 1179 3240 1235 malum
3270 1194 3411 1249 esse,
3443 1181 3587 1252 quod
3615 1183 3661 1237 si
3690 1199 3804 1239 non

2208 1261 2451 1320 l‘renetur
2479 1268 2712 1324 occidit?
2753 1271 2893 1326 Ecce
2920 1286 3020 1342 ego
3056 1287 3188 1328 voce
3223 1289 3328 1344 qua
3357 1290 3575 1345 possum
3597 1317 3612 1342 ,
3653 1277 3802 1348 quod

2209 1373 2296 1414 me
2325 1375 2520 1431 negare
2545 1362 2741 1417 asseris
2765 1363 2940 1419 clamo
2958 1407 2974 1432 ,
3004 1365 3383 1436 Apostolorum
3410 1367 3675 1440 legionem
3706 1385 3801 1425 re-

2210 1467 2474 1522 pugnasse
2517 1454 2758 1520 libidini,
2803 1457 2986 1528 utique
3028 1460 3345 1529 repugnanti
3375 1461 3394 1492 ¹
3428 1477 3442 1514 :
3477 1471 3534 1515 tu
3573 1463 3663 1533 qui
3697 1477 3800 1518 nos

2209 1540 2405 1600 fecisse
2433 1546 2705 1616 Apostolis
2733 1548 3073 1606 calumniaris
3098 1559 3154 1607 et
3171 1552 3316 1608 velut
3336 1553 3628 1625 indignaris
3652 1556 3799 1626 inju-

2207 1635 2365 1702 riam,
2389 1652 2485 1692 cur
2505 1647 2559 1693 et
2582 1639 2794 1696 illorum
2823 1650 2877 1697 et
2906 1652 3050 1698 tuam
3073 1659 3303 1702 exornas
3333 1646 3582 1704 laudibus
3610 1648 3796 1704 inimi-

2209 1740 2324 1782 cam
2345 1728 2369 1782 ?
2394 1728 2522 1794 Quis
2549 1745 2668 1785 eam
2699 1731 2986 1802 defendat,
3017 1735 3102 1790 cui
3129 1735 3270 1806 legio
3293 1739 3613 1810 repugnavit
3647 1741 3798 1812 Apo-

2206 1818 2486 1887 stolorum,
2520 1821 2620 1877 nisi
2649 1821 2817 1878 hostis
2842 1824 3262 1894 Apostolorum?

2277 1911 2367 1966 66.
2400 1911 2547 1968 ltane
2573 1912 2774 1972 habere
2806 1926 2980 1972 tecum
3016 1917 3182 1975 libido
3210 1928 3265 1976 et
3285 1921 3574 1979 amicitiam
3610 1939 3789 1982 mere—

2206 2011 2294 2058 tur
2318 2014 2372 2060 et
2398 2004 2619 2074 bellum,
2648 2018 2705 2062 ut
2734 2008 2830 2064 abs
2858 2019 2909 2064 te
2931 2021 3260 2082 expugnetur
3280 2013 3331 2067 in
3359 2022 3432 2079 te,
3463 2025 3517 2070 et
3537 2015 3797 2072 defenda-

2209 2106 2294 2153 tur
2321 2097 2578 2155 advcrsus
2607 2101 2728 2156 me?
2758 2101 2963 2158 Bellum
2990 2114 3229 2160 vestrum
3259 2105 3408 2174 latet,
3435 2107 3667 2163 amicitia
3701 2125 3797 2179 pa-

2205 2198 2281 2245 tet
2312 2208 2325 2244 :
2359 2206 2422 2245 ex
2451 2191 2552 2247 hoc
2581 2193 2724 2263 quod
2771 2203 2916 2265 patet
2937 2237 2951 2261 ,
2994 2206 3302 2266 suspectum
3334 2196 3466 2253 facis
3495 2213 3616 2254 esse
3641 2200 3794 2271 quod

2206 2280 2355 2337 latet.
2385 2281 2525 2350 Quid
2562 2287 2704 2340 enim
2745 2285 2825 2342 vis
2854 2286 3134 2344 credamus
3173 2288 3241 2344 de
3269 2289 3410 2345 bello
3439 2290 3578 2361 quod
3605 2292 3799 2362 geritis

2205 2372 2257 2428 in
2298 2386 2525 2445 operto,
2571 2393 2796 2448 quorum
2835 2379 3123 2436 amicitiam
3161 2382 3433 2439 cernimus
3470 2384 3522 2438 in
3561 2385 3799 2456 aperto?

2203 2468 2482 2535 Quomodo
2508 2470 2589 2526 vis
2629 2480 2687 2526 ut
2714 2473 3036 2529 arbitremur
3070 2474 3329 2530 adversus
3356 2477 3594 2534 aculeum
3624 2488 3678 2534 te
3705 2477 3798 2535 di-

2204 2560 2405 2617 micare
2432 2561 2689 2630 libidinis,
2716 2578 2838 2618 cum
2865 2565 3034 2622 libros
3065 2567 3288 2639 impleas
3326 2568 3482 2625 laude
3511 2570 3796 2626 libidinis?

2210 2650 2402 2706 Verum
2428 2668 2555 2710 ecce
2585 2655 2738 2711 vinco
2767 2657 3123 2728 suspicionem
3153 2675 3328 2716 meam
3364 2679 3379 2718 :
3410 2677 3716 2734 expugnare
3743 2672 3796 2721 te

2204 2743 2368 2799 credo
2396 2746 2538 2814 quod
2567 2746 2780 2815 laudas;
2813 2749 2908 2805 sed
2938 2750 3156 2808 laudare
3187 2761 3239 2807 te
3266 2753 3423 2809 doleo
3449 2755 3592 2824 quod
3619 2772 3793 2826 expu-

2202 2850 2352 2906 gnas.
2385 2837 2464 2892 Ex
2490 2838 2592 2894 isto
2621 2839 2780 2910 igitur
2802 2850 2856 2896 et
2884 2856 3004 2896 cum
3028 2842 3130 2897 isto
3155 2845 3315 2912 malo,
3344 2846 3485 2915 quod
3511 2861 3541 2900 a
3573 2855 3624 2902 te
3652 2862 3790 2918 quo-

2202 2942 2306 2996 que
2333 2928 2601 2984 credimus
2625 2933 2938 3002 expugnari,
2972 2933 3134 2990 homo
3160 2947 3465 3006 generatur,
3500 2954 3658 3008 quem
3700 2955 3796 2996 ne-

2142 3054 2144 3056 τ
2200 3033 2296 3091 gas
2325 3023 2730 3092 regeneratione
2756 3024 2973 3080 salvari.
3012 3025 3124 3081 Isto
3160 3028 3302 3084 enim
3338 3030 3608 3101 conjugati
3651 3031 3794 3088 bene

2199 3120 2456 3182 utuntur,
2486 3130 2591 3186 quo
2618 3117 2953 3174 continentes
2997 3121 3186 3176 melius
3217 3136 3322 3176 non
3351 3130 3591 3179 utuntur.
3625 3124 3795 3181 Porro

2148 3235 2156 3243 -
2200 3204 2246 3259 si
2279 3206 2475 3262 malum
2505 3217 2588 3262 est
2606 3249 2622 3274 ,
2653 3223 2759 3279 quo
2783 3225 2911 3265 caro
2934 3211 2956 3243 ²
2981 3213 3313 3283 concupiscit
3338 3214 3599 3271 adversus
3625 3217 3793 3286 spiri-

2202 3310 2336 3367 tum,
2358 3303 2443 3358 cui
2477 3302 2621 3356 malo
2643 3343 2658 3368 ,
2688 3305 2826 3359 sicut
2860 3303 3080 3374 fateris,
3114 3308 3494 3377 Apostolorum
3524 3309 3664 3380 legio
3703 3327 3793 3367 re-

2200 3393 2486 3464 pugnavit;
2520 3393 2622 3449 hoc
2660 3404 2872 3452 utentes
2898 3398 3167 3470 conjugati
3192 3440 3206 3464 ,
3248 3401 3435 3470 procul
3471 3401 3637 3458 dubio
3681 3419 3794 3459 non

2199 3487 2342 3541 bono
2367 3484 2504 3542 bene
2529 3495 2781 3554 utuntur,
2816 3489 2910 3544 sed
2935 3491 3099 3547 malo.
3137 3491 3216 3547 Ex
3243 3491 3346 3549 hoc
3375 3493 3536 3564 igitur
3574 3504 3630 3550 et
3665 3511 3794 3552 cum

2200 3575 2302 3632 hoc
2337 3577 2430 3633 lilii
2467 3581 2705 3650 generati
2744 3581 3095 3652 regenerandi
3132 3594 3258 3639 sunt
3281 3627 3297 3653 ,
3341 3593 3399 3640 ut
3423 3585 3725 3644 liberentur
3761 3603 3794 3644 a

2198 3670 2362 3725 malo.
2392 3670 2504 3727 Hoc
2531 3673 2674 3728 enim
2707 3674 2948 3745 originali
2976 3676 3119 3731 malo
3159 3678 3320 3732 etiam
3366 3689 3620 3750 parentes
3663 3682 3794 3738 illo-

2197 3777 2315 3816 rum
2345 3763 2423 3818 rei
2453 3764 2560 3819 nati
2586 3773 2730 3832 sunt,
2770 3765 2871 3821 etsi
2898 3765 2966 3822 ab
2995 3766 3098 3822 hoc
3122 3777 3272 3824 reatu
3300 3771 3634 3827 renascendo
3663 3782 3795 3829 sunt

2199 3853 2428 3909 liberati.
2453 3856 2589 3924 Quid
2617 3867 2796 3914 autem
2822 3859 3084 3916 vellemus
3113 3871 3168 3916 ut
3189 3863 3488 3933 gignerent,
3513 3880 3624 3922 non
3648 3868 3794 3925 unde

2196 3947 2388 4014 renati,
2435 3947 2530 4003 sed
2573 3949 2713 4005 unde
2757 3952 2864 4006 nati
2906 3962 3064 4021 sunt,
3107 3954 3209 4009 nisi
3251 3956 3393 4026 quod
3433 3968 3485 4013 et
3527 3959 3631 4029 ipsi
3678 3962 3794 4016 nati

2196 4040 2355 4094 sunt?
2381 4040 2524 4097 Reos
2548 4055 2677 4114 ergo
2707 4060 2720 4097 :
2751 4045 2874 4114 quia
2901 4054 2956 4100 et
2978 4046 3078 4117 ipsi
3106 4048 3184 4102 rei
3214 4050 3322 4104 nati
3350 4060 3494 4116 sunt,
3536 4061 3592 4107 et
3619 4069 3790 4124 gene-

2195 4141 2376 4188 rantes
2399 4133 2524 4190 inde
2548 4135 2688 4191 unde
2711 4137 2816 4192 nati
2839 4146 2982 4205 sunt,
3004 4152 3111 4193 non
3141 4144 3282 4194 aliud
3309 4151 3598 4210 potuerunt
3623 4159 3793 4214 gene-

2193 4244 2316 4286 rare
2335 4245 2493 4301 quam
2514 4230 2626 4286 nati
2646 4238 2788 4286 sunt.
2814 4229 2969 4288 Unde
2994 4240 3172 4288 autem
3199 4233 3393 4302 renati,
3424 4234 3547 4292 inde
3571 4250 3602 4290 a
3633 4247 3793 4294 reatu

2193 4337 2314 4377 cum
2345 4337 2452 4393 quo
2490 4325 2600 4377 nati
2638 4331 2764 4378 sunt
2790 4322 3016 4379 liberati.
3044 4325 3123 4380 Ac
3156 4340 3253 4394 per
3291 4326 3391 4382 hoc
3425 4337 3481 4383 et
3520 4328 3599 4384 illi
3643 4345 3791 4402 quos

2192 4429 2316 4470 reos
2345 4413 2556 4472 liberati
2583 4423 2974 4484 generaverunt
2999 4415 3054 4484 ³,
3093 4417 3284 4472 eadem
3325 4427 3449 4473 sunt
3492 4434 3791 4490 regentem-

2194 4506 2335 4562 tione
2362 4506 2640 4562 liberandi.
2673 4507 2750 4561 Ex
2781 4506 2884 4562 hoc
2912 4509 3052 4563 enim
3082 4509 3223 4566 malo
3249 4510 3325 4566 rei
3353 4511 3462 4566 nati
3493 4523 3645 4580 sunt,
3681 4531 3792 4585 quo

2191 4598 2330 4654 bene
2355 4607 2572 4653 utuntur
2592 4599 2784 4665 renati,
2807 4607 2864 4654 ut
2884 4609 3169 4657 nascantur
3187 4603 3556 4674 regenerandi.
3582 4603 3792 4663 Contra

2191 4691 2334 4762 quod
2377 4692 2574 4746 malum
2618 4693 2662 4746 si
2705 4710 2810 4747 non
2847 4709 3068 4765 pugnas,
3106 4696 3462 4766 pugnantibus
3499 4697 3668 4755 crede
3699 4718 3713 4753 :
3745 4700 3792 4755 si

2190 4798 2393 4855 pugnas
2423 4825 2439 4852 ,
2497 4784 2861 4841 adversarium
2920 4785 3208 4854 conﬁtere;
3251 4798 3304 4844 et
3352 4788 3460 4844 noli
3508 4789 3792 4849 laudando

2191 4876 2458 4946 morbum,
2491 4875 2690 4936 habere
2717 4878 2950 4935 amicum
2975 4919 2991 4948 ,
3014 4894 3171 4951 quem
3209 4881 3490 4954 pugnando
3516 4887 3792 4956 experiris

2189 4984 2482 5026 mimicum.

2251 5158 2268 5222 ξ
2304 5157 2436 5220 Apud
2459 5163 2590 5222 Low,
2614 5153 2864 5222 pugnanti,

2248 5221 2270 5251 '
2303 5220 2572 5270 Victorinus
2593 5220 2698 5278 Ms,
2722 5221 2849 5280 quod
2874 5230 3008 5269 caro.

2248 5281 2271 5313 ³
2303 5288 2592 5354 Atn._Er_.”et
2616 5283 2824 5354 Vaticani
2845 5282 2944 5332 duo
2960 5288 3070 5354 uss.
3092 5293 3206 5334 eum
3237 5283 3483 5336 nouacula
3502 5285 3793 5354 Gallicanis,

2183 5355 2301 5405 quos
2321 5351 2458 5397 reatu
2480 5343 2670 5398 liberati
2687 5351 3051 5409 generaverunt.

1670 5594 1823 5673 C‘l"
1857 5596 2045 5695 Ἥ
2330 5600 2485 5695 91⁷ίὲ

1774 5610 2064 5786 ἄξεέ
2431 5700 2471 5711 ν
