4038 6460
222 367 328 426 757

1552 361 1754 420 LIBER
1791 361 2136 433 QUARTUS.

3411 379 3521 440 738

225 494 3499 531 Mm

1216 552 1694 664 LIBER
1743 549 1841 677 ρ
1867 549 2170 658 ΗΑΒ
2187 555 2503 665 TUS.

273 723 416 774 Libro
444 721 616 790 luliani
650 722 867 776 secundo
889 721 1165 790 respondet
1205 721 1516 790 lingustinus,
1545 717 1670 767 dicta
1708 714 2038 790 irt§ilglsgilttjn
2075 717 2216 780 primi
2235 717 2367 790 libri
2394 722 2729 790 confutatione
2760 726 2893 790 fecit,
2917 730 2958 781 si

3062 729 3108 782 la
3130 731 3410 796 excutiens,
3451 734 3514 788 lis

217 793 400 859 tantum
423 788 626 838 silentio
660 777 1016 859 praetermissis,
1050 798 1173 859 qua;
1190 777 1409 859 aliquem
1425 777 1602 859 tioium
1614 777 2432 859 quaisntipplisjdrcmpertinentis
2453 798 2549 835 non
2573 777 2770 859 habent.
2789 777 3506 859 'iiiitfﬂi‘cMIiB'ﬁiéEéqu

217 836 387 920 mbas
411 863 424 897 =
450 836 614 898 ίιιίειίίί
627 836 841 920 quem.
866 836 1082 920 γίμ-ιυίρε·
1095 836 1360 917 meum
1383 836 2205 920 veras_99p:sss952122:ee_yea.
2218 836 3509 920 siuna..esse.sanares'atigmrauaa'aanua;

215 903 476 960 hentiiium
498 903 780 973 sententiis,
808 903 1061 973 prabente
1094 909 1398 958 occasionem
1430 903 1726 973 adversario,
1747 909 2106 973 commonstrat.
2134 905 2264 954 Circa
2301 908 2514 973 medium
2546 908 2654 973 libri

2693 915 2856 992 eaeis.
2875 915 3244 992 .omterjqoces:
3268 921 3512 992 ςμοεηοαο

390 985 490 1022 non
506 960 778 1044 secundum
797 960 974 1044 merita
1003 970 1167 1044 detur,
1189 982 1288 1020 nec
1309 976 1475 1019 tamen
1497 969 1546 1016 in
1570 965 1718 1014 fatum
1742 963 1806 1012 sit
1826 960 2122 1028 referenda;
2163 973 2318 1031 utque
2351 960 3512 1044 intelligendum"quodvxpostolusdic‘ifﬁevu‘iu

217 1031 345 1082 ielle
368 1047 547 1085 omnes
568 1034 792 1084 homines
811 1032 972 1084 salvos
1001 1031 1127 1082 fieri.

1654 1090 2076 1160 mw

281 1217 518 1278 CAPUT
558 1217 843 1276 PRIMUM.
871 1248 944 1260 —
969 1220 1022 1275 1.
1052 1217 1169 1275 Jam
1199 1230 1342 1274 nunc
1369 1215 1438 1272 ab
1465 1212 1686 1269 alterius
1710 1224 1808 1265 vo-

216 1314 433 1368 luminis
482 1314 705 1370 exordio
750 1323 946 1370 caetera
992 1313 1310 1377 videamus,
1365 1310 1558 1381 quibus
1607 1307 1800 1362 librum

216 1423 392 1464 meum
413 1407 664 1463 refellere
688 1407 912 1473 niteris;
943 1409 1272 1471 amittentes,
1297 1405 1433 1460 sicut
1453 1400 1803 1464 instituimus,

215 1517 274 1558 ea
303 1517 428 1572 qua:
468 1500 639 1556 nodos
667 1516 774 1557 non
811 1495 1014 1556 faciunt
1041 1504 1428 1571 quaestionum,
1455 1495 1651 1566 quibus
1691 1492 1803 1548 sol-

215 1592 400 1648 vendis
443 1607 626 1648 curam
672 1607 770 1648 nos
813 1601 1024 1663 oportet
1063 1590 1407 1664 impendere,
1437 1603 1538 1644 nec
1567 1588 1584 1618 ¹
1615 1587 1806 1641 immo-

216 1683 383 1739 rando
432 1683 716 1754 superfluis
757 1683 871 1754 ipsa
911 1685 1217 1754 prolixitate
1254 1680 1434 1753 operis
1471 1695 1501 1734 a
1536 1678 1806 1734 laborioso

218 1776 433 1846 negotio
479 1775 753 1831 deterrere
797 1777 1078 1831 lectorem.
1126 1774 1415 1845 Superiore
1460 1772 1622 1843 igitur
1669 1769 1805 1824 libro

217 1870 343 1924 satis
369 1867 583 1939 egimus
606 1907 622 1934 ,
651 1881 758 1938 quo
781 1875 928 1923 recte
949 1866 1310 1938 judicantibus
1336 1873 1652 1935 appareret,
1681 1875 1804 1915 cum

219 1963 355 2017 Deus
385 1977 550 2018 verus
574 1970 628 2016 et
647 1961 819 2016 bonus
846 1960 915 2016 sit
942 1959 1218 2014 hominum
1246 1957 1513 2021 conditor,
1543 1955 1806 2024 bonaeque

218 2054 320 2109 sint
360 2053 564 2123 nuptiae
587 2093 604 2120 ,
643 2066 776 2124 quas
811 2059 867 2108 et
907 2051 1214 2106 conditione
1261 2059 1420 2120 atque
1464 2046 1804 2116 copulatione

218 2146 496 2217 utriusque
534 2159 696 2201 sexus
725 2143 984 2210 instituit,
1012 2151 1067 2198 et
1092 2141 1433 2198 fecunditatis
1461 2154 1684 2195 munere
1711 2138 1806 2193 be-

217 2238 455 2304 nedixit;
485 2238 684 2293 malum
726 2245 905 2292 tamen
935 2249 1055 2290 esse
1094 2233 1579 2304 concupiscentiam
1624 2231 1803 2286 carnis

217 2348 313 2404 qua
340 2331 676 2401 concupiscit
700 2329 958 2386 adversus
989 2328 1233 2398 spiritum
1253 2368 1268 2392 ,
1300 2340 1470 2396 eoque
1496 2323 1637 2378 malo
1665 2323 1804 2378 bene

218 2427 286 2481 uti
313 2425 608 2497 pudicitam
638 2423 1006 2495 conjugalem,
1037 2421 1336 2492 meliusque
1378 2434 1483 2474 non
1519 2418 1594 2473 uti
1631 2417 1805 2473 conti-

217 2518 452 2574 nentiam
494 2517 816 2572 sanctiorem
857 2534 872 2571 :
901 2514 1043 2587 quod
1081 2515 1282 2569 malum
1319 2527 1426 2568 non
1453 2527 1518 2566 ex
1546 2511 1648 2565 alia
1676 2509 1805 2565 sub-

215 2613 403 2668 stantia
448 2628 608 2684 quam
655 2611 796 2666 Deus
836 2624 942 2665 non
985 2608 1263 2674 condidit,
1296 2606 1433 2661 sicut
1477 2603 1803 2660 Manichmus

216 2704 433 2771 insanit,
463 2703 617 2760 nobis
636 2717 756 2758 esse
778 2701 1128 2773 permixtum;
1157 2698 1250 2754 sed
1271 2713 1366 2770 per
1386 2694 1801 2753 inobedientiam

216 2796 368 2852 unius
397 2795 636 2850 hominis
661 2803 904 2851 exortum
934 2802 1094 2863 atque
1126 2791 1445 2854 traductum,
1475 2800 1529 2845 et
1555 2805 1650 2859 per
1673 2789 1802 2844 obe-

215 2887 466 2945 dientiam
496 2887 655 2942 unius
682 2885 913 2941 hominis
937 2882 1259 2955 expiandum
1281 2892 1440 2952 atque
1464 2880 1760 2936 sanandum
1784 2895 1800 2948 ;

216 2983 363 3052 cujus
406 2980 734 3052 obligatione
775 2977 1011 3048 implicat
1046 2975 1225 3031 debita
1261 2989 1416 3045 paena
1458 2983 1800 3042 nascentem,

216 3075 369 3130 solvit
395 3072 636 3128 indebita
665 3072 834 3142 gratia
860 3077 1254 3126 renascentem.
1297 3069 1408 3122 lloc
1449 3067 1645 3122 malum
1673 3080 1804 3121 con-

217 3174 293 3222 tra
318 3182 409 3222 me
441 3163 708 3220 laudando
729 3205 746 3231 ,
787 3162 1122 3218 adversarius
1162 3175 1315 3216 meus
1344 3158 1543 3214 videris
1574 3174 1590 3213 :
1623 3156 1716 3212 sed
1747 3149 1820 3212 in

216 3266 263 3313 te
286 3256 644 3321 debellando,
675 3271 829 3311 meus
857 3255 1010 3311 testis
1038 3268 1096 3310 es
1131 3270 1145 3306 :
1176 3253 1220 3307 si
1250 3260 1426 3307 autem
1471 3266 1578 3306 non
1621 3248 1803 3305 debel-

215 3349 309 3416 las,
338 3359 463 3404 tuus
490 3349 662 3404 hostis
693 3362 772 3404 es.
802 3346 1033 3402 Proinde
1057 3347 1180 3416 quia
1210 3345 1381 3416 primo
1409 3353 1498 3399 tuo
1525 3344 1662 3398 libro
1688 3340 1802 3398 suf-

217 3443 459 3500 ﬁcienter
486 3459 574 3500 me
604 3442 948 3513 respondisse
981 3441 1230 3497 existimo
1249 3480 1264 3506 ,
1295 3438 1536 3510 quamvis
1575 3436 1647 3492 ibi
1692 3444 1802 3492 tota

216 3552 368 3592 causa
401 3535 549 3590 finita
581 3535 678 3600 sit;
715 3543 890 3590 tamen
919 3548 985 3588 ue
1013 3531 1225 3588 cmtcris
1266 3532 1437 3585 tribus
1474 3528 1803 3600 respondere

216 3643 316 3684 non
345 3628 589 3699 potuisse
622 3626 917 3692 videamur,
949 3625 1001 3680 in
1027 3625 1104 3680 eis
1124 3623 1286 3680 etiam
1311 3638 1467 3692 quam
1492 3637 1627 3678 vana
1651 3621 1803 3677 dixe-

216 3720 286 3777 ris
311 3721 548 3776 intuere.

280 3811 338 3868 2.
386 3809 688 3882 Propositis
712 3826 780 3867 ex
809 3823 932 3866 meo
961 3809 1099 3865 libro
1139 3807 1240 3882 (De
1264 3807 1430 3881 Nupl.
1461 3817 1508 3864 et
1547 3809 1799 3880 Concup.,

218 3905 301 3960 lib.
357 3906 425 3973 ι,
478 3921 532 3958 n.
594 3903 663 3975 ὅ)
719 3903 898 3959 verbis
939 3903 1075 3958 meis
1114 3903 1360 3969 exultas,
1417 3900 1559 3972 quod
1609 3919 1628 3953 ι
1665 3909 1802 3956 teste

216 3997 476 4071 Apostolo
520 4016 540 4050 ι
577 3997 840 4063 dixerim,
877 4015 896 4049 ι
929 3996 1130 4052 donum
1179 3995 1275 4051 Dei
1321 4010 1444 4050 esse
1486 3994 1803 4064 pudicitiam

217 4090 547 4163 conjugalem
583 4108 601 4141 ι
637 4089 692 4161 (Ι
715 4087 834 4145 Cor.
865 4104 966 4156 vn,
995 4086 1050 4159 7)
1079 4105 1093 4142 :
1121 4087 1273 4158 quasi
1305 4094 1589 4157 propterea
1619 4085 1805 4140 lauda-

219 4183 353 4240 verit
373 4181 664 4254 Apostolus
689 4181 888 4236 malum
911 4178 1052 4250 quod
1077 4188 1130 4234 tu
1153 4177 1356 4245 laudas,
1384 4193 1491 4248 quo
1515 4192 1642 4232 caro
1665 4191 1796 4232 con-

218 4273 443 4345 cupiscit
482 4272 741 4328 adversus
775 4271 1017 4342 spiritum
1054 4268 1249 4344 (Gatat.
1278 4285 1340 4335 v,
1368 4268 1488 4340 l7),
1527 4283 1635 4339 quo
1663 4267 1805 4322 malo

220 4366 381 4422 utitur
416 4363 558 4421 bene
598 4364 850 4434 pudicitia
892 4362 1220 4434 conjugalis,
1265 4363 1402 4418 sicut
1431 4361 1542 4432 jam
1575 4361 1628 4416 in
1666 4360 1803 4415 libro

220 4459 495 4530 superiore
522 4457 835 4513 monstravi.
873 4456 990 4511 Non
1017 4457 1197 4527 itaque
1225 4471 1444 4526 parvum
1478 4455 1679 4510 donum
1706 4455 1804 4512 Dei

221 4560 318 4616 est,
348 4552 423 4606 ita
450 4549 648 4604 frenari
679 4548 781 4604 hoc
800 4548 1022 4615 malum,
1060 4557 1119 4603 ut
1152 4546 1218 4603 ad
1245 4547 1377 4602 nihil
1402 4547 1671 4603 relaxetur
1699 4547 1806 4602 illi-

221 4642 379 4697 citum
399 4681 418 4710 ,
444 4640 542 4698 sed
572 4641 904 4712 generationi
934 4647 1138 4694 tantum
1168 4639 1652 4711 regenerandorum
1683 4655 1804 4695 ser-

222 4734 325 4789 viat
361 4733 617 4789 filiorum.
663 4731 795 4803 Ejus
823 4732 1022 4804 quippe
1063 4733 1294 4802 impetus
1337 4748 1443 4787 non
1483 4747 1581 4788 sua
1617 4741 1806 4803 sponte

223 4824 527 4881 moderatus
555 4832 639 4881 est
670 4842 683 4878 :
714 4840 745 4879 a
769 4823 918 4880 nullo
939 4838 1169 4894 namque
1195 4823 1378 4879 illicito
1405 4839 1523 4880 sese
1547 4825 1802 4891 abstinet,

222 4919 266 4974 si
288 4918 530 4975 membra
554 4917 822 4975 desiderio
848 4917 966 4989 ejus
991 4917 1306 4973 inserviant.
1335 4919 1413 4974 Ac
1441 4933 1537 4989 per
1557 4920 1659 4974 hoc
1685 4919 1808 4991 ejus

224 5019 426 5077 motus,
451 5025 560 5068 non
594 5010 649 5067 in
685 5011 832 5082 ipso,
862 5009 1016 5082 cujus
1041 5010 1311 5081 inquietus
1335 5018 1419 5068 est
1459 5020 1670 5079 motus;
1711 5012 1806 5068 sed

224 5102 273 5158 in
303 5103 610 5161 refrenante
633 5117 700 5159 ac
721 5103 861 5160 bene
889 5111 1072 5160 utente
1093 5102 1361 5158 laudatur.

291 5197 344 5252 5.
376 5195 561 5268 Itaque
601 5195 705 5252 isto
743 5196 886 5252 malo
923 5211 1046 5252 cum
1088 5195 1228 5252 bene
1269 5202 1491 5252 utuntur
1535 5196 1807 5270 conjugati

227 5287 428 5357 ﬁdeles,
454 5304 484 5342 a
510 5287 662 5358 cujus
689 5297 842 5344 reatu
874 5287 1035 5344 solati
1063 5296 1190 5343 sunt
1229 5303 1450 5344 munere
1477 5288 1804 5358 Salvatoris;

227 5380 462 5451 profecto
490 5378 813 5452 quicumque
841 5380 966 5438 inde
993 5390 1284 5437 nascuntur
1313 5381 1553 5452 ejusdem
1582 5399 1805 5440 munere

225 5473 490 5531 Creatoris
509 5515 524 5541 ,
553 5489 660 5530 non
699 5475 839 5530 sicut
874 5475 1029 5532 nobis
1055 5475 1263 5546 ohjicis,
1305 5495 1324 5529 ‹
1357 5475 1412 5530 in
1441 5491 1661 5547 regnum
1691 5477 1808 5532 dia-

228 5568 330 5624 boli
372 5576 769 5640 przeparantur;
804 5585 823 5620 ι
860 5566 956 5623 sed
984 5567 1051 5623 ab
1091 5567 1183 5624 illo
1220 5567 1395 5640 potius
1423 5569 1644 5624 eruendi
1672 5580 1725 5626 et
1755 5571 1807 5626 in

288 5721 656 5791 '_tovanienses
685 5724 1014 5775 renitentibus
1033 5727 1385 5789 manuscriptts,
1418 5741 1531 5791 pro,
1549 5741 1635 5780 nos
1668 5742 1811 5791 apor-

226 5787 290 5898 l'c‘t
309 5783 606 5850 impendere,
634 5799 759 5849 nec;
801 5795 1138 5851 oorrexerant,
1178 5783 1478 5854 non'opert'et
1511 5783 1809 5858 impendere,

1917 1224 2143 1280 regnum
2179 1213 2449 1288 Unigeniti
2491 1221 2849 1281 transferendi
2889 1227 2929 1283 ί.
2971 1226 3098 1285 Haec
3137 1229 3283 1286 enim
3311 1239 3424 1300 est,
3447 1240 3507 1290 et

1919 1315 2048 1404 esse.
2079 1304 2240 1363 debet
2274 1309 2483 1404 piorum
2522 1315 2810 1388 conjugum
2840 1319 3098 1390 intentio,
3135 1332 3196 1378 ut
3219 1339 3508 1395 regenera-

1921 1393 2050 1448 tioni
2099 1399 2375 1467 generatio
2417 1415 2770 1474 praeparetur.
2814 1407 2872 1464 Si
2917 1420 3096 1466 autem
3149 1413 3254 1470 hoc
3286 1393 3508 1471 vmalum

1918 1484 2059 1554 quod
2089 1485 2142 1540 in
2169 1502 2230 1544 se
2255 1489 2384 1560 ipsis
2414 1504 2661 1562 parentes
2691 1499 2964 1568 sentiunt,
3000 1501 3087 1557 cui
3114 1504 3256 1559 malo
3275 1545 3292 1572 ,
3320 1513 3378 1559 ut
3403 1505 3510 1560 tuis

1917 1577 2094 1632 verbis
2109 1587 2246 1644 utar,
2271 1600 2291 1634 ι
2318 1583 2694 1653 Apostolorum
2723 1588 2860 1660 legio
2882 1594 3236 1663 repugnavit»
3260 1593 3460 1666 (Supra
3481 1636 3499 1664 ,

1919 1665 2005 1720 lib.
2040 1668 2076 1723 5
2098 1709 2113 1734 ,
2145 1686 2198 1724 n.
2231 1671 2366 1743 65),
2404 1693 2424 1726 ι
2457 1690 2564 1732 non
2601 1680 2898 1748 pertineret
2935 1683 3002 1737 ad
3043 1683 3214 1750 filios,
3255 1665 3374 1741 sine
3416 1685 3510 1741 illo

1919 1759 2100 1830 utique
2145 1775 2492 1823 nascerentur
2519 1786 2531 1822 :
2561 1785 2704 1826 nunc
2741 1788 2870 1829 vero
2911 1776 3341 1847 quandoquidem
3383 1791 3507 1832 cum

1919 1849 2022 1905 hoc
2046 1864 2334 1911 nascuntur
2352 1897 2368 1923 ,
2401 1859 2528 1930 quid
2554 1861 2795 1932 miraris,
2825 1865 2947 1935 quia
2982 1878 3201 1937 propter
3224 1867 3327 1924 hoc
3351 1882 3512 1923 rena-

1918 1951 2173 2012 scuntur,
2205 1953 2266 2001 ut
2299 1947 2370 2003 ab
2404 1949 2522 2019 ejus
2549 1951 2870 2023 obligatione
2904 1957 3211 2025 solvantur,
3240 1967 3296 2014 et
3322 1967 3414 2014 aut
3441 1973 3510 2014 ex

1920 2034 2020 2089 ista
2049 2034 2157 2091 vita
2195 2038 2263 2093 ab
2288 2039 2382 2095 illo
2424 2041 2634 2098 liberati
2678 2046 2992 2116 rapiantur,
3037 2057 3130 2104 aut
3168 2050 3222 2105 in
3262 2049 3362 2104 ista
3401 2051 3510 2106 vita

1917 2127 2176 2184 adversus
2211 2130 2341 2187 illud
2378 2133 2532 2191 liberi
2567 2137 2912 2208 praebentur,
2956 2142 3294 2215 victoresque
3318 2143 3373 2199 in
3405 2143 3510 2200 [ine

1917 2224 2370 2278 remunerentur?

1989 2312 2042 2367 4.
2070 2313 2202 2380 Quis
2227 2325 2404 2372 autem
2427 2328 2671 2376 nostrum
2693 2325 2994 2394 suSpicatus
3011 2336 3115 2392 est,
3143 2345 3162 2378 ι
3197 2343 3352 2383 usum
3374 2343 3508 2384 con-

1913 2401 2100 2474 jugum
2140 2421 2171 2460 a
2202 2406 2414 2464 diabolo
2455 2410 2618 2468 fuisse
2651 2417 2960 2486 repertum?
3001 2419 3131 2484 Quis
3171 2421 3511 2478 commixtio-

1919 2510 2038 2549 nem
2061 2511 2342 2567 corporum
2371 2516 2466 2571 per
2503 2504 2703 2560 malum
2737 2508 3192 2577 prmvaricationis
3229 2531 3249 2564 ι
3283 2512 3512 2570 credidit

1923 2602 1943 2636 ι
1970 2587 2261 2655 accidisse;
2303 2609 2322 2642 ι
2348 2606 2469 2647 cum
2505 2594 2622 2650 sine
2650 2595 2734 2651 his
2769 2599 2967 2668 nuptiae
3008 2617 3224 2671 prorsus
3252 2618 3371 2658 esse
3402 2619 3509 2660 non

1919 2682 2176 2748 possent?
2205 2681 2311 2737 Sed
2340 2684 2537 2739 malum
2561 2703 2667 2757 quo
2693 2689 2831 2744 bene
2855 2691 3090 2758 utuntur,
3117 2693 3318 2748 nullum
3343 2703 3506 2762 esset,

1917 2769 1961 2822 si
1991 2785 2149 2826 nemo
2193 2787 2488 2843 peccasset.
2521 2777 2673 2846 Quod
2701 2778 2841 2847 dixi,
2886 2781 3018 2836 mihi
3053 2783 3260 2852 objice,
3292 2794 3351 2839 ut
3379 2799 3508 2855 pur-

1914 2875 2034 2930 gem
2069 2879 2082 2913 :
2112 2879 2233 2918 nam
2259 2866 2305 2921 si
2333 2875 2388 2922 et
2417 2868 2558 2938 quod
2593 2885 2701 2926 non
2729 2869 2862 2939 dixi,
2890 2872 3021 2928 mihi
3049 2874 3257 2946 ohjicis,
3293 2877 3510 2948 quando

1915 2949 2165 3010 ﬁnimus?

1987 3045 2041 3101 5.
2081 3064 2100 3098 ι
2137 3046 2482 3120 Consequens
2516 3069 2535 3104 ι
2567 3061 2722 3124 putas
2754 3073 2774 3106 ς
2810 3069 2954 3123 esse,
2983 3065 3040 3112 ut
3061 3073 3254 3113 munus
3282 3058 3376 3114 Dei
3407 3073 3508 3113 no-

1915 3146 2064 3206 ceat,
2105 3141 2151 3196 si
2191 3140 2355 3198 homo
2395 3158 2516 3198 cum
2545 3147 2686 3201 malo
2714 3149 2991 3204 nascitur:
3025 3166 3184 3206 nemo
3222 3153 3365 3207 enim
3405 3151 3509 3208 nisi

1916 3227 2012 3284 Dei
2049 3245 2271 3287 munere
2301 3233 2557 3290 nascitur.
2598 3252 2618 3286 ι
2658 3237 2799 3292 Audi
2828 3253 2956 3310 ergo
2984 3248 3038 3294 et
3073 3240 3312 3313 intellige
3345 3258 3358 3295 :
3391 3257 3512 3296 mu-

1913 3334 2016 3375 nus
2045 3322 2138 3376 Dei
2170 3321 2301 3378 nulli
2340 3334 2529 3391 nocet,
2578 3344 2685 3398 quo
2722 3330 2948 3400 quisque
2985 3341 3071 3387 est
3111 3343 3167 3388 et
3206 3335 3362 3401 vivit;
3411 3333 3505 3390 sed

1913 3413 2362 3483 concupiscentia:
2391 3417 2588 3472 malum
2632 3435 2737 3474 non
2782 3431 2958 3491 potest
2995 3438 3114 3478 esse
3139 3465 3154 3492 ,
3199 3425 3300 3478 nisi
3340 3425 3392 3478 iu
3441 3439 3506 3480 eo

1913 3504 2056 3575 quod
2085 3516 2166 3561 est
2195 3514 2250 3562 et
2274 3507 2422 3562 vivit.
2466 3507 2801 3580 Quapropter
2843 3523 3017 3582 potest
3049 3529 3169 3570 esse
3213 3515 3410 3569 malum
3452 3516 3505 3571 in

1915 3612 2139 3653 munere
2155 3597 2270 3664 Dei,
2285 3602 2579 3655 sanandum
2596 3602 2701 3657 alio
2719 3619 2937 3659 munere
2954 3605 3066 3678 Dei.
3081 3606 3263 3661 Potest
3279 3607 3436 3678 igitur
3453 3607 3507 3663 in

1916 3687 2135 3746 homine
2151 3691 2240 3760 qui
2259 3707 2480 3747 munere
2503 3693 2593 3748 Dei
2609 3702 2690 3749 est
2705 3705 2760 3749 et
2775 3695 2924 3761 vivit,
2943 3677 3138 3753 malum
3159 3713 3278 3754 esse
3292 3677 3510 3770 genera-

1915 3779 2062 3836 tione
2073 3787 2835 3855 contractum,regencratione
2847 3803 2900 3842 sa
2910 3791 3166 3845 nandum.
3182 3790 3312 3846 Nam
3329 3793 3510 3864 utique

1914 3873 2091 3930 nullus
2113 3873 2286 3931 infans
2307 3891 2426 3931 cum
2445 3877 2690 3933 daemone
2710 3890 3036 3948 nasceretur,
3061 3885 3107 3938 si
3129 3899 3233 3938 non
3257 3899 3508 3943 nascere-

1915 3974 2027 4029 tur;
2053 3981 2153 4022 nec
2174 3967 2294 4023 ideo
2313 3970 2440 4023 mali
2462 3969 2622 4040 hujus
2651 3971 2764 4041 ipsa
2793 3982 2875 4028 est
2895 3989 3074 4042 causa,
3099 3977 3219 4047 quia
3249 3979 3504 4034 nascitur.

1914 4057 2160 4114 Nascitur
2174 4075 2302 4131 ergo
2321 4077 2540 4117 munere
2559 4063 2670 4127 Dei,
2687 4079 2808 4119 cum
2826 4065 3072 4122 dmuione
3091 4078 3288 4137 autem,
3303 4069 3508 4142 judicio

1914 4152 2010 4208 Dei
2039 4167 2168 4207 sane
2195 4155 2424 4220 occulto,
2458 4155 2552 4210 sed
2583 4159 2836 4228 numquid
2865 4159 3101 4227 iniusto?

1985 4242 2210 4300 CAPUT
2249 4245 2312 4298 ll.
2343 4272 2418 4288 —--
2456 4246 2511 4302 6.
2561 4247 2616 4302 In
2661 4263 2728 4303 eo
2772 4265 2900 4304 vero
2937 4251 3078 4320 quod
3106 4253 3255 4320 dixi,
3294 4271 3313 4306 ‹
3344 4255 3506 4312 etiam

1915 4338 2114 4394 bonum
2159 4338 2467 4409 conjugale,
2515 4340 2559 4394 si
2608 4357 2713 4396 non
2761 4341 3007 4408 habetur,
3051 4360 3081 4398 a
3122 4345 3346 4401 Domino
3386 4362 3507 4403 esse

1913 4429 2243 4502 poscendum
2283 4450 2302 4482 ι
2342 4429 2442 4502 (De
2479 4431 2644 4504 Nupt.
2672 4443 2718 4487 et
2756 4432 3021 4505 Concup.,
3064 4435 3152 4489 lib.
3202 4438 3266 4502 l,
3310 4455 3362 4492 η.
3408 4439 3502 4509 5);

1917 4521 2134 4596 (quibus
2161 4522 2376 4593 utique,
2407 4523 2509 4579 nisi
2549 4525 2740 4595 quibus
2777 4536 2860 4582 est
2898 4529 3334 4603 necessarium?)
3365 4533 3508 4587 visus

1915 4628 2036 4669 sum
2067 4613 2162 4669 tibi
2192 4614 2409 4683 dicere,
2443 4633 2464 4668 ς
2503 4632 2599 4687 pro
2625 4617 3016 4673 concumbendi
3057 4620 3257 4676 viribus
3297 4625 3504 4695 suppli-

1915 4704 2163 4760 candum.
2206 4726 2224 4759 ι
2260 4706 2366 4763 Sed
2404 4723 2504 4779 ego
2542 4724 2638 4778 pro
2677 4709 2790 4779 ipsa
2820 4709 3073 4782 pudicitia
3101 4713 3365 4786 conjugali
3397 4716 3506 4772 dixi

1915 4796 2212 4867 rogandum
2245 4799 2410 4853 Deum
2433 4839 2448 4866 ,
2488 4800 2540 4853 in
2567 4816 2668 4870 qua
2697 4810 2776 4855 est
2805 4803 3196 4860 concumbendi
3235 4823 3339 4862 non
3373 4809 3509 4864 liber

1918 4904 2076 4957 usus,
2108 4889 2201 4944 sed
2241 4890 2419 4945 licitus
2457 4892 2670 4946 modus.
2705 4891 2837 4948 Nam
2872 4894 3032 4952 homo
3071 4897 3116 4953 si
3151 4901 3509 4958 concumbere

1915 4999 2022 5039 non
2058 4991 2264 5054 potest,
2293 4985 2468 5054 potius
2509 5001 2612 5040 non
2645 4997 2850 5058 quaerat
2879 5006 3099 5048 uxorem
3133 5011 3146 5048 :
3175 4995 3505 5066 quandoqui-

1915 5075 2037 5130 dem
2067 5076 2357 5146 apostolica
2383 5084 2647 5132 sententia
2686 5079 2773 5134 ubi
2814 5081 2927 5150 ait,
2958 5081 3019 5138 Si
3042 5099 3096 5139 se
3125 5102 3226 5140 non
3255 5089 3505 5155 continet,

1917 5167 2070 5223 nubat
2097 5169 2150 5238 (Ι
2181 5169 2300 5224 Cor.
2329 5185 2404 5226 vn
2423 5211 2438 5237 ,
2469 5169 2559 5243 9);
2599 5172 2896 5230 remedium
2923 5178 3090 5234 voluit
3114 5195 3234 5236 esse
3257 5182 3470 5251 nuptias
3491 5222 3505 5249 ,

1917 5260 2059 5332 quod
2089 5270 2144 5316 et
2181 5263 2295 5332 ipse
2332 5264 2610 5322 confessus
2635 5282 2714 5332 es,
2746 5277 2931 5325 contra
2971 5273 3215 5329 morbum
3254 5277 3511 5344 concupi-

1917 5354 2158 5417 scentiae,
2191 5355 2332 5425 quod
2359 5357 2603 5415 confiteri
2633 5375 2738 5416 non
2766 5363 2866 5429 vis,
2899 5364 2989 5434 qui
3022 5365 3314 5420 remedium
3341 5368 3507 5420 conti-

1919 5447 2046 5504 teris
2067 5448 2286 5519 (Supra,
2310 5451 2399 5505 lib.
2429 5453 2482 5519 ὅ,
2507 5470 2596 5512 mi.
2621 5454 2711 5524 29,
2739 5455 2850 5530 42).
2879 5458 2988 5514 Hoc
3011 5469 3187 5514 autem
3209 5461 3506 5519 remedium

1917 5547 2020 5604 est,
2047 5553 2152 5593 non
2184 5548 2241 5594 ut
2263 5540 2334 5594 sit
2357 5544 2815 5615 concupiscentia,
2845 5549 2887 5602 si
2916 5563 3020 5604 non
3049 5560 3162 5617 est;
3195 5552 3291 5608 sed
3320 5563 3377 5608 ut
3398 5571 3504 5610 nun

1918 5632 2090 5704 rapiat
2115 5631 2180 5687 ad
2209 5633 2387 5690 illicita
2409 5677 2424 5704 ,
2453 5637 2606 5709 cujus
2645 5648 2825 5696 motus
2865 5639 3087 5697 infrenis
3123 5653 3226 5698 est.
3270 5645 3511 5703 Pertinet

1983 5797 1998 5828 ι
2034 5802 2129 5863 Hoc
2153 5795 2296 5863 etiam
2331 5793 2435 5863 loco
2457 5794 2588 5863 nulla
2620 5804 2840 5847 veterum
2885 5798 3118 5851 librorum
3153 5804 3444 5860 auctoritate
3479 5818 3509 5863 a

1919 5859 2290 5928 wvaniensibus
2312 5858 2525 5910 additum
2553 5860 2726 5923 fuerat,
2754 5871 3086 5919 renascwuur.
