4038 6470
494 360 602 426 339

496 481 641 536 enim
661 477 733 535 ad
752 476 857 534 hoc
1104 472 1585 545 petitionisgenus,
1606 473 1753 551 quod
1771 474 1823 528 in
1841 472 2085 527 oratione

496 571 764 627 dominica
811 567 1077 632 dicimus,
1120 563 1203 620 Ne
1242 582 1333 619 nos
1369 566 1564 637 inferas
1606 565 1659 621 in
1699 565 2021 629 imitationem
2066 579 2086 620 :

498 666 748 736 quoniam
766 662 1103 730 unusquisque
1117 659 1793 731 tentaturaconcupisceutia
1814 675 1926 725 sua,
1947 662 2087 713 sicut

497 761 571 817 ait
592 756 863 831 apostolus
889 750 1120 811 Jacobus
1147 750 1351 826 (Jacobi
1378 768 1418 820 ι,
1448 746 1561 823 li).
1591 751 1853 809 Convenit
1881 751 2003 811 huic
2032 760 2089 809 et

498 849 639 922 quod
669 848 920 913 dicimus,
951 844 1134 901 Libera
1161 861 1255 900 nos
1283 860 1314 899 a
1340 845 1476 901 malo
1507 842 1721 918 (Halm.
1752 856 1825 911 vt,
1855 843 1966 914 15).
1997 842 2089 896 Di-

499 948 625 1020 ‘punt
648 940 791 995 enim
820 937 923 994 hoc
951 938 1018 997 de
1044 938 1145 997 hac
1181 953 1241 995 re
1266 937 1553 1008 coniuges,
1584 943 1644 995 ut
1669 934 1881 999 interim
1911 944 2090 995 mente

502 1034 652 1089 liberi
691 1047 720 1084 a
761 1033 901 1085 tnalo
926 1071 939 1095 ,
986 1030 1124 1085 bene
1165 1037 1381 1083 utantur
1419 1028 1561 1083 malo
1604 1026 1748 1098 quod
1797 1025 1997 1081 habent
2035 1025 2089 1082 in

500 1141 661 1181 carne
689 1125 890 1193 (sciunt
918 1124 1061 1178 enim
1101 1122 1223 1193 quia
1264 1123 1315 1175 in
1343 1135 1504 1175 carne
1534 1135 1721 1175 eorum
1750 1134 1856 1174 non
1888 1116 2092 1173 habitat

503 1217 701 1275 bonum
733 1213 907 1287 [Βοηι.
934 1229 1031 1277 vn,
1052 1211 1205 1285 18]):
1249 1221 1310 1267 ut
1338 1210 1484 1266 Omni
1513 1208 1695 1281 postea
1724 1205 2091 1281 corruptibili-

506 1316 613 1365 tate
649 1316 832 1367 sanata
855 1348 874 1372 ,
915 1306 1117 1365 nullum
1163 1307 1218 1360 in
1256 1304 1336 1359 eis
1372 1318 1479 1374 quo
1518 1311 1735 1358 utantur
1758 1343 1773 1370 ,
1816 1309 2093 1358 remaneat

506 1401 728 1459 malum.
756 1398 895 1466 Quid
933 1406 1017 1453 est
1044 1396 1185 1468 quod
1224 1396 1526 1466 triumphas
1550 1405 1805 1467 tanquam
1841 1395 1910 1452 de
1938 1395 2092 1451 hoste

505 1489 684 1548 victo?
714 1490 983 1549 internum
1025 1489 1197 1559 potius
1232 1490 1390 1544 vince
1423 1502 1584 1558 quem
1612 1487 1815 1543 laudas.
1857 1486 1987 1542 Nam
2015 1487 2094 1541 vi-

505 1582 670 1641 ctoria
709 1582 778 1637 de
816 1591 868 1637 te
906 1596 1044 1647 utea,
1076 1582 1167 1637 illo
1205 1581 1347 1639 malo
1376 1590 1550 1637 tecum
1582 1578 1870 1652 pugnante,
1905 1595 2093 1636 secura

506 1685 606 1732 est.
631 1676 813 1746 Neque
835 1678 977 1730 enim
1006 1674 1187 1731 dicere
1214 1674 1456 1740 audebis,
1483 1688 1606 1730 eum
1635 1674 1773 1729 vinci
1794 1674 1882 1745 qui
1904 1688 2092 1730 verum

508 1769 657 1834 dicit,
684 1768 837 1823 abeo
859 1768 948 1839 qui
970 1766 1163 1825 falsum
1191 1767 1339 1823 dicit.
1367 1767 1479 1838 Ego
1506 1774 1685 1822 autem
1710 1766 2095 1837 concupiscen-

508 1860 637 1915 tiam
675 1868 860 1916 contra
884 1872 1043 1930 quam
1072 1872 1297 1930 pugnas,
1330 1859 1527 1913 malum
1554 1858 1709 1925 dice,
1753 1860 1811 1912 tu
1848 1857 2046 1912 bonum
2076 1874 2092 1912 :

509 1953 617 2027 sed.
645 1962 819 2024 pugna
856 1963 942 2008 tua
981 1953 1180 2008 malum
1227 1951 1461 2019 fatetur,
1501 1952 1645 2024 quod
1682 1952 1881 2008 bonum
1919 1952 2094 2022 lingua

510 2048 799 2113 mentitur;
847 2062 1047 2118 augens
1090 2047 1427 2103 mendacium
1470 2047 1577 2101 alio
1623 2045 1943 2116 mendacio,
1989 2060 2096 2116 quo

510 2138 748 2193 afﬁrmas
783 2148 838 2195 et
879 2154 910 2193 a
950 2154 1040 2195 me
1077 2139 1219 2195 illam
1255 2139 1453 2195 dictam
1491 2140 1707 2195 bonam.
1738 2137 1923 2209 Neque
1949 2137 2096 2194 enim

511 2230 992 2300 concupiscentiam
1018 2232 1216 2299 carnis,
1248 2247 1406 2303 quam
1445 2230 1678 2287 Joannes
1714 2230 1990 2302 apostolus
2005 2229 2097 2311 .di-

510 2324 589 2379 xit
612 2338 645 2379 a
669 2324 829 2379 Patre
855 2334 960 2379 non
982 2336 1103 2379 esse
1125 2320 1187 2395 (1
1209 2322 1367 2379 Joau.
1391 2339 1447 2391 η,
1478 2323 1589 2395 16),
1623 2339 1723 2395 ego
1744 2323 1976 2379 dicerem
2000 2318 2099 2378 bo-

508 2430 641 2471 num
672 2430 688 2471 :
715 2416 811 2471 sed
849 2415 1046 2471 bonum
1085 2414 1201 2470 dixi
1233 2415 1540 2485 pudicitiam
1578 2430 1699 2472 esse
1735 2415 2094 2486 coniugalem,

510 2522 632 2583 quae
657 2510 859 2565 resistit
896 2510 1038 2565 malo
1075 2509 1541 2580 concupiscentia,
1584 2525 1652 2566 ne
1688 2508 1756 2566 ad
1795 2508 1978 2564 illicita
2006 2523 2097 2563 ra-

512 2603 624 2673 piat
648 2617 770 2657 cum
802 2610 1066 2658 movetur.

518 2732 523 2741 ι
584 2696 637 2749 7.
669 2693 865 2748 Verum
895 2694 1070 2748 sciens
1093 2706 1253 2764 qttam
1292 2692 1523 2749 inaniter
1554 2700 1958 2764 argumentatus
1983 2690 2098 2748 fue-

512 2787 608 2855 ris,
642 2803 661 2838 ι
700 2786 903 2856 pulsas,
942 2804 962 2838 ι
992 2792 1052 2839 ιιι
1086 2784 1241 2853 dicis,
1280 2803 1299 2839 ι
1334 2786 1559 2842 alterum
1598 2785 1925 2842 deﬁnitionis
1962 2800 2098 2841 meae

512 2874 677 2945 latus,
714 2895 734 2930 ι
764 2886 820 2932 et
846 2877 1022 2947 inquis
1054 2894 1068 2930 :
1100 2894 1123 2929 ι
1156 2876 1215 2932 Si
1239 2877 1388 2931 calor
1411 2877 1655 2948 genitalis
1680 2876 1974 2948 coniugalis
2002 2875 2100 2931 bo-

514 2969 737 3024 nestatis
783 2969 1028 3023 minister
1075 2968 1143 3023 ab
1189 2968 1553 3024 immoderatis
1595 2969 1936 3039 procursibus
1988 2962 2096 3024 tam

512 3061 692 3116 studio
729 3060 993 3127 ﬁdelium,
1018 3070 1177 3130 quam
1202 3060 1327 3115 deni
1356 3060 1548 3116 virtute
1571 3060 1851 3126 retinetur,
1880 3075 1981 3118 nec
2005 3074 2099 3116 cx-

511 3148 801 3226 stlnguitur
822 3168 917 3223 per
934 3154 1181 3224 gratiam,
1203 3154 1297 3209 sed
1326 3153 1595 3221 frenatur;
1622 3152 1916 3224 probabilis
1935 3160 2019 3215 est
2043 3153 2097 3211 in

512 3254 711 3319 genere
747 3262 845 3303 suo
882 3256 937 3303 et
965 3248 1018 3302 in
1044 3248 1206 3303 modo
1230 3263 1348 3315 suo,
1380 3246 1435 3303 ei
1461 3248 1589 3304 solis
1615 3259 1894 3306 accusatur
1916 3262 2100 3307 exces-

511 3338 680 3396 sibus.
716 3357 734 3393 ι
766 3339 892 3395 Haec
916 3336 1120 3407 dicens,
1149 3354 1256 3395 non
1294 3340 1524 3395 attendis
1548 3342 1832 3413 coniugum
1861 3358 2097 3399 conven-

512 3430 712 3486 tionem
740 3446 901 3487 causa
932 3431 1245 3503 generandi,
1274 3430 1396 3488 ideo
1423 3432 1620 3488 bonum
1649 3449 1770 3490 esse
1808 3434 2095 3505 laudabile,

511 3523 635 3591 quia
664 3538 730 3577 eo
753 3524 907 3578 limes
936 3522 1225 3594 prmiigitur
1255 3523 1436 3579 licitus
1476 3526 1618 3580 malo
1656 3527 2094 3598 concupiscendi.

510 3608 620 3670 cur
653 3616 797 3671 enim
836 3629 945 3670 non
982 3616 1160 3685 potius
1196 3615 1395 3670 malum
1435 3624 1687 3683 vocetur,
1728 3618 1870 3688 quod
1913 3618 2096 3677 fateris

466 3726 481 3733 ’
513 3722 635 3763 esse
671 3706 1025 3763 frenandum?
1061 3706 1204 3773 Cur,
1245 3722 1458 3778 quaeso,
1499 3706 1846 3774 frenandum,
1888 3711 1987 3766 nisi
2027 3727 2097 3769 ne

513 3799 741 3866 ﬂoreat?
769 3798 871 3853 nisi
913 3814 981 3854 ne
1014 3798 1083 3853 ad
1122 3799 1303 3854 illicita
1332 3815 1452 3869 qua:
1481 3799 1750 3856 desiderat
1787 3802 2096 3859 relaxetur?

513 3892 583 3947 Et
610 3892 791 3961 utique
818 3890 1146 3947 desiderium
1174 3890 1302 3946 mali
1330 3892 1528 3947 malum
1556 3900 1657 3959 est,
1685 3893 1896 3950 etiamsi
1917 3896 1965 3951 ci
1991 3913 2095 3953 non

513 3982 898 4048 consentiatur,
939 3982 1112 4038 donec
1148 3996 1215 4039 eo
1250 3983 1526 4040 veniamus
1567 3984 1655 4040 ubi
1683 4000 1784 4042 nec
1814 3984 2093 4044 habeatur.

512 4072 628 4128 Non
660 4074 819 4143 igitur
852 4073 980 4144 quid
1018 4074 1143 4130 boni
1180 4075 1249 4132 de
1285 4076 1719 4148 concupiscentia
1758 4080 1936 4135 carnis
1968 4079 2092 4148 ﬂat,

512 4163 605 4220 sed
632 4164 745 4234 ipsa
775 4163 903 4233 quid
929 4165 1055 4219 mali
1085 4165 1261 4232 faciat,
1285 4166 1624 4235 cogitandum
1650 4176 1751 4225 est.
1778 4168 1912 4226 Nam
1943 4171 2097 4242 pudi-

512 4256 635 4311 citia
672 4247 968 4327 coniugalis
1005 4257 1297 4313 inhiantem
1347 4260 1837 4331 concupiscentiam
1876 4263 1989 4318 sive
2027 4263 2095 4319 de

511 4350 702 4404 illicito
724 4349 840 4406 sive
868 4347 934 4405 de
958 4350 1104 4406 licito
1125 4353 1404 4423 percipere
1428 4354 1759 4425 voluptatem
1779 4396 1793 4421 ,
1825 4353 1999 4412 frenat
2028 4357 2094 4413 ab

511 4441 721 4506 illicito,
762 4443 1022 4513 permittit
1057 4443 1125 4499 ad
1164 4445 1366 4500 licitum
1407 4462 1423 4502 :
1462 4444 1566 4502 boc
1603 4456 1687 4503 est
1723 4446 1946 4517 bonum,
1988 4466 2096 4507 non

512 4545 690 4595 tamen
715 4540 852 4610 ejus,
879 4540 973 4597 sed
996 4539 1133 4596 bene
1158 4542 1358 4596 utentis
1379 4534 1576 4597 bonum
1605 4552 1706 4599 cst.
1739 4543 1891 4613 Quod
1915 4554 2094 4601 autem

511 4632 624 4704 ipsa
655 4633 1085 4703 concupiscentia
1116 4633 1259 4702 facit,
1288 4633 1401 4690 sive
1430 4634 1496 4689 ad
1524 4635 1723 4691 licitum
1755 4636 1869 4693 sive
1892 4636 1960 4693 ad
1988 4636 2095 4693 illi-

511 4726 676 4779 citum
705 4724 1071 4781 indlii‘erenter
1089 4724 1390 4793 ardescere,
1416 4727 1597 4797 utique
1625 4725 1820 4782 malum
1850 4734 1953 4784 est.
1979 4727 2094 4785 Hoc

510 4816 692 4886 itaque
727 4816 870 4870 malo
907 4815 1041 4873 bene
1078 4817 1244 4872 utitur
1272 4817 1528 4889 pudicitia
1555 4818 1868 4892 coniugalis,
1902 4822 2095 4880 melius

509 4923 617 4963 non
649 4907 817 4962 utitur
838 4909 1163 4963 continentia
1189 4908 1485 4980 virginalis.

581 4999 635 5054 8.
666 5015 686 5051 ι
701 4998 757 5055 Si
783 5010 986 5069 posset,
1007 5018 1028 5052 ι
1055 4999 1251 5072 inquis,
1290 5019 1310 5054 ι
1338 5003 1486 5057 calor
1504 5002 1748 5074 genitalis
1762 5005 1959 5061 malum
1975 5021 2096 5067 esse

513 5091 842 5157 naturaliter,
888 5092 1258 5162 exstirpandus
1286 5102 1433 5161 erat,
1467 5108 1573 5151 non
1608 5097 2031 5167 componendus.
2070 5118 2089 5152 ι

513 5183 647 5240 Vide
682 5183 1131 5255 quemadmodum
1172 5187 1387 5243 noluisti
1417 5186 1635 5256 dicere,’
1658 5178 1800 5261 quod
1829 5206 1987 5264 supra
2013 5192 2096 5249 di-

509 5290 687 5344 xeras,
716 5294 737 5329 t
766 5276 1085 5345 frenandus;
1117 5297 1139 5332 ι
1171 5278 1263 5335 sed
1286 5278 1537 5347 maluisti,
1574 5299 1595 5334 t
1619 5287 2037 5355 componendus.
2068 5307 2087 5341 ι

510 5367 734 5425 Sensiin
758 5370 903 5427 enim
932 5371 1072 5443 quod
1100 5386 1225 5429 eum
1256 5387 1414 5429 nemo
1451 5373 1702 5443 frenaret,
1748 5378 1851 5433 nisi
1890 5380 1978 5451 qui
2008 5396 2099 5453 rc-_

508 5471 809 5533 pugnaret:
836 5471 891 5519 et
908 5464 978 5519 ob
1002 5463 1106 5521 hoc
1126 5471 1331 5520 mutato
1359 5464 1543 5534 verbo,
1567 5467 1757 5523 timore
1774 5468 1893 5541 ipso
1918 5470 2092 5527 fassus

507 5572 566 5613 es
595 5558 829 5623 malum,
878 5557 1017 5628 quod
1072 5566 1334 5631 repugnat
1387 5558 1549 5615 bono.
1604 5561 1853 5632 Appellas
1883 5563 1901 5596 ¹
1929 5564 2089 5619 etiam

505 5650 740 5706 calorem
765 5648 1066 5721 genitalem,
1103 5651 1226 5723 quia
1273 5649 1436 5723 pudet
1478 5652 1747 5724 appellare
1791 5654 2089 5730 libidinem,

569 5825 587 5857 ι
613 5822 802 5887 Aliquot
817 5828 950 5889 Ia,
972 5822 1248 5895 Appellari.

1275 354 1552 418 CONTRA
1589 354 1932 418 JULIANUM
1968 348 2455 428 PELAGIANUII,‘
2476 357 2534 415 S.
2574 348 2944 418 AUGUSTINI

3664 352 3793 423 τισ

2190 472 2323 536 sive,
2355 472 2493 527 sicut
2518 484 2634 528 eam
2675 473 2884 531 divinus
2932 483 3111 532 sermo
3160 476 3429 549 appellare
3470 480 3789 548 consuevit;

2190 563 2364 625 carnis
2398 565 2904 637 concupiscentiam.
2960 566 3049 623 Sic
3094 583 3220 639 ergo
3269 568 3489 640 loquere
3531 580 3587 627 et
3637 571 3725 628 dic
3762 589 3781 627 :

2192 654 2245 714 Si
2275 666 2457 729 posset
2483 659 2659 714 carnis
2679 658 3104 735 concupiscentia
3135 661 3273 716 mala
3295 676 3415 719 esse
3440 663 3779 733 naturaliter,

2190 751 2531 821 exstirpanda
2557 760 2693 827 erat,
2717 767 2823 808 non
2853 752 3238 823 componenda.
3261 753 3350 811 Sic
3366 754 3507 815 enim
3527 766 3783 828 possunt,

2192 842 2279 919 qui
2311 844 2472 899 latine
2498 845 2708 910 sciunt,
2740 845 2996 900 tardiores
3027 845 3322 917 intelligere
3360 846 3486 918 quid
3519 846 3784 919 loquaris.

2192 933 2294 993 Sed
2321 935 2393 991 ita
2416 936 2517 997 hoc
2542 935 2675 993 dicis
2693 976 2708 1001 ,
2736 936 2887 1007 quasi
2914 951 3017 995 non
3044 952 3162 995 eam
3190 934 3414 993 mallent
3440 939 3740 1008 exstirpare
3761 979 3786 1008 ,

2193 1027 2238 1083 si
2267 1037 2503 1099 possent,
2547 1044 2735 1084 omnes
2767 1030 2857 1100 qui
2891 1038 3197 1101 propterea
3241 1030 3611 1101 eoniugantur,
3657 1033 3789 1102 quia

2193 1118 2533 1175 continentizc
2573 1121 2809 1176 laborem
2852 1137 2958 1191 quo
2984 1121 3107 1176 huic
3152 1123 3293 1178 malo
3336 1123 3622 1187 resistitur,
3674 1140 3785 1179 non

2194 1209 2371 1265 ferunt
2388 1253 2403 1278 ,
2427 1220 2481 1266 et
2506 1211 2630 1267 ideo
2655 1213 2859 1267 malunt
2884 1226 2950 1267 eo
2974 1208 3110 1269 bene
3134 1206 3231 1280 uti,
3262 1210 3420 1285 quam
3446 1215 3636 1270 melius
3663 1230 3786 1270 om-

2195 1303 2323 1357 nino
2341 1317 2446 1357 non
2471 1304 2566 1358 uti.
2595 1302 2699 1363 Sed
2726 1305 2769 1359 si
2797 1305 2849 1359 in
2874 1319 3100 1375 corpore
3135 1305 3322 1360 niortis
3346 1302 3506 1376 huius
3532 1305 3636 1362 hoc
3661 1298 3795 1363 me;

2196 1394 2302 1450 lum
2332 1397 2692 1452 necessarium
2720 1404 2807 1453 est
2832 1398 3162 1468 coniugatis,
3207 1400 3330 1469 quia
3367 1399 3483 1454 sine
3533 1400 3624 1456 illo
3668 1401 3791 1455 ﬁeri

2195 1502 2303 1542 non
2330 1497 2503 1558 potest
2531 1488 2729 1544 bonum
2765 1484 3160 1560 generatiOnis;
3212 1490 3547 1548 continentes
3590 1493 3793 1551 exstir'.

2196 1587 2324 1650 pent
2346 1581 2828 1651 concupiscentiam
2862 1582 3060 1638 carnis.
3091 1582 3171 1639 Tu
3213 1583 3349 1654 ipse,
3382 1591 3438 1638 tu
3479 1583 3570 1653 qui
3595 1582 3789 1654 loque-

2196 1672 2292 1740 ris,
2312 1685 2411 1728 nec
2436 1672 2563 1744 quid
2594 1674 2828 1743 loquaris
2853 1674 3107 1742 attendls,
3142 1675 3374 1745 exstirpa
3403 1674 3675 1732 libidinem
3718 1676 3793 1732 de

2197 1766 2455 1823 membris
2484 1765 2607 1823 tuis.
2639 1765 2756 1823 Non
2784 1764 2928 1825 enim
2957 1777 3013 1824 et
3056 1767 3154 1822 tibi
3199 1769 3499 1825 necessaria
3538 1779 3653 1835 est;
3696 1776 3793 1825 aut

2197 1857 2336 1912 bona
2388 1867 2513 1914 sunt
2539 1859 2655 1930 ejus
2677 1859 2962 1929 desideria,
2995 1860 3191 1933 quibus
3230 1860 3277 1915 si
3318 1862 3659 1919 consenserls
3700 1862 3791 1919 vel

2197 1949 2444 2014 cesseris,
2476 1950 2737 2006 interibis.
3132 1991 3139 1997 .

2268 2041 2323 2097 9.
2363 2042 2529 2099 Porro
2554 2042 2599 2096 si
2625 2043 2821 2098 malum
2875 2052 2959 2099 est
3006 2044 3060 2100 in
3104 2052 3160 2101 te
3192 2044 3278 2100 cui
3323 2059 3607 2116 repugnas,
3643 2045 3789 2116 quod

2199 2148 2493 2205 oppugnas,
2524 2135 2665 2206 quod
2694 2151 2817 2191 cum
2847 2136 3017 2193 vineis
3038 2151 3344 2209 expugnas;
3376 2138 3481 2194 ltoe
3508 2139 3650 2194 male
3674 2150 3792 2194 me-

2200 2226 2303 2281 lius
2335 2241 2441 2282 non
2478 2227 2665 2294 uteris,
2696 2242 2802 2298 quo
2839 2229 2983 2284 malo
3018 2229 3154 2285 bene
3184 2240 3401 2285 utuntur
3422 2228 3462 2297 ⁸,
3495 2231 3548 2285 in
3596 2231 3792 2302 quibus

2200 2316 2303 2372 hoc
2326 2317 2524 2374 bonum
2555 2330 2676 2379 esse
2703 2320 3016 2388 contendis;
3037 2320 3124 2376 ubi
3151 2318 3390 2391 profecto
3412 2322 3675 2387 mentiris,
3695 2330 3794 2385 aut

2200 2406 2419 2464 falleris.
2449 2408 2634 2480 Neque
2651 2411 2793 2465 enim
2818 2410 3057 2469 dicturus
3081 2427 3161 2479 es,
3180 2412 3233 2475 in
3254 2412 3562 2483 Coniugibus
3581 2411 3799 2473 bonum

2199 2515 2319 2556 esse
2361 2501 2658 2569 libidinem,
2685 2504 2738 2558 in
2772 2504 2973 2561 sanctis
3008 2513 3186 2569 autem
3230 2504 3314 2560 vel
3367 2503 3660 2575 virginibus
3702 2504 3795 2561 vel

2200 2594 2595 2650 continentibus
2620 2596 2837 2653 malum.
2861 2596 2977 2652 Jam
3000 2597 3323 2653 sententiam
3343 2602 3589 2652 tenemus
3616 2606 3791 2666 tuam,

2201 2688 2290 2742 ubi
2313 2687 2433 2743 aisti
2458 2705 2473 2742 :
2510 2688 3005 2760 «Concupiscentitn
3041 2691 3298 2747 naturalis
3332 2691 3427 2763 qui
3456 2692 3679 2747 modum
3708 2701 3795 2748 te-

2199 2790 2313 2848 net,
2354 2780 2498 2841 bono
2530 2780 2668 2837 bene
2704 2782 2901 2850 utitur;
2925 2783 3015 2853 qui
3056 2782 3272 2839 modum
3298 2798 3405 2839 non
3434 2792 3613 2849 tenet,
3645 2782 3796 2838 bene

2200 2874 2341 2932 male
2367 2873 2536 2928 utitur
2565 2891 2579 2928 :
2611 2875 2702 2945 qui
2727 2871 2907 2931 autem
2933 2875 3096 2931 etiam
3117 2876 3289 2946 ipsum
3318 2875 3559 2943 modum,
3588 2874 3796 2932 saneta

2199 2966 2518 3039 virginitatis
2563 2984 2747 3026 amore
2792 2974 3206 3042 contempserit,
3248 2972 3394 3029 bono
3434 2972 3629 3029 melius
3682 2987 3794 3030 non

2200 3059 2739 3127 utitur;eonﬂdentia
2766 3062 2965 3134 quippe
3003 3077 3115 3119 sua:
3144 3065 3351 3130 salutis,
3387 3078 3408 3118 ι
3450 3058 3651 3135 inquis,
3690 3083 3712 3119 ι
3737 3073 3798 3122 et

2199 3153 2410 3210 roboris
2430 3156 2755 3228 contempsit
2782 3157 3021 3213 remedia
3049 3197 3065 3225 ,
3091 3167 3148 3213 ut
3172 3158 3402 3229 gloriosa
3424 3170 3608 3231 posset
3634 3172 3801 3216 exor-

2199 3240 2324 3302 cere
2352 3248 2663 3303 certamina.
2690 3268 2711 3301 ι
2736 3248 2830 3319 iiis
2850 3249 3031 3305 verbis
3053 3250 3156 3304 tuis
3183 3250 3299 3306 sine
3322 3250 3669 3323 ambiguitate
3693 3251 3797 3308 de-

2199 3334 2390 3407 claras,
2416 3341 2898 3410 concupiscentiam
2920 3342 3099 3398 carnis
3126 3341 3227 3397 hoc
3255 3343 3278 3377 ²
3303 3357 3425 3398 esse
3449 3343 3502 3397 in
3526 3344 3793 3415 utrisque,

2200 3428 2253 3485 id
2277 3438 2379 3495 est,
2403 3440 2457 3484 et
2485 3430 2783 3502 coniugatis
2811 3443 2867 3487 et
2888 3431 3305 3488 continentibus.
3334 3433 3455 3500 Quo
3486 3434 3633 3489 enim
3661 3447 3798 3489 eon-

2193 3521 2361 3593 iugati
2381 3522 2519 3578 bene
2547 3532 2788 3589 utuntur,
2819 3533 2875 3580 et
2903 3526 3242 3582 continentes
3267 3527 3455 3581 melius
3496 3541 3607 3583 non
3632 3536 3795 3583 utun-

2200 3622 2308 3677 tur.
2337 3612 2531 3670 bonum
2562 3624 2619 3671 tu
2646 3616 2800 3680 dicis,
2830 3632 2931 3688 ego
2951 3619 3147 3674 malum
3177 3636 3191 3673 :
3218 3619 3315 3675 sed
3356 3619 3411 3675 in
3439 3621 3641 3676 sanctis
3684 3622 3804 3676 vir;

2199 3704 2410 3776 ginibus
2438 3718 2492 3762 et
2520 3707 2916 3763 continentibus
2940 3709 3116 3764 carnis
3136 3711 3565 3781 concupiscentia
3592 3711 3801 3767 malum

2200 3812 2263 3854 se
2290 3812 2411 3853 esse
2440 3797 2759 3864 manifestat,
2783 3808 2970 3855 contra
2985 3814 3145 3870 quam
3170 3800 3353 3856 fateris
3380 3815 3474 3857 eos
3502 3802 3525 3837 ⁸
3552 3814 3571 3854 ι
3596 3801 3797 3872 glorio-

2200 3906 2260 3946 sa
2284 3907 2540 3948 exercere
2576 3892 2870 3948 certamina
2897 3909 2911 3946 :
2951 3912 2970 3947 ι
2997 3894 3180 3964 procul
3210 3894 3371 3950 dubio
3403 3907 3534 3966 ergo
3562 3887 3670 3951 noit
3696 3895 3799 3951 bo-

2200 3998 2290 4049 no,
2323 3983 2418 4039 sed
2448 3984 2590 4041 malo
2614 3984 2808 4040 melius
2832 4000 2940 4040 non
2979 3993 3221 4042 utuntur.
3253 3984 3368 4042 Hoc
3393 3985 3554 4057 igitur
3579 3982 3799 4049 utentes

2201 4073 2473 4144 colliuges,
2502 4089 2602 4131 nee
2632 4075 2731 4146 ipsi
2762 4075 2943 4146 utique
2970 4076 3130 4143 bono,
3159 4077 3255 4134 sed
3284 4079 3429 4134 malo
3453 4079 3591 4135 bene
3630 4076 3799 4139 utun-

2203 4174 2305 4219 tur.
2328 4164 2557 4221 Proinde
2576 4175 2683 4223 tota
2710 4168 3070 4224 controversia
3097 4185 3203 4224 non
3230 4170 3489 4225 remansit
3506 4171 3583 4241 (si
3609 4178 3795 4228 tamen

2200 4258 2457 4313 remansit
2479 4258 2700 4332 aliqua),
2732 4259 2834 4315 nisi
2861 4272 3037 4317 utrum
3079 4262 3132 4316 in
3166 4262 3245 4319 eis
3289 4264 3378 4333 qui
3406 4260 3794 4323 continentiam

2201 4349 2312 4406 Deo
2343 4359 2618 4417 voverunt,
2648 4352 2847 4408 bonum
2876 4355 2948 4409 sit
2973 4355 3071 4413 ista
3091 4354 3157 4410 de
3184 4370 3287 4425 qua
3310 4355 3643 4426 disputamus
3661 4372 3797 4412 con-

2200 4444 2525 4515 cupiscentia
2572 4446 2770 4512 carnis,
2815 4460 2884 4501 an
2934 4449 3152 4503 malum.
3190 4446 3346 4517 Quod
3394 4450 3536 4504 enim
3592 4449 3788 4505 horum

2199 4535 2423 4592 duorum
2453 4547 2720 4609 repertum
2748 4539 2802 4594 in
2842 4540 2925 4594 his
2966 4539 3143 4606 fuerit,
3176 4540 3279 4596 hoc
3306 4550 3360 4596 et
3388 4541 3441 4596 in
3477 4541 3797 4612 coniugibus

2199 4628 2478 4699 apparebit
2504 4644 2518 4682 :
2543 4629 2793 4700 quoniam
2821 4630 2926 4687 hoc
2962 4631 3039 4685 illi
3081 4632 3221 4687 bene
3264 4640 3501 4695 utuntur,
3541 4648 3650 4703 quo
3703 4633 3794 4688 istl

2199 4722 2391 4778 melius
2421 4738 2529 4779 non
2565 4733 2804 4779 utuntur.
2853 4723 3057 4796 Collige
3089 4725 3271 4798 itaque
3299 4735 3436 4783 totas
3469 4726 3613 4782 vires
3647 4728 3799 4782 neuti

2199 4814 2277 4870 tui
2301 4814 2502 4883 cordis,
2528 4829 2593 4872 ac
2627 4816 2810 4873 libera:
2836 4815 3046 4883 frontis,
3094 4826 3149 4873 et
3198 4818 3335 4873 unde
3376 4817 3705 4889 respondete
3745 4819 3795 4875 st

2202 4914 2379 4975 potes,
2434 4907 2540 4962 hoc
2585 4907 2783 4962 bonum
2836 4909 3108 4975 esse,cui,
3152 4909 3293 4965 sicut
3330 4908 3471 4964 libro
3513 4909 3798 4980 superiore

2199 5000 2475 5056 confessus
2498 5015 2579 5067 es,
2612 5016 2632 5054 ι
2659 5001 3035 5071 Apostolorum
3056 4996 3529 5076 legiompugnavlt
3556 5018 3571 5059 ι
3600 5022 3629 5057 θ
3654 5002 3795 5059 mihi

2200 5093 2406 5149 scilicet
2456 5093 2807 5164 exprobrans,
2852 5095 2998 5166 quod
3048 5104 3276 5151 stantes
3312 5115 3334 5148 ι
3390 5104 3515 5151 esse
3559 5095 3792 5151 disertim

2208 5186 2489 5244 (libidinis
2513 5187 2674 5257 vires,
2705 5196 2763 5243 ut
2799 5188 2847 5245 ei
2876 5200 2977 5244 nec
3014 5189 3389 5259 Apostolorum
3438 5189 3577 5260 legio
3624 5180 3794 5261 repu-

2198 5281 2474 5353 gnaverit;
2504 5298 2526 5333 ι
2557 5294 2679 5336 cum
2707 5282 2884 5353 potius
2911 5295 3008 5352 pro
3031 5274 3189 5337 causa
3216 5292 3334 5337 mea
3364 5272 3526 5338 iaciat
3548 5323 3563 5347 ,
3586 5280 3712 5352 quia
3739 5279 3793 5337 ei

2199 5373 2345 5429 malo
2366 5371 2511 5444 quod
2540 5382 2597 5429 tu
2619 5374 2817 5431 bonum
2844 5371 2998 5441 dicis,
3022 5372 3164 5445 legio
3188 5387 3298 5431 non
3319 5371 3797 5444 qualiumcumque

2264 5532 2283 5606 ε
2319 5531 2644 5606 Ῡειιὶωιιὶριιο
2675 5529 2982 5606 .et_callicanl
3002 5538 3109 5606 tres
3141 5530 3468 5606 manuscripti,
3498 5541 3695 5587 necnon
3726 5530 3793 5587 ad

2198 5593 2716 5666 marginemedltionis
2737 5602 2858 5653 Am.,
2881 5607 2975 5658 quo
2994 5592 3122 5644 maio
3136 5606 3230 5644 non
3253 5592 3466 5642 utuntur.

2198 5657 2641 5730 -IJeumeesss
2663 5663 3036 5730 θκρμηξετρηιρ
3447 5654 3791 5730 “Wese-

2197 5723 2364 5768 Exstat
2395 5723 2557 5767 tamen
2598 5718 2651 5769 tn
2688 5714 2884 5773 eastern
2921 5714 3031 5771 tere
3518 5714 3571 5769 et
3605 5714 3793 5782 optime

2197 5777 2414 5830 refermr
2435 5777 2513 5839 ad,
2548 5778 2737 5833 tam

2265 5841 2288 5874 ³
2316 5847 2419 5890 nuo
2439 5846 2569 5903 Mss,
2589 5854 2687 5892 eas.
