4038 6470
216 482 542 548 sanctorum,
579 473 675 540 sed
701 475 935 548 ipsorum
963 489 1174 550 quoque
1215 475 1527 548 repugnavit
1579 479 1810 548 Aposto-

219 551 408 646 lorum.
441 565 540 622 Cui
577 565 718 621 malo
750 577 954 624 tantum
993 568 1152 624 licere
1175 583 1356 638 posse,
1390 570 1508 640 quis
1534 569 1810 646 crederet,

216 667 269 711 ut
290 657 387 712 sibi
416 657 748 722 laudatorem
777 659 936 716 etiam
968 659 1034 716 de
1063 659 1172 716 suis
1199 661 1652 736 expugnatoribus
1677 675 1808 730 pro-

213 749 452 804 videret?
478 749 634 804 Absit
684 749 921 822 quidem,
973 763 1029 808 ut
1071 754 1407 828 antiquorum
1448 751 1680 824 aliquem
1729 753 1811 818 vel

213 841 586 916 Apostolorum
612 886 625 912 ,
659 845 742 900 vel
769 861 1099 920 quorumque
1129 857 1436 906 sanctorum
1461 865 1476 904 :
1497 847 1814 904 mirabiliter

215 945 406 1000 tamen,
440 936 562 1008 quia
593 935 678 992 vel
703 953 1020 1010 quemquam
1065 939 1434 994 btereticorum
1477 939 1496 972 ⁸
1525 954 1810 1006 novorum,

211 1027 292 1096 qui
326 1025 488 1080 simul
533 1037 814 1100 utrumque
850 1046 907 1084 se
944 1045 1061 1088 esse
1088 1030 1396 1102 proﬁteatur
1425 1030 1813 1100 inexplicabili-

213 1121 304 1172 bus
372 1119 594 1194 modis,
651 1132 1066 1194 expugnatorem
1120 1125 1321 1180 scilicet
1371 1119 1812 1192 defensoremque

211 1195 479 1278 libidinis;
505 1220 559 1266 et
579 1223 806 1267 conetur
833 1211 1117 1268 ostendere
1147 1230 1368 1270 manens
1399 1213 1453 1276 in
1483 1213 1674 1268 haeresi
1707 1213 1810 1268 Pe-

213 1287 440 1372 lagiana.
468 1309 523 1356 et
555 1317 618 1357 ex
649 1302 828 1356 animo
855 1319 911 1358 se
937 1303 1150 1358 laudare
1171 1303 1316 1376 quod
1355 1304 1530 1376 ipsum
1554 1304 1669 1374 ejus
1699 1303 1813 1357 ani-

213 1393 354 1445 mum
383 1393 488 1447 nisi
519 1403 850 1464 expugnetur
873 1394 1086 1462 occidit,
1119 1403 1174 1450 et
1201 1412 1266 1451 ex
1297 1395 1474 1462 animo
1498 1411 1804 1468 expugnare

211 1471 348 1556 quod
373 1481 489 1552 ejus
514 1481 702 1558 dogma
727 1483 824 1538 nisi
851 1481 1095 1539 laudetur
1120 1485 1370 1540 absumit.

281 1573 370 1627 10.
405 1571 578 1644 Rogo,
608 1573 652 1627 si
703 1581 786 1628 est
823 1575 896 1630 in.
923 1575 1073 1629 vobis
1117 1575 1254 1630 ullus
1301 1591 1488 1631 sensus
1527 1573 1810 1646 humanus,

214 1659 335 1746 num
363 1673 541 1740 potest
564 1673 618 1720 et
643 1665 840 1738 malum
869 1682 988 1722 esse
1032 1677 1312 1738 peccaturo
1336 1711 1349 1734 ,
1371 1669 1424 1722 el
1455 1668 1649 1723 bonum
1692 1685 1814 1736 esse

214 1755 519 1811 desiderare
573 1758 892 1826 peccatum?
922 1757 1057 1823 Quid
1087 1760 1229 1816 enim
1261 1759 1367 1832 agit
1397 1760 1448 1814 in
1481 1776 1640 1816 carne
1684 1775 1811 1818 sane

215 1859 416 1904 ctorum
435 1851 819 1926 continentium
843 1851 940 1906 ista
969 1852 1417 1922 concupiscentia,
1444 1851 1544 1906 nisi
1577 1867 1808 1922 peccan—

215 1941 546 2020 didesideria
571 1959 584 2008 ;
609 1943 801 2020 quibus
844 1959 950 1998 non
992 1945 1386 2006 consentientes
1425 1963 1442 1997 ι
1479 1953 1806 2024 exercent.)

218 2027 267 2088 ut
293 2035 590 2102 confiteris,
620 2053 638 2087 ι
662 2033 888 2106 gloriosa
914 2035 1205 2094 certamina
1234 2033 1262 2090 τ
1291 2055 1309 2089 ι
1341 2033 1523 2106 Neque
1543 2035 1683 2090 enim
1703 2033 1814 2089 sal-

219 2117 316 2180 tem
337 2125 592 2184 connubii
619 2123 933 2184 desiderium
967 2125 1018 2180 in
1077 2127 1164 2181 illa
1210 2126 1549 2180 continentiae
1603 2123 1813 2195 profes-

217 2205 360 2274 sione
386 2224 565 2288 potest
593 2231 711 2274 esse
745 2233 847 2270 nou
883 2217 1103 2271 malum.
1134 2201 1270 2284 Quid
1293 2231 1417 2286 ergo
1443 2215 1548 2270 illic
1574 2216 1698 2286 agit,
1723 2213 1814 2270 ubi

221 2293 414 2366 malum
447 2315 528 2361 est
557 2307 810 2380 quidquid
838 2307 978 2378 agit;
1021 2322 1084 2361 ac
1137 2306 1182 2361 si
1225 2306 1274 2361 ei
1319 2305 1702 2374 consentiatur,
1759 2311 1814 2359 et

223 2401 458 2472 peragit?
485 2402 620 2470 Quid
651 2387 722 2456 ibi
763 2403 870 2476 agit
903 2401 1016 2456 lucc
1060 2401 1516 2470 concupiscentia,
1549 2399 1636 2456 ubi
1680 2399 1814 2458 nihil

224 2479 342 2547 boui
371 2493 766 2572 concupiscitur
789 2509 851 2548 ex
893 2493 1016 2550 illa?
1043 2491 1178 2564 Quid
1221 2493 1292 2548 ibi
1328 2491 1434 2568 agit
1477 2491 1663 2558 libido,
1721 2489 1813 2548 ubi

225 2585 348 2640 u'ibil
371 2587 499 2644 boni
525 2585 708 2650 libebit
734 2603 798 2644 ex
825 2586 955 2640 illa?
977 2585 1090 2641 Non
1121 2586 1420 2656 importune
1439 2585 1490 2639 in
1521 2583 1814 2656 conjugatis

224 2671 337 2756 esse
364 2679 576 2756 dicatur
603 2699 615 2734 :
643 2681 844 2750 sicnim
883 2695 1150 2736 summum
1189 2679 1400 2734 culmen
1438 2677 1677 2738 obtinent
1715 2693 1814 2750 pu-

226 2753 416 2844 dicitia:
464 2771 775 2842 conjtigalis,
825 2769 1027 2828 faciunt
1068 2771 1193 2832 boni
1247 2769 1444 2844 aliquid
1499 2779 1594 2844 per
1647 2769 1832 2838 illam,

229 2867 472 2938 quamvis
496 2865 622 2920 nihil
653 2863 845 2922 faciant
871 2873 1086 2936 propter
1115 2863 1280 2919 illam.
1309 2862 1366 2918 In
1401 2861 1598 2917 sanctis
1637 2869 1814 2916 autem

229 2957 524 3030 Virginibus
543 2963 596 3011 et
615 2957 1005 3011 continentibus
1027 2957 1150 3026 quid
1172 2957 1298 3028 agit,
1324 2955 1546 3040 obsecro
1579 2963 1660 3019 te;
1690 2953 1832 3034 quid

231 3049 332 3120 a‘git
381 3059 472 3102 tua
527 3050 624 3103 ista
672 3057 937 3118 suscepta,
961 3063 1080 3102 cum
1102 3047 1299 3118 desipis
1324 3049 1378 3112 ';
1412 3047 1736 3112 adversaria,
1770 3043 1816 3100 si

233 3143 403 3214 sapis;
440 3139 566 3212 quid
597 3140 722 3214 agit,
753 3139 842 3194 ubi
889 3137 1018 3194 nihil
1042 3139 1166 3196 boni
1195 3139 1302 3210 agit
1337 3137 1473 3208 ipsa,
1507 3137 1638 3194 nihil
1689 3135 1815 3196 boni

234 3235 404 3306 agitur
431 3231 499 3290 de
523 3231 668 3304 ipsa?
693 3231 826 3302 Quid
859 3231 963 3304 agit
1012 3231 1063 3285 in
1091 3231 1189 3297 eis,
1221 3231 1276 3285 in
1326 3229 1519 3302 quibus
1560 3225 1816 3301 quidquid

235 3325 525 3380 secundum
557 3325 724 3394 ipsam
751 3324 1160 3396 concupiscitur,
1191 3321 1386 3378 malum
1409 3321 1529 3378 est?
1555 3321 1690 3392 Quid
1710 3323 1818 3393 agit

235 3406 283 3470 in
308 3417 410 3478 eis,
443 3431 575 3484 quos
605 3423 787 3469 contra
811 3425 866 3468 se
887 3414 1158 3483 compellit
1182 3414 1400 3483 vigilare
1429 3419 1585 3484 atquc
1615 3427 1819 3484 pugna-

235 3521 294 3568 re
323 3524 336 3570 ;
361 3517 416 3560 et
445 3506 486 3560 si
509 3505 810 3576 quandosi)
837 3505 918 3566 eis,
945 3505 1106 3566 ullum
1149 3503 1234 3559 vel
1265 3503 1317 3557 in
1359 3503 1560 3568 somnis
1616 3501 1820 3559 furatur

236 3583 533 3674 assensum,
559 3611 678 3650 cum
709 3595 1092 3666 evigilaVerint,
1113 3609 1327 3666 gemere
1356 3601 1410 3650 et
1435 3594 1572 3649 inter
1593 3595 1838 3674 gemitus

235 3669 434 3755 dicere,
492 3687 752 3752 Quomodo
786 3687 991 3758 impleta
1023 3693 1096 3740 est
1136 3687 1306 3740 anima
1343 3701 1454 3739 mea
1500 3683 1820 3740 llluaionibus

239 3763 405 3850 (Psal.
433 3761 635 3840 xxxvii,
665 3775 766 3850 8)?
792 3777 922 3845 Quia
948 3791 1068 3831 cum
1099 3777 1299 3846 sopitos
1325 3773 1583 3831 deludunt
1610 3779 1817 3831 sonmia

237 3866 424 3924 sensus
452 3869 750 3942 (a),nescio
802 3865 1070 3938 quomodo
1117 3867 1275 3923 etiam
1332 3875 1492 3922 castae
1535 3865 1724 3921 anima:
1763 3867 1818 3921 in

241 3971 418 4034 turpes
459 3961 708 4016 labuntur
734 3975 1016 4026 assensus;
1047 3975 1166 4032 qua:
1195 3959 1241 4016 si
1273 3957 1563 4030 imputaret
1607 3957 1820 4014 Altissi-

241 4051 376 4122 mus,
408 4055 528 4132 quis
558 4055 758 4110 viveret
781 4054 991 4108 castus?

309 4151 396 4204 11.
437 4147 551 4202 lloc
573 4163 698 4218 ergo
720 4147 937 4214 malum,
960 4145 1100 4218 quod
1133 4159 1239 4200 non
1254 4145 1494 4200 dicturus
1512 4157 1570 4198 es
1595 4143 1814 4208 bonum,

241 4233 336 4296 nisi
369 4241 630 4296 adversus
660 4255 870 4296 onmem
891 4240 1127 4295 veritatis
1150 4239 1327 4293 tubam
1357 4237 1434 4292 sic
1451 4233 1815 4302 obsurdueris,

241 4323 294 4388 ut
319 4335 519 4390 clames
549 4333 744 4388 bonum
773 4347 888 4387 csse
919 4331 1292 4404 concupiscere
1321 4329 1539 4396 malum,
1560 4325 1698 4398 quod
1723 4341 1821 4383 nec

243 4425 372 4480 inter
397 4424 588 4478 surdos
615 4423 789 4478 dicere
817 4423 1034 4478 audebis
1064 4440 1076 4476 :
1103 4421 1218 4488 hoc,
1249 4421 1482 4494 inquam,
1507 4419 1702 4474 malum
1720 4433 1820 4474 cur

242 4535 341 4571 non
371 4518 702 4586 exstirpatur
739 4515 802 4571 de
837 4515 1220 4571 continentium
1266 4529 1428 4570 carne
1472 4513 1820 4569 sanctorum?

241 4605 345 4662 Cur
371 4626 476 4662 non
511 4627 528 4658 ι
555 4617 719 4662 totum
752 4623 910 4678 opere
941 4608 1134 4662 mentis
1167 4605 1486 4662 aufertur?»
1523 4605 1634 4662 [ioc
1676 4606 1819 4662 enim

242 4691 368 4754 dicis
402 4719 419 4751 ι
449 4699 568 4753 fieri
598 4699 864 4764 debuisse,
895 4699 940 4753 si
982 4699 1174 4754 malum
1205 4707 1366 4755 esset.
1399 4717 1420 4752 ι
1457 4699 1522 4754 Et
1550 4700 1671 4770 quia
1715 4715 1820 4754 non

245 4789 294 4846 fit
331 4796 388 4852 in
427 4793 740 4864 conjugatis,
773 4793 860 4848 ubi
901 4791 1016 4862 ejus
1073 4791 1266 4848 modus
1289 4791 1310 4824 ⁸
1336 4801 1416 4846 est
1465 4791 1818 4859 necessarius,

245 4879 355 4960 ideo
387 4897 540 4960 putas
563 4885 798 4940 bonum:
829 4899 946 4938 cum
965 4883 1162 4948 videas,
1197 4898 1295 4937 nec
1321 4883 1390 4938 ibi
1423 4881 1532 4936 fleri
1565 4881 1653 4936 ubi
1701 4897 1818 4937 mo-

243 4959 334 5036 dus
363 4981 480 5050 ejus
512 4979 685 5034 nullus
705 4987 786 5036 est
816 4981 1167 5043 necessarius,
1202 4987 1254 5034 et
1287 4979 1340 5033 in
1387 4986 1640 5048 quantum
1683 4977 1822 5032 inest

246 5083 414 5140 nocet,
449 5072 546 5126 etsi
575 5087 678 5128 non
702 5071 767 5125 ad
802 5069 1127 5141 perdendum
1154 5071 1220 5126 de
1249 5080 1392 5126 sorte
1418 5079 1741 5132 sanctorum,
1771 5071 1818 5125 si

247 5179 342 5216 non
376 5163 427 5218 ei
468 5163 866 5228 consentiatur,
895 5169 1070 5218 tamen
1103 5161 1166 5215 ad
1195 5161 1532 5217 minuendam
1564 5161 1819 5232 spiritua-

247 5253 341 5326 lem
369 5255 777 5310 delectationem
806 5263 1106 5310 sanctarum
1125 5255 1414 5320 mentium;
1445 5253 1588 5307 illam
1618 5254 1820 5308 scilicet

247 5335 306 5402 de
322 5364 422 5420 qua
440 5349 571 5402 dicit
593 5347 893 5418 Apostolus,
913 5345 1236 5404 Condeleclor
1259 5347 1389 5401 enim
1413 5343 1509 5417 legi
1531 5343 1627 5400 Dei
1646 5361 1820 5400 secun-

249 5435 360 5496 dum
383 5439 670 5495 interiorem
692 5439 938 5496 hominem
966 5437 1138 5512 (Rom.
1162 5451 1259 5504 vtt,
1432 5435 1556 5491 Haac
1586 5435 1820 5490 delecta—

307 5574 324 5606 ⁸
358 5577 429 5625 Sic
459 5583 558 5640 Am,
587 5581 638 5640 et
655 5581 760 5640 )tss.
788 5581 838 5623 At
861 5579 935 5622 Er.
963 5579 1166 5640 et_t.ov_.,
1191 5571 1266 5622 vel
1293 5579 1823 5640 quamuis-umquamn-

250 5641 426 5706 uorum
455 5650 472 5687 :
494 5635 774 5706 mirabiliter
786 5640 965 5706 tonum,
990 5633 1034 5686 si
1051 5632 1122 5684 vel
1145 5631 1432 5698 quemdam
1461 5631 1817 5686 nauticarum.

307 5701 328 5730 ³
358 5699 524 5748 Plures
551 5707 674 5756 3155.,
697 5699 740 5746 si
763 5699 956 5756 desipis.

307 5709 328 5730 ¹
358 5709 524 5748 Plures
551 5709 674 5756 Μεεη
697 5711 740 5746 ει
763 5709 866 5747 (1882
917 5711 956 5746 5.

267 5781 274 5786 -
309 5761 519 5832 suae
541 5709 938 5832 rane-_sss;..;gic
959 5755 1166 5832 eunte.
1191 5761 1357 5832 me
1381 5819 1388 5832 ,

310 5811 393 5886 (ay
409 5811 666 5872 [illusio-ard
691 5811 949 5885 vagatus,
971 5811 1164 5868 socia:
1193 5811 1267 5880 to‘,
1292 5811 1419 5868 “ves.
1445 5815 1556 5866 eis.

1475 401 1480 408 .
1537 357 1738 424 uasa
1775 361 2119 440 ausurus.

1923 478 1996 538 tio
2021 478 2258 550 profecto
2284 479 2558 550 minuitur,
2589 483 2800 554 quando
2821 486 2920 546 etsi
2943 501 3044 542 non
3068 489 3133 544 ad
3154 490 3496 566 explendam,

1918 581 2064 634 certe
2091 572 2154 628 ad
2179 575 2580 644 oppugnandam
2609 579 2835 634 carnalis
2873 584 3357 656 concupiscentiam
3405 573 3500 656 vo;

1919 661 2156 734 luptatis,
2195 665 2438 726 bellantis
2472 669 2678 726 animus
2710 682 3018 740 occupatur,
3069 683 3124 729 et
3172 674 3240 729 ita
3285 687 3502 734 exercet

1919 751 2149 826 gloriosa
2205 759 2518 830 certamina,
2567 771 2624 816 ut
2671 778 2703 816 a
2756 761 3107 822 delectatione
3159 749 3501 840 ititelligibilis

1921 847 2330 932 pulchritudinis
2373 851 2500 926 ipsis
2530 855 2908 912 certaminibus
2943 866 3215 914 avocetur.
3241 833 3354 916 Sed
3377 833 3502 932 quid

1921 929 1972 1012 in
2005 938 2104 992 ista
2133 937 2356 994 humana
2386 941 2598 996 miseria
2631 941 2778 1014 pejor
2807 941 2976 1000 hostis
3017 955 3098 1002 est
3137 949 3370 1006 cavenda
3394 929 3500 1010 su-

1922 1025 2125 1108 perbia,
2166 1027 2287 1084 ideo
2333 1031 2584 1085 nimirum
2637 1048 2738 1086 non
2787 1036 2995 1104 penitus
3040 1039 3392 1110 exstinguitur
3448 1041 3498 1098 in

1920 1133 2081 1178 carne
2110 1121 2496 1178 continentium
2524 1125 2826 1180 sanctortim
2849 1125 2946 1180 ista
2968 1129 3414 1200 concupiscentia,
3442 1141 3504 1194 ul,

1919 1209 2044 1290 dum
2093 1223 2354 1284 pugnatur
2382 1213 2636 1270 adversus
2675 1231 2814 1284 eam,
2865 1217 3225 1288 periculorum
3281 1237 3498 1278 suorum

1919 1303 2128 1384 animus
2173 1301 2523 1360 admoneatur
2543 1347 2558 1370 ,
2591 1321 2659 1362 ne
2685 1322 2904 1363 securus
2933 1307 3176 1378 inﬂetur;
3205 1309 3376 1367 donec
3399 1312 3500 1368 hu-

1919 1406 2074 1446 mana
2106 1389 2360 1474 fragilitas
2381 1391 2446 1448 ad
2475 1403 2672 1474 tantam
2702 1395 3083 1466 perfectionem
3113 1403 3386 1476 perveniat
3412 1419 3500 1459 sa-

1919 1485 2118 1552 nitatis,
2141 1479 2229 1540 ubi
2248 1487 2387 1546 nulla
2411 1489 2635 1566 putredo
2651 1490 2898 1558 lascivire,
2922 1491 3097 1548 nullus
3118 1489 3291 1550 tumor
3311 1511 3498 1566 supcr-

1918 1573 2018 1630 hiae
2051 1575 2377 1634 formidetur.
2412 1577 2498 1634 Sic
2518 1580 2685 1635 virtus
2716 1581 2766 1634 in
2795 1581 3098 1640 infirmitate
3133 1584 3402 1654 perficitur
3434 1587 3500 1657 (ll

1917 1665 2148 1748 Conxn,
2181 1669 2236 1738 9)
2272 1688 2286 1726 :
2317 1672 2440 1740 quia
2471 1677 2524 1728 et
2551 1687 2785 1742 pugnare
2823 1673 3141 1730 infirmitatis
3161 1685 3260 1734 est.
3291 1677 3504 1748 Quanto.

1918 1761 2058 1820 enim
2074 1762 2294 1834 quisque
2311 1761 2474 1816 vincit
2501 1761 2723 1824 facilius.
2746 1775 2891 1820 tanto
2912 1775 3108 1838 pugnat
3127 1767 3324 1840 minus.
3342 1769 3396 1823 fu
3415 1785 3498 1826 se-

1918 1841 2330 1924 metipsoautem
2352 1855 2468 1930 quis
2491 1865 2769 1926 pugnaret,
2802 1857 2845 1916 si
2876 1857 3002 1912 nihil
3030 1875 3094 1914 ex
3123 1863 3409 1932 semetipso
3427 1861 3501 1917 ei-

1918 1941 2042 1998 dem’
2061 1947 2416 2016 repugnaret?
2438 1947 2503 2001 Et
2523 1947 2646 2018 quid
2667 1948 2819 2002 nobis
2841 1959 3096 2022 repugnat
3115 1969 3178 2005 ex
3204 1951 3379 2020 nobis,
3399 1953 3504 2012 nisi

1918 2035 2058 2110 quod
2078 2035 2250 2090 adhuc
2269 2043 2482 2090 curatur
2509 2047 2564 2091 ut
2594 2047 2810 2094 sanetur
2841 2037 2893 2092 in
2939 2039 3289 2112 tiobis'fErgo
3326 2041 3376 2097 in
3407 2061 3502 2099 no-

1917 2125 2239 2196 bismetipsis
2261 2127 2368 2181 sola
2394 2138 2475 2182 est
2497 2127 2776 2183 infirmitas
2802 2145 2960 2184 causa
2987 2131 3285 2200 pugnandi;
3315 2143 3498 2188 etrur-

1919 2231 2009 2272 sus
2031 2217 2310 2273 inlirmitas
2332 2217 2622 2274 admonitio
2644 2229 2725 2278 est
2751 2236 2854 2276 non
2883 2223 3240 2292 superbiendi.
3274 2223 3502 2282 Proinde

1917 2301 2084 2363 virtus
2100 2311 2322 2380 quahlc,
2348 2309 2436 2366 ubi
2463 2313 2722 2382 superbiri
2746 2313 2984 2386 potest‘,
3015 2329 3120 2370 non
3141 2317 3498 2388 superbiatur,

1919 2399 1971 2455 in
1997 2399 2303 2458 infirmitate
2325 2403 2614 2473 perficitur.

1945 2503 1950 2508 '
1993 2493 2077 2548 12.
2118 2493 2470 2564 Quamobrem
2499 2495 2603 2552 hoc
2624 2481 2918 2570 conjuges"
2939 2497 3076 2556 bene
3106 2507 3326 2570 utuntur
3345 2544 3360 2568 ,
3390 2518 3496 2574 quo

1919 2586 2254 2664 continentes
2297 2586 2487 2642 melius
2516 2605 2622 2644 non
2668 2595 2906 2644 utuntur.
2937 2589 3126 2648 Malum
3159 2591 3318 2664 igitur
3346 2593 3366 2624 ³
3394 2609 3502 2664 quo

1919 2669 2170 2752 c'onjnges
2191 2679 2326 2734 bene
2348 2689 2596 2748 utuntur,
2621 2691 2675 2738 et
2705 2682 2844 2738 inest
2869 2683 3181 2754 conjugihus
3222 2701 3327 2758 quo
3363 2685 3502 2741 bene

1920 2779 2153 2838 utantur,
2179 2769 2318 2826 inest
2345 2779 2399 2827 et
2426 2771 2825 2829 continentibus
2847 2789 2953 2846 quo
2979 2775 3168 2830 melius
3211 2767 3316 2831 non
3349 2787 3501 2832 utan-

1921 2868 2046 2915 tur:
2075 2861 2196 2916 ideo
2217 2863 2412 2934 quippe
2443 2863 2601 2934 inest,
2648 2873 2703 2920 ut
2747 2881 2852 2920 non
2893 2867 3232 2924 extollantur.
3275 2887 3292 2920 ι
3316 2867 3454 2924 Solis
3478 2888 3496 2921 ι

1920 2970 2046 3028 ergo
2075 2953 2309 3012 libidinis
2345 2976 2363 3010 ‹
2387 2955 2696 3014 excessibus
2715 2969 3014 3028 accusatur,
3046 2980 3066 3012 ι
3103 2961 3194 3015 sed
3225 2959 3316 3015 ille
3343 2977 3370 3015 a
3398 2979 3502 3032 quo

1921 3065 2027 3105 non
2075 3051 2557 3106 refrenaturznam
2593 3051 2707 3122 ipsa
2754 3069 2848 3122 per
2885 3068 2942 3108 se
2989 3051 3156 3124 ipsam
3207 3053 3503 3111 rectissime

1921 3141 2138 3198 omnino
2163 3143 2270 3200 suis
2299 3143 2429 3214 ipsis
2458 3143 2690 3200 motibus
2717 3153 3013 3208 accusatur,
3044 3145 3235 3216 quibus
3261 3163 3326 3201 ne
3349 3127 3504 3202 cxce-

1921 3234 2009 3312 dat
2031 3233 2323 3290 obsistitur.
2353 3233 2465 3290 Non
2485 3235 2684 3308 itaque,
2706 3243 2764 3290 ut
2791 3235 2976 3302 dicis,«
3000 3235 3126 3291 nihil
3151 3237 3218 3292 ad
3247 3237 3526 3306 innoceny

1922 3325 2045 3380 tiam
2075 3335 2350 3398 promovet
2379 3325 2638 3381 modestia
2667 3327 2742 3380 rei
2769 3342 2866 3396 per
2893 3325 3063 3394 ipsum
3095 3343 3263 3398 genus
3301 3345 3500 3384 nocen-

1924 3415 2010 3472 tis.
2040 3437 2058 3470 ›
2083 3417 2363 3474 Promovet
2385 3419 2578 3490 quippe
2599 3417 2664 3472 ad
2693 3417 3050 3472 innocentiam
3075 3435 3182 3472 non
3200 3421 3502 3476 consentire

1923 3509 2064 3564 malo
2092 3526 2105 3562 :
2138 3525 2234 3564 nec
2265 3509 2385 3566 ideo
2421 3509 2546 3564 illud
2591 3509 2678 3564 cui
2721 3525 2826 3563 non
2874 3510 3222 3574 consentitur,
3277 3527 3380 3564 non
3420 3521 3518 3586 est.

1924 3601 2150 3666 malum;
2183 3601 2290 3655 imo
2316 3611 2598 3672 prepterea
2639 3599 2754 3654 sine
2797 3599 3125 3655 dubitatione
3169 3601 3364 3656 malum
3396 3609 3497 3668 est,

1924 3695 2042 3766 quia
2075 3707 2180 3750 non
2210 3693 2258 3749 ei
2289 3693 2592 3750 consentire
2621 3691 2822 3746 bonum
2861 3702 2962 3746 est.
3009 3689 3146 3760 Quid
3191 3693 3332 3748 enim
3377 3693 3526 3756 mali,

1923 3785 2140 3852 faceret,
2196 3785 2284 3856 qui
2329 3783 2484 3838 bona:
2527 3783 2970 3853 concupiscentia:
3000 3783 3349 3850 consentiret;
3382 3801 3501 3838 cum

1923 3875 2048 3932 mali
2076 3875 2204 3930 nihil
2229 3875 2403 3940 faciat,
2424 3875 2582 3928 etiam
2613 3874 2702 3946 qui
2744 3889 2904 3948 opere
2931 3873 3210 3944 conjugali,
3245 3891 3348 3929 non
3389 3873 3505 3930 sine

1925 3969 2090 4038 ipsius
2119 3965 2259 4022 malo
2300 3965 2529 4021 seminat
2557 3963 2848 4030 hominem,
2886 3965 2974 4036 qui
3009 3975 3090 4020 est
3122 3965 3214 4019 Dei
3242 3981 3376 4036 opus
3404 3965 3502 4019 bo-

1926 4058 2088 4117 num?
2115 4061 2225 4116 Nec
2259 4079 2279 4112 ‹
2300 4059 2674 4116 COuleclricem
2703 4057 2966 4113 seminum
2999 4057 3270 4112 libidinem
3295 4073 3314 4109 ›
3349 4057 3500 4112 dixe-

1923 4141 2017 4210 ris.
2047 4153 2139 4209 llle
2166 4153 2360 4224 quippe
2381 4161 2526 4207 creat
2552 4149 2785 4206 hominis
2809 4165 3011 4212 semen,
3037 4149 3124 4220 qui
3145 4151 3410 4204 hominem
3438 4165 3502 4204 ex

1925 4231 2165 4302 semine:
2199 4243 2292 4298 sed
2329 4241 2490 4308 unde,
2519 4241 2756 4296 interest.
2784 4239 2914 4308 Quia
2939 4239 3066 4294 mali
3099 4237 3255 4308 hujus
3299 4241 3502 4294 occulta

1925 4323 2048 4391 sunt
2074 4341 2126 4388 et
2155 4333 2264 4388 dira
2294 4333 2536 4402 contagia
2569 4349 2583 4386 '.
2613 4345 2711 4385 nec
2733 4345 2798 4386 ex
2829 4329 2910 4383 his
2939 4329 3244 4383 hominibus
3267 4330 3355 4398 qui
3386 4345 3500 4383 ma-

1927 4429 1980 4484 lo
1999 4433 2200 4492 carent,
2227 4426 2367 4480 Deus
2394 4423 2476 4479 vel
2505 4437 2685 4478 semen
2711 4423 2795 4477 vel
2825 4421 3070 4476 homines
3111 4429 3288 4486 creat;
3340 4422 3498 4475 etiam

1925 4503 1970 4578 si
1999 4517 2212 4594 quidam
2233 4519 2300 4573 ab
2330 4515 2568 4590 ejusdem
2595 4515 2716 4570 mali
2746 4529 2885 4569 noxa
2912 4513 3315 4583 regeneratione
3345 4512 3504 4568 soluti

1925 4623 2067 4680 sunt,
2101 4609 2490 4668 sicutsolvendi
2520 4617 2640 4664 sunt
2663 4607 2752 4678 qui
2777 4606 2899 4661 inde
2928 4615 3238 4684 nascuntur.

1999 4707 2085 4762 15.
2129 4705 2244 4759 Dixi
2277 4705 2426 4770 sane,
2455 4715 2555 4757 nec
2585 4697 2828 4770 pmnitet,
2854 4697 2920 4752 de
2949 4697 3196 4768 pudicitia
3220 4691 3526 4767 conjugali,

1927 4813 2045 4870 qua:
2066 4813 2181 4852 mea
2213 4779 2373 4849 verba
2419 4792 2666 4865 posuisti,
2698 4807 2716 4842 ι
2744 4791 2862 4858 quia
2897 4803 3015 4844 cum
3056 4789 3192 4842 dona
3247 4787 3336 4842 Dei
3389 4801 3506 4842 esse

1929 4892 2025 4944 ista
2049 4895 2430 4952 monstrantur,
2460 4899 2488 4938 a
2521 4898 2628 4956 quo
2659 4881 2884 4954 petenda
2916 4889 3039 4934 sunt
3068 4880 3309 4944 discitur,
3332 4881 3375 4934 si
3403 4895 3505 4935 non

1929 4981 2217 5046 habentur;
2273 4987 2326 5034 et
2369 4977 2453 5034 cui
2513 4973 2729 5048 agendae
2794 4973 2999 5045 gratiae,
3049 4973 3092 5028 si
3163 4972 3443 5027 habentur.
3484 4990 3503 5024 ι

1928 5078 2170 5148 Aguntur
2210 5075 2351 5131 enim
2407 5075 2592 5146 gratia:
2627 5092 2644 5125 ι
2681 5088 2786 5128 non
2841 5073 2906 5126 de
2932 5071 3157 5144 origine,
3195 5089 3215 5124 ι
3249 5079 3306 5126 ut
3337 5071 3506 5138 dicis,

1935 5189 1954 5223 ε
1986 5167 2446 5239 concupiscentiae,
2489 5184 2509 5220 ι
2540 5165 2689 5238 cujus
2740 5165 2890 5236 origo
2924 5175 3005 5220 est
3039 5165 3265 5234 primum
3311 5161 3504 5216 malum

1929 5263 2192 5328 hominis;
2223 5279 2242 5314 ι
2273 5259 2366 5316 sed
2409 5259 2476 5316 de
2531 5259 2790 5332 regimine
2815 5300 2829 5324 ,
2871 5277 2889 5312 ι
2921 5257 3062 5328 quod
3117 5271 3299 5311 verum
3352 5251 3503 5307 dicis.

1930 5343 2226 5426 Utrumque
2248 5355 2388 5408 enim
2414 5353 2566 5420 dicis,
2604 5371 2623 5404 ι
2647 5349 2732 5407 vel
2779 5351 3037 5422 regimine
3087 5347 3170 5402 vel
3219 5343 3445 5413 origine.
3483 5360 3528 5426 ι¹

1928 5445 2055 5503 ideo
2077 5455 2254 5502 autem
2280 5453 2510 5516 aguntur
2534 5443 2716 5516 gratia;
2738 5439 2806 5497 de
2835 5441 3091 5512 regimine
3119 5433 3505 5506 concupiscen-

1991 5625 2008 5658 ⁸
2037 5625 2120 5675 nic
2141 5626 2190 5674 in
2215 5621 2357 5673 editis
2372 5622 2498 5673 male
2519 5623 2750 5681 additum,
2777 5625 2844 5671 ut.

1987 5689 2012 5722 1|
2043 5674 2442 5738 montanam.
2477 5691 2529 5735 et
2559 5693 2654 5744 an,
2681 5674 2992 5748 eunuchi-em
3024 5674 3360 5742 cumam
3389 5687 3500 5732 ωη-

1916 5747 2080 5814 iuges.

2045 5817 2098 5862 In
2119 5810 2263 5862 editis
2281 5808 2360 5860 hic
2381 5807 2588 5868 additur,
2607 5811 2692 5857 est.
