4038 6472
523 385 633 444 743

1324 376 1599 433 CONTRA
1636 366 1976 433 JULIANUM
2014 366 2480 441 PELAGIANUM,
2519 370 2579 430 S.
2620 371 2987 432 AUGUSTINI

3700 372 3815 434 7M

527 503 638 567 tite,
666 498 788 573 quia
818 511 1117 570 repugnans
1144 495 1392 551 vincitur.
1436 493 1587 562 Quod
1635 501 1811 548 autem
1850 496 2111 561 repugnat
2215 488 2397 558 coepit,
2426 488 2667 559 perﬁciat
2690 504 2860 562 usque
2884 490 2938 545 in
2957 490 3115 547 ﬁnem
3134 487 3391 563 (Philipp.
3419 505 3456 550 I.
3489 489 3566 561 6).
3599 490 3659 547 In
3695 509 3813 563 quo

529 595 787 652 voluntati
816 593 990 657 bona),
1029 606 1136 647 non
1186 600 1270 646 est
1312 589 1550 654 bonum;
1596 587 1705 642 imo
1744 584 1944 640 malum
1991 594 2111 638 esse

2217 579 2366 635 enim
2392 581 2473 636 vis
2498 600 2516 635 ι
2538 580 2829 648 hominem,
2845 603 2865 635 ι
2886 582 3025 639 sicut
3047 582 3299 655 loqueris,
3324 601 3344 635 ι
3372 582 3438 637 ad
3464 584 3662 655 aliquid
3685 585 3812 642 lau-

524 691 647 761 quis
672 697 848 760 nega,
871 687 970 742 nisi
995 685 1085 757 qui
1116 699 1222 740 non
1262 682 1425 740 habet
1451 679 1741 738 voluntatis
1759 678 1956 735 bonum
1977 717 1994 746 ,
2022 674 2111 731 cui
2213 671 2390 729 dabile
2412 674 2659 745 generosi
2688 676 2865 731 cordis
2884 675 3114 731 stimulis
3142 675 3375 741 incitari,
3408 693 3427 728 ›
3461 675 3515 730 in
3544 676 3649 733 hoc
3676 692 3811 734 eum

523 779 666 852 quod
692 787 971 851 repugnat,
1002 777 1230 833 fateatur
1254 776 1493 831 malum?

588 869 817 926 CAPUT
858 867 944 923 lll.
967 869 1150 924 -14.
1191 866 1490 937 Interponis
1534 863 1635 919 alia
1673 862 1743 920 de
1780 861 1919 918 libro
1957 874 2104 929 meo,

516 959 606 1016 ubi
632 975 754 1016 cum
786 959 1045 1015 dixissem
1073 958 1271 1014 donum
1300 957 1392 1012 Dei
1428 954 1737 1028 pudicitiam
1764 967 1885 1010 esse
1912 950 2102 1022 conju-

514 1054 711 1125 galem,
747 1051 935 1108 ethoc
962 1050 1221 1124 Apostolo
1250 1058 1387 1106 teste
1428 1048 1767 1113 docuissem;
1813 1045 2104 1101 occurren-

515 1154 624 1200 tem
653 1143 847 1206 deinde
872 1142 1223 1215 quaestionem
1247 1141 1438 1197 tacitus
1468 1139 1611 1195 nolui
1640 1138 1943 1211 praeterire,
1974 1134 2103 1207 quid

513 1236 801 1294 dcendum
825 1236 914 1303 sit,
946 1251 1067 1292 cum
1097 1234 1343 1290 videntur
1371 1234 1533 1289 etiam
1561 1230 1805 1287 nonnulli
1827 1229 1973 1299 impii
1996 1244 2101 1301 pu-

512 1328 633 1385 dice
668 1344 790 1384 cnm
824 1325 1137 1398 conjugibus
1170 1324 1352 1381 vivere
1372 1323 1474 1395 (De
1509 1321 1722 1394 Nuptiis
1758 1332 1807 1377 et
1844 1319 2099 1390 Concupi-

511 1425 721 1487 seentia.
763 1423 852 1480 lib.
885 1423 935 1488 1,
984 1439 1038 1476 n.
1082 1421 1158 1491 4).
1205 1439 1226 1475 ι
1255 1419 1473 1487 Soletis,
1509 1437 1531 1472 ι
1575 1418 1739 1484 enim,
1793 1434 1813 1468 ι
1844 1426 2099 1488 negantes

511 1513 608 1570 Dei
635 1513 775 1570 dona
818 1529 941 1589 esse
977 1512 1202 1569 virtutes
1228 1511 1422 1583 quibus
1462 1519 1611 1566 recte
1648 1509 1864 1575 vivitur,
1910 1516 1965 1563 et
2005 1521 2100 1563 cas

508 1612 718 1661 natura:
754 1604 1122 1675 voluntatique
1164 1604 1432 1669 humanae,
1480 1616 1587 1657 non
1634 1600 1819 1672 gratiae
1860 1598 1954 1654 Dei
1995 1599 2097 1653 tri-

509 1698 755 1767 buentes,
786 1698 889 1754 hoc
928 1697 1004 1752 uti
1033 1704 1370 1770 argumento,
1396 1694 1540 1766 quod
1582 1709 1675 1750 eas
1714 1706 2096 1763 nonnunquam

510 1788 746 1847 habeant
767 1789 1050 1845 inﬁdeles:
1081 1807 1102 1843 ›
1133 1789 1207 1844 ita
1231 1797 1490 1843 conantes
1506 1800 1767 1842 evacuare
1791 1784 1933 1856 quod
1962 1784 2096 1839 dici-

508 1896 651 1949 mus,
680 1882 952 1937 neminem
991 1890 1138 1937 recte
1161 1881 1362 1948 vivere,
1407 1878 1512 1934 nisi
1549 1894 1617 1935 ex
1643 1876 1750 1934 fide
1787 1892 1883 1948 per
1908 1876 2093 1933 Jesum

508 1973 789 2043 Christum
806 1973 1088 2030 Dominum
1109 1981 1374 2040 nostrum,
1401 1986 1567 2026 unum
1605 1969 1702 2026 Dei
1736 1976 1793 2024 et
1814 1967 2091 2024 hominum

506 2065 892 2131 mediatorem;
932 2065 1023 2121 ubi
1069 2078 1166 2120 vos
1206 2064 1325 2133 ejus
1369 2060 1707 2118 adversarios
1751 2059 2091 2130 apertissime

506 2159 852 2229 proﬁtemini.
893 2158 1133 2229 Denique
1160 2156 1320 2228 longe
1344 2171 1452 2211 non
1492 2168 1678 2211 eamus
1706 2171 1722 2209 :
1747 2154 1793 2209 si
1818 2152 1956 2209 forte
1991 2152 2092 2209 fal-

503 2250 607 2317 lor,
634 2250 701 2306 ad
728 2251 827 2305 ista
856 2248 1138 2321 responde.
1171 2247 1285 2318 Ego
1304 2246 1435 2315 dixi,
1468 2265 1489 2301 ι
1514 2245 1766 2319 pudicum
1794 2259 1901 2302 non
1929 2259 2088 2300 vera-

502 2341 636 2397 citer
662 2341 789 2407 dici,
818 2340 908 2412 qui
937 2355 1043 2396 non
1072 2348 1290 2411 prepter
1322 2339 1493 2394 Deum
1532 2353 1718 2394 verum
1753 2336 1914 2391 ﬁdem
1958 2351 2089 2393 con-

502 2433 648 2488 nubii
692 2441 870 2488 servat
916 2432 1090 2486 uxori.
1120 2448 1141 2484 a
1196 2429 1351 2488 Unde
1399 2438 1577 2485 autem
1618 2426 1673 2483 id
1719 2426 2082 2496 ostenderem,

500 2523 659 2591 paulo
690 2532 810 2593 post
845 2520 1085 2590 adhibui,
1111 2519 1255 2591 quod
1284 2520 1416 2575 mihi
1441 2519 1613 2574 visum
1650 2525 1735 2574 est
1757 2516 1957 2587 grande
1980 2516 2083 2572 (lo-

499 2624 804 2670 cumentum
832 2612 1020 2684 (Ibid.,
1050 2628 1164 2683 cap.
1194 2611 1272 2682 4).
1320 2629 1341 2665 ι
1371 2608 1504 2667 Cum
1549 2608 1694 2665 enim
1720 2608 1888 2665 virtus
1932 2608 2022 2677 sit,
2057 2626 2079 2662 ι

499 2706 736 2776 inquam,
768 2722 788 2757 ι
816 2704 1087 2775 pudicitia,
1112 2702 1199 2758 cui
1226 2702 1412 2757 vitium
1444 2700 1771 2756 contrarium
1796 2709 1880 2756 est
1907 2700 2085 2771 impu-

498 2796 698 2862 dicitia,
727 2810 1022 2867 omnesque
1047 2796 1269 2850 virtutes
1288 2794 1447 2849 etiam
1471 2808 1589 2862 qua:
1615 2806 1712 2862 per
1730 2806 1925 2862 corpus
1951 2806 2083 2862 ope-

498 2897 704 2955 rantur,
747 2888 802 2942 in
846 2887 1025 2941 animo
1070 2885 1344 2951 habitent;
1390 2882 1659 2954 quomodo
1705 2898 1833 2939 vera
1874 2884 2083 2941 ratione

499 2980 747 3050 pudicum
776 2994 970 3049 corpus
1004 2977 1281 3044 asseritur,
1323 2976 1537 3047 quando
1577 2991 1609 3031 a
1644 2974 1775 3031 v‘ero
1812 2974 1925 3031 Deo
1965 2976 2083 3046 ipse

497 3071 710 3126 animus
749 3070 1123 3125 fornicatur?»
1169 3067 1369 3124 Deinde
1412 3084 1482 3123 ne
1521 3069 1801 3139 quisquam
1841 3076 2081 3125 vestrum

497 3170 715 3234 negaret
751 3163 985 3217 animum
1026 3160 1317 3218 infidelium
1360 3161 1629 3227 fornicari,
1669 3160 1885 3217 adhibui
1928 3161 2079 3218 testi-

495 3257 731 3313 monium
772 3256 840 3311 de
866 3256 1139 3326 Scriptura
1172 3263 1376 3321 sancta,
1415 3254 1504 3310 ubi
1539 3254 1749 3326 legitur,
1787 3254 1918 3308 Ecce
1945 3254 2079 3309 enim

496 3347 583 3418 qui
610 3348 757 3419 longe
783 3364 836 3401 se
873 3349 1067 3420 faciunt
1103 3363 1136 3399 a
1180 3355 1246 3412 te,
1289 3346 1553 3415 peribunt;
1580 3344 1844 3417 perdidisti
1880 3362 2078 3400 omnem

493 3438 579 3507 qui
609 3440 892 3511 fornicatur
930 3439 1018 3493 abs
1058 3446 1107 3491 te
1149 3436 1321 3509 (Psal.
1354 3452 1530 3502 um,
1569 3435 1686 3509 27).
1737 3436 1844 3493 Sed
1887 3444 1942 3492 tu
1984 3435 2077 3507 qui

499 3547 520 3581 ‹
549 3545 690 3597 mea,
721 3548 740 3582 ι
786 3531 923 3585 sicut
949 3529 1103 3594 dicis,
1140 3546 1159 3580 ι
1188 3544 1309 3599 quae
1334 3528 1465 3583 mihi
1491 3527 1738 3583 videntur
1761 3538 1917 3584 acuta
1947 3544 2077 3599 per-

492 3620 753 3691 sequeris,
781 3638 800 3671 ι
842 3620 943 3674 hoc
984 3628 1148 3673 totum
1177 3627 1425 3689 tanquam
1454 3616 1585 3672 mihi
1615 3618 1863 3673 obtusum
1902 3618 2073 3676 visum

492 3717 650 3768 tuerit
686 3712 990 3782 praeteristi.
1042 3711 1169 3766 Vide
1210 3726 1340 3781 ergo
1384 3709 1510 3781 quid
1540 3708 1729 3765 horum
1775 3712 2073 3783 negandum

491 3805 787 3860 arbitreris.
834 3804 1094 3858 Virtutem
1146 3818 1265 3858 esse
1332 3802 1641 3873 pudicitiam
1695 3803 2070 3875 conjugalem,

493 3896 889 3967 promptissime
930 3895 1201 3950 conﬁteris
1230 3910 1453 3951 :omnes
1483 3894 1704 3951 virtutes
1747 3896 1907 3951 etiam
1954 3913 2073 3968 qua:

493 4006 589 4061 per
618 4004 811 4059 corpus
835 3997 1145 4058 operantur,
1188 3987 1241 4042 in
1266 3987 1446 4041 animo
1482 3986 1725 4043 habitare
1750 4003 1856 4043 non
1884 4005 2069 4061 negas.

493 4083 661 4138 Porro
690 4082 915 4137 inﬁdelis
935 4081 1166 4136 animum
1194 4079 1446 4135 fornicari
1465 4095 1495 4133 a
1524 4080 1635 4135 Deo
1661 4079 1748 4135 ille
1769 4090 1945 4151 potest
1973 4097 2072 4139 ne-

491 4190 637 4246 gare,
666 4176 753 4245 qui
784 4189 844 4230 se
871 4174 1044 4246 palam
1075 4182 1375 4228 sanctarum
1399 4170 1794 4241 Scripturarum
1817 4172 2071 4230 adversa-

491 4268 627 4322 rium
659 4267 951 4336 proﬁtetur.
974 4264 1054 4319 Ex
1082 4264 1270 4334 quibus
1297 4262 1545 4318 omnibus
1570 4262 1685 4318 haec
1710 4278 1916 4320 summa
1942 4280 2073 4320 con-

492 4364 687 4431 ﬁcitur,
720 4372 777 4417 ut
808 4362 967 4416 autin
995 4360 1173 4414 animo
1193 4358 1489 4413 fornicante
1514 4356 1765 4427 pudicitia
1796 4373 1922 4413 vera
1950 4373 2071 4415 esse

492 4458 692 4527 possit;
721 4455 859 4523 quod
881 4453 1056 4508 cernis
1080 4466 1236 4522 quam
1259 4451 1329 4507 sit
1347 4449 1637 4505 absurdum
1664 4467 1677 4503 :
1702 4459 1794 4504 aut
1818 4451 1869 4504 in
1892 4450 2071 4506 animo

495 4548 722 4603 inﬁdelis
748 4545 998 4616 pudicitia
1026 4559 1153 4600 vera
1178 4558 1297 4598 esse
1327 4558 1431 4597 non
1465 4542 1666 4612 possit;
1698 4543 1939 4613 quamvis
1966 4542 2069 4599 hoc

490 4658 610 4697 cum
651 4656 968 4705 assererem,
1015 4647 1068 4693 te
1106 4636 1329 4692 ﬁnxeris
1367 4636 1606 4690 surdum.
1644 4634 1760 4689 Non
1802 4634 1977 4706 igitur,
2014 4645 2072 4692 ut

488 4733 849 4799 calumniaris,
898 4750 917 4784 ι
948 4729 1124 4790 studio
1147 4728 1477 4799 vituperandi
1518 4729 1890 4797 substantiam,
1929 4730 2068 4785 dona

487 4827 751 4882 collaudo.
780 4845 798 4878 ι
831 4825 945 4880 Νοιι
977 4826 1118 4879 enim
1145 4824 1446 4879 divinorum
1473 4821 1733 4877 donorum
1780 4837 1947 4892 capax
1984 4837 2070 4878 cs-

488 4928 590 4985 sct,
622 4919 722 4972 nisi
746 4917 882 4972 bona
910 4924 1052 4971 esset
1080 4916 1307 4970 humana
1334 4914 1646 4979 substantia,
1680 4914 1761 4967 cui
1790 4914 1914 4967 vitia
1945 4929 2070 4984 quo-

486 5026 590 5081 quc
620 5010 731 5080 ipsa
772 5008 1022 5064 bonitatis
1062 5006 1349 5078 perhibent
1378 5005 1738 5061 testimonium
1785 5006 2066 5061 naturalis.

485 5104 623 5174 Quid
671 5104 812 5157 enim
858 5101 1000 5157 aliud
1047 5102 1100 5155 in
1130 5100 1258 5155 vitio
1305 5107 1454 5155 recte
1491 5097 1755 5168 displicet,
1804 5098 1907 5154 nisi
1944 5099 2067 5171 quia

488 5196 719 5252 detrahit
747 5195 830 5249 vel
861 5193 1053 5248 minuit
1081 5192 1221 5263 quod
1245 5193 1297 5247 in
1328 5200 1513 5246 natura
1543 5188 1750 5261 placet?

560 5292 647 5348 15.
688 5291 818 5346 Cum
849 5303 977 5359 ergo
1001 5287 1253 5343 divinitus
1282 5286 1562 5356 adjuvatur
1591 5283 1774 5352 homo,
1807 5299 1913 5341 non
1944 5292 2064 5339 tan-

488 5390 599 5438 tum
622 5400 640 5434 ι
666 5381 732 5437 ad
754 5379 1133 5452 capessendam
1156 5377 1539 5449 perfectionem
1559 5376 1855 5447 adjuvatnr,
1884 5395 1903 5429 ι
1926 5376 2065 5447 quod

489 5476 600 5547 ipse
621 5473 866 5545 posuisti,
896 5472 1077 5543 utique
1103 5471 1291 5526 volens
1314 5469 1535 5540 intelligi
1561 5484 1681 5523 eum
1719 5483 1813 5537 per
1845 5483 1904 5522 se
1930 5467 2064 5522 inci-

488 5580 613 5637 pcrc
657 5566 771 5619 sine
821 5564 1010 5634 gratia,
1062 5560 1205 5633 quod
1252 5559 1463 5631 perﬁcit
1501 5558 1671 5628 gratia
1701 5575 1714 5611 :
1742 5558 1837 5611 sed
1889 5560 2064 5627 potius

491 5658 624 5730 quod
644 5658 931 5731 Apostolus
956 5655 1214 5728 loquitur,
1230 5663 1287 5709 ut
1304 5654 1391 5726 qui
1416 5653 1467 5708 in
1495 5652 1645 5709 vobis
1663 5653 1678 5684 ι
1706 5666 1839 5723 opus
1865 5652 2061 5709 bonum

548 5820 571 5859 ⁸
597 5825 682 5870 Am
720 5824 775 5870 et
792 5828 965 5869 omnes
985 5824 1114 5878 Mss,
1134 5814 1285 5867 nobis.

2212 779 2322 820 non
2343 766 2424 821 vis
2452 767 2506 822 in
2532 766 2781 835 Domino,
2816 767 2912 823 sed
2941 768 2994 823 in
3022 767 3194 823 libero
3215 767 3436 823 arbitrio
3458 769 3675 839 gloriari
3700 788 3714 825 ε
3737 784 3814 827 ac

2210 857 2289 913 sic
2325 857 2557 928 priorem
2605 858 2759 927 dare,
2805 867 2865 914 ut
2907 859 3232 915 retribuatur
3267 859 3376 925 illi;
3429 875 3599 931 eoque
3638 860 3810 918 modo

2209 953 2374 1022 gratia
2399 952 2509 1022 jam
2546 967 2653 1008 non
2693 954 2761 1008 sit
2786 954 2955 1024 gratia
2986 950 3159 1023 (Rom.
3202 968 3276 1020 xt,
3306 952 3396 1017 55,
3427 952 3506 1025 6),
3541 954 3664 1024 quia
3692 969 3806 1011 non

2208 1050 2292 1097 est
2329 1043 2577 1114 gratuita.
2625 1062 2646 1096 ι
2674 1044 2875 1099 Bonam
2903 1062 2923 1097 ι
2979 1043 3115 1099 dicis
3158 1061 3178 1096 ι
3208 1043 3483 1098 hominum
3530 1054 3804 1113 naturam,

2206 1149 2327 1207 quae
2357 1136 2477 1191 talis
2505 1136 2689 1208 gratiae
2712 1136 3115 1207 opitulationem
3142 1146 3399 1192 meretur.
3430 1154 3449 1188 ι
3483 1136 3635 1205 Quod
3672 1153 3803 1208 gra-

2208 1235 2381 1284 tanter
2403 1229 2663 1296 audirem,
2698 1230 2744 1285 si
2777 1230 2878 1286 hoc
2916 1239 3196 1300 propterea
3231 1229 3355 1300 quia
3386 1230 3662 1285 rationalis
3704 1246 3802 1285 na-

2204 1329 2320 1377 tura
2350 1331 2433 1378 est
2469 1322 2715 1378 diceres:
2749 1338 2921 1393 neque
2960 1323 3101 1379 enim
3144 1324 3312 1394 gratia
3346 1323 3437 1377 Dei
3477 1338 3577 1393 per
3612 1323 3799 1379 Jesum

2202 1412 2468 1469 Christum
2491 1415 2772 1470 Dominum
2796 1425 3035 1471 nostrum
3058 1414 3320 1488 lapidibus
3342 1426 3434 1470 aut
3455 1415 3612 1487 lignis
3637 1432 3800 1486 pecoo

2201 1505 2418 1561 ribusve
2456 1515 2741 1577 praestatur
2768 1524 2781 1561 :
2814 1506 2911 1563 sed
2941 1507 3063 1578 quia
3094 1507 3270 1577 imago
3297 1507 3390 1562 Dei
3420 1517 3522 1573 est,
3552 1518 3799 1564 meretur

2200 1596 2338 1653 hanc
2352 1599 2578 1669 gratiam
2602 1614 2619 1666 ;
2648 1615 2756 1655 non
2787 1607 2963 1654 tamen
3001 1608 3061 1654 ut
3088 1598 3203 1670 ejus
3228 1599 3365 1655 bona
3391 1598 3638 1655 voluntas
3662 1615 3795 1670 pos-

2196 1691 2269 1746 sit
2308 1691 2612 1762 praecedere
2656 1701 2851 1763 prmter
2888 1693 3134 1763 gratiam,
3181 1707 3250 1747 ne
3277 1691 3362 1747 vel
3399 1692 3605 1764 ipsam‘
3643 1693 3793 1762 prior

2194 1781 2306 1851 det,
2338 1791 2397 1838 ut
2415 1783 2735 1840 retribuatur
2764 1784 2858 1852 illi,
2880 1799 2945 1839 ac
2990 1783 3068 1839 sic
3106 1783 3271 1855 gratia
3296 1783 3406 1854 jam
3429 1800 3533 1838 non
3560 1784 3630 1839 sit
3666 1799 3792 1855 gra-

2194 1877 2289 1945 tia,
2326 1877 2454 1934 dum
2506 1893 2613 1935 non
2659 1879 2815 1935 datur
2861 1878 3111 1951 gratuita,
3161 1879 3257 1934 sed
3300 1878 3539 1934 redditur
3583 1878 3786 1936 debita.

2192 1966 2331 2037 Quid
2357 1978 2441 2025 est
2459 1986 2608 2043 ergo,
2639 1971 2779 2043 quod
2801 1970 3093 2027 secundum
3118 1969 3333 2026 modum
3357 1980 3613 2036 vestrum,
3651 1988 3672 2024 s
3700 1970 3785 2026 ef-

2192 2056 2391 2114 fectum
2432 2060 2719 2117 voluntatis
2761 2061 3009 2117 humana:
3042 2060 3181 2116 dona
3223 2060 3462 2117 caelestia
3498 2076 3585 2117 me
3612 2080 3633 2115 ι
3665 2076 3787 2117 cre-

2189 2148 2404 2206 dideras
2417 2170 2436 2205 ‹
2455 2167 2819 2225 nuncupasse;
2847 2172 2867 2206 ι
2888 2163 3137 2224 tanquam
3154 2153 3397 2209 voluntas
3412 2152 3642 2208 hominis
3666 2153 3785 2209 sine

2189 2240 2286 2297 Dei
2313 2243 2481 2312 gratia
2511 2254 2816 2300 moveretur
2839 2243 2907 2300 ad
2936 2244 3155 2311 bonum,
3184 2251 3244 2299 ut
3279 2242 3330 2300 ei
3373 2243 3581 2300 debitus
3607 2258 3639 2298 a
3667 2244 3785 2301 Deo

2188 2336 2576 2393 retribueretur
2604 2337 2862 2393 effectus?
2888 2337 3036 2394 ltane
3073 2337 3271 2393 oblitus
3298 2335 3495 2402 fueras,
3523 2352 3621 2393 nos
3651 2353 3782 2393 cum

2186 2425 2459 2498 Scriptura
2500 2427 2679 2484 dicere
2724 2437 2909 2484 contra
2946 2443 3064 2496 vos,
3104 2426 3437 2500 Preparatur
3473 2429 3705 2483 voluntas
3743 2446 3783 2484 α

2186 2518 2407 2576 Domino
2428 2520 2611 2594 (Prov.
2640 2538 2754 2588 vm,
2768 2539 2871 2578 sec.
2896 2519 3099 2594 LXX);
3123 2522 3207 2579 vel
3221 2521 3360 2592 quod
3382 2521 3437 2576 in
3456 2520 3609 2576 nobis
3632 2521 3781 2579 Deus

2187 2621 2441 2682 operetur
2466 2622 2522 2670 et
2543 2614 2714 2671 velle?
2733 2614 2777 2671 Ο
2798 2614 2987 2685 ingrati
3016 2613 3201 2685 gratiae
3223 2612 3347 2669 Dei!
3377 2627 3413 2669 ο
3434 2611 3633 2668 inimici
3652 2628 3782 2684 gra-

2187 2703 2274 2759 tiae
2301 2703 2522 2773 Cbristi,
2551 2715 2606 2762 et
2644 2706 2762 2762 solo
2805 2705 3067 2761 vocabulo
3105 2704 3414 2761 christiani!
3446 2704 3635 2761 Nonne
3676 2720 3781 2776 pro

2184 2797 2416 2853 inimicis
2431 2795 2545 2853 suis
2572 2808 2690 2854 orat
2717 2799 2990 2856 Ecclesia?
3009 2798 3146 2868 Quid
3175 2807 3314 2867 orat,
3343 2797 3607 2855 obsecro?
3634 2798 3681 2854 si
3718 2806 3781 2854 ut

2184 2891 2268 2947 eis
2292 2906 2404 2947 suae
2432 2892 2717 2948 voluntatis
2752 2888 3075 2948 retribuatur
3098 2892 3351 2964 pretium,
3376 2890 3503 2964 quid
3531 2891 3612 2950 eis
3632 2900 3774 2960 orat,

2184 2985 2290 3041 nisi
2335 2985 2536 3056 grande
2574 2984 2935 3057 supplicium?
2971 2984 3125 3056 Quod
3147 2984 3260 3057 jam
3303 2992 3486 3040 contra
3533 2999 3629 3041 eos
3664 2993 3774 3052 est,

2182 3090 2292 3131 non
2315 3090 2415 3146 pro
2442 3076 2523 3132 eis
2540 3093 2556 3145 ;
2575 3085 2692 3131 orat
2709 3084 2886 3131 autem
2906 3090 3003 3147 pro
3025 3076 3105 3131 eis
3132 3093 3146 3131 :
3170 3090 3277 3131 non
3305 3090 3434 3147 ergo
3458 3075 3581 3146 quia
3600 3084 3685 3130 est
3710 3075 3781 3131 il-

2182 3166 2287 3223 lis'
2317 3167 2566 3223 voluntas
2593 3167 2753 3233 bona,
2798 3167 2894 3223 sed
2923 3175 2982 3222 ut
3007 3174 3351 3223 convertatur
3374 3166 3426 3221 in
3452 3165 3649 3222 bonam
3674 3180 3777 3222 vo-

2182 3257 2359 3314 luntas
2378 3257 2517 3313 mala
2543 3275 2557 3312 :
2585 3257 2836 3329 quoniam
2860 3265 3181 3329 preparatur
3201 3256 3435 3312 uoluntas
3459 3272 3491 3309 a
3517 3254 3777 3323 Domino;

2179 3356 2252 3415 et,
2281 3346 2423 3404 Deus
2442 3357 2515 3404 est
2539 3349 2692 3417 enim,
2714 3356 2774 3403 ut
2796 3350 2870 3403 ait
2896 3348 3205 3421 Apostolus,
3226 3348 3315 3420 qui
3340 3357 3583 3420 operatur
3604 3348 3658 3403 in
3680 3364 3776 3404 uo-

2179 3436 2255 3495 bis
2280 3446 2326 3495 et
2354 3440 2483 3495 uelle
2507 3438 2768 3513 (Philipp.
2800 3456 2860 3507 ιι,
2893 3440 3005 3513 15).

2252 3532 2341 3589 16.
2381 3532 2488 3589 Sed
2524 3533 2854 3589 acerbissimi
2878 3532 3066 3604 gratiae
3098 3532 3255 3605 hujus
3288 3531 3496 3589 inimici
3524 3533 3775 3605 exempla

2178 3624 2333 3682 nobis
2360 3626 2627 3696 opponitis
2664 3617 2951 3695 impiorum
2980 3665 2998 3691 ,
3037 3640 3173 3697 quos
3205 3622 3412 3679 dicitis'
3443 3643 3465 3677 ι
3494 3623 3703 3680 alienos
3740 3640 3776 3682 a

2177 3717 2288 3775 fide
2322 3717 2597 3774 abundare
2641 3716 2945 3784 virtutibus,
2994 3716 3050 3771 in
3097 3715 3291 3787 quibus
3330 3715 3450 3772 sine
3499 3715 3775 3787 adjutorio

2178 3813 2385 3883 gratiae,
2413 3813 2585 3868 solum
2618 3819 2703 3867 est
2727 3820 2933 3866 natura:
2959 3809 3181 3877 bonum,
3226 3807 3350 3865 licet
3372 3809 3775 3880 superstitioni-

2178 3902 2278 3958 bus
2303 3904 2685 3973 mancipatum,
2717 3902 2808 3973 qui
2834 3902 2963 3959 solis
2984 3900 3243 3957 libertatis
3264 3901 3512 3973 ingenitae
3539 3901 3768 3969 viribus,

2178 4003 2233 4051 et
2259 3993 2636 4051 misericordes
2662 3993 2873 4061 crebro,
2896 4002 2951 4050 et
2974 3990 3222 4058 modesti,
3250 4000 3307 4048 et
3333 3993 3464 4048 casti
3492 3992 3776 4048 inveniun-

2177 4096 2284 4157 tur,
2315 4098 2371 4144 et
2416 4088 2602 4145 sobrii.
2631 4106 2651 4140 ι
2688 4087 2814 4143 Hac
2850 4085 3034 4143 dicens
3077 4101 3204 4142 ecce
3226 4084 3335 4156 jam
3372 4096 3426 4141 et
3466 4084 3595 4141 illud
3624 4085 3771 4155 quod

2175 4182 2361 4252 gratiae
2381 4181 2475 4237 Dei
2506 4180 2788 4247 tribueras,
2816 4178 3105 4245 abstulisti,
3134 4177 3305 4248 ipsum
3342 4176 3549 4232 scilicet
3576 4176 3774 4232 volun-

2177 4273 2300 4327 tatis
2326 4272 2595 4329 elfectum.
2624 4271 2741 4327 Non
2767 4270 2908 4326 enim
2938 4269 3081 4335 aisti,
3108 4268 3245 4324 velle
3283 4283 3377 4323 eos
3404 4281 3524 4322 esse
3552 4267 3771 4323 miseri-

2176 4364 2387 4432 cordes,
2419 4364 2711 4430 modestos,
2740 4371 2796 4418 et
2831 4371 3029 4426 castos,
3058 4368 3112 4414 ct
3154 4358 3384 4425 sobrios,
3417 4369 3471 4416 et
3508 4358 3629 4414 ideo
3655 4374 3769 4415 non

2177 4472 2318 4526 esse,
2365 4457 2509 4529 quod
2556 4455 2791 4512 nondum
2840 4471 2940 4525 per
2980 4452 3202 4525 gratiam
3248 4452 3445 4508 fuerint
3490 4453 3772 4509 consecuti

2175 4548 2332 4604 bona:
2377 4547 2533 4617 hujus
2560 4546 2851 4601 voluntatis
2889 4543 3135 4601 eﬁ‘ectum
3168 4560 3181 4598 :
3212 4543 3305 4599 sed
3349 4543 3395 4597 si
3439 4552 3492 4597 et
3518 4556 3639 4597 esse
3670 4557 3773 4598 vo-

2176 4640 2387 4697 luerunt
2411 4648 2468 4696 et
2486 4648 2630 4706 sunt,
2651 4639 2760 4709 jam
2789 4638 2843 4694 in
2867 4638 2945 4693 eis
2963 4637 3289 4693 voluntatem
3311 4644 3366 4691 et
3390 4635 3635 4691 effectum
3663 4650 3772 4691 vo-

2176 4734 2398 4789 luntatis
2435 4733 2766 4797 invenimus;
2806 4730 2933 4803 quid
2971 4730 3229 4787 remansit
3271 4728 3412 4800 quod
3454 4729 3639 4799 gratiae
3686 4744 3772 4785 re-

2175 4840 2452 4882 servemus
2472 4825 2524 4879 in
2551 4834 2656 4879 tam
2684 4822 3039 4889 evidentibus,
3058 4822 3251 4893 quibus
3276 4821 3454 4876 dixisti
3473 4835 3568 4876 eos
3590 4819 3771 4875 abun-

2175 4917 2304 4972 dare
2324 4915 2643 4972 virtutibus?
2662 4915 2871 4982 Quanto
2888 4915 3075 4981 satius,
3103 4914 3148 4968 si
3175 4922 3225 4968 te
3242 4912 3433 4982 impios
3454 4911 3527 4966 ita
3544 4910 3771 4968 laudare

2174 5009 2423 5077 delectat,
2467 5017 2525 5063 ut
2554 5024 2658 5063 non
2705 5007 2926 5062 audiens
2967 5007 3230 5062 dicentem
3274 5003 3624 5075 Scripturam,
3662 5002 3771 5071 Qui

2176 5103 2295 5157 dicit
2318 5102 2531 5172 impium
2558 5102 2757 5172 justum
2784 5115 2910 5169 esse,
2940 5099 3237 5154 maledictus
3266 5101 3357 5153 erit
3385 5099 3438 5152 in
3468 5097 3685 5168 populo,
3721 5106 3771 5152 et

2175 5194 2376 5249 adibitis
2401 5194 2455 5248 in
2479 5192 2707 5265 gentibus
2735 5190 2915 5265 (Prov.
2945 5205 3095 5256 xxiv,
3123 5189 3215 5262 24)
3240 5205 3255 5255 ;
3283 5188 3443 5244 etiam
3475 5187 3769 5243 virtutibus

2174 5287 2316 5342 veris
2340 5301 2432 5342 eos
2458 5284 2716 5357 praedices
2739 5283 3011 5340 abundare
3039 5300 3053 5336 :
3077 5290 3297 5353 quanto,
3324 5284 3557 5353 inquam,
3592 5279 3765 5335 satius

2174 5378 2291 5434 haec
2330 5379 2441 5450 ipsa
2482 5378 2535 5433 in
2574 5376 2655 5433 eis
2682 5375 2822 5431 dona
2866 5376 2962 5431 Dei
3003 5390 3124 5432 esse
3167 5373 3431 5439 fatereris,
3471 5371 3571 5428 sub
3607 5370 3770 5442 cujus

2175 5474 2385 5529 occulto
2409 5471 2633 5545 judicio,
2672 5486 2771 5527 nec
2799 5469 3019 5541 iniusto,
3045 5467 3135 5523 alii
3164 5466 3314 5534 fatui,
3342 5466 3430 5521 alii
3471 5462 3766 5521 tardissimi

2237 5627 2254 5659 ι
2288 5623 2502 5676 Nonnulli
2524 5630 2653 5686 Mss,
2673 5623 2797 5687 ipsa.

2234 5691 2256 5721 ι
2289 5696 2495 5721 ηιιιλιιιηιι
2516 5693 2607 5721 νεα
2687 5693 2758 5721 ρει
2775 5683 2823 5721 in
2838 5682 2913 5721 illi

2171 5691 2495 5878 ὺὲεὲἓέιῗᾶἲ
2514 5693 2646 5814 νηξξῖ
2681 5693 2825 5802 ῧδέίῗ
2838 5682 3074 5812 ιέέῖἲῆυιιο)
3088 5750 3215 5809 post.
3235 5743 3320 5811 qui
3352 5742 3498 5798 solius
3530 5739 3771 5800 libertatis
