  <div class='ocr_page' id='page_1' title='image "/cluster/home/n/w/nwhite01/storage/ocr_20150623/44/hvd.32044015706336/378.png"; bbox 0 0 4038 6460; ppageno 0'>
   <div class='ocr_carea' id='block_1_1' title="bbox 287 491 388 549">
    <p class='ocr_par' dir='ltr' id='par_1_1' title="bbox 287 491 388 549">
     <span class='ocr_line' id='line_1_1' title="bbox 287 491 388 549; baseline 0.01 0"><span class='ocrx_word' id='word_1_1' title='bbox 287 491 388 549; x_wconf 64' lang='lat'><strong>715</strong></span> 
     </span>
    </p>
   </div>
   <div class='ocr_carea' id='block_1_2' title="bbox 281 607 1860 712">
    <p class='ocr_par' dir='ltr' id='par_1_2' title="bbox 281 607 1860 712">
     <span class='ocr_line' id='line_1_2' title="bbox 281 607 1860 712; baseline 0.024 -51"><span class='ocrx_word' id='word_1_2' title='bbox 281 607 472 678; x_wconf 83' lang='lat' dir='ltr'><strong>ingenii</strong></span> <span class='ocrx_word' id='word_1_3' title='bbox 513 619 572 668; x_wconf 91' lang='lat' dir='ltr'><strong>et</strong></span> <span class='ocrx_word' id='word_1_4' title='bbox 610 615 675 671; x_wconf 87' lang='lat' dir='ltr'><strong>ad</strong></span> <span class='ocrx_word' id='word_1_5' title='bbox 707 617 1106 691; x_wconf 88' lang='lat' dir='ltr'><strong>intelligendum</strong></span> <span class='ocrx_word' id='word_1_6' title='bbox 1143 630 1372 699; x_wconf 89' lang='lat' dir='ltr'><strong>quodam</strong></span> <span class='ocrx_word' id='word_1_7' title='bbox 1417 636 1578 692; x_wconf 92' lang='lat' dir='ltr'><strong>modo</strong></span> <span class='ocrx_word' id='word_1_8' title='bbox 1603 640 1860 712; x_wconf 85' lang='lat' dir='ltr'><strong>plumbei,</strong></span> 
     </span>
    </p>
   </div>
   <div class='ocr_carea' id='block_1_3' title="bbox 276 700 1866 801">
    <p class='ocr_par' dir='ltr' id='par_1_3' title="bbox 276 700 1866 801">
     <span class='ocr_line' id='line_1_3' title="bbox 276 700 1866 801; baseline 0.024 -49"><span class='ocrx_word' id='word_1_9' title='bbox 276 700 360 754; x_wconf 81' lang='lat' dir='ltr'><strong>alii</strong></span> <span class='ocrx_word' id='word_1_10' title='bbox 397 701 670 774; x_wconf 80' lang='lat' dir='ltr'><strong>obliviosi,</strong></span> <span class='ocrx_word' id='word_1_11' title='bbox 717 710 804 766; x_wconf 91' lang='lat' dir='ltr'><strong>alii</strong></span> <span class='ocrx_word' id='word_1_12' title='bbox 850 717 990 770; x_wconf 91' lang='lat' dir='ltr'><strong>acuti</strong></span> <span class='ocrx_word' id='word_1_13' title='bbox 1034 733 1368 780; x_wconf 84' lang='lat' dir='ltr'><strong>memoresve</strong></span> <span class='ocrx_word' id='word_1_14' title='bbox 1419 739 1733 801; x_wconf 88' lang='lat' dir='ltr'><strong>nascuntur,</strong></span> <span class='ocrx_word' id='word_1_15' title='bbox 1777 735 1866 791; x_wconf 93' lang='lat' dir='ltr'><strong>alii</strong></span> 
     </span>
    </p>
   </div>
   <div class='ocr_carea' id='block_1_4' title="bbox 275 799 1863 890">
    <p class='ocr_par' dir='ltr' id='par_1_4' title="bbox 275 799 1863 890">
     <span class='ocr_line' id='line_1_4' title="bbox 275 799 1863 890; baseline 0.024 -46"><span class='ocrx_word' id='word_1_16' title='bbox 275 799 501 863; x_wconf 87' lang='lat' dir='ltr'><strong>utroque</strong></span> <span class='ocrx_word' id='word_1_17' title='bbox 527 812 749 856; x_wconf 90' lang='lat' dir='ltr'><strong>munere</strong></span> <span class='ocrx_word' id='word_1_18' title='bbox 779 805 1005 872; x_wconf 72' lang='lat' dir='ltr'><strong>prinditi,</strong></span> <span class='ocrx_word' id='word_1_19' title='bbox 1037 819 1090 864; x_wconf 91' lang='lat' dir='ltr'><strong>et</strong></span> <span class='ocrx_word' id='word_1_20' title='bbox 1131 824 1283 870; x_wconf 93' lang='lat' dir='ltr'><strong>acute</strong></span> <span class='ocrx_word' id='word_1_21' title='bbox 1317 816 1674 890; x_wconf 88' lang='lat' dir='ltr'><strong>intelligentes</strong></span> <span class='ocrx_word' id='word_1_22' title='bbox 1698 799 1751 879; x_wconf 88' lang='lat' dir='ltr'><strong>et</strong></span> <span class='ocrx_word' id='word_1_23' title='bbox 1783 835 1863 881; x_wconf 80' lang='lat' dir='ltr'><strong>te-</strong></span> 
     </span>
    </p>
   </div>
   <div class='ocr_carea' id='block_1_5' title="bbox 271 887 1858 987">
    <p class='ocr_par' dir='ltr' id='par_1_5' title="bbox 271 887 1858 987">
     <span class='ocr_line' id='line_1_5' title="bbox 271 887 1858 987; baseline 0.024 -49"><span class='ocrx_word' id='word_1_24' title='bbox 271 887 572 946; x_wconf 74' lang='lat' dir='ltr'><strong>nacissimre</strong></span> <span class='ocrx_word' id='word_1_25' title='bbox 591 894 608 926; x_wconf 81' lang='grc'>¹</span> <span class='ocrx_word' id='word_1_26' title='bbox 637 899 911 954; x_wconf 64' lang='lat' dir='ltr'><strong>memoriae</strong></span> <span class='ocrx_word' id='word_1_27' title='bbox 942 902 1192 961; x_wconf 90' lang='lat' dir='ltr'><strong>thesauro</strong></span> <span class='ocrx_word' id='word_1_28' title='bbox 1231 911 1441 980; x_wconf 86' lang='lat' dir='ltr'><strong>cognita</strong></span> <span class='ocrx_word' id='word_1_29' title='bbox 1470 917 1858 987; x_wconf 91' lang='lat' dir='ltr'><strong>recondentes;</strong></span> 
     </span>
    </p>
   </div>
   <div class='ocr_carea' id='block_1_6' title="bbox 267 979 1858 1068">
    <p class='ocr_par' dir='ltr' id='par_1_6' title="bbox 267 979 1858 1068">
     <span class='ocr_line' id='line_1_6' title="bbox 267 979 1858 1068; baseline 0.023 -36"><span class='ocrx_word' id='word_1_30' title='bbox 267 979 351 1034; x_wconf 77' lang='lat' dir='ltr'><strong>alii</strong></span> <span class='ocrx_word' id='word_1_31' title='bbox 395 993 587 1041; x_wconf 83' lang='lat' dir='ltr'><strong>natura</strong></span> <span class='ocrx_word' id='word_1_32' title='bbox 620 988 787 1058; x_wconf 87' lang='lat' dir='ltr'><strong>lenes,</strong></span> <span class='ocrx_word' id='word_1_33' title='bbox 835 994 922 1048; x_wconf 87' lang='lat' dir='ltr'><strong>alii</strong></span> <span class='ocrx_word' id='word_1_34' title='bbox 953 995 1234 1055; x_wconf 86' lang='lat' dir='ltr'><strong>levissimis</strong></span> <span class='ocrx_word' id='word_1_35' title='bbox 1269 1005 1445 1060; x_wconf 89' lang='lat' dir='ltr'><strong>causis</strong></span> <span class='ocrx_word' id='word_1_36' title='bbox 1491 1007 1566 1062; x_wconf 91' lang='lat' dir='ltr'><strong>ira</strong></span> <span class='ocrx_word' id='word_1_37' title='bbox 1610 1009 1858 1068; x_wconf 83' lang='lat' dir='ltr'><strong>facillima</strong></span> 
     </span>
    </p>
   </div>
   <div class='ocr_carea' id='block_1_7' title="bbox 265 1071 1860 1174">
    <p class='ocr_par' dir='ltr' id='par_1_7' title="bbox 265 1071 1860 1174">
     <span class='ocr_line' id='line_1_7' title="bbox 265 1071 1860 1174; baseline 0.025 -51"><span class='ocrx_word' id='word_1_38' title='bbox 265 1071 534 1143; x_wconf 77' lang='lat' dir='ltr'><strong>ardentes,</strong></span> <span class='ocrx_word' id='word_1_39' title='bbox 565 1077 656 1134; x_wconf 88' lang='lat' dir='ltr'><strong>alii</strong></span> <span class='ocrx_word' id='word_1_40' title='bbox 686 1081 752 1136; x_wconf 89' lang='lat' dir='ltr'><strong>ad</strong></span> <span class='ocrx_word' id='word_1_41' title='bbox 781 1084 1028 1143; x_wconf 65' lang='lat' dir='ltr'><strong>vindictae</strong></span> <span class='ocrx_word' id='word_1_42' title='bbox 1064 1091 1408 1162; x_wconf 75' lang='lat' dir='ltr'><strong>cupiditatem</strong></span> <span class='ocrx_word' id='word_1_43' title='bbox 1437 1097 1578 1154; x_wconf 90' lang='lat' dir='ltr'><strong>inter</strong></span> <span class='ocrx_word' id='word_1_44' title='bbox 1603 1111 1860 1174; x_wconf 82' lang='lat' dir='ltr'><strong>utrosque</strong></span> 
     </span>
    </p>
   </div>
   <div class='ocr_carea' id='block_1_8' title="bbox 265 1164 1854 1268">
    <p class='ocr_par' dir='ltr' id='par_1_8' title="bbox 265 1164 1854 1268">
     <span class='ocr_line' id='line_1_8' title="bbox 265 1164 1854 1268; baseline 0.023 -52"><span class='ocrx_word' id='word_1_45' title='bbox 265 1164 597 1236; x_wconf 89' lang='lat' dir='ltr'><strong>mediocres;</strong></span> <span class='ocrx_word' id='word_1_46' title='bbox 626 1172 716 1226; x_wconf 89' lang='lat' dir='ltr'><strong>alii</strong></span> <span class='ocrx_word' id='word_1_47' title='bbox 744 1176 1030 1247; x_wconf 85' lang='lat' dir='ltr'><strong>spadones,</strong></span> <span class='ocrx_word' id='word_1_48' title='bbox 1058 1183 1147 1237; x_wconf 86' lang='lat' dir='ltr'><strong>alii</strong></span> <span class='ocrx_word' id='word_1_49' title='bbox 1183 1185 1235 1239; x_wconf 92' lang='lat' dir='ltr'><strong>in</strong></span> <span class='ocrx_word' id='word_1_50' title='bbox 1262 1191 1544 1246; x_wconf 77' lang='lat' dir='ltr'><strong>concubitu</strong></span> <span class='ocrx_word' id='word_1_51' title='bbox 1573 1194 1642 1249; x_wconf 90' lang='lat' dir='ltr'><strong>ita</strong></span> <span class='ocrx_word' id='word_1_52' title='bbox 1679 1164 1854 1268; x_wconf 76' lang='lat' dir='ltr'><strong>frigidi</strong></span> 
     </span>
    </p>
   </div>
   <div class='ocr_carea' id='block_1_9' title="bbox 262 1256 1851 1345">
    <p class='ocr_par' dir='ltr' id='par_1_9' title="bbox 262 1256 1851 1345">
     <span class='ocr_line' id='line_1_9' title="bbox 262 1256 1851 1345; baseline 0.024 -39"><span class='ocrx_word' id='word_1_53' title='bbox 262 1263 314 1307; x_wconf 91' lang='lat' dir='ltr'><strong>ut</strong></span> <span class='ocrx_word' id='word_1_54' title='bbox 343 1256 430 1310; x_wconf 90' lang='lat' dir='ltr'><strong>vix</strong></span> <span class='ocrx_word' id='word_1_55' title='bbox 471 1262 693 1317; x_wconf 90' lang='lat' dir='ltr'><strong>omnino</strong></span> <span class='ocrx_word' id='word_1_56' title='bbox 733 1278 1065 1337; x_wconf 84' lang='lat' dir='ltr'><strong>moveantur,</strong></span> <span class='ocrx_word' id='word_1_57' title='bbox 1107 1275 1194 1329; x_wconf 91' lang='lat' dir='ltr'><strong>alii</strong></span> <span class='ocrx_word' id='word_1_58' title='bbox 1223 1277 1641 1339; x_wconf 85' lang='lat' dir='ltr'><strong>libidinosissimi</strong></span> <span class='ocrx_word' id='word_1_59' title='bbox 1671 1296 1726 1342; x_wconf 93' lang='lat' dir='ltr'><strong>ut</strong></span> <span class='ocrx_word' id='word_1_60' title='bbox 1765 1293 1851 1345; x_wconf 88' lang='lat' dir='ltr'><strong>vix</strong></span> 
     </span>
    </p>
   </div>
   <div class='ocr_carea' id='block_1_10' title="bbox 259 1350 1852 1441">
    <p class='ocr_par' dir='ltr' id='par_1_10' title="bbox 259 1350 1852 1441">
     <span class='ocr_line' id='line_1_10' title="bbox 259 1350 1852 1441; baseline 0.023 -40"><span class='ocrx_word' id='word_1_61' title='bbox 259 1350 481 1406; x_wconf 86' lang='lat' dir='ltr'><strong>omnino</strong></span> <span class='ocrx_word' id='word_1_62' title='bbox 511 1362 808 1422; x_wconf 86' lang='lat' dir='ltr'><strong>teneantur,</strong></span> <span class='ocrx_word' id='word_1_63' title='bbox 840 1361 928 1416; x_wconf 90' lang='lat' dir='ltr'><strong>alii</strong></span> <span class='ocrx_word' id='word_1_64' title='bbox 967 1365 1105 1421; x_wconf 87' lang='lat' dir='ltr'><strong>inter</strong></span> <span class='ocrx_word' id='word_1_65' title='bbox 1132 1376 1384 1441; x_wconf 90' lang='lat' dir='ltr'><strong>utrosque</strong></span> <span class='ocrx_word' id='word_1_66' title='bbox 1405 1382 1459 1429; x_wconf 92' lang='lat' dir='ltr'><strong>et</strong></span> <span class='ocrx_word' id='word_1_67' title='bbox 1494 1381 1693 1434; x_wconf 88' lang='lat' dir='ltr'><strong>moveri</strong></span> <span class='ocrx_word' id='word_1_68' title='bbox 1722 1380 1852 1437; x_wconf 81' lang='lat' dir='ltr'><strong>faci-</strong></span> 
     </span>
    </p>
   </div>
   <div class='ocr_carea' id='block_1_11' title="bbox 259 1439 1847 1539">
    <p class='ocr_par' dir='ltr' id='par_1_11' title="bbox 259 1439 1847 1539">
     <span class='ocr_line' id='line_1_11' title="bbox 259 1439 1847 1539; baseline 0.023 -45"><span class='ocrx_word' id='word_1_69' title='bbox 259 1439 335 1496; x_wconf 88' lang='lat' dir='ltr'><strong>les</strong></span> <span class='ocrx_word' id='word_1_70' title='bbox 371 1453 426 1498; x_wconf 89' lang='lat' dir='ltr'><strong>et</strong></span> <span class='ocrx_word' id='word_1_71' title='bbox 475 1449 677 1514; x_wconf 89' lang='lat' dir='ltr'><strong>teneri;</strong></span> <span class='ocrx_word' id='word_1_72' title='bbox 722 1452 810 1506; x_wconf 91' lang='lat' dir='ltr'><strong>alii</strong></span> <span class='ocrx_word' id='word_1_73' title='bbox 841 1455 1184 1527; x_wconf 89' lang='lat' dir='ltr'><strong>timidissimi,</strong></span> <span class='ocrx_word' id='word_1_74' title='bbox 1230 1439 1321 1518; x_wconf 83' lang='lat' dir='ltr'><strong>alii</strong></span> <span class='ocrx_word' id='word_1_75' title='bbox 1359 1467 1717 1539; x_wconf 90' lang='lat' dir='ltr'><strong>audacissimi,</strong></span> <span class='ocrx_word' id='word_1_76' title='bbox 1759 1476 1847 1532; x_wconf 88' lang='lat' dir='ltr'><strong>alii</strong></span> 
     </span>
    </p>
   </div>
   <div class='ocr_carea' id='block_1_12' title="bbox 255 1539 1844 1624">
    <p class='ocr_par' dir='ltr' id='par_1_12' title="bbox 255 1539 1844 1624">
     <span class='ocr_line' id='line_1_12' title="bbox 255 1539 1844 1624; baseline 0.023 -38"><span class='ocrx_word' id='word_1_77' title='bbox 255 1543 534 1603; x_wconf 89' lang='lat' dir='ltr'><strong>neutrum;</strong></span> <span class='ocrx_word' id='word_1_78' title='bbox 561 1539 648 1594; x_wconf 90' lang='lat' dir='ltr'><strong>alii</strong></span> <span class='ocrx_word' id='word_1_79' title='bbox 679 1540 894 1612; x_wconf 84' lang='lat' dir='ltr'><strong>hilares,</strong></span> <span class='ocrx_word' id='word_1_80' title='bbox 923 1547 1012 1602; x_wconf 91' lang='lat' dir='ltr'><strong>alii</strong></span> <span class='ocrx_word' id='word_1_81' title='bbox 1049 1552 1246 1617; x_wconf 87' lang='lat' dir='ltr'><strong>tristes,</strong></span> <span class='ocrx_word' id='word_1_82' title='bbox 1276 1556 1362 1610; x_wconf 89' lang='lat' dir='ltr'><strong>alii</strong></span> <span class='ocrx_word' id='word_1_83' title='bbox 1389 1557 1455 1612; x_wconf 89' lang='lat' dir='ltr'><strong>ad</strong></span> <span class='ocrx_word' id='word_1_84' title='bbox 1492 1561 1620 1616; x_wconf 89' lang='lat' dir='ltr'><strong>nihil</strong></span> <span class='ocrx_word' id='word_1_85' title='bbox 1653 1563 1844 1624; x_wconf 89' lang='lat' dir='ltr'><strong>borum</strong></span> 
     </span>
    </p>
   </div>
   <div class='ocr_carea' id='block_1_13' title="bbox 253 1627 1842 1723">
    <p class='ocr_par' dir='ltr' id='par_1_13' title="bbox 253 1627 1842 1723">
     <span class='ocr_line' id='line_1_13' title="bbox 253 1627 1842 1723; baseline 0.022 -46"><span class='ocrx_word' id='word_1_86' title='bbox 253 1627 516 1695; x_wconf 81' lang='lat' dir='ltr'><strong>proclives</strong></span> <span class='ocrx_word' id='word_1_87' title='bbox 542 1647 556 1684; x_wconf 89' lang='lat'><strong>:</strong></span> <span class='ocrx_word' id='word_1_88' title='bbox 584 1648 682 1688; x_wconf 88' lang='lat' dir='ltr'><strong>nec</strong></span> <span class='ocrx_word' id='word_1_89' title='bbox 707 1649 892 1692; x_wconf 92' lang='lat' dir='ltr'><strong>eorum</strong></span> <span class='ocrx_word' id='word_1_90' title='bbox 922 1655 1041 1710; x_wconf 79' lang='lat' dir='ltr'><strong>quae</strong></span> <span class='ocrx_word' id='word_1_91' title='bbox 1074 1651 1489 1710; x_wconf 87' lang='lat' dir='ltr'><strong>commemoravi</strong></span> <span class='ocrx_word' id='word_1_92' title='bbox 1516 1652 1714 1723; x_wconf 90' lang='lat' dir='ltr'><strong>aliquid</strong></span> <span class='ocrx_word' id='word_1_93' title='bbox 1756 1658 1842 1712; x_wconf 92' lang='lat' dir='ltr'><strong>in-</strong></span> 
     </span>
    </p>
   </div>
   <div class='ocr_carea' id='block_1_14' title="bbox 251 1716 1840 1803">
    <p class='ocr_par' dir='ltr' id='par_1_14' title="bbox 251 1716 1840 1803">
     <span class='ocr_line' id='line_1_14' title="bbox 251 1716 1840 1803; baseline 0.021 -34"><span class='ocrx_word' id='word_1_94' title='bbox 251 1716 435 1774; x_wconf 89' lang='lat' dir='ltr'><strong>stituto</strong></span> <span class='ocrx_word' id='word_1_95' title='bbox 485 1735 548 1776; x_wconf 87' lang='lat' dir='ltr'><strong>ac</strong></span> <span class='ocrx_word' id='word_1_96' title='bbox 590 1728 881 1796; x_wconf 88' lang='lat' dir='ltr'><strong>proposito,</strong></span> <span class='ocrx_word' id='word_1_97' title='bbox 929 1729 1023 1785; x_wconf 89' lang='lat' dir='ltr'><strong>sed</strong></span> <span class='ocrx_word' id='word_1_98' title='bbox 1067 1744 1291 1803; x_wconf 90' lang='lat' dir='ltr'><strong>natura;</strong></span> <span class='ocrx_word' id='word_1_99' title='bbox 1339 1740 1477 1796; x_wconf 92' lang='lat' dir='ltr'><strong>unde</strong></span> <span class='ocrx_word' id='word_1_100' title='bbox 1513 1744 1704 1800; x_wconf 90' lang='lat' dir='ltr'><strong>medici</strong></span> <span class='ocrx_word' id='word_1_101' title='bbox 1741 1763 1840 1803; x_wconf 84' lang='lat' dir='ltr'><strong>au-</strong></span> 
     </span>
    </p>
   </div>
   <div class='ocr_carea' id='block_1_15' title="bbox 247 1806 1837 1906">
    <p class='ocr_par' dir='ltr' id='par_1_15' title="bbox 247 1806 1837 1906">
     <span class='ocr_line' id='line_1_15' title="bbox 247 1806 1837 1906; baseline 0.022 -45"><span class='ocrx_word' id='word_1_102' title='bbox 247 1806 374 1864; x_wconf 85' lang='lat' dir='ltr'><strong>dent</strong></span> <span class='ocrx_word' id='word_1_103' title='bbox 405 1809 504 1865; x_wconf 89' lang='lat' dir='ltr'><strong>ista</strong></span> <span class='ocrx_word' id='word_1_104' title='bbox 545 1814 779 1874; x_wconf 89' lang='lat' dir='ltr'><strong>tribuere</strong></span> <span class='ocrx_word' id='word_1_105' title='bbox 814 1826 1285 1891; x_wconf 88' lang='lat' dir='ltr'><strong>temperationibus</strong></span> <span class='ocrx_word' id='word_1_106' title='bbox 1324 1837 1648 1902; x_wconf 89' lang='lat' dir='ltr'><strong>corporum?</strong></span> <span class='ocrx_word' id='word_1_107' title='bbox 1685 1838 1837 1906; x_wconf 87' lang='lat' dir='ltr'><strong>Quod</strong></span> 
     </span>
    </p>
   </div>
   <div class='ocr_carea' id='block_1_16' title="bbox 245 1903 1837 2002">
    <p class='ocr_par' dir='ltr' id='par_1_16' title="bbox 245 1903 1837 2002">
     <span class='ocr_line' id='line_1_16' title="bbox 245 1903 1837 2002; baseline 0.022 -47"><span class='ocrx_word' id='word_1_108' title='bbox 245 1903 343 1957; x_wconf 87' lang='lat' dir='ltr'><strong>etsi</strong></span> <span class='ocrx_word' id='word_1_109' title='bbox 364 1905 582 1972; x_wconf 90' lang='lat' dir='ltr'><strong>probari</strong></span> <span class='ocrx_word' id='word_1_110' title='bbox 605 1910 644 1975; x_wconf 83' lang='grc'><strong>²,</strong></span> <span class='ocrx_word' id='word_1_111' title='bbox 667 1911 746 1965; x_wconf 85' lang='lat' dir='ltr'><strong>vel</strong></span> <span class='ocrx_word' id='word_1_112' title='bbox 772 1914 913 1970; x_wconf 90' lang='lat' dir='ltr'><strong>nulla</strong></span> <span class='ocrx_word' id='word_1_113' title='bbox 932 1918 1211 1986; x_wconf 84' lang='lat' dir='ltr'><strong>existente,</strong></span> <span class='ocrx_word' id='word_1_114' title='bbox 1243 1923 1325 1978; x_wconf 88' lang='lat' dir='ltr'><strong>vel</strong></span> <span class='ocrx_word' id='word_1_115' title='bbox 1348 1928 1490 1980; x_wconf 94' lang='lat' dir='ltr'><strong>omni</strong></span> <span class='ocrx_word' id='word_1_116' title='bbox 1521 1929 1665 1986; x_wconf 91' lang='lat' dir='ltr'><strong>ﬁnita</strong></span> <span class='ocrx_word' id='word_1_117' title='bbox 1691 1947 1837 2002; x_wconf 71' lang='lat' dir='ltr'><strong>quie-</strong></span> 
     </span>
    </p>
   </div>
   <div class='ocr_carea' id='block_1_17' title="bbox 243 1995 1830 2093">
    <p class='ocr_par' dir='ltr' id='par_1_17' title="bbox 243 1995 1830 2093">
     <span class='ocr_line' id='line_1_17' title="bbox 243 1995 1830 2093; baseline 0.024 -46"><span class='ocrx_word' id='word_1_118' title='bbox 243 1995 413 2051; x_wconf 89' lang='lat' dir='ltr'><strong>stione</strong></span> <span class='ocrx_word' id='word_1_119' title='bbox 442 2003 734 2070; x_wconf 90' lang='lat' dir='ltr'><strong>potuisset;</strong></span> <span class='ocrx_word' id='word_1_120' title='bbox 773 2011 1026 2080; x_wconf 90' lang='lat' dir='ltr'><strong>numquid</strong></span> <span class='ocrx_word' id='word_1_121' title='bbox 1054 2015 1151 2068; x_wconf 88' lang='lat' dir='ltr'><strong>sibi</strong></span> <span class='ocrx_word' id='word_1_122' title='bbox 1173 2016 1399 2089; x_wconf 88' lang='lat' dir='ltr'><strong>quisque</strong></span> <span class='ocrx_word' id='word_1_123' title='bbox 1427 2036 1621 2093; x_wconf 89' lang='lat' dir='ltr'><strong>corpus</strong></span> <span class='ocrx_word' id='word_1_124' title='bbox 1643 1995 1830 2084; x_wconf 56' lang='lat' dir='ltr'><strong>condio</strong></span> 
     </span>
    </p>
   </div>
   <div class='ocr_carea' id='block_1_18' title="bbox 242 2087 1831 2188">
    <p class='ocr_par' dir='ltr' id='par_1_18' title="bbox 242 2087 1831 2188">
     <span class='ocr_line' id='line_1_18' title="bbox 242 2087 1831 2188; baseline 0.023 -46"><span class='ocrx_word' id='word_1_125' title='bbox 242 2087 334 2154; x_wconf 88' lang='lat' dir='ltr'><strong>dit,</strong></span> <span class='ocrx_word' id='word_1_126' title='bbox 367 2100 421 2146; x_wconf 79' lang='lat' dir='ltr'><strong>et</strong></span> <span class='ocrx_word' id='word_1_127' title='bbox 453 2091 556 2150; x_wconf 84' lang='lat' dir='ltr'><strong>hoc</strong></span> <span class='ocrx_word' id='word_1_128' title='bbox 583 2095 700 2166; x_wconf 87' lang='lat' dir='ltr'><strong>ejus</strong></span> <span class='ocrx_word' id='word_1_129' title='bbox 728 2101 1065 2160; x_wconf 85' lang='lat' dir='ltr'><strong>tribuendum</strong></span> <span class='ocrx_word' id='word_1_130' title='bbox 1093 2117 1176 2163; x_wconf 89' lang='lat' dir='ltr'><strong>est</strong></span> <span class='ocrx_word' id='word_1_131' title='bbox 1207 2087 1485 2179; x_wconf 76' lang='lat' dir='ltr'><strong>Voluntati,</strong></span> <span class='ocrx_word' id='word_1_132' title='bbox 1516 2087 1656 2188; x_wconf 80' lang='lat' dir='ltr'><strong>quod</strong></span> <span class='ocrx_word' id='word_1_133' title='bbox 1692 2123 1831 2180; x_wconf 91' lang='lat' dir='ltr'><strong>mala</strong></span> 
     </span>
    </p>
   </div>
   <div class='ocr_carea' id='block_1_19' title="bbox 241 2180 1829 2284">
    <p class='ocr_par' dir='ltr' id='par_1_19' title="bbox 241 2180 1829 2284">
     <span class='ocr_line' id='line_1_19' title="bbox 241 2180 1829 2284; baseline 0.023 -49"><span class='ocrx_word' id='word_1_134' title='bbox 241 2180 333 2236; x_wconf 87' lang='lat' dir='ltr'><strong>ista</strong></span> <span class='ocrx_word' id='word_1_135' title='bbox 368 2189 632 2244; x_wconf 87' lang='lat' dir='ltr'><strong>naturalia</strong></span> <span class='ocrx_word' id='word_1_136' title='bbox 674 2195 842 2264; x_wconf 82' lang='lat' dir='ltr'><strong>magis</strong></span> <span class='ocrx_word' id='word_1_137' title='bbox 880 2198 1121 2256; x_wconf 88' lang='lat' dir='ltr'><strong>minusve</strong></span> <span class='ocrx_word' id='word_1_138' title='bbox 1151 2207 1483 2274; x_wconf 82' lang='lat' dir='ltr'><strong>perpetitur?</strong></span> <span class='ocrx_word' id='word_1_139' title='bbox 1511 2210 1642 2268; x_wconf 87' lang='lat' dir='ltr'><strong>Nam</strong></span> <span class='ocrx_word' id='word_1_140' title='bbox 1673 2230 1829 2284; x_wconf 89' lang='lat' dir='ltr'><strong>pror-</strong></span> 
     </span>
    </p>
   </div>
   <div class='ocr_carea' id='block_1_20' title="bbox 238 2285 1828 2373">
    <p class='ocr_par' dir='ltr' id='par_1_20' title="bbox 238 2285 1828 2373">
     <span class='ocr_line' id='line_1_20' title="bbox 238 2285 1828 2373; baseline 0.025 -48"><span class='ocrx_word' id='word_1_141' title='bbox 238 2287 326 2329; x_wconf 85' lang='lat' dir='ltr'><strong>sus</strong></span> <span class='ocrx_word' id='word_1_142' title='bbox 354 2291 416 2331; x_wconf 88' lang='lat' dir='ltr'><strong>ea</strong></span> <span class='ocrx_word' id='word_1_143' title='bbox 446 2294 552 2334; x_wconf 87' lang='lat' dir='ltr'><strong>non</strong></span> <span class='ocrx_word' id='word_1_144' title='bbox 577 2285 780 2353; x_wconf 88' lang='lat' dir='ltr'><strong>perpeti</strong></span> <span class='ocrx_word' id='word_1_145' title='bbox 800 2301 918 2342; x_wconf 90' lang='lat' dir='ltr'><strong>cum</strong></span> <span class='ocrx_word' id='word_1_146' title='bbox 953 2291 1036 2346; x_wconf 91' lang='lat' dir='ltr'><strong>hic</strong></span> <span class='ocrx_word' id='word_1_147' title='bbox 1056 2293 1270 2362; x_wconf 86' lang='lat' dir='ltr'><strong>vivitur,</strong></span> <span class='ocrx_word' id='word_1_148' title='bbox 1302 2299 1446 2356; x_wconf 90' lang='lat' dir='ltr'><strong>nullo</strong></span> <span class='ocrx_word' id='word_1_149' title='bbox 1473 2303 1652 2373; x_wconf 90' lang='lat' dir='ltr'><strong>modo,</strong></span> <span class='ocrx_word' id='word_1_150' title='bbox 1684 2309 1828 2365; x_wconf 89' lang='lat' dir='ltr'><strong>nulla</strong></span> 
     </span>
    </p>
   </div>
   <div class='ocr_carea' id='block_1_21' title="bbox 236 2369 1822 2471">
    <p class='ocr_par' dir='ltr' id='par_1_21' title="bbox 236 2369 1822 2471">
     <span class='ocr_line' id='line_1_21' title="bbox 236 2369 1822 2471; baseline 0.024 -51"><span class='ocrx_word' id='word_1_151' title='bbox 236 2369 444 2426; x_wconf 88' lang='lat' dir='ltr'><strong>ratione</strong></span> <span class='ocrx_word' id='word_1_152' title='bbox 483 2374 762 2446; x_wconf 81' lang='lat' dir='ltr'><strong>quisquam</strong></span> <span class='ocrx_word' id='word_1_153' title='bbox 795 2390 990 2451; x_wconf 85' lang='lat' dir='ltr'><strong>potest.</strong></span> <span class='ocrx_word' id='word_1_154' title='bbox 1033 2384 1142 2442; x_wconf 87' lang='lat' dir='ltr'><strong>Nec</strong></span> <span class='ocrx_word' id='word_1_155' title='bbox 1181 2391 1355 2447; x_wconf 80' lang='lat' dir='ltr'><strong>tamen</strong></span> <span class='ocrx_word' id='word_1_156' title='bbox 1400 2395 1512 2452; x_wconf 88' lang='lat' dir='ltr'><strong>sive</strong></span> <span class='ocrx_word' id='word_1_157' title='bbox 1554 2401 1822 2471; x_wconf 78' lang='lat' dir='ltr'><strong>maximis,</strong></span> 
     </span>
    </p>
   </div>
   <div class='ocr_carea' id='block_1_22' title="bbox 235 2459 1825 2565">
    <p class='ocr_par' dir='ltr' id='par_1_22' title="bbox 235 2459 1825 2565">
     <span class='ocr_line' id='line_1_22' title="bbox 235 2459 1825 2565; baseline 0.025 -52"><span class='ocrx_word' id='word_1_158' title='bbox 235 2459 344 2515; x_wconf 84' lang='lat' dir='ltr'><strong>sive</strong></span> <span class='ocrx_word' id='word_1_159' title='bbox 387 2464 624 2523; x_wconf 87' lang='lat' dir='ltr'><strong>minimis</strong></span> <span class='ocrx_word' id='word_1_160' title='bbox 660 2469 681 2500; x_wconf 88' lang='grc'>⁸</span> <span class='ocrx_word' id='word_1_161' title='bbox 706 2485 986 2544; x_wconf 84' lang='lat' dir='ltr'><strong>urgeatur,</strong></span> <span class='ocrx_word' id='word_1_162' title='bbox 1020 2477 1098 2534; x_wconf 82' lang='lat' dir='ltr'><strong>fas</strong></span> <span class='ocrx_word' id='word_1_163' title='bbox 1138 2491 1220 2537; x_wconf 85' lang='lat' dir='ltr'><strong>est</strong></span> <span class='ocrx_word' id='word_1_164' title='bbox 1265 2494 1322 2539; x_wconf 94' lang='lat' dir='ltr'><strong>ut</strong></span> <span class='ocrx_word' id='word_1_165' title='bbox 1362 2487 1504 2544; x_wconf 87' lang='lat' dir='ltr'><strong>dicat</strong></span> <span class='ocrx_word' id='word_1_166' title='bbox 1548 2493 1596 2546; x_wconf 91' lang='lat' dir='ltr'><strong>ei</strong></span> <span class='ocrx_word' id='word_1_167' title='bbox 1639 2496 1730 2565; x_wconf 88' lang='lat' dir='ltr'><strong>qui</strong></span> <span class='ocrx_word' id='word_1_168' title='bbox 1765 2511 1825 2552; x_wconf 82' lang='lat' dir='ltr'><strong>se</strong></span> 
     </span>
    </p>
   </div>
   <div class='ocr_carea' id='block_1_23' title="bbox 234 2551 1822 2654">
    <p class='ocr_par' dir='ltr' id='par_1_23' title="bbox 234 2551 1822 2654">
     <span class='ocr_line' id='line_1_23' title="bbox 234 2551 1822 2654; baseline 0.026 -49"><span class='ocrx_word' id='word_1_169' title='bbox 234 2551 400 2621; x_wconf 87' lang='lat' dir='ltr'><strong>ﬁnxit,</strong></span> <span class='ocrx_word' id='word_1_170' title='bbox 450 2562 698 2629; x_wconf 86' lang='lat' dir='ltr'><strong>quamvis</strong></span> <span class='ocrx_word' id='word_1_171' title='bbox 741 2567 1114 2640; x_wconf 88' lang='lat' dir='ltr'><strong>omnipotenti,</strong></span> <span class='ocrx_word' id='word_1_172' title='bbox 1141 2574 1308 2645; x_wconf 85' lang='lat' dir='ltr'><strong>justo,</strong></span> <span class='ocrx_word' id='word_1_173' title='bbox 1361 2591 1414 2636; x_wconf 90' lang='lat' dir='ltr'><strong>et</strong></span> <span class='ocrx_word' id='word_1_174' title='bbox 1457 2583 1616 2651; x_wconf 88' lang='lat' dir='ltr'><strong>bono,</strong></span> <span class='ocrx_word' id='word_1_175' title='bbox 1655 2551 1822 2654; x_wconf 65' lang='lat' dir='ltr'><strong>Quare</strong></span> 
     </span>
    </p>
   </div>
   <div class='ocr_carea' id='block_1_24' title="bbox 230 2644 1819 2751">
    <p class='ocr_par' dir='ltr' id='par_1_24' title="bbox 230 2644 1819 2751">
     <span class='ocr_line' id='line_1_24' title="bbox 230 2644 1819 2751; baseline 0.025 -54"><span class='ocrx_word' id='word_1_176' title='bbox 230 2644 298 2698; x_wconf 84' lang='lat' dir='ltr'><strong>sic</strong></span> <span class='ocrx_word' id='word_1_177' title='bbox 326 2663 407 2702; x_wconf 88' lang='lat' dir='ltr'><strong>me</strong></span> <span class='ocrx_word' id='word_1_178' title='bbox 434 2651 600 2720; x_wconf 78' lang='lat' dir='ltr'><strong>fecisti</strong></span> <span class='ocrx_word' id='word_1_179' title='bbox 623 2651 918 2725; x_wconf 75' lang='lat' dir='ltr'><strong>(Isai.x1.v,</strong></span> <span class='ocrx_word' id='word_1_180' title='bbox 951 2661 1016 2727; x_wconf 89' lang='lat'><strong>9;</strong></span> <span class='ocrx_word' id='word_1_181' title='bbox 1052 2644 1204 2720; x_wconf 86' lang='lat' dir='ltr'><strong>Rom.</strong></span> <span class='ocrx_word' id='word_1_182' title='bbox 1232 2684 1309 2734; x_wconf 81' lang='lat' dir='ltr'><strong>ix,</strong></span> <span class='ocrx_word' id='word_1_183' title='bbox 1336 2670 1472 2742; x_wconf 77' lang='lat'><strong>20)?</strong></span> <span class='ocrx_word' id='word_1_184' title='bbox 1501 2674 1567 2730; x_wconf 84' lang='lat' dir='ltr'><strong>Et</strong></span> <span class='ocrx_word' id='word_1_185' title='bbox 1601 2644 1819 2751; x_wconf 39' lang='lat' dir='ltr'><strong>dewjugo</strong></span> 
     </span>
    </p>
   </div>
   <div class='ocr_carea' id='block_1_25' title="bbox 227 2739 1813 2843">
    <p class='ocr_par' dir='ltr' id='par_1_25' title="bbox 227 2739 1813 2843">
     <span class='ocr_line' id='line_1_25' title="bbox 227 2739 1813 2843; baseline 0.025 -54"><span class='ocrx_word' id='word_1_186' title='bbox 227 2739 370 2805; x_wconf 90' lang='lat' dir='ltr'><strong>gravi</strong></span> <span class='ocrx_word' id='word_1_187' title='bbox 393 2741 538 2810; x_wconf 91' lang='lat' dir='ltr'><strong>quod</strong></span> <span class='ocrx_word' id='word_1_188' title='bbox 569 2753 651 2800; x_wconf 90' lang='lat' dir='ltr'><strong>est</strong></span> <span class='ocrx_word' id='word_1_189' title='bbox 675 2761 830 2818; x_wconf 91' lang='lat' dir='ltr'><strong>supra</strong></span> <span class='ocrx_word' id='word_1_190' title='bbox 854 2750 988 2807; x_wconf 94' lang='lat' dir='ltr'><strong>ﬁlios</strong></span> <span class='ocrx_word' id='word_1_191' title='bbox 1015 2755 1171 2824; x_wconf 85' lang='lat' dir='ltr'><strong>primi</strong></span> <span class='ocrx_word' id='word_1_192' title='bbox 1204 2759 1374 2816; x_wconf 85' lang='lat' dir='ltr'><strong>Adam</strong></span> <span class='ocrx_word' id='word_1_193' title='bbox 1404 2739 1588 2836; x_wconf 83' lang='lat' dir='ltr'><strong>(Eccli.</strong></span> <span class='ocrx_word' id='word_1_194' title='bbox 1621 2739 1708 2835; x_wconf 60' lang='lat' dir='ltr'><strong>xu,</strong></span> <span class='ocrx_word' id='word_1_195' title='bbox 1735 2739 1813 2843; x_wconf 54' lang='lat' dir='ltr'><strong>iv),</strong></span> 
     </span>
    </p>
   </div>
   <div class='ocr_carea' id='block_1_26' title="bbox 228 2832 1816 2933">
    <p class='ocr_par' dir='ltr' id='par_1_26' title="bbox 228 2832 1816 2933">
     <span class='ocr_line' id='line_1_26' title="bbox 228 2832 1816 2933; baseline 0.025 -51"><span class='ocrx_word' id='word_1_196' title='bbox 228 2843 384 2885; x_wconf 90' lang='lat' dir='ltr'><strong>nemo</strong></span> <span class='ocrx_word' id='word_1_197' title='bbox 412 2832 604 2891; x_wconf 90' lang='lat' dir='ltr'><strong>liberat</strong></span> <span class='ocrx_word' id='word_1_198' title='bbox 630 2839 728 2894; x_wconf 88' lang='lat' dir='ltr'><strong>nisi</strong></span> <span class='ocrx_word' id='word_1_199' title='bbox 755 2844 1020 2900; x_wconf 88' lang='lat' dir='ltr'><strong>secundus</strong></span> <span class='ocrx_word' id='word_1_200' title='bbox 1052 2848 1243 2906; x_wconf 80' lang='lat' dir='ltr'><strong>Adam.</strong></span> <span class='ocrx_word' id='word_1_201' title='bbox 1288 2832 1498 2921; x_wconf 86' lang='lat' dir='ltr'><strong>Quanto</strong></span> <span class='ocrx_word' id='word_1_202' title='bbox 1523 2876 1650 2933; x_wconf 87' lang='lat' dir='ltr'><strong>ergo</strong></span> <span class='ocrx_word' id='word_1_203' title='bbox 1682 2832 1816 2923; x_wconf 76' lang='lat' dir='ltr'><strong>tole-</strong></span> 
     </span>
    </p>
   </div>
   <div class='ocr_carea' id='block_1_27' title="bbox 227 2922 1812 3023">
    <p class='ocr_par' dir='ltr' id='par_1_27' title="bbox 227 2922 1812 3023">
     <span class='ocr_line' id='line_1_27' title="bbox 227 2922 1812 3023; baseline 0.024 -46"><span class='ocrx_word' id='word_1_204' title='bbox 227 2922 444 2982; x_wconf 88' lang='lat' dir='ltr'><strong>rabilius</strong></span> <span class='ocrx_word' id='word_1_205' title='bbox 479 2928 617 2997; x_wconf 90' lang='lat' dir='ltr'><strong>illas,</strong></span> <span class='ocrx_word' id='word_1_206' title='bbox 662 2948 794 3003; x_wconf 91' lang='lat' dir='ltr'><strong>quas</strong></span> <span class='ocrx_word' id='word_1_207' title='bbox 823 2936 957 2992; x_wconf 91' lang='lat' dir='ltr'><strong>dicis</strong></span> <span class='ocrx_word' id='word_1_208' title='bbox 996 2940 1048 2995; x_wconf 93' lang='lat' dir='ltr'><strong>in</strong></span> <span class='ocrx_word' id='word_1_209' title='bbox 1093 2942 1269 3015; x_wconf 79' lang='lat' dir='ltr'><strong>impiis</strong></span> <span class='ocrx_word' id='word_1_210' title='bbox 1299 2963 1418 3005; x_wconf 90' lang='lat' dir='ltr'><strong>esse</strong></span> <span class='ocrx_word' id='word_1_211' title='bbox 1454 2922 1697 3023; x_wconf 52' lang='lat' dir='ltr'><strong>virtutes,</strong></span> <span class='ocrx_word' id='word_1_212' title='bbox 1725 2958 1812 3014; x_wconf 90' lang='lat' dir='ltr'><strong>di-</strong></span> 
     </span>
    </p>
   </div>
   <div class='ocr_carea' id='block_1_28' title="bbox 225 3015 1809 3105">
    <p class='ocr_par' dir='ltr' id='par_1_28' title="bbox 225 3015 1809 3105">
     <span class='ocr_line' id='line_1_28' title="bbox 225 3015 1809 3105; baseline 0.025 -39"><span class='ocrx_word' id='word_1_213' title='bbox 225 3015 345 3072; x_wconf 88' lang='lat' dir='ltr'><strong>vino</strong></span> <span class='ocrx_word' id='word_1_214' title='bbox 379 3022 589 3076; x_wconf 90' lang='lat' dir='ltr'><strong>muneri</strong></span> <span class='ocrx_word' id='word_1_215' title='bbox 631 3026 826 3094; x_wconf 88' lang='lat' dir='ltr'><strong>potius,</strong></span> <span class='ocrx_word' id='word_1_216' title='bbox 868 3044 1026 3100; x_wconf 86' lang='lat' dir='ltr'><strong>quam</strong></span> <span class='ocrx_word' id='word_1_217' title='bbox 1067 3049 1250 3090; x_wconf 90' lang='lat' dir='ltr'><strong>eorum</strong></span> <span class='ocrx_word' id='word_1_218' title='bbox 1284 3040 1546 3100; x_wconf 90' lang='lat' dir='ltr'><strong>tribueres</strong></span> <span class='ocrx_word' id='word_1_219' title='bbox 1578 3055 1809 3105; x_wconf 89' lang='lat' dir='ltr'><strong>tantum-</strong></span> 
     </span>
    </p>
   </div>
   <div class='ocr_carea' id='block_1_29' title="bbox 222 3110 1807 3200">
    <p class='ocr_par' dir='ltr' id='par_1_29' title="bbox 222 3110 1807 3200">
     <span class='ocr_line' id='line_1_29' title="bbox 222 3110 1807 3200; baseline 0.024 -38"><span class='ocrx_word' id='word_1_220' title='bbox 222 3110 379 3165; x_wconf 88' lang='lat' dir='ltr'><strong>modo</strong></span> <span class='ocrx_word' id='word_1_221' title='bbox 409 3113 672 3170; x_wconf 88' lang='lat' dir='ltr'><strong>voluntati</strong></span> <span class='ocrx_word' id='word_1_222' title='bbox 701 3136 711 3170; x_wconf 96' lang='lat'><strong>:</strong></span> <span class='ocrx_word' id='word_1_223' title='bbox 746 3119 872 3176; x_wconf 92' lang='lat' dir='ltr'><strong>licet</strong></span> <span class='ocrx_word' id='word_1_224' title='bbox 898 3123 994 3193; x_wconf 88' lang='lat' dir='ltr'><strong>ipsi</strong></span> <span class='ocrx_word' id='word_1_225' title='bbox 1026 3126 1128 3183; x_wconf 89' lang='lat' dir='ltr'><strong>hoc</strong></span> <span class='ocrx_word' id='word_1_226' title='bbox 1168 3133 1427 3200; x_wconf 89' lang='lat' dir='ltr'><strong>nesciant,</strong></span> <span class='ocrx_word' id='word_1_227' title='bbox 1459 3137 1631 3195; x_wconf 91' lang='lat' dir='ltr'><strong>donec</strong></span> <span class='ocrx_word' id='word_1_228' title='bbox 1669 3142 1713 3196; x_wconf 90' lang='lat' dir='ltr'><strong>si</strong></span> <span class='ocrx_word' id='word_1_229' title='bbox 1741 3159 1807 3200; x_wconf 80' lang='lat' dir='ltr'><strong>ex</strong></span> 
     </span>
    </p>
   </div>
   <div class='ocr_carea' id='block_1_30' title="bbox 221 3200 1804 3302">
    <p class='ocr_par' dir='ltr' id='par_1_30' title="bbox 221 3200 1804 3302">
     <span class='ocr_line' id='line_1_30' title="bbox 221 3200 1804 3302; baseline 0.024 -47"><span class='ocrx_word' id='word_1_230' title='bbox 221 3200 306 3258; x_wconf 93' lang='lat' dir='ltr'><strong>illo</strong></span> <span class='ocrx_word' id='word_1_231' title='bbox 331 3214 461 3261; x_wconf 89' lang='lat' dir='ltr'><strong>sunt</strong></span> <span class='ocrx_word' id='word_1_232' title='bbox 484 3209 978 3276; x_wconf 60' lang='lat' dir='ltr'><strong>praedestinatorum</strong></span> <span class='ocrx_word' id='word_1_233' title='bbox 1011 3235 1233 3278; x_wconf 92' lang='lat' dir='ltr'><strong>numero</strong></span> <span class='ocrx_word' id='word_1_234' title='bbox 1260 3228 1524 3298; x_wconf 77' lang='lat' dir='ltr'><strong>accipiant</strong></span> <span class='ocrx_word' id='word_1_235' title='bbox 1560 3235 1804 3302; x_wconf 87' lang='lat' dir='ltr'><strong>spiritum</strong></span> 
     </span>
    </p>
   </div>
   <div class='ocr_carea' id='block_1_31' title="bbox 219 3298 1804 3389">
    <p class='ocr_par' dir='ltr' id='par_1_31' title="bbox 219 3298 1804 3389">
     <span class='ocr_line' id='line_1_31' title="bbox 219 3298 1804 3389; baseline 0.025 -39"><span class='ocrx_word' id='word_1_236' title='bbox 219 3298 301 3366; x_wconf 87' lang='lat' dir='ltr'><strong>qui</strong></span> <span class='ocrx_word' id='word_1_237' title='bbox 330 3314 398 3354; x_wconf 85' lang='lat' dir='ltr'><strong>ex</strong></span> <span class='ocrx_word' id='word_1_238' title='bbox 431 3302 541 3358; x_wconf 93' lang='lat' dir='ltr'><strong>Deo</strong></span> <span class='ocrx_word' id='word_1_239' title='bbox 570 3315 671 3371; x_wconf 89' lang='lat' dir='ltr'><strong>est,</strong></span> <span class='ocrx_word' id='word_1_240' title='bbox 703 3317 763 3362; x_wconf 91' lang='lat' dir='ltr'><strong>ut</strong></span> <span class='ocrx_word' id='word_1_241' title='bbox 789 3309 962 3368; x_wconf 90' lang='lat' dir='ltr'><strong>sciant</strong></span> <span class='ocrx_word' id='word_1_242' title='bbox 995 3330 1114 3386; x_wconf 79' lang='lat' dir='ltr'><strong>quae</strong></span> <span class='ocrx_word' id='word_1_243' title='bbox 1154 3333 1183 3373; x_wconf 87' lang='lat' dir='ltr'><strong>a</strong></span> <span class='ocrx_word' id='word_1_244' title='bbox 1211 3319 1324 3376; x_wconf 92' lang='lat' dir='ltr'><strong>Deo</strong></span> <span class='ocrx_word' id='word_1_245' title='bbox 1349 3321 1542 3381; x_wconf 86' lang='lat' dir='ltr'><strong>donata</strong></span> <span class='ocrx_word' id='word_1_246' title='bbox 1571 3338 1696 3386; x_wconf 89' lang='lat' dir='ltr'><strong>sunt</strong></span> <span class='ocrx_word' id='word_1_247' title='bbox 1725 3333 1804 3389; x_wconf 91' lang='lat' dir='ltr'><strong>eis</strong></span> 
     </span>
    </p>
   </div>
   <div class='ocr_carea' id='block_1_32' title="bbox 217 3389 656 3470">
    <p class='ocr_par' dir='ltr' id='par_1_32' title="bbox 217 3389 656 3470">
     <span class='ocr_line' id='line_1_32' title="bbox 217 3389 656 3470; baseline 0.023 -27"><span class='ocrx_word' id='word_1_248' title='bbox 217 3389 257 3463; x_wconf 84' lang='lat' dir='ltr'><strong>(l</strong></span> <span class='ocrx_word' id='word_1_249' title='bbox 284 3391 404 3448; x_wconf 89' lang='lat' dir='ltr'><strong>Car.</strong></span> <span class='ocrx_word' id='word_1_250' title='bbox 436 3410 494 3462; x_wconf 83' lang='lat' dir='ltr'><strong>tt,</strong></span> <span class='ocrx_word' id='word_1_251' title='bbox 527 3396 656 3470; x_wconf 72' lang='lat' dir='ltr'><strong>i2)?</strong></span> 
     </span>
    </p>
   </div>
   <div class='ocr_carea' id='block_1_33' title="bbox 281 3485 1799 3581">
    <p class='ocr_par' dir='ltr' id='par_1_33' title="bbox 281 3485 1799 3581">
     <span class='ocr_line' id='line_1_33' title="bbox 281 3485 1799 3581; baseline 0.025 -43"><span class='ocrx_word' id='word_1_252' title='bbox 281 3485 369 3539; x_wconf 86' lang='grc'><strong>17.</strong></span> <span class='ocrx_word' id='word_1_253' title='bbox 412 3487 519 3543; x_wconf 88' lang='lat' dir='ltr'><strong>Sed</strong></span> <span class='ocrx_word' id='word_1_254' title='bbox 547 3491 684 3546; x_wconf 89' lang='lat' dir='ltr'><strong>absit</strong></span> <span class='ocrx_word' id='word_1_255' title='bbox 710 3503 764 3549; x_wconf 92' lang='lat' dir='ltr'><strong>ut</strong></span> <span class='ocrx_word' id='word_1_256' title='bbox 799 3497 869 3552; x_wconf 93' lang='lat' dir='ltr'><strong>sit</strong></span> <span class='ocrx_word' id='word_1_257' title='bbox 894 3498 945 3554; x_wconf 94' lang='lat' dir='ltr'><strong>in</strong></span> <span class='ocrx_word' id='word_1_258' title='bbox 976 3500 1154 3573; x_wconf 85' lang='lat' dir='ltr'><strong>aliquo</strong></span> <span class='ocrx_word' id='word_1_259' title='bbox 1184 3521 1308 3562; x_wconf 90' lang='lat' dir='ltr'><strong>vera</strong></span> <span class='ocrx_word' id='word_1_260' title='bbox 1335 3510 1524 3581; x_wconf 90' lang='lat' dir='ltr'><strong>virtus,</strong></span> <span class='ocrx_word' id='word_1_261' title='bbox 1559 3517 1658 3572; x_wconf 91' lang='lat' dir='ltr'><strong>nisi</strong></span> <span class='ocrx_word' id='word_1_262' title='bbox 1683 3517 1799 3576; x_wconf 77' lang='lat' dir='ltr'><strong>fue-</strong></span> 
     </span>
    </p>
   </div>
   <div class='ocr_carea' id='block_1_34' title="bbox 212 3574 1798 3672">
    <p class='ocr_par' dir='ltr' id='par_1_34' title="bbox 212 3574 1798 3672">
     <span class='ocr_line' id='line_1_34' title="bbox 212 3574 1798 3672; baseline 0.025 -43"><span class='ocrx_word' id='word_1_263' title='bbox 212 3574 277 3630; x_wconf 86' lang='lat' dir='ltr'><strong>rit</strong></span> <span class='ocrx_word' id='word_1_264' title='bbox 299 3576 499 3646; x_wconf 91' lang='lat' dir='ltr'><strong>justus.</strong></span> <span class='ocrx_word' id='word_1_265' title='bbox 531 3581 682 3638; x_wconf 87' lang='lat' dir='ltr'><strong>Absit</strong></span> <span class='ocrx_word' id='word_1_266' title='bbox 723 3596 899 3644; x_wconf 90' lang='lat' dir='ltr'><strong>autem</strong></span> <span class='ocrx_word' id='word_1_267' title='bbox 949 3601 1004 3646; x_wconf 92' lang='lat' dir='ltr'><strong>ut</strong></span> <span class='ocrx_word' id='word_1_268' title='bbox 1030 3594 1098 3648; x_wconf 90' lang='lat' dir='ltr'><strong>sit</strong></span> <span class='ocrx_word' id='word_1_269' title='bbox 1127 3595 1303 3663; x_wconf 91' lang='lat' dir='ltr'><strong>justus</strong></span> <span class='ocrx_word' id='word_1_270' title='bbox 1337 3617 1482 3672; x_wconf 89' lang='lat' dir='ltr'><strong>vere,</strong></span> <span class='ocrx_word' id='word_1_271' title='bbox 1526 3607 1625 3662; x_wconf 90' lang='lat' dir='ltr'><strong>nisi</strong></span> <span class='ocrx_word' id='word_1_272' title='bbox 1655 3611 1798 3670; x_wconf 86' lang='lat' dir='ltr'><strong>vivat</strong></span> 
     </span>
    </p>
   </div>
   <div class='ocr_carea' id='block_1_35' title="bbox 211 3666 1790 3769">
    <p class='ocr_par' dir='ltr' id='par_1_35' title="bbox 211 3666 1790 3769">
     <span class='ocr_line' id='line_1_35' title="bbox 211 3666 1790 3769; baseline 0.024 -49"><span class='ocrx_word' id='word_1_273' title='bbox 211 3679 272 3721; x_wconf 83' lang='lat' dir='ltr'><strong>ex</strong></span> <span class='ocrx_word' id='word_1_274' title='bbox 307 3666 452 3724; x_wconf 89' lang='lat' dir='ltr'><strong>ﬁde:</strong></span> <span class='ocrx_word' id='word_1_275' title='bbox 483 3671 662 3728; x_wconf 81' lang='lat' dir='ltr'><strong>Justus</strong></span> <span class='ocrx_word' id='word_1_276' title='bbox 695 3677 836 3732; x_wconf 87' lang='lat' dir='ltr'><strong>enim</strong></span> <span class='ocrx_word' id='word_1_277' title='bbox 868 3697 929 3735; x_wconf 82' lang='lat' dir='ltr'><strong>ea:</strong></span> <span class='ocrx_word' id='word_1_278' title='bbox 956 3683 1058 3750; x_wconf 78' lang='lat' dir='ltr'><strong>ﬁde</strong></span> <span class='ocrx_word' id='word_1_279' title='bbox 1090 3687 1212 3741; x_wconf 82' lang='lat' dir='ltr'><strong>vivit</strong></span> <span class='ocrx_word' id='word_1_280' title='bbox 1245 3688 1418 3760; x_wconf 86' lang='lat' dir='ltr'><strong>(Rom.</strong></span> <span class='ocrx_word' id='word_1_281' title='bbox 1443 3666 1481 3760; x_wconf 78' lang='lat' dir='ltr'><strong>i,</strong></span> <span class='ocrx_word' id='word_1_282' title='bbox 1516 3697 1624 3769; x_wconf 86' lang='grc'><strong>17).</strong></span> <span class='ocrx_word' id='word_1_283' title='bbox 1659 3666 1790 3768; x_wconf 83' lang='lat' dir='ltr'><strong>Quis</strong></span> 
     </span>
    </p>
   </div>
   <div class='ocr_carea' id='block_1_36' title="bbox 211 3769 1790 3861">
    <p class='ocr_par' dir='ltr' id='par_1_36' title="bbox 211 3769 1790 3861">
     <span class='ocr_line' id='line_1_36' title="bbox 211 3769 1790 3861; baseline 0.025 -48"><span class='ocrx_word' id='word_1_284' title='bbox 211 3773 367 3827; x_wconf 84' lang='lat' dir='ltr'><strong>porro</strong></span> <span class='ocrx_word' id='word_1_285' title='bbox 405 3777 590 3819; x_wconf 91' lang='lat' dir='ltr'><strong>eorum</strong></span> <span class='ocrx_word' id='word_1_286' title='bbox 621 3769 705 3837; x_wconf 84' lang='lat' dir='ltr'><strong>qui</strong></span> <span class='ocrx_word' id='word_1_287' title='bbox 738 3769 810 3825; x_wconf 84' lang='lat' dir='ltr'><strong>se</strong></span> <span class='ocrx_word' id='word_1_288' title='bbox 855 3775 1175 3836; x_wconf 87' lang='lat' dir='ltr'><strong>christianos</strong></span> <span class='ocrx_word' id='word_1_289' title='bbox 1221 3782 1401 3840; x_wconf 88' lang='lat' dir='ltr'><strong>haberi</strong></span> <span class='ocrx_word' id='word_1_290' title='bbox 1430 3790 1639 3861; x_wconf 89' lang='lat' dir='ltr'><strong>volunt,</strong></span> <span class='ocrx_word' id='word_1_291' title='bbox 1689 3797 1790 3852; x_wconf 92' lang='lat' dir='ltr'><strong>nisi</strong></span> 
     </span>
    </p>
   </div>
   <div class='ocr_carea' id='block_1_37' title="bbox 209 3853 1788 3959">
    <p class='ocr_par' dir='ltr' id='par_1_37' title="bbox 209 3853 1788 3959">
     <span class='ocr_line' id='line_1_37' title="bbox 209 3853 1788 3959; baseline 0.025 -54"><span class='ocrx_word' id='word_1_292' title='bbox 209 3853 302 3908; x_wconf 88' lang='lat' dir='ltr'><strong>soli</strong></span> <span class='ocrx_word' id='word_1_293' title='bbox 334 3853 622 3927; x_wconf 77' lang='lat' dir='ltr'><strong>Pelagiani,</strong></span> <span class='ocrx_word' id='word_1_294' title='bbox 672 3871 762 3916; x_wconf 93' lang='lat' dir='ltr'><strong>aut</strong></span> <span class='ocrx_word' id='word_1_295' title='bbox 803 3864 853 3918; x_wconf 91' lang='lat' dir='ltr'><strong>in</strong></span> <span class='ocrx_word' id='word_1_296' title='bbox 898 3866 1026 3936; x_wconf 90' lang='lat' dir='ltr'><strong>ipsis</strong></span> <span class='ocrx_word' id='word_1_297' title='bbox 1067 3871 1226 3928; x_wconf 89' lang='lat' dir='ltr'><strong>etiam</strong></span> <span class='ocrx_word' id='word_1_298' title='bbox 1253 3875 1391 3934; x_wconf 84' lang='lat' dir='ltr'><strong>forte</strong></span> <span class='ocrx_word' id='word_1_299' title='bbox 1419 3888 1474 3935; x_wconf 92' lang='lat' dir='ltr'><strong>tu</strong></span> <span class='ocrx_word' id='word_1_300' title='bbox 1505 3853 1674 3954; x_wconf 80' lang='lat' dir='ltr'><strong>solus,</strong></span> <span class='ocrx_word' id='word_1_301' title='bbox 1699 3888 1788 3959; x_wconf 85' lang='lat' dir='ltr'><strong>ju-</strong></span> 
     </span>
    </p>
   </div>
   <div class='ocr_carea' id='block_1_38' title="bbox 207 3946 1784 4050">
    <p class='ocr_par' dir='ltr' id='par_1_38' title="bbox 207 3946 1784 4050">
     <span class='ocr_line' id='line_1_38' title="bbox 207 3946 1784 4050; baseline 0.025 -53"><span class='ocrx_word' id='word_1_302' title='bbox 207 3952 340 3999; x_wconf 85' lang='lat' dir='ltr'><strong>stum</strong></span> <span class='ocrx_word' id='word_1_303' title='bbox 397 3946 593 4004; x_wconf 75' lang='lat' dir='ltr'><strong>dixerit</strong></span> <span class='ocrx_word' id='word_1_304' title='bbox 645 3952 959 4027; x_wconf 90' lang='lat' dir='ltr'><strong>inﬁdelem,</strong></span> <span class='ocrx_word' id='word_1_305' title='bbox 1009 3959 1211 4030; x_wconf 92' lang='lat' dir='ltr'><strong>justum</strong></span> <span class='ocrx_word' id='word_1_306' title='bbox 1263 3967 1458 4027; x_wconf 82' lang='lat' dir='ltr'><strong>dixerit</strong></span> <span class='ocrx_word' id='word_1_307' title='bbox 1519 3946 1784 4050; x_wconf 77' lang='lat' dir='ltr'><strong>impium,</strong></span> 
     </span>
    </p>
   </div>
   <div class='ocr_carea' id='block_1_39' title="bbox 204 4033 1786 4133">
    <p class='ocr_par' dir='ltr' id='par_1_39' title="bbox 204 4033 1786 4133">
     <span class='ocr_line' id='line_1_39' title="bbox 204 4033 1786 4133; baseline 0.026 -45"><span class='ocrx_word' id='word_1_308' title='bbox 204 4033 396 4103; x_wconf 86' lang='lat' dir='ltr'><strong>justum</strong></span> <span class='ocrx_word' id='word_1_309' title='bbox 451 4039 646 4097; x_wconf 82' lang='lat' dir='ltr'><strong>dixerit</strong></span> <span class='ocrx_word' id='word_1_310' title='bbox 696 4045 908 4104; x_wconf 87' lang='lat' dir='ltr'><strong>diabolo</strong></span> <span class='ocrx_word' id='word_1_311' title='bbox 951 4055 1305 4125; x_wconf 87' lang='lat' dir='ltr'><strong>mancipatum</strong></span> <span class='ocrx_word' id='word_1_312' title='bbox 1358 4064 1502 4133; x_wconf 85' lang='lat' dir='ltr'><strong>(a)?</strong></span> <span class='ocrx_word' id='word_1_313' title='bbox 1542 4033 1611 4122; x_wconf 71' lang='lat' dir='ltr'><strong>sit</strong></span> <span class='ocrx_word' id='word_1_314' title='bbox 1663 4033 1786 4128; x_wconf 62' lang='lat' dir='ltr'><strong>licet</strong></span> 
     </span>
    </p>
   </div>
   <div class='ocr_carea' id='block_1_40' title="bbox 205 4128 1785 4229">
    <p class='ocr_par' dir='ltr' id='par_1_40' title="bbox 205 4128 1785 4229">
     <span class='ocr_line' id='line_1_40' title="bbox 205 4128 1785 4229; baseline 0.024 -47"><span class='ocrx_word' id='word_1_315' title='bbox 205 4128 286 4185; x_wconf 89' lang='lat' dir='ltr'><strong>ille</strong></span> <span class='ocrx_word' id='word_1_316' title='bbox 316 4130 718 4202; x_wconf 82' lang='lat' dir='ltr'><strong>Fabricius,sit</strong></span> <span class='ocrx_word' id='word_1_317' title='bbox 766 4140 887 4198; x_wconf 92' lang='lat' dir='ltr'><strong>licet</strong></span> <span class='ocrx_word' id='word_1_318' title='bbox 925 4143 1140 4213; x_wconf 88' lang='lat' dir='ltr'><strong>Fabius,</strong></span> <span class='ocrx_word' id='word_1_319' title='bbox 1191 4151 1261 4205; x_wconf 93' lang='lat' dir='ltr'><strong>sit</strong></span> <span class='ocrx_word' id='word_1_320' title='bbox 1299 4128 1668 4229; x_wconf 81' lang='lat' dir='ltr'><strong>licetScipio,</strong></span> <span class='ocrx_word' id='word_1_321' title='bbox 1715 4166 1785 4221; x_wconf 88' lang='lat' dir='ltr'><strong>sit</strong></span> 
     </span>
    </p>
   </div>
   <div class='ocr_carea' id='block_1_41' title="bbox 203 4219 1780 4320">
    <p class='ocr_par' dir='ltr' id='par_1_41' title="bbox 203 4219 1780 4320">
     <span class='ocr_line' id='line_1_41' title="bbox 203 4219 1780 4320; baseline 0.024 -48"><span class='ocrx_word' id='word_1_322' title='bbox 203 4219 320 4278; x_wconf 89' lang='lat' dir='ltr'><strong>licet</strong></span> <span class='ocrx_word' id='word_1_323' title='bbox 365 4223 622 4296; x_wconf 80' lang='lat' dir='ltr'><strong>Regulus,</strong></span> <span class='ocrx_word' id='word_1_324' title='bbox 667 4246 892 4300; x_wconf 89' lang='lat' dir='ltr'><strong>quorum</strong></span> <span class='ocrx_word' id='word_1_325' title='bbox 942 4252 1027 4291; x_wconf 93' lang='lat' dir='ltr'><strong>me</strong></span> <span class='ocrx_word' id='word_1_326' title='bbox 1072 4241 1396 4309; x_wconf 90' lang='lat' dir='ltr'><strong>nominibus,</strong></span> <span class='ocrx_word' id='word_1_327' title='bbox 1432 4219 1680 4320; x_wconf 77' lang='lat' dir='ltr'><strong>tanquam</strong></span> <span class='ocrx_word' id='word_1_328' title='bbox 1727 4255 1780 4310; x_wconf 90' lang='lat' dir='ltr'><strong>in</strong></span> 
     </span>
    </p>
   </div>
   <div class='ocr_carea' id='block_1_42' title="bbox 200 4315 1780 4402">
    <p class='ocr_par' dir='ltr' id='par_1_42' title="bbox 200 4315 1780 4402">
     <span class='ocr_line' id='line_1_42' title="bbox 200 4315 1780 4402; baseline 0.021 -36"><span class='ocrx_word' id='word_1_329' title='bbox 200 4315 404 4385; x_wconf 82' lang='lat' dir='ltr'><strong>antiqua</strong></span> <span class='ocrx_word' id='word_1_330' title='bbox 437 4316 674 4375; x_wconf 88' lang='lat' dir='ltr'><strong>Romana</strong></span> <span class='ocrx_word' id='word_1_331' title='bbox 715 4324 862 4378; x_wconf 90' lang='lat' dir='ltr'><strong>curia</strong></span> <span class='ocrx_word' id='word_1_332' title='bbox 897 4325 1255 4398; x_wconf 88' lang='lat' dir='ltr'><strong>loqueremur,</strong></span> <span class='ocrx_word' id='word_1_333' title='bbox 1286 4337 1480 4402; x_wconf 88' lang='lat' dir='ltr'><strong>putasti</strong></span> <span class='ocrx_word' id='word_1_334' title='bbox 1522 4354 1641 4397; x_wconf 89' lang='lat' dir='ltr'><strong>esse</strong></span> <span class='ocrx_word' id='word_1_335' title='bbox 1671 4351 1780 4400; x_wconf 86' lang='lat' dir='ltr'><strong>ter-</strong></span> 
     </span>
    </p>
   </div>
   <div class='ocr_carea' id='block_1_43' title="bbox 199 4408 1774 4509">
    <p class='ocr_par' dir='ltr' id='par_1_43' title="bbox 199 4408 1774 4509">
     <span class='ocr_line' id='line_1_43' title="bbox 199 4408 1774 4509; baseline 0.02 -48"><span class='ocrx_word' id='word_1_336' title='bbox 199 4408 439 4464; x_wconf 87' lang='lat' dir='ltr'><strong>rendum.</strong></span> <span class='ocrx_word' id='word_1_337' title='bbox 470 4411 664 4468; x_wconf 87' lang='lat' dir='ltr'><strong>Verum</strong></span> <span class='ocrx_word' id='word_1_338' title='bbox 688 4423 743 4470; x_wconf 91' lang='lat' dir='ltr'><strong>tu</strong></span> <span class='ocrx_word' id='word_1_339' title='bbox 775 4416 826 4471; x_wconf 91' lang='lat' dir='ltr'><strong>in</strong></span> <span class='ocrx_word' id='word_1_340' title='bbox 858 4417 957 4473; x_wconf 91' lang='lat' dir='ltr'><strong>bac</strong></span> <span class='ocrx_word' id='word_1_341' title='bbox 991 4436 1150 4477; x_wconf 90' lang='lat' dir='ltr'><strong>causa</strong></span> <span class='ocrx_word' id='word_1_342' title='bbox 1177 4427 1275 4480; x_wconf 87' lang='lat' dir='ltr'><strong>etsi</strong></span> <span class='ocrx_word' id='word_1_343' title='bbox 1307 4427 1372 4481; x_wconf 89' lang='lat' dir='ltr'><strong>ad</strong></span> <span class='ocrx_word' id='word_1_344' title='bbox 1408 4431 1646 4489; x_wconf 83' lang='lat' dir='ltr'><strong>scholam</strong></span> <span class='ocrx_word' id='word_1_345' title='bbox 1674 4437 1774 4509; x_wconf 89' lang='lat' dir='ltr'><strong>Py-</strong></span> 
     </span>
    </p>
   </div>
   <div class='ocr_carea' id='block_1_44' title="bbox 199 4500 1774 4601">
    <p class='ocr_par' dir='ltr' id='par_1_44' title="bbox 199 4500 1774 4601">
     <span class='ocr_line' id='line_1_44' title="bbox 199 4500 1774 4601; baseline 0.022 -48"><span class='ocrx_word' id='word_1_346' title='bbox 199 4500 425 4572; x_wconf 72' lang='lat' dir='ltr'><strong>thagora:</strong></span> <span class='ocrx_word' id='word_1_347' title='bbox 456 4521 712 4576; x_wconf 81' lang='lat' dir='ltr'><strong>provoces</strong></span> <span class='ocrx_word' id='word_1_348' title='bbox 739 4511 821 4566; x_wconf 92' lang='lat' dir='ltr'><strong>vel</strong></span> <span class='ocrx_word' id='word_1_349' title='bbox 845 4512 1097 4582; x_wconf 88' lang='lat' dir='ltr'><strong>Platonis,</strong></span> <span class='ocrx_word' id='word_1_350' title='bbox 1123 4517 1210 4572; x_wconf 92' lang='lat' dir='ltr'><strong>ubi</strong></span> <span class='ocrx_word' id='word_1_351' title='bbox 1241 4522 1585 4582; x_wconf 89' lang='lat' dir='ltr'><strong>eruditissimi</strong></span> <span class='ocrx_word' id='word_1_352' title='bbox 1615 4500 1774 4601; x_wconf 78' lang='lat' dir='ltr'><strong>atque</strong></span> 
     </span>
    </p>
   </div>
   <div class='ocr_carea' id='block_1_45' title="bbox 195 4591 1772 4690">
    <p class='ocr_par' dir='ltr' id='par_1_45' title="bbox 195 4591 1772 4690">
     <span class='ocr_line' id='line_1_45' title="bbox 195 4591 1772 4690; baseline 0.02 -44"><span class='ocrx_word' id='word_1_353' title='bbox 195 4591 482 4650; x_wconf 88' lang='lat' dir='ltr'><strong>doctissimi</strong></span> <span class='ocrx_word' id='word_1_354' title='bbox 522 4599 620 4653; x_wconf 89' lang='lat' dir='ltr'><strong>viri</strong></span> <span class='ocrx_word' id='word_1_355' title='bbox 665 4603 831 4657; x_wconf 90' lang='lat' dir='ltr'><strong>multo</strong></span> <span class='ocrx_word' id='word_1_356' title='bbox 875 4607 1251 4666; x_wconf 88' lang='lat' dir='ltr'><strong>cxcellentiore</strong></span> <span class='ocrx_word' id='word_1_357' title='bbox 1288 4617 1497 4672; x_wconf 64' lang='lat' dir='ltr'><strong>caneris</strong></span> <span class='ocrx_word' id='word_1_358' title='bbox 1535 4619 1772 4690; x_wconf 86' lang='lat' dir='ltr'><strong>philoso-</strong></span> 
     </span>
    </p>
   </div>
   <div class='ocr_carea' id='block_1_46' title="bbox 196 4682 1767 4779">
    <p class='ocr_par' dir='ltr' id='par_1_46' title="bbox 196 4682 1767 4779">
     <span class='ocr_line' id='line_1_46' title="bbox 196 4682 1767 4779; baseline 0.022 -44"><span class='ocrx_word' id='word_1_359' title='bbox 196 4682 307 4750; x_wconf 86' lang='lat' dir='ltr'><strong>phia</strong></span> <span class='ocrx_word' id='word_1_360' title='bbox 346 4687 614 4744; x_wconf 90' lang='lat' dir='ltr'><strong>nobilitati</strong></span> <span class='ocrx_word' id='word_1_361' title='bbox 643 4707 800 4748; x_wconf 89' lang='lat' dir='ltr'><strong>veras</strong></span> <span class='ocrx_word' id='word_1_362' title='bbox 829 4693 1055 4753; x_wconf 89' lang='lat' dir='ltr'><strong>virtutes</strong></span> <span class='ocrx_word' id='word_1_363' title='bbox 1091 4715 1197 4755; x_wconf 91' lang='lat' dir='ltr'><strong>non</strong></span> <span class='ocrx_word' id='word_1_364' title='bbox 1225 4718 1344 4760; x_wconf 89' lang='lat' dir='ltr'><strong>esse</strong></span> <span class='ocrx_word' id='word_1_365' title='bbox 1370 4682 1637 4779; x_wconf 74' lang='lat' dir='ltr'><strong>dicebant,</strong></span> <span class='ocrx_word' id='word_1_366' title='bbox 1669 4715 1767 4770; x_wconf 92' lang='lat' dir='ltr'><strong>nisi</strong></span> 
     </span>
    </p>
   </div>
   <div class='ocr_carea' id='block_1_47' title="bbox 193 4780 1767 4862">
    <p class='ocr_par' dir='ltr' id='par_1_47' title="bbox 193 4780 1767 4862">
     <span class='ocr_line' id='line_1_47' title="bbox 193 4780 1767 4862; baseline 0.022 -34"><span class='ocrx_word' id='word_1_367' title='bbox 193 4788 300 4842; x_wconf 70' lang='lat' dir='ltr'><strong>qum</strong></span> <span class='ocrx_word' id='word_1_368' title='bbox 323 4780 488 4834; x_wconf 91' lang='lat' dir='ltr'><strong>menti</strong></span> <span class='ocrx_word' id='word_1_369' title='bbox 521 4782 750 4850; x_wconf 86' lang='lat' dir='ltr'><strong>quodam</strong></span> <span class='ocrx_word' id='word_1_370' title='bbox 779 4787 936 4842; x_wconf 94' lang='lat' dir='ltr'><strong>modo</strong></span> <span class='ocrx_word' id='word_1_371' title='bbox 969 4789 1348 4859; x_wconf 88' lang='lat' dir='ltr'><strong>imprimuntur</strong></span> <span class='ocrx_word' id='word_1_372' title='bbox 1373 4813 1399 4850; x_wconf 91' lang='lat' dir='ltr'><strong>a</strong></span> <span class='ocrx_word' id='word_1_373' title='bbox 1431 4799 1599 4857; x_wconf 80' lang='lat' dir='ltr'><strong>forma</strong></span> <span class='ocrx_word' id='word_1_374' title='bbox 1628 4805 1767 4862; x_wconf 92' lang='lat' dir='ltr'><strong>illius</strong></span> 
     </span>
    </p>
   </div>
   <div class='ocr_carea' id='block_1_48' title="bbox 190 4871 1763 4965">
    <p class='ocr_par' dir='ltr' id='par_1_48' title="bbox 190 4871 1763 4965">
     <span class='ocr_line' id='line_1_48' title="bbox 190 4871 1763 4965; baseline 0.022 -46"><span class='ocrx_word' id='word_1_375' title='bbox 190 4876 392 4924; x_wconf 75' lang='lat' dir='ltr'><strong>internae</strong></span> <span class='ocrx_word' id='word_1_376' title='bbox 425 4871 873 4947; x_wconf 88' lang='lat' dir='ltr'><strong>immutabilisque</strong></span> <span class='ocrx_word' id='word_1_377' title='bbox 911 4881 1253 4954; x_wconf 62' lang='lat' dir='ltr'><strong>substantiae,</strong></span> <span class='ocrx_word' id='word_1_378' title='bbox 1295 4890 1434 4958; x_wconf 89' lang='lat' dir='ltr'><strong>quod</strong></span> <span class='ocrx_word' id='word_1_379' title='bbox 1477 4903 1558 4948; x_wconf 90' lang='lat' dir='ltr'><strong>est</strong></span> <span class='ocrx_word' id='word_1_380' title='bbox 1593 4895 1763 4965; x_wconf 85' lang='lat' dir='ltr'><strong>Deus;</strong></span> 
     </span>
    </p>
   </div>
   <div class='ocr_carea' id='block_1_49' title="bbox 188 4959 1762 5051">
    <p class='ocr_par' dir='ltr' id='par_1_49' title="bbox 188 4959 1762 5051">
     <span class='ocr_line' id='line_1_49' title="bbox 188 4959 1762 5051; baseline 0.023 -41"><span class='ocrx_word' id='word_1_381' title='bbox 188 4959 334 5013; x_wconf 87' lang='lat' dir='ltr'><strong>etiam</strong></span> <span class='ocrx_word' id='word_1_382' title='bbox 365 4961 478 5016; x_wconf 92' lang='lat' dir='ltr'><strong>illic</strong></span> <span class='ocrx_word' id='word_1_383' title='bbox 503 4963 759 5023; x_wconf 89' lang='lat' dir='ltr'><strong>adversus</strong></span> <span class='ocrx_word' id='word_1_384' title='bbox 787 4977 860 5037; x_wconf 91' lang='lat' dir='ltr'><strong>te,</strong></span> <span class='ocrx_word' id='word_1_385' title='bbox 889 4983 1143 5041; x_wconf 87' lang='lat' dir='ltr'><strong>quantum</strong></span> <span class='ocrx_word' id='word_1_386' title='bbox 1170 4976 1334 5034; x_wconf 86' lang='lat' dir='ltr'><strong>donat</strong></span> <span class='ocrx_word' id='word_1_387' title='bbox 1359 4983 1447 5051; x_wconf 91' lang='lat' dir='ltr'><strong>qui</strong></span> <span class='ocrx_word' id='word_1_388' title='bbox 1473 4999 1571 5039; x_wconf 89' lang='lat' dir='ltr'><strong>nos</strong></span> <span class='ocrx_word' id='word_1_389' title='bbox 1600 5002 1762 5044; x_wconf 83' lang='lat' dir='ltr'><strong>voea-</strong></span> 
     </span>
    </p>
   </div>
   <div class='ocr_carea' id='block_1_50' title="bbox 186 5049 1761 5136">
    <p class='ocr_par' dir='ltr' id='par_1_50' title="bbox 186 5049 1761 5136">
     <span class='ocr_line' id='line_1_50' title="bbox 186 5049 1761 5136; baseline 0.023 -37"><span class='ocrx_word' id='word_1_390' title='bbox 186 5049 270 5114; x_wconf 87' lang='lat' dir='ltr'><strong>vit,</strong></span> <span class='ocrx_word' id='word_1_391' title='bbox 298 5052 511 5120; x_wconf 88' lang='lat' dir='ltr'><strong>pietatis</strong></span> <span class='ocrx_word' id='word_1_392' title='bbox 552 5054 794 5113; x_wconf 88' lang='lat' dir='ltr'><strong>libertate</strong></span> <span class='ocrx_word' id='word_1_393' title='bbox 827 5061 1111 5120; x_wconf 88' lang='lat' dir='ltr'><strong>clamabo:</strong></span> <span class='ocrx_word' id='word_1_394' title='bbox 1141 5066 1250 5123; x_wconf 84' lang='lat' dir='ltr'><strong>Nec</strong></span> <span class='ocrx_word' id='word_1_395' title='bbox 1289 5070 1342 5123; x_wconf 93' lang='lat' dir='ltr'><strong>in</strong></span> <span class='ocrx_word' id='word_1_396' title='bbox 1377 5049 1498 5128; x_wconf 81' lang='lat' dir='ltr'><strong>istis</strong></span> <span class='ocrx_word' id='word_1_397' title='bbox 1529 5086 1609 5131; x_wconf 90' lang='lat' dir='ltr'><strong>est</strong></span> <span class='ocrx_word' id='word_1_398' title='bbox 1637 5095 1761 5136; x_wconf 91' lang='lat' dir='ltr'><strong>vera</strong></span> 
     </span>
    </p>
   </div>
   <div class='ocr_carea' id='block_1_51' title="bbox 181 5136 1760 5233">
    <p class='ocr_par' dir='ltr' id='par_1_51' title="bbox 181 5136 1760 5233">
     <span class='ocr_line' id='line_1_51' title="bbox 181 5136 1760 5233; baseline 0.022 -42"><span class='ocrx_word' id='word_1_399' title='bbox 181 5136 390 5207; x_wconf 89' lang='lat' dir='ltr'><strong>justitia.</strong></span> <span class='ocrx_word' id='word_1_400' title='bbox 418 5142 636 5202; x_wconf 71' lang='lat' dir='ltr'><strong>Justus‘</strong></span> <span class='ocrx_word' id='word_1_401' title='bbox 664 5165 727 5204; x_wconf 79' lang='lat' dir='ltr'><strong>ea:</strong></span> <span class='ocrx_word' id='word_1_402' title='bbox 754 5151 857 5220; x_wconf 78' lang='lat' dir='ltr'><strong>ﬁde</strong></span> <span class='ocrx_word' id='word_1_403' title='bbox 881 5154 1016 5210; x_wconf 86' lang='lat' dir='ltr'><strong>vivit.</strong></span> <span class='ocrx_word' id='word_1_404' title='bbox 1057 5156 1217 5214; x_wconf 87' lang='lat' dir='ltr'><strong>Fides</strong></span> <span class='ocrx_word' id='word_1_405' title='bbox 1247 5177 1312 5216; x_wconf 81' lang='lat' dir='ltr'><strong>ea:</strong></span> <span class='ocrx_word' id='word_1_406' title='bbox 1335 5164 1532 5233; x_wconf 81' lang='lat' dir='ltr'><strong>auditu,</strong></span> <span class='ocrx_word' id='word_1_407' title='bbox 1559 5171 1760 5227; x_wconf 87' lang='lat' dir='ltr'><strong>auditus</strong></span> 
     </span>
    </p>
   </div>
   <div class='ocr_carea' id='block_1_52' title="bbox 237 5340 999 5408">
    <p class='ocr_par' dir='ltr' id='par_1_52' title="bbox 237 5340 999 5408">
     <span class='ocr_line' id='line_1_52' title="bbox 237 5340 999 5408; baseline 0.017 -17"><span class='ocrx_word' id='word_1_408' title='bbox 237 5340 252 5408; x_wconf 69' lang='grc' dir='ltr'><strong>ξ</strong></span> <span class='ocrx_word' id='word_1_409' title='bbox 287 5343 507 5395; x_wconf 74' lang='lat' dir='ltr'><strong>Nonnulli</strong></span> <span class='ocrx_word' id='word_1_410' title='bbox 528 5351 659 5408; x_wconf 64' lang='grc' dir='ltr'><strong>κει,</strong></span> <span class='ocrx_word' id='word_1_411' title='bbox 683 5352 999 5406; x_wconf 82' lang='lat' dir='ltr'><strong>tenacissimo.</strong></span> 
     </span>
    </p>
   </div>
   <div class='ocr_carea' id='block_1_53' title="bbox 233 5403 1440 5494">
    <p class='ocr_par' dir='ltr' id='par_1_53' title="bbox 233 5403 1440 5494">
     <span class='ocr_line' id='line_1_53' title="bbox 233 5403 1440 5494; baseline 0 0"><span class='ocrx_word' id='word_1_412' title='bbox 233 5403 254 5494; x_wconf 74' lang='grc' dir='ltr'>ξ</span> <span class='ocrx_word' id='word_1_413' title='bbox 284 5409 382 5494; x_wconf 56' lang='lat' dir='ltr'><strong>if?</strong></span> <span class='ocrx_word' id='word_1_414' title='bbox 408 5413 483 5494; x_wconf 60' lang='lat' dir='ltr'><strong>EE.&quot;</strong></span> <span class='ocrx_word' id='word_1_415' title='bbox 500 5415 566 5494; x_wconf 59' lang='grc' dir='ltr'><strong>,Ξ</strong></span> <span class='ocrx_word' id='word_1_416' title='bbox 583 5403 774 5494; x_wconf 45' lang='lat' dir='ltr'><strong>qui?!“</strong></span> <span class='ocrx_word' id='word_1_417' title='bbox 783 5403 1080 5494; x_wconf 49' lang='grc' dir='ltr'><strong>ἕὲἐορίξρίφοά</strong></span> <span class='ocrx_word' id='word_1_418' title='bbox 1101 5420 1143 5492; x_wconf 64' lang='lat' dir='ltr'><strong>ei</strong></span> <span class='ocrx_word' id='word_1_419' title='bbox 1159 5426 1206 5470; x_wconf 76' lang='grc' dir='ltr'><strong>ει</strong></span> <span class='ocrx_word' id='word_1_420' title='bbox 1228 5421 1440 5494; x_wconf 61' lang='lat' dir='ltr'><strong>amburi-</strong></span> 
     </span>
    </p>
   </div>
   <div class='ocr_carea' id='block_1_54' title="bbox 233 5463 1747 5544">
    <p class='ocr_par' dir='ltr' id='par_1_54' title="bbox 233 5463 1747 5544">
     <span class='ocr_line' id='line_1_54' title="bbox 233 5463 1747 5544; baseline 0.022 -33"><span class='ocrx_word' id='word_1_421' title='bbox 233 5463 254 5494; x_wconf 79' lang='grc'>⁸</span> <span class='ocrx_word' id='word_1_422' title='bbox 283 5472 380 5544; x_wconf 55' lang='grc' dir='ltr'><strong>λψρ.</strong></span> <span class='ocrx_word' id='word_1_423' title='bbox 407 5476 464 5544; x_wconf 53' lang='grc' dir='ltr'><strong>εξ</strong></span> <span class='ocrx_word' id='word_1_424' title='bbox 498 5463 617 5544; x_wconf 44' lang='lat' dir='ltr'><strong>tier;</strong></span> <span class='ocrx_word' id='word_1_425' title='bbox 642 5472 739 5544; x_wconf 61' lang='lat' dir='ltr'><strong>sine</strong></span> <span class='ocrx_word' id='word_1_426' title='bbox 1052 5463 1426 5538; x_wconf 39' lang='lat' dir='ltr'><strong>wuitae&quot;&#39;u&#39;t&#39;invt&#39;mus</strong></span> <span class='ocrx_word' id='word_1_427' title='bbox 1453 5499 1470 5537; x_wconf 92' lang='lat'><em>:</em></span> <span class='ocrx_word' id='word_1_428' title='bbox 1495 5491 1747 5544; x_wconf 90' lang='lat' dir='ltr'><strong>mendose.</strong></span> 
     </span>
    </p>
   </div>
   <div class='ocr_carea' id='block_1_55' title="bbox 172 5514 1748 5642">
    <p class='ocr_par' dir='ltr' id='par_1_55' title="bbox 172 5514 1748 5642">
     <span class='ocr_line' id='line_1_55' title="bbox 172 5514 1748 5642; baseline 0.023 -68"><span class='ocrx_word' id='word_1_429' title='bbox 172 5526 278 5632; x_wconf 45' lang='lat' dir='ltr'><strong>xm</strong></span> <span class='ocrx_word' id='word_1_430' title='bbox 309 5528 382 5639; x_wconf 40' lang='lat' dir='ltr'><strong>diem</strong></span> <span class='ocrx_word' id='word_1_431' title='bbox 403 5514 1189 5642; x_wconf 49' lang='lat' dir='ltr'><strong>iégia‘ii’aciiit&#39;ud&#39;ﬁéﬁiifhdiowt</strong></span> <span class='ocrx_word' id='word_1_432' title='bbox 1205 5514 1748 5617; x_wconf 47' lang='lat' dir='ltr'><strong>Eziﬁafuai‘iii’iiii;</strong></span> 
     </span>
     <span class='ocr_line' id='line_1_56' title="bbox 219 5600 522 5642; baseline 0.033 -9"><span class='ocrx_word' id='word_1_433' title='bbox 219 5600 293 5636; x_wconf 62' lang='lat'><strong>1‘8.</strong></span> <span class='ocrx_word' id='word_1_434' title='bbox 385 5626 399 5642; x_wconf 68' lang='grc' dir='ltr'><strong>ς</strong></span> <span class='ocrx_word' id='word_1_435' title='bbox 510 5608 522 5642; x_wconf 70' lang='grc' dir='ltr'><em>τ</em></span> 
     </span>
    </p>
   </div>
   <div class='ocr_carea' id='block_1_56' title="bbox 173 5595 522 5650">
    <p class='ocr_par' dir='ltr' id='par_1_56' title="bbox 173 5595 522 5650">
     <span class='ocr_line' id='line_1_57' title="bbox 173 5595 522 5650; baseline 0.034 -19"><span class='ocrx_word' id='word_1_436' title='bbox 173 5595 293 5636; x_wconf 70' lang='lat' dir='ltr'><strong>rem.</strong></span> <span class='ocrx_word' id='word_1_437' title='bbox 322 5595 399 5650; x_wconf 83' lang='lat'><strong>68,</strong></span> <span class='ocrx_word' id='word_1_438' title='bbox 422 5595 486 5642; x_wconf 88' lang='grc'><strong>69</strong></span> <span class='ocrx_word' id='word_1_439' title='bbox 510 5608 522 5642; x_wconf 90' lang='lat'><strong>:</strong></span> 
     </span>
    </p>
   </div>
   <div class='ocr_carea' id='block_1_57' title="bbox 285 5657 1576 5736">
    <p class='ocr_par' dir='ltr' id='par_1_57' title="bbox 285 5657 1576 5736">
     <span class='ocr_line' id='line_1_58' title="bbox 285 5657 1576 5736; baseline 0.021 -37"><span class='ocrx_word' id='word_1_440' title='bbox 285 5659 395 5725; x_wconf 65' lang='lat' dir='ltr'><strong>Nam</strong></span> <span class='ocrx_word' id='word_1_441' title='bbox 417 5657 712 5736; x_wconf 69' lang='lat' dir='ltr'><strong>nemo</strong></span> <span class='ocrx_word' id='word_1_442' title='bbox 733 5663 841 5713; x_wconf 90' lang='lat' dir='ltr'><strong>sine</strong></span> <span class='ocrx_word' id='word_1_443' title='bbox 865 5667 1101 5727; x_wconf 89' lang='lat' dir='ltr'><strong>nascitur;</strong></span> <span class='ocrx_word' id='word_1_444' title='bbox 1140 5671 1348 5731; x_wconf 84' lang='lat' dir='ltr'><strong>optimus</strong></span> <span class='ocrx_word' id='word_1_445' title='bbox 1371 5671 1456 5723; x_wconf 88' lang='lat' dir='ltr'><strong>ille</strong></span> <span class='ocrx_word' id='word_1_446' title='bbox 1482 5683 1576 5736; x_wconf 87' lang='lat' dir='ltr'><strong>est,</strong></span> 
     </span>
    </p>
   </div>
   <div class='ocr_carea' id='block_1_58' title="bbox 285 5717 841 5786">
    <p class='ocr_par' dir='ltr' id='par_1_58' title="bbox 285 5717 841 5786">
     <span class='ocr_line' id='line_1_59' title="bbox 285 5717 841 5786; baseline 0.018 -23"><span class='ocrx_word' id='word_1_447' title='bbox 285 5717 366 5786; x_wconf 64' lang='lat' dir='ltr'><strong>Qui</strong></span> <span class='ocrx_word' id='word_1_448' title='bbox 379 5718 606 5786; x_wconf 69' lang='lat' dir='ltr'><strong>minimis</strong></span> <span class='ocrx_word' id='word_1_449' title='bbox 620 5731 841 5786; x_wconf 82' lang='lat' dir='ltr'><strong>urgetur.</strong></span> 
     </span>
    </p>
   </div>
   <div class='ocr_carea' id='block_1_59' title="bbox 225 5770 1745 5866">
    <p class='ocr_par' dir='ltr' id='par_1_59' title="bbox 225 5770 1745 5866">
     <span class='ocr_line' id='line_1_60' title="bbox 225 5770 1745 5866; baseline 0.022 -45"><span class='ocrx_word' id='word_1_450' title='bbox 225 5770 243 5842; x_wconf 63' lang='grc' dir='ltr'><strong>ξ</strong></span> <span class='ocrx_word' id='word_1_451' title='bbox 275 5770 409 5837; x_wconf 79' lang='lat' dir='ltr'><strong>Editi,</strong></span> <span class='ocrx_word' id='word_1_452' title='bbox 448 5792 546 5852; x_wconf 72' lang='lat' dir='ltr'><strong>qua</strong></span> <span class='ocrx_word' id='word_1_453' title='bbox 568 5770 1116 5866; x_wconf 35' lang='grc' dir='ltr'><strong>’,ξιιηςιῖιεξζῆξῑειιθηείε</strong></span> <span class='ocrx_word' id='word_1_454' title='bbox 1137 5794 1310 5855; x_wconf 71' lang='lat' dir='ltr'><strong>codex,</strong></span> <span class='ocrx_word' id='word_1_455' title='bbox 1337 5797 1449 5866; x_wconf 74' lang='lat' dir='ltr'><strong>quia</strong></span> <span class='ocrx_word' id='word_1_456' title='bbox 1485 5799 1659 5862; x_wconf 83' lang='lat' dir='ltr'><strong>justus.</strong></span> <span class='ocrx_word' id='word_1_457' title='bbox 1697 5811 1745 5854; x_wconf 90' lang='lat' dir='ltr'><strong>tn</strong></span> 
     </span>
    </p>
   </div>
   <div class='ocr_carea' id='block_1_60' title="bbox 165 5830 1437 5916">
    <p class='ocr_par' dir='ltr' id='par_1_60' title="bbox 165 5830 1437 5916">
     <span class='ocr_line' id='line_1_61' title="bbox 627 5830 1437 5847; baseline -0.009 -5"><span class='ocrx_word' id='word_1_458' title='bbox 808 5830 1116 5841; x_wconf 46' lang='grc' dir='ltr'><strong>---πωπω</strong></span> <span class='ocrx_word' id='word_1_459' title='bbox 1137 5830 1257 5843; x_wconf 53' lang='grc' dir='ltr'><strong>νων</strong></span> <span class='ocrx_word' id='word_1_460' title='bbox 1337 5830 1437 5847; x_wconf 52' lang='grc' dir='ltr'><strong>...κ</strong></span> 
     </span>
     <span class='ocr_line' id='line_1_62' title="bbox 165 5830 1437 5916; baseline -0.002 1"><span class='ocrx_word' id='word_1_461' title='bbox 165 5830 755 5916; x_wconf 51' lang='grc' dir='ltr'><strong>²¹¹Ξ³κ¹ἕ¹²ῖί9⁸δτίέίί⁸μηβο</strong></span> <span class='ocrx_word' id='word_1_462' title='bbox 771 5846 969 5916; x_wconf 45' lang='grc' dir='ltr'><strong>κείων,</strong></span> <span class='ocrx_word' id='word_1_463' title='bbox 1005 5865 1135 5916; x_wconf 71' lang='lat' dir='ltr'><strong>qua;</strong></span> <span class='ocrx_word' id='word_1_464' title='bbox 1174 5830 1437 5916; x_wconf 28' lang='lat' dir='ltr'><strong>necti/{tim</strong></span> 
     </span>
    </p>
   </div>
   <div class='ocr_carea' id='block_1_61' title="bbox 221 5897 1740 6012">
    <p class='ocr_par' dir='ltr' id='par_1_61' title="bbox 221 5897 1740 6012">
     <span class='ocr_line' id='line_1_63' title="bbox 221 5897 1740 6012; baseline 0.022 -68"><span class='ocrx_word' id='word_1_465' title='bbox 221 5897 499 6012; x_wconf 43' lang='lat' dir='ltr'><strong>(agiliter.</strong></span> <span class='ocrx_word' id='word_1_466' title='bbox 524 5897 610 5954; x_wconf 80' lang='lat' dir='ltr'><strong>tib.</strong></span> <span class='ocrx_word' id='word_1_467' title='bbox 634 5907 667 5956; x_wconf 77' lang='grc' dir='ltr'>ες</span> <span class='ocrx_word' id='word_1_468' title='bbox 681 5909 746 5958; x_wconf 89' lang='lat' dir='ltr'><strong>de</strong></span> <span class='ocrx_word' id='word_1_469' title='bbox 765 5897 969 5964; x_wconf 59' lang='lat' dir='ltr'><strong>ciiiiaié</strong></span> <span class='ocrx_word' id='word_1_470' title='bbox 988 5897 1099 5976; x_wconf 59' lang='lat' dir='ltr'><strong>n’éi,</strong></span> <span class='ocrx_word' id='word_1_471' title='bbox 1114 5897 1452 5983; x_wconf 54' lang='lat' dir='ltr'><strong>éaiiﬁf’téf&#39;éo&quot;,</strong></span> <span class='ocrx_word' id='word_1_472' title='bbox 1481 5930 1531 5974; x_wconf 87' lang='lat' dir='ltr'><strong>et</strong></span> <span class='ocrx_word' id='word_1_473' title='bbox 1555 5922 1636 5975; x_wconf 89' lang='lat' dir='ltr'><strong>lib.</strong></span> <span class='ocrx_word' id='word_1_474' title='bbox 1664 5929 1740 5989; x_wconf 71' lang='lat'><strong>19,</strong></span> 
     </span>
     <span class='ocr_line' id='line_1_64' title="bbox 233 5975 359 6012; baseline 0.032 -4"><span class='ocrx_word' id='word_1_475' title='bbox 233 5975 260 6008; x_wconf 69' lang='lat' dir='ltr'><strong>’o</strong></span> <span class='ocrx_word' id='word_1_476' title='bbox 348 6000 359 6012; x_wconf 84' lang='lat'><strong>.</strong></span> 
     </span>
    </p>
   </div>
   <div class='ocr_carea' id='block_1_62' title="bbox 162 5963 359 6021">
    <p class='ocr_par' dir='ltr' id='par_1_62' title="bbox 162 5963 359 6021">
     <span class='ocr_line' id='line_1_65' title="bbox 162 5963 359 6021; baseline 0.046 -17"><span class='ocrx_word' id='word_1_477' title='bbox 162 5963 260 6021; x_wconf 69' lang='lat' dir='ltr'><strong>Cap.</strong></span> <span class='ocrx_word' id='word_1_478' title='bbox 285 5963 359 6012; x_wconf 56' lang='grc' dir='ltr'><strong>Β.</strong></span> 
     </span>
    </p>
   </div>
   <div class='ocr_carea' id='block_1_63' title="bbox 389 6043 952 6118">
    <p class='ocr_par' dir='ltr' id='par_1_63' title="bbox 389 6043 952 6118">
     <span class='ocr_line' id='line_1_66' title="bbox 389 6043 952 6118; baseline 0.011 -6"><span class='ocrx_word' id='word_1_479' title='bbox 389 6043 616 6112; x_wconf 66' lang='lat' dir='ltr'><strong>Sacr.</strong></span> <span class='ocrx_word' id='word_1_480' title='bbox 661 6050 823 6116; x_wconf 78' lang='lat' dir='ltr'><strong>Ana.</strong></span> <span class='ocrx_word' id='word_1_481' title='bbox 867 6055 952 6118; x_wconf 88' lang='lat' dir='ltr'><strong>X.</strong></span> 
     </span>
    </p>
   </div>
   <div class='ocr_carea' id='block_1_64' title="bbox 1631 522 2216 597">
    <p class='ocr_par' dir='ltr' id='par_1_64' title="bbox 1631 522 2216 597">
     <span class='ocr_line' id='line_1_67' title="bbox 1631 522 2216 597; baseline 0.027 -19"><span class='ocrx_word' id='word_1_482' title='bbox 1631 522 1835 582; x_wconf 83' lang='lat' dir='ltr'><strong>LIBER</strong></span> <span class='ocrx_word' id='word_1_483' title='bbox 1872 525 2216 597; x_wconf 80' lang='lat' dir='ltr'><strong>QUARTUS.</strong></span> 
     </span>
    </p>
   </div>
   <div class='ocr_carea' id='block_1_65' title="bbox 3461 575 3569 640">
    <p class='ocr_par' dir='ltr' id='par_1_65' title="bbox 3461 575 3569 640">
     <span class='ocr_line' id='line_1_68' title="bbox 3461 575 3569 640; baseline 0.019 -2"><span class='ocrx_word' id='word_1_484' title='bbox 3461 575 3569 640; x_wconf 70' lang='grc'><strong>746</strong></span> 
     </span>
    </p>
   </div>
   <div class='ocr_carea' id='block_1_66' title="bbox 1978 660 3563 768">
    <p class='ocr_par' dir='ltr' id='par_1_66' title="bbox 1978 660 3563 768">
     <span class='ocr_line' id='line_1_69' title="bbox 1978 660 3563 768; baseline 0.035 -66"><span class='ocrx_word' id='word_1_485' title='bbox 1978 660 2143 753; x_wconf 70' lang='lat' dir='ltr'><strong>autem</strong></span> <span class='ocrx_word' id='word_1_486' title='bbox 2173 672 2264 725; x_wconf 85' lang='lat' dir='ltr'><strong>per</strong></span> <span class='ocrx_word' id='word_1_487' title='bbox 2287 663 2488 719; x_wconf 75' lang='lat' dir='ltr'><strong>verbum</strong></span> <span class='ocrx_word' id='word_1_488' title='bbox 2517 665 2702 728; x_wconf 80' lang='lat' dir='ltr'><strong>Christi</strong></span> <span class='ocrx_word' id='word_1_489' title='bbox 2726 691 2746 730; x_wconf 92' lang='lat'><strong><em>:</em></strong></span> <span class='ocrx_word' id='word_1_490' title='bbox 2763 676 2883 746; x_wconf 73' lang='lat' dir='ltr'><strong>ﬁnis</strong></span> <span class='ocrx_word' id='word_1_491' title='bbox 2911 681 3034 756; x_wconf 76' lang='lat' dir='ltr'><strong>legis</strong></span> <span class='ocrx_word' id='word_1_492' title='bbox 3059 684 3293 767; x_wconf 57' lang='lat' dir='ltr'><strong>Christus</strong></span> <span class='ocrx_word' id='word_1_493' title='bbox 3316 695 3386 749; x_wconf 87' lang='lat' dir='ltr'><strong>ad</strong></span> <span class='ocrx_word' id='word_1_494' title='bbox 3399 698 3563 768; x_wconf 77' lang='lat' dir='ltr'><strong>justi-</strong></span> 
     </span>
    </p>
   </div>
   <div class='ocr_carea' id='block_1_67' title="bbox 1974 740 3555 849">
    <p class='ocr_par' dir='ltr' id='par_1_67' title="bbox 1974 740 3555 849">
     <span class='ocr_line' id='line_1_70' title="bbox 1974 740 3555 849; baseline 0.036 -56"><span class='ocrx_word' id='word_1_495' title='bbox 1974 740 2095 797; x_wconf 84' lang='lat' dir='ltr'><strong>tiam</strong></span> <span class='ocrx_word' id='word_1_496' title='bbox 2115 751 2254 803; x_wconf 87' lang='lat' dir='ltr'><strong>omni</strong></span> <span class='ocrx_word' id='word_1_497' title='bbox 2279 754 2499 811; x_wconf 83' lang='lat' dir='ltr'><strong>credenti</strong></span> <span class='ocrx_word' id='word_1_498' title='bbox 2524 761 2700 831; x_wconf 88' lang='lat' dir='ltr'><strong>(Rom.</strong></span> <span class='ocrx_word' id='word_1_499' title='bbox 2719 740 2775 836; x_wconf 70' lang='lat' dir='ltr'><strong>x,</strong></span> <span class='ocrx_word' id='word_1_500' title='bbox 2793 771 2879 842; x_wconf 85' lang='grc'><strong>17,</strong></span> <span class='ocrx_word' id='word_1_501' title='bbox 2897 740 2981 846; x_wconf 57' lang='lat'><strong>4):</strong></span> <span class='ocrx_word' id='word_1_502' title='bbox 2993 740 3555 849; x_wconf 44' lang='lat' dir='ltr'><strong>Quomodpovstint’vcre</strong></span> 
     </span>
    </p>
   </div>
   <div class='ocr_carea' id='block_1_68' title="bbox 1965 831 3554 948">
    <p class='ocr_par' dir='ltr' id='par_1_68' title="bbox 1965 831 3554 948">
     <span class='ocr_line' id='line_1_71' title="bbox 1965 831 3554 948; baseline 0.033 -61"><span class='ocrx_word' id='word_1_503' title='bbox 1965 831 2117 905; x_wconf 88' lang='lat' dir='ltr'><strong>justi,</strong></span> <span class='ocrx_word' id='word_1_504' title='bbox 2146 841 2338 910; x_wconf 87' lang='lat' dir='ltr'><strong>quibus</strong></span> <span class='ocrx_word' id='word_1_505' title='bbox 2365 846 2488 905; x_wconf 89' lang='lat' dir='ltr'><strong>vilis</strong></span> <span class='ocrx_word' id='word_1_506' title='bbox 2528 863 2610 910; x_wconf 90' lang='lat' dir='ltr'><strong>est</strong></span> <span class='ocrx_word' id='word_1_507' title='bbox 2637 831 2909 920; x_wconf 76' lang='lat' dir='ltr'><strong>humilitas</strong></span> <span class='ocrx_word' id='word_1_508' title='bbox 2932 831 3047 925; x_wconf 61' lang='lat' dir='ltr'><strong>veri</strong></span> <span class='ocrx_word' id='word_1_509' title='bbox 3067 872 3196 942; x_wconf 67' lang='lat' dir='ltr'><strong>justi</strong></span> <span class='ocrx_word' id='word_1_510' title='bbox 3217 877 3242 932; x_wconf 67' lang='grc' dir='ltr'><strong><em>ἲ</em></strong></span> <span class='ocrx_word' id='word_1_511' title='bbox 3267 877 3384 948; x_wconf 93' lang='lat' dir='ltr'><strong>Quo</strong></span> <span class='ocrx_word' id='word_1_512' title='bbox 3411 885 3554 939; x_wconf 85' lang='lat' dir='ltr'><strong>enim</strong></span> 
     </span>
    </p>
   </div>
   <div class='ocr_carea' id='block_1_69' title="bbox 1967 931 3551 1039">
    <p class='ocr_par' dir='ltr' id='par_1_69' title="bbox 1967 931 3551 1039">
     <span class='ocr_line' id='line_1_72' title="bbox 1967 931 3551 1039; baseline 0.037 -58"><span class='ocrx_word' id='word_1_513' title='bbox 1967 931 2456 1005; x_wconf 87' lang='lat' dir='ltr'><strong>propinquaverunt</strong></span> <span class='ocrx_word' id='word_1_514' title='bbox 2486 946 2854 1026; x_wconf 79' lang='lat' dir='ltr'><strong>intelligentia,</strong></span> <span class='ocrx_word' id='word_1_515' title='bbox 2889 962 3012 1020; x_wconf 91' lang='lat' dir='ltr'><strong>inde</strong></span> <span class='ocrx_word' id='word_1_516' title='bbox 3035 931 3551 1039; x_wconf 41' lang='lat' dir='ltr'><strong>superbia‘recesse-</strong></span> 
     </span>
    </p>
   </div>
   <div class='ocr_carea' id='block_1_70' title="bbox 1967 1028 3553 1140">
    <p class='ocr_par' dir='ltr' id='par_1_70' title="bbox 1967 1028 3553 1140">
     <span class='ocr_line' id='line_1_73' title="bbox 1967 1028 3553 1140; baseline 0.037 -70"><span class='ocrx_word' id='word_1_517' title='bbox 1967 1030 2089 1074; x_wconf 91' lang='lat' dir='ltr'><strong>runt</strong></span> <span class='ocrx_word' id='word_1_518' title='bbox 2117 1040 2130 1076; x_wconf 87' lang='lat'><strong>:</strong></span> <span class='ocrx_word' id='word_1_519' title='bbox 2158 1028 2308 1094; x_wconf 76' lang='lat' dir='ltr'><strong>quia‘</strong></span> <span class='ocrx_word' id='word_1_520' title='bbox 2330 1049 2680 1106; x_wconf 86' lang='lat' dir='ltr'><strong>cognoscentes</strong></span> <span class='ocrx_word' id='word_1_521' title='bbox 2710 1044 2891 1118; x_wconf 86' lang='lat' dir='ltr'><strong>Deum,</strong></span> <span class='ocrx_word' id='word_1_522' title='bbox 2921 1070 3022 1111; x_wconf 86' lang='lat' dir='ltr'><strong>non</strong></span> <span class='ocrx_word' id='word_1_523' title='bbox 3044 1059 3173 1115; x_wconf 81' lang='lat' dir='ltr'><strong>sicut</strong></span> <span class='ocrx_word' id='word_1_524' title='bbox 3203 1062 3364 1120; x_wconf 85' lang='lat' dir='ltr'><strong>Deum</strong></span> <span class='ocrx_word' id='word_1_525' title='bbox 3388 1071 3553 1140; x_wconf 83' lang='lat' dir='ltr'><strong>glori-</strong></span> 
     </span>
     <span class='ocr_line' id='line_1_74' title="bbox 1971 1111 2540 1140; baseline 0.035 -20"><span class='ocrx_word' id='word_1_526' title='bbox 1971 1111 2238 1140; x_wconf 38' lang='grc' dir='ltr'><strong>εημωω,</strong></span> <span class='ocrx_word' id='word_1_527' title='bbox 2369 1135 2380 1140; x_wconf 91' lang='lat'>_</span> <span class='ocrx_word' id='word_1_528' title='bbox 2528 1133 2540 1140; x_wconf 86' lang='lat'><strong>.</strong></span> 
     </span>
    </p>
   </div>
   <div class='ocr_carea' id='block_1_71' title="bbox 1963 1111 3555 1235">
    <p class='ocr_par' dir='ltr' id='par_1_71' title="bbox 1963 1111 3555 1235">
     <span class='ocr_line' id='line_1_75' title="bbox 1963 1111 3555 1235; baseline 0.038 -72"><span class='ocrx_word' id='word_1_529' title='bbox 1963 1111 2260 1189; x_wconf 82' lang='lat' dir='ltr'><strong>ﬁcauerunt,</strong></span> <span class='ocrx_word' id='word_1_530' title='bbox 2290 1135 2380 1180; x_wconf 89' lang='lat' dir='ltr'><strong>aut</strong></span> <span class='ocrx_word' id='word_1_531' title='bbox 2405 1133 2597 1200; x_wconf 83' lang='lat' dir='ltr'><strong>gratias</strong></span> <span class='ocrx_word' id='word_1_532' title='bbox 2618 1153 2861 1210; x_wconf 85' lang='lat' dir='ltr'><strong>egerunt;</strong></span> <span class='ocrx_word' id='word_1_533' title='bbox 2889 1149 2980 1202; x_wconf 86' lang='lat' dir='ltr'><strong>sed</strong></span> <span class='ocrx_word' id='word_1_534' title='bbox 3005 1167 3309 1213; x_wconf 74' lang='lat' dir='ltr'><strong>evanuerunt</strong></span> <span class='ocrx_word' id='word_1_535' title='bbox 3335 1111 3555 1235; x_wconf 52' lang='lat' dir='ltr'><strong>invcogi-</strong></span> 
     </span>
     <span class='ocr_line' id='line_1_76' title="bbox 1963 1207 2560 1235; baseline 0.047 0"><span class='ocrx_word' id='word_1_536' title='bbox 1963 1207 2231 1235; x_wconf 71' lang='grc' dir='ltr'><strong>οηιὲι-μιι----</strong></span> <span class='ocrx_word' id='word_1_537' title='bbox 2268 1233 2277 1235; x_wconf 66' lang='lat'><strong><em>~</em></strong></span> <span class='ocrx_word' id='word_1_538' title='bbox 2324 1218 2337 1232; x_wconf 83' lang='lat'><strong>’</strong></span> <span class='ocrx_word' id='word_1_539' title='bbox 2466 1233 2472 1235; x_wconf 85' lang='grc'><strong>·</strong></span> <span class='ocrx_word' id='word_1_540' title='bbox 2548 1227 2560 1235; x_wconf 87' lang='grc'><em>”</em></span> 
     </span>
    </p>
   </div>
   <div class='ocr_carea' id='block_1_72' title="bbox 1961 1207 3542 1316">
    <p class='ocr_par' dir='ltr' id='par_1_72' title="bbox 1961 1207 3542 1316">
     <span class='ocr_line' id='line_1_77' title="bbox 2650 1207 3542 1235; baseline 0.028 -40"><span class='ocrx_word' id='word_1_541' title='bbox 2650 1207 2664 1210; x_wconf 28' lang='grc' dir='ltr'>τ</span> <span class='ocrx_word' id='word_1_542' title='bbox 2839 1207 2849 1210; x_wconf 94' lang='lat'>_</span> <span class='ocrx_word' id='word_1_543' title='bbox 3412 1207 3542 1235; x_wconf 57' lang='grc' dir='ltr'><strong>ην.-</strong></span> 
     </span>
     <span class='ocr_line' id='line_1_78' title="bbox 1961 1207 3542 1316; baseline 0.037 -60"><span class='ocrx_word' id='word_1_544' title='bbox 1961 1207 2233 1269; x_wconf 85' lang='lat' dir='ltr'><strong>tationibus</strong></span> <span class='ocrx_word' id='word_1_545' title='bbox 2257 1218 2382 1287; x_wconf 82' lang='lat' dir='ltr'><strong>suis,</strong></span> <span class='ocrx_word' id='word_1_546' title='bbox 2425 1233 2473 1278; x_wconf 85' lang='lat' dir='ltr'><strong>et</strong></span> <span class='ocrx_word' id='word_1_547' title='bbox 2508 1227 2830 1290; x_wconf 83' lang='lat' dir='ltr'><strong>obscuratum</strong></span> <span class='ocrx_word' id='word_1_548' title='bbox 2857 1250 2931 1294; x_wconf 85' lang='lat' dir='ltr'><strong>est</strong></span> <span class='ocrx_word' id='word_1_549' title='bbox 2959 1243 3201 1316; x_wconf 80' lang='lat' dir='ltr'><strong>insipiens</strong></span> <span class='ocrx_word' id='word_1_550' title='bbox 3224 1267 3313 1307; x_wconf 88' lang='lat' dir='ltr'><strong>cor</strong></span> <span class='ocrx_word' id='word_1_551' title='bbox 3345 1271 3542 1315; x_wconf 89' lang='lat' dir='ltr'><strong>eorum.</strong></span> 
     </span>
     <span class='ocr_line' id='line_1_79' title="bbox 1972 1297 2306 1316; baseline 0.027 0"><span class='ocrx_word' id='word_1_552' title='bbox 1972 1297 2031 1316; x_wconf 67' lang='grc' dir='ltr'><strong>η.</strong></span> <span class='ocrx_word' id='word_1_553' title='bbox 2132 1313 2140 1316; x_wconf 28' lang='grc' dir='ltr'><strong>Α</strong></span> <span class='ocrx_word' id='word_1_554' title='bbox 2296 1313 2306 1316; x_wconf 84' lang='grc'><strong>-</strong></span> 
     </span>
    </p>
   </div>
   <div class='ocr_carea' id='block_1_73' title="bbox 1957 1297 3539 1420">
    <p class='ocr_par' dir='ltr' id='par_1_73' title="bbox 1957 1297 3539 1420">
     <span class='ocr_line' id='line_1_80' title="bbox 1957 1297 3539 1420; baseline 0.037 -69"><span class='ocrx_word' id='word_1_555' title='bbox 1957 1297 2193 1420; x_wconf 51' lang='lat' dir='ltr'><strong>“Dicente:</strong></span> <span class='ocrx_word' id='word_1_556' title='bbox 2223 1313 2356 1368; x_wconf 89' lang='lat' dir='ltr'><strong>enim</strong></span> <span class='ocrx_word' id='word_1_557' title='bbox 2386 1334 2438 1371; x_wconf 82' lang='lat' dir='ltr'><strong>se</strong></span> <span class='ocrx_word' id='word_1_558' title='bbox 2469 1337 2577 1377; x_wconf 82' lang='lat' dir='ltr'><strong>esse</strong></span> <span class='ocrx_word' id='word_1_559' title='bbox 2603 1328 2876 1401; x_wconf 82' lang='lat' dir='ltr'><strong>sapientes,</strong></span> <span class='ocrx_word' id='word_1_560' title='bbox 2908 1340 3049 1393; x_wconf 79' lang='lat' dir='ltr'><strong>stulti</strong></span> <span class='ocrx_word' id='word_1_561' title='bbox 3075 1341 3201 1411; x_wconf 80' lang='lat' dir='ltr'><strong>facti</strong></span> <span class='ocrx_word' id='word_1_562' title='bbox 3223 1357 3340 1402; x_wconf 87' lang='lat' dir='ltr'><strong>sunt</strong></span> <span class='ocrx_word' id='word_1_563' title='bbox 3367 1349 3478 1420; x_wconf 87' lang='lat' dir='ltr'><strong>(Id.</strong></span> <span class='ocrx_word' id='word_1_564' title='bbox 3499 1369 3539 1420; x_wconf 88' lang='lat' dir='ltr'><strong>t,</strong></span> 
     </span>
     <span class='ocr_line' id='line_1_81' title="bbox 1997 1393 2492 1420; baseline 0.036 0"><span class='ocrx_word' id='word_1_565' title='bbox 1997 1393 2015 1420; x_wconf 78' lang='grc' dir='ltr'><strong>Ι</strong></span> <span class='ocrx_word' id='word_1_566' title='bbox 2047 1404 2089 1420; x_wconf 71' lang='grc' dir='ltr'><strong>,ι</strong></span> <span class='ocrx_word' id='word_1_567' title='bbox 2112 1396 2203 1420; x_wconf 68' lang='grc' dir='ltr'><strong>Ωαὶ</strong></span> <span class='ocrx_word' id='word_1_568' title='bbox 2255 1402 2295 1420; x_wconf 77' lang='grc' dir='ltr'><strong>Λ</strong></span> <span class='ocrx_word' id='word_1_569' title='bbox 2477 1410 2492 1420; x_wconf 93' lang='grc'><strong><em>“</em></strong></span> 
     </span>
    </p>
   </div>
   <div class='ocr_carea' id='block_1_74' title="bbox 1955 1390 3540 1511">
    <p class='ocr_par' dir='ltr' id='par_1_74' title="bbox 1955 1390 3540 1511">
     <span class='ocr_line' id='line_1_82' title="bbox 1955 1390 3540 1511; baseline 0.037 -68"><span class='ocrx_word' id='word_1_570' title='bbox 1955 1390 2016 1446; x_wconf 75' lang='grc'><strong>21</strong></span> <span class='ocrx_word' id='word_1_571' title='bbox 2041 1404 2089 1447; x_wconf 88' lang='lat' dir='ltr'><strong>et</strong></span> <span class='ocrx_word' id='word_1_572' title='bbox 2112 1396 2224 1470; x_wconf 71' lang='lat'><strong>22).</strong></span> <span class='ocrx_word' id='word_1_573' title='bbox 2253 1402 2528 1471; x_wconf 86' lang='lat' dir='ltr'><strong>Quomodo</strong></span> <span class='ocrx_word' id='word_1_574' title='bbox 2558 1425 2638 1471; x_wconf 91' lang='lat' dir='ltr'><strong>est</strong></span> <span class='ocrx_word' id='word_1_575' title='bbox 2662 1390 2728 1474; x_wconf 44' lang='lat' dir='ltr'><strong>&#39;in</strong></span> <span class='ocrx_word' id='word_1_576' title='bbox 2759 1424 2838 1478; x_wconf 90' lang='lat' dir='ltr'><strong>eis</strong></span> <span class='ocrx_word' id='word_1_577' title='bbox 2869 1442 2992 1483; x_wconf 89' lang='lat' dir='ltr'><strong>vera</strong></span> <span class='ocrx_word' id='word_1_578' title='bbox 3015 1390 3241 1505; x_wconf 70' lang='lat' dir='ltr'><strong>justitia,</strong></span> <span class='ocrx_word' id='word_1_579' title='bbox 3275 1440 3326 1495; x_wconf 93' lang='lat' dir='ltr'><strong>in</strong></span> <span class='ocrx_word' id='word_1_580' title='bbox 3349 1390 3540 1511; x_wconf 63' lang='lat' dir='ltr'><strong>quibus</strong></span> 
     </span>
    </p>
   </div>
   <div class='ocr_carea' id='block_1_75' title="bbox 1955 1498 3535 1601">
    <p class='ocr_par' dir='ltr' id='par_1_75' title="bbox 1955 1498 3535 1601">
     <span class='ocr_line' id='line_1_83' title="bbox 1955 1498 3535 1601; baseline 0.036 -66"><span class='ocrx_word' id='word_1_581' title='bbox 1955 1499 2057 1538; x_wconf 85' lang='lat' dir='ltr'><strong>non</strong></span> <span class='ocrx_word' id='word_1_582' title='bbox 2106 1498 2188 1544; x_wconf 89' lang='lat' dir='ltr'><strong>est</strong></span> <span class='ocrx_word' id='word_1_583' title='bbox 2234 1509 2358 1550; x_wconf 89' lang='lat' dir='ltr'><strong>vera</strong></span> <span class='ocrx_word' id='word_1_584' title='bbox 2406 1503 2700 1572; x_wconf 81' lang='lat' dir='ltr'><strong>sapientia?</strong></span> <span class='ocrx_word' id='word_1_585' title='bbox 2741 1513 2909 1582; x_wconf 86' lang='lat' dir='ltr'><strong>Quam</strong></span> <span class='ocrx_word' id='word_1_586' title='bbox 2958 1521 3003 1574; x_wconf 91' lang='lat' dir='ltr'><strong>si</strong></span> <span class='ocrx_word' id='word_1_587' title='bbox 3052 1524 3130 1578; x_wconf 87' lang='lat' dir='ltr'><strong>cis</strong></span> <span class='ocrx_word' id='word_1_588' title='bbox 3173 1528 3535 1601; x_wconf 88' lang='lat' dir='ltr'><strong>tribuerimus,</strong></span> 
     </span>
     <span class='ocr_line' id='line_1_84' title="bbox 1955 1576 2204 1601; baseline 0.028 0"><span class='ocrx_word' id='word_1_589' title='bbox 1955 1576 2078 1601; x_wconf 62' lang='grc' dir='ltr'><strong>..ειη</strong></span> <span class='ocrx_word' id='word_1_590' title='bbox 2116 1597 2148 1601; x_wconf 41' lang='grc' dir='ltr'><strong>-γ</strong></span> <span class='ocrx_word' id='word_1_591' title='bbox 2171 1583 2204 1601; x_wconf 77' lang='lat'><strong>&#39;-</strong></span> 
     </span>
    </p>
   </div>
   <div class='ocr_carea' id='block_1_76' title="bbox 1950 1576 3543 1697">
    <p class='ocr_par' dir='ltr' id='par_1_76' title="bbox 1950 1576 3543 1697">
     <span class='ocr_line' id='line_1_85' title="bbox 2750 1576 3535 1601; baseline 0.028 -32"><span class='ocrx_word' id='word_1_592' title='bbox 2750 1576 2785 1582; x_wconf 43' lang='grc' dir='ltr'><strong>τ</strong></span> <span class='ocrx_word' id='word_1_593' title='bbox 3061 1576 3070 1578; x_wconf 14' lang='grc' dir='ltr'>ἡ</span> <span class='ocrx_word' id='word_1_594' title='bbox 3107 1576 3122 1578; x_wconf 80' lang='lat'>_</span> <span class='ocrx_word' id='word_1_595' title='bbox 3176 1576 3535 1601; x_wconf 57' lang='grc' dir='ltr'><strong>---η..ν,......σ,</strong></span> 
     </span>
     <span class='ocr_line' id='line_1_86' title="bbox 1950 1576 3543 1697; baseline 0.036 -69"><span class='ocrx_word' id='word_1_596' title='bbox 1950 1576 2079 1632; x_wconf 92' lang='lat' dir='ltr'><strong>nihil</strong></span> <span class='ocrx_word' id='word_1_597' title='bbox 2109 1583 2209 1639; x_wconf 89' lang='lat' dir='ltr'><strong>erit</strong></span> <span class='ocrx_word' id='word_1_598' title='bbox 2246 1603 2420 1647; x_wconf 74' lang='lat' dir='ltr'><strong>causae</strong></span> <span class='ocrx_word' id='word_1_599' title='bbox 2463 1611 2558 1652; x_wconf 90' lang='lat' dir='ltr'><strong>cur</strong></span> <span class='ocrx_word' id='word_1_600' title='bbox 2598 1617 2703 1658; x_wconf 90' lang='lat' dir='ltr'><strong>non</strong></span> <span class='ocrx_word' id='word_1_601' title='bbox 2746 1621 2841 1663; x_wconf 91' lang='lat' dir='ltr'><strong>eos</strong></span> <span class='ocrx_word' id='word_1_602' title='bbox 2867 1610 2934 1665; x_wconf 89' lang='lat' dir='ltr'><strong>ad</strong></span> <span class='ocrx_word' id='word_1_603' title='bbox 2975 1614 3102 1670; x_wconf 92' lang='lat' dir='ltr'><strong>illud</strong></span> <span class='ocrx_word' id='word_1_604' title='bbox 3149 1635 3373 1692; x_wconf 80' lang='lat' dir='ltr'><strong>regnum</strong></span> <span class='ocrx_word' id='word_1_605' title='bbox 3412 1641 3543 1697; x_wconf 87' lang='lat' dir='ltr'><strong>pcr-</strong></span> 
     </span>
     <span class='ocr_line' id='line_1_87' title="bbox 1950 1673 2483 1697; baseline 0.023 0"><span class='ocrx_word' id='word_1_606' title='bbox 1950 1673 2125 1697; x_wconf 65' lang='grc' dir='ltr'><strong>ιηι...2--</strong></span> <span class='ocrx_word' id='word_1_607' title='bbox 2161 1677 2231 1697; x_wconf 58' lang='lat'><strong>.1&quot;</strong></span> <span class='ocrx_word' id='word_1_608' title='bbox 2469 1689 2483 1697; x_wconf 87' lang='grc'><strong>·</strong></span> 
     </span>
    </p>
   </div>
   <div class='ocr_carea' id='block_1_77' title="bbox 1948 1673 3534 1786">
    <p class='ocr_par' dir='ltr' id='par_1_77' title="bbox 1948 1673 3534 1786">
     <span class='ocr_line' id='line_1_88' title="bbox 3189 1673 3499 1697; baseline 0.026 -22"><span class='ocrx_word' id='word_1_609' title='bbox 3189 1673 3373 1692; x_wconf 45' lang='grc' dir='ltr'><strong>πη---</strong></span> <span class='ocrx_word' id='word_1_610' title='bbox 3415 1673 3499 1697; x_wconf 56' lang='grc' dir='ltr'><strong>νυ.</strong></span> 
     </span>
     <span class='ocr_line' id='line_1_89' title="bbox 1948 1673 3534 1786; baseline 0.033 -63"><span class='ocrx_word' id='word_1_611' title='bbox 1948 1673 2128 1730; x_wconf 91' lang='lat' dir='ltr'><strong>venire</strong></span> <span class='ocrx_word' id='word_1_612' title='bbox 2153 1677 2412 1749; x_wconf 90' lang='lat' dir='ltr'><strong>dicamus,</strong></span> <span class='ocrx_word' id='word_1_613' title='bbox 2450 1689 2518 1745; x_wconf 90' lang='lat' dir='ltr'><strong>de</strong></span> <span class='ocrx_word' id='word_1_614' title='bbox 2543 1708 2650 1761; x_wconf 90' lang='lat' dir='ltr'><strong>quo</strong></span> <span class='ocrx_word' id='word_1_615' title='bbox 2678 1700 2936 1770; x_wconf 89' lang='lat' dir='ltr'><strong>scriptum</strong></span> <span class='ocrx_word' id='word_1_616' title='bbox 2977 1715 3077 1774; x_wconf 90' lang='lat' dir='ltr'><strong>est,</strong></span> <span class='ocrx_word' id='word_1_617' title='bbox 3108 1709 3534 1786; x_wconf 84' lang='lat' dir='ltr'><strong>Concupiscentia</strong></span> 
     </span>
    </p>
   </div>
   <div class='ocr_carea' id='block_1_78' title="bbox 1942 1764 3540 1874">
    <p class='ocr_par' dir='ltr' id='par_1_78' title="bbox 1942 1764 3540 1874">
     <span class='ocr_line' id='line_1_90' title="bbox 1942 1764 3540 1874; baseline 0.034 -62"><span class='ocrx_word' id='word_1_618' title='bbox 1942 1764 2202 1874; x_wconf 52' lang='lat' dir='ltr'><strong>sapientia:</strong></span> <span class='ocrx_word' id='word_1_619' title='bbox 2223 1771 2428 1830; x_wconf 87' lang='lat' dir='ltr'><strong>deducit</strong></span> <span class='ocrx_word' id='word_1_620' title='bbox 2454 1780 2523 1833; x_wconf 87' lang='lat' dir='ltr'><strong>ad</strong></span> <span class='ocrx_word' id='word_1_621' title='bbox 2551 1799 2762 1856; x_wconf 83' lang='lat' dir='ltr'><strong>regnum</strong></span> <span class='ocrx_word' id='word_1_622' title='bbox 2790 1764 2948 1864; x_wconf 84' lang='lat' dir='ltr'><strong>(Sap.</strong></span> <span class='ocrx_word' id='word_1_623' title='bbox 2971 1812 3045 1865; x_wconf 74' lang='lat' dir='ltr'><strong>vr,</strong></span> <span class='ocrx_word' id='word_1_624' title='bbox 3067 1764 3540 1874; x_wconf 60' lang='grc' dir='ltr'><strong>ἐξ).</strong></span> 
     </span>
    </p>
   </div>
   <div class='ocr_carea' id='block_1_79' title="bbox 1941 1849 3538 1958">
    <p class='ocr_par' dir='ltr' id='par_1_79' title="bbox 1941 1849 3538 1958">
     <span class='ocr_line' id='line_1_91' title="bbox 1941 1849 3538 1958; baseline 0.034 -55"><span class='ocrx_word' id='word_1_625' title='bbox 1941 1849 2185 1912; x_wconf 89' lang='lat' dir='ltr'><strong>Christus</strong></span> <span class='ocrx_word' id='word_1_626' title='bbox 2199 1865 2362 1931; x_wconf 78' lang='lat' dir='ltr'><strong>gratis</strong></span> <span class='ocrx_word' id='word_1_627' title='bbox 2376 1849 2624 1928; x_wconf 72' lang='lat' dir='ltr'><strong>mortuus</strong></span> <span class='ocrx_word' id='word_1_628' title='bbox 2636 1887 2738 1946; x_wconf 92' lang='lat' dir='ltr'><strong>est,</strong></span> <span class='ocrx_word' id='word_1_629' title='bbox 2762 1849 2808 1936; x_wconf 79' lang='lat' dir='ltr'><strong>si</strong></span> <span class='ocrx_word' id='word_1_630' title='bbox 2825 1849 3068 1944; x_wconf 73' lang='lat' dir='ltr'><strong>homines</strong></span> <span class='ocrx_word' id='word_1_631' title='bbox 3083 1849 3201 1949; x_wconf 72' lang='lat' dir='ltr'><strong>sine</strong></span> <span class='ocrx_word' id='word_1_632' title='bbox 3217 1849 3326 1952; x_wconf 70' lang='lat' dir='ltr'><strong>ﬁdel</strong></span> <span class='ocrx_word' id='word_1_633' title='bbox 3336 1899 3538 1958; x_wconf 88' lang='lat' dir='ltr'><strong>Christi</strong></span> 
     </span>
    </p>
   </div>
   <div class='ocr_carea' id='block_1_80' title="bbox 1939 1943 3536 2056">
    <p class='ocr_par' dir='ltr' id='par_1_80' title="bbox 1939 1943 3536 2056">
     <span class='ocr_line' id='line_1_92' title="bbox 1939 1943 3536 2056; baseline 0.034 -59"><span class='ocrx_word' id='word_1_634' title='bbox 1939 1943 2006 1998; x_wconf 89' lang='lat' dir='ltr'><strong>ad</strong></span> <span class='ocrx_word' id='word_1_635' title='bbox 2026 1945 2184 2005; x_wconf 89' lang='lat' dir='ltr'><strong>ﬁdem</strong></span> <span class='ocrx_word' id='word_1_636' title='bbox 2205 1969 2384 2013; x_wconf 87' lang='lat' dir='ltr'><strong>veram</strong></span> <span class='ocrx_word' id='word_1_637' title='bbox 2402 1962 2442 2028; x_wconf 75' lang='lat'><strong>’,</strong></span> <span class='ocrx_word' id='word_1_638' title='bbox 2466 1965 2532 2019; x_wconf 86' lang='lat' dir='ltr'><strong>ad</strong></span> <span class='ocrx_word' id='word_1_639' title='bbox 2559 1968 2806 2028; x_wconf 88' lang='lat' dir='ltr'><strong>virtutem</strong></span> <span class='ocrx_word' id='word_1_640' title='bbox 2837 1991 3038 2050; x_wconf 84' lang='lat' dir='ltr'><strong>veram,</strong></span> <span class='ocrx_word' id='word_1_641' title='bbox 3061 1984 3126 2039; x_wconf 89' lang='lat' dir='ltr'><strong>ad</strong></span> <span class='ocrx_word' id='word_1_642' title='bbox 3153 1985 3413 2056; x_wconf 89' lang='lat' dir='ltr'><strong>justitiam</strong></span> <span class='ocrx_word' id='word_1_643' title='bbox 3443 2010 3536 2050; x_wconf 88' lang='lat' dir='ltr'><strong>ve-</strong></span> 
     </span>
    </p>
   </div>
   <div class='ocr_carea' id='block_1_81' title="bbox 1938 2042 3533 2154">
    <p class='ocr_par' dir='ltr' id='par_1_81' title="bbox 1938 2042 3533 2154">
     <span class='ocr_line' id='line_1_93' title="bbox 1938 2042 3533 2154; baseline 0.035 -65"><span class='ocrx_word' id='word_1_644' title='bbox 1938 2051 2072 2103; x_wconf 88' lang='lat' dir='ltr'><strong>ram,</strong></span> <span class='ocrx_word' id='word_1_645' title='bbox 2092 2042 2159 2097; x_wconf 90' lang='lat' dir='ltr'><strong>ad</strong></span> <span class='ocrx_word' id='word_1_646' title='bbox 2175 2049 2483 2116; x_wconf 88' lang='lat' dir='ltr'><strong>sapientiam</strong></span> <span class='ocrx_word' id='word_1_647' title='bbox 2503 2073 2704 2129; x_wconf 88' lang='lat' dir='ltr'><strong>veram,</strong></span> <span class='ocrx_word' id='word_1_648' title='bbox 2719 2081 3052 2143; x_wconf 88' lang='lat' dir='ltr'><strong>quacumque</strong></span> <span class='ocrx_word' id='word_1_649' title='bbox 3074 2093 3131 2132; x_wconf 92' lang='lat' dir='ltr'><strong>re</strong></span> <span class='ocrx_word' id='word_1_650' title='bbox 3144 2079 3268 2147; x_wconf 90' lang='lat' dir='ltr'><strong>alia,</strong></span> <span class='ocrx_word' id='word_1_651' title='bbox 3285 2098 3533 2154; x_wconf 82' lang='lat' dir='ltr'><strong>quacum-</strong></span> 
     </span>
    </p>
   </div>
   <div class='ocr_carea' id='block_1_82' title="bbox 1935 2135 3528 2240">
    <p class='ocr_par' dir='ltr' id='par_1_82' title="bbox 1935 2135 3528 2240">
     <span class='ocr_line' id='line_1_94' title="bbox 1935 2135 3528 2240; baseline 0.034 -59"><span class='ocrx_word' id='word_1_652' title='bbox 1935 2143 2039 2198; x_wconf 91' lang='lat' dir='ltr'><strong>que</strong></span> <span class='ocrx_word' id='word_1_653' title='bbox 2052 2135 2255 2192; x_wconf 91' lang='lat' dir='ltr'><strong>rationc</strong></span> <span class='ocrx_word' id='word_1_654' title='bbox 2277 2147 2605 2209; x_wconf 89' lang='lat' dir='ltr'><strong>perveniunt.</strong></span> <span class='ocrx_word' id='word_1_655' title='bbox 2635 2153 2858 2213; x_wconf 89' lang='lat' dir='ltr'><strong>Prorsus</strong></span> <span class='ocrx_word' id='word_1_656' title='bbox 2874 2161 3009 2219; x_wconf 84' lang='lat' dir='ltr'><strong>sicut</strong></span> <span class='ocrx_word' id='word_1_657' title='bbox 3030 2165 3097 2222; x_wconf 91' lang='lat' dir='ltr'><strong>de</strong></span> <span class='ocrx_word' id='word_1_658' title='bbox 3113 2169 3228 2240; x_wconf 88' lang='lat' dir='ltr'><strong>lege</strong></span> <span class='ocrx_word' id='word_1_659' title='bbox 3245 2135 3528 2235; x_wconf 64' lang='lat' dir='ltr'><strong>verissime</strong></span> 
     </span>
    </p>
   </div>
   <div class='ocr_carea' id='block_1_83' title="bbox 1932 2221 3528 2338">
    <p class='ocr_par' dir='ltr' id='par_1_83' title="bbox 1932 2221 3528 2338">
     <span class='ocr_line' id='line_1_95' title="bbox 1932 2221 3528 2338; baseline 0.032 -64"><span class='ocrx_word' id='word_1_660' title='bbox 1932 2221 2006 2276; x_wconf 89' lang='lat' dir='ltr'><strong>ait</strong></span> <span class='ocrx_word' id='word_1_661' title='bbox 2028 2224 2333 2298; x_wconf 82' lang='lat' dir='ltr'><strong>Apostolus,</strong></span> <span class='ocrx_word' id='word_1_662' title='bbox 2353 2233 2416 2291; x_wconf 88' lang='lat' dir='ltr'><strong>Si</strong></span> <span class='ocrx_word' id='word_1_663' title='bbox 2432 2255 2522 2307; x_wconf 85' lang='lat' dir='ltr'><strong>per</strong></span> <span class='ocrx_word' id='word_1_664' title='bbox 2541 2242 2696 2314; x_wconf 87' lang='lat' dir='ltr'><strong>legem</strong></span> <span class='ocrx_word' id='word_1_665' title='bbox 2705 2249 2931 2320; x_wconf 87' lang='lat' dir='ltr'><strong>justitia,</strong></span> <span class='ocrx_word' id='word_1_666' title='bbox 2958 2273 3076 2328; x_wconf 81' lang='lat' dir='ltr'><strong>ergo</strong></span> <span class='ocrx_word' id='word_1_667' title='bbox 3108 2221 3528 2338; x_wconf 41' lang='lat' dir='ltr'><strong>C—Irr&#39;istuswgrati;</strong></span> 
     </span>
    </p>
   </div>
   <div class='ocr_carea' id='block_1_84' title="bbox 1930 2324 3525 2432">
    <p class='ocr_par' dir='ltr' id='par_1_84' title="bbox 1930 2324 3525 2432">
     <span class='ocr_line' id='line_1_96' title="bbox 1930 2324 3525 2432; baseline 0.034 -66"><span class='ocrx_word' id='word_1_668' title='bbox 1930 2326 2162 2374; x_wconf 85' lang='lat' dir='ltr'><strong>mortuus</strong></span> <span class='ocrx_word' id='word_1_669' title='bbox 2177 2332 2250 2377; x_wconf 83' lang='lat' dir='ltr'><strong>est</strong></span> <span class='ocrx_word' id='word_1_670' title='bbox 2265 2324 2458 2398; x_wconf 85' lang='lat' dir='ltr'><strong>(Galat.</strong></span> <span class='ocrx_word' id='word_1_671' title='bbox 2483 2348 2539 2398; x_wconf 82' lang='grc' dir='ltr'><strong>ιι,</strong></span> <span class='ocrx_word' id='word_1_672' title='bbox 2558 2335 2650 2409; x_wconf 76' lang='grc'><strong>21)</strong></span> <span class='ocrx_word' id='word_1_673' title='bbox 2673 2357 2686 2393; x_wconf 92' lang='lat'>:</span> <span class='ocrx_word' id='word_1_674' title='bbox 2706 2340 2774 2394; x_wconf 90' lang='lat' dir='ltr'><strong>ita</strong></span> <span class='ocrx_word' id='word_1_675' title='bbox 2797 2324 3076 2406; x_wconf 86' lang='lat' dir='ltr'><strong>verissime</strong></span> <span class='ocrx_word' id='word_1_676' title='bbox 3106 2352 3325 2426; x_wconf 89' lang='lat' dir='ltr'><strong>dicitur,</strong></span> <span class='ocrx_word' id='word_1_677' title='bbox 3349 2324 3403 2416; x_wconf 74' lang='lat' dir='ltr'><strong>Si</strong></span> <span class='ocrx_word' id='word_1_678' title='bbox 3426 2377 3525 2432; x_wconf 89' lang='lat' dir='ltr'><strong>per</strong></span> 
     </span>
    </p>
   </div>
   <div class='ocr_carea' id='block_1_85' title="bbox 1930 2417 3526 2524">
    <p class='ocr_par' dir='ltr' id='par_1_85' title="bbox 1930 2417 3526 2524">
     <span class='ocr_line' id='line_1_97' title="bbox 1930 2417 3526 2524; baseline 0.033 -64"><span class='ocrx_word' id='word_1_679' title='bbox 1930 2417 2170 2468; x_wconf 90' lang='lat' dir='ltr'><strong>naturam</strong></span> <span class='ocrx_word' id='word_1_680' title='bbox 2213 2419 2646 2498; x_wconf 87' lang='lat' dir='ltr'><strong>voluntatemque</strong></span> <span class='ocrx_word' id='word_1_681' title='bbox 2667 2433 2894 2505; x_wconf 89' lang='lat' dir='ltr'><strong>justitia,</strong></span> <span class='ocrx_word' id='word_1_682' title='bbox 2930 2456 3058 2513; x_wconf 81' lang='lat' dir='ltr'><strong>ergo</strong></span> <span class='ocrx_word' id='word_1_683' title='bbox 3083 2417 3326 2506; x_wconf 72' lang='lat' dir='ltr'><strong>Christus</strong></span> <span class='ocrx_word' id='word_1_684' title='bbox 3355 2417 3526 2524; x_wconf 70' lang='lat' dir='ltr'><strong>gratis</strong></span> 
     </span>
    </p>
   </div>
   <div class='ocr_carea' id='block_1_86' title="bbox 1927 2512 3519 2621">
    <p class='ocr_par' dir='ltr' id='par_1_86' title="bbox 1927 2512 3519 2621">
     <span class='ocr_line' id='line_1_98' title="bbox 1927 2512 3519 2621; baseline 0.034 -68"><span class='ocrx_word' id='word_1_685' title='bbox 1927 2512 2169 2562; x_wconf 89' lang='lat' dir='ltr'><strong>mortuus</strong></span> <span class='ocrx_word' id='word_1_686' title='bbox 2186 2519 2288 2566; x_wconf 89' lang='lat' dir='ltr'><strong>est.</strong></span> <span class='ocrx_word' id='word_1_687' title='bbox 2317 2513 2372 2570; x_wconf 90' lang='lat' dir='ltr'><strong>Si</strong></span> <span class='ocrx_word' id='word_1_688' title='bbox 2405 2533 2499 2586; x_wconf 91' lang='lat' dir='ltr'><strong>per</strong></span> <span class='ocrx_word' id='word_1_689' title='bbox 2521 2521 2790 2584; x_wconf 89' lang='lat' dir='ltr'><strong>doctrinas</strong></span> <span class='ocrx_word' id='word_1_690' title='bbox 2810 2512 3085 2593; x_wconf 86' lang='lat' dir='ltr'><strong>hominum</strong></span> <span class='ocrx_word' id='word_1_691' title='bbox 3115 2543 3519 2621; x_wconf 85' lang='lat' dir='ltr'><strong>qualiscumque</strong></span> 
     </span>
    </p>
   </div>
   <div class='ocr_carea' id='block_1_87' title="bbox 1920 2591 3521 2709">
    <p class='ocr_par' dir='ltr' id='par_1_87' title="bbox 1920 2591 3521 2709">
     <span class='ocr_line' id='line_1_99' title="bbox 1920 2591 3521 2709; baseline 0.034 -63"><span class='ocrx_word' id='word_1_692' title='bbox 1920 2591 2276 2674; x_wconf 90' lang='lat' dir='ltr'><strong>justitia,ergo</strong></span> <span class='ocrx_word' id='word_1_693' title='bbox 2287 2604 2533 2669; x_wconf 89' lang='lat' dir='ltr'><strong>Christus</strong></span> <span class='ocrx_word' id='word_1_694' title='bbox 2543 2619 2710 2686; x_wconf 86' lang='lat' dir='ltr'><strong>gratis</strong></span> <span class='ocrx_word' id='word_1_695' title='bbox 2727 2633 2964 2682; x_wconf 90' lang='lat' dir='ltr'><strong>mortuus</strong></span> <span class='ocrx_word' id='word_1_696' title='bbox 2977 2641 3076 2686; x_wconf 89' lang='lat' dir='ltr'><strong>est.</strong></span> <span class='ocrx_word' id='word_1_697' title='bbox 3097 2591 3200 2690; x_wconf 48' lang='lat' dir='ltr'><strong>P‘er</strong></span> <span class='ocrx_word' id='word_1_698' title='bbox 3213 2639 3354 2709; x_wconf 91' lang='lat' dir='ltr'><strong>quod</strong></span> <span class='ocrx_word' id='word_1_699' title='bbox 3371 2591 3521 2699; x_wconf 47' lang='lat' dir='ltr'><strong>eniim</strong></span> 
     </span>
    </p>
   </div>
   <div class='ocr_carea' id='block_1_88' title="bbox 1922 2692 3515 2792">
    <p class='ocr_par' dir='ltr' id='par_1_88' title="bbox 1922 2692 3515 2792">
     <span class='ocr_line' id='line_1_100' title="bbox 1922 2692 3515 2792; baseline 0.035 -54"><span class='ocrx_word' id='word_1_700' title='bbox 1922 2695 2004 2741; x_wconf 90' lang='lat' dir='ltr'><strong>est</strong></span> <span class='ocrx_word' id='word_1_701' title='bbox 2016 2703 2138 2745; x_wconf 90' lang='lat' dir='ltr'><strong>vera</strong></span> <span class='ocrx_word' id='word_1_702' title='bbox 2152 2692 2354 2762; x_wconf 88' lang='lat' dir='ltr'><strong>justitia</strong></span> <span class='ocrx_word' id='word_1_703' title='bbox 2368 2700 2410 2767; x_wconf 86' lang='grc'><strong>³,</strong></span> <span class='ocrx_word' id='word_1_704' title='bbox 2432 2719 2527 2773; x_wconf 91' lang='lat' dir='ltr'><strong>per</strong></span> <span class='ocrx_word' id='word_1_705' title='bbox 2539 2706 2638 2764; x_wconf 92' lang='lat' dir='ltr'><strong>hoc</strong></span> <span class='ocrx_word' id='word_1_706' title='bbox 2657 2713 2815 2770; x_wconf 90' lang='lat' dir='ltr'><strong>etiam</strong></span> <span class='ocrx_word' id='word_1_707' title='bbox 2835 2733 3057 2790; x_wconf 88' lang='lat' dir='ltr'><strong>regnum</strong></span> <span class='ocrx_word' id='word_1_708' title='bbox 3074 2725 3189 2782; x_wconf 90' lang='lat' dir='ltr'><strong>Dei.</strong></span> <span class='ocrx_word' id='word_1_709' title='bbox 3207 2692 3348 2788; x_wconf 74' lang='lat' dir='ltr'><strong>Deus</strong></span> <span class='ocrx_word' id='word_1_710' title='bbox 3362 2751 3515 2792; x_wconf 75' lang='lat' dir='ltr'><strong>nam-</strong></span> 
     </span>
    </p>
   </div>
   <div class='ocr_carea' id='block_1_89' title="bbox 1918 2780 3515 2896">
    <p class='ocr_par' dir='ltr' id='par_1_89' title="bbox 1918 2780 3515 2896">
     <span class='ocr_line' id='line_1_101' title="bbox 1918 2780 3515 2896; baseline 0.035 -67"><span class='ocrx_word' id='word_1_711' title='bbox 1918 2791 2023 2846; x_wconf 91' lang='lat' dir='ltr'><strong>que</strong></span> <span class='ocrx_word' id='word_1_712' title='bbox 2048 2780 2182 2850; x_wconf 90' lang='lat' dir='ltr'><strong>ipse,</strong></span> <span class='ocrx_word' id='word_1_713' title='bbox 2209 2789 2352 2856; x_wconf 88' lang='lat' dir='ltr'><strong>quod</strong></span> <span class='ocrx_word' id='word_1_714' title='bbox 2375 2791 2531 2861; x_wconf 91' lang='lat' dir='ltr'><strong>absit,</strong></span> <span class='ocrx_word' id='word_1_715' title='bbox 2565 2800 2667 2856; x_wconf 92' lang='lat' dir='ltr'><strong>erit</strong></span> <span class='ocrx_word' id='word_1_716' title='bbox 2697 2780 2946 2879; x_wconf 70' lang='lat' dir='ltr'><strong>injitstus,</strong></span> <span class='ocrx_word' id='word_1_717' title='bbox 2979 2814 3025 2868; x_wconf 91' lang='lat' dir='ltr'><strong>si</strong></span> <span class='ocrx_word' id='word_1_718' title='bbox 3059 2780 3515 2896; x_wconf 15' lang='lat' dir='ltr'><strong>ad:</strong></span> 
     </span>
    </p>
   </div>
   <div class='ocr_carea' id='block_1_90' title="bbox 1910 3151 3564 3264">
    <p class='ocr_par' dir='ltr' id='par_1_90' title="bbox 1910 3151 3564 3264">
     <span class='ocr_line' id='line_1_102' title="bbox 1910 3151 3564 3264; baseline 0.035 -65"><span class='ocrx_word' id='word_1_719' title='bbox 1910 3151 2151 3218; x_wconf 83' lang='lat' dir='ltr'><strong>gaudium</strong></span> <span class='ocrx_word' id='word_1_720' title='bbox 2193 3156 2371 3228; x_wconf 85' lang='lat' dir='ltr'><strong>(Rom.</strong></span> <span class='ocrx_word' id='word_1_721' title='bbox 2406 3181 2534 3236; x_wconf 84' lang='lat' dir='ltr'><strong>xiv,</strong></span> <span class='ocrx_word' id='word_1_722' title='bbox 2567 3171 2677 3244; x_wconf 89' lang='grc'><strong>17).</strong></span> <span class='ocrx_word' id='word_1_723' title='bbox 2725 3151 2892 3236; x_wconf 89' lang='lat' dir='ltr'><strong>Porro</strong></span> <span class='ocrx_word' id='word_1_724' title='bbox 2937 3151 2983 3238; x_wconf 69' lang='lat' dir='ltr'><strong>si</strong></span> <span class='ocrx_word' id='word_1_725' title='bbox 3026 3151 3206 3247; x_wconf 79' lang='lat' dir='ltr'><strong>veram</strong></span> <span class='ocrx_word' id='word_1_726' title='bbox 3240 3151 3507 3264; x_wconf 62' lang='lat' dir='ltr'><strong>justitiam</strong></span> <span class='ocrx_word' id='word_1_727' title='bbox 3561 3207 3564 3209; x_wconf 38' lang='grc' dir='ltr'>λ</span> 
     </span>
    </p>
   </div>
   <div class='ocr_carea' id='block_1_91' title="bbox 1909 3243 3502 3348">
    <p class='ocr_par' dir='ltr' id='par_1_91' title="bbox 1909 3243 3502 3348">
     <span class='ocr_line' id='line_1_103' title="bbox 1909 3243 3502 3348; baseline 0.035 -55"><span class='ocrx_word' id='word_1_728' title='bbox 1909 3255 2013 3296; x_wconf 93' lang='lat' dir='ltr'><strong>non</strong></span> <span class='ocrx_word' id='word_1_729' title='bbox 2037 3243 2237 3304; x_wconf 85' lang='lat' dir='ltr'><strong>habent</strong></span> <span class='ocrx_word' id='word_1_730' title='bbox 2266 3252 2448 3324; x_wconf 92' lang='lat' dir='ltr'><strong>impii;</strong></span> <span class='ocrx_word' id='word_1_731' title='bbox 2483 3243 2724 3330; x_wconf 81' lang='lat' dir='ltr'><strong>profecto</strong></span> <span class='ocrx_word' id='word_1_732' title='bbox 2747 3285 2847 3326; x_wconf 85' lang='lat' dir='ltr'><strong>nec</strong></span> <span class='ocrx_word' id='word_1_733' title='bbox 2867 3273 2998 3331; x_wconf 87' lang='lat' dir='ltr'><strong>alias</strong></span> <span class='ocrx_word' id='word_1_734' title='bbox 3023 3243 3260 3339; x_wconf 41' lang='lat' dir='ltr'><strong>virtutes.</strong></span> <span class='ocrx_word' id='word_1_735' title='bbox 3277 3292 3502 3348; x_wconf 89' lang='lat' dir='ltr'><strong>comites</strong></span> 
     </span>
    </p>
   </div>
   <div class='ocr_carea' id='block_1_92' title="bbox 1907 3334 3502 3452">
    <p class='ocr_par' dir='ltr' id='par_1_92' title="bbox 1907 3334 3502 3452">
     <span class='ocr_line' id='line_1_104' title="bbox 1907 3334 3502 3452; baseline 0.034 -66"><span class='ocrx_word' id='word_1_736' title='bbox 1907 3334 2023 3402; x_wconf 88' lang='lat' dir='ltr'><strong>ejus</strong></span> <span class='ocrx_word' id='word_1_737' title='bbox 2067 3346 2122 3393; x_wconf 88' lang='lat' dir='ltr'><strong>et</strong></span> <span class='ocrx_word' id='word_1_738' title='bbox 2159 3344 2354 3414; x_wconf 88' lang='lat' dir='ltr'><strong>socias,</strong></span> <span class='ocrx_word' id='word_1_739' title='bbox 2398 3350 2442 3404; x_wconf 91' lang='lat' dir='ltr'><strong>si</strong></span> <span class='ocrx_word' id='word_1_740' title='bbox 2487 3367 2618 3424; x_wconf 90' lang='lat' dir='ltr'><strong>quas</strong></span> <span class='ocrx_word' id='word_1_741' title='bbox 2663 3357 2879 3431; x_wconf 89' lang='lat' dir='ltr'><strong>habent,</strong></span> <span class='ocrx_word' id='word_1_742' title='bbox 2913 3381 3070 3424; x_wconf 90' lang='lat' dir='ltr'><strong>veras</strong></span> <span class='ocrx_word' id='word_1_743' title='bbox 3104 3372 3348 3452; x_wconf 86' lang='lat' dir='ltr'><strong>habent[</strong></span> <span class='ocrx_word' id='word_1_744' title='bbox 3377 3385 3502 3452; x_wconf 90' lang='lat' dir='ltr'><strong>quia</strong></span> 
     </span>
    </p>
   </div>
   <div class='ocr_carea' id='block_1_93' title="bbox 1903 3436 3499 3539">
    <p class='ocr_par' dir='ltr' id='par_1_93' title="bbox 1903 3436 3499 3539">
     <span class='ocr_line' id='line_1_105' title="bbox 1903 3436 3499 3539; baseline 0.033 -59"><span class='ocrx_word' id='word_1_745' title='bbox 1903 3440 2027 3484; x_wconf 91' lang='lat' dir='ltr'><strong>cum</strong></span> <span class='ocrx_word' id='word_1_746' title='bbox 2045 3447 2149 3488; x_wconf 90' lang='lat' dir='ltr'><strong>non</strong></span> <span class='ocrx_word' id='word_1_747' title='bbox 2181 3436 2247 3491; x_wconf 91' lang='lat' dir='ltr'><strong>ad</strong></span> <span class='ocrx_word' id='word_1_748' title='bbox 2268 3453 2424 3497; x_wconf 90' lang='lat' dir='ltr'><strong>suum</strong></span> <span class='ocrx_word' id='word_1_749' title='bbox 2452 3445 2762 3507; x_wconf 77' lang='lat' dir='ltr'><strong>referuntur</strong></span> <span class='ocrx_word' id='word_1_750' title='bbox 2788 3465 3060 3516; x_wconf 91' lang='lat' dir='ltr'><strong>auctorem</strong></span> <span class='ocrx_word' id='word_1_751' title='bbox 3085 3464 3223 3521; x_wconf 91' lang='lat' dir='ltr'><strong>dona</strong></span> <span class='ocrx_word' id='word_1_752' title='bbox 3249 3436 3366 3539; x_wconf 74' lang='lat' dir='ltr'><strong>Dei,</strong></span> <span class='ocrx_word' id='word_1_753' title='bbox 3394 3473 3499 3532; x_wconf 88' lang='lat' dir='ltr'><strong>hoc</strong></span> 
     </span>
    </p>
   </div>
   <div class='ocr_carea' id='block_1_94' title="bbox 1903 3517 3496 3631">
    <p class='ocr_par' dir='ltr' id='par_1_94' title="bbox 1903 3517 3496 3631">
     <span class='ocr_line' id='line_1_106' title="bbox 3094 3517 3496 3539; baseline 0.04 -22"><span class='ocrx_word' id='word_1_754' title='bbox 3094 3517 3105 3518; x_wconf 57' lang='lat'><strong><em>,</em></strong></span> <span class='ocrx_word' id='word_1_755' title='bbox 3131 3517 3223 3521; x_wconf 52' lang='grc' dir='ltr'><strong>--η</strong></span> <span class='ocrx_word' id='word_1_756' title='bbox 3249 3517 3366 3539; x_wconf 65' lang='lat'><strong>_-.,</strong></span> <span class='ocrx_word' id='word_1_757' title='bbox 3394 3517 3496 3532; x_wconf 68' lang='grc' dir='ltr'><strong>..νυ</strong></span> 
     </span>
     <span class='ocr_line' id='line_1_107' title="bbox 1903 3517 3496 3631; baseline 0.032 -59"><span class='ocrx_word' id='word_1_758' title='bbox 1903 3517 2020 3589; x_wconf 90' lang='lat' dir='ltr'><strong>ipso</strong></span> <span class='ocrx_word' id='word_1_759' title='bbox 2041 3525 2162 3580; x_wconf 92' lang='lat' dir='ltr'><strong>mali</strong></span> <span class='ocrx_word' id='word_1_760' title='bbox 2185 3526 2265 3584; x_wconf 90' lang='lat' dir='ltr'><strong>his</strong></span> <span class='ocrx_word' id='word_1_761' title='bbox 2295 3541 2506 3592; x_wconf 90' lang='lat' dir='ltr'><strong>utentes</strong></span> <span class='ocrx_word' id='word_1_762' title='bbox 2533 3539 2837 3602; x_wconf 79' lang='lat' dir='ltr'><strong>efﬁciuntur</strong></span> <span class='ocrx_word' id='word_1_763' title='bbox 2865 3549 3119 3629; x_wconf 69' lang='lat' dir='ltr'><strong>injusti‘]</strong></span> <span class='ocrx_word' id='word_1_764' title='bbox 3146 3575 3159 3611; x_wconf 89' lang='lat'><strong>:</strong></span> <span class='ocrx_word' id='word_1_765' title='bbox 3190 3573 3252 3614; x_wconf 90' lang='lat' dir='ltr'><strong>ac</strong></span> <span class='ocrx_word' id='word_1_766' title='bbox 3276 3577 3372 3631; x_wconf 91' lang='lat' dir='ltr'><strong>per</strong></span> <span class='ocrx_word' id='word_1_767' title='bbox 3392 3564 3496 3622; x_wconf 88' lang='lat' dir='ltr'><strong>hoc</strong></span> 
     </span>
    </p>
   </div>
   <div class='ocr_carea' id='block_1_95' title="bbox 1901 3619 3492 3714">
    <p class='ocr_par' dir='ltr' id='par_1_95' title="bbox 1901 3619 3492 3714">
     <span class='ocr_line' id='line_1_108' title="bbox 1901 3619 3492 3714; baseline 0.032 -49"><span class='ocrx_word' id='word_1_768' title='bbox 1901 3626 2002 3669; x_wconf 93' lang='lat' dir='ltr'><strong>nec</strong></span> <span class='ocrx_word' id='word_1_769' title='bbox 2053 3619 2380 3679; x_wconf 90' lang='lat' dir='ltr'><strong>continentia</strong></span> <span class='ocrx_word' id='word_1_770' title='bbox 2429 3627 2542 3686; x_wconf 80' lang='lat' dir='ltr'><strong>sive</strong></span> <span class='ocrx_word' id='word_1_771' title='bbox 2585 3635 2834 3702; x_wconf 87' lang='lat' dir='ltr'><strong>pudicitia</strong></span> <span class='ocrx_word' id='word_1_772' title='bbox 2875 3656 3002 3699; x_wconf 87' lang='lat' dir='ltr'><strong>vera</strong></span> <span class='ocrx_word' id='word_1_773' title='bbox 3047 3647 3212 3706; x_wconf 87' lang='lat' dir='ltr'><strong>virtus</strong></span> <span class='ocrx_word' id='word_1_774' title='bbox 3260 3665 3342 3711; x_wconf 91' lang='lat' dir='ltr'><strong>est</strong></span> <span class='ocrx_word' id='word_1_775' title='bbox 3386 3657 3492 3714; x_wconf 86' lang='lat' dir='ltr'><strong>im-</strong></span> 
     </span>
    </p>
   </div>
   <div class='ocr_carea' id='block_1_96' title="bbox 1899 3718 2130 3774">
    <p class='ocr_par' dir='ltr' id='par_1_96' title="bbox 1899 3718 2130 3774">
     <span class='ocr_line' id='line_1_109' title="bbox 1899 3718 2130 3774; baseline 0.026 -17"><span class='ocrx_word' id='word_1_776' title='bbox 1899 3718 2130 3774; x_wconf 82' lang='lat' dir='ltr'><strong>piorum.</strong></span> 
     </span>
    </p>
   </div>
   <div class='ocr_carea' id='block_1_97' title="bbox 1969 3799 3486 3912">
    <p class='ocr_par' dir='ltr' id='par_1_97' title="bbox 1969 3799 3486 3912">
     <span class='ocr_line' id='line_1_110' title="bbox 1969 3799 3486 3912; baseline 0.032 -60"><span class='ocrx_word' id='word_1_777' title='bbox 1969 3799 2055 3854; x_wconf 87' lang='grc'><strong>18.</strong></span> <span class='ocrx_word' id='word_1_778' title='bbox 2087 3801 2162 3858; x_wconf 87' lang='lat' dir='ltr'><strong>Tu</strong></span> <span class='ocrx_word' id='word_1_779' title='bbox 2195 3821 2322 3862; x_wconf 88' lang='lat' dir='ltr'><strong>vero</strong></span> <span class='ocrx_word' id='word_1_780' title='bbox 2351 3820 2455 3866; x_wconf 92' lang='lat' dir='ltr'><strong>tam</strong></span> <span class='ocrx_word' id='word_1_781' title='bbox 2489 3815 2630 3872; x_wconf 90' lang='lat' dir='ltr'><strong>male</strong></span> <span class='ocrx_word' id='word_1_782' title='bbox 2659 3822 2857 3893; x_wconf 91' lang='lat' dir='ltr'><strong>accipis</strong></span> <span class='ocrx_word' id='word_1_783' title='bbox 2881 3828 3024 3897; x_wconf 92' lang='lat' dir='ltr'><strong>quod</strong></span> <span class='ocrx_word' id='word_1_784' title='bbox 3057 3834 3130 3888; x_wconf 90' lang='lat' dir='ltr'><strong>ait</strong></span> <span class='ocrx_word' id='word_1_785' title='bbox 3158 3836 3447 3907; x_wconf 81' lang='lat' dir='ltr'><strong>Apostolus</strong></span> <span class='ocrx_word' id='word_1_786' title='bbox 3468 3887 3486 3912; x_wconf 96' lang='lat'><strong>,</strong></span> 
     </span>
    </p>
   </div>
   <div class='ocr_carea' id='block_1_98' title="bbox 1897 3889 3486 3993">
    <p class='ocr_par' dir='ltr' id='par_1_98' title="bbox 1897 3889 3486 3993">
     <span class='ocr_line' id='line_1_111' title="bbox 2777 3889 3486 3912; baseline 0.032 -23"><span class='ocrx_word' id='word_1_787' title='bbox 2777 3889 2790 3893; x_wconf 92' lang='lat'>_</span> <span class='ocrx_word' id='word_1_788' title='bbox 2899 3889 2911 3897; x_wconf 84' lang='lat'><strong>.</strong></span> <span class='ocrx_word' id='word_1_789' title='bbox 3184 3889 3486 3912; x_wconf 48' lang='grc' dir='ltr'><strong>μιν-ν-νη-υν</strong></span> 
     </span>
     <span class='ocr_line' id='line_1_112' title="bbox 1897 3889 3486 3993; baseline 0.032 -51"><span class='ocrx_word' id='word_1_790' title='bbox 1897 3889 2052 3945; x_wconf 85' lang='lat' dir='ltr'><strong>Nam.</strong></span> <span class='ocrx_word' id='word_1_791' title='bbox 2082 3897 2171 3965; x_wconf 85' lang='lat' dir='ltr'><strong>qui</strong></span> <span class='ocrx_word' id='word_1_792' title='bbox 2207 3901 2260 3954; x_wconf 88' lang='lat' dir='ltr'><strong>in</strong></span> <span class='ocrx_word' id='word_1_793' title='bbox 2290 3918 2452 3973; x_wconf 86' lang='lat' dir='ltr'><strong>agone</strong></span> <span class='ocrx_word' id='word_1_794' title='bbox 2496 3914 2785 3982; x_wconf 87' lang='lat' dir='ltr'><strong>contendit,</strong></span> <span class='ocrx_word' id='word_1_795' title='bbox 2841 3917 2904 3972; x_wconf 83' lang='lat' dir='ltr'><strong>ab</strong></span> <span class='ocrx_word' id='word_1_796' title='bbox 2948 3924 3177 3982; x_wconf 84' lang='lat' dir='ltr'><strong>omnibus</strong></span> <span class='ocrx_word' id='word_1_797' title='bbox 3223 3934 3486 3993; x_wconf 83' lang='lat' dir='ltr'><strong>continens</strong></span> 
     </span>
    </p>
   </div>
   <div class='ocr_carea' id='block_1_99' title="bbox 1891 3986 3452 4091">
    <p class='ocr_par' dir='ltr' id='par_1_99' title="bbox 1891 3986 3452 4091">
     <span class='ocr_line' id='line_1_113' title="bbox 1891 3986 3452 4091; baseline 0.032 -55"><span class='ocrx_word' id='word_1_798' title='bbox 1891 3993 1964 4038; x_wconf 83' lang='lat' dir='ltr'><strong>est</strong></span> <span class='ocrx_word' id='word_1_799' title='bbox 1983 3986 2024 4056; x_wconf 94' lang='lat' dir='ltr'><strong>(l</strong></span> <span class='ocrx_word' id='word_1_800' title='bbox 2042 3986 2158 4042; x_wconf 88' lang='lat' dir='ltr'><strong>Cor.</strong></span> <span class='ocrx_word' id='word_1_801' title='bbox 2188 4008 2261 4057; x_wconf 84' lang='lat' dir='ltr'><strong>ix,</strong></span> <span class='ocrx_word' id='word_1_802' title='bbox 2279 3995 2394 4068; x_wconf 77' lang='lat'><strong>25);</strong></span> <span class='ocrx_word' id='word_1_803' title='bbox 2414 4009 2467 4053; x_wconf 92' lang='lat' dir='ltr'><strong>ut</strong></span> <span class='ocrx_word' id='word_1_804' title='bbox 2485 4004 2891 4079; x_wconf 89' lang='lat' dir='ltr'><strong>continentiam,</strong></span> <span class='ocrx_word' id='word_1_805' title='bbox 2912 4023 3018 4071; x_wconf 92' lang='lat' dir='ltr'><strong>tam</strong></span> <span class='ocrx_word' id='word_1_806' title='bbox 3044 4034 3289 4091; x_wconf 87' lang='lat' dir='ltr'><strong>magnam</strong></span> <span class='ocrx_word' id='word_1_807' title='bbox 3312 4029 3452 4086; x_wconf 92' lang='lat' dir='ltr'><strong>virtu</strong></span> 
     </span>
    </p>
   </div>
   <div class='ocr_carea' id='block_1_100' title="bbox 1892 4083 3482 4191">
    <p class='ocr_par' dir='ltr' id='par_1_100' title="bbox 1892 4083 3482 4191">
     <span class='ocr_line' id='line_1_114' title="bbox 1892 4083 3482 4191; baseline 0.031 -60"><span class='ocrx_word' id='word_1_808' title='bbox 1892 4087 2028 4146; x_wconf 92' lang='lat' dir='ltr'><strong>tem,</strong></span> <span class='ocrx_word' id='word_1_809' title='bbox 2071 4083 2139 4138; x_wconf 89' lang='lat' dir='ltr'><strong>de</strong></span> <span class='ocrx_word' id='word_1_810' title='bbox 2172 4101 2273 4155; x_wconf 87' lang='lat' dir='ltr'><strong>qua</strong></span> <span class='ocrx_word' id='word_1_811' title='bbox 2305 4092 2558 4162; x_wconf 91' lang='lat' dir='ltr'><strong>scriptum</strong></span> <span class='ocrx_word' id='word_1_812' title='bbox 2606 4108 2716 4167; x_wconf 90' lang='lat' dir='ltr'><strong>est,</strong></span> <span class='ocrx_word' id='word_1_813' title='bbox 2769 4105 2911 4173; x_wconf 88' lang='lat' dir='ltr'><strong>quod</strong></span> <span class='ocrx_word' id='word_1_814' title='bbox 2946 4124 3105 4167; x_wconf 88' lang='lat' dir='ltr'><strong>nemo</strong></span> <span class='ocrx_word' id='word_1_815' title='bbox 3132 4083 3262 4172; x_wconf 61' lang='lat' dir='ltr'><strong>esse</strong></span> <span class='ocrx_word' id='word_1_816' title='bbox 3304 4133 3482 4191; x_wconf 75' lang='lat' dir='ltr'><strong>poteSI</strong></span> 
     </span>
    </p>
   </div>
   <div class='ocr_carea' id='block_1_101' title="bbox 1887 4175 3474 4271">
    <p class='ocr_par' dir='ltr' id='par_1_101' title="bbox 1887 4175 3474 4271">
     <span class='ocr_line' id='line_1_115' title="bbox 1887 4175 3474 4271; baseline 0.028 -46"><span class='ocrx_word' id='word_1_817' title='bbox 1887 4175 2168 4232; x_wconf 88' lang='lat' dir='ltr'><strong>continens</strong></span> <span class='ocrx_word' id='word_1_818' title='bbox 2195 4181 2293 4234; x_wconf 90' lang='lat' dir='ltr'><strong>nisi</strong></span> <span class='ocrx_word' id='word_1_819' title='bbox 2317 4182 2454 4239; x_wconf 91' lang='lat' dir='ltr'><strong>Deus</strong></span> <span class='ocrx_word' id='word_1_820' title='bbox 2476 4186 2566 4242; x_wconf 90' lang='lat' dir='ltr'><strong>det</strong></span> <span class='ocrx_word' id='word_1_821' title='bbox 2593 4190 2746 4263; x_wconf 82' lang='lat' dir='ltr'><strong>(Sep.</strong></span> <span class='ocrx_word' id='word_1_822' title='bbox 2771 4211 2885 4263; x_wconf 83' lang='lat' dir='ltr'><strong>vni,</strong></span> <span class='ocrx_word' id='word_1_823' title='bbox 2904 4199 3020 4271; x_wconf 64' lang='lat' dir='ltr'><strong>Si);</strong></span> <span class='ocrx_word' id='word_1_824' title='bbox 3050 4206 3208 4260; x_wconf 91' lang='lat' dir='ltr'><strong>etiam</strong></span> <span class='ocrx_word' id='word_1_825' title='bbox 3238 4175 3474 4269; x_wconf 49' lang='lat' dir='ltr'><strong>cuius;</strong></span> 
     </span>
    </p>
   </div>
   <div class='ocr_carea' id='block_1_102' title="bbox 1885 4262 3474 4364">
    <p class='ocr_par' dir='ltr' id='par_1_102' title="bbox 1885 4262 3474 4364">
     <span class='ocr_line' id='line_1_116' title="bbox 1885 4262 3474 4364; baseline 0.03 -49"><span class='ocrx_word' id='word_1_826' title='bbox 1885 4262 1963 4319; x_wconf 89' lang='lat' dir='ltr'><strong>las</strong></span> <span class='ocrx_word' id='word_1_827' title='bbox 1985 4272 2040 4320; x_wconf 93' lang='lat' dir='ltr'><strong>et</strong></span> <span class='ocrx_word' id='word_1_828' title='bbox 2065 4265 2366 4346; x_wconf 83' lang='lat' dir='ltr'><strong>hujusmodi</strong></span> <span class='ocrx_word' id='word_1_829' title='bbox 2401 4285 2581 4347; x_wconf 89' lang='lat' dir='ltr'><strong>turpes</strong></span> <span class='ocrx_word' id='word_1_830' title='bbox 2611 4282 2942 4358; x_wconf 79' lang='lat' dir='ltr'><strong>infamesque</strong></span> <span class='ocrx_word' id='word_1_831' title='bbox 2976 4262 3235 4362; x_wconf 82' lang='lat' dir='ltr'><strong>personas</strong></span> <span class='ocrx_word' id='word_1_832' title='bbox 3275 4302 3474 4364; x_wconf 87' lang='lat' dir='ltr'><strong>habere</strong></span> 
     </span>
    </p>
   </div>
   <div class='ocr_carea' id='block_1_103' title="bbox 1883 4357 3470 4463">
    <p class='ocr_par' dir='ltr' id='par_1_103' title="bbox 1883 4357 3470 4463">
     <span class='ocr_line' id='line_1_117' title="bbox 1883 4357 3470 4463; baseline 0.028 -53"><span class='ocrx_word' id='word_1_833' title='bbox 1883 4357 2195 4414; x_wconf 88' lang='lat' dir='ltr'><strong>contendas.</strong></span> <span class='ocrx_word' id='word_1_834' title='bbox 2239 4360 2302 4416; x_wconf 83' lang='lat' dir='ltr'><strong>Hi</strong></span> <span class='ocrx_word' id='word_1_835' title='bbox 2339 4366 2480 4422; x_wconf 88' lang='lat' dir='ltr'><strong>enim</strong></span> <span class='ocrx_word' id='word_1_836' title='bbox 2503 4375 2737 4440; x_wconf 71' lang='lat' dir='ltr'><strong>.quando</strong></span> <span class='ocrx_word' id='word_1_837' title='bbox 2789 4379 2840 4432; x_wconf 93' lang='lat' dir='ltr'><strong>in</strong></span> <span class='ocrx_word' id='word_1_838' title='bbox 2856 4357 3049 4452; x_wconf 19' lang='lat' dir='ltr'><strong>iagone</strong></span> <span class='ocrx_word' id='word_1_839' title='bbox 3075 4387 3367 4463; x_wconf 89' lang='lat' dir='ltr'><strong>decertant,</strong></span> <span class='ocrx_word' id='word_1_840' title='bbox 3399 4399 3470 4456; x_wconf 90' lang='lat' dir='ltr'><strong>ab</strong></span> 
     </span>
    </p>
   </div>
   <div class='ocr_carea' id='block_1_104' title="bbox 1881 4450 3467 4548">
    <p class='ocr_par' dir='ltr' id='par_1_104' title="bbox 1881 4450 3467 4548">
     <span class='ocr_line' id='line_1_118' title="bbox 1881 4450 3467 4548; baseline 0.031 -48"><span class='ocrx_word' id='word_1_841' title='bbox 1881 4450 2128 4506; x_wconf 90' lang='lat' dir='ltr'><strong>omnibus</strong></span> <span class='ocrx_word' id='word_1_842' title='bbox 2159 4457 2462 4528; x_wconf 89' lang='lat' dir='ltr'><strong>continent,</strong></span> <span class='ocrx_word' id='word_1_843' title='bbox 2497 4472 2554 4517; x_wconf 91' lang='lat' dir='ltr'><strong>ut</strong></span> <span class='ocrx_word' id='word_1_844' title='bbox 2593 4473 2996 4540; x_wconf 83' lang='lat' dir='ltr'><strong>corruptibilem</strong></span> <span class='ocrx_word' id='word_1_845' title='bbox 3034 4495 3286 4541; x_wconf 88' lang='lat' dir='ltr'><strong>coronam</strong></span> <span class='ocrx_word' id='word_1_846' title='bbox 3325 4495 3467 4548; x_wconf 88' lang='lat' dir='ltr'><strong>acci-</strong></span> 
     </span>
    </p>
   </div>
   <div class='ocr_carea' id='block_1_105' title="bbox 1880 4543 3462 4642">
    <p class='ocr_par' dir='ltr' id='par_1_105' title="bbox 1880 4543 3462 4642">
     <span class='ocr_line' id='line_1_119' title="bbox 1880 4543 3462 4642; baseline 0.03 -48"><span class='ocrx_word' id='word_1_847' title='bbox 1880 4543 2026 4611; x_wconf 85' lang='lat' dir='ltr'><strong>piant</strong></span> <span class='ocrx_word' id='word_1_848' title='bbox 2053 4561 2066 4598; x_wconf 92' lang='lat'><strong>:</strong></span> <span class='ocrx_word' id='word_1_849' title='bbox 2096 4559 2124 4599; x_wconf 89' lang='lat' dir='ltr'><strong>a</strong></span> <span class='ocrx_word' id='word_1_850' title='bbox 2152 4548 2304 4618; x_wconf 88' lang='lat' dir='ltr'><strong>cujus</strong></span> <span class='ocrx_word' id='word_1_851' title='bbox 2333 4561 2505 4608; x_wconf 90' lang='lat' dir='ltr'><strong>tamen</strong></span> <span class='ocrx_word' id='word_1_852' title='bbox 2539 4573 2672 4614; x_wconf 90' lang='lat' dir='ltr'><strong>vana</strong></span> <span class='ocrx_word' id='word_1_853' title='bbox 2708 4565 2998 4634; x_wconf 89' lang='lat' dir='ltr'><strong>cupiditate</strong></span> <span class='ocrx_word' id='word_1_854' title='bbox 3029 4588 3133 4628; x_wconf 90' lang='lat' dir='ltr'><strong>non</strong></span> <span class='ocrx_word' id='word_1_855' title='bbox 3164 4581 3462 4642; x_wconf 88' lang='lat' dir='ltr'><strong>continent.</strong></span> 
     </span>
    </p>
   </div>
   <div class='ocr_carea' id='block_1_106' title="bbox 1876 4631 3462 4736">
    <p class='ocr_par' dir='ltr' id='par_1_106' title="bbox 1876 4631 3462 4736">
     <span class='ocr_line' id='line_1_120' title="bbox 1876 4631 3462 4736; baseline 0.032 -49"><span class='ocrx_word' id='word_1_856' title='bbox 1876 4631 2002 4690; x_wconf 65' lang='lat' dir='ltr'><strong>Haec</strong></span> <span class='ocrx_word' id='word_1_857' title='bbox 2030 4639 2170 4692; x_wconf 90' lang='lat' dir='ltr'><strong>enim</strong></span> <span class='ocrx_word' id='word_1_858' title='bbox 2199 4642 2460 4712; x_wconf 91' lang='lat' dir='ltr'><strong>cupiditas</strong></span> <span class='ocrx_word' id='word_1_859' title='bbox 2491 4663 2621 4703; x_wconf 89' lang='lat' dir='ltr'><strong>vana</strong></span> <span class='ocrx_word' id='word_1_860' title='bbox 2654 4667 2716 4708; x_wconf 92' lang='lat' dir='ltr'><strong>ac</strong></span> <span class='ocrx_word' id='word_1_861' title='bbox 2744 4671 2836 4723; x_wconf 90' lang='lat' dir='ltr'><strong>per</strong></span> <span class='ocrx_word' id='word_1_862' title='bbox 2856 4658 2957 4715; x_wconf 92' lang='lat' dir='ltr'><strong>hoc</strong></span> <span class='ocrx_word' id='word_1_863' title='bbox 2989 4679 3144 4733; x_wconf 87' lang='lat' dir='ltr'><strong>prava</strong></span> <span class='ocrx_word' id='word_1_864' title='bbox 3164 4710 3178 4734; x_wconf 93' lang='lat'><strong>,</strong></span> <span class='ocrx_word' id='word_1_865' title='bbox 3212 4673 3377 4732; x_wconf 88' lang='lat' dir='ltr'><strong>vincit</strong></span> <span class='ocrx_word' id='word_1_866' title='bbox 3406 4679 3462 4736; x_wconf 90' lang='lat' dir='ltr'><strong>in</strong></span> 
     </span>
    </p>
   </div>
   <div class='ocr_carea' id='block_1_107' title="bbox 1875 4728 3458 4839">
    <p class='ocr_par' dir='ltr' id='par_1_107' title="bbox 1875 4728 3458 4839">
     <span class='ocr_line' id='line_1_121' title="bbox 1875 4728 3458 4839; baseline 0.029 -58"><span class='ocrx_word' id='word_1_867' title='bbox 1875 4728 1952 4782; x_wconf 89' lang='lat' dir='ltr'><strong>eis</strong></span> <span class='ocrx_word' id='word_1_868' title='bbox 1988 4739 2040 4783; x_wconf 89' lang='lat' dir='ltr'><strong>et</strong></span> <span class='ocrx_word' id='word_1_869' title='bbox 2071 4730 2243 4787; x_wconf 81' lang='lat' dir='ltr'><strong>frenat</strong></span> <span class='ocrx_word' id='word_1_870' title='bbox 2271 4735 2402 4791; x_wconf 84' lang='lat' dir='ltr'><strong>alias</strong></span> <span class='ocrx_word' id='word_1_871' title='bbox 2435 4754 2622 4807; x_wconf 86' lang='lat' dir='ltr'><strong>pravas</strong></span> <span class='ocrx_word' id='word_1_872' title='bbox 2648 4746 2964 4815; x_wconf 86' lang='lat' dir='ltr'><strong>cupiditates</strong></span> <span class='ocrx_word' id='word_1_873' title='bbox 2989 4728 3019 4808; x_wconf 67' lang='grc' dir='ltr'><strong>⁷ε</strong></span> <span class='ocrx_word' id='word_1_874' title='bbox 3051 4728 3270 4830; x_wconf 81' lang='lat' dir='ltr'><strong>propter</strong></span> <span class='ocrx_word' id='word_1_875' title='bbox 3313 4771 3458 4839; x_wconf 88' lang='lat' dir='ltr'><strong>quod</strong></span> 
     </span>
    </p>
   </div>
   <div class='ocr_carea' id='block_1_108' title="bbox 1873 4818 3458 4918">
    <p class='ocr_par' dir='ltr' id='par_1_108' title="bbox 1873 4818 3458 4918">
     <span class='ocr_line' id='line_1_122' title="bbox 1873 4818 3458 4918; baseline 0.03 -46"><span class='ocrx_word' id='word_1_876' title='bbox 1873 4818 1996 4874; x_wconf 91' lang='lat' dir='ltr'><strong>dicti</strong></span> <span class='ocrx_word' id='word_1_877' title='bbox 2043 4833 2167 4877; x_wconf 89' lang='lat' dir='ltr'><strong>sunt</strong></span> <span class='ocrx_word' id='word_1_878' title='bbox 2202 4827 2555 4886; x_wconf 86' lang='lat' dir='ltr'><strong>continentes.</strong></span> <span class='ocrx_word' id='word_1_879' title='bbox 2601 4834 2705 4890; x_wconf 91' lang='lat' dir='ltr'><strong>Sed</strong></span> <span class='ocrx_word' id='word_1_880' title='bbox 2745 4847 2799 4892; x_wconf 93' lang='lat' dir='ltr'><strong>ut</strong></span> <span class='ocrx_word' id='word_1_881' title='bbox 2843 4844 3209 4910; x_wconf 87' lang='lat' dir='ltr'><strong>gravissimam</strong></span> <span class='ocrx_word' id='word_1_882' title='bbox 3250 4818 3458 4918; x_wconf 55' lang='lat' dir='ltr'><strong>{ageres</strong></span> 
     </span>
    </p>
   </div>
   <div class='ocr_carea' id='block_1_109' title="bbox 1871 4912 3458 5013">
    <p class='ocr_par' dir='ltr' id='par_1_109' title="bbox 1871 4912 3458 5013">
     <span class='ocr_line' id='line_1_123' title="bbox 1871 4912 3458 5013; baseline 0.03 -48"><span class='ocrx_word' id='word_1_883' title='bbox 1871 4912 2114 4983; x_wconf 84' lang='lat' dir='ltr'><strong>injuriam</strong></span> <span class='ocrx_word' id='word_1_884' title='bbox 2143 4917 2501 4992; x_wconf 91' lang='lat' dir='ltr'><strong>Scipionibus,</strong></span> <span class='ocrx_word' id='word_1_885' title='bbox 2533 4930 2916 4990; x_wconf 89' lang='lat' dir='ltr'><strong>continentiam</strong></span> <span class='ocrx_word' id='word_1_886' title='bbox 2945 4955 3103 5010; x_wconf 90' lang='lat' dir='ltr'><strong>quam</strong></span> <span class='ocrx_word' id='word_1_887' title='bbox 3128 4946 3179 5000; x_wconf 92' lang='lat' dir='ltr'><strong>in</strong></span> <span class='ocrx_word' id='word_1_888' title='bbox 3203 4949 3280 5004; x_wconf 91' lang='lat' dir='ltr'><strong>eis</strong></span> <span class='ocrx_word' id='word_1_889' title='bbox 3307 4960 3458 5013; x_wconf 85' lang='lat' dir='ltr'><strong>tanto</strong></span> 
     </span>
    </p>
   </div>
   <div class='ocr_carea' id='block_1_110' title="bbox 1868 5007 3457 5114">
    <p class='ocr_par' dir='ltr' id='par_1_110' title="bbox 1868 5007 3457 5114">
     <span class='ocr_line' id='line_1_124' title="bbox 1868 5007 3457 5114; baseline 0.028 -52"><span class='ocrx_word' id='word_1_890' title='bbox 1868 5007 2083 5078; x_wconf 86' lang='lat' dir='ltr'><strong>eloquio</strong></span> <span class='ocrx_word' id='word_1_891' title='bbox 2113 5012 2432 5080; x_wconf 73' lang='lat' dir='ltr'><strong>prmdicasti,</strong></span> <span class='ocrx_word' id='word_1_892' title='bbox 2463 5018 2657 5077; x_wconf 91' lang='lat' dir='ltr'><strong>dedisti</strong></span> <span class='ocrx_word' id='word_1_893' title='bbox 2687 5035 2742 5078; x_wconf 91' lang='lat' dir='ltr'><strong>et</strong></span> <span class='ocrx_word' id='word_1_894' title='bbox 2767 5007 3114 5092; x_wconf 79' lang='lat' dir='ltr'><strong>histrionibus</strong></span> <span class='ocrx_word' id='word_1_895' title='bbox 3147 5057 3162 5094; x_wconf 92' lang='lat'><strong>:</strong></span> <span class='ocrx_word' id='word_1_896' title='bbox 3201 5041 3457 5114; x_wconf 80' lang='lat' dir='ltr'><strong>ignorans</strong></span> 
     </span>
    </p>
   </div>
   <div class='ocr_carea' id='block_1_111' title="bbox 1866 5105 3444 5210">
    <p class='ocr_par' dir='ltr' id='par_1_111' title="bbox 1866 5105 3444 5210">
     <span class='ocr_line' id='line_1_125' title="bbox 1866 5105 3444 5210; baseline 0.026 -53"><span class='ocrx_word' id='word_1_897' title='bbox 1866 5105 2203 5173; x_wconf 86' lang='lat' dir='ltr'><strong>Apostolum,</strong></span> <span class='ocrx_word' id='word_1_898' title='bbox 2231 5123 2350 5165; x_wconf 93' lang='lat' dir='ltr'><strong>cum</strong></span> <span class='ocrx_word' id='word_1_899' title='bbox 2381 5113 2769 5175; x_wconf 87' lang='lat' dir='ltr'><strong>exhortaretur</strong></span> <span class='ocrx_word' id='word_1_900' title='bbox 2794 5121 3039 5185; x_wconf 91' lang='lat' dir='ltr'><strong>homines</strong></span> <span class='ocrx_word' id='word_1_901' title='bbox 3066 5133 3132 5187; x_wconf 90' lang='lat' dir='ltr'><strong>ad</strong></span> <span class='ocrx_word' id='word_1_902' title='bbox 3162 5137 3444 5210; x_wconf 90' lang='lat' dir='ltr'><strong>virtutem,</strong></span> 
     </span>
    </p>
   </div>
   <div class='ocr_carea' id='block_1_112' title="bbox 1864 5198 3450 5289">
    <p class='ocr_par' dir='ltr' id='par_1_112' title="bbox 1864 5198 3450 5289">
     <span class='ocr_line' id='line_1_126' title="bbox 1864 5198 3450 5289; baseline 0.025 -37"><span class='ocrx_word' id='word_1_903' title='bbox 1864 5198 1942 5254; x_wconf 89' lang='lat' dir='ltr'><strong>sic</strong></span> <span class='ocrx_word' id='word_1_904' title='bbox 1979 5203 2278 5272; x_wconf 83' lang='lat' dir='ltr'><strong>exemplum</strong></span> <span class='ocrx_word' id='word_1_905' title='bbox 2311 5203 2378 5261; x_wconf 89' lang='lat' dir='ltr'><strong>de</strong></span> <span class='ocrx_word' id='word_1_906' title='bbox 2402 5206 2589 5266; x_wconf 84' lang='lat' dir='ltr'><strong>vitiosa</strong></span> <span class='ocrx_word' id='word_1_907' title='bbox 2625 5213 2900 5274; x_wconf 93' lang='lat' dir='ltr'><strong>hominum</strong></span> <span class='ocrx_word' id='word_1_908' title='bbox 2929 5223 3212 5284; x_wconf 82' lang='lat' dir='ltr'><strong>aﬁ&#39;ectione</strong></span> <span class='ocrx_word' id='word_1_909' title='bbox 3237 5232 3258 5264; x_wconf 82' lang='grc'><strong><em>³</em></strong></span> <span class='ocrx_word' id='word_1_910' title='bbox 3302 5249 3450 5289; x_wconf 90' lang='lat' dir='ltr'><strong>sum-</strong></span> 
     </span>
    </p>
   </div>
   <div class='ocr_carea' id='block_1_113' title="bbox 1926 5313 2414 5380">
    <p class='ocr_par' dir='ltr' id='par_1_113' title="bbox 1926 5313 2414 5380">
     <span class='ocr_line' id='line_1_127' title="bbox 1926 5313 2414 5380; baseline 0.016 -21"><span class='ocrx_word' id='word_1_911' title='bbox 1926 5313 1941 5380; x_wconf 64' lang='grc' dir='ltr'><strong>ξ</strong></span> <span class='ocrx_word' id='word_1_912' title='bbox 1977 5313 2112 5380; x_wconf 81' lang='lat' dir='ltr'><strong>Apud</strong></span> <span class='ocrx_word' id='word_1_913' title='bbox 2148 5320 2277 5376; x_wconf 80' lang='lat' dir='ltr'><strong>Lov.,</strong></span> <span class='ocrx_word' id='word_1_914' title='bbox 2302 5331 2414 5380; x_wconf 85' lang='lat' dir='ltr'><strong>qua.</strong></span> 
     </span>
    </p>
   </div>
   <div class='ocr_carea' id='block_1_114' title="bbox 1923 5375 2978 5450">
    <p class='ocr_par' dir='ltr' id='par_1_114' title="bbox 1923 5375 2978 5450">
     <span class='ocr_line' id='line_1_128' title="bbox 1923 5375 2978 5450; baseline 0.025 -29"><span class='ocrx_word' id='word_1_915' title='bbox 1923 5375 1943 5450; x_wconf 66' lang='grc' dir='ltr'><strong>ξ</strong></span> <span class='ocrx_word' id='word_1_916' title='bbox 1969 5377 2122 5450; x_wconf 52' lang='grc' dir='ltr'><strong>χειιὶρ.</strong></span> <span class='ocrx_word' id='word_1_917' title='bbox 2151 5375 2520 5450; x_wconf 58' lang='lat' dir='ltr'><strong>Mss.ouiittunt,</strong></span> <span class='ocrx_word' id='word_1_918' title='bbox 2542 5385 2610 5435; x_wconf 88' lang='lat' dir='ltr'><strong>ad</strong></span> <span class='ocrx_word' id='word_1_919' title='bbox 2630 5385 2780 5450; x_wconf 77' lang='lat' dir='ltr'><strong>ﬁdem</strong></span> <span class='ocrx_word' id='word_1_920' title='bbox 2797 5405 2978 5446; x_wconf 82' lang='lat' dir='ltr'><strong>veram.</strong></span> 
     </span>
    </p>
   </div>
   <div class='ocr_carea' id='block_1_115' title="bbox 1855 5435 3439 5547">
    <p class='ocr_par' dir='ltr' id='par_1_115' title="bbox 1855 5435 3439 5547">
     <span class='ocr_line' id='line_1_129' title="bbox 1855 5435 3439 5546; baseline 0.025 -64"><span class='ocrx_word' id='word_1_921' title='bbox 1855 5495 1894 5546; x_wconf 51' lang='grc' dir='ltr'>Γ</span> <span class='ocrx_word' id='word_1_922' title='bbox 1921 5437 1943 5468; x_wconf 79' lang='grc' dir='ltr'>δ</span> <span class='ocrx_word' id='word_1_923' title='bbox 1969 5435 2278 5491; x_wconf 82' lang='lat' dir='ltr'><strong>Floriacensis</strong></span> <span class='ocrx_word' id='word_1_924' title='bbox 2304 5447 2406 5506; x_wconf 55' lang='lat' dir='ltr'><strong>Msa,</strong></span> <span class='ocrx_word' id='word_1_925' title='bbox 2436 5435 2528 5495; x_wconf 74' lang='lat' dir='ltr'><strong>Per</strong></span> <span class='ocrx_word' id='word_1_926' title='bbox 3050 5467 3122 5512; x_wconf 79' lang='lat' dir='ltr'><strong>est</strong></span> <span class='ocrx_word' id='word_1_927' title='bbox 3144 5475 3261 5515; x_wconf 80' lang='lat' dir='ltr'><strong>vera</strong></span> <span class='ocrx_word' id='word_1_928' title='bbox 3289 5466 3439 5528; x_wconf 81' lang='lat' dir='ltr'><strong>justi-</strong></span> 
     </span>
     <span class='ocr_line' id='line_1_130' title="bbox 1873 5509 1940 5547; baseline -0.015 -1"><span class='ocrx_word' id='word_1_929' title='bbox 1873 5509 1940 5547; x_wconf 86' lang='lat' dir='ltr'><strong>ta.</strong></span> 
     </span>
    </p>
   </div>
   <div class='ocr_carea' id='block_1_116' title="bbox 1854 5687 3440 5769">
    <p class='ocr_par' dir='ltr' id='par_1_116' title="bbox 1854 5687 3440 5769">
     <span class='ocr_line' id='line_1_131' title="bbox 1854 5687 3440 5769; baseline 0.023 -37"><span class='ocrx_word' id='word_1_930' title='bbox 1854 5692 1910 5734; x_wconf 80' lang='lat' dir='ltr'><strong>Al.</strong></span> <span class='ocrx_word' id='word_1_931' title='bbox 1943 5687 2001 5769; x_wconf 52' lang='lat' dir='ltr'><strong>‘in</strong></span> <span class='ocrx_word' id='word_1_932' title='bbox 2060 5688 2244 5769; x_wconf 49' lang='lat' dir='ltr'><strong>editis&quot;</strong></span> <span class='ocrx_word' id='word_1_933' title='bbox 2262 5689 2475 5769; x_wconf 34' lang='lat' dir='ltr'><strong>locatum.</strong></span> <span class='ocrx_word' id='word_1_934' title='bbox 2528 5694 2698 5769; x_wconf 68' lang='lat' dir='ltr'><strong>fuerat</strong></span> <span class='ocrx_word' id='word_1_935' title='bbox 2748 5687 3318 5769; x_wconf 36' lang='lat' dir='ltr'><strong>surieriujsﬂprox‘im—e&#39;u</strong></span> 
     </span>
    </p>
   </div>
   <div class='ocr_carea' id='block_1_117' title="bbox 1852 5748 3438 5829">
    <p class='ocr_par' dir='ltr' id='par_1_117' title="bbox 1852 5748 3438 5829">
     <span class='ocr_line' id='line_1_132' title="bbox 1852 5748 3438 5829; baseline 0.021 -34"><span class='ocrx_word' id='word_1_936' title='bbox 1852 5748 2020 5809; x_wconf 87' lang='lat' dir='ltr'><strong>verba,</strong></span> <span class='ocrx_word' id='word_1_937' title='bbox 2052 5762 2144 5824; x_wconf 76' lang='lat' dir='ltr'><strong>nec</strong></span> <span class='ocrx_word' id='word_1_938' title='bbox 2177 5750 2298 5801; x_wconf 79' lang='lat' dir='ltr'><strong>alios</strong></span> <span class='ocrx_word' id='word_1_939' title='bbox 2320 5753 2528 5829; x_wconf 46' lang='lat' dir='ltr'><strong>lgitg&#39;utes</strong></span> <span class='ocrx_word' id='word_1_940' title='bbox 2559 5759 2752 5829; x_wconf 67' lang='lat' dir='ltr'><strong>comites</strong></span> <span class='ocrx_word' id='word_1_941' title='bbox 2781 5748 2907 5824; x_wconf 54' lang='lat' dir='ltr'><strong>ait;</strong></span> <span class='ocrx_word' id='word_1_942' title='bbox 2920 5748 2969 5829; x_wconf 62' lang='lat' dir='ltr'><strong>Ei</strong></span> <span class='ocrx_word' id='word_1_943' title='bbox 3001 5748 3200 5820; x_wconf 59' lang='lat' dir='ltr'><strong>addas“:</strong></span> 
     </span>
    </p>
   </div>
   <div class='ocr_carea' id='block_1_118' title="bbox 1849 5813 3441 5898">
    <p class='ocr_par' dir='ltr' id='par_1_118' title="bbox 1849 5813 3441 5898">
     <span class='ocr_line' id='line_1_133' title="bbox 1849 5813 3441 5898; baseline 0.019 -41"><span class='ocrx_word' id='word_1_944' title='bbox 1849 5814 2111 5898; x_wconf 56' lang='lat' dir='ltr'><strong>sententia.</strong></span> <span class='ocrx_word' id='word_1_945' title='bbox 2137 5821 2261 5875; x_wconf 86' lang='lat' dir='ltr'><strong>post,</strong></span> <span class='ocrx_word' id='word_1_946' title='bbox 2276 5813 2774 5898; x_wconf 35' lang='lat' dir='ltr'><strong>[elﬁcumturgirtjustig</strong></span> <span class='ocrx_word' id='word_1_947' title='bbox 2795 5813 3194 5898; x_wconf 50' lang='grc' dir='ltr'><strong>ἐθᾳαρὺᾱςῶξξ</strong></span> <span class='ocrx_word' id='word_1_948' title='bbox 3208 5813 3441 5897; x_wconf 47' lang='lat' dir='ltr'><strong>deus;</strong></span> 
     </span>
    </p>
   </div>
   <div class='ocr_carea' id='block_1_119' title="bbox 1852 5870 3438 5953">
    <p class='ocr_par' dir='ltr' id='par_1_119' title="bbox 1852 5870 3438 5953">
     <span class='ocr_line' id='line_1_134' title="bbox 1852 5870 3438 5953; baseline 0.023 -34"><span class='ocrx_word' id='word_1_949' title='bbox 1852 5870 1974 5953; x_wconf 62' lang='lat' dir='ltr'><strong>bent,</strong></span> <span class='ocrx_word' id='word_1_950' title='bbox 2001 5870 2570 5953; x_wconf 35' lang='lat' dir='ltr'><strong>iteras&#39;.non;ltiz:bent._ubi</strong></span> <span class='ocrx_word' id='word_1_951' title='bbox 2595 5870 2816 5953; x_wconf 66' lang='lat' dir='ltr'><strong>negante</strong></span> <span class='ocrx_word' id='word_1_952' title='bbox 2832 5870 3438 5953; x_wconf 56' lang='lat' dir='ltr'><strong>b‘aiiiéaii&#39;</strong></span> 
     </span>
    </p>
   </div>
   <div class='ocr_carea' id='block_1_120' title="bbox 1847 5933 2689 5992">
    <p class='ocr_par' dir='ltr' id='par_1_120' title="bbox 1847 5933 2689 5992">
     <span class='ocr_line' id='line_1_135' title="bbox 1847 5933 2689 5992; baseline 0.013 -11"><span class='ocrx_word' id='word_1_953' title='bbox 1847 5933 2040 5983; x_wconf 78' lang='lat' dir='ltr'><strong>codices</strong></span> <span class='ocrx_word' id='word_1_954' title='bbox 2064 5939 2266 5987; x_wconf 72' lang='lat' dir='ltr'><strong>Vaticani</strong></span> <span class='ocrx_word' id='word_1_955' title='bbox 2293 5947 2343 5988; x_wconf 88' lang='lat' dir='ltr'><strong>et</strong></span> <span class='ocrx_word' id='word_1_956' title='bbox 2364 5933 2689 5992; x_wconf 48' lang='lat' dir='ltr'><strong>Floriacensis:</strong></span> 
     </span>
    </p>
   </div>
   <div class='ocr_carea' id='block_1_121' title="bbox 1912 5995 2774 6064">
    <p class='ocr_par' dir='ltr' id='par_1_121' title="bbox 1912 5995 2774 6064">
     <span class='ocr_line' id='line_1_136' title="bbox 1912 5995 2774 6064; baseline 0.017 -22"><span class='ocrx_word' id='word_1_957' title='bbox 1912 5995 1933 6027; x_wconf 77' lang='grc'>⁸</span> <span class='ocrx_word' id='word_1_958' title='bbox 1966 5997 2276 6050; x_wconf 82' lang='lat' dir='ltr'><strong>t-‘loriacensis</strong></span> <span class='ocrx_word' id='word_1_959' title='bbox 2297 6007 2402 6064; x_wconf 77' lang='lat' dir='ltr'><strong>Ms,</strong></span> <span class='ocrx_word' id='word_1_960' title='bbox 2425 6004 2774 6058; x_wconf 83' lang='lat' dir='ltr'><strong>consuetudine.</strong></span> 
     </span>
    </p>
   </div>
   <div class='ocr_carea' id='block_1_122' title="bbox 2681 6091 3235 6185">
    <p class='ocr_par' dir='ltr' id='par_1_122' title="bbox 2681 6091 3235 6185">
     <span class='ocr_line' id='line_1_137' title="bbox 2681 6091 3235 6185; baseline 0.025 -30"><span class='ocrx_word' id='word_1_961' title='bbox 2681 6091 2720 6171; x_wconf 84' lang='lat'><strong>(</strong></span> <span class='ocrx_word' id='word_1_962' title='bbox 2727 6093 2842 6157; x_wconf 81' lang='lat' dir='ltr'><strong>Vin</strong></span> <span class='ocrx_word' id='word_1_963' title='bbox 2846 6105 3235 6185; x_wconf 79' lang='lat' dir='ltr'><strong>gt-quatre.)</strong></span> 
     </span>
    </p>
   </div>
  </div>
