4038 6474
419 665 626 735 psisse,
668 642 1115 726 quemadmodum
1155 640 1258 696 alio
1309 639 1425 692 loco
1460 631 1753 700 Scriptura,
1784 638 1904 679 cum
1933 619 2002 674 ad

1157 734 1162 735 ,
1311 731 1321 735 _

422 713 474 735 ιν
491 713 555 718 *π
575 713 586 715 ~
612 713 626 724 ν
687 713 699 726 ι

422 766 660 809 amorem
709 743 984 814 sapientia:
1027 734 1268 790 homines
1311 731 1636 788 hortaretur,
1664 713 2004 790 quaerendam

422 847 556 902 dixit
580 857 699 898 esse
726 809 863 893 sicut
886 831 1160 904 pecuniam
1192 823 1370 899 (Prov.
1404 837 1460 886 ir,
1491 817 1573 888 4).
1595 809 1862 881 Numquid
1886 820 2008 877 pro-

419 946 606 1011 pterea
648 940 832 987 sancta
866 899 1140 995 Scriptura
1177 915 1402 974 dicenda
1447 920 1530 968 est
1557 907 1800 964 laudasse
1833 899 2006 956 avari-

421 994 550 1087 ;iam
576 1031 597 1082 ?
619 1027 725 1084 Sed
751 1023 874 1096 quia
905 994 1088 1075 notum
1113 1022 1218 1081 est,
1242 1018 1508 1067 amatores
1533 1000 1773 1075 pecunias
1795 994 2010 1067 quantis

420 1125 690 1196 patienter
719 1085 992 1172 laboribus
1005 1107 1383 1174 doloribusque
1407 1098 1718 1158 subdantur,
1743 1107 1772 1144 a
1801 1085 2012 1159 quantis

422 1175 487 1276 se
533 1213 844 1270 contineant
871 1201 1263 1273 voluptatibus,
1303 1196 1415 1250 sive
1459 1187 1744 1259 cupiditate
1786 1175 2012 1250 augendi

423 1308 730 1380 pecuniam,
761 1302 872 1356 sive
908 1300 1096 1352 timore
1127 1286 1397 1346 minuendi
1423 1325 1438 1350 ,
1469 1289 1665 1352 quanta
1685 1278 1892 1330 lucrum
1923 1285 2014 1325 sa-

425 1365 655 1470 gacitate
708 1400 978 1448 sectentur
1006 1428 1020 1451 ,
1071 1391 1124 1438 ct
1171 1378 1460 1450 prudenter
1511 1372 1704 1426 damna
1742 1365 2010 1426 devitcnt,

428 1451 589 1562 quam
615 1488 834 1542 timeant
856 1481 1168 1551 plerumque
1193 1472 1361 1525 aliena
1385 1465 1634 1533 diripere,
1665 1468 1718 1513 et
1734 1451 2018 1525 aliquando

427 1542 528 1642 sua
556 1580 656 1634 sibi
683 1542 1246 1630 ablataconteninant,
1279 1575 1346 1614 ne
1376 1551 1667 1626 repetendo
1691 1558 1744 1604 et
1766 1542 2019 1616 litigando

428 1675 554 1746 plus
595 1668 817 1740 perdant
860 1679 874 1716 :
911 1670 1056 1716 recte
1097 1652 1354 1711 admoniti
1397 1661 1578 1704 sumus
1619 1646 1696 1698 sic
1725 1654 1907 1696 amare
1935 1650 2019 1690 sa-

428 1764 712 1838 pientiam,
733 1768 792 1814 ut
812 1772 931 1810 eain
957 1751 1110 1806 nobis
1132 1743 1492 1802 thezaurizare
1517 1733 1823 1792 avidissime
1845 1728 2023 1798 cupia-

430 1873 556 1917 mus
580 1897 597 1922 ,
623 1862 783 1923 atque
808 1859 864 1904 ut
889 1845 1043 1901 nobis
1071 1841 1238 1912 magis
1264 1838 1536 1906 magisque
1557 1828 1862 1900 acquiratur
1878 1863 1897 1891 ,
1924 1835 2024 1876 nec

433 1954 611 2022 aliqua
645 1963 710 2003 ex
756 1953 908 2016 parte
947 1939 1240 1997 minuatur,
1273 1940 1323 1985 et
1363 1926 1696 2000 perferamus
1726 1915 2022 1978 molestias,

435 2055 494 2105 et
543 2041 790 2100 libidines
829 2036 1195 2094 refrenemus,
1237 2034 1294 2077 et
1335 2017 1726 2091 prospiciamus
1756 2012 1810 2065 in
1858 2015 2027 2077 poste-

436 2153 560 2198 rum
586 2179 602 2204 ,
659 2141 712 2190 et
759 2124 1116 2184 innocentiam
1168 2110 1686 2176 beneﬁcentiamquc
1729 2112 2024 2157 servemus.

439 2227 598 2302 Quod
617 2238 741 2282 cum
757 2220 1004 2282 facimus,
1033 2213 1154 2268 ideo
1182 2222 1332 2264 veras
1358 2203 1582 2258 virtutes
1604 2197 1883 2260 habemus,
1906 2189 2032 2261 quia

440 2287 632 2382 verum
661 2325 744 2374 est
769 2320 986 2386 propter
1013 2303 1153 2377 quod
1179 2301 1399 2356 facimus
1420 2337 1440 2359 ,.
1466 2293 1519 2348 id
1546 2299 1627 2346 est
1649 2330 1665 2357 ,
1699 2287 1799 2342 hoc
1827 2291 2032 2338 natura:

440 2423 644 2475 nostra:
662 2413 1079 2466 consentaneum
1105 2403 1187 2452 est
1215 2391 1282 2447 ad
1311 2390 1536 2445 salutem
1566 2391 1622 2439 et
1651 2393 1832 2436 veram
1861 2373 2028 2431 fclici-

441 2517 633 2570 tatem.

443 2613 447 2652 ῖ
510 2558 752 2658 ’19ξΝοη
778 2591 919 2650 enim
944 2581 1172 2642 absurde
1195 2580 1362 2658 virtus
1386 2569 1607 2629 deﬁnita
1653 2573 1736 2622 est
1756 2563 1824 2617 ab
1845 2561 1922 2616 eis
1945 2558 2036 2629 qui

443 2695 717 2755 dixerunt,
747 2685 958 2740 «Virtus
981 2687 1063 2735 est
1091 2657 1254 2729 animi
1286 2667 1516 2729 habitus,
1547 2669 1750 2717 natura:
1777 2653 1936 2710 modo
1951 2659 2036 2705 at-

446 2802 553 2857 que
589 2779 781 2838 rationi
824 2777 1212 2831 consentaneus
1242 2782 1261 2815 ›
1294 2759 1488 2833 (Cicero
1511 2795 1526 2820 ,
1555 2753 1643 2808 lib.
1672 2751 1708 2805 2
1742 2750 1803 2803 de
1852 2745 2039 2800 Inven-

452 2876 632 2948 tionc).
669 2872 871 2928 Verum
899 2867 1180 2925 dixerunt,
1212 2855 1307 2913 sed
1346 2851 1473 2924 quid
1511 2850 1579 2905 sit
1621 2850 2038 2901 consentaneum

449 2967 743 3029 liberandae
770 2979 832 3018 ac
859 2953 1223 3018 beatiﬁcandae
1249 2959 1453 3004 naturae
1495 2939 1800 2998 mortalium
1833 2933 2042 2988 nescie-

452 3073 600 3122 runt.
630 3060 812 3129 Ncque
838 3055 981 3111 enim
1017 3062 1204 3106 omnes
1232 3041 1476 3098 homines
1511 3033 1740 3092 naturali
1790 3029 2046 3084 instinctu

454 3127 789 3222 immortales
807 3157 860 3205 ct
883 3145 1022 3202 beati
1043 3156 1160 3198 esse
1177 3135 1458 3198 vellemus,
1480 3127 1586 3183 nisi
1606 3139 1724 3181 esse
1741 3134 2042 3194 possemus.

457 3252 565 3312 Sed
617 3250 719 3303 hoc
759 3251 1022 3300 summum
1063 3235 1260 3289 bonum
1298 3221 1542 3298 praestari
1587 3215 1891 3274 hominibus
1939 3227 2048 3266 non

457 3351 671 3419 potest,
702 3336 805 3392 nisi
834 3347 927 3403 per
950 3328 1220 3384 Christum
1248 3328 1302 3375 et
1346 3317 1487 3372 hunc
1526 3309 1835 3367 crucifixum
1854 3346 1871 3372 ,
1899 3303 2052 3373 cujus

460 3405 643 3495 inerte
671 3443 815 3486 mors
841 3425 1105 3483 vincitur,
1133 3415 1283 3485 cujus
1314 3407 1623 3465 vulneribus
1655 3411 1842 3457 natura
1868 3405 2052 3452 nostra

463 3537 703 3590 sanatur.
736 3521 859 3577 Ideo
876 3516 1050 3587 justus
1070 3526 1132 3564 ex
1158 3507 1262 3560 ﬁde
1285 3499 1482 3558 Christi
1511 3497 1658 3551 vivit.
1691 3493 1772 3548 Ex
1796 3491 1894 3544 hac
1911 3487 2055 3542 enim

467 3625 577 3681 fide
600 3585 909 3691 prudenter,
939 3605 1165 3665 fortiter,
1197 3600 1577 3665 temperanter,
1608 3594 1662 3642 et
1685 3585 1848 3656 juste,
1871 3596 1934 3635 ac
1963 3593 2057 3650 per

468 3717 576 3773 hoc
601 3673 687 3766 liis
726 3701 973 3760 omnibus
1008 3693 1153 3750 veris
1180 3685 1464 3744 virtutibus
1495 3687 1639 3734 recte
1681 3673 2058 3744 sapienterque

468 3807 636 3869 vivit,
664 3799 787 3870 quia
827 3790 1054 3847 ﬁdeliter
1079 3784 1224 3839 vivit.
1257 3779 1314 3834 Si
1344 3791 1473 3846 ergo
1515 3771 1582 3826 ad
1622 3763 2058 3836 consequendam

470 3909 655 3954 veram
675 3853 1100 3944 lbeatitudinem,
1141 3886 1299 3946 quam
1333 3867 1486 3923 nobis
1535 3858 1890 3918 immortalem
1930 3853 2060 3926 ﬁdes

475 4002 599 4060 quae
622 3978 900 4039 ianristo
927 3979 1011 4028 est
1032 3981 1158 4024 vera
1180 3960 1459 4036 promittit,
1486 3953 1618 4010 nihil
1643 3957 1864 4022 prosunt
1893 3945 2066 4000 homio

479 4041 537 4138 ni
564 4059 816 4136 virtutes;
856 4065 1003 4122 nullo
1049 4057 1208 4116 modo
1241 4068 1382 4109 vera:
1421 4055 1641 4121 possunt
1674 4058 1794 4099 esse
1823 4041 2062 4094 virtutes.

481 4175 566 4228 An
605 4169 778 4239 placet
806 4159 898 4216 tibi
928 4163 987 4211 ut
1012 4164 1166 4208 veras
1203 4147 1422 4201 virtutes
1468 4149 1752 4195 avarorum
1771 4147 1891 4188 esse
1916 4130 2064 4184 dica-

485 4280 630 4330 mus,
657 4274 777 4315 cum
818 4255 1088 4308 lucrorum
1109 4243 1220 4298 vias
1257 4235 1544 4310 prudenter
1579 4228 1909 4298 excogitant,
1945 4237 2068 4277 cum

482 4370 583 4429 pro
611 4314 929 4420 acquirenda
954 4334 1175 4409 pecunia
1205 4343 1344 4386 saeva
1370 4334 1527 4396 atque
1547 4336 1734 4392 aSpera
1765 4316 1928 4373 multa
1959 4314 2068 4367 for-

483 4411 609 4504 ;iter
649 4411 905 4500 tolerant,
952 4445 1073 4486 cum
1114 4425 1288 4480 varias
1323 4417 1639 4489 cupiditates
1690 4411 1881 4483 quibus
1929 4421 2072 4461 sum-

485 4552 680 4612 ptuose
697 4531 910 4593 vivitur,
939 4526 1298 4592 temperanter
1333 4512 1616 4578 sobrieque
1643 4503 1920 4572 castigant,
1950 4513 2069 4552 cum

489 4596 757 4686 abstinent
782 4621 848 4675 ab
871 4618 1076 4679 alieno,
1105 4608 1248 4666 etde
1271 4621 1367 4660 suo
1397 4615 1538 4671 saepe
1563 4597 1755 4652 amissa
1788 4596 1803 4624 ¹
1833 4601 2073 4647 contem-

493 4727 658 4785 nunt,
689 4712 828 4785 quod
854 4708 1060 4764 videtur
1085 4702 1149 4756 ad
1187 4697 1443 4770 justitiam
1482 4691 1767 4762 pertinere,
1797 4700 1863 4738 ne
1889 4682 2075 4754 jurgiis

493 4823 549 4869 et
566 4807 779 4883 judiciis
799 4804 948 4876 plura
976 4790 1328 4853 consumant?
1358 4788 1488 4842 Cum
1515 4783 1655 4839 enim
1681 4780 1856 4850 agitur
1878 4774 2076 4846 aliquid

495 4867 822 4980 prudenter;
850 4893 1074 4956 fortiter,
1114 4889 1492 4954 temperanter,
1529 4883 1583 4931 et
1622 4873 1796 4944 juste,
1830 4867 2078 4924 omnibus

498 4962 728 5072 quatuor
752 4962 1034 5047 virtutibus
1060 4982 1250 5053 agitur,
1269 4989 1388 5047 quae
1408 4969 1701 5027 secundum
1732 4975 1872 5020 tuam
1898 4962 2080 5031 dispu-

497 5053 755 5150 tjationem
805 5097 949 5138 verm
1000 5077 1223 5130 virtutes
1273 5074 1418 5134 sunt,
1462 5064 1506 5118 si
1553 5061 1618 5116 ad
1656 5053 2080 5129 cognoscendum

500 5196 683 5242 utrum
709 5192 849 5238 verae
887 5173 1020 5236 sint,
1057 5167 1158 5221 hoc
1196 5155 1562 5218 tantummodo
1597 5149 1907 5208 intuendum
1939 5146 2080 5219 quod

502 5278 694 5349 agitur,
723 5283 824 5326 nec
851 5278 1009 5322 causa
1037 5241 1318 5331 quaerenda
1355 5257 1438 5307 est
1475 5264 1570 5303 cur
1593 5254 1779 5316 agatur
1808 5259 1820 5295 :
1854 5240 1993 5296 unde
2015 5253 2082 5294 ne

503 5334 598 5425 tibi
636 5362 820 5419 videar
857 5347 1200 5414 calumniari,
1235 5347 1349 5416 ipsa
1384 5350 1473 5396 tua
1511 5336 1675 5415 verba
1715 5334 1826 5404 jam
1865 5346 2076 5402 ponam.

507 5479 528 5513 ι
553 5459 896 5519 Cunctarum,
921 5466 943 5501 ι
972 5443 1166 5515 inquis,
1199 5456 1220 5492 ς
1243 5437 1393 5506 origo
1418 5433 1671 5488 virtutum
1699 5429 1753 5483 in
1781 5423 2083 5480 rationabili

507 5551 685 5608 animo
730 5547 826 5600 sita
851 5515 966 5607 est,
997 5546 1053 5592 et
1084 5532 1303 5596 aﬁ‘ectus
1330 5539 1518 5582 omnes
1558 5536 1654 5593 per
1679 5530 1812 5590 quos
1851 5525 1942 5572 aut
1979 5515 2087 5570 fru-

503 5650 690 5698 ctuose
737 5643 828 5690 aut
876 5628 1126 5687 steriliter
1168 5621 1293 5677 boni
1343 5630 1559 5680 sumus,
1605 5613 1660 5666 in
1688 5609 1927 5680 subjecto
1965 5615 2088 5680 sunt

509 5732 706 5790 mentis
731 5738 947 5788 nostrae,
966 5716 1270 5793 prudentia,
1292 5710 1518 5783 justitia,
1538 5705 1903 5777 temperantia,
1938 5701 2086 5757 forti-

509 5825 657 5883 tudo.
686 5823 884 5878 Horum
915 5817 1074 5888 igitur
1099 5810 1380 5868 affectuum
1400 5806 1483 5860 vis
1511 5817 1634 5859 cum
1669 5801 1737 5858 sit
1764 5800 1817 5856 in
1840 5796 2088 5854 omnibus

574 5979 593 6010 ί
629 5985 730 6027 Am.
753 5979 829 6023 Er.
855 5976 908 6022 et
928 5967 1111 6028 aliquot
1131 5971 1258 6020 Mss,
1279 5956 1467 6009 antisse.

1231 518 1504 580 CONTRA
1541 505 1878 571 JULIANUM
1914 495 2381 566 PELAGIANUM,
2419 498 2480 556 S.
2521 483 2890 553 AUGUSTINI

3595 481 3702 538 πε

2115 614 2445 679 naturaliter,
2472 630 2492 664 ›
2525 611 2699 680 inquis
2717 648 2730 673 ,
2769 625 2786 657 ι
2818 619 2924 660 non
2965 610 3145 656 tamen
3172 595 3240 653 ad
3268 608 3430 652 unum
3455 593 3615 648 ﬁnem
3644 594 3703 648 in

2112 705 2361 762 omnibus
2387 709 2635 774 properat
2676 716 2689 751 :
2733 696 2828 753 sed
2860 708 2956 765 pro
2980 690 3182 762 judicio
3207 686 3518 750 voluntatis,
3547 685 3703 754 cujus

2112 799 2260 854 nutui
2284 796 2546 858 serviunt,
2578 799 2670 846 aut
2694 789 2760 844 ad
2787 797 3008 852 interna,
3027 791 3119 838 aut
3142 781 3210 836 ad
3232 778 3544 849 temporalia
3572 775 3708 830 diri-

2081 901 2326 963 -gttntur.
2355 887 2507 957 Quod
2547 901 2667 942 cum
2707 884 2796 950 ﬁt,
2825 896 2931 935 non
2965 878 3022 932 in
3045 892 3113 932 eo
3137 874 3280 946 quod
3320 881 3477 939 sunt,
3514 884 3622 926 non
3651 869 3708 923 in

2116 999 2182 1040 eo
2207 980 2347 1052 quod
2368 988 2547 1052 agunt,
2575 976 2671 1033 sed
2698 977 2751 1030 in
2777 989 2843 1028 eo
2869 972 2985 1027 solo
3013 968 3220 1024 variant
3242 965 3386 1037 quod
3407 970 3707 1019 merentur.

2117 1077 2225 1131 Nec
2253 1075 2482 1130 nominis
2510 1073 2591 1127 sui
2618 1071 2797 1142 igitur,
2822 1087 2840 1119 ι
2860 1065 3084 1135 inquis,c
3103 1069 3352 1133 possunt,
3372 1072 3470 1113 nec
3493 1055 3712 1127 generis

2119 1171 2381 1226 sustinere
2414 1165 2781 1236 dispendium,
2827 1158 2924 1215 sed
2966 1157 3132 1212 solius
3168 1152 3309 1225 quod
3335 1149 3712 1220 appetiverunt

2118 1262 2324 1334 praemii
2375 1267 2465 1313 aut
2510 1253 2856 1326 amplitudine
2894 1250 3158 1314 ditantur,
3203 1253 3294 1300 aut
3323 1241 3565 1298 exilitate
3596 1236 3719 1292 fru-

2121 1364 2378 1412 strantur.
2405 1373 2422 1405 ο
2456 1352 2580 1407 llaec
2600 1349 2688 1403 ubi
2713 1345 2986 1408 didiceris,
3019 1339 3201 1396 nescio
3225 1354 3238 1391 :
3260 1338 3371 1407 jam
3389 1345 3567 1390 tamen
3591 1345 3721 1386 cer-

2124 1449 2228 1513 nis,
2268 1455 2325 1498 ut
2362 1443 2611 1504 arbitror,
2642 1449 2979 1509 consequens
3016 1445 3137 1486 esse
3163 1436 3224 1484 ut
3253 1442 3378 1482 vera
3411 1425 3482 1480 sit
3517 1423 3718 1487 virtus,

2123 1553 2406 1594 avarorum
2447 1531 2760 1606 prudentia,
2791 1544 2894 1598 qua
2922 1523 3231 1594 excogitant
3268 1530 3464 1589 genera
3495 1512 3723 1569 lucello-

2124 1648 2246 1688 rum
2272 1632 2311 1696 1;
2345 1637 2400 1684 et
2431 1639 2710 1682 avarorum
2735 1620 2939 1693 justitia
2959 1659 2974 1682 ,
3005 1629 3109 1686 qua
3135 1611 3372 1684 gravium
3399 1607 3726 1663 damnorum

2125 1733 2272 1780 metu
2314 1720 2522 1776 facilius
2567 1732 2661 1772 sua
2705 1723 3085 1779 nonnunquam
3129 1706 3509 1764 contemnunt,
3551 1708 3721 1767 quam

2127 1823 2391 1886 usurpant
2413 1811 2610 1883 aliquid
2643 1809 2907 1871 alienum;
2929 1811 2984 1858 et
3010 1811 3293 1856 avarorum
3329 1789 3685 1862 temperantia
3705 1827 3724 1856 ,

2129 1923 2234 1982 qua
2258 1908 2484 1965 luxuriae
2501 1947 2515 1970 ,
2543 1903 2793 1975 quoniam
2819 1905 3128 1968 sumptuosa
3153 1900 3256 1956 est,
3276 1888 3530 1946 cohibent
3552 1898 3724 1954 appe-

2131 2004 2304 2069 titum,
2335 2000 2554 2068 soloque
2571 1992 2872 2051 necessario
2893 1991 3038 2046 victu
3063 1991 3474 2058 tegumentoque
3487 1974 3730 2034 contenti

2132 2106 2290 2164 sunt;
2323 2105 2380 2152 et
2418 2107 2699 2150 avarorum
2743 2089 3034 2154 fortitudo,
3065 2098 3200 2155 qua,
3230 2089 3289 2136 ut
3328 2079 3404 2133 ait
3443 2074 3727 2138 Horatius,

2259 2218 2349 2260 Per
2365 2219 2500 2258 mare
2518 2203 2803 2270 pauperiem
2823 2200 3034 2264 fugiunt,
3056 2208 3147 2260 per
3170 2205 3303 2255 san,
3325 2203 3416 2254 per
3437 2187 3600 2252 ignes.

2711 2281 2973 2349 (Horatius,
3002 2279 3082 2330 tib.
3110 2279 3156 2339 1,
3181 2273 3319 2340 epist.
3337 2280 3374 2334 ι,
3410 2284 3536 2323 vers.
3560 2266 3668 2330 46.)

2137 2415 2241 2472 qua
2267 2398 2497 2468 denique
2519 2392 2862 2464 cognovimus
2901 2385 3158 2459 quosdam
3201 2380 3496 2451 irruptione
3530 2373 3730 2432 barbad

2139 2466 2247 2550 rica
2274 2535 2288 2558 ,
2320 2491 2388 2546 ad
2415 2466 2477 2545 ea
2505 2484 2775 2558 prodenda
2803 2498 2921 2553 quae
2949 2478 3248 2542 habebant,
3284 2472 3444 2528 nullis
3486 2466 3725 2523 hostium

2142 2584 2428 2642 tormentis
2471 2557 2708 2652 potuisse
2742 2571 3010 2643 compelli.
3053 2570 3194 2640 Ergo
3222 2567 3445 2622 virtutes
3482 2562 3600 2616 ista:
3635 2557 3735 2612 tali

2142 2679 2247 2734 ﬁne
2270 2684 2450 2745 turpes
2474 2651 2644 2742 atque
2672 2667 2974 2730 deformes,
3016 2673 3070 2718 et
3101 2661 3222 2715 ideo
3250 2656 3397 2712 nullo
3421 2651 3584 2709 modo
3611 2664 3740 2721 ger-

2144 2785 2319 2826 manae
2349 2779 2598 2834 veraeque
2624 2761 2866 2824 virtutes,
2889 2755 2983 2811 tibi
3004 2762 3183 2808 tamen
3210 2751 3280 2804 ita
3318 2761 3460 2802 vera:
3487 2741 3742 2799 videntur

2150 2872 2202 2919 et
2229 2860 2485 2932 pulchrae,
2511 2831 2538 2907 i
2563 2863 2622 2909 ut
2650 2867 2748 2908 nec
2778 2848 3007 2904 nominis
3045 2844 3127 2900 sui
3156 2841 3379 2913 possint,
3404 2850 3503 2893 nec
3524 2831 3742 2905 generis

2149 2927 2418 3011 sustinere
2459 2944 2817 3016 dispendium,
2847 2939 2941 2995 sed
2975 2937 3138 2993 solius
3182 2931 3324 3004 quod
3365 2927 3744 3000 appetiverunt

2150 3045 2356 3119 praemii
2374 3041 2609 3098 exilitate
2636 3037 3010 3100 frustrentur,»
3037 3030 3089 3084 id
3115 3037 3215 3093 est,
3236 3036 3568 3080 terrenorum
3593 3033 3745 3074 comd

2152 3138 2436 3195 modorum
2480 3133 2675 3194 fructu,
2726 3142 2833 3182 non
2879 3122 3174 3181 caelestium
3221 3116 3582 3190 praemiorum.
3629 3109 3746 3165 Nec

2155 3230 2296 3287 aliud
2315 3229 2418 3284 erit
2435 3239 2592 3296 quam
2616 3236 2740 3278 vera
2766 3217 2968 3290 justitia
2995 3213 3257 3277 Catilinae,
3281 3201 3748 3278 comprehendere

2156 3324 2358 3381 multos
2383 3317 2644 3383 amicitia,
2687 3312 2821 3368 tueri
2850 3308 3135 3379 obsequio,
3173 3318 3293 3360 cum
3319 3299 3564 3356 omnibus
3591 3310 3750 3352 com-

2158 3416 2433 3473 municare
2459 3408 2599 3480 quod
2634 3403 2862 3460 habebat
2893 3419 2904 3455 :
2947 3409 3002 3456 et
3029 3395 3286 3454 fortitudo
3313 3405 3442 3448 vera
3467 3391 3570 3445 erit
3591 3387 3711 3459 ejus
3728 3426 3748 3454 ,

2161 3506 2304 3579 quod
2330 3505 2513 3573 frigus,
2547 3499 2765 3565 famem,
2798 3495 2938 3550 sitim
2967 3492 3108 3547 ferre
3126 3495 3339 3560 poterat
3367 3503 3379 3538 :
3408 3494 3464 3541 et
3491 3497 3622 3539 vera
3651 3496 3752 3552 pa-

2162 3578 2368 3663 tientia,
2395 3594 2537 3666 quod
2557 3593 2763 3664 patiens
2788 3595 2902 3644 erat
2931 3584 3140 3649 inediae,
3168 3581 3384 3654 algoris,
3407 3578 3623 3649 vigiliae,
3654 3589 3751 3632 su-

2164 3709 2259 3766 pra
2283 3705 2442 3762 quam
2459 3688 2701 3758 cuiquam
2722 3681 2973 3739 credibile
2993 3687 3076 3735 est
3096 3676 3415 3752 (Sallustius,
3433 3675 3496 3727 de
3516 3671 3754 3727 Catilina:

2167 3762 2543 3854 flonjuratione,
2576 3793 2690 3847 cap.
2719 3774 2798 3845 5).
2826 3773 2956 3839 Quis
2983 3771 3098 3824 haec
3136 3768 3324 3838 sapiat,
3354 3765 3456 3820 nisi
3481 3762 3754 3832 desipiat?

2237 3875 2330 3930 20.
2354 3872 2458 3929 Sed
2503 3869 2747 3924 videlicet
2792 3867 2954 3920 homo
2997 3860 3235 3918 eruditus
3278 3871 3463 3913 eorum
3500 3855 3753 3908 vitiorum

2169 3967 2281 4024 veri
2317 3961 2661 4020 similitudine
2711 3957 2946 4023 falleris,
2993 3970 3112 4025 qua:
3147 3952 3368 4007 ﬁnitima
3414 3948 3662 4004 videntur
3700 3953 3758 4000 et

2170 4058 2466 4131 prepinqua
2494 4052 2777 4107 virtutibus
2799 4090 2815 4116 ,
2847 4063 2968 4103 cum
3003 4045 3179 4100 absint
3203 4044 3269 4097 ab
3297 4042 3376 4097 eis
3403 4055 3560 4110 quam
3593 4039 3756 4108 longe

2172 4154 2365 4209 absunt
2403 4165 2432 4203 a
2472 4145 2758 4202 Virtutibus
2795 4142 2942 4196 vitia.
2988 4138 3118 4194 Nam
3157 4137 3294 4193 sicut
3331 4132 3626 4190 constantia
3673 4137 3760 4185 est

2177 4249 2374 4312 virtus,
2405 4243 2492 4299 cui
2513 4238 2778 4297 contraria
2806 4245 2888 4290 est
2913 4231 3267 4288 inconstantia
3300 4247 3312 4283 :
3337 4227 3521 4282 vitium
3556 4231 3643 4279 est
3670 4232 3760 4278 ta-

2175 4354 2300 4395 men
2331 4337 2378 4391 ci
2409 4332 2560 4406 quasi
2591 4329 2870 4385 ﬁnitimum
2896 4323 3186 4395 pertinacia
3206 4361 3221 4387 ,
3247 4335 3368 4391 quae
3405 4315 3759 4373 constantiam

2177 4429 2402 4502 videtur.
2434 4423 2648 4480 imitari.
2676 4421 2794 4488 Quo
2833 4418 3033 4472 utinam
3070 4414 3200 4468 vitio
3229 4397 3441 4477 careas,
3482 4424 3603 4464 cum
3642 4407 3763 4460 haec

2179 4537 2298 4593 qua:
2336 4519 2486 4584 dico,
2515 4531 2641 4571 vera
2671 4528 2790 4568 esse
2819 4507 3161 4580 cognoveris;
3204 4521 3268 4559 ne
3305 4503 3398 4558 tibi
3436 4501 3490 4556 in
3532 4514 3759 4566 errore,

2178 4591 2321 4668 velut
2366 4607 2593 4664 amando
2631 4602 3010 4665 constantiam,
3051 4595 3371 4652 manendttm
3416 4591 3769 4663 pertinaciter

2184 4701 2477 4759 arbitreris.
2506 4698 2583 4753 Ita
2607 4695 2855 4752 omnibus
2882 4690 3167 4747 virtutibus
3192 4703 3298 4743 non
3323 4686 3494 4740 solum
3529 4692 3652 4739 sunt
3679 4682 3765 4736 vi-

2183 4798 2258 4852 tia
2293 4793 2571 4849 manifesta
2601 4787 2922 4843 discretione
2963 4782 3259 4846 contraria,
3292 4780 3431 4835 sicut
3467 4775 3770 4848 prudentia

2190 4887 2466 4945 temeritas
2504 4902 2518 4938 :
2550 4897 2733 4938 verum
2773 4881 2933 4935 etiam
2967 4876 3138 4931 vicina
3169 4871 3397 4943 quodam
3426 4867 3616 4931 modo,
3664 4879 3772 4922 nec

2183 4982 2406 5058 veritate
2436 4982 2479 5045 ⁸,
2511 4977 2604 5033 sed
2633 4974 2858 5046 quadam
2888 4971 3063 5043 specie
3089 4969 3329 5031 fallente,
3360 4963 3582 5028 similia;
3629 4962 3773 5016 sicut

2186 5077 2285 5146 ipsi
2331 5055 2622 5146 prudentiae
2663 5083 2768 5123 non
2813 5066 3083 5122 temeritas
3119 5061 3204 5117 vel
3245 5055 3618 5130 imprudentia,
3671 5051 3774 5109 sed

2188 5168 2381 5224 astutia
2412 5184 2425 5220 :
2453 5160 2594 5235 quod
2625 5171 2800 5216 tamen
2827 5159 3008 5212 vitium
3036 5164 3119 5210 est
3138 5195 3153 5220 ,
3182 5151 3424 5224 quamvis
3444 5149 3498 5203 in
3525 5146 3775 5216 Scriptu-

2189 5263 2263 5318 ris
2307 5258 2503 5314 sanctis
2549 5263 2603 5311 et
2648 5254 2701 5308 in
2731 5252 2871 5306 bono
2899 5248 3187 5318 accipiatur
3223 5242 3364 5315 quod
3401 5241 3600 5296 dictum
3650 5244 3771 5303 est,

2191 5354 2354 5410 Astuti
2377 5360 2433 5405 ut
2458 5356 2707 5420 serpentes
2738 5342 2948 5416 (Matth.
2973 5357 3029 5407 ι,
3059 5336 3243 5411 16);θι
3270 5337 3322 5390 in
3352 5334 3515 5400 malo,
3547 5329 3694 5402 quod
3719 5329 3777 5383 in

2193 5445 2439 5520 paradiso
2481 5450 2586 5496 erat
2621 5454 2823 5510 serpens
2864 5433 3279 5508 prudentissimus
3313 5428 3537 5484 omnium
3591 5423 3782 5479 bestia-

2194 5518 2309 5597 rum
2338 5537 2486 5611 (Gen.
2515 5551 2592 5600 ut,
2623 5533 2698 5606 l).
2730 5532 2839 5587 Nec
2855 5531 3076 5585 istorum
3101 5526 3372 5591 vitiorum,
3400 5535 3522 5592 qua!
3550 5518 3780 5572 ﬁnitima

2195 5631 2480 5690 virtutibus
2520 5627 2787 5690 diximus,
2826 5631 3048 5694 possunt
3089 5617 3324 5701 omnium
3366 5611 3524 5668 facile
3559 5609 3785 5665 nomina

2196 5725 2419 5798 reperiri
2462 5741 2474 5777 :
2505 5735 2687 5776 verum
2743 5717 2841 5773 etsi
2890 5731 2995 5770 non
3030 5711 3294 5768 invenitur
3330 5703 3786 5779 quemadmoanm

2263 5888 2280 5917 ί
2315 5891 2363 5934 In
2385 5889 2512 5941 Mss,
2537 5877 2826 5930 [accitarum

2268 5951 2287 5980 ²
2321 5954 2450 6000 t.ov.,
2475 5956 2566 5992 non
2588 5941 2796 5991 raritate.
