4038 6472
305 456 408 521 749

301 584 689 647 nuncupentur,
711 582 947 640 cavenda
967 593 1113 643 sunt.

366 664 455 721 2l.
495 666 721 727 Noveris
744 674 941 747 itaque,
962 695 1066 735 non
1092 679 1306 754 ofﬁciis,
1331 684 1425 742 sed
1454 686 1650 748 ﬁnibus
1678 708 1705 746 a
1737 693 1879 751 vitiis

294 754 675 819 discernendas
708 781 830 824 esse
855 770 1096 829 virtutes.
1126 773 1373 834 Ofﬁcium
1406 791 1489 837 est
1529 793 1704 840 autem
1734 787 1876 858 quod

290 845 587 907 faciendum
615 864 728 911 est:
760 856 879 915 ﬁnis
898 878 1028 918 vero
1055 877 1271 936 propter
1287 871 1426 940 quod
1455 845 1873 933 faciendum'est.

287 938 416 996 Cum
450 944 627 1017 itaque
658 948 783 1006 facit
813 954 971 1010 homo
992 958 1191 1030 aliquid
1231 938 1316 1017 ubi
1346 980 1568 1035 peccare
1596 985 1699 1024 non
1728 971 1878 1027 vide-

228 1070 235 1073 .
284 1032 388 1101 tur',
412 1034 457 1089 si
486 1053 591 1093 non
624 1054 841 1113 propter
878 1045 979 1103 hoc
1007 1049 1130 1106 facit
1162 1032 1379 1126 pr0pter
1417 1059 1557 1129 quod
1588 1062 1761 1117 facere
1781 1063 1876 1119 de-

282 1124 390 1191 bet,
412 1143 639 1197 peccare
661 1137 1013 1195 convincitur.
1042 1140 1171 1209 Qua:
1199 1124 1379 1201 tuinon
1408 1153 1707 1218 attendens,
1738 1152 1872 1211 ﬁnes

278 1216 347 1271 ab
372 1216 565 1277 ofﬁciis
590 1229 871 1296 separasti,
899 1240 952 1287 et
973 1233 1199 1291 virtutes
1223 1253 1378 1294 veras
1406 1239 1579 1296 ofﬁcia
1613 1244 1726 1299 sine
1752 1245 1870 1300 ﬁni-

276 1308 376 1366 bus
400 1315 747 1385 appellandas
776 1337 895 1379 esse
930 1324 1130 1382 dixisti.
1174 1330 1250 1385 Ex
1278 1346 1384 1403 quo
1428 1342 1480 1388 te
1509 1343 1651 1390 tanta
1680 1337 1868 1393 absur-

274 1399 413 1459 ditas
437 1405 714 1477 sequitur,
739 1419 795 1466 ut
825 1430 1002 1470 veram
1037 1418 1242 1490 cogaris
1266 1399 1538 1494 appellare
1570 1425 1862 1499 justitiam,

272 1493 433 1549 etiam
466 1498 621 1568 cujus
643 1499 914 1560 dominam
941 1510 1145 1579 reperis
1175 1513 1193 1544 ί
1219 1493 1518 1571 avaritiam.
1566 1519 1623 1574 Si
1645 1520 1860 1591 quidem

270 1600 462 1642 manus
490 1588 762 1650 abstinere
791 1596 860 1653 ab
885 1599 1079 1664 alieno,
1099 1602 1142 1657 si
1172 1604 1403 1661 ofﬁcium
1434 1588 1862 1682 cogitestotest

266 1680 441 1737 videri
474 1700 595 1742 esse
632 1687 853 1758 justitiae
887 1710 902 1746 :
933 1693 1027 1749 sed
1069 1710 1189 1751 cum
1220 1701 1496 1770 quaeritur,
1543 1720 1708 1773 quare
1745 1705 1856 1775 ﬁat,

265 1782 318 1827 et
357 1775 735 1849 respondetur,
763 1781 839 1838 Ne
867 1783 985 1854 plus
1009 1789 1244 1857 pecunite
1263 1790 1442 1848 litibus
1480 1807 1696 1865 pereat;
1718 1814 1858 1869 quo-

262 1866 549 1938 modojam
578 1870 679 1926 hoc
702 1870 898 1928 factum
932 1892 1071 1933 vera:
1103 1882 1298 1949 poterit
1320 1898 1441 1939 esse
1463 1884 1703 1956 justitize,
1732 1866 1855 1947 cum

262 1958 462 2013 serviat
476 1962 751 2018 avaritiae?
772 1962 970 2032 Quales
998 1968 1221 2027 virtutes
1242 1971 1504 2043 Epicurus
1535 1977 1743 2034 induxit
1768 1995 1857 2035 vo-

260 2048 478 2120 luptatis
504 2056 742 2123 ancillas,
761 2074 881 2129 qure
907 2063 1124 2119 omnino
1153 2065 1408 2137 quidquid
1430 2067 1687 2139 facerent,
1722 2089 1851 2143 pro-

258 2155 375 2215 pter
403 2146 547 2203 illam
584 2149 669 2205 vel
709 2152 1106 2235 adipiscendam
1152 2155 1391 2216 facerent
1432 2164 1511 2219 vel
1538 2166 1845 2223 tenendam.

256 2238 409 2294 Absit
433 2248 614 2297 autem
654 2253 711 2299 ut
738 2245 958 2303 virtutes
995 2265 1136 2306 verae
1165 2252 1413 2323 cuiquam
1443 2257 1713 2327 serviant,
1743 2260 1846 2316 nisi

254 2328 328 2385 illi
354 2331 440 2385 vel
466 2344 683 2404 propter
712 2335 860 2391 illum
889 2340 972 2393 cui
998 2339 1244 2408 dicimus,
1276 2342 1413 2401 Deus
1433 2347 1695 2417 virtutum,
1720 2367 1845 2406 con-

254 2433 385 2479 verte
404 2442 498 2481 nos
525 2425 696 2497 (Psal.
732 2446 923 2498 Lxxtx,
960 2432 1037 2505 8),
1064 2434 1298 2494 Proinde
1332 2439 1555 2496 virtutes
1584 2458 1702 2515 quae
1726 2459 1846 2500 car-

252 2516 463 2573 nalibus
502 2517 945 2579 delectationibus
967 2567 983 2592 ,
1018 2526 1103 2582 vel
1125 2529 1425 2601 quibusque
1453 2534 1754 2591 commodis
1788 2547 1842 2593 et

250 2608 627 2666 emolumentis
674 2615 1057 2686 temporalibus
1096 2620 1375 2688 serviunt,
1430 2640 1572 2680 verte
1619 2641 1839 2697 prorsus
1929 2632 1939 2642 ‘

247 2712 365 2755 esse
390 2716 497 2757 non
532 2716 773 2773 possunt.
799 2706 928 2776 Qua:
953 2717 1127 2765 autem
1147 2713 1277 2768 nulli
1303 2715 1378 2770 rei
1404 2718 1611 2774 servire
1630 2721 1834 2791 volunt,

245 2806 344 2848 nec
364 2794 493 2863 ipsae
513 2810 655 2851 verre
680 2809 823 2854 sunt.
843 2799 997 2857 Verre
1019 2804 1214 2874 quippe
1236 2806 1456 2863 virtutes
1473 2808 1582 2865 Deo
1597 2812 1839 2869 serviunt

246 2883 296 2938 in
312 2881 640 2955 hominibus,
655 2904 681 2943 a
698 2905 805 2960 quo
824 2891 1089 2949 donantur
1102 2894 1403 2954 hominibus
1424 2917 1439 2954 :
1468 2900 1578 2958 Deo
1596 2903 1837 2960 serviunt

243 2973 294 3031 in
328 2978 568 3048 Angelis,
607 2995 635 3034 a
668 2997 771 3052 quo
797 2981 1061 3040 donantur
1086 2995 1139 3042 et
1169 2987 1403 3059 Angelis.
1450 2989 1718 3064 Quidquid
1738 3011 1835 3051 au-

242 3072 347 3123 tem
368 3062 493 3124 boni
520 3068 577 3125 ﬁt
596 3072 664 3127 ab
682 3073 916 3142 homine,
937 3084 993 3133 et
1016 3092 1119 3132 non
1145 3091 1360 3151 propter
1380 3081 1482 3138 hoc
1512 3083 1589 3150 ﬁt,
1607 3062 1832 3156 propter

240 3160 378 3231 quod
414 3160 525 3219 ﬁeri
565 3162 760 3222 debere
790 3184 915 3225 vera
939 3170 1199 3242 sapientia
1228 3174 1502 3246 prrecipit,
1525 3178 1626 3236 etsi
1651 3179 1828 3238 ofﬁcio

237 3253 483 3333 videatur
509 3256 730 3326 bonum,
768 3260 886 3330 ipso
915 3277 1024 3318 non
1046 3273 1196 3321 recto
1220 3265 1324 3323 ﬁne
1354 3277 1629 3340 peccatum
1649 3280 1751 3327 est.

302 3330 393 3400 22.
440 3346 670 3406 Possunt
710 3367 838 3423 ergo
867 3352 1042 3443 aliqua
1077 3354 1216 3412 bona
1256 3330 1409 3428 ﬁeri,
1434 3376 1538 3417 non
1572 3362 1825 3443 benefa-

235 3437 498 3495 cientibus
540 3456 572 3495 a
610 3442 803 3513 quibus
827 3443 976 3500 ﬁunt.
1015 3442 1221 3504 Bonum
1254 3459 1337 3506 est
1364 3452 1506 3508 enim
1540 3461 1599 3508 ut
1623 3440 1822 3512 subve-

234 3528 413 3584 niatur
441 3531 643 3588 homini
674 3536 1029 3606 periclitanti,
1059 3543 1354 3611 prmsertim
1384 3543 1656 3602 innocenti
1682 3564 1696 3602 :
1724 3548 1822 3604 sed

232 3617 322 3675 ille
342 3622 433 3692 qui
457 3622 562 3680 hoc
586 3623 730 3692 facit,
753 3627 797 3682 si
827 3629 1055 3685 amando
1084 3632 1308 3703 gloriam
1349 3634 1623 3692 hominum
1650 3640 1819 3711 magis

231 3724 389 3781 quam
419 3713 515 3769 Dei
543 3714 686 3786 facit,
718 3735 823 3774 non
860 3720 999 3778 bene
1028 3721 1223 3778 bonum
1251 3723 1416 3794 facit;
1441 3728 1563 3799 quia
1588 3746 1696 3785 non
1723 3730 1818 3787 bo-

230 3817 329 3860 nus
350 3804 494 3873 facit,
528 3808 667 3879 quod
707 3826 811 3867 non
844 3812 979 3870 bona
1005 3815 1277 3874 voluntate
1315 3817 1458 3875 facit.
1490 3822 1644 3879 Absit
1668 3824 1813 3881 enim

231 3902 287 3950 ut
314 3896 383 3950 sit
414 3897 501 3953 vel
541 3898 748 3957 dicatur
771 3904 1013 3961 voluntas
1053 3907 1191 3963 bona
1216 3952 1232 3978 ,
1262 3926 1379 3982 quae
1406 3913 1457 3967 in
1482 3914 1620 3984 aliis,
1646 3916 1731 3974 vel
1760 3917 1813 3974 in

229 3998 287 4042 se
324 3987 474 4058 ipsa,
504 4006 610 4045 non
641 3991 695 4047 in
731 3993 956 4051 Domino
982 3999 1241 4069 gloriatur
1259 4003 1301 4056 ’.
1335 4006 1413 4060 Ac
1437 4020 1535 4077 per
1574 4006 1677 4063 hoc
1710 4025 1812 4065 nec

229 4078 344 4148 ejus
363 4079 569 4138 fructus
608 4084 709 4142 iste
738 4086 996 4145 dicendus
1024 4100 1144 4159 est;
1172 4094 1331 4150 arbor
1375 4099 1518 4154 enim
1553 4101 1690 4155 mala
1715 4102 1812 4157 bd-

227 4184 321 4225 nos
347 4170 554 4229 fructus
582 4192 688 4232 non
736 4177 860 4235 facit
889 4199 901 4235 :
934 4183 1028 4239 sed
1054 4186 1229 4254 potius
1254 4188 1451 4244 bonum
1477 4207 1611 4261 opus
1633 4203 1715 4249 est
1742 4196 1808 4249 il-

228 4262 350 4331 lius,
376 4266 468 4337 qui
492 4267 651 4325 etiam
681 4287 776 4343 per
802 4273 971 4331 malos
999 4275 1134 4333 bene
1162 4276 1307 4335 facit.
1344 4281 1679 4355 Quapropter
1702 4286 1806 4343 dici

225 4370 326 4412 non
350 4368 532 4429 potest
561 4375 814 4433 quantum
846 4376 895 4422 te
922 4368 1019 4424 ista
1051 4368 1199 4426 fallat
1225 4374 1425 4443 opinio,
1448 4392 1548 4447 qua
1588 4378 1803 4449 dixisti,

231 4465 251 4500 ι
280 4465 468 4507 omnes
495 4452 716 4511 virtutes
738 4456 957 4514 aﬁ‘ectus
983 4476 1122 4527 esse,
1146 4478 1242 4533 per
1265 4482 1398 4536 quos
1424 4478 1513 4523 aut
1539 4469 1805 4531 fructuose

222 4549 309 4594 aut
333 4542 592 4599 steriliter
619 4544 743 4601 boni
768 4563 972 4606 sumus.
1003 4571 1023 4605 ι
1049 4552 1193 4609 Fieri
1230 4558 1371 4613 enim
1408 4576 1517 4616 non
1546 4572 1722 4634 potest
1749 4575 1805 4622 ut

222 4634 473 4690 steriliter
498 4635 623 4691 boni
670 4639 835 4696 simus
866 4660 880 4696 :
921 4644 1013 4699 scd
1044 4645 1168 4701 boni
1199 4664 1305 4704 non
1336 4666 1519 4709 sumus
1548 4656 1802 4728 quidquid

220 4728 472 4783 steriliter
495 4744 699 4787 sumus.
723 4733 897 4790 Arbor
919 4737 1059 4793 enim
1088 4740 1222 4794 bona
1254 4742 1423 4800 bonos
1453 4746 1654 4805 fructus
1681 4750 1803 4806 facit

222 4816 430 4887 (Matth.
455 4838 546 4889 vu,
575 4825 661 4891 l7,
689 4824 799 4900 18).
828 4828 981 4886 Absit
1003 4840 1178 4888 autem
1196 4842 1253 4889 ut
1282 4837 1419 4894 Deus
1440 4840 1628 4907 bonus,
1647 4858 1675 4897 a
1694 4860 1802 4915 quo

219 4915 419 4970 securis
467 4926 685 4987 paratur
732 4914 1011 4978 arboribus
1051 4940 1156 4980 non
1204 4926 1518 4986 facientibus
1568 4933 1799 4992 fructum

218 5001 411 5061 bonum
434 5049 448 5074 ,
484 5009 709 5075 excidat,
739 5022 793 5067 et
828 5012 881 5067 in
930 5014 1101 5086 ignem
1143 5017 1315 5074 mittat
1362 5022 1581 5080 arbores
1629 5027 1798 5086 bonas

223 5094 324 5167 (Id.
354 5115 431 5164 in,
465 5098 578 5176 l0).
623 5102 778 5160 Nullo
805 5107 964 5162 modo
992 5109 1151 5181 igitur
1178 5111 1425 5171 homines
1448 5128 1574 5173 sunt
1597 5122 1797 5177 sterili-

218 5194 295 5242 ter
337 5190 461 5246 boui
490 5210 505 5247 :
534 5194 628 5248 sed
662 5197 751 5267 qui
788 5196 912 5255 boni
943 5216 1049 5258 non
1091 5214 1247 5274 sunt,
1278 5219 1501 5278 possunt
1545 5227 1665 5270 esse
1703 5216 1795 5273 alii

215 5279 387 5338 minus
406 5323 422 5350 ,
454 5284 544 5339 alii
571 5288 738 5358 magis
764 5290 908 5345 mali.

280 5372 367 5430 25.
410 5373 563 5432 Unde
597 5388 651 5435 et
688 5380 764 5435 illi
797 5398 930 5453 quos
973 5399 1394 5449 commemorare
1431 5394 1686 5468 voluisti,
1721 5399 1793 5458 de

213 5462 402 5531 quibus
423 5464 822 5543 aitApostolus,
868 5471 1048 5532 Gentes
1084 5476 1244 5552 legem
1275 5499 1377 5539 non
1416 5462 1792 5564 Itabmtes't'pst'

270 5600 291 5667 ί
324 5599 458 5667 m2
480 5604 735 5667 revereri!-

272 5635 792 5756 :mﬁgiééﬁiﬁm
816 5675 1023 5756 excusis.
1049 5676 1651 5756 additum_fuit,_1vee_esse_
1684 5692 1788 5756 fru-

206 5723 511 5806 fﬂm‘ejlus‘g
526 5740 619 5806 quo
1052 5723 1786 5806 simz‘ceEWleﬁzTo‘iM

202 5846 325 5935 ΕΡ
656 5846 866 5935 [Mei
995 5846 1782 5935 Ϊὲδξὲῗῗωόἶηέἒτᾜί

200 5914 327 6007 31'
340 5913 1781 6007 Ηφᾚνὲέιηηέιφιέηοὶεέιῖδρε,ψξιδάδξῖηςῇὥιῖᾶις

187 5975 314 6045 ⁸«κη
340 5975 617 6039 nam;
634 5975 817 6034 mm
843 5975 1039 6038 omdino
1065 5987 1171 6040 haec

1623 482 1826 546 uasa
1846 466 2207 561 QUARTUS.

3479 541 3587 599 750

1997 608 2091 709 sibi
2118 623 2233 665 sunt
2260 614 2361 711 (ex,
2391 618 2477 711 qui
2502 620 2684 679 habent
2703 642 2829 699 opus
2858 629 2982 705 legis
3002 637 3248 711 scriptum
3272 643 3325 700 in
3350 653 3586 709 cordibus

1994 699 2136 791 suis;
2165 704 2289 773 quid
2334 714 2386 762 te
2415 710 2667 781 adjuvent
2702 722 2921 778 Omnino
2960 742 3067 784 non
3102 699 3274 789 video.
3334 737 3437 795 Per
3484 744 3581 800 hos

2488 780 2491 781 ν
2964 780 2991 781 η
3034 780 3067 784 _-
3114 780 3274 789 ac--.
3334 780 3425 795 ..η
3484 780 3581 800 ..νο

1995 780 2137 847 enim
2177 798 2403 866 probare
2440 817 2659 863 conatus
2689 826 2746 865 es
2770 854 2784 878 ,
2816 816 2973 871 etiam
3014 820 3216 880 alienos
3240 841 3270 881 a
3299 828 3401 886 ﬁde
3427 832 3584 891 Chri-

1993 884 2082 950 sti,
2113 902 2291 944 veram
2325 909 2481 962 posse
2510 897 2707 957 habere
2727 905 2989 973 justitiam
3011 954 3025 979 ,
3056 930 3121 969 eo
3141 919 3279 988 quod
3307 922 3413 990 isti,
3445 934 3581 986 teste

1991 978 2246 1048 Apostolo
2266 1026 2281 1052 ,
2306 992 2604 1058 naturaliter
2632 1013 2744 1066 qum
2778 999 2902 1073 legis
2939 1016 3057 1060 sunt
3081 978 3294 1079 faciunt.
3325 978 3427 1072 Ubi
3456 1021 3577 1089 qui-

1988 1069 2110 1151 dem
2148 1074 2338 1147 dogma
2383 1092 2616 1140 vestrum
2639 1130 2653 1154 ,
2681 1105 2786 1158 quo
2823 1069 2951 1149 estis
2996 1069 3191 1156 inimici
3226 1108 3412 1174 gratias
3458 1069 3573 1181 Dei,

1987 1177 2105 1232 qua:
2130 1165 2286 1222 datur
2328 1186 2424 1241 per
2455 1174 2635 1233 Jesum
2676 1178 2944 1240 Christum
2985 1165 3263 1250 Dominum
3292 1165 3571 1273 nostrum:

1985 1252 2073 1323 qui
2105 1257 2238 1312 tollit
2268 1274 2542 1330 peccatum
2585 1274 2765 1327 mundi
2796 1274 2974 1349 (Joan.
3004 1298 3051 1348 ι,
3083 1285 3183 1352 17,
3213 1252 3571 1360 29),Vevide-n:

1972 1722 2029 1770 et
2068 1718 2324 1778 steriliter
2365 1725 2490 1782 boni
2532 1745 2689 1801 sunt,
2718 1738 2837 1807 quia
2871 1757 2977 1797 non
3004 1758 3221 1818 propter
3260 1752 3462 1810 Deum?
3489 1718 3559 1815 at;

1971 1806 2131 1863 etiam
2162 1811 2272 1867 Deo
2302 1831 2366 1870 ex
2395 1817 2476 1873 his
2507 1806 2743 1892 placent,
2776 1840 2934 1900 atque
2960 1834 3026 1890 ab
3051 1806 3143 1894 illo
3173 1842 3276 1897 vita
3305 1860 3558 1907 remune-

1968 1908 2156 1957 rantur
2201 1910 2440 1964 aeterna?
2490 1912 2546 1968 Si
2600 1920 2810 1976 steriles
2861 1924 3094 1996 dixeris;
3135 1933 3261 2002 quid
3309 1952 3439 2010 ergo
3475 1941 3556 2000 eis

1965 1993 2220 2064 prodest,
2264 2002 2407 2069 quod
2448 2006 2739 2064 secundum
2778 1993 3089 2083 Apostolum
3134 1993 3420 2085 defenderit

1964 2086 2313 2155 cogitationes
2340 2108 2470 2164 sum,
2494 2099 2547 2152 in
2574 2100 2655 2155 die
2676 2118 2777 2173 qua
2790 2106 3042 2177 judicabit
3066 2111 3206 2171 Deus
3234 2121 3431 2176 occulta

1962 2175 2155 2230 minum
2182 2178 2358 2249 (Rom.
2391 2201 2429 2239 lt
2452 2229 2465 2252 ,
2512 2189 2729 2262 M-lﬁ)?
2755 2175 2807 2250 Si
2854 2208 3029 2255 autem
3062 2205 3150 2273 qui
3194 2175 3552 2272 defendent‘ur

1960 2270 2375 2339 cogitationibus
2405 2282 2517 2335 suis
2540 2324 2555 2350 ,
2589 2294 2655 2339 eo
2684 2289 2826 2357 quod
2863 2270 3176 2353 naturaliter
3214 2317 3375 2371 opera
3406 2306 3550 2364 fece-

1956 2359 2066 2415 rint
2113 2362 2274 2435 legis,
2305 2384 2410 2425 non
2455 2383 2575 2428 sunt
2613 2380 2868 2437 steriliter
2905 2384 3030 2441 boni
3054 2431 3069 2455 ,
3096 2399 3149 2445 et
3173 2359 3370 2454 oblhoc
3397 2398 3547 2457 iuve-

1956 2451 2110 2507 niunt
2138 2465 2389 2515 :eternam
2432 2467 2732 2524 mercedem
2772 2474 2909 2542 apud
2937 2477 3138 2547 Deum;
3168 2488 3353 2553 procul
3379 2490 3542 2551 dubio

1951 2554 2234 2617 propterea
2254 2550 2383 2619 justi
2409 2566 2551 2624 sunt,
2581 2562 2702 2630 quia
2731 2579 2794 2619 ex
2825 2566 2928 2623 ﬁde
2949 2571 3152 2629 vivunt.

2021 2637 2116 2749 ξι.
2145 2639 2276 2697 Nam
2307 2646 2666 2707 testimonium
2702 2656 2830 2712 illud
2869 2663 3009 2730 quod
3048 2681 3113 2720 ex
3140 2668 3399 2740 Apostolo
3436 2693 3536 2749 po-

1948 2728 2051 2796 sui,
2082 2730 2245 2789 Omne
2262 2738 2401 2807 quod
2418 2756 2520 2796 non
2546 2752 2619 2799 est
2641 2762 2705 2801 ea:
2725 2749 2846 2818 ﬁde,
2870 2728 3127 2823 peceatum
3147 2728 3218 2817 est
3238 2781 3258 2819 :
3279 2767 3417 2825 sicut
3436 2728 3533 2830 tribi

1946 2818 2118 2875 visum
2149 2835 2231 2879 est
2258 2832 2508 2901 accepisti
2534 2877 2551 2902 ,
2578 2846 2632 2891 et
2657 2818 2978 2914 exposuisti,
3011 2866 3115 2906 non
3150 2862 3205 2909 ut
3231 2860 3406 2929 sapit,
3435 2865 3531 2920 sed

1945 2921 2003 2966 ut
2021 2915 2181 3013 sapis.
2212 2918 2288 2974 De
2312 2922 2446 2979 cibis
2469 2928 2612 2983 enim
2643 2932 2928 3001 Apostolus
2956 2915 3309 3013 loquebatur.-
3329 2915 3527 3011 γεένῖιίτῖ

1941 3016 2063 3058 cum
2092 3006 2347 3078 dixisset,
2380 3014 2480 3079 Qui
2515 3027 2684 3075 autem
2725 3023 3001 3099 discernit,
3026 3006 3076 3087 si
3113 3039 3524 3116 manducauerit,

1947 3094 2149 3116 λψω,
2296 3112 2305 3116 ,
2432 3110 2444 3116 -

1941 3094 2211 3205 damnatus
2234 3112 2326 3171 est,
2353 3110 2479 3177 quia
2502 3125 2609 3166 non
2634 3130 2699 3169 ex
2720 3118 2857 3186 ﬁde;
2886 3094 3024 3180 hanc
3061 3134 3261 3198 peccati
3289 3094 3524 3205 speciei);

1937 3185 2009 3242 de
2048 3203 2160 3302 qgua‘
2193 3196 2417 3264 agebat,
2466 3185 2919 3271 generalivoluit
2969 3185 3197 3286 probare
3236 3185 3524 3302 seritentia,

1936 3292 2062 3335 mox
2082 3279 2337 3353 inferens,
2369 3287 2533 3347 Omne
2558 3296 2693 3352 enim
2721 3302 2859 3371 quod
2885 3321 2985 3361 non
3011 3320 3084 3364 est
3106 3328 3170 3366 ex
3189 3317 3325 3385 fide,
3348 3279 3523 3388 peccat

1935 3377 2136 3472 tum-est
2167 3374 2279 3472 (Id.
2308 3394 2424 3450 XIV,
2456 3382 2571 3457 εδ).
2602 3385 2708 3445 Sed
2729 3399 2788 3447 ut
2814 3393 2915 3451 hoc
2943 3399 3035 3455 tibi
3061 3402 3133 3459 de
3151 3374 3286 3463 cibis
3311 3374 3517 3472 sua.

1933 3460 2333 3566 intelligendum
2378 3487 2501 3531 esse
2538 3482 2870 3542 concedam:
2904 3491 3029 3559 quid
3051 3494 3119 3551 de
3142 3460 3521 3566 alio—dictum;

1930 3566 1992 3608 es
2021 3558 2360 3632 testimonio,
2385 3570 2527 3637 quod
2574 3572 2862 3635 identidem
2901 3558 3089 3652 posui;
3131 3606 3230 3647 nec
3260 3558 3521 3661 inde—ali:

1929 3647 2057 3716 quid
2084 3650 2387 3752 disputasti,
2418 3662 2540 3731 quia
2573 3680 2680 3723 non
2708 3647 2958 3731 invenisti
2988 3647 3517 3752 quomodolinﬂtua'm

1925 3753 2116 3810 posses
2135 3744 2453 3820 detorquere
2483 3762 2826 3831 sententiam,
2854 3744 3082 3838 quod-ad
3107 3744 3516 3843 Hebraeos

1925 3841 2074 3947 pste]
2122 3848 2235 3904 est,
2281 3842 2411 3901 Sine
2461 3849 2564 3916 ﬁde
2603 3855 2736 3911 enim
2783 3859 3094 3932 impossibile
3137 3882 3214 3927 est
3271 3841 3497 3947 ριαοενέξ

1924 3923 2121 4030 SHeb-r.
2140 3947 2223 3999 χι,
2252 3934 2309 4030 li)
2326 3936 2349 3991 τ
2366 3937 2569 4012 Nempe
2603 3956 2661 4001 ut
2685 3947 2785 4006 hoc
2825 3923 3093 4017 diceretur
3110 4004 3124 4027 ,
3140 3923 3223 4020 1i.
3263 3923 3505 4030 ῧιῖἷίῖτι

1922 4016 2154 4079 hominis
2189 4028 2444 4097 agebatur
2462 4075 2477 4099 ,
2503 4037 2556 4090 in
2582 4054 2686 4108 qua
2712 4042 2892 4113 justus
2914 4063 2981 4105 ex
3019 4016 3125 4111 ﬁde
3150 4057 3277 4114 vivit
3302 4078 3317 4116 :
3345 4072 3398 4119 et
3425 4016 3510 4120 ta:

1919 4128 2044 4217 men
2072 4133 2192 4173 cum
2214 4122 2368 4222 Isine‘
2394 4125 2501 4184 ﬁde
2526 4130 2854 4202 impossibile
2896 4143 2965 4197 sit
3003 4146 3218 4214 placere
3248 4154 3383 4222 Deo,
3415 4159 3510 4216 tibi

1917 4206 2141 4264 virtutes
2182 4212 2299 4268 sine
2338 4214 2440 4271 ﬁde
2466 4220 2545 4275 sic
2568 4222 2796 4291 placent,
2828 4238 2885 4284 ut
2927 4206 3021 4288 eas
3043 4251 3199 4295 veras
3223 4206 3505 4316 praedices,

1916 4298 2101 4369 eisque
2121 4301 2289 4358 bonos
2314 4322 2433 4364 esse
2458 4310 2735 4383 homines;
2766 4329 2822 4374 et
2846 4336 3052 4392 rursus,
3073 4298 3238 4398 quasi.
3256 4341 3309 4390 te
3336 4298 3508 4406 peni:

1915 4394 2079 4448 tuerit
2121 4394 2294 4452 laudis
2338 4400 2586 4472 illarum,
2615 4409 2827 4468 steriles
2873 4394 3220 4484 pronuntiare
3251 4394 3357 4482 non
3402 4394 3507 4486 du.

1913 4481 2071 4542 bites.

1985 4577 2077 4634 25.
2117 4578 2205 4636 lsti
2232 4596 2362 4653 ergo
2382 4587 2470 4655 qui
2508 4592 2732 4648 naturali
2772 4592 2891 4667 lege
2930 4609 3056 4659 snnt
3084 4602 3492 4683 justi,autpla-

1912 4678 2035 4724 cent
2060 4671 2190 4739 Deo,
2223 4682 2278 4729 et
2301 4692 2366 4731 ex
2404 4676 2510 4736 ﬁde
2547 4682 2792 4753 placent;
2820 4690 2939 4759 quia
2972 4671 3097 4749 sine
3120 4695 3226 4755 ﬁde
3251 4671 3497 4774 impossi-

1911 4759 2017 4817 bile
2042 4771 2126 4819 est
2159 4765 2407 4835 placere:
2439 4781 2491 4827 et
2524 4789 2591 4828 ex
2618 4791 2721 4846 qua
2766 4778 2869 4837 ﬁde
2909 4783 3140 4857 placent,
3171 4793 3274 4848 nisi
3298 4759 3361 4852 ei:
3392 4759 3497 4857 ﬁde

1911 4849 2148 4908 Christi?
2190 4862 2438 4926 quoniam
2481 4863 2617 4931 sicut
2653 4866 2845 4938 legitur
2877 4849 2931 4927 iu
2962 4849 3185 4937 Actibus
3215 4849 3494 4956 Apostolo:

1909 4958 2047 5013 rum,
2089 4945 2156 5001 In
2195 4949 2283 5003 illo
2323 4951 2459 5009 Deus
2492 4956 2717 5025 deﬁnivit
2746 4962 2898 5029 ﬁdem
2940 4971 3203 5043 omnibus,
3243 4945 3493 5039 suscitatis

1905 5050 2019 5089 eum
2048 5053 2081 5089 a
2116 5042 2325 5095 mortuis
2364 5042 2496 5112 (Act.
2530 5064 2665 5115 xvu,
2698 5052 2812 5124 5|).
2845 5055 3076 5131 Ideoque
3099 5042 3347 5125 dicuntur
3373 5074 3489 5132 sine

1905 5127 2021 5201 lege
2044 5134 2351 5190 naturaliter
2374 5154 2491 5208 quae
2532 5141 2662 5212 legis
2685 5156 2811 5203 sunt
2837 5127 3034 5224 facere,
3066 5160 3187 5229 quia
3214 5178 3278 5218 ex
3307 5127 3482 5223 Genti:

1903 5219 2004 5277 bus
2031 5237 2291 5282 venerunt
2316 5230 2381 5285 ad
2409 5231 2776 5307 Evangelium,
2805 5258 2910 5299 non
2942 5262 3008 5303 ex
3053 5252 3481 5329 circumcisione,

1836 5384 1840 5388 Δ
1901 5316 1984 5369 cui
2029 5316 2115 5372 lex
2158 5319 2277 5376 data
2320 5332 2510 5389 est;et
2546 5340 2827 5401 propterea
2881 5344 3222 5411 naturaliter,
3251 5350 3371 5419 quia
3424 5316 3481 5409 ui

1899 5408 2217 5476 crederent,
2250 5414 2363 5483 ipsa
2398 5416 2451 5471 in
2491 5419 2570 5476 eis
2606 5433 2693 5479 est
2721 5442 2816 5496 per
2843 5429 2937 5488 Dei
2971 5408 3218 5504 gratiamv
3242 5408 3477 5504 correcta

1898 5509 2106 5556 natura.
2146 5502 2257 5561 Nec
2291 5523 2386 5577 per
2419 5525 2512 5571 eos
2549 5523 2705 5584 potes
2732 5521 2957 5588 probare
2980 5502 3131 5595 quod
3167 5531 3243 5586 vis
3266 5574 3283 5599 ,
3314 5502 3474 5593 etiam

1895 5594 2138 5655 inﬁdeles
2182 5615 2337 5658 veras
2385 5620 2544 5675 posse
2579 5609 2779 5669 habere
2822 5616 3085 5673 virtutes:
3116 5636 3238 5680 sunt
3269 5594 3471 5699 quippe

1893 5686 1979 5743 isti
2005 5689 2209 5777 ﬁdeles.
2239 5697 2343 5751 Aut
2367 5699 2411 5753 si
2446 5699 2603 5758 ﬁdem
2635 5721 2740 5760 non
2768 5706 2967 5764 habent
2991 5710 3207 5781 Christi,
3238 5686 3466 5787 profecit

1953 5824 1971 5857 ⁸
1995 5824 2123 5907 flgiti
2134 5827 2230 5907 hic,
2254 5837 2366 5907 Apso
2384 5833 2591 5907 placere.
2616 5836 2735 5907 alibi
2760 5845 2921 5892 tamen
2946 5851 3045 5895 Am.
3071 5854 3124 5900 et
3155 5856 3228 5901 Er.
3265 5866 3479 5907 conserv

1888 5886 2078 5977 22mg:
2101 5886 3124 5977 θξὲίαὶξίδηειειρρὲτὲιᾞείὼέῑεῖἐῖιιιίᾶιίηῖῐ
3155 5886 3470 5977 monti:-

1885 5946 2185 6062 ἓνὲἐιᾶιὺῑὲὶὲὕ
2218 5946 2273 6002 et
2306 5954 2384 6013 3:2,
2413 5946 3466 6040 πριιιιἮᾶβοῖδίτὶιῖ
