4038 6476
1147 537 1417 601 CONTRA
1453 522 1793 592 JULIANUM
1831 508 2290 578 PELAGIANUM,
2322 502 2381 567 s.
2424 492 2788 563 aucusrmt
3510 467 3621 542 75a

2039 630 2163 702 ﬁde,
2194 634 2449 699 peccatum
2482 628 2591 685 est;
2616 616 2777 673 etiam
2797 610 2887 668 illa
2916 601 3275 678 intelligantur
3298 599 3616 664 inﬁdelium,

2037 739 2154 796 quae
2193 720 2333 777 dona
2374 723 2499 773 sunt
2523 712 2654 779 Dei,
2694 709 2808 764 sive
2846 704 2899 759 in
2933 700 3125 766 animi,
3165 696 3279 753 sive
3306 696 3359 750 in
3385 690 3626 763 corporis

2039 784 2234 872 bonis?
2260 811 2334 867 Ibi
2363 807 2509 865 enim
2530 809 2654 860 sunt
2681 806 2738 857 et
2768 798 2869 853 ista
2897 808 3019 866 qua:
3042 790 3269 846 inaniter
3290 784 3484 859 garris,
3504 796 3628 838 cor-

330 562 434 631 751

341 703 444 751 nec
463 682 593 757 justi
623 684 763 743 sunt,
795 685 895 729 nec
912 668 1025 726 Deo
1054 663 1282 737 placent,
1308 656 1393 713 cui
1428 652 1545 709 sine
1582 645 1685 703 ﬁde
1712 640 1924 714 placere

827 761 932 821 Sed
968 759 1035 815 ad
1056 732 1165 812 hoc
1191 767 1286 809 eos
1322 750 1375 803 in
1400 746 1490 802 die
1520 737 1701 813 iudicii
1730 732 1936 834 cogita.

347 822 524 927 tioites
565 878 674 920 suae
700 854 1004 915 defendent,
1032 856 1092 943 ut
1119 839 1450 901 tolerabilius
1473 832 1782 907 puniantur,
1808 822 1931 895 quia

2059 1298 2080 1334 ι
2108 1278 2298 1333 Anima
2338 1270 2481 1329 cnim
2511 1277 2565 1325 et
2600 1280 2795 1336 corpus
2820 1271 2875 1318 et
2898 1268 3246 1332 qumcumque
3271 1251 3410 1307 bona
3445 1246 3642 1303 anima:

2055 1378 2111 1426 et
2129 1366 2371 1438 corporis
2409 1358 2724 1418 naturaliter
2761 1354 2942 1421 insita,
2988 1349 3147 1406 etiam
3183 1346 3239 1401 in
3277 1337 3650 1415 peccatoribus

2060 1462 2201 1518 dona
2228 1456 2325 1514 Dei
2355 1461 2513 1518 sunt;
2543 1449 2793 1522 quoniam
2817 1447 2977 1509 Deus,
3000 1457 3107 1497 nou
3130 1437 3230 1510 ipsi
3255 1436 3355 1491 ista
3377 1431 3648 1488 fecerunt:

2061 1553 2128 1610 de
2153 1552 2237 1606 his
2265 1556 2442 1604 autem
2468 1559 2588 1617 quae
2612 1542 2811 1597 faciunt
2835 1536 3035 1592 dictum
3061 1539 3164 1595 est,
3205 1528 3365 1583 Omne
3392 1521 3526 1596 quod
3550 1536 3656 1575 non

2063 1654 2219 1701 estea:
2240 1641 2361 1713 ﬁde,
2391 1614 2650 1711 peccatum
2674 1641 2747 1686 est
2771 1649 2790 1683 ι
2819 1626 2921 1700 (De
2946 1623 3159 1695 Nuptiis
3197 1627 3245 1675 et
3283 1614 3658 1685 Concupiscet:-

2068 1738 2158 1801 tia,
2182 1733 2270 1790 lib.
2291 1733 2318 1787 1
2331 1774 2345 1796 ,
2366 1748 2419 1785 n.
2442 1728 2535 1801 4)?
2550 1725 2701 1782 lianc
2713 1722 2951 1786 brevem,
2965 1715 3062 1772 sed
3078 1714 3262 1784 utique
3279 1717 3518 1781 apertam
3534 1720 3662 1761 sen-

2069 1827 2289 1883 tentiam
2318 1796 2493 1877 meam
2523 1818 2568 1873 si
2596 1822 2775 1872 mente
2795 1810 3078 1875 tenuisses,
3102 1813 3231 1877 puto
3250 1800 3393 1875 quod
3420 1807 3528 1854 tam
3561 1796 3666 1851 im-

2071 1920 2270 1995 probus
2287 1932 2394 1973 non
2414 1915 2627 1980 fuisses,
2650 1919 2710 1965 ut
2730 1922 2827 1964 nos
2856 1919 3015 1977 posse
3032 1902 3211 1959 dicere
3230 1909 3516 1960 assereres,
3539 1891 3666 1963 quia

2082 2034 2103 2068 σ
2132 2026 2332 2084 corpus
2359 2010 2689 2080 Paganorum
2716 2015 2915 2072 corpus
2938 2011 3043 2052 non
3070 1994 3160 2062 sit,
3186 1999 3242 2047 et
3267 1988 3409 2045 oculi
3431 1986 3669 2057 Pagano—

2084 2122 2202 2164 rum
2227 2082 2442 2161 sensum
2475 2115 2579 2155 non
2609 2096 2845 2151 habeant
2873 2086 3147 2154 intuendi,
3169 2100 3224 2140 et
3251 2082 3514 2138 frumenta
3551 2089 3671 2147 qua:

2079 2199 2135 2255 in
2159 2197 2497 2268 Paganorum
2537 2195 2831 2245 nascuntur
2856 2182 3028 2255 agris,
3064 2178 3326 2234 frumenta
3351 2186 3458 2228 non
3487 2168 3611 2225 sint.
3646 2184 3670 2218 ι

2084 2290 2152 2347 Ut
2170 2257 2313 2345 enim
2342 2284 2435 2340 tibi
2466 2292 2715 2352 tanquam
2741 2277 2810 2334 de
2835 2287 3025 2331 somno
3048 2271 3282 2328 excitato
3302 2262 3489 2321 eadem
3511 2257 3675 2314 verba

2082 2397 2203 2439 mea
2228 2386 2464 2449 repetam
2484 2416 2501 2444 ,
2528 2351 2647 2445 quae
2671 2380 2777 2427 tuae
2801 2365 3074 2425 memoriae
3101 2358 3345 2418 fortassis
3370 2364 3431 2413 ut
3457 2354 3569 2410 haec
3590 2351 3679 2405 di-

396 2458 523 2514 estis
550 2454 777 2523 aliquem
820 2449 995 2504 locum
1038 2444 1180 2498 inter
1217 2443 1611 2493 damnationem
1655 2443 1983 2494 regnumque
2294 2443 2305 2449 -
2387 2468 2399 2482 ,
2548 2443 2561 2445 ~
2933 2458 2946 2471 _
3068 2455 3081 2469 ,
3395 2448 3406 2460 ,

396 2550 685 2611 calorum;
719 2542 805 2597 ubi
835 2555 940 2594 non
971 2536 1081 2592 sint
1109 2535 1160 2589 in
1187 2528 1422 2592 miseria,
1450 2521 1545 2579 sed
1572 2521 1624 2575 in
1655 2513 1987 2574 beatitudine
2087 2487 2239 2578 cer.“
2285 2468 2626 2570 “ﬁdem?”
2662 2482 2681 2517 ⁸
2708 2461 2837 2519 Hm
2876 2467 3045 2561 etiam,
3068 2448 3507 2558 ¹“,¹ἶθ⁰⁰³“⁰¹’¹δ“⁵
3532 2443 3679 2500 dona

1758 2610 1761 2611 ν
1891 2605 1913 2611 -
1937 2604 1951 2611 -
2092 2568 2185 2611 ηρ.
2214 2571 2373 2611 sunt:
2402 2573 2652 2611 quoniam
2682 2555 2841 2611 Deus.
2876 2566 2982 2607 non
3030 2562 3130 2611 ψει
3167 2552 3269 2600 Ista
3296 2542 3578 2598 fecerunt:
3612 2534 3679 2592 de

2092 2566 2186 2623 Dei
2214 2571 2373 2628 sunt;
2402 2559 2652 2631 quoniam
2682 2555 2841 2620 Deus,
2876 2566 2982 2607 non
3030 2546 3130 2617 ipsi
3167 2545 3269 2600 ista
3296 2542 3578 2598 fecerunt:
3612 2534 3685 2592 de

395 2644 720 2716 sempiterna
745 2682 760 2706 ,
811 2635 900 2707 qui
932 2635 1041 2687 Deo
1069 2643 1176 2684 non
1218 2624 1551 2696 placuerunt,
1596 2612 1681 2669 cui
1725 2610 1841 2664 sine
1885 2604 1990 2660 ﬁde
2094 2604 2186 2670 "ﬁ"
2215 2604 2373 2628 ”“""
2404 2604 2653 2656 “ι“’ν···“··;
2682 2604 2831 2655 ""3

1436 2712 1447 2716 -
1646 2705 1677 2716 ..
1894 2714 1905 2716 _
2096 2657 2180 2712 his
2204 2663 2381 2710 autem
2408 2665 2528 2716 qua:
2554 2648 2756 2703 faetunt
2779 2642 2831 2699 dt

397 2644 720 2716 sempiterna
745 2682 760 2706 ,
811 2635 900 2707 qui
932 2635 1041 2687 Deo
1069 2643 1176 2684 non
1218 2629 1551 2696 placuerunt,
1596 2629 1681 2669 cut
1725 2629 1841 2664 sine
1885 2629 1990 2660 nue
2136 2658 2147 2670 ,
2420 2629 2438 2631 -
2642 2646 2653 2656 ,
2819 2644 2831 2655 ⁸

397 2739 611 2810 placere
640 2726 971 2801 impossibile
999 2731 1102 2789 est,
1124 2732 1281 2790 quam
1310 2729 1411 2770 nec
1435 2712 1487 2766 in
1514 2705 1784 2778 operibus,
1810 2714 1914 2757 nec
1936 2699 1989 2753 in
2096 2657 2180 2712 ¹¹¹⁸
2204 2663 2381 2710 autem
2408 2665 2528 2722 qua
2554 2648 2756 2703 ramum
2779 2642 2979 2699 d'cmm
3009 2645 3114 2742 θδξν
3141 2635 3302 2690 omne
3325 2629 3459 2737 ff'fod
3484 2643 3586 2732 ποῖ’
3610 2633 3689 2682 ⁸⁸⁸

1496 2803 1532 2810 -.
1561 2801 1575 2810 .
1857 2803 1868 2810 ,
1916 2809 1923 2810 ί
1972 2808 1983 2810 _
2094 2765 2159 2805 ex
2187 2746 2308 2810 fide,
2339 2750 2598 2810 peccatum
2631 2746 2722 2793 est.
2756 2755 2775 2789 ι
2805 2734 2910 2792 Sed
2939 2747 3060 2788 cum
3081 2742 3267 2784 insana
3292 2724 3425 2780 dlClS
3447 2730 3501 2778 et
3518 2718 3688 2784 rides,

401 2739 611 2810 placere
640 2726 971 2801 impossibile
999 2731 1102 2789 est,
1124 2732 1281 2790 quam
1310 2729 1411 2770 nec
1435 2718 1487 2766 in
1514 2718 1784 2778 Opertbus,
1810 2718 1914 2757 nec
1936 2718 1989 2753 ιιι
2426 2718 2441 2722 -
3083 2730 3094 2742 ι
3330 2725 3341 2737 ι
3381 2725 3392 2736 _
3549 2720 3564 2732 ,

401 2830 653 2888 cordibus
673 2819 1013 2881 habuerunt?
1037 2815 1153 2871 Non
1175 2812 1366 2882 opinor
1382 2801 1738 2879 perditionem
1757 2803 1991 2851 vestram
2094 2765 2159 2805 ex
2186 2746 2308 2817 ﬁde’
2329 2750 2598 2848 ,Ρεθεαωῖη
2631 2746 2722 2843 in,"
2756 2755 2775 2789 ³
2805 2734 2910 2792 sed
2939 2747 3060 2788 cum
3081 2742 3267 2784 msam
3292 2724 3425 2780 d'c's
3447 2730 3501 2825 ef
3518 2718 3688 2784 τώδ’

2097 2841 2411 2888 nhrenellco
2441 2849 2500 2888 es
2527 2830 2718 2887 srmths
2752 2847 2767 2883 :
2795 2842 2915 2882 cum
2942 2831 3123 2879 autem
3149 2833 3273 2876 vera
3299 2831 3419 2888 quae
3445 2813 3565 2869 dico
3593 2808 3688 2865 abs

2097 2836 2411 2913 phrenetico
2441 2849 2500 2890 es
2527 2829 2718 2887 similis
2752 2847 2767 2883 :
2795 2842 2915 2882 cum
2942 2831 3123 2879 autem
3149 2833 3273 2876 vera
3299 2831 3419 2888 quae
3445 2813 3565 2869 dico
3593 2808 3695 2865 abs

402 2936 576 2994 usque
603 2918 669 2975 ad
701 2918 856 2971 istam
882 2924 1041 2984 posse
1068 2902 1448 2976 impudentiam
1483 2893 1746 2967 prosilire.
1776 2908 1796 2943 ι
1828 2889 1999 2943 Erunt
2100 2889 2397 2913 """m'"
3175 2915 3186 2927 .
3263 2912 3277 2924 .
3348 2910 3361 2923 .
3543 2907 3556 2919 .

1044 3000 1057 3002 _
1250 2995 1261 3002 .
1647 3001 1652 3002 ί
1677 2999 1717 3002 ν,
1786 2981 1836 3002 ,_
1882 2977 1964 3002 η,
2101 2943 2154 2989 te
2186 2929 2345 3002 paulo
2373 2937 2497 2983 ante
2522 2927 2974 2984 commemorata,
3003 2926 3058 2971 et
3099 2916 3223 2970 huic
3263 2926 3364 2982 ψει
3411 2922 3559 2980 operi
3600 2912 3697 2961 tuo

406 3029 575 3084 ergo,
600 3030 620 3064 ι
657 3008 861 3078 inquis,
898 3023 917 3057 ι
946 3004 999 3057 in
1028 2995 1371 3055 damnatione
1406 2987 1755 3058 sempiterna,
1786 2981 1840 3037 in
1878 2977 1997 3051 qui-
2102 2977 2154 2989 ’ν
2189 2977 2493 3034 """.".""‘
2713 2977 2741 2978 "
2775 3013 2786 3026 .
2889 3012 2903 3025 .
2959 2977 2974 3023 ;
3236 3005 3248 3018 .
3286 2977 3300 2982 -
3450 2977 3462 2980 -
3626 2999 3639 3011 .

1611 3080 1621 3084 -
1720 3077 1733 3084 .
1890 3072 1902 3084 .
2101 3039 2208 3084 quo
2230 3020 2359 3077 mlh!
2385 3016 2713 3084 respondere
2739 3012 2935 3069 vrderts
2959 3017 3181 3074 inserta,
3207 3020 3284 3062 sne
3309 3018 3416 3061 non
3441 2999 3639 3058 attendi

2101 3039 2208 3096 quo
2230 3020 2359 3077 mihi
2385 3016 2713 3089 respondere
2739 3012 2935 3069 videris
2959 3009 3181 3074 inserta,
3207 3005 3284 3062 sic
3309 3018 3416 3061 non
3441 2999 3699 3066 attendis,

408 3072 512 3164 bus
531 3072 648 3161 erat
672 3072 797 3157 vera
824 3092 1067 3169 jnstitia?
1098 3110 1118 3145 ι
1153 3089 1198 3145 0
1221 3101 1407 3143 vocem
1443 3077 1769 3152 impudentia
1798 3072 2002 3143 majore

2111 3072 2204 3096 1--
2388 3072 2402 3075 ν
2424 3072 2439 3074 -
2460 3072 2499 3089 κ,
2528 3072 2531 3073 ν
3166 3072 3174 3074 _

2111 3118 2183 3169 sic
2210 3111 2574 3169 Oblivisceris;
2603 3124 2709 3165 non
2732 3107 2845 3169 iam
2869 3101 3200 3169 phreneticis
3219 3141 3234 3167 ,
3255 3098 3352 3156 sed
3389 3093 3666 3168 lethargici

408 3109 512 3164 bus
531 3112 648 3161 erat
672 3116 797 3157 vera
824 3095 1067 3169 jnstitia?
1098 3110 1118 3145 ι
1153 3095 1198 3145 Ο
1221 3101 1407 3143 vocem
1443 3095 1769 3152 tmpuuenua
1798 3095 2002 3143 majore
2123 3095 2146 3130 ί.
2305 3114 2315 3125 .
2358 3113 2370 3125 .
2499 3111 2511 3123 .
2558 3126 2571 3139 ,
2739 3107 2754 3121 .
3103 3102 3115 3114 .
3154 3101 3167 3114 .
3601 3095 3613 3106 .
3652 3095 3666 3105 .

408 3192 772 3270 Ρτωοῑρίιεηιι
800 3188 916 3244 Non
946 3192 1081 3250 erat,
1119 3181 1336 3251 inqnam
1357 3177 1398 3245 ¹,
1424 3175 1479 3231 in
1505 3172 1582 3227 eis
1605 3184 1732 3226 vera
1758 3164 2001 3239 iustitia;
2105 3115 2574 3277 :fmoxgﬁgcm’
2603 3124 2709 3165 non
2732 3122 2845 3179 lam
2869 3104 3200 3178 phreneuc's
3219 3141 3234 3167 ’
3255 3098 3352 3156 θεά
3389 3095 3703 3168 leum-gms

413 3261 537 3362 quia
567 3261 933 3346 non‘actibus,
965 3275 1060 3333 sed
1088 3273 1280 3330 ﬁnibus
1307 3274 1600 3340 pensantur
1626 3261 1821 3318 ofﬁcia.

487 3402 580 3457 27.
611 3397 717 3455 Sed
749 3396 918 3452 facete
958 3406 1023 3447 ac
1066 3386 1242 3460 lepide
1285 3385 1447 3439 homo
1490 3376 1915 3451 elegantissimus
1955 3381 2009 3428 et

418 3490 828 3551 urbanissimus,
849 3505 868 3537 ι
893 3483 952 3541 Si
967 3482 1194 3545 dicatur,
1226 3497 1247 3533 ι
1267 3475 1462 3547 inquis,
1482 3491 1501 3525 ι
1523 3472 1645 3542 quia
1656 3468 1874 3525 castitas
1900 3464 2012 3520 inﬁ-

420 3585 621 3643 delium
666 3584 882 3638 castitas
932 3591 1035 3632 non
1080 3584 1194 3639 est;
1241 3569 1427 3625 eadem
1470 3562 1866 3621 frontedicetur
1888 3559 2010 3630 quia

422 3692 618 3749 corpus
644 3677 977 3746 Paganorum
992 3681 1187 3738 corpus
1209 3679 1313 3719 non
1335 3662 1424 3726 sit,
1444 3668 1497 3714 et
1515 3656 1654 3712 oculi
1680 3655 2013 3724 Paganorum

426 3744 642 3828 sensum
670 3744 776 3823 non
795 3764 1026 3820 habeant
1056 3756 1387 3820 intuendi,et
1406 3751 1672 3807 frumenta
1695 3763 1813 3818 qua:
1835 3746 1887 3800 in
1909 3744 2016 3800 Pa-

428 3877 687 3937 ganorum
715 3866 1007 3915 nascuntur
1028 3851 1190 3925 agris,
1224 3853 1486 3904 frumenta
1502 3859 1607 3900 non
1637 3843 1744 3898 sint
1763 3849 1846 3897 :et
1877 3839 2017 3894 mul-

357 1331 462 1388 ista
505 1291 666 1397 opera
709 1318 1023 1379 retulerunt,
1055 1309 1120 1365 ad
1165 1319 1325 1378 quem
1371 1298 1580 1357 referre
1624 1291 1941 1347 debuerunt.

358 1422 539 1480 Minus
585 1417 729 1474 enim
768 1408 1043 1467 Fabricius
1079 1416 1237 1475 quam
1271 1394 1497 1453 Catilina
1536 1388 1805 1461 punietur,
1836 1394 1947 1436 non

363 1514 487 1586 quia
517 1511 619 1566 iste
656 1508 846 1567 bonus,
881 1499 973 1557 sed
998 1474 1118 1568 quia
1149 1494 1236 1547 ille
1263 1487 1431 1558 magis
1467 1483 1637 1558 malus
1662 1498 1675 1533 :
1699 1485 1753 1532 et
1775 1474 1949 1530 minus

361 1604 580 1673 impius,
603 1613 760 1670 quam
800 1592 1046 1655 Catilina,
1070 1582 1364 1648 Fabricius,
1400 1592 1507 1633 non
1546 1586 1703 1629 veras
1729 1568 1953 1621 virtutes

364 1692 613 1752 habendo
639 1735 653 1759 ,
684 1689 779 1746 sed
818 1701 847 1741 a
884 1684 1026 1739 veris
1053 1676 1332 1734 virtutibus
1376 1686 1485 1727 non
1526 1665 1815 1739 plurimum
1863 1657 1957 1712 de-

375 1787 593 1843 viando.

448 1904 542 1959 26.
584 1902 665 1954 An
694 1897 830 1951 ἴθι-ιο
858 1901 912 1948 et
950 1889 1065 1946 istis
1102 1886 1190 1957 qui
1228 1880 1583 1939 exhibuerunt
1612 1881 1840 1929 terrena:
1865 1881 1964 1938 pa-

381 1999 499 2055 trirc
532 1991 904 2065 Babylonieam
936 1981 1275 2039 dilectionem
1294 2018 1307 2041 ,
1331 1982 1386 2029 et
1407 1973 1604 2027 virtute
1636 1965 1813 2028 civili,
1857 1974 1965 2015 non

382 2107 545 2157 vera,
580 2086 672 2142 sed
712 2084 824 2136 veri
863 2075 1022 2134 simili
1050 2068 1379 2127 daemonibus
1402 2065 1488 2118 vel
1515 2061 1761 2115 humanae
1789 2052 1973 2124 gloriae

386 2142 707 2240 servierunt,
735 2167 993 2226 Fabriciis
1030 2162 1296 2226 videlicet,
1328 2166 1383 2212 et
1428 2150 1666 2224 Regalis,
1694 2154 1748 2203 et
1771 2142 1972 2209 Fabiis,

387 2284 444 2330 et
467 2236 804 2342 Scipionibus
823 2306 837 2332 ,
869 2271 925 2319 et
951 2258 1219 2321 Camillis,
1253 2249 1564 2319 exterisque
1593 2242 1785 2299 talibus
1805 2281 1821 2307 ,
1844 2236 1980 2292 sicut

389 2363 686 2423 infantibus
709 2359 800 2430 qui
838 2357 956 2413 sine
992 2351 1320 2422 Baptismate
1353 2339 1655 2398 moriuntur
1675 2376 1690 2401 ,
1717 2328 1979 2405 provisuri

392 2458 523 2514 estis
550 2454 777 2523 aliquem
820 2449 995 2504 locum
1038 2444 1180 2498 inter
1217 2433 1611 2493 damnationem
1655 2434 1983 2494 regnumque

2177 3297 2268 3353 28.
2322 3315 2342 3349 ι
2377 3292 2553 3349 Mirari
2593 3300 2647 3347 te
2685 3307 2706 3343 ι
2750 3286 2884 3346 dicis
2910 3328 2927 3356 ,
2974 3304 2993 3339 ι
3029 3283 3171 3357 quod
3215 3290 3323 3339 tam
3353 3279 3644 3344 excellens,
3676 3296 3701 3332 ι

2112 3406 2289 3448 meum
2315 3388 2583 3452 videlicet,
2610 3385 2747 3441 sicut
2772 3381 3057 3437 irridenter
3092 3376 3351 3449 loqueris,
3385 3393 3406 3428 ι
3436 3389 3544 3431 non
3571 3370 3710 3427 vidit

2114 3483 2402 3556 ingenium,
2433 3487 2688 3552 quantum
2718 3490 2811 3532 vos
2836 3473 2889 3529 in
2921 3473 3025 3528 hoc
3050 3484 3265 3542 quoque
3302 3466 3552 3539 juverim,
3576 3463 3713 3534 quia

2114 3576 2242 3642 dixi,
2272 3573 2403 3629 Aliis
2428 3570 2658 3642 peccatis
2677 3567 2779 3623 alia
2808 3571 3021 3638 peccata
3047 3564 3350 3618 vincuntur.
3386 3577 3406 3612 ι
3440 3556 3713 3612 Continuo

2116 3666 2313 3740 quippe
2337 3662 2560 3719 subditis
2581 3668 2737 3731 atque
2757 3654 3074 3713 concluditis
3094 3652 3366 3708 dicentes:
3390 3667 3410 3701 ι
3446 3644 3716 3704 Perfacile

2120 3760 2279 3831 igitur
2316 3754 2491 3811 studio
2536 3750 2849 3816 sanctitatis,
2893 3746 3035 3820 quod
3080 3746 3221 3801 Deus
3268 3742 3503 3814 adjuvat,
3534 3744 3720 3811 potest

2121 3850 2283 3906 homo
2310 3863 2494 3904 carere
2539 3843 2788 3915 peccatis.
2820 3840 2879 3897 Si
2920 3840 3063 3895 enim
3093 3836 3396 3902 vincuntur,
3434 3851 3454 3887 ι
3490 3831 3671 3902 inquis
3696 3870 3719 3900 ,

428 3950 931 4024 ta,iinquis,¢alia
948 3937 1603 4019 qummntaaabsurditatis
1622 3942 1763 4000 sunt,
1784 3932 2021 3987 utrisum
2129 3961 2149 3997 ι
2204 3949 2419 4014 μεωειλ
2462 3936 2730 4011 peccans,
2777 3939 2976 4005 (ιυειυιο
3024 3932 3192 4000 magis
3234 3934 3459 4000 possunt
3498 3921 3723 3978 νίι-ωιί-

432 4050 645 4124 possint
664 4041 1082 4115 intelligentibus
1096 4047 1456 4095 commovere.
1483 4031 1633 4086 :Non
1659 4028 1817 4100 plane
1830 4025 2020 4093 risum,
2126 4012 2229 4101 διιξ
2264 4038 2479 4103 peccata
2526 4024 2814 4097 superari?
2854 4043 2873 4076 ,
2907 4021 3069 4091 Quasi
3113 4034 3213 4076 nos
3252 4031 3528 4090 negemus,
3560 4012 3725 4084 adi“-

435 4141 536 4201 sed
579 4140 761 4197 fletum
819 4137 996 4207 potius
1048 4126 1465 4200 intelligentibus
1508 4134 1687 4179 vester
1724 4133 2002 4177 commove

2130 4126 2321 4183 torium
2352 4123 2445 4180 Dei
2490 4129 2691 4177 tantum
2724 4117 2923 4180 valere,
2973 4114 3017 4170 si
3064 4112 3196 4168 velit
3238 4118 3298 4166 ut
3339 4107 3500 4165 hodie
3543 4104 3725 4162 nullas

434 4235 599 4300 risus,
631 4233 769 4289 sicut
790 4225 1054 4284 mentibus
1083 4222 1375 4278 amicorum
1407 4231 1658 4273 sanorum
1678 4213 1860 4270 fletum
1883 4226 2001 4266 com

2132 4216 2587 4288 concupiscentias
2613 4211 2781 4267 malas
2816 4207 3018 4265 habere
3046 4204 3337 4277 possimus,
3369 4208 3554 4257 contra
3585 4210 3727 4268 quas

439 4336 622 4388 ῐηονθῑ
641 4326 782 4381 Visus
812 4320 1265 4394 Ριπθηθίίοοτυηῖο
1286 4311 1434 4369 hanc
1460 4317 1552 4365 al"
1577 4318 1763 4364 00mm
1786 4304 2028 4374 δοτίρῑιι-
2134 4309 2219 4367 vel
2244 4306 2592 4365 invictissime
2634 4301 2949 4358 dimicemus
2977 4316 2990 4352 :
3020 4306 3074 4353 et
3118 4304 3295 4350 tamen
3325 4307 3430 4348 non
3458 4290 3595 4354 ﬁeri,
3621 4304 3729 4345 nec

441 4438 532 4481 ras
562 4427 773 4478 sanctas
792 4413 1020 4471 inﬁdelis
1045 4410 1281 4466 animum
1309 4404 1559 4462 fornicari
1587 4417 1769 4474 negas,
1803 4408 1895 4454 aut
1913 4411 2032 4453 esse

445 4516 503 4572 in
530 4513 710 4569 animo
738 4507 1033 4565 fornicante
1049 4516 1231 4559 veram
1256 4498 1552 4556 castitatem
1573 4494 1743 4560 dicis;
1786 4500 1842 4548 et
1870 4490 2032 4555 rides,

452 4618 507 4664 et
534 4620 699 4662 sanus
727 4601 827 4659 es?
857 4598 1033 4663 Unde,
1062 4592 1351 4667 quomodo,
1392 4605 1493 4661 qua
1518 4586 1725 4644 ratione
1747 4582 1887 4641 istud
1918 4564 2035 4639 ﬁeri

449 4696 673 4771 potest?
702 4695 926 4749 Prorsus
954 4703 1055 4745 nec
1080 4686 1169 4742 illa
1189 4691 1272 4741 est
1299 4682 1517 4738 castitas
1545 4694 1691 4747 vera,
1718 4691 1819 4732 nec
1840 4674 2040 4731 sanitas

455 4806 605 4847 vera.
654 4788 880 4843 Prorsus
903 4824 918 4850 ,
962 4784 1176 4853 inquam
1197 4820 1214 4848 ,
1243 4791 1343 4833 nec
1361 4788 1495 4833 .vera
1524 4780 1608 4829 est
1631 4770 1850 4826 castitas
1875 4766 2040 4822 animi

457 4877 796 4944 fornicantis,
827 4886 883 4933 et
905 4889 1028 4930 vera
1050 4871 1253 4928 insania
1280 4877 1364 4925 est
1400 4865 1633 4922 hominis
1672 4862 1899 4919 dicentis
1939 4859 2045 4916 hoc

457 4975 695 5033 dedecus
714 4981 768 5028 et
790 4968 1032 5026 ridentis.
1059 4964 1166 5021 Nos
1185 4969 1362 5018 autem
1390 4960 1532 5015 absit
1556 4965 1614 5013 ut
1639 4956 1878 5012 dicamus
1901 4953 2045 5025 quod

458 5081 653 5138 corpus
680 5064 1014 5133 Paganorum
1060 5068 1256 5126 corpus
1279 5067 1387 5108 non
1414 5051 1513 5118 sit,
1542 5057 1597 5105 et
1638 5057 1830 5103 cmtera
1862 5045 2048 5116 hujus-

460 5158 627 5215 modi.
655 5154 838 5225 Neque
865 5152 1005 5207 enim
1028 5157 1112 5205 est
1134 5156 1487 5215 consequens,
1516 5152 1576 5195 ut
1600 5140 1647 5195 si
1671 5154 1778 5194 non
1808 5146 1890 5193 est
1923 5152 2047 5191 vera

460 5252 632 5308 virtus
673 5262 776 5320 qua
816 5243 1069 5316 gloriatur
1108 5239 1322 5311 impius,
1365 5251 1471 5291 non
1513 5235 1584 5291 sit
1630 5248 1813 5289 verum
1856 5246 2052 5302 corpus

464 5343 606 5415 quod
627 5346 879 5412 operatur
904 5336 1062 5391 Deus.
1089 5329 1195 5388 Sed
1221 5330 1377 5402 plane
1404 5340 1686 5399 possumus
1714 5324 1911 5387 dicere,
1940 5322 2053 5378 b12-

466 5436 764 5493 reticorum
809 5428 1039 5486 frontem
1068 5439 1174 5480 non
1220 5435 1342 5478 esse
1370 5419 1626 5481 frontem,
1669 5417 1713 5471 si
1743 5431 1849 5471 non
1879 5430 2051 5479 mem-

412 5561 449 5591 .
468 5528 628 5584 brum
658 5522 799 5595 quod
820 5521 945 5577 fecit
974 5520 1133 5584 Deus,
1160 5512 1463 5586 signiﬁcare
1486 5508 1842 5578 intelligamur
1862 5506 2054 5563 frontis

472 5618 693 5675 nomine
716 5655 731 5681 ,
763 5612 858 5669 sed
894 5610 1170 5682 pudorem.
1199 5604 1337 5675 Quid
1359 5645 1375 5670 ,
1404 5603 1451 5659 si
1479 5616 1584 5657 non
1611 5600 1663 5654 in
1682 5615 1747 5656 eo
1775 5600 1891 5670 ipso
1919 5598 2056 5655 libro

471 5723 618 5776 meo,
638 5706 723 5763 cui
738 5701 1079 5775 respondisse
1102 5708 1155 5755 te
1168 5698 1361 5770 iactas,
1385 5701 1508 5749 ante
1528 5700 1928 5762 praestruerem,
1950 5705 2017 5747 ne
2034 5692 2056 5723 ³

476 5801 533 5855 in
564 5799 665 5858 hac
692 5795 975 5861 sententia,
1005 5807 1107 5866 qua
1132 5790 1383 5857 dicimus,
1413 5786 1576 5843 Omne
1602 5784 1739 5857 quod
1762 5802 1864 5842 non
1898 5793 1970 5841 est
1992 5801 2060 5841 ea:

2138 4412 2194 4458 tu
2234 4414 2418 4471 negas.
2462 4396 2568 4453 Cur
2596 4403 2773 4450 autem
2812 4406 2915 4446 non
2943 4389 3056 4456 ﬁat,
3085 4387 3205 4459 quis
3234 4384 3481 4457 cognovit
3505 4395 3726 4438 sensum

2139 4492 2351 4551 Domini
2379 4489 2556 4564 (Rom.
2597 4504 2671 4554 XI,
2714 4484 2845 4556 54)?
2875 4482 2989 4539 Non
3017 4490 3192 4535 tamen
3222 4493 3410 4549 parum
3440 4474 3573 4542 scio,
3602 4487 3729 4527 cum

2142 4586 2274 4652 scio,
2305 4562 2653 4654 quaecumque
2694 4577 2782 4632 illa
2823 4589 2983 4631 causa
3028 4573 3115 4637 sit,
3163 4569 3306 4642 quod
3336 4582 3437 4625 nec
3474 4565 3604 4637 justi
3634 4562 3735 4623 Dei

2142 4677 2213 4733 sit
2239 4674 2511 4746 iniquitas,
2539 4685 2640 4727 nec
2676 4663 3055 4737 omnipotentis
3094 4660 3395 4718 inﬁrmitas.
3436 4658 3531 4713 Est
3573 4656 3738 4726 igitur

2145 4767 2342 4842 aliquid
2382 4768 2432 4821 in
2463 4765 2578 4836 ejus
2614 4761 2794 4819 abdito
2822 4760 3036 4829 altoque
3077 4753 3324 4819 consilio,
3354 4766 3453 4807 cur
3479 4747 3740 4820 quamdiu

2147 4861 2374 4918 vivimus
2415 4859 2467 4914 in
2512 4856 2612 4911 hac
2650 4868 2812 4910 carne
2851 4848 3097 4916 mortali,
3141 4854 3225 4903 est
3262 4846 3316 4901 in
3357 4842 3512 4899 nobis
3546 4848 3742 4896 contra

2152 4952 2293 5025 quod
2335 4964 2487 5005 meus
2518 4945 2737 5002 dimicet
2770 4951 2949 4998 nostra
2989 4958 3003 4994 :
3039 4947 3122 4995 est
3157 4938 3319 4994 etiam
3351 4941 3572 5007 propter
3596 4928 3748 5002 quod

2153 5024 2429 5109 dicamus,
2471 5038 2681 5094 Dimitte
2716 5035 2858 5090 nobis
2880 5033 3045 5088 debita
3068 5040 3243 5086 nostra
3270 5026 3481 5100 (Matth.
3506 5042 3561 5093 vt
3581 5067 3596 5093 ,
3625 5024 3746 5096 η).

2157 5135 2266 5193 Sed
2290 5144 2351 5189 ut
2374 5131 2470 5188 tibi
2494 5132 2571 5187 sic
2593 5130 2782 5200 loquar
2813 5137 3061 5197 tanquam
3087 5121 3286 5178 homini
3311 5120 3507 5187 homo,
3538 5126 3597 5173 et
3628 5116 3753 5171 talis

2157 5232 2318 5285 homo
2373 5226 2524 5297 cuius
2579 5232 2790 5279 terrena
2852 5217 3164 5275 inbabitatio
3217 5212 3464 5286 deprimit
3526 5226 3756 5267 sensum

2158 5321 2323 5376 multa
2349 5320 2670 5389 cogitantem
2697 5314 2849 5387 (Sap.
2874 5326 2927 5366 ιχ
2947 5352 2962 5377 ,
2991 5310 3104 5379 15),
3135 5306 3264 5363 nihil
3286 5314 3368 5362 est
3391 5305 3441 5360 in
3463 5302 3754 5371 creaturis,

2159 5411 2301 5485 quod
2328 5411 2515 5466 attinet
2542 5407 2608 5463 ad
2640 5406 2996 5462 institutarum
3026 5399 3280 5461 divinitus
3308 5397 3496 5453 merita
3529 5405 3759 5449 natura-

2162 5522 2317 5574 rum,
2361 5500 2607 5560 rationali
2652 5509 2831 5554 mente
2874 5492 3230 5567 praestantius.
3274 5489 3427 5548 Unde
3464 5486 3523 5543 ﬁt
3560 5500 3759 5563 conse-

2164 5613 2334 5669 quens
2362 5603 2421 5651 ut
2446 5606 2600 5650 mens
2627 5592 2766 5647 bona
2795 5588 2960 5659 magis
2987 5586 3086 5642 sibi
3118 5585 3360 5656 placeat,
3387 5579 3667 5650 magisque
3696 5590 3758 5633 se

2166 5692 2280 5761 ipsa
2324 5686 2586 5751 delectet,
2633 5696 2790 5754 quam
2840 5677 3090 5751 quaelibet
3135 5675 3236 5731 alia
3277 5681 3537 5730 creatura.
3579 5670 3761 5739 Quam

2167 5798 2296 5841 vero
2320 5778 2622 5853 periculose
2640 5816 2655 5842 ,
2684 5776 2792 5831 imo
2810 5773 3109 5846 perniciose
3135 5769 3237 5825 sibi
3262 5769 3487 5838 placeat,
3513 5778 3639 5820 cum
3662 5774 3764 5833 per

2168 5880 2273 5935 hoc
2315 5874 2567 5934 tumescit
2609 5868 2774 5944 typho
2810 5877 2866 5925 et
2902 5866 3090 5924 morbo
3129 5862 3417 5922 inﬂationis
3443 5858 3764 5924 extollitur,

2152 5966 2426 6043 quamdiu
2469 5979 2574 6022 non
2611 5961 2759 6020 videt
2783 5960 2921 6019 sicut
2952 5957 3150 6015 videbit
3175 5956 3229 6014 in
3258 5954 3366 6011 ﬁne
3391 5964 3661 6010 summum
3688 5947 3771 6006 il—
3826 5994 3841 6003 .
