4038 6466
387 383 494 444 755

381 498 470 554 lud
501 505 554 553 ct
582 495 912 554 immutabile
949 495 1178 564 bonum,
1217 496 1272 552 in
1299 497 1453 570 cujus
1480 497 1880 570 comparatione
1910 511 1971 552 se

387 600 638 661 spernat,
685 590 890 661 sibique
933 589 1072 646 illius
1117 589 1378 646 charitate
1421 589 1667 656 vilescat,
1716 599 1968 662 tantoque

382 683 572 753 spiritu
596 682 712 752 ejus
741 681 1040 752 impleatur,
1067 689 1124 736 ut
1143 681 1194 737 id
1219 681 1320 738 sibi
1346 697 1452 738 non
1481 683 1687 738 ratione
1715 681 1848 745 sola,
1873 679 1968 736 sed

381 785 584 830 :eterno
609 789 820 846 quoque
849 789 1035 830 amore
1063 783 1366 849 praeponat;
1397 775 1620 832 multum
1660 785 1740 830 est
1781 775 1968 844 dispu-

383 866 544 921 tando
577 866 712 921 velle
747 875 1068 921 monstrare.
1113 866 1261 938 Sapit
1287 867 1401 922 haec
1428 867 1518 938 qui
1557 866 1805 936 fatigatus
1829 865 1969 920 fame

323 939 326 942 ’
379 957 670 1012 revertitur
697 957 763 1012 ad
789 958 1156 1028 semetipsum,
1188 965 1243 1014 et
1271 957 1420 1025 dicit,
1452 957 1698 1030 Surgam,
1727 965 1773 1012 et
1797 956 1877 1010 ibo
1901 957 1970 1011 ad

381 1058 578 1116 patrem
603 1064 766 1102 meum
795 1047 947 1119 (Luc.
975 1065 1064 1116 xv,
1097 1047 1208 1122 18).
1237 1048 1392 1106 Unde
1413 1049 1591 1120 itaque
1620 1049 1818 1106 scimus
1837 1091 1852 1116 ,
1901 1065 1970 1105 ne

379 1137 516 1193 forte
545 1139 668 1210 quia
695 1140 794 1194 hoc
819 1140 1084 1210 superbiae
1109 1141 1305 1196 malum
1343 1150 1466 1196 tunc
1497 1143 1730 1196 animum
1763 1150 1969 1196 tentare

380 1246 486 1284 non
517 1231 743 1300 poterit,
774 1241 827 1286 et
852 1241 1036 1286 contra
1061 1232 1200 1302 quod
1243 1233 1577 1288 decertemns
1603 1235 1822 1288 omnino
1853 1233 1970 1287 nul-

379 1322 490 1375 lum
531 1323 634 1377 erit
661 1323 700 1389 ',
730 1321 942 1392 quando
985 1331 1126 1378 tanta
1165 1325 1441 1379 satiabitur
1482 1325 1718 1392 visione,
1751 1333 1969 1380 ettanta

379 1411 796 1468 inflammabitur
835 1414 1095 1471 charitate
1142 1417 1430 1485 superioris
1483 1417 1642 1484 boni,
1691 1425 1747 1471 ut
1801 1415 1868 1470 ad
1909 1433 1968 1472 se

379 1504 554 1573 ipsum
599 1506 700 1560 sibi
742 1506 1030 1576 placendo,
1077 1507 1306 1564 deficere
1347 1509 1414 1564 ab
1453 1509 1594 1564 illius
1634 1509 1920 1566 dilectione
1945 1513 1966 1543 ³

377 1611 486 1651 non
515 1597 682 1666 possit
707 1613 722 1664 ;
753 1597 871 1652 ideo
895 1599 1089 1653 factum
1111 1609 1192 1654 est
1217 1599 1268 1654 in
1295 1599 1413 1654 loco
1443 1599 1762 1656 inﬁrmitatis
1790 1601 1964 1672 hujus,

375 1705 446 1746 ne
469 1691 699 1760 superbe
728 1692 1050 1758 viveremus,
1084 1701 1140 1748 ut
1168 1693 1268 1748 sub
1297 1694 1602 1764 quotidiana
1629 1705 1966 1766 peccatorum

381 1783 699 1840 remissione
737 1784 1016 1841 vivamus?
1047 1786 1268 1857 Pr0pter
1305 1788 1447 1858 quod
1474 1788 1737 1858 superbia:
1769 1789 1964 1844 malum

377 1889 480 1928 nec
503 1875 778 1944 apostolus
815 1875 1008 1933 Paulus
1044 1886 1127 1933 est
1169 1877 1388 1934 arbitrio
1427 1893 1524 1934 suo
1565 1880 1838 1936 creditus:
1871 1882 1966 1938 sed

373 1965 498 2036 quia
527 1967 762 2022 nondum
799 1977 1014 2024 venerat
1043 1969 1108 2024 ad
1143 1979 1342 2026 tantam
1385 1971 1844 2043 participationem
1872 1989 1964 2030 su-

375 2059 604 2128 perioris
638 2060 776 2116 illius
812 2061 974 2128 boni,
1007 2073 1062 2118 ut
1088 2063 1196 2119 illic
1233 2065 1342 2134 jam
1384 2081 1490 2120 non
1531 2077 1712 2138 posset
1735 2071 1920 2124 extolli
1943 2111 1960 2138 ,

375 2148 464 2204 hic
491 2151 566 2206 illi
613 2161 697 2207 est
737 2155 955 2225 angelus
999 2165 1197 2212 satanas
1229 2159 1586 2229 colaphizator
1612 2201 1626 2226 ,
1659 2177 1726 2217 ne
1753 2161 1838 2218 hic
1876 2164 1964 2220 ubi

373 2251 586 2311 poterat
611 2245 972 2312 extolleretur,
1005 2249 1276 2318 appositus
1306 2249 1372 2322 (ll
1402 2249 1518 2304 Cor.
1553 2267 1650 2320 xu,
1683 2253 1758 2325 7).

445 2337 536 2392 29.
568 2337 671 2394 Sed
717 2340 830 2395 sive
877 2341 974 2396 ista
1013 2357 1172 2397 causa
1213 2345 1318 2408 sit,
1350 2343 1463 2400 sive
1492 2347 1592 2400 alia
1632 2363 1751 2417 quae
1795 2347 1963 2404 multo

373 2429 604 2500 amplius
633 2446 718 2486 me
748 2431 876 2487 latet
902 2449 914 2486 :
941 2441 1115 2488 tamen
1141 2435 1284 2504 quod
1311 2434 1558 2492 dubitare
1592 2453 1696 2492 non
1719 2453 1958 2508 possum,

374 2521 762 2590 quantumlibet
793 2523 1132 2592 proﬁciamus
1163 2526 1262 2580 sub
1289 2527 1390 2582 hoc
1414 2543 1577 2584 onere
1602 2530 1962 2600 corruptibilis

375 2612 636 2682 corporis,
663 2614 710 2668 si
731 2615 1004 2670 dixerimus
1030 2619 1148 2688 quia
1170 2629 1426 2688 peccatum
1454 2637 1554 2676 non
1581 2622 1846 2688 habemus,
1869 2640 1962 2678 nos

374 2707 512 2777 ipsos
543 2707 818 2780 decipimus
841 2752 856 2776 ,
890 2719 938 2764 et
961 2713 1142 2766 veritas
1171 2713 1223 2766 in
1256 2715 1398 2770 nobis
1431 2731 1532 2770 non
1556 2724 1628 2769 est
1671 2715 1714 2789 (l
1735 2717 1890 2770 Joan.
1921 2734 1959 2780 ι.

375 2798 452 2870 8).
483 2799 706 2870 Pmpter
729 2801 872 2870 quod
901 2811 954 2858 et
999 2813 1180 2858 sancta
1215 2805 1450 2860 Ecclesia
1479 2807 1638 2862 etiam
1669 2808 1722 2862 in
1769 2807 1960 2864 talibus

375 2893 484 2946 suis
527 2892 814 2960 membris,
841 2895 929 2950 ubi
977 2897 1238 2952 maculam
1283 2896 1522 2954 criminis
1561 2909 1614 2954 ct
1643 2915 1826 2970 rugam
1853 2915 1960 2956 non

378 2983 537 3038 habet
573 2984 812 3040 falsitatis
851 2985 1066 3058 (Ep/tes.
1127 3003 1180 3052 v,
1227 2989 1341 3058 27),
1394 2989 1520 3045 licet
1561 2992 1960 3047 contradicente

375 3074 622 3142 superbia
655 3085 848 3142 vestra,
883 3091 988 3130 non
1017 3077 1214 3132 desinit
1239 3079 1348 3133 Deo
1370 3079 1570 3146 dicere,
1595 3081 1802 3136 Dimitte
1819 3083 1960 3138 nobis

375 3166 540 3220 debita
569 3177 761 3223 nostra.
811 3169 891 3223 Tu
931 3179 1104 3226 autem
1141 3180 1335 3241 quanta
1366 3175 1667 3244 arrOgantia
1695 3185 1749 3230 et
1773 3175 1842 3230 de
1869 3193 1959 3232 ve-

375 3269 498 3314 strm
539 3262 950 3332 prcrsumptione
994 3264 1204 3319 virtutis
1247 3265 1462 3332 dixeris,
1514 3265 1768 3338 Perfacile
1806 3270 1961 3340 igitur

374 3353 536 3406 studio
557 3355 838 3408 sanctitatis
857 3397 872 3420 ,
907 3355 1042 3424 quod
1077 3355 1210 3410 Deus
1237 3357 1444 3428 adiuvat
1469 3400 1483 3425 ,
1509 3367 1666 3428 potest
1697 3359 1846 3414 homo
1869 3378 1958 3414 ca-

375 3461 480 3498 rere
520 3447 775 3514 peccatis;
799 3445 888 3500 ille
923 3461 1028 3500 non
1073 3447 1346 3516 agnoscit,
1378 3449 1466 3518 qui
1506 3449 1752 3520 dogmata
1783 3460 1957 3506 vestra

375 3553 476 3591 non
505 3539 673 3592 novit.
699 3537 830 3593 Nam
860 3547 914 3594 et
950 3539 1181 3594 studium
1213 3541 1508 3596 sanctitatis
1545 3543 1659 3598 sine
1695 3543 1960 3613 adjutorio

375 3629 466 3682 Dei
509 3629 666 3682 vultis
697 3629 747 3684 in
778 3629 1006 3685 hominis
1036 3631 1308 3686 voluntate
1339 3633 1660 3702 praecedere,
1684 3635 1822 3706 quod
1849 3653 1960 3692 me-

375 3719 474 3772 rito
513 3719 655 3774 Deus
683 3719 875 3776 debeat
897 3721 1166 3792 adjuvare,
1201 3739 1303 3776 non
1328 3723 1488 3794 gratis
1516 3741 1528 3777 :
1553 3735 1606 3780 et
1635 3727 1712 3782 sic
1739 3729 1956 3785 creditis

375 3809 644 3866 hominem
689 3811 740 3865 in
767 3811 866 3867 hac
893 3829 1192 3868 mrumnosa
1241 3815 1342 3868 vita
1375 3831 1530 3885 posse
1555 3832 1738 3873 carere
1765 3835 1956 3889 pecca-

375 3903 458 3968 tis,
493 3912 550 3955 ut
581 3919 686 3956 non
718 3903 768 3956 in
811 3918 868 3958 se
911 3903 1107 3958 habent
1134 3921 1299 3974 quare
1339 3905 1512 3973 dicat,
1553 3907 1760 3964 Dimitte
1816 3913 1959 3967 nobis

372 3997 536 4050 debita
567 4007 757 4051 nostra.
784 3997 1036 4066 Quamvis
1063 3998 1331 4068 aliquanto
1372 4001 1605 4056 timidius
1635 4003 1685 4056 id
1714 4007 1958 4074 posuisse

371 4087 629 4153 videaris;
661 4089 782 4158 quia
815 4103 917 4144 non
943 4089 1142 4153 dixisti,
1165 4090 1344 4146 Potest
1364 4092 1610 4148 omnibus
1625 4109 1808 4150 carere
1829 4111 1958 4167 pec-

371 4185 528 4239 catis.
557 4183 753 4238 V'erum
781 4198 878 4238 nec
919 4183 1232 4252 quibusdam
1260 4183 1436 4240 dicere
1451 4185 1694 4252 voluisti;
1725 4189 1820 4243 sed
1845 4197 1959 4244 tan-

371 4293 528 4348 quam
573 4276 668 4332 tibi
706 4277 818 4348 ipse
861 4275 928 4331 de
977 4275 1136 4330 nimia
1163 4285 1338 4332 vestra
1380 4279 1790 4349 praesumptione
1831 4296 1957 4336 eru-

371 4375 570 4438 bueris,
617 4373 686 4426 ita
734 4371 1048 4428 sententiam
1107 4373 1434 4442 temperasti,
1495 4381 1553 4427 ut
1595 4383 1649 4428 et
1697 4383 1870 4430 vestra
1906 4385 1960 4431 et

371 4477 549 4522 nostra
581 4473 762 4538 posset
805 4479 936 4522 voce
973 4463 1201 4519 defendi.
1233 4463 1362 4519 Nam
1395 4465 1438 4518 si
1469 4467 1608 4538 apud
1647 4467 1958 4538 Pelagianos

372 4558 704 4624 (incutiatur,
733 4555 1141 4628 respondebitur
1183 4554 1303 4610 ideo
1346 4572 1448 4610 non
1501 4558 1696 4612 dictum
1736 4560 1955 4628 quibus-

371 4650 514 4714 dam,
546 4650 668 4720 quia
712 4648 962 4702 omnibus
1005 4647 1236 4717 peccatis
1277 4663 1460 4704 carere
1499 4649 1767 4706 hominem
1799 4667 1958 4723 posse

371 4741 548 4799 dixisti
580 4757 594 4793 :
625 4743 666 4794 si
689 4747 864 4794 autem
892 4737 1029 4808 apud
1061 4753 1178 4804 nos,
1207 4749 1258 4794 et
1286 4737 1372 4794 hic
1397 4741 1804 4810 respondebitur
1837 4745 1956 4800 ideo

371 4851 473 4891 non
505 4833 706 4888 dictum
755 4831 1024 4898 omnibus,
1065 4831 1312 4900 quoniam
1359 4833 1649 4902 quemlibet
1685 4834 1954 4892 hominem

371 4927 604 4982 volueris
625 4925 862 4996 intelligi,
889 4940 986 4996 pro
1009 4925 1324 4996 quibusdam
1356 4927 1586 4995 peccatis
1605 4943 1824 4985 necesse
1856 4929 1953 4984 ba-

373 5017 498 5073 ἰξειέ
540 5017 746 5072 veniam
787 5015 1076 5086 postulare.
1110 5014 1216 5070 Sed
1253 5015 1344 5086 qui
1378 5015 1573 5070 scimus
1602 5017 1727 5088 quid
1753 5019 1951 5075 sentia-

375 5113 456 5176 tis,
487 5110 693 5165 nescire
715 5125 820 5164 non
847 5124 1130 5179 possumus
1151 5108 1419 5180 quomodo
1442 5109 1539 5164 ista
1570 5111 1779 5167 dicatis.

440 5203 528 5262 50.
587 5221 606 5255 ι
641 5203 695 5259 Si
747 5201 979 5274 gentilis,
1011 5221 1030 5254 ι
1079 5201 1276 5273 inquis,
1329 5219 1346 5252 ‹
1391 5201 1587 5258 nudum
1638 5208 1948 5275 operuerit,

373 5295 625 5366 ntunqnid
655 5295 780 5364 quia
801 5309 906 5348 non
929 5303 1011 5348 est
1039 5308 1105 5348 ex
1137 5293 1263 5358 ﬁde,
1301 5303 1572 5363 peccatum
1591 5297 1712 5350 est?
1747 5315 1768 5350 ι
1795 5297 1952 5353 Pror-

373 5403 458 5454 sus
493 5391 545 5444 in
591 5396 846 5458 quantum
877 5402 982 5442 non
1007 5397 1088 5442 est
1123 5401 1188 5440 ex
1223 5385 1346 5454 ﬁde,
1386 5396 1658 5457 peccatum
1691 5397 1803 5456 est;
1843 5408 1948 5448 non

373 5482 488 5550 quia
527 5497 621 5552 per
648 5496 708 5536 se
725 5481 896 5552 ipsum
917 5478 1114 5534 factum
1136 5477 1180 5548 ³,
1207 5479 1348 5550 quod
1371 5490 1452 5536 est
1475 5481 1674 5536 nudum
1695 5484 1905 5554 operire
1929 5527 1945 5553 ,

433 5684 448 5716 ¹
475 5681 684 5732 Vaticani
705 5683 924 5744 quinque
945 5685 1073 5744 ωδε..
1095 5678 1284 5744 omnino
1317 5693 1410 5731 non
1431 5679 1541 5732 erit.

433 5746 452 5776 ²
474 5753 574 5794 Am.
595 5751 667 5792 Er.
685 5741 1184 5806 pluresquecallicaui
1197 5743 1464 5793 etvaticani
1477 5751 1603 5804 Mss,
1615 5743 1942 5800 delectatione.

375 5803 764 5876 t)u_oalii_vatic._,
793 5803 1060 5868 refectione.
1113 5866 1124 5876 -
1285 5865 1296 5876 .

437 5869 456 5900 ³
473 5867 780 5920 Floriacensis
804 5866 903 5928 ius,
925 5879 1018 5918 non
1040 5866 1154 5932 quia
1177 5879 1262 5931 per
1277 5866 1435 5930 ipsum
1457 5869 1655 5932 fectant.

1725 376 1928 436 LIBER
1963 375 2306 447 QUARTUS.

3556 403 3664 464 754

2082 506 2356 592 peccatum
2385 509 2466 556 est
2496 519 2510 558 :
2547 503 2642 560 sed
2666 503 2734 560 de
2761 505 2848 561 tali
2879 521 3042 580 opere
3071 527 3178 568 non
3207 514 3258 569 in
3289 515 3512 574 Domino
3543 519 3664 592 glo-

2079 583 2232 656 riari,
2260 592 2405 646 solus
2434 593 2627 665 impius
2661 609 2818 670 negat
2847 617 2966 658 esse
2992 615 3284 674 peccatum.
3313 609 3466 677 Quod
3496 583 3665 668 utvin-

2079 685 2285 755 telligas
2308 729 2322 751 ,
2357 693 2594 756 quamvis
2630 693 2739 763 jam
2786 699 2916 754 satis
2955 700 3079 758 inde
3111 703 3266 760 fuerit
3301 707 3623 778 disputatum
3645 755 3662 779 ,

2079 785 2256 832 tamen
2286 781 2410 850 quia
2455 799 2643 856 magna
2672 804 2758 846 res
2782 801 2884 860 est,
2913 794 3086 851 adhuc
3109 799 3378 870 paulisper
3402 806 3663 862 ausculta.

2078 867 2219 926 Ecce
2239 871 2425 928 eadem
2445 889 2808 938 conuuemoro
2832 899 2948 954 qua:
2977 887 3090 956 ipse
3109 867 3358 960 posuisti.
3388 912 3406 944 ‹
3441 895 3498 949 Si
3525 911 3660 966 gen-

2079 961 2185 1016 tilis
2222 983 2241 1016 »
2285 967 2370 1035 qui
2419 984 2524 1024 non
2559 971 2688 1026 vivit
2737 988 2803 1029 ex
2849 975 2987 1044 ﬁde,
3024 997 3042 1030 ι
3098 981 3295 1036 nudutn
3346 961 3659 1056 operuerit,

2077 1057 2460 1125 periclitantem
2510 1063 2832 1134 liberaverit,
2861 1069 2986 1138 mgri
3017 1072 3234 1127 vulnera
3273 1073 3486 1144 foverit,
3519 1078 3660 1133 divi-

2078 1149 2174 1204 tias
2217 1151 2454 1208 honesta:
2493 1155 2741 1212 amicitiae
2785 1159 3141 1229 impenderit,
3183 1165 3249 1219 ad
3299 1169 3660 1225 testimonium

2077 1238 2266 1296 falsum
2291 1259 2388 1298 nec
2414 1249 2692 1302 tormentis
2715 1253 2946 1319 potuerit
2967 1253 3202 1324 impelli;
3229 1275 3247 1308 ι
3275 1273 3456 1328 quaero
3473 1261 3568 1316 abs
3587 1271 3658 1328 te,

2075 1341 2251 1388 utrum
2283 1335 2396 1390 haec
2417 1353 2575 1408 opera
2609 1340 2746 1396 bona
2775 1343 2911 1399 bene
2937 1343 3125 1412 faciat,
3157 1363 3225 1402 an
3249 1350 3405 1405 male.
3435 1351 3490 1408 Si
3515 1353 3661 1408 enim

2073 1427 2314 1493 quamvis
2337 1427 2500 1497 bona,
2533 1431 2671 1487 male
2713 1441 2890 1490 tamen
2929 1435 3090 1505 facit;
3123 1457 3318 1512 negare
3360 1459 3466 1498 non
3505 1455 3656 1514 potes

2074 1529 2193 1569 eum
2221 1531 2463 1588 peccare,
2492 1521 2580 1590 qui
2621 1523 2757 1578 male
2783 1527 3056 1596 quodlibet
3083 1531 3224 1586 facit.
3253 1533 3356 1589 Sed
3386 1536 3510 1605 quia
3534 1551 3662 1593 eum

2073 1623 2178 1662 non
2209 1611 2290 1664 vis
2311 1653 2324 1678 ,
2355 1627 2474 1666 cum
2517 1615 2640 1670 facit
2679 1619 2776 1674 ista
2802 1660 2816 1686 ,
2850 1637 3104 1690 peccare;
3136 1627 3374 1696 profecto
3420 1629 3660 1688 dicturus

2071 1713 2130 1753 es
2150 1741 2164 1766 ,
2198 1699 2265 1755 Et
2297 1701 2434 1757 bona
2465 1705 2618 1774 facit,
2659 1718 2712 1764 et
2736 1709 2892 1766 bene.
2933 1713 3156 1773 Fructus
3183 1734 3311 1790 ergo
3337 1721 3507 1778 bonos
3536 1723 3663 1779 facit

2072 1792 2232 1847 arbor
2271 1795 2443 1851 mala:
2475 1799 2614 1868 quod
2651 1801 2763 1857 ﬁeri
2793 1820 2898 1860 non
2937 1821 3092 1876 posse
3127 1809 3335 1866 Veritas
3362 1814 3510 1870 dicit.
3539 1815 3662 1872 Noli

2073 1887 2404 1957 praecipitare
2425 1895 2744 1951 sententiam
2768 1939 2784 1965 ,
2811 1897 3096 1970 diligenter
3135 1903 3412 1960 considera
3448 1908 3574 1978 quid
3605 1918 3660 1967 te

2073 1981 2398 2050 respondere
2437 1989 2736 2044 conveniat.
2778 1991 2860 2046 An
2898 1991 3030 2049 dicis
3074 1994 3346 2054 hominem
3385 1999 3660 2058 inﬁdelem

2069 2071 2314 2128 arborem
2347 2075 2576 2132 bonam?
2605 2077 2784 2137 Placet
2813 2099 2938 2156 ergo
2969 2085 3078 2140 Deo
3104 2105 3116 2140 :
3151 2103 3320 2159 neque
3344 2093 3486 2146 enim
3515 2093 3657 2150 bono

2071 2173 2244 2232 potest
2267 2181 2368 2220 non
2399 2168 2607 2238 placere
2643 2173 2784 2242 quod
2812 2175 3012 2231 bonum
3041 2186 3143 2233 est.
3177 2179 3242 2234 Et
3273 2181 3360 2236 ubi
3386 2183 3488 2238 erit
3513 2185 3656 2254 quod

2069 2257 2326 2346 scriptum
2370 2269 2471 2330 est,
2521 2261 2648 2318 Sine
2685 2266 2788 2334 ﬁde
2841 2269 3148 2340 impossibile
3187 2283 3257 2328 est
3305 2274 3416 2330 Deo
3459 2279 3658 2346 placere

2069 2345 2252 2437 (Hebr.
2283 2365 2356 2416 xl,
2385 2349 2482 2420 6)?
2507 2353 2586 2408 An
2619 2358 2965 2424 respondebis
2991 2404 3005 2429 ,
3037 2363 3148 2418 Non
3177 2363 3228 2420 in
3255 2345 3506 2437 quantum
3537 2370 3657 2426 inﬁ-

2067 2436 2204 2494 delis
2233 2450 2314 2496 est
2338 2484 2352 2508 ,
2375 2443 2470 2498 sed
2497 2445 2547 2498 in
2575 2457 2828 2517 quantum
2861 2450 3021 2507 homo
3049 2463 3162 2520 est,
3193 2436 3350 2513 arbor
3375 2459 3512 2514 bona
3534 2464 3656 2518 est?

2068 2529 2144 2585 De
2171 2547 2276 2602 quo
2302 2549 2428 2604 ergo
2455 2537 2708 2595 Dominus
2730 2541 2822 2608 ait,
2851 2541 2970 2598 Non
2994 2556 3154 2612 potest
3173 2548 3324 2604 arbor
3345 2552 3480 2606 mala
3499 2553 3654 2610 bonos

2065 2621 2261 2691 fructus
2297 2625 2464 2696 facere
2494 2629 2707 2701 (Matth.
2750 2637 3017 2708 “1.18)?
3060 2641 3486 2711 quandoquidem
3531 2647 3653 2716 qui-

2066 2729 2294 2786 cumque
2315 2720 2436 2786 erit,
2460 2731 2550 2776 aut
2571 2722 2752 2792 immo,
2787 2737 2876 2782 aut
2903 2731 3122 2800 angelus
3144 2734 3264 2788 erit.
3285 2734 3391 2790 Sed
3419 2736 3464 2790 si
3489 2737 3651 2793 homo

2067 2805 2119 2860 in
2150 2817 2403 2876 quantum
2433 2811 2590 2868 homo
2629 2824 2730 2880 est,
2785 2818 2942 2874 arbor
2989 2821 3126 2876 bona
3173 2832 3282 2888 est;
3337 2825 3572 2895 profecto
3596 2839 3653 2884 et

2065 2898 2286 2967 angelus
2329 2901 2378 2954 in
2410 2913 2663 2972 quantum
2695 2909 2932 2978 angelus,
2978 2911 3136 2967 arbor
3191 2914 3329 2970 bona
3375 2927 3474 2972 est.
3523 2919 3650 2976 llaec

2065 2990 2208 3045 enim
2243 2993 2332 3048 Dei
2361 3005 2482 3050 sunt
2505 3011 2690 3068 opera,
2728 3001 2818 3071 qui
2840 3011 3143 3060 naturarum
3170 3008 3412 3063 conditor
3441 3020 3524 3065 est
3549 3011 3648 3066 bo-

2063 3099 2274 3139 narum.
2313 3089 2392 3142 Ac
2421 3104 2514 3158 per
2540 3089 2638 3148 hoc
2663 3094 2803 3148 nulla
2829 3097 2932 3151 erit
2959 3098 3118 3153 arbor
3143 3101 3298 3166 mala,
3332 3101 3397 3157 de
3441 3119 3542 3174 qua
3571 3103 3653 3158 di-

2069 3183 2210 3228 ctum
2239 3185 2340 3244 est,
2375 3180 2514 3248 quod
2554 3197 2658 3236 non
2697 3187 2860 3253 possit
2887 3187 3060 3244 facere
3081 3191 3283 3246 fructus
3305 3193 3489 3248 bonos.
3521 3194 3652 3264 Quis

2065 3263 2292 3322 inﬁdelis
2317 3269 2384 3322 ita
2419 3269 2701 3329 inﬁdeliter
2721 3278 2934 3348 sapiat?
2957 3278 3075 3334 Non
3105 3282 3279 3350 itaque
3305 3284 3356 3338 in
3379 3263 3636 3354 quamam

2065 3355 2225 3412 homo
2253 3369 2353 3428 est,
2373 3363 2513 3432 quod
2567 3375 2648 3420 est
2676 3382 2808 3438 Opus
2841 3371 2932 3426 Dei
2963 3389 2976 3438 ;
3002 3373 3096 3428 scd
3129 3375 3178 3428 in
3209 3389 3459 3445 quantum
3488 3379 3645 3434 malm

2067 3449 2352 3504 voluntatis
2380 3463 2482 3522 est,
2511 3456 2734 3527 quisque
2758 3460 2917 3515 arbor
2961 3463 3097 3518 mala
3127 3475 3227 3530 est,
3261 3477 3314 3540 et
3339 3468 3508 3524 bonos
3533 3469 3648 3526 fru-

2063 3551 2182 3596 ctus
2209 3543 2382 3600 facere
2430 3562 2536 3602 non
2567 3558 2759 3620 potest.
2789 3553 2921 3609 Vide
2960 3555 3139 3628 itaque
3167 3567 3342 3616 utrum
3375 3561 3645 3620 infidelem

2065 3632 2387 3689 voluntatem
2416 3637 2611 3694 audeas
2637 3640 2830 3698 bonam
2857 3643 3032 3702 dicere
3059 3648 3403 3706 voluntatem.

2135 3724 2222 3778 51.
2244 3723 2346 3780 Sed
2379 3727 2514 3784 forte
2531 3729 2768 3788 dicturus
2797 3749 2876 3802 es,
2903 3736 3205 3795 Misericors
3231 3743 3476 3800 voluntas
3503 3739 3646 3804 bona

2063 3823 2164 3870 est.
2189 3815 2351 3872 Recte
2397 3820 2534 3874 istud
2585 3823 2872 3894 diceretur,
2911 3829 2954 3882 si
3008 3832 3452 3900 quemadmodum
3509 3837 3646 3896 ﬁdes

2063 3905 2280 3972 Christi,
2321 3909 2370 3963 id
2426 3921 2528 3978 est,
2560 3912 2692 3969 ﬁdes
2720 3932 2836 3986 qua:
2878 3933 2973 3988 per
3024 3922 3360 3982 dilectionem
3394 3939 3643 3998 operatur

2068 3998 2331 4068 (Galat.v,
2357 4003 2435 4072 6),
2483 4019 2695 4075 semper
2737 4019 2818 4064 est
2843 4011 3001 4079 bona,
3029 4013 3097 4068 ita
3120 4017 3480 4076 misericordia
3505 4037 3648 4078 sem-

2063 4109 2156 4162 per
2177 4106 2316 4173 esset
2349 4097 2504 4152 bona.
2556 4099 2610 4156 Si
2649 4111 2824 4158 autem
2884 4107 3148 4173 reperitur
3177 4121 3228 4164 et
3271 4113 3638 4170 misericordia

2062 4184 2240 4250 mala,
2296 4203 2398 4255 qua
2437 4204 2662 4257 persona
2729 4196 2975 4264 pauperis
3034 4199 3292 4268 accipitur
3341 4203 3397 4256 in
3445 4205 3646 4272 judicio

2068 4273 2258 4345 (Exod.
2289 4293 2436 4342 xxm,
2471 4279 2568 4349 5);
2601 4292 2814 4351 propter
2861 4299 3016 4354 quam
3071 4299 3338 4356 postremo
3380 4309 3474 4346 rex
3516 4295 3644 4350 Saﬁl

2063 4367 2257 4422 meruit
2281 4382 2309 4421 a
2363 4369 2589 4424 Domino
2612 4413 2627 4438 ,
2653 4383 2706 4427 et
2745 4375 2924 4444 utique
2961 4379 3326 4448 misericorde,
3376 4382 3640 4455 damnari,

2061 4457 2182 4527 quia
2208 4469 2392 4514 contra
2419 4461 2534 4532 ejus
2581 4475 2902 4537 praeceptum
2929 4471 3136 4540 captivo
3179 4475 3287 4543 regi
3333 4491 3424 4544 per
3449 4475 3641 4533 huma-

2062 4565 2185 4603 num
2223 4553 2456 4621 pepercit
2484 4553 2729 4608 affectum
2761 4557 2808 4628 (l
2838 4557 2965 4630 Reg.
2988 4559 3080 4632 xv)
3117 4579 3128 4614 :
3160 4565 3411 4620 attentius
3441 4571 3638 4638 cogita,

2061 4658 2128 4697 ne
2159 4641 2294 4698 forte
2323 4646 2686 4702 misericordia
2719 4649 2854 4704 bona
2898 4667 3006 4706 non
3048 4655 3114 4707 sit
3139 4694 3154 4720 ,
3208 4656 3306 4710 nisi
3336 4673 3454 4728 quae
3485 4661 3642 4732 hujus

2061 4733 2212 4789 bona:
2245 4735 2364 4790 ﬁdei
2394 4736 2570 4791 fuerit.
2617 4740 2726 4794 lmo
2757 4743 3049 4812 responde,
3083 4754 3138 4800 ut
3165 4745 3267 4800 hoc
3297 4748 3412 4804 sine
3434 4751 3641 4807 dubita-

2063 4829 2206 4884 tione
2233 4832 2543 4900 perspicias,
2587 4841 2760 4890 utrum
2787 4835 2980 4890 bonam
3007 4838 3430 4898 misericordiam
3456 4845 3642 4901 existi-

2059 4937 2173 4976 mes
2223 4921 2511 4978 inlidelem.
2560 4923 2726 4979 Porro
2765 4926 2808 4980 si
2855 4928 3036 4982 vitium
3066 4941 3148 4988 est
3195 4935 3332 4990 male
3375 4937 3638 5002 misereri,

2059 5013 2242 5082 procul
2268 5015 2428 5069 dubio
2470 5015 2650 5070 vitium
2679 5026 2756 5072 est
2801 5019 3082 5076 inﬁdeliter
3111 5024 3370 5082 misereri.
3403 5027 3554 5094 Quod
3595 5031 3640 5082 si

2059 5115 2112 5161 et
2142 5105 2254 5175 ipsa
2301 5122 2396 5176 per
2424 5121 2482 5162 se
2521 5109 2686 5178 ipsam
2716 5111 2942 5166 naturali
2987 5118 3354 5186 compassionc
3402 5132 3534 5186 opus
3561 5127 3642 5172 cst

2057 5197 2293 5264 bonum;
2341 5199 2500 5254 etiam
2529 5201 2632 5254 isto
2653 5200 2793 5256 bono
2837 5204 2974 5258 male
3019 5205 3180 5260 utitur
3221 5207 3309 5278 qui
3357 5205 3640 5260 infideliter

2057 5293 2240 5356 utitur,
2273 5301 2328 5347 et
2349 5293 2450 5348 hoc
2477 5293 2673 5348 bonum
2703 5295 2842 5350 male
2871 5296 3017 5364 facit,
3047 5300 3134 5368 qui
3165 5299 3445 5353 inﬁdeliter
3473 5298 3635 5355 facit:

2057 5383 2143 5453 qui
2172 5396 2347 5438 autem
2373 5385 2510 5439 male
2541 5385 2664 5440 facit
2695 5387 2913 5458 aliquid,
2949 5391 3182 5458 profecto
3211 5397 3409 5458 peccat.

2127 5475 2214 5532 5‘2.
2247 5477 2318 5530 Ex
2349 5491 2453 5546 quo
2478 5475 2748 5548 colligitur
2770 5521 2784 5544 ,
2826 5479 2984 5533 etiam
3013 5479 3122 5548 ipsa
3155 5480 3288 5532 bona
3322 5495 3481 5548 opera
3514 5497 3632 5550 qua:

2054 5565 2253 5622 faciunt
2291 5569 2528 5624 infideles
2553 5609 2568 5634 ,
2618 5587 2724 5624 non
2769 5571 3001 5640 ipsorum
3031 5585 3182 5636 esse,
3230 5571 3323 5626 sed
3369 5571 3508 5627 illius
3547 5577 3636 5643 qui

2053 5659 2190 5715 bene
2221 5661 2386 5714 utitur
2412 5661 2582 5714 malis.
2615 5661 2854 5731 Ipsorum
2883 5669 3060 5715 autem
3084 5677 3201 5715 esse
3237 5674 3450 5731 peccata
3472 5704 3485 5728 ,
3514 5665 3634 5734 qui-

2051 5751 2151 5805 bus
2175 5760 2228 5805 et
2253 5751 2386 5804 bona
2417 5751 2554 5805 male
2579 5751 2806 5815 faciunt;
2847 5752 2966 5820 quia
2989 5767 3052 5806 ea
3079 5767 3182 5806 non
3217 5753 3356 5808 ﬁdeli
3382 5795 3396 5819 ,
3423 5755 3518 5810 sed
3549 5754 3632 5810 in-

2057 5843 2350 5913 ﬁdeli,.ltoc
2373 5853 2473 5912 cst,
2507 5843 2665 5900 stulta
2693 5853 2744 5900 et
2773 5843 2924 5904 noxia
2952 5843 3152 5904 faciunt
3171 5849 3439 5906 voluntate
3469 5867 3484 5906 :
3510 5865 3612 5922 qua
