4038 6474
449 547 519 606 lis
566 545 849 605 voluntas,
878 538 1024 595 nullo
1069 535 1357 591 christiano
1400 529 1697 593 dubitante,
1742 525 1902 601 arbor
1947 530 2031 580 est

456 638 592 693 mala
616 680 631 705 ,
664 652 780 706 quae
809 632 985 687 facere
1013 644 1116 683 non
1164 632 1336 697 potest
1365 623 1468 678 nisi
1499 623 1700 674 fructus
1742 617 1909 671 malos
1932 656 1947 682 ,
1979 614 2033 669 id

451 740 556 796 est,
584 708 694 783 sola
723 735 954 797 peccata.
983 722 1144 775 Omne
1164 718 1315 785 enim,
1340 716 1474 771 velis
1494 712 1654 779 nolis,
1678 709 1814 784 quod
1839 725 1939 763 non
1961 714 2034 762 est

450 841 515 878 ea:
552 822 656 891 ﬁde
678 862 692 885 ,
717 827 972 890 peccatum
1006 823 1079 868 est
1109 812 1287 882 (Rom.
1319 824 1408 864 xiv
1428 849 1444 875 ,
1471 805 1587 878 25).
1621 804 1687 859 Et
1726 802 1847 857 ideo
1894 800 2034 861 Deus

449 917 581 969 istas
610 914 828 967 arbores
854 924 957 963 non
980 914 1155 978 potest
1170 903 1401 975 diligere
1419 942 1436 968 ,
1465 908 1520 956 et
1546 899 1591 953 si
1617 898 1750 953 tales
1782 910 2032 966 perman-

450 1007 617 1060 serint
641 1047 656 1073 ,
688 1001 924 1073 disponit
956 997 1241 1055 excidere:
1280 992 1404 1067 quia
1443 992 1551 1047 sine
1588 989 1689 1059 ﬁde
1727 984 2037 1058 impossibile

450 1110 520 1155 cst
549 1099 767 1170 placere.
801 1095 906 1151 Sed
934 1095 1005 1149 ita
1029 1094 1119 1149 hic
1143 1093 1428 1155 immorer,
1460 1085 1612 1158 quasi
1657 1084 1786 1138 istas
1814 1081 2034 1135 arbores

453 1210 558 1248 non
599 1193 709 1269 jam
757 1199 814 1245 tn
846 1190 963 1262 ipse
1001 1187 1208 1269 steriles
1255 1178 1703 1256 pronuntiaveris.
1754 1174 2034 1246 Quomodo

452 1266 627 1355 igitur,
657 1285 878 1338 obsecro
902 1322 917 1347 ,
944 1268 1049 1334 non
1088 1286 1178 1333 aut
1203 1275 1404 1347 iocaris
1444 1273 1497 1328 in
1537 1270 1621 1326 his
1654 1266 2032 1341 disputationi-

453 1377 572 1441 bus,
601 1386 689 1429 aut
711 1374 906 1429 deliras
929 1413 943 1438 ,
973 1370 1060 1442 qui
1092 1367 1350 1425 sterilium
1392 1364 1596 1420 fructus
1635 1361 1887 1416 arborum
1916 1358 2034 1412 lau-

453 1468 587 1521 das?
612 1466 710 1534 Qui
740 1465 919 1535 utique
942 1470 1035 1517 aut
1059 1460 1185 1516 nulli
1214 1468 1357 1521 sunt,
1385 1465 1476 1511 aut
1505 1456 1550 1511 si
1577 1453 1703 1509 mali
1729 1459 1891 1518 sunt,
1922 1449 2037 1504 lau-

455 1558 615 1613 dandi
662 1574 766 1612 non
811 1564 935 1610 sunt
964 1574 976 1610 :
1004 1563 1094 1609 aut
1118 1553 1162 1607 si
1189 1551 1395 1607 fructus
1438 1549 1564 1604 boni
1609 1555 1763 1612 sunt,
1796 1541 2035 1617 profecto

450 1650 659 1707 steriles
681 1650 900 1705 arbores
920 1663 1024 1703 non
1054 1655 1197 1712 sunt,
1226 1646 1333 1699 imo
1358 1653 1412 1699 et
1452 1643 1605 1699 bona:
1637 1648 1782 1708 sunt,
1809 1651 2034 1713 quarum

453 1745 653 1800 'ruetus
695 1743 819 1798 boni
857 1749 1013 1808 sunt,
1046 1749 1100 1795 et
1124 1739 1321 1794 debent
1352 1738 1461 1793 Deo
1490 1736 1731 1808 placere,
1766 1732 1854 1787 cui
1880 1732 2035 1788 home

449 1838 672 1892 arbores
718 1851 824 1890 non
875 1841 1099 1906 possunt
1149 1832 1251 1888 nisi
1296 1831 1537 1902 placere,
1588 1826 1888 1895 falsumque
1935 1824 2037 1879 erit

450 1926 591 1999 quod
622 1927 876 1996 scriptum
903 1934 1004 1993 est,
1035 1923 1159 1980 Sine
1189 1923 1289 1993 ﬁde
1312 1918 1621 1991 impossibile
1645 1926 1714 1971 est
1746 1917 1961 1987 placere.

523 2020 611 2074 55.
642 2018 748 2074 Sed
774 2032 1125 2087 responsurus
1150 2029 1208 2069 es
1227 2055 1242 2080 ,
1269 2011 1395 2084 quid
1415 2054 1430 2081 ,
1464 2010 1566 2067 nisi
1591 2009 1763 2064 vana?
1799 2026 1817 2059 ι
1844 2006 1977 2078 Ego,
2012 2023 2032 2057 ι

453 2111 648 2180 inquis,
682 2110 963 2166 (steriliter
984 2108 1000 2139 ¹
1024 2107 1191 2162 bonos
1210 2105 1325 2162 dixi
1353 2103 1620 2169 homines,
1654 2099 1743 2172 qui
1770 2114 1876 2153 non
1910 2112 2038 2169 pro-

453 2214 572 2276 pter
592 2204 758 2258 Dcum
795 2198 1036 2255 faciendo
1072 2199 1209 2254 bona
1232 2212 1349 2267 qua:
1392 2194 1607 2261 faciunt,
1631 2208 1738 2247 non
1766 2191 1834 2247 ab
1869 2204 1935 2245 eo
1960 2188 2040 2243 vi-

455 2306 562 2351 tam
608 2302 1005 2363 consequuntur
1050 2300 1326 2345 :eternam.
1365 2308 1383 2339 ι
1410 2285 1592 2342 Justus
1628 2299 1755 2355 ergo
1800 2283 1939 2338 Deus
1985 2288 2041 2335 et

451 2387 625 2443 bonus
653 2385 821 2440 bonos
844 2392 926 2439 est
952 2383 1006 2438 in
1035 2388 1261 2437 mortem
1293 2379 1551 2434 missurus
1571 2375 1859 2431 :clernam?
1888 2374 2039 2447 Piget

448 2477 560 2551 jam
604 2476 783 2531 dicere
822 2486 982 2545 quam
1031 2472 1195 2528 multa
1246 2481 1297 2526 te
1342 2477 1632 2539 sequantur
1659 2467 1881 2530 insana,
1912 2465 2038 2519 talia

452 2571 771 2629 scutieutem
792 2612 808 2637 ,
837 2569 963 2624 talia
989 2567 1255 2623 dicentem
1276 2606 1290 2627 ,
1324 2563 1447 2619 talia
1487 2562 1810 2617 scribentem
1835 2601 1851 2628 ,
1880 2559 1931 2612 in
1960 2565 2041 2611 ta-

450 2662 590 2719 libus
617 2678 702 2717 me
741 2660 883 2732 quod
922 2659 1168 2722 similiter
1205 2672 1312 2711 non
1335 2654 1594 2725 desipiam
1620 2652 1765 2707 velut
1794 2649 2039 2705 censorie

453 2753 952 2825 reprehendentem.
976 2749 1083 2807 Sed
1106 2748 1337 2805 breviter
1357 2745 1557 2816 accipe,
1582 2759 1650 2799 ne
1675 2742 1812 2798 forte
1837 2757 1959 2797 cum
1987 2741 2040 2796 in

452 2849 615 2903 rebus
650 2847 779 2916 ipsis
816 2854 1022 2899 tantum
1064 2856 1216 2898 erres
1257 2847 1513 2910 quantum
1544 2838 1712 2892 errari
1753 2834 2039 2905 plurimum

456 2947 649 3009 potest,
673 2937 852 2992 videar
889 2945 1061 2991 tecum
1107 2941 1313 2988 certare
1340 2930 1407 2985 de
1430 2928 1627 2985 verbis.
1667 2927 1775 2981 Aut
1799 2941 1927 2997 ergo
1953 2924 2039 2979 in-

455 3031 632 3101 tellige
657 3028 799 3101 quod
826 3028 901 3082 ait
931 3026 1186 3082 Dominus
1206 3066 1220 3091 ,
1253 3022 1314 3079 Si
1335 3021 1513 3077 oculus
1542 3031 1658 3075 tuus
1690 3036 1901 3091 nequam
1928 3026 2035 3085 est,

455 3129 609 3176 totum
638 3136 822 3189 corpus
862 3129 1004 3172 tuum
1042 3114 1355 3171 tenebrosum
1389 3113 1522 3179 erit;
1553 3112 1599 3166 si
1646 3119 1812 3165 autem
1864 3109 2041 3164 oculus

456 3222 571 3270 tuus
625 3212 841 3284 simplex
900 3219 998 3278 est,
1049 3218 1208 3265 totum
1253 3223 1437 3279 corpus
1484 3213 1625 3261 tuum
1675 3203 1899 3259 lucidum
1948 3203 2041 3257 erit

455 3302 665 3375 (Matth.
697 3318 770 3368 νι,
794 3302 886 3370 25,
915 3300 1018 3372 22)
1059 3318 1072 3355 :
1104 3308 1158 3355 et
1188 3299 1330 3354 hunc
1351 3298 1564 3353 oculum
1600 3310 1829 3367 agnosce
1866 3293 2042 3349 inten-

454 3398 684 3463 tionem,
731 3411 834 3468 qua
874 3394 997 3451 facit
1037 3394 1260 3466 quisque
1302 3391 1445 3464 quod
1481 3390 1640 3456 facit;
1696 3397 1749 3445 et
1794 3404 1888 3459 per
1936 3387 2040 3443 hoc

454 3489 602 3546 disce
630 3505 773 3555 eum,
802 3489 891 3560 qui
918 3503 1022 3543 non
1057 3486 1183 3541 facit
1210 3500 1373 3555 Opera
1406 3484 1545 3539 bona
1589 3482 1885 3537 intentione
1917 3479 2040 3534 ﬁdei

454 3580 630 3647 bonae,
656 3580 759 3635 hoe
784 3588 866 3634 est
884 3621 900 3646 ,
930 3578 1046 3648 ejus
1082 3592 1202 3648 quae
1245 3591 1345 3647 per
1378 3573 1720 3630 dilectionem
1749 3581 2001 3642 Operatur
2022 3612 2036 3639 ,

455 3684 627 3729 totum
651 3674 801 3743 quasi
829 3687 1042 3742 corpus,
1073 3670 1215 3741 quod
1240 3669 1345 3723 illis
1365 3709 1381 3736 ,
1412 3666 1557 3722 velut
1592 3664 1847 3721 membris
1865 3706 1881 3733 ,
1908 3679 2040 3735 ope-

455 3767 603 3822 ribus
632 3773 857 3828 constat,
892 3763 1230 3818 tenebrosum
1270 3775 1425 3825 esse,
1457 3758 1558 3814 hoc
1583 3766 1686 3825 est,
1715 3757 1931 3830 plenum
1955 3756 2039 3810 ni-
2084 3756 2087 3759 ’

456 3857 674 3931 gredine
708 3865 1066 3926 peccatorum.
1106 3854 1210 3907 Aut
1233 3862 1379 3908 certe
1417 3852 1669 3923 quoniam
1698 3850 1885 3905 saltem
1911 3864 2041 3905 con-

456 3949 601 4005 cedis
622 3963 781 4017 opera
810 3947 1119 4013 inﬁdelium,
1142 3962 1261 4018 qua:
1290 3945 1382 3999 tibi
1404 3960 1591 3999 eorum
1611 3942 1855 3998 videntur
1877 3942 2036 4009 bona,

458 4056 564 4095 non
597 4049 772 4093 tamen
804 4053 897 4093 eos
923 4038 990 4092 ad
1026 4040 1251 4095 salutem
1291 4036 1671 4105 sempiternam
1714 4048 2041 4105 regnumque

457 4132 945 4204 perducere;scito
979 4144 1077 4184 nos
1104 4128 1229 4183 illud
1269 4128 1466 4183 bonum
1505 4126 1780 4181 hominum
1821 4125 1999 4180 dicere
2023 4167 2037 4193 ,

456 4229 601 4283 illam
627 4228 951 4282 voluntatem
990 4225 1205 4292 bonam,
1234 4224 1364 4279 illud
1390 4238 1523 4293 opus
1550 4221 1746 4276 bonum
1767 4264 1779 4285 ,
1807 4220 1922 4275 sine
1948 4220 2042 4274 Dei

456 4322 623 4395 gratia
653 4337 770 4392 quae
799 4319 957 4375 datur
986 4335 1080 4390 per
1106 4329 1267 4372 lltlllm
1299 4316 1645 4372 Mcdiatorem
1673 4315 1765 4369 Dei
1792 4324 1846 4368 et
1870 4312 2040 4367 homi-

456 4428 605 4479 num,
626 4413 823 4467 nemini
865 4426 1021 4481 posse
1053 4409 1313 4475 oonferri;
1341 4423 1439 4481 per
1474 4405 1617 4478 quod
1656 4405 1829 4461 solum
1877 4404 2041 4459 homo

457 4512 632 4575 potest
678 4502 743 4558 ad
787 4512 1043 4557 aeternum
1075 4501 1167 4556 Dei
1196 4490 1394 4555 donum
1424 4513 1753 4569 regnumque
1796 4495 2038 4566 perduci.

458 4595 645 4653 Omnia
684 4594 903 4666 proinde
949 4603 1139 4650 caetera
1179 4610 1297 4665 quae
1338 4592 1585 4647 videnlur
1627 4590 1765 4644 inter
1795 4588 2040 4644 homines

462 4686 661 4743 habere
697 4685 894 4758 aliquid
930 4686 1100 4741 laudis
1125 4728 1139 4753 ,
1168 4684 1446 4740 videantur
1493 4681 1586 4737 tibi
1622 4682 1845 4735 virtutes
1875 4696 2038 4746 verae,

461 4777 746 4834 videantur
792 4794 950 4850 opera
985 4779 1151 4844 bona,
1201 4788 1255 4833 ct
1295 4780 1411 4832 sine
1458 4774 1565 4829 ullo
1615 4772 1751 4827 facta
1796 4780 2037 4842 peccato.

458 4872 611 4941 Quod
640 4874 706 4929 ad
744 4890 831 4930 me
869 4874 1098 4944 pertinet
1116 4874 1159 4939 ',
1182 4871 1284 4926 hoc
1328 4870 1473 4937 scio,
1504 4871 1625 4940 quia
1669 4886 1778 4925 non
1806 4885 1868 4924 ea
1917 4868 2044 4923 facit

460 4964 710 5020 voluntas
730 4964 869 5020 bona
900 4982 912 5017 :
944 4964 1184 5019 voluntas
1215 4963 1408 5035 quippe
1437 4962 1665 5017 inﬁdelis
1692 4970 1850 5033 atque
1877 4962 2040 5032 impia

458 5072 568 5113 non
592 5065 675 5113 est
714 5057 873 5112 bona.
908 5057 1159 5111 Dicantur
1207 5054 1497 5109 secundum
1527 5063 1577 5109 te
1616 5052 1917 5124 hujusmodi
1942 5067 2039 5107 vo-

459 5149 691 5205 luntates
709 5150 926 5205 arbores
947 5148 1120 5211 bonae,
1144 5145 1339 5201 sufﬁcit
1359 5146 1500 5216 quod
1524 5145 1661 5216 apud
1689 5146 1854 5201 Deum
1885 5145 2043 5200 steri-

458 5240 540 5298 les
562 5252 716 5312 sunt,
742 5256 807 5298 ac
834 5257 927 5313 per
969 5240 1070 5295 hoc
1116 5255 1218 5293 non
1250 5239 1404 5293 bonae
1428 5257 1441 5292 :
1466 5238 1573 5293 sint
1612 5239 1749 5293 inter
1799 5238 2042 5292 homines

461 5333 747 5391 fructuosa:
772 5375 787 5400 ,
810 5333 952 5388 inter
990 5345 1125 5403 quos
1149 5338 1274 5385 sunt
1309 5338 1362 5385 et
1390 5330 1574 5396 bonae,
1603 5338 1655 5384 te
1697 5338 1915 5384 auctore
1938 5371 1952 5395 ,
1990 5338 2043 5384 te

462 5426 733 5481 laudatore
755 5466 771 5493 ,
798 5425 842 5480 si
871 5425 951 5479 vis
979 5423 1140 5480 etiam
1173 5423 1467 5494 plantatore
1491 5438 1506 5487 ;
1534 5421 1658 5476 dum
1701 5432 1880 5476 tamen
1910 5420 2040 5475 illud

460 5518 594 5572 velis
616 5516 753 5572 nolis
778 5515 1067 5576 obtineam.
1096 5514 1238 5586 quod
1270 5530 1419 5569 amor
1453 5513 1657 5577 mundi,
1685 5528 1793 5584 quo
1816 5513 2041 5583 quisque

465 5609 671 5665 amicus
693 5616 778 5665 est
820 5607 977 5679 hujus
1020 5606 1238 5674 mundi,
1271 5621 1377 5661 non
1415 5614 1497 5660 est
1534 5620 1564 5659 a
1605 5604 1756 5671 Deo;
1784 5619 2042 5676 amorque

462 5697 670 5754 fruendi
697 5699 1121 5770 quibuscumque
1140 5697 1395 5754 creaturis
1412 5697 1527 5752 sine
1547 5711 1727 5753 amore
1748 5695 2039 5765 Creatoris,

524 5804 1055 5872 fidamus,steriles.

525 5870 545 5903 ³
576 5864 874 5924 Gallicani'et
901 5872 1110 5924 Vaticani
1127 5879 1255 5937 ω..
1288 5867 1411 5934 Quid
1444 5868 1509 5921 ad
1539 5881 1615 5922 me
1646 5864 1865 5937 pertinet.

1205 414 1476 475 CONTRA
1517 408 1859 469 JULIANUM
1896 405 2361 475 PELAGIANUM,
2403 408 2461 465 S.
2502 408 2867 466 AUGUSTINI
2948 380 2955 391 ⁹

2139 538 2249 577 ηοη
2292 531 2374 579 est
2408 538 2438 578 a
2464 523 2576 580 Deo
2609 541 2622 577 :
2652 538 2803 580 amor
2840 530 3017 583 autem
3043 522 3136 580 Dei
3163 537 3269 595 quo
3306 526 3613 597 pervenitur
3650 529 3722 585 ad

2140 616 2332 684 Deum,
2364 633 2470 673 non
2497 627 2578 673 est
2614 617 2714 673 nisi
2743 633 2773 674 a
2817 617 2927 672 Deo
2951 618 3108 672 Patre
3129 634 3224 689 per
3242 617 3421 675 Jesum
3448 620 3721 677 Christum

2136 725 2255 766 cum
2278 711 2477 782 Spiritu
2500 721 2702 768 sancto.
2732 712 2835 767 Per
2860 712 3001 769 hunc
3015 729 3253 769 amorem
3275 712 3563 781 Creatoris,
3582 716 3723 773 bene

2138 818 2362 876 quisque
2385 805 2551 861 utitur
2576 805 2736 860 etiam
2766 808 3046 862 creaturis.
3078 806 3207 862 Sine
3234 807 3336 865 hoc
3355 824 3541 865 amore
3559 810 3724 867 Crea-

2139 895 2287 963 toris,
2321 898 2480 952 nullis
2505 901 2783 973 quisquam
2808 898 2944 955 bene
2971 900 3137 954 utitur
3160 902 3437 956 creaturis.
3461 902 3574 958 Hoc
3593 919 3724 974 ergo

2138 1002 2320 1043 amore
2353 1005 2485 1059 opus
2505 1000 2586 1046 est
2621 1002 2677 1046 ut
2720 993 2919 1049 bonum
2949 990 3250 1051 beatiﬁcum
3278 994 3347 1048 sit
3371 1001 3426 1048 et
3466 995 3725 1066 pudicitia

2139 1078 2459 1151 coniugalis,
2506 1092 2563 1136 ut
2589 1082 2659 1138 sit
2696 1082 2813 1153 ejus
2842 1083 3068 1139 intentio
3101 1084 3313 1155 quando
3343 1087 3507 1141 utitur
3533 1086 3725 1157 conju-

2139 1170 2219 1242 gis
2247 1187 2426 1238 carne,
2456 1189 2561 1229 non
2591 1174 2643 1230 in
2666 1175 2938 1244 voluptate
2964 1175 3219 1242 libidinis,
3244 1176 3342 1233 sed
3366 1177 3421 1231 in
3447 1177 3724 1233 voluntate

2139 1266 2476 1337 propaginis;
2508 1267 2554 1323 si
2579 1277 2754 1323 autem
2789 1269 2991 1336 vicerit,
3020 1278 3074 1323 et
3096 1278 3314 1340 propter
3332 1284 3393 1326 se
3423 1270 3593 1340 ipsam
3616 1286 3724 1326 non

2140 1365 2360 1427 propter
2406 1356 2543 1412 ﬁlios
2597 1360 2969 1435 propagandos
3012 1359 3127 1415 ﬁeri
3184 1360 3384 1432 aliquid
3437 1360 3726 1416 extorserit

2140 1457 2196 1502 et
2239 1449 2481 1518 voluptas
2510 1450 2549 1517 ¹,
2579 1450 2788 1506 veniale
2832 1460 3113 1525 peccatum
3140 1452 3211 1507 sit
3251 1462 3470 1531 propter
3509 1451 3728 1525 nuptias

2140 1538 2475 1595 Christianas.

2211 1631 2439 1687 CAPUT
2468 1631 2556 1687 IV.
2586 1664 2655 1674 —
2679 1632 2766 1688 54.
2796 1633 2911 1690 Νοη
2940 1644 3113 1691 autem
3143 1635 3293 1706 dixi,
3316 1636 3453 1708 quod
3485 1637 3726 1709 interpo-

2142 1722 2255 1779 sitis
2285 1723 2402 1779 aliis
2424 1739 2487 1777 ex
2510 1724 2645 1780 libro
2668 1740 2786 1779 meo
2808 1725 2985 1781 verbis
3015 1741 3101 1783 me
3129 1726 3331 1784 dixisse
3355 1727 3570 1794 dixisti,
3598 1729 3727 1784 [dco

2142 1815 2276 1885 ﬁlios
2301 1832 2407 1870 esse
2432 1814 2523 1870 sub
2548 1815 2738 1871 diaboli
2769 1825 3029 1888 potestate,
3058 1818 3175 1891 quia
3195 1818 3259 1874 de
3290 1836 3559 1891 corporum
3584 1838 3728 1875 com-

2140 1907 2381 1961 mixtione
2423 1918 2718 1963 nascuntur.
2770 1909 2927 1964 Aliud
2956 1921 3038 1965 est
3082 1912 3225 1967 enim
3254 1910 3462 1981 dicere,
3505 1913 3590 1983 qui
3616 1915 3639 1945 ³
3665 1913 3729 1967 de

2142 2016 2408 2072 corporum
2432 2003 2784 2057 commixtione
2806 2014 3083 2059 nascuntur
3108 2022 3129 2059 :
3147 2004 3288 2061 aliud
3311 2047 3327 2073 ,
3372 2004 3492 2077 quia
3514 2013 3577 2061 de
3612 2022 3730 2061 cor-

2144 2115 2324 2168 porum
2352 2101 2701 2156 commixtione
2746 2108 3042 2156 nascuntur.
3092 2100 3207 2156 Non
3235 2110 3413 2157 autem
3453 2100 3528 2156 ibi
3565 2116 3731 2159 causa

2144 2191 2267 2246 mali
2294 2202 2396 2259 est,
2438 2194 2559 2263 quia
2586 2193 2653 2249 de
2678 2210 2961 2266 corporum
2989 2195 3367 2251 commixtione
3392 2205 3684 2250 nascuntur
3711 2214 3726 2253 :

2142 2301 2315 2361 neque
2343 2287 2484 2342 enim
2509 2288 2717 2343 etiamsi
2748 2297 2931 2343 natura
2960 2288 3191 2343 humana
3234 2288 3526 2360 primorum
3556 2288 3732 2345 homi—

2144 2395 2270 2434 num
2309 2390 2526 2453 peccato
2562 2381 2741 2436 vitiata
2769 2395 2874 2436 non
2900 2390 3075 2447 esset,
3122 2389 3339 2450 possent
3369 2380 3462 2434 lilii
3511 2378 3613 2434 nisi
3661 2379 3731 2434 de

2143 2485 2425 2541 corporum
2443 2472 2819 2529 commixtione
2838 2471 3098 2543 generari.
3112 2470 3214 2529 Sed
3232 2470 3350 2526 ideo
3366 2471 3465 2525 sub
3479 2465 3695 2525 diabolo
3707 2475 3730 2502 ‘

2144 2573 2287 2629 sunt,
2340 2564 2430 2635 qui
2475 2564 2542 2620 de
2572 2580 2857 2637 corporum
2880 2564 3259 2620 commixtione
3286 2572 3608 2629 nascuntur,
3641 2577 3733 2619 an-

2145 2662 2353 2727 tequam
2378 2670 2473 2724 per
2496 2655 2739 2731 spiritum
2766 2664 3142 2721 renascantur;
3173 2655 3296 2725 quia
3324 2670 3422 2726 per
3462 2654 3606 2709 illam
3635 2668 3734 2709 na-

2143 2757 2366 2803 scuntur
2385 2747 2886 2817 concupiscentiam,
2915 2763 3017 2823 qua
3045 2762 3170 2803 caro
3189 2746 3511 2817 concupiscit
3535 2745 3734 2800 adver-

2143 2854 2235 2895 sus
2264 2840 2529 2912 Spiritum,
2559 2850 2613 2895 et
2639 2839 2919 2896 adversum
2947 2855 3006 2895 se
3050 2839 3191 2911 cogit
3218 2839 3595 2909 concupiscere
3622 2838 3735 2908 spi-

2144 2936 2303 2991 ritum
2350 2933 2546 3007 (Galat.
2570 2949 2626 3001 v,
2658 2934 2770 3004 Π).
2798 2932 2926 3001 Quae
2972 2948 3143 3004 pugna
3176 2932 3300 2987 boni
3329 2939 3383 2987 et
3421 2931 3545 2986 mali
3585 2930 3736 2987 nulla

2143 3034 2321 3094 esset,
2361 3026 2406 3081 si
2435 3040 2593 3081 nemo
2620 3033 2909 3096 peccasset.
2956 3022 3106 3080 Sicut
3130 3033 3308 3078 autem
3351 3032 3474 3078 ante
3499 3021 3737 3078 hominis

2143 3117 2477 3190 iniquitatem
2518 3116 2658 3170 nulla
2696 3123 2812 3170 erat
2835 3156 2849 3181 ,
2888 3114 2960 3169 ita
3006 3122 3125 3186 post
3154 3112 3510 3169 inﬁrmitatem
3541 3111 3736 3169 "nulia

2143 3211 2263 3267 erit.

2214 3299 2441 3357 CAPUT
2469 3300 2531 3354 V.
2560 3328 2633 3340 --
2656 3299 2745 3355 55.
2771 3297 2876 3355 Sed
2904 3297 3006 3353 alia
3046 3312 3231 3352 rursus
3259 3312 3377 3353 mea
3403 3297 3559 3353 verba
3603 3311 3735 3368 pro-

2142 3394 2299 3467 ponis
2318 3435 2333 3461 ,
2364 3401 2417 3471 et
2443 3391 2808 3463 copiosissime
2847 3389 3086 3460 disputas
3116 3407 3130 3443 :
3163 3388 3413 3455 Quoniam
3436 3366 3738 3459 cmimpari-

2143 3487 2235 3539 bus
2260 3484 2402 3538 bonis
2422 3484 2685 3554 compositi
2711 3498 2884 3537 sumus
2904 3524 2918 3547 ,
2947 3482 3175 3536 animum
3200 3482 3402 3552 corpori
3426 3480 3601 3534 debere
3636 3480 3739 3535 do-

2144 3579 2328 3633 minari
2356 3594 2607 3648 :quorum
2635 3577 2851 3630 alterum
2878 3575 3019 3631 nobis
3054 3592 3169 3630 cum
3206 3575 3303 3630 diis
3326 3617 3341 3642 ,
3371 3576 3587 3629 alterum
3614 3590 3740 3629 cum

2145 3669 2324 3724 belluis
2353 3686 2710 3724 commemoras
2739 3685 2845 3722 esse
2864 3684 3145 3721 commune.
3179 3666 3246 3721 Et
3283 3666 3394 3720 ideo
3422 3667 3476 3720 id
3498 3665 3634 3737 quod
3660 3674 3741 3721 est

2144 3762 2321 3815 melius
2340 3802 2355 3830 ,
2386 3761 2440 3814 id
2457 3769 2552 3828 est,
2576 3760 2803 3814 animum
2831 3759 3013 3813 uirtute
3035 3757 3301 3823 praeditum
3330 3758 3463 3813 dicis
3489 3766 3537 3811 et
3574 3773 3741 3812 meo»

2145 3852 2247 3907 bris
2266 3854 2487 3923 corporis
2509 3852 2630 3907 bene
2648 3861 2695 3906 et
2722 3852 3079 3924 cupiditatibus
3098 3868 3343 3925 miperare
3364 3851 3458 3923 (a).
3476 3850 3586 3906 Nec
3603 3865 3712 3908 con
3726 3881 3742 3897 ο

2146 3946 2349 4000 sideras
2376 3945 2516 4016 quod
2538 3945 2913 4015 cupiditatibus
2936 3961 3041 4000 non
3067 3945 3146 4001 sic
3172 3944 3462 4014 imperatur
3488 3955 3543 3999 ut
3571 3961 3734 4001 mem‘

2146 4034 2275 4091 bris.
2299 4034 2628 4107 Cupiditates
2656 4036 2798 4091 enim
2832 4037 2984 4091 mala:
3018 4045 3169 4103 sunt,
3201 4051 3334 4107 quas
3378 4038 3583 4091 ratione
3620 4035 3721 4092 fre-

2146 4144 2364 4194 namus,
2393 4137 2578 4185 contra
2617 4144 2749 4202 quas
2773 4138 2950 4184 mente
2977 4145 3271 4200 pugnamus
3302 4149 3313 4183 :
3339 4132 3575 4187 membra
3604 4148 3740 4190 vero

2146 4221 2283 4277 bona
2306 4230 2450 4287 sunt,
2482 4237 2600 4295 qua:
2627 4221 2914 4276 voluntatis
2937 4236 3208 4276 movemus
3230 4220 3469 4289 arbitrio,
3497 4224 3740 4295 exceptis

2140 4312 2465 4384 genitalibus
2485 4355 2498 4379 ,
2540 4313 2779 4383 quamvis
2806 4322 2859 4368 et
2886 4312 2995 4384 ipsa
3027 4329 3093 4369 ex
3132 4314 3225 4368 Dei
3252 4330 3413 4384 opere
3438 4315 3576 4370 bona
3603 4317 3738 4372 sint.

2146 4404 2273 4473 Quae
2304 4404 2423 4460 ideo
2453 4401 2700 4474 pudenda
2726 4403 2991 4470 dicuntur,
3017 4405 3138 4476 quia
3178 4404 3296 4475 plus
3325 4407 3378 4460 in
3408 4407 3485 4461 eis
3506 4422 3738 4467 moven-

2146 4494 2228 4551 dis
2260 4495 2535 4566 potestatis
2562 4495 2719 4551 habet
2757 4495 2941 4563 libido,
2972 4512 3128 4567 qnam
3160 4497 3294 4552 ratio
3325 4516 3337 4551 :
3365 4514 3483 4570 quae
3512 4508 3693 4555 tamen
3714 4500 3741 4534 ⁸

2148 4603 2254 4644 non
2280 4589 2503 4643 sinimus
2523 4598 2831 4659 perpetrare
2860 4604 2965 4661 quo
2996 4598 3245 4660 provocat
3273 4590 3386 4662 ipsa
3409 4594 3701 4649 commotio
3720 4635 3738 4661 ,

2147 4696 2267 4735 cum
2298 4680 2534 4736 membra
2555 4688 2748 4735 caetera
2778 4680 2915 4735 facili
2942 4692 3213 4737 teneamus
3239 4683 3481 4753 imperio.
3508 4683 3739 4752 Quando

2146 4785 2321 4849 autem
2345 4773 2483 4830 male
2510 4774 2672 4828 utitur
2693 4772 2854 4829 homo
2883 4775 3134 4832 membris
3164 4776 3348 4841 bonis,
3386 4777 3486 4831 nisi
3521 4778 3741 4848 quando

2146 4867 2409 4922 consentit
2431 4866 2509 4921 eis
2534 4882 2651 4937 qua:
2678 4866 2729 4919 in
2763 4865 2916 4921 nobis
2942 4865 3182 4921 habitant
3208 4865 3585 4936 cupiditatibus
3623 4883 3741 4923 ma-

2145 4957 2244 5013 lis?
2271 4956 2327 5011 ln
2367 4957 2558 5027 quibus
2590 4956 2751 5011 libido
2780 4971 2891 5027 prae
2916 4957 3122 5011 caeteris
3154 4957 3319 5028 turpis
3358 4966 3470 5024 est,
3500 4958 3587 5012 cui
3633 4959 3739 5015 nisi

2146 5051 2457 5116 resistatur,
2500 5047 2763 5103 horrenda
2793 5048 3063 5102 immunda
3108 5047 3412 5103 committit.
3444 5047 3563 5115 Quo
3592 5049 3741 5105 malo

2147 5139 2283 5195 bene
2332 5154 2439 5194 non
2481 5140 2677 5206 utitur,
2716 5138 2816 5194 nisi
2857 5139 2967 5194 sola
2994 5139 3240 5210 pudicitia
3266 5140 3581 5211 conjugalis.
3611 5140 3741 5197 [hec

2147 5243 2323 5289 autem
2348 5231 2513 5288 libido
2542 5231 2663 5287 ideo
2687 5230 2883 5287 malum
2912 5246 3019 5287 non
3040 5239 3123 5287 est
3146 5232 3203 5286 in’
3228 5230 3418 5287 belluis
3439 5272 3454 5299 ,
3476 5233 3736 5303 quoniam

2212 5438 2230 5469 ί
2267 5446 2363 5486 Am.
2391 5443 2443 5487 et
2458 5443 2555 5487 Er..
2577 5433 2804 5487 volimtas.

2210 5499 2232 5572 ξ
2256 5470 3239 5572 ἒιτὲίςὲἒίιῖιᾷἶιιᾜῗηῦἶ’θξ.φλεξυεοῖίνβξ-

2212 5561 2233 5594 ⁸
2254 5562 2325 5612 sic
2349 5569 2453 5611 Mss.
2481 5568 2535 5611 Αι
2557 5558 2697 5621 editi,
2712 5559 2801 5610 sub
2820 5558 3000 5610 diaboli
3020 5558 3259 5623 potestate.

2209 5623 2243 5685 δέ
2265 5623 2332 5672 Ad
2353 5635 2485 5685 oram
2506 5622 2685 5673 codicis
2704 5622 2952 5684 cujusdam
2972 5621 3328 5672 Gemblacensis
3355 5622 3594 5685 saiptnm
3618 5631 3697 5674 est
3720 5633 3738 5674 :

2154 5701 2178 5732 ι
2199 5684 2341 5744 Alias,
2362 5682 2630 5734 sanitatem.
2655 5700 2680 5729 ι

2208 5748 2230 5781 ⁸
2262 5752 2312 5820 tn
2323 5746 2555 5820 margine
2576 5744 3209 5820 floriacensilsjnr‘tanuscripti
3222 5746 3466 5799 adnotavit
3479 5748 3737 5816 quispiam.

2149 5822 2263 5860 esse
2286 5806 2508 5872 hicgfortc
2532 5808 2819 5872 addendum,
2842 5806 3055 5872 dilﬁcile.

2213 5872 2285 5935 (α)
2317 5869 2567 5922 Sallustius
2604 5871 2657 5921 in
2694 5870 2895 5935 prologo
2911 5869 3144 5923 Catilinae.
