4038 6466
311 5411 319 5468 i

323 385 426 444 757

325 515 430 560 non
453 503 718 569 repugnat
742 493 954 560 rationi,
979 507 1080 564 qua
1101 495 1306 550 carent.
1329 486 1436 546 Cur
1459 494 1638 544 autem
1661 501 1766 542 non
1789 499 1908 542 cre-

325 595 468 662 ditis,
493 593 798 648 hominibus
821 591 878 644 in
902 587 1148 662 paradiso
1167 575 1469 642 constitutis
1491 589 1618 638 ante
1635 589 1912 652 peceatum

327 687 582 744 divinitus
609 684 846 756 potuisse
889 681 1147 744 concedi,
1179 687 1238 733 ut
1267 676 1546 748 tranquilla
1587 675 1824 729 motione
1863 679 1920 727 et

327 778 702 850 conjunctione
745 777 826 831 vel
852 773 1229 830 commixtione
1259 773 1618 827 membrorum
1661 767 1776 822 sine
1813 765 1919 820 ulla

327 871 550 927 libidine
575 869 716 924 lilios
757 873 1139 937 procrearent;
1169 873 1262 918 aut
1303 863 1354 917 in
1402 863 1481 916 eis
1521 860 1709 914 saltem
1755 856 1920 911 libido

327 966 448 1020 talis
467 975 633 1032 esset,
670 962 822 1034 mijos
849 967 1024 1016 motus
1049 974 1150 1015 nec
1183 956 1532 1029 praecederet,
1561 968 1660 1008 nec
1687 950 1918 1008 excede-

327 1069 414 1114 ret
449 1057 818 1113 voluntatem?
855 1057 935 1110 An
963 1053 1113 1108 vobis
1141 1051 1304 1106 libido
1331 1063 1520 1121 parum
1550 1053 1633 1102 est
1659 1045 1778 1116 quia
1812 1045 1924 1114 pla-

325 1161 450 1219 cet,
495 1151 600 1206 nisi
639 1159 692 1206 ct
733 1149 853 1204 talis
891 1149 1128 1220 placeat,
1157 1160 1276 1216 quae
1303 1144 1546 1198 nolentes
1575 1139 1736 1196 etiam
1765 1153 1924 1207 repu-

327 1253 664 1316 gnantesque
683 1241 968 1296 sollicitet?
999 1239 1076 1294 De
1101 1255 1202 1310 qua
1231 1233 1500 1306 Pelagiani
1529 1231 1740 1302 quidem
1764 1229 1924 1284 etiam

331 1339 516 1392 litibus
543 1337 833 1407 gloriantur
851 1377 864 1402 ,
893 1343 1140 1404 tanquam
1163 1330 1230 1387 de
1263 1330 1438 1400 aliquo
1465 1327 1606 1381 bono
1633 1342 1650 1379 τ
1683 1323 1777 1378 sed
1807 1335 1926 1376 eam

331 1431 510 1486 sancti
553 1427 836 1500 gemitibus
873 1425 1225 1489 conﬁtentur,
1277 1431 1336 1477 ut
1377 1421 1668 1474 liberentur
1704 1431 1734 1470 a
1763 1413 1927 1470 mlo.

409 1521 636 1578 CAPUT
659 1521 746 1590 Vl.
779 1551 848 1561 ——
879 1519 967 1574 50.
995 1516 1230 1573 Ridenda
1255 1513 1606 1568 contrarietate
1627 1524 1708 1562 me
1744 1507 1931 1560 dixisse

331 1614 682 1669 calumniaris
699 1655 713 1680 ,
746 1611 874 1666 alios
896 1627 1007 1665 reos
1047 1625 1108 1663 ea:
1133 1609 1261 1662 bono
1281 1647 1296 1672 ,
1323 1605 1450 1658 alios
1479 1610 1680 1656 sanctos
1707 1613 1770 1652 es
1793 1598 1930 1650 malo

337 1725 492 1778 opere
513 1723 534 1761 :
565 1705 812 1780 quoniam
855 1705 996 1770 dixi,
1029 1703 1322 1774 nuptiarum
1349 1699 1530 1752 bonum
1561 1695 1784 1748 homines
1807 1692 1931 1762 inﬁ~

341 1803 478 1857 delos
503 1799 777 1870 inﬁdeliter
805 1797 988 1853 utendo
1009 1840 1022 1864 ,
1055 1798 1108 1850 in
1133 1795 1322 1850 malum
1347 1799 1704 1864 peccatumque
1727 1803 1935 1842 conuer-

343 1905 476 1960 tere;
505 1909 660 1964 eoque
685 1892 834 1946 modo
872 1887 1288 1960 concupiscentiis
1329 1885 1518 1938 malum
1544 1887 1828 1936 convertere
1867 1879 1934 1948 ﬁ-

343 1987 532 2040 delium
560 1985 762 2054 nuptias
799 1983 852 2036 in
879 1999 1022 2036 usum
1056 1979 1274 2050 justitia:
1303 1976 1402 2049 (De
1433 1974 1640 2046 Nuptiis
1677 1981 1723 2026 et
1750 1987 1936 2024 concu-

343 2079 613 2152 piscentia,
643 2079 727 2134 tib.
759 2079 810 2143 l,
841 2095 895 2131 η.
930 2077 1008 2146 5).
1035 2076 1110 2130 Ac
1131 2089 1225 2144 per
1253 2073 1352 2126 hoc
1383 2085 1487 2124 non
1509 2068 1639 2132 dixi,
1663 2066 1795 2120 alios
1817 2077 1938 2118 reos

343 2189 408 2228 ex
438 2187 602 2244 Opere
629 2172 770 2226 bono
791 2213 803 2234 ,
837 2168 930 2224 sed
962 2183 1024 2222 ex
1053 2180 1216 2237 opere
1233 2163 1392 2228 male,
1423 2175 1529 2231 quo
1549 2159 1688 2214 male
1717 2163 1939 2210 utuntur

343 2263 537 2328 bonis;
564 2277 662 2318 nec
687 2262 819 2316 alios
843 2267 1053 2316 sanctos
1075 2273 1140 2312 ex
1169 2271 1330 2328 apere
1355 2254 1493 2307 malo
1509 2293 1522 2318 ,
1561 2249 1655 2306 sed
1683 2263 1752 2304 ex
1775 2261 1940 2316 opere

347 2357 510 2422 bono,
545 2371 652 2426 quo
681 2355 818 2410 bene
847 2361 1068 2408 utuntur
1093 2349 1267 2404 malis.
1293 2348 1353 2402 Si
1377 2361 1484 2400 non
1515 2345 1593 2398 vis
1619 2341 1936 2410 intelligere,

345 2459 440 2502 aut
465 2447 510 2502 si
539 2455 589 2502 te
617 2446 770 2516 lingis
797 2459 902 2498 non
925 2443 1254 2512 intelligere;
1287 2438 1392 2494 noli
1419 2437 1728 2505 obstrepere
1751 2431 1939 2486 volen-

349 2537 491 2592 tibus
535 2545 588 2591 et
615 2535 912 2589 valentibus
943 2532 1260 2600 intelligere.

419 2627 648 2684 CAPUT
679 2625 784 2682 VII.
811 2655 884 2666 ——
907 2625 994 2678 37.
1032 2623 1090 2678 Si
1128 2621 1312 2690 aliquis
1351 2619 1518 2674 malus
1549 2617 1698 2671 condi
1743 2621 1939 2686 posset,

345 2719 546 2788 inquis,
569 2733 830 2788 nunquam
849 2717 900 2770 in
927 2715 1110 2768 bonum
1131 2712 1385 2766 ablatione
1407 2709 1658 2763 transiret.
1683 2707 1762 2761 Eo
1781 2703 1944 2760 modo

353 2811 582 2876 diceres,
609 2823 802 2878 corpus
831 2806 972 2878 quod
998 2803 1222 2860 mortale
1247 2801 1516 2858 conditum
1543 2807 1654 2864 est,
1687 2797 1802 2852 ﬂeri
1838 2797 1946 2850 im-

351 2903 577 2958 mortale
605 2917 710 2956 non
743 2915 900 2970 posse
933 2915 946 2952 :
975 2907 1030 2953 et
1065 2907 1240 2950 tamen
1261 2905 1316 2949 ut
1339 2892 1470 2948 illud
1490 2933 1504 2958 ,
1537 2893 1608 2946 ita
1634 2897 1690 2946 et
1717 2889 1819 2945 hoe
1849 2887 1944 2942 fal-

355 3011 472 3049 sum
502 2993 727 3048 diceres.
757 2990 870 3046 Non
901 2989 1044 3044 enim
1085 2987 1228 3042 Detts
1267 2985 1464 3040 malum
1506 2981 1743 3038 condidit
1765 3021 1780 3044 ,
1821 2993 1943 3034 cum

356 3089 626 3143 hominem
657 3083 930 3151 condidit:
962 3081 1056 3138 sed
1084 3081 1280 3135 bonum
1329 3076 1470 3147 quod
1513 3077 1628 3145 ipse
1669 3071 1944 3138 condidit,

355 3180 552 3234 malum
583 3177 744 3232 trahit
769 3191 838 3231 ex
863 3182 1080 3246 peccato
1103 3213 1118 3239 ,
1147 3169 1288 3242 quod
1319 3169 1430 3237 ipse
1461 3181 1566 3220 non
1596 3163 1864 3226 condidit;
1893 3169 1950 3217 et

351 3279 506 3328 sanat
543 3271 643 3326 hoc
681 3271 874 3324 malum
899 3310 912 3334 ,
951 3265 1091 3338 quod
1133 3265 1248 3335 ipse
1288 3279 1394 3318 non
1419 3259 1692 3324 condidit,
1725 3259 1776 3314 in
1807 3259 1946 3313 bono

353 3361 784 3434 qttotPcondidit.

427 3457 516 3512 38.
541 3457 674 3510 Cum
718 3461 898 3508 autem
937 3463 1034 3505 nos
1063 3463 1170 3503 non
1197 3447 1466 3504 dicamus.
1511 3443 1763 3496 «(temones
1801 3441 1947 3492 insti-

357 3549 509 3604 tuisse
535 3545 836 3602 conantium
856 3587 870 3611 ,
914 3559 1012 3598 nec
1041 3540 1332 3596 scminalem
1371 3553 1518 3591 sexus
1545 3535 1802 3604 utriusque
1825 3531 1952 3585 mia:-

361 3635 570 3706 tioncm,
605 3655 702 3695 nec
727 3637 1032 3692 diabolicum
1058 3649 1186 3704 opus
1215 3648 1318 3686 esse
1343 3645 1494 3684 causa
1521 3627 1798 3699 generandi
1821 3641 1948 3679 con-

359 3735 576 3788 cubitum
603 3735 896 3805 conjugum;
925 3731 1173 3800 quoniam
1199 3725 1315 3780 haec
1334 3723 1511 3778 omnia
1537 3723 1674 3778 Deus
1699 3719 1948 3786 instituit,

360 3837 412 3881 et
439 3835 659 3895 possent
687 3837 808 3878 esse
845 3821 1022 3876 omnia
1049 3820 1164 3874 sine
1212 3813 1656 3885 concupiscentia:
1688 3813 1860 3878 malo,
1904 3811 1950 3866 si

357 3917 552 3972 vulnus
599 3911 1084 3986 praevaricationis,
1139 3907 1278 3964 unde
1329 3913 1640 3975 sequeretur
1685 3903 1952 3957 discordia

359 4009 535 4064 carnis
563 4015 618 4062 et
655 4005 870 4076 spiritus
895 4045 908 4070 ,
951 4001 1206 4056 indictum
1249 4011 1356 4052 non
1403 3995 1588 4051 fuisset
1615 4011 1643 4048 a
1689 3995 1901 4049 diabolo
1933 4013 1948 4048 :

361 4119 536 4158 nonne
567 4109 620 4157 te
651 4099 871 4169 respicis
890 4139 905 4164 ,
939 4105 992 4152 et
1016 4095 1082 4150 de
1111 4104 1200 4148 tua
1217 4092 1426 4163 garrula
1459 4090 1808 4160 loquacitate,
1849 4105 1952 4160 qua

360 4196 534 4252 inania
564 4196 580 4225 ι
611 4191 874 4248 fabulatus
913 4205 971 4244 es
992 4229 1006 4256 ,
1038 4185 1343 4250 erubescis;
1375 4183 1510 4254 quod
1535 4183 1743 4238 scilicet
1767 4183 1951 4252 depre-

362 4285 584 4341 hendant
609 4285 860 4338 dwmones
885 4281 940 4334 in
975 4277 1242 4333 concubitu
1269 4276 1566 4345 conjugatos
1586 4315 1602 4340 ,
1635 4283 1681 4328 et
1713 4281 1952 4344 tanquam

361 4377 413 4431 in
439 4393 532 4430 sua
556 4373 846 4445 operatione
868 4370 1220 4442 deprehensos,
1249 4381 1350 4420 non
1372 4365 1538 4420 sinant
1562 4379 1798 4434 generare
1818 4365 1952 4432 ﬁlios

361 4467 734 4540 rcgeneratione
759 4463 1080 4518 liberandos?
1101 4460 1264 4528 Quasi
1287 4457 1532 4512 diabolus
1551 4497 1566 4521 ,
1594 4455 1638 4510 si
1667 4457 1807 4525 quod
1837 4457 1952 4509 vel-

361 4560 433 4616 let
463 4560 680 4622 faceret,
711 4573 817 4612 non
861 4556 1003 4625 ipsos
1031 4553 1263 4624 majores
1291 4549 1484 4618 impios
1523 4547 1698 4601 adhuc
1721 4547 1778 4600 in
1807 4545 1954 4616 ejus-

364 4653 482 4708 dem
535 4651 731 4706 diaboli
773 4649 976 4719 positos
1025 4653 1317 4716 potestate,
1367 4639 1580 4712 quando
1607 4645 1958 4710 cognosceret

363 4745 646 4814 disponere
675 4741 788 4797 ﬁeri
831 4739 1180 4802 christianos,
1209 4735 1464 4791 continuo
1503 4734 1804 4790 sulfocaret.
1837 4733 1956 4788 Non

365 4849 444 4892 est
472 4851 600 4906 ergo
624 4847 958 4903 consequens
997 4839 1056 4884 ut
1085 4828 1394 4899 parentibus
1431 4825 1823 4896 regenerandos
1861 4841 1958 4895 ge-

365 4929 696 4994 nui-antibus,
723 4935 777 4981 et
803 4934 1020 4996 propter
1039 4921 1144 4976 hoc
1163 4919 1656 4983 concumbentibus,
1684 4917 1956 4972 daemones

365 5021 642 5076 minaciter
671 5027 724 5071 et
765 5015 1072 5071 terribiliter
1095 5010 1496 5076 contradicant,
1539 5009 1676 5063 sicut
1719 5009 1811 5063 tibi
1843 5009 1956 5078 ipse

365 5113 641 5180 contingis;
677 5109 798 5180 quia
825 5123 920 5178 per
947 5107 1138 5162 vulnus
1165 5121 1193 5156 a
1217 5103 1428 5158 diabolo
1455 5099 1709 5156 inﬂictum
1731 5143 1744 5167 ,
1777 5101 1827 5154 in
1852 5117 1956 5172 quo

366 5206 630 5261 claudicat
671 5217 837 5273 genus
881 5201 1200 5263 humanum,
1250 5194 1447 5265 aliquid
1485 5203 1702 5249 creante
1733 5195 1842 5249 Deo
1880 5193 1956 5264 gi-

367 5300 563 5367 gnitur,
597 5293 734 5365 quod
759 5309 822 5347 ex
845 5292 1013 5346 Adam
1037 5289 1382 5343 transferatur
1405 5285 1470 5339 ad
1498 5284 1764 5339 Christum
1789 5293 1798 5304 '
1833 5299 1952 5339 eum

367 5389 506 5460 legio
531 5389 837 5443 daemonum
877 5399 974 5440 nec
1009 5397 1202 5454 porcos
1239 5381 1291 5433 in
1329 5386 1593 5448 potestate
1639 5377 1832 5432 habere
1857 5392 1954 5446 po-

372 5483 560 5548 tuerit,
611 5477 712 5533 nisi
755 5475 1055 5548 petentibus
1099 5473 1429 5543 permitteret
1471 5467 1711 5524 Cbristus
1740 5467 1951 5540 (Matth.

371 5589 495 5640 rut,
523 5571 612 5634 Si,
636 5567 759 5640 3'2);
787 5577 840 5624 et
865 5566 1072 5622 noverit
1095 5566 1255 5620 etiam
1283 5563 1348 5616 de
1377 5561 1536 5632 ipsis,
1563 5575 1694 5631 quas
1721 5575 1840 5614 eum
1875 5559 1954 5612 fa-

374 5681 492 5721 cere
521 5660 798 5734 permittit,
831 5657 1026 5713 diaboli
1061 5655 1518 5728 persecutionibus
1537 5667 1762 5710 coronas
1783 5652 1953 5708 susci-

377 5767 486 5812 tare
531 5751 882 5824 martyribus,
915 5759 1070 5806 utens
1099 5747 1238 5804 bene
1275 5748 1418 5804 etnni
1455 5759 1654 5820 genere
1697 5747 1952 5802 malorum

335 5899 346 5946 ﬁ,
447 5881 1204 5950 'Vatlwtllls,qutunituﬂia.

327 5975 370 6014 )3.-

323 6159 346 6186 Ι

1667 367 1868 426 LIBER
1903 365 2248 438 QUARTUS.

3500 355 3607 422 ’158

2021 482 2088 536 ad
2129 481 2407 540 utilitatem
2451 479 2734 536 bonorum.
2761 476 2868 536 Sed
2897 477 2954 534 in
2997 475 3101 536 illis
3127 491 3342 549 quoque
3365 476 3612 552 conjugi-

2023 574 2122 630 bus
2143 614 2158 640 ,
2207 572 2298 642 qui
2328 571 2554 628 ﬁliorum
2599 572 3055 642 regenerationem
3096 570 3181 628 vel
3205 586 3312 634 non
3340 571 3614 642 cogitant,

2022 665 2108 722 vel
2137 665 2298 720 etiam
2327 665 2684 732 detestantur,
2731 665 2930 724 bonum
2975 679 3112 735 opus
3141 673 3225 722 est
3265 663 3569 734 nuptiarum
3593 705 3612 732 ,

2024 755 2316 830 generandi
2342 771 2502 812 causa
2525 757 2835 814 commixtio
2877 757 3110 828 legitima
3155 772 3420 822 sexuum.
3463 755 3618 826 cujus

2025 853 2203 924 operis
2233 851 2438 908 fructus
2463 861 2544 914 est
2568 851 2812 910 ordinata
2839 851 3108 921 susceptio
3133 851 3360 908 filiorum
3386 868 3400 906 :
3427 865 3619 920 quam-
3691 895 3694 898 .

2031 950 2116 1004 vis
2137 965 2206 1006 eo
2225 950 2366 1005 bono
2391 949 2528 1006 male
2557 957 2770 1008 utantur
2789 989 2805 1015 ,
2835 949 2970 1004 etin
2995 963 3062 1004 eo
3092 956 3315 1018 peccent
3333 987 3348 1014 ,
3377 945 3520 1018 quod
3549 943 3622 1001 de

2029 1043 2192 1112 impia
2217 1043 2300 1098 vel
2333 1042 2666 1114 prnpganda
2707 1041 2786 1096 vel
2809 1051 3098 1112 propagata
3129 1041 3277 1112 prole
3299 1039 3620 1111 gloriantur.

2033 1133 2288 1192 Homines
2312 1135 2452 1192 enim
2477 1133 2710 1205 qualibet
2737 1134 2944 1206 peccati
2965 1133 3280 1204 contagione
3307 1133 3390 1188 vel
3423 1146 3623 1203 perpe-

2033 1225 2262 1284 tratione
2303 1227 2524 1298 polluti,
2555 1227 2606 1284 in
2643 1237 2900 1297 quantum
2945 1226 3192 1286 homines
3217 1235 3378 1292 sunt,
3421 1225 3624 1282 bonum

2033 1331 2158 1377 sunt
2189 1330 2282 1378 :et
2325 1322 2446 1380 ideo
2469 1323 2668 1380 bonum
2695 1331 2778 1378 est
2821 1330 2880 1378 ut
2911 1330 3199 1382 nascantur
3218 1363 3233 1388 ,
3265 1321 3388 1392 quia
3423 1321 3626 1376 bonum

2035 1422 2178 1470 sunt.

2107 1506 2198 1564 59.
2227 1506 2334 1562 Nec
2363 1515 2540 1564 tamen
2563 1517 2618 1562 ut
2641 1508 2916 1578 gignantur
2938 1547 2954 1574 ,
2981 1507 3096 1562 ideo
3117 1506 3372 1562 adulteria
3395 1507 3473 1562 rei
3495 1521 3629 1576 quie-

2035 1615 2132 1669 que
2156 1609 2334 1670 stupra
2371 1599 2604 1669 facienda
2637 1609 2756 1654 sunt
2781 1615 2802 1654 .'
2825 1598 2894 1654 ad
2931 1613 3090 1670 quam
3119 1613 3217 1654 nos
3243 1598 3629 1654 absurditatem

2037 1699 2192 1760 putas
2216 1705 2370 1760 posse
2407 1691 2684 1760 compelli,
2716 1690 2838 1761 quia
2866 1691 3076 1760 nuptias
3103 1689 3170 1746 de
3209 1690 3354 1746 malo
3393 1689 3630 1746 libidinis

2039 1781 2236 1836 bonum
2259 1783 2424 1852 prolis
2441 1781 2668 1840 dicimus
2693 1783 2922 1852 operari.
2951 1781 3058 1840 Sed
3081 1782 3226 1838 nullo
3253 1781 3414 1838 modo
3437 1797 3500 1838 ex
3529 1783 3632 1839 bac

2041 1885 2222 1930 nostra
2252 1891 2376 1928 vera
2419 1885 2668 1946 rectaque
2697 1873 2962 1932 sententia
3001 1873 3130 1930 illud
3171 1889 3482 1944 perversum
3524 1872 3632 1929 fal-

2041 1979 2270 2035 sumque
2298 1965 2596 2024 conficitur.
2641 1965 2823 2034 Neque
2855 1964 3002 2020 enim
3051 1964 3176 2036 quia
3218 1965 3474 2020 Dominus
3518 1965 3632 2032 ait,

2045 2055 2223 2112 Facite
2249 2057 2386 2112 vobis
2413 2058 2604 2114 amicos
2621 2058 2685 2114 de
2705 2073 2991 2114 mammona
3013 2056 3292 2128 iniquitatis
3321 2055 3468 2126 (Luc.
3502 2071 3594 2112 xv:
3611 2098 3632 2124 ,

2043 2149 2126 2220 9);
2161 2149 2282 2206 ideo
2306 2150 2481 2206 adhuc
2501 2149 2697 2206 addere
2733 2150 3064 2220 iniquitatem
3089 2149 3348 2206 debemus
3367 2191 3382 2218 ,
3417 2159 3472 2206 et
3495 2149 3637 2208 furta

2043 2244 2364 2314 rapinasque
2401 2243 2736 2300 committere
2759 2285 2773 2311 ,
2805 2253 2864 2298 ut
2907 2243 3086 2313 plures
3125 2257 3386 2316 pauperes
3421 2251 3638 2300 sanctos

2045 2334 2410 2390 misericordia
2445 2335 2670 2406 largiore
2697 2349 2996 2404 pascamus.
3039 2334 3184 2390 Sicut
3211 2349 3337 2406 ergo
3367 2335 3435 2390 de
3463 2350 3638 2390 mam-

2045 2439 2204 2480 mona
2234 2424 2526 2494 iniquitatis
2555 2424 2780 2482 faciendi
2801 2433 2926 2480 sunt
2953 2425 3110 2480 amici
3135 2467 3148 2493 ,
3181 2425 3268 2495 qui
3296 2423 3554 2495 recipiant
3579 2425 3638 2481 in

2047 2517 2386 2574 tabernacula
2413 2527 2608 2574 aeterna
2642 2536 2654 2572 :
2687 2517 2758 2574 ita
2785 2517 3098 2588 coniugibus
3137 2518 3206 2574 de
3249 2519 3400 2588 plaga
3430 2517 3640 2588 peccati

2047 2609 2322 2680 originalis
2347 2609 2598 2679 gignendi
2623 2618 2752 2666 sunt
2781 2610 2896 2675 lilii,
2927 2611 3016 2679 qui
3041 2610 3094 2664 in
3123 2608 3284 2666 vitam
3313 2623 3638 2680 regeucren-

2047 2707 2134 2756 tur
2163 2708 2434 2756 aaternam.
2469 2699 2533 2754 Et
2575 2699 3022 2770 quemadmodum
3051 2699 3187 2754 furta
3208 2741 3222 2766 ,
3253 2698 3467 2756 fraudes
3487 2741 3500 2764 ,
3537 2699 3641 2754 de-

2049 2791 2404 2860 pratdationes
2441 2790 2754 2861 adjiciendae
2781 2807 2887 2848 non
2914 2801 3072 2860 sunt,
3114 2799 3173 2846 ut
3199 2807 3295 2862 per
3333 2791 3638 2862 iniquitates

2049 2891 2203 2938 aucta
2231 2883 2452 2952 pecunia
2469 2883 2652 2952 plures
2678 2883 2834 2940 amici
2851 2883 2980 2954 justi
3006 2884 3192 2954 inopes
3213 2895 3592 2954 comparentur
3620 2900 3640 2936 :

2051 2975 2130 3030 sic
2155 2974 2444 3038 adulteria,
2487 2983 2702 3046 stupra,
2745 2973 3160 3038 fornicationes,
3203 2975 3346 3030 malo
3372 2989 3496 3030 cum
3532 2989 3642 3045 quo

2051 3065 2156 3120 nati
2187 3079 2372 3120 sumus
2395 3111 2409 3130 ,
2431 3065 2674 3122 addenda
2704 3081 2808 3120 non
2835 3075 2960 3122 sunt
2987 3069 3003 3098 ¹
3023 3108 3038 3133 ,
3083 3065 3220 3122 unde
3257 3065 3348 3122 lilii
3385 3083 3642 3124 numero-

2049 3153 2194 3210 siore
2231 3155 2398 3224 stirpe
2425 3166 2732 3212 nascantur.
2777 3157 2932 3214 Aliud
2971 3157 3168 3228 quippe
3205 3167 3286 3214 est
3327 3158 3468 3212 malo
3505 3158 3644 3214 bene

2051 3247 2158 3312 uti,
2185 3245 2330 3316 quod
2347 3247 2458 3316 jam
2481 3247 2650 3304 inerat
2670 3264 2684 3313 ;
2707 3257 2764 3304 et
2791 3249 2934 3304 aliud
2961 3257 3046 3304 est
3071 3249 3268 3304 malum
3295 3259 3601 3318 perpetrare
3619 3289 3644 3316 ,

2051 3338 2194 3408 quod
2217 3354 2322 3394 non
2354 3347 2469 3394 erat
2499 3357 2513 3394 :
2541 3339 2670 3394 illud
2697 3341 2840 3395 enim
2863 3349 2946 3394 est
2981 3340 3048 3394 de
3077 3341 3218 3396 malo
3259 3347 3428 3396 tracto
3455 3356 3522 3396 ex
3549 3356 3644 3410 pa-

2051 3431 2293 3488 rentibus
2313 3431 2670 3486 voluntarium
2699 3429 2892 3490 bonum
2921 3431 3096 3486 facere
3111 3448 3130 3497 .;
3161 3432 3263 3486 hoc
3293 3447 3420 3488 vero
3443 3433 3646 3486 malum

2053 3537 2083 3576 a
2115 3521 2418 3592 parentibus
2443 3531 2672 3580 tractum
2709 3521 2830 3580 aliis
2877 3522 3032 3578 malis
3057 3523 3165 3592 jam
3197 3523 3427 3594 propriis
3451 3533 3504 3578 et
3547 3538 3645 3576 vo-

2055 3616 2616 3688 luntariisaggerare.
2671 3616 2812 3672 Sane
2856 3616 3104 3682 interest,
3151 3615 3290 3684 quod
3337 3630 3646 3671 mammona

2056 3710 2348 3780 iniquitatis
2383 3725 2504 3766 cum
2537 3709 2690 3766 laude
2717 3708 3075 3780 indigentibus
3104 3717 3384 3779 erogatur;
3413 3709 3646 3767 carnalis

2055 3815 2234 3862 autem
2267 3806 2699 3876 concupiscentia
2727 3804 3046 3860 laudabilius
3085 3803 3426 3860 continentia:
3453 3803 3647 3858 virtute

2053 3897 2294 3956 frenatur
2313 3941 2328 3962 ,
2353 3915 2512 3968 (tuam
2541 3898 2796 3954 fmctibus
2821 3898 3142 3968 impenditur
3161 3897 3483 3970 nuptiarum.
3513 3895 3649 3950 Tam

2055 4003 2305 4058 magnum
2336 3997 2420 4044 est
2449 3989 2590 4044 enim
2623 3989 2818 4046 malum
2849 3989 2964 4060 ejus
2985 4029 3000 4054 ,
3029 3997 3086 4042 ut
3107 4003 3173 4044 eo
3201 4003 3304 4044 non
3345 3986 3422 4042 uti
3443 4029 3458 4056 ,
3483 4001 3650 4058 quam

2053 4079 2194 4136 bene
2221 4080 2294 4134 uti
2324 4081 2394 4134 sit
2419 4079 2628 4136 melius.

2127 4169 2354 4226 CAPUT
2386 4170 2514 4226 Vlll.
2547 4200 2614 4214 -ο
2637 4171 2730 4226 40.
2753 4171 2870 4226 Alia
2893 4170 3089 4226 deinde
3115 4187 3230 4226 mea
3261 4171 3422 4226 verba
3447 4185 3648 4240 propo-

2057 4263 2141 4318 nis
2163 4303 2178 4330 ,
2211 4272 2266 4318 et
2311 4263 2534 4318 multum
2573 4263 2830 4318 adversus
2861 4277 2924 4316 ea
2951 4265 2970 4294 ⁸
3005 4262 3131 4316 nihil
3163 4261 3298 4316 dicis
3319 4302 3334 4324 ,
3379 4262 3646 4331 replicans

2057 4353 2300 4423 quaedam
2319 4369 2438 4420 qua:
2463 4353 2741 4422 superiore
2769 4351 3124 4420 disputatione
3145 4357 3456 4418 consumpta
3481 4361 3604 4406 sunt
3627 4369 3643 4406 :

2057 4460 2176 4514 quae
2215 4445 2258 4499 si
2289 4451 2344 4500 ct
2387 4459 2484 4514 ego
2525 4451 2769 4513 repetere
2801 4443 2992 4508 velim,
3025 4441 3143 4512 quis
3181 4442 3286 4496 erit
3317 4441 3473 4496 linis?
3505 4442 3648 4496 inter

2057 4551 2178 4606 quae
2201 4535 2336 4590 dicis
2363 4537 2522 4590 etiam
2549 4535 2678 4592 illud
2709 4543 2944 4592 vestrum
2971 4543 3156 4588 contra
3177 4533 3370 4586 Christi
3397 4533 3642 4602 gratiam,

2059 4643 2202 4698 saepe
2227 4644 2254 4682 a
2285 4629 2433 4686 vobis
2477 4628 2706 4684 inaniter
2739 4627 2974 4692 dictum;
3005 4625 3142 4696 quod
3173 4625 3375 4680 scilicet
3412 4623 3648 4694 appella-

2059 4723 2194 4776 tione
2217 4723 2412 4792 gratite,
2443 4721 2598 4776 bonos
2629 4721 2740 4788 ﬁeri
2763 4720 2988 4774 honeines
3017 4719 3162 4790 fatali
3189 4718 3480 4772 necessitate
3505 4717 3648 4772 dica-

2059 4831 2170 4868 mus
2202 4829 2220 4868 :
2247 4828 2366 4868 cum
2399 4813 2548 4868 vobis
2575 4827 2666 4864 ora
2706 4811 2984 4866 obstruant
3003 4851 3018 4876 ,
3047 4817 3102 4864 et
3137 4810 3340 4880 linguas
3365 4819 3646 4880 premant,

2057 4907 2148 4975 qui
2179 4907 2320 4973 loqui
2353 4905 2586 4960 nondum
2610 4904 2804 4958 valent.
2833 4903 2966 4962 Cum
2995 4903 3136 4958 enim
3165 4904 3534 4972 loquacissitne
3565 4903 3646 4956 la-

2060 4997 2520 5054 boretisastruere
2545 5011 2608 5050 ac
2639 4994 2956 5064 persuadere
2979 5037 2991 5060 ,
3020 4995 3160 5064 quod
3189 4996 3433 5064 Pelagius
3462 4996 3514 5048 in
3551 4994 3650 5047 Pa-

2063 5089 2389 5146 aestiuorum
2407 5090 2774 5158 episcoporum
2793 5089 3096 5159 cognitione
3115 5089 3406 5152 damnavit,
3429 5077 3649 5158 gratiam

2063 5180 2160 5236 Dei
2185 5182 2456 5236 secundum
2483 5183 2660 5236 merita
2685 5191 2858 5238 nostra
2899 5182 3013 5236 dari
3037 5200 3056 5248 ,'
3085 5183 3228 5236 nulla
3259 5191 3432 5235 tamen
3459 5181 3648 5236 merita

2061 5273 2283 5342 potestis
2311 5288 2553 5328 asserere
2582 5273 2924 5342 parvulorum
2947 5314 2962 5336 ,
2995 5288 3091 5342 per
3127 5287 3244 5341 quae
3277 5271 3650 5324 discernantur

2061 5365 2148 5434 qui
2177 5378 2362 5420 eurum
2385 5365 2438 5416 in
2463 5364 2554 5422 Dei
2579 5364 2714 5420 ﬁlios
2734 5365 3074 5435 adoptantur,
3102 5363 3169 5418 ab
3195 5363 3272 5418 eis
3296 5362 3388 5432 qui
3410 5363 3522 5416 sine
3547 5363 3648 5416 bu-

2055 5454 2144 5526 jus
2169 5457 2352 5526 gratiae
2377 5457 2750 5512 consecutione
2771 5457 3085 5512 moriuntur.

2133 5550 2222 5604 41.
2257 5549 2614 5606 Calumniaris
2661 5565 2748 5605 me
2773 5551 2972 5614 dicere,
3011 5567 3028 5599 ι
3068 5545 3204 5602 Nihil
3257 5545 3418 5602 studii
3461 5561 3651 5616 exspe-

2059 5641 2192 5696 ctari
2217 5642 2284 5698 ab
2313 5643 2537 5698 humana
2559 5643 2830 5698 Voluntati:
2854 5641 3068 5704 debere,
3093 5647 3278 5694 contra
3328 5638 3458 5693 illud
3487 5655 3649 5694 evan-

2129 5755 2579 5826 tstss.,_art_rtcndte
2601 5760 2864 5826 nauseat.“
2951 5813 2980 5826 η
3092 5811 3104 5826 ,
3374 5814 3384 5826 ,
3480 5814 3490 5822 ,

2067 5819 2145 5926 de
2171 5818 2252 5928 uite
2292 5811 2598 5870 trior-iaceimis
2639 5825 2712 5866 Ms.
2743 5815 2890 5876 addit,
2928 5811 3390 5866 diccudowatmani
3409 5814 3646 5880 quinque,

2103 5891 2206 5942 ιςνη
2231 5891 2334 5932 aus.
