4038 6478
493 351 604 412 759

496 469 724 541 gelicum
745 484 852 541 quo
874 467 945 523 ait
976 467 1236 523 Dominus
1265 485 1278 520 :
1309 465 1492 534 Pelite,
1535 475 1584 520 et
1620 467 1909 539 accipietis;
1944 481 2086 537 oute-

495 564 610 630 rite,
641 571 687 617 et
715 561 1014 626 invenietis;
1040 560 1238 632 pulsate
1262 603 1276 626 ,
1326 569 1373 615 et
1415 560 1668 630 aperietur
1711 561 1850 616 vobis
1879 576 1898 616 :
1925 562 2086 615 omnis

496 655 630 708 enim
653 658 742 724 qui
767 655 913 724 petit,
945 653 1129 725 accipit
1147 671 1168 720 ;
1187 663 1234 707 et
1261 653 1562 725 quiquterit,
1591 655 1816 718 invenit;
1862 663 1911 707 et
1962 653 2080 724 pul-

499 749 634 803 santi
663 749 918 817 aperietur
951 767 970 800 ι
1003 746 1231 818 (Matth.
1265 763 1354 812 vn,
1391 747 1528 817 7-8).
1577 747 1654 802 lbi
1703 747 1846 802 enim
1876 762 1993 813 vos,
2029 755 2086 801 ut

493 841 672 907 video,
698 857 898 911 ponere
915 841 1025 912 jam
1051 841 1288 911 coepistis
1319 841 1507 896 merita
1527 842 1752 912 gratiam
1776 839 2087 912 praeceden-

488 935 586 1002 tia,
616 934 758 1006 quod
784 942 867 990 est
889 944 1088 1004 petere,
1118 949 1382 1005 quazrere,
1406 933 1642 1004 pulsare;
1671 941 1732 988 ut
1768 932 1854 988 bis
1879 933 2085 987 meritis

492 1026 671 1084 debita
696 1027 785 1083 illa
816 1028 1087 1093 reddatur,
1116 1044 1179 1083 ac
1206 1029 1284 1084 sic
1311 1029 1479 1099 gratia
1525 1028 1756 1083 inaniter
1802 1043 2083 1099 nuncupe-

494 1131 581 1173 Iur
615 1139 628 1175 :
660 1130 909 1191 tanquam
937 1122 1104 1191 gratia
1130 1121 1272 1176 nulla
1301 1123 1654 1192 praecesserit.
1677 1131 1729 1177 et
1756 1136 1850 1178 eor
1891 1123 2079 1193 tetige-

491 1214 578 1278 rit,
616 1222 675 1270 ut
700 1214 1004 1269 beatilicum
1034 1216 1229 1270 bonum
1253 1222 1522 1284 peteretur
1549 1229 1580 1268 a
1612 1215 1742 1279 Deo,
1771 1223 1830 1270 ut
1873 1230 2084 1286 qumre-

490 1316 642 1363 retur
669 1307 830 1371 Deus,
859 1316 920 1362 ut
962 1308 1262 1378 pulsaretur
1301 1306 1368 1362 ad
1406 1307 1608 1373 Deum;
1657 1305 1959 1378 frustraque
2013 1307 2084 1362 sit

489 1399 770 1468 scriptum,
803 1398 1156 1453 Misericordia
1182 1399 1292 1468 ejus
1312 1398 1582 1470 praeveniet
1607 1413 1686 1451 me
1713 1397 1894 1468 (Psal.
1934 1414 2077 1463 LVIII,

488 1490 853 1560 ﬂ);frustra
877 1491 1037 1546 etiam
1083 1505 1182 1545 nos
1230 1504 1329 1560 pro
1374 1489 1607 1545 inimicis
1655 1489 1853 1545 nostris
1894 1490 2080 1561 jubeat

489 1596 648 1636 orare
670 1581 882 1652 (Matth.
915 1598 964 1647 v,
995 1582 1110 1654 44),
1138 1581 1183 1635 si
1213 1597 1319 1638 non
1341 1589 1426 1638 est
1443 1580 1560 1652 ejus
1579 1595 1774 1637 aversa
1803 1589 1858 1637 et
1885 1580 2080 1637 adver-

487 1689 550 1728 sa
580 1673 740 1730 corda
767 1682 1102 1730 convertere.

560 1767 649 1822 42.
679 1766 785 1823 Sed
814 1767 966 1838 ponis
985 1767 1337 1837 apostolicum
1364 1766 1727 1823 testimonium
1758 1807 1774 1832 ,
1821 1774 1877 1822 et
1917 1766 1986 1822 ab
2011 1780 2078 1821 eo

486 1859 622 1916 dicis
650 1859 983 1928 pulsantibus
1025 1860 1241 1929 aperiri,
1273 1860 1360 1930 qui
1388 1876 1560 1914 omnes
1585 1859 1812 1914 homines
1838 1859 1944 1914 vult
1967 1859 2076 1912 sal-

485 1969 575 2006 vos
595 1953 726 2022 fieri,
753 1962 799 2006 et
848 1953 900 2006 in
929 1952 1237 2023 agnitionem
1292 1952 1515 2006 veritatis
1562 1952 1730 2006 venire
1777 1951 1817 2024 (l
1843 1949 1979 2005 Tim.
2014 1967 2071 2017 ιι,

484 2043 565 2113 4)
599 2061 612 2098 :
645 2053 704 2098 ut
733 2042 978 2097 videlicet
1004 2043 1382 2114 intelligamus,
1413 2042 1734 2098 docentibus
1759 2042 1932 2108 vobis,
1953 2043 2076 2097 ideo

485 2149 596 2189 non
623 2149 811 2188 omnes
841 2134 1018 2189 salvos
1058 2133 1195 2200 ﬁeri,
1246 2142 1300 2189 et
1344 2135 1397 2188 in
1455 2133 1779 2204 agnitionem
1835 2134 2074 2190 veritatis

481 2228 687 2294 venire,
716 2228 840 2298 quia
867 2228 965 2297 ipsi
994 2227 1182 2282 nolunt
1210 2236 1410 2297 petere,
1433 2242 1554 2282 cum
1580 2227 1722 2283 Deus
1749 2227 1878 2282 velit
1903 2228 2032 2283 dare
2057 2245 2073 2294 ;

485 2319 964 2390 noluntquzerere,
997 2333 1118 2375 cum
1144 2321 1283 2374 Deus
1327 2320 1454 2375 velit
1505 2319 1834 2382 ostendere;
1890 2321 2077 2378 nolunt

483 2411 718 2480 pulsare,
749 2427 870 2466 cum
903 2413 1042 2467 Deus
1070 2411 1199 2467 velit
1223 2411 1454 2482 aperire.
1508 2411 1613 2467 Sed
1672 2411 1814 2466 hunc
1856 2429 2072 2469 sensum

481 2511 717 2557 vestrum
751 2503 980 2558 infantes
1025 2503 1098 2558 illi
1131 2504 1245 2574 ipsa
1295 2519 1389 2559 sua
1440 2505 1802 2561 taciturnitate
1849 2507 2072 2562 convin-

481 2604 632 2661 cunt,
661 2597 748 2666 qui
781 2612 878 2651 nec
903 2606 1111 2666 petunt,
1135 2613 1234 2653 nec
1263 2608 1529 2667 quaerunt,
1563 2615 1661 2654 nec
1704 2600 1937 2669 pulsant;
1965 2601 2073 2657 imo

483 2688 645 2742 etiam
676 2702 796 2742 cum
830 2688 1168 2758 baptizantur
1191 2731 1206 2755 ,
1237 2690 1569 2755 reclamant,
1601 2699 1895 2759 respuunt,
1927 2693 2068 2747 relu-

483 2789 697 2836 ctantur
723 2799 735 2834 :
766 2791 820 2836 ct
840 2783 1106 2850 accipiunt
1139 2791 1339 2845 tamen,
1365 2791 1420 2837 et
1448 2783 1722 2838 inveniunt
1746 2824 1759 2847 ,
1788 2793 1844 2838 et
1891 2787 2071 2854 aperi-

481 2879 572 2926 tur
598 2872 696 2936 eis,
731 2880 785 2926 ct
813 2872 1012 2926 intrant
1034 2874 1088 2926 in
1114 2888 1338 2942 regnum
1364 2873 1478 2938 Dei,
1513 2872 1600 2927 ubi
1627 2873 1698 2927 sit
1741 2873 1821 2930 eis
1850 2877 2071 2930 interni-

481 2967 609 3021 tatis
650 2965 829 3020 salus‘
863 2976 916 3020 et
950 2965 1149 3036 agnitio
1176 2967 1418 3021 veritatis
1448 2983 1462 3032 ;
1511 2966 1665 3036 longe
1709 2967 1949 3036 pluribus
1991 2969 2073 3023 in-

480 3057 716 3112 fantibus
741 3057 792 3112 in
828 3058 981 3110 istam
1025 3057 1249 3128 gratiam
1279 3074 1382 3112 non
1416 3057 1680 3128 adoptatis
1719 3058 1787 3112 ab
1839 3074 1903 3113 eo
1927 3100 1943 3125 ,
1986 3061 2072 3130 qui

479 3147 588 3202 vult
612 3165 783 3202 omnes
804 3149 1032 3202 homines
1050 3149 1218 3203 salvos
1237 3149 1349 3217 ﬁeri
1369 3159 1416 3203 et
1459 3151 1512 3202 in
1541 3150 1845 3222 agnitionem
1887 3151 2058 3204 verita-

479 3241 544 3292 tis
569 3241 752 3294 venire.
786 3240 990 3305 Quibus
1016 3239 1195 3295 dicere
1236 3255 1343 3295 non
1372 3249 1584 3309 potest,
1631 3239 1802 3308 Volui,
1825 3251 1873 3295 et
1903 3243 2068 3296 nolui-

477 3333 569 3386 stis
596 3329 814 3405 (Matth.
846 3347 993 3396 xxnt,
1027 3329 1117 3403 57)
1145 3331 1296 3402 :quia
1324 3332 1369 3386 si
1393 3332 1645 3388 voluisset
1670 3375 1684 3399 ,
1717 3334 1838 3404 quis
1881 3349 2068 3388 eorum

478 3424 569 3493 qui
597 3423 832 3478 nondum
859 3423 1059 3477 habent
1085 3423 1371 3478 voluntatis
1405 3438 1514 3478 sure
1542 3425 1840 3490 arbitrium,
1872 3425 2068 3479 volun-

477 3517 572 3570 tati
594 3516 711 3585 ejus
737 3515 1274 3584 omnipotentissimte
1303 3515 1627 3570 restitisset?
1655 3515 1764 3570 Cur
1795 3530 1922 3586 ergo
1961 3531 2067 3570 non

476 3611 555 3663 sic
584 3609 872 3678 accipimus
897 3609 1038 3678 quod
1059 3610 1259 3664 dictum
1283 3618 1382 3674 est,
1415 3609 1516 3674 Qui
1545 3627 1720 3664 omnes
1761 3611 1864 3664 vult
1898 3611 2066 3664 homi-

476 3719 565 3754 nes
590 3702 755 3754 salvos
788 3703 919 3770 ﬁeri,
943 3712 987 3755 et
1013 3703 1066 3755 in
1092 3703 1398 3772 agnitionem
1447 3703 1669 3755 veritatis
1697 3703 1900 3769 venire;
1929 3719 2066 3774 quo-

477 3792 639 3844 modo
664 3801 717 3845 et
746 3793 872 3847 illud
907 3791 1218 3860 accipimus,
1252 3791 1394 3860 quod
1424 3792 1566 3848 idem
1593 3792 1727 3847 dixit
1751 3796 2024 3864 apostolus
2047 3837 2063 3863 ,

476 3882 582 3936 Per
601 3883 750 3936 unius
771 3883 1188 3953 justi/irationem
1213 3885 1266 3937 in
1288 3899 1461 3937 omnes
1486 3884 1712 3939 homines
1728 3885 1796 3938 ad
1805 3887 2069 3956 justi/ica-

477 3976 664 4029 tionem
700 3976 813 4030 vitta
863 3976 881 4045 (
911 3975 1058 4028 Rom.
1092 3992 1145 4042 v,
1171 3974 1321 4048 l8)?
1374 3977 1393 4048 (
1419 3977 1515 4031 hos
1545 3978 1685 4032 enim
1707 3993 1895 4035 omnes
1927 3981 2066 4036 Deus

473 4068 587 4120 vult
616 4067 792 4120 salvos
845 4066 1068 4133 lieri,ct
1118 4067 1172 4122 iu
1209 4068 1535 4139 agnitionem
1572 4071 1811 4126 veritatis
1836 4074 2020 4130 venire
2047 4117 2062 4140 ,

474 4159 527 4214 in
555 4175 690 4230 quos
715 4175 902 4214 omnes
929 4176 1022 4230 per
1046 4161 1202 4215 unius
1221 4160 1656 4230 justiticationem
1681 4164 1849 4234 gratia
1873 4180 2064 4235 perve-

476 4251 648 4306 nitad
687 4252 1122 4323 justitiCationem
1177 4253 1337 4323 vitm)
1374 4270 1387 4306 :
1421 4268 1488 4308 ne
1516 4253 1724 4308 dicatur
1771 4255 1958 4322 nobis,
2008 4256 2063 4313 Si

476 4343 619 4398 Deus
649 4344 759 4398 vult
781 4358 969 4398 omnes
998 4344 1239 4398 homines
1267 4344 1443 4398 salvos
1492 4345 1606 4401 ﬁeri
1626 4387 1639 4410 ,
1673 4354 1727 4400 et
1755 4347 1810 4402 in
1841 4349 2069 4419 agnitio-

474 4452 599 4490 nem
627 4437 867 4490 veritatis
893 4437 1100 4503 venire,
1131 4436 1226 4491 sed
1254 4435 1375 4492 ideo
1402 4453 1505 4493 non
1549 4438 1789 4504 veniunt,
1821 4442 1942 4510 quia
1966 4443 2065 4511 ipsi

479 4529 684 4592 nolunt;
709 4543 804 4581 cur
830 4537 908 4582 tot
938 4527 1103 4582 millia
1127 4527 1492 4598 parvulorum,
1524 4531 1613 4600 qui
1652 4545 1757 4584 non
1809 4542 2064 4602 percepto

474 4621 800 4690 Baptismate
830 4621 1148 4684 moriuntur,
1197 4637 1300 4676 non
1340 4623 1559 4676 veniunt
1601 4623 1654 4677 in
1681 4639 1902 4694 regnum
1933 4627 2057 4692 Dei,

473 4712 565 4764 ubi
591 4720 734 4765 certa
760 4722 844 4765 est
873 4713 1071 4781 agnitio
1098 4712 1342 4767 veritatis
1365 4713 1389 4767 ?
1411 4713 1676 4784 NUquIid
1702 4725 1792 4770 aut
1819 4715 2062 4774 homines

477 4820 586 4858 non
613 4811 757 4868 sunt,
784 4813 840 4858 ut
865 4819 969 4858 non
993 4805 1295 4874 pertineant
1323 4806 1387 4860 ad
1441 4806 1492 4860 id
1524 4803 1664 4876 quod
1709 4808 1906 4864 dictum
1935 4821 2017 4866 est
2044 4854 2060 4878 ,

473 4911 646 4949 omnes
675 4895 896 4949 homines
914 4897 940 4950 ?
966 4905 1058 4950 aut
1080 4897 1272 4967 aliquis
1293 4898 1490 4967 poterit
1515 4898 1713 4964 dicere,
1752 4901 1890 4957 Deus
1939 4905 2065 4974 qui~

475 4986 596 5040 dem
625 4985 757 5051 vult,
787 4984 881 5039 sed
909 4986 1006 5056 ipsi
1040 4988 1245 5053 uolunt;
1269 4989 1357 5059 qui
1376 4989 1610 5044 nondum
1641 4991 1778 5047 velle
1799 5008 1895 5049 seu
1918 4996 2062 5052 nolle

470 5081 574 5132 ista
605 5087 886 5143 noverunt,
920 5081 1132 5147 quando
1161 5096 1261 5136 nec
1289 5080 1347 5145 ii,
1371 5081 1460 5151 qui
1492 5084 1694 5152 parvuli
1725 5084 2060 5155 baptizantur

474 5179 637 5240 atque
661 5168 983 5236 moriuntur,
1009 5178 1063 5223 et
1084 5186 1180 5240 per
1205 5171 1350 5226 illam
1381 5174 1605 5243 gratiam
1635 5175 1702 5230 ad
1731 5178 2059 5248 agnitionem

471 5260 713 5316 veritatis
739 5275 860 5331 qua:
886 5260 936 5313 in
967 5276 1132 5332 regno
1189 5262 1280 5317 Dei
1325 5272 1409 5320 est
1459 5267 1754 5322 certissima
1798 5271 2057 5340 veniunt,

474 5355 596 5410 ideo
617 5356 858 5422 veniunt,
882 5355 1003 5424 quia
1041 5354 1141 5425 ipsi
1181 5359 1425 5412 renovari
1481 5357 1677 5415 Christi
1733 5361 2058 5433 Baptismate

471 5447 778 5502 voluerunt?
799 5447 930 5502 Cum
965 5461 1094 5517 ergo
1123 5463 1222 5503 nec
1249 5449 1323 5502 illi
1353 5460 1631 5520 propterea
1660 5467 1764 5507 non
1788 5453 2061 5524 baptizen-

471 5549 558 5594 tur
582 5540 702 5610 quia
732 5540 937 5602 nolunt,
974 5556 1071 5595 nec
1098 5541 1183 5596 isti
1219 5551 1500 5612 prepterea
1539 5545 1879 5614 baptizentur
1933 5549 2056 5618 quia

473 5632 845 5697 volunt';cur
869 5633 1009 5687 Deus
1055 5635 1142 5704 qui
1197 5633 1311 5688 vult
1361 5650 1546 5691 omnes
1597 5637 1840 5692 homines
1882 5640 2058 5697 salvos

530 5745 552 5808 ξ
589 5743 812 5808 Plerique
832 5752 958 5805 Mss,
981 5746 1224 5797 aeternitas
1245 5745 1429 5798 salutis.

533 5806 650 5880 {sic
689 5806 812 5880 Mssa
831 5815 884 5856 Αι
907 5808 1040 5880 editi,
1067 5809 1182 5873 quia
1203 5810 1470 5872 notuerunt,
1493 5824 1580 5864 nec
1603 5811 1682 5866 isti
1704 5820 1956 5880 propterea
1976 5815 2058 5867 ba-

473 5867 708 5927 ptizatur
729 5867 845 5931 quia
865 5867 1042 5920 nolunt.

1279 350 1554 408 CONTRA
1593 349 1934 409 JULIANUM
1972 346 2434 417 PELAGIANUM,
2473 345 2529 404 S.
2571 347 2938 407 AUGUSTINI

3688 355 3805 414 760

2197 463 2331 527 ﬁeri,
2359 471 2413 518 et
2435 462 2489 516 in
2508 462 2832 532 agnitionem
2870 462 3110 520 veritatis
3141 464 3344 534 venire,
3370 474 3480 521 tam
3501 468 3704 524 multos
3734 471 3800 524 in

2194 569 2415 626 regnum
2463 570 2640 621 suum,
2698 554 2787 610 ubi
2835 565 2918 610 est
2967 563 3112 612 certa
3144 558 3389 614 veritatis
3438 561 3657 631 agnitio,
3690 561 3796 633 qui

2194 645 2343 700 nullo
2369 645 2418 700 ei
2449 646 2706 701 resistunt
2731 646 3018 703 voluntatis
3037 648 3281 716 arbitrio,
3310 651 3510 721 patitur
3537 669 3643 708 non
3683 670 3790 710 ve-

2194 741 2345 797 nire?

2264 835 2356 892 ιδ.
2376 834 2489 892 Nisi
2515 834 2652 892 forte
2681 835 2922 892 dicturus
2946 851 3043 905 es,
3095 836 3215 894 ideo
3268 839 3517 909 parvulos
3568 855 3675 896 non
3729 842 3790 897 in

2191 941 2376 982 eorum
2403 943 2627 983 nmnero
2652 927 3002 999 deputandos,
3051 943 3189 1000 quos
3237 929 3380 986 Deus
3425 947 3615 989 omnes
3669 935 3792 990 vult

2192 1021 2369 1076 salvos
2397 1019 2534 1086 ﬁeri,
2563 1021 2684 1092 quia
2713 1035 2778 1076 ea
2808 1020 3000 1088 salute,
3030 1036 3152 1092 quae
3179 1021 3267 1077 hic
3295 1022 3636 1094 intelligenda
3655 1037 3739 1082 est
3768 1070 3786 1094 ,

2190 1113 2322 1169 salvi
2352 1114 2617 1184 suntipsi,
2647 1114 2781 1168 nihil
2802 1113 3074 1171 trahentes
3102 1115 3321 1172 omnino
3348 1118 3574 1188 peccati.
3603 1120 3788 1192 Atque

2191 1205 2261 1260 ita
2289 1216 2340 1262 te
2369 1207 2756 1264 intolerabilior
2799 1217 3056 1280 sequetur
3106 1209 3428 1266 absurditas.
3478 1211 3586 1269 Isto
3634 1215 3788 1271 enim

2190 1297 2351 1353 modo
2379 1297 2868 1356 benevolentiorem
2894 1299 3023 1356 facis
3052 1301 3219 1357 Deum
3244 1303 3492 1359 omnibus
3527 1307 3790 1376 impiissi-

2189 1389 2290 1443 mis
2316 1399 2370 1444 et
2394 1390 2821 1446 sceleratissimis
2850 1391 3177 1459 hominibus,
3208 1409 3366 1465 quam
3393 1395 3782 1452 innocentissi-

2189 1484 2291 1539 mis
2316 1494 2370 1540 et
2398 1486 2700 1556 purissimis
2724 1487 2792 1541 ab
2817 1486 2964 1541 omni
3006 1486 3127 1543 labe
3175 1488 3380 1559 peccati
3405 1507 3418 1542 :
3445 1489 3786 1561 quandoquio

2186 1574 2310 1631 dem
2332 1575 2473 1643 illos,
2501 1577 2624 1647 quia
2645 1577 2756 1632 vult
2785 1591 2880 1632 eos
2905 1592 3094 1633 omnes
3121 1579 3299 1634 salvos
3329 1579 3463 1644 ﬁeri,
3483 1583 3596 1636 vult
3614 1582 3783 1638 etiam

2188 1669 2390 1726 intrare
2419 1671 2471 1725 in
2492 1686 2714 1741 regnum
2745 1685 2901 1726 suum
2931 1687 2945 1725 :
2979 1671 3080 1726 hoc
3105 1680 3190 1727 est
3243 1673 3384 1727 enim
3432 1673 3538 1728 illis
3585 1689 3783 1730 conse-

2187 1777 2379 1832 quens,
2409 1762 2456 1816 si
2481 1762 2612 1818 salvi
2652 1761 2851 1818 fuerint
2883 1780 2896 1816 :
2924 1763 3018 1818 sed
3059 1763 3148 1834 qui
3185 1763 3392 1829 nolunt,
3426 1765 3524 1834 ipsi
3551 1765 3652 1821 sibi
3676 1766 3780 1821 ob-

2186 1861 2329 1908 sunt.
2376 1853 2698 1909 lmmensum
2746 1869 2874 1909 vero
2925 1869 3205 1909 numerum
3260 1855 3624 1924 parvulorum,
3683 1858 3779 1928 qui

2185 1945 2303 2000 sine
2343 1944 2668 2015 Baptismate
2712 1946 3053 2014 moriuntur,
3097 1962 3196 2002 suo
3239 1962 3405 2018 regno
3455 1949 3612 2016 adjici
3667 1966 3778 2007 non

2184 2037 2318 2103 vult,
2350 2051 2484 2108 quos
2510 2053 2684 2108 neque
2711 2038 2818 2092 ulla
2847 2047 3084 2108 peccata,
3128 2039 3264 2094 sicut
3320 2040 3516 2110 putatis
3542 2082 3558 2107 ,
3605 2041 3780 2112 impe-

2183 2129 2354 2197 diunt;
2385 2141 2457 2194 et,
2485 2131 2627 2202 quod
2655 2132 2831 2186 nullus
2851 2131 3092 2202 ambigit,
3115 2131 3234 2202 ejus
3279 2133 3533 2188 resistere
3577 2134 3775 2189 volun-

2183 2224 2279 2277 tati
2304 2223 2568 2278 contraria
2610 2223 2878 2278 voluntate
2923 2238 3027 2278 non
3058 2233 3298 2294 possunt.
3348 2223 3436 2280 Sic
3487 2223 3546 2279 ﬁt
3574 2235 3777 2282 utesse

2182 2313 2501 2371 christianos
2520 2331 2708 2372 omnes
2723 2317 3113 2386 velit,‘quorum
3131 2316 3283 2370 multi
3305 2315 3512 2382 nolunt;
3531 2333 3638 2372 non
3655 2333 3774 2374 om-

2182 2422 2278 2463 nes
2303 2409 2447 2470 velit,
2475 2423 2701 2479 quorum
2731 2416 2814 2463 est
2829 2423 2986 2464 nemo
3001 2408 3090 2480 qui
3107 2408 3273 2464 nolit:
3298 2409 3439 2479 quod
3466 2409 3721 2466 abhorret
3738 2427 3770 2466 a

2179 2514 2328 2555 vero.
2353 2499 2510 2556 Novit
2531 2501 2785 2556 Dominus
2805 2503 2894 2572 qui
2913 2511 3035 2556 sunt
3057 2501 3174 2572 ejus
3205 2501 3269 2574 (Il
3295 2501 3430 2557 Tim.
3454 2519 3512 2568 II,
3547 2503 3634 2575 l9)
3670 2523 3684 2558 :
3715 2514 3771 2562 et

2180 2591 2232 2646 in
2255 2608 2438 2650 eorum
2474 2595 2644 2650 salute
2669 2603 2824 2666 atque
2853 2596 2904 2650 in
2935 2611 3088 2650 suum
3121 2611 3342 2666 regnum
3374 2597 3769 2654 introductione

2179 2695 2322 2741 certa
2349 2695 2431 2742 est
2460 2687 2704 2742 voluntas
2745 2686 2881 2757 ejus.
2913 2686 3002 2742 Sic
3030 2702 3156 2758 ergo
3189 2687 3347 2742 debet
3376 2689 3592 2760 intelligi
3623 2689 3768 2760 quod

2178 2777 2378 2832 dictum
2405 2787 2508 2845 est,
2541 2778 2727 2834 Omnes
2747 2779 2972 2833 homines
3000 2779 3104 2832 vult
3123 2779 3288 2834 salvos
3307 2779 3439 2849 ﬁeri,
3463 2789 3508 2834 et
3533 2782 3585 2834 in
3614 2783 3768 2853 agni-

2179 2869 2363 2922 tionem
2403 2869 2626 2923 veritatis
2672 2869 2839 2924 venire
2865 2871 2922 2934 ¹;
2955 2869 3403 2940 quemadmodum
3453 2871 3769 2944 intelligitur

2178 2959 2319 3028 quod
2341 2958 2538 3016 dictum
2557 2969 2660 3025 est,
2683 2959 2786 3014 Per
2812 2961 2959 3014 unius
2973 2961 3389 3033 justi/icationem
3403 2963 3457 3016 in
3475 2980 3647 3019 omnes
3669 2965 3768 3019 ho-

2177 3053 2336 3107 mines
2355 3051 2423 3106 ad
2439 3054 2855 3125 justiﬁcationem
2881 3055 3013 3109 vine.

2248 3143 2339 3201 Μ.
2371 3145 2522 3213 Quod
2542 3147 2893 3217 apostolicum
2927 3147 3287 3202 testimonium
3312 3149 3357 3204 si
3393 3163 3460 3204 eo
3489 3150 3650 3206 modo
3681 3151 3767 3207 in-

2178 3237 2519 3309 telligendum
2561 3249 2736 3309 putas,
2769 3239 2993 3295 utdicas
3045 3256 3214 3295 omnes
3261 3241 3465 3312 positos
3508 3257 3630 3299 esse
3670 3260 3770 3314 pro

2177 3328 2372 3394 Multis,
2401 3331 2486 3399 qui
2508 3330 2867 3399 justiﬁcantur
2895 3332 2946 3385 in
2977 3331 3192 3386 Christo
3222 3330 3416 3404 (multi
3447 3335 3645 3406 quippe
3676 3336 3769 3392 alii

2176 3437 2284 3476 non
2315 3422 2650 3478 viviﬁcantur
2697 3423 2750 3478 in
2799 3424 3016 3480 Christo
3047 3424 3104 3497 '.)
3133 3443 3146 3478 :
3172 3425 3582 3496 respondebitur
3623 3430 3765 3498 tibi,

2177 3511 2257 3567 sic
2285 3513 2443 3567 etiam
2477 3513 2583 3568 illic
2611 3514 2700 3568 ubi
2723 3513 2920 3569 dictum
2947 3524 3050 3579 est,
3070 3515 3257 3572 Omnes
3283 3517 3508 3574 homines
3527 3520 3633 3574 vult
3657 3522 3768 3576 sal-

2174 3615 2261 3656 vos
2284 3604 2418 3672 ﬁeri,
2443 3614 2490 3657 et
2510 3605 2563 3659 in
2589 3605 2894 3674 agnitionem
2916 3609 3141 3662 veritatis
3169 3609 3334 3664 venire
3356 3625 3376 3674 ,°
3403 3609 3588 3666 Omnes
3619 3613 3768 3682 posi-

2176 3703 2259 3748 tos
2279 3709 2399 3750 esse
2427 3711 2522 3765 pro
2551 3696 2744 3762 Multis,
2777 3712 2913 3768 quos
2938 3698 3006 3753 ad
3059 3700 3216 3755 istam
3257 3702 3484 3772 gratiam
3518 3705 3634 3758 vult
3679 3720 3768 3762 ve-

2175 3785 2309 3840 nire.
2341 3785 2492 3853 Quod
2514 3788 2683 3842 multo
2710 3790 3113 3846 couvenientius
3144 3803 3359 3863 propter
3386 3794 3487 3849 hoc
3513 3795 3769 3865 intelligi-

2177 3885 2263 3930 tur
2289 3877 2512 3944 dictum,
2543 3879 2667 3948 quia
2694 3894 2854 3935 nemo
2881 3881 3059 3949 venit,
3093 3882 3194 3937 nisi
3233 3898 3392 3954 quem
3420 3886 3600 3941 venire
3648 3887 3768 3957 ipse

2172 3968 2417 4022 voluerit.
2451 3967 2617 4024 Nemo
2644 3979 2800 4040 potest
2825 3973 2994 4027 venire
3021 3973 3089 4027 ad
3117 3991 3214 4042 me,
3242 3974 3412 4046 inquit
3437 3976 3604 4032 Filius
3627 4019 3643 4045 ,
3664 3979 3767 4034 nisi

2183 4057 2356 4127 Pater,
2382 4062 2468 4132 qui
2489 4062 2625 4116 misit
2648 4079 2748 4131 me,
2775 4066 2988 4120 traxerit
3013 4083 3150 4133 eum;
3179 4076 3252 4135 et,
3287 4068 3452 4123 Nemo
3485 4080 3646 4142 potest
3675 4089 3765 4127 ve-

2173 4151 2282 4204 nire
2307 4151 2374 4204 ad
2399 4168 2495 4218 me,
2517 4152 2616 4207 nisi
2641 4153 2796 4223 fuerit
2815 4157 2861 4210 ei
2880 4156 3056 4210 datum
3077 4175 3108 4211 a
3135 4157 3286 4213 Patre
3331 4177 3440 4215 meo
3466 4161 3644 4232 (Joan.
3684 4179 3763 4230 vI,

2171 4240 2302 4295 Met
2315 4241 2426 4313 66).
2456 4242 2655 4299 Omnes
2683 4260 2810 4316 ergo
2837 4247 2926 4316 qui
2949 4246 3079 4302 salvi
3105 4248 3256 4314 fiunt,
3286 4259 3342 4306 et
3368 4251 3422 4306 in
3437 4252 3762 4322 agnitionem

2171 4333 2396 4388 veniunt
2422 4335 2678 4401 veritatis,
2714 4351 2780 4392 eo
2803 4338 3017 4394 volente
3063 4340 3195 4396 salvi
3247 4341 3397 4410 liuut,
3430 4357 3496 4399 eo
3547 4345 3766 4402 volente

2170 4423 2412 4480 veniunt.
2437 4425 2570 4494 Quia
2598 4435 2653 4482 et
2681 4428 2770 4498 qui
2801 4429 3036 4486 nondum
3067 4430 3109 4497 ³,
3139 4432 3276 4488 sicut
3324 4436 3566 4505 parvuli,
3594 4447 3765 4494 utun-

2171 4522 2260 4570 tur
2285 4517 2576 4573 voluntatis
2599 4519 2842 4588 arbitrio,
2872 4537 2938 4577 eo
2966 4522 3178 4580 volente
3203 4536 3585 4597 regenerantur
3612 4571 3627 4596 ,
3652 4545 3763 4600 quo

2171 4617 2389 4663 creante
2432 4620 2798 4678 generantur:
2832 4622 2888 4668 et
2933 4615 3021 4684 qui
3053 4614 3162 4685 jam
3204 4626 3423 4673 utuntur
3469 4619 3764 4678 voluntatis

2171 4698 2414 4767 arbitrio,
2445 4700 2548 4756 nisi
2569 4717 2634 4757 eo
2657 4703 2870 4760 volente
2890 4720 2953 4761 ac
2972 4707 3322 4764 subveniente
3343 4725 3372 4764 a
3397 4725 3502 4781 quo
3544 4727 3759 4783 praepa-

2171 4803 2319 4848 ratur
2345 4795 2593 4852 voluntas
2617 4796 2800 4868 (Prov.
2825 4815 2935 4867 vm,
2959 4817 3060 4854 sec.
3101 4799 3296 4873 LXX),
3339 4803 3478 4860 velle
3502 4821 3609 4861 non
3635 4822 3765 4878 pos-

2169 4896 2312 4942 sunt.

2241 4981 2335 5036 45.
2364 4980 2464 5037 Ubi
2492 4982 2536 5037 si
2559 4982 2759 5038 dixeris
2781 4983 2932 5050 mihi,
2956 4985 3063 5041 Cur
3080 5000 3206 5057 ergo
3229 5002 3333 5042 non
3355 4991 3759 5048 convertitom-

2170 5073 2314 5126 nium
2344 5072 2637 5129 nolentium
2669 5073 2690 5106 ⁸
2715 5076 3046 5131 voluntates?
3088 5079 3456 5147 respondebo,
3490 5079 3602 5136 Cur
3651 5100 3757 5140 non

2167 5180 2354 5220 omnes
2384 5166 2669 5222 morituros
2695 5166 2912 5237 adoptat
2936 5169 3147 5224 lavacro
3201 5173 3626 5241 regenerationis
3678 5176 3761 5231 in-

2168 5253 2362 5325 fantes,
2385 5272 2611 5326 quorum
2635 5257 2810 5314 adhuc
2831 5260 3000 5314 nullas
3019 5301 3035 5327 ,
3067 5267 3122 5315 et
3174 5260 3293 5316 ideo
3335 5277 3434 5319 nec
3459 5267 3758 5325 contrarias

2167 5348 2370 5405 invenit
2395 5351 2731 5408 voluntates?
2758 5352 2814 5408 Si
2844 5353 2946 5408 hoc
2977 5353 3290 5424 profundius
3309 5372 3430 5413 esse
3467 5362 3755 5431 perspicis,

2232 5569 2249 5600 ι
2284 5577 2389 5642 Αιῃἶ
2407 5577 2482 5620 Er.
2504 5579 2704 5642 θρίω,
2727 5582 2897 5625 omnes
2916 5573 3127 5626 homines
3144 5576 3242 5626 vult
3263 5589 3424 5629 ventre
3437 5591 3457 5642 ;
3479 5581 3674 5634 omissis
3690 5585 3750 5634 in-

2165 5632 2419 5682 termediis
2441 5635 2624 5684 verbis.

2230 5696 2250 5724 ²
2283 5701 2376 5743 Itac
2397 5699 2644 5766 sententia
2673 5706 2843 5766 carent
2869 5697 3051 5763 aliquot
3083 5706 3394 5766 manuscripti
3420 5720 3432 5754 :
3462 5714 3515 5758 et
3537 5709 3752 5760 nonnulli

2165 5754 2407 5829 loqo,_non
2441 5757 2753 5829 viri/icantur,
2776 5754 2966 5829 ierunt;
2986 5776 3078 5812 non
3087 5754 3438 5829 justiﬁcan'tttr.

2230 5819 2250 5886 ξ
2282 5819 2353 5867 sic
2374 5819 2700 5886 mauuSCripti.
2727 5824 2843 5873 Editi
2870 5819 3002 5885 vero,
3027 5819 3145 5886 Quia
3167 5819 3256 5877 etsi
3277 5832 3506 5881 nondum.

2229 5882 2251 5912 δ
2287 5883 2494 5932 vaticani
2517 5882 2823 5949 manuscripti
2835 5895 2887 5937 et
2900 5882 3006 5938 fere
3032 5882 3205 5940 omnes
3223 5889 3463 5957 Gallicani,
3481 5893 3757 5950 volentium
