4038 6464
255 423 352 482 761

180 515 186 522 ’
243 535 581 612 quamutahs
604 543 657 592 te
677 531 853 588 valeat
881 524 1129 592 inveniri;
1161 531 1445 592 utrumque
1486 518 1700 588 utrique
1724 531 1824 612 no-

244 608 406 690 strum
432 627 761 702 profundum
783 625 874 693 sit,
896 638 994 678 cur
1013 629 1069 678 et
1093 619 1148 675 in
1197 614 1490 687 majoribus
1525 621 1580 668 et
1624 611 1678 666 in
1728 608 1830 665 mi.

244 725 462 781 noribus
483 724 628 778 Deus
651 719 782 776 velit
807 715 963 774 alteri
1003 721 1060 770 et
1111 711 1246 768 nolit
1295 707 1448 764 alteri
1501 703 1823 762 subvenire:

241 822 361 879 dum
391 831 575 877 tamen
618 825 824 874 certum
843 823 900 870 et
927 808 1198 867 immobile
1237 815 1533 870 teneamus,
1574 816 1683 856 non
1707 812 1829 855 esse

246 914 580 986 iniquitatem
602 910 743 981 apud
763 909 932 964 Deum
963 902 1138 977 (Rom.
1158 917 1233 968 1x,
1254 899 1365 970 l4),
1381 911 1486 969 qua
1506 906 1826 986 quemquam

239 984 356 1064 sine
382 1006 543 1062 malis
561 1004 767 1060 meritis
786 1001 1040 1064 damnet;
1081 1003 1136 1053 et
1171 1008 1294 1051 esse
1340 989 1631 1046 bonitatem
1687 984 1827 1056 apud

236 1101 426 1164 Deum,
456 1112 564 1168 qua
593 1095 790 1151 multos
809 1094 925 1150 sine
950 1090 1104 1147 bonis
1132 1085 1339 1143 meritis
1355 1083 1578 1138 liberet:
1603 1078 1826 1134 demon-

236 1201 408 1248 strans
440 1192 494 1246 in
524 1191 602 1247 eis
627 1203 762 1261 quos
781 1188 999 1244 damnat
1025 1182 1152 1255 quid
1177 1178 1426 1237 omnibus
1453 1175 1730 1238 debeatur;
1766 1179 1826 1227 ut

237 1286 360 1342 hinc
391 1285 606 1341 discant
633 1297 767 1353 quos
787 1281 998 1346 liberat,
1027 1291 1144 1347 qua}
1170 1273 1272 1330 sibi
1320 1285 1477 1342 paena
1505 1266 1684 1322 debita
1731 1278 1821 1320 re-

237 1377 466 1444 laxetur,
495 1386 550 1433 et
571 1391 689 1447 quae
711 1373 946 1429 indebita
971 1369 1139 1443 gratia
1163 1365 1514 1422 contionetur.

297 1470 387 1525 46.
419 1469 548 1524 ﬂare
572 1477 626 1522 ut
653 1464 957 1521 christianis
983 1459 1235 1517 cordibus
1287 1453 1539 1512 convenit
1586 1449 1822 1521 cogitare

231 1561 469 1626 nescitis,
498 1568 554 1616 et
571 1575 664 1614 vos
687 1557 861 1628 potius
895 1551 1190 1610 secundum
1242 1556 1476 1604 vestram
1503 1540 1821 1598 sententiam

229 1653 333 1710 fato
355 1654 458 1707 ista
483 1651 660 1706 dicitis
691 1649 825 1704 fieri.
856 1647 1045 1702 Vestra
1074 1643 1289 1714 quippe,
1323 1653 1430 1693 non
1462 1644 1641 1689 nostra
1691 1646 1820 1686 sen-

230 1747 390 1800 tentia
414 1754 521 1811 est,
557 1762 574 1796 ι
619 1743 729 1798 lato
760 1741 872 1796 ﬁeri
912 1736 1055 1808 quod
1108 1732 1302 1789 merito
1337 1745 1443 1785 non
1490 1726 1564 1780 ﬁt.
1607 1743 1625 1777 ι
1657 1723 1725 1778 Ει
1753 1737 1821 1778 ne

228 1840 522 1895 secundum
552 1837 710 1894 istam
736 1831 1101 1889 deﬁnitionem
1141 1827 1251 1882 fato
1297 1823 1424 1878 ﬁant
1469 1816 1778 1877 hominibus
1801 1855 1816 1882 ,

227 1934 268 1988 si
297 1931 510 1986 meritis
534 1945 638 1984 non
685 1926 833 1993 ﬁant,
865 1934 1215 1996 quaecumque
1244 1919 1411 1980 ﬁunt;
1466 1913 1586 1968 ideo
1628 1909 1819 1965 merita

227 2026 301 2080 vel
321 2024 462 2080 bona
493 2021 578 2076 vel
603 2019 760 2083 mala,
790 2025 1045 2088 quantum
1079 2010 1322 2082 potestis,
1347 2005 1586 2062 asseritis
1612 2045 1627 2070 ,
1654 2017 1722 2057 ne
1743 1999 1821 2055 fa-

227 2129 332 2174 tum
378 2117 454 2172 sit
490 2127 856 2185 consequens,
904 2109 948 2165 si
990 2107 1179 2162 merita
1217 2098 1561 2173 negaveritis.
1597 2097 1675 2150 Ac
1723 2109 1819 2164 per

227 2210 323 2267 hoc
349 2208 550 2263 dicitur
576 2205 745 2270 vobis,
769 2203 826 2260 Si
857 2218 918 2259 ea
940 2216 1059 2272 qua:
1082 2197 1242 2253 nullis
1264 2193 1470 2250 meritis
1493 2196 1816 2264 praistantur

224 2303 549 2366 hominibus,
587 2300 695 2355 fato
722 2299 837 2354 ﬁeri
862 2296 973 2367 jam
1005 2308 1226 2350 necesse
1250 2297 1354 2357 est,
1384 2296 1441 2344 et
1467 2285 1588 2341 ideo
1625 2282 1817 2338 merita

223 2393 509 2451 astruenda
539 2401 683 2457 sunt,
717 2406 784 2445 ne
809 2390 974 2444 fatum
1009 2388 1074 2442 sit
1103 2395 1438 2454 consequens
1467 2421 1482 2446 ,
1527 2377 1574 2433 si
1625 2374 1815 2430 merita

224 2502 324 2542 non
347 2496 475 2542 sunt
508 2503 522 2540 :
553 2482 662 2539 fato
693 2481 1051 2552 baptizantur,
1085 2475 1192 2531 fato
1245 2476 1444 2529 intrant
1497 2471 1549 2525 in
1592 2481 1815 2538 regnum

224 2578 313 2634 Dei
345 2576 574 2648 parvuli,
606 2589 831 2646 quorum
853 2573 988 2627 bona
1018 2569 1206 2624 merita
1233 2566 1376 2621 nulla
1405 2573 1564 2627 sunt;
1594 2570 1648 2615 et
1695 2574 1816 2613 rur-

223 2684 330 2735 sus,
361 2667 471 2723 fato
499 2683 604 2721 non
627 2664 981 2734 baptizantur,
1007 2661 1112 2715 fato
1144 2672 1250 2713 non
1280 2657 1480 2710 intrant
1505 2652 1558 2707 in
1587 2661 1808 2720 regnum

225 2759 820 2832 Deiparvuli,quorum
863 2753 1001 2809 mala
1052 2750 1238 2806 merita
1294 2746 1437 2802 nulla
1493 2750 1636 2799 sunt.
1673 2741 1814 2796 Ecce

228 2853 402 2924 pusilli
431 2851 523 2922 qui
551 2849 647 2904 fari
683 2855 972 2920 nequeunt,
1025 2859 1119 2899 vos
1165 2843 1338 2913 potius
1381 2847 1674 2894 assertores
1720 2834 1813 2890 fati

222 2959 338 3001 esse
361 2944 708 2999 convincunt.
737 2938 846 2994 Nos
875 2946 1052 2993 autem
1080 2951 1200 2991 cum
1228 2934 1427 2988 vitiata:
1452 2930 1673 3002 originis
1699 2943 1813 2982 ma-

223 3037 269 3092 la
298 3036 489 3091 merita
514 3050 633 3090 esse
662 3033 924 3098 dicamus,
953 3029 1122 3100 gratia
1143 3027 1370 3082 dicimus
1398 3025 1598 3078 intrare
1621 3035 1813 3092 parvu-

224 3128 328 3183 lum
357 3129 409 3182 in
440 3141 662 3196 regnum
717 3124 834 3189 Dei,
881 3120 1131 3192 quoniam
1179 3117 1353 3171 bonus
1395 3123 1478 3169 est
1527 3114 1705 3176 Deus;
1761 3118 1816 3166 et

223 3221 383 3275 alium
413 3219 608 3273 merito
631 3232 732 3271 non
758 3216 979 3280 intrare,
1013 3212 1263 3282 quoniam
1297 3209 1474 3278 justus
1498 3215 1581 3261 est
1635 3205 1808 3270 Deus;

222 3316 346 3370 etin
386 3319 581 3368 neutro
632 3324 752 3365 esse
801 3307 1008 3370 fatum,
1059 3302 1308 3375 quoniam
1361 3299 1502 3369 quod
1537 3296 1650 3352 vult
1691 3296 1814 3350 facit

225 3407 384 3462 Deus.
416 3403 524 3460 Sed
547 3418 667 3456 cum
691 3399 925 3456 sciamus
973 3396 1145 3460 abeo,
1177 3395 1261 3448 cui
1315 3389 1734 3447 misericordiam
1760 3395 1814 3442 et

222 3499 475 3570 iudicium
495 3494 635 3550 fideli
665 3507 798 3547 voce
845 3497 1124 3544 cantamus
1153 3482 1324 3557 (Psat.
1353 3499 1404 3549 c,
1437 3483 1516 3552 l),
1545 3481 1704 3534 istum
1722 3493 1812 3534 se-

222 3589 456 3644 cundum
478 3585 738 3656 judicium
769 3579 1032 3643 damnari,
1064 3577 1212 3632 illum
1258 3573 1551 3630 secundum
1600 3570 1812 3626 miseri-

223 3682 459 3738 cordiam
499 3677 753 3741 liberari;
786 3690 882 3730 cur
918 3674 1078 3728 istum
1113 3670 1289 3740 potius
1326 3683 1484 3738 quam
1534 3666 1680 3720 illum
1720 3664 1814 3718 da-

224 3783 362 3830 mnet
380 3781 474 3826 aut
492 3771 701 3834 liberet,
720 3781 818 3822 nos
834 3765 923 3837 qui
940 3778 1124 3820 sumus
1137 3761 1225 3832 qui
1247 3759 1663 3831 respondeamus
1683 3754 1816 3811 Deo?

223 3862 492 3934 Numquid
521 3861 653 3917 dicit
682 3858 993 3929 ﬁgmentum
1024 3857 1072 3910 ei
1095 3852 1186 3924 qui
1210 3867 1270 3907 se
1301 3851 1489 3916 ﬁnxit,
1517 3849 1694 3918 Quare
1737 3847 1816 3903 sic

225 3976 307 4014 me
324 3955 738 4012 fecisti?Annou
770 3951 929 4006 habet
955 3955 1274 4020 potestatem
1303 3945 1498 4016 ﬁgulus
1521 3944 1615 3998 luti
1640 3958 1706 3999 ex
1719 3957 1815 3997 ea-

225 4053 346 4108 dem
400 4065 579 4105 massa
633 4047 854 4118 originis
899 4045 1095 4100 vitiatae
1134 4050 1294 4113 atque
1337 4040 1601 4094 damnatae
1643 4036 1818 4092 lacere

224 4144 366 4200 aliud
387 4157 482 4196 vas
514 4141 564 4194 in
612 4139 872 4194 honorem
921 4134 1213 4190 secundum
1257 4129 1713 4194 misericordiam,
1763 4140 1818 4184 et

225 4235 370 4290 aliud
403 4233 456 4286 in
489 4229 865 4287 contumeliam
896 4225 1188 4283 secundum
1211 4223 1470 4294 judicium
1517 4220 1707 4293 (Rom.
1732 4235 1813 4287 rx,

224 4327 315 4394 Ψ),
343 4324 474 4397 2f)?
506 4323 626 4378 ldeo
653 4337 759 4377 non
785 4331 1065 4390 utrumque
1095 4318 1148 4373 in
1176 4316 1456 4380 honorem,
1487 4328 1554 4368 ne
1577 4313 1680 4368 hoc
1699 4327 1814 4367 me-

226 4422 401 4476 ruisse
428 4433 488 4473 se
514 4415 780 4473 existimet
817 4422 1067 4483 tanquam
1113 4409 1380 4480 inculpata
1435 4413 1622 4484 natura
1657 4422 1669 4458 :
1699 4403 1818 4460 ideo

227 4531 332 4570 non
368 4509 737 4581 utrumquein
765 4505 1162 4570 contumeliam,
1205 4513 1260 4558 ut
1312 4501 1514 4573 judicio
1557 4514 1817 4569 superex-

226 4608 392 4662 sultet
425 4605 440 4636 ¹
467 4600 830 4658 misericordia
863 4597 1063 4668 (Jacobi
1091 4612 1149 4663 ιι,
1183 4595 1295 4666 15).
1344 4593 1422 4649 Ac
1445 4608 1542 4663 per
1574 4591 1678 4647 hoc
1721 4606 1821 4646 nec

229 4701 516 4755 damnatus
542 4712 608 4752 ex
637 4694 818 4750 debito
845 4692 911 4747 de
940 4690 1198 4760 supplicio
1233 4689 1374 4758 juste
1418 4687 1678 4758 queritur,
1723 4701 1822 4740 nec

229 4789 493 4845 liberatus
523 4786 686 4856 gratis
716 4785 781 4838 de
811 4783 1003 4838 merito
1032 4781 1262 4851 superbe
1287 4779 1564 4848 gloriatur;
1597 4777 1690 4832 sed
1722 4791 1821 4846 po-

229 4885 336 4938 tius
366 4880 644 4936 humiliter
660 4877 859 4949 gratias
879 4875 1004 4946 agit,
1037 4873 1248 4944 quando
1288 4872 1340 4925 in
1368 4871 1459 4925 illo
1482 4885 1512 4923 a
1535 4885 1640 4939 quo
1667 4867 1820 4923 debi-

229 4986 342 5031 tum
369 4974 625 5045 exigitur,
657 4969 783 5041 quid
813 4971 863 5024 in
893 4967 1077 5023 eadem
1119 4980 1278 5020 causa
1329 4963 1430 5020 sibi
1470 4961 1697 5018 donetur
1725 4977 1820 5031 ag-

228 5070 423 5126 noscit.

299 5164 390 5217 47.
417 5159 629 5215 Asseris
657 5171 742 5211 me
765 5155 817 5210 in
843 5154 949 5208 alio
974 5153 1112 5207 libro
1144 5165 1263 5205 meo
1290 5149 1488 5204 dixisse
1515 5189 1529 5213 ,
1566 5165 1584 5198 ‹
1632 5145 1822 5216 Negari

233 5257 462 5311 liberum
488 5251 788 5316 arbitrium,
813 5250 856 5303 si
881 5247 1049 5318 gratia
1077 5242 1480 5300 commendetur
1506 5257 1518 5306 ;
1552 5249 1605 5296 et
1633 5241 1823 5293 iterum

234 5347 412 5418 negari
435 5343 686 5417 gratiam,
719 5341 761 5394 si
784 5339 1006 5394 liberum
1028 5334 1433 5392 commendetur
1459 5331 1758 5385 arbitrium.
1801 5349 1818 5380 ι

237 5439 590 5495 Calumniaris
625 5453 638 5491 :
671 5451 774 5489 non
802 5434 901 5488 hoc
930 5447 961 5485 a
989 5447 1073 5486 me
1090 5430 1287 5484 dictum
1315 5436 1414 5489 est,
1449 5425 1543 5481 sed
1600 5435 1827 5494 propter

238 5533 401 5604 ipsius
427 5529 738 5603 quaestionis
767 5524 1127 5581 difﬁcultatem
1182 5520 1345 5575 videri
1403 5518 1502 5575 hoc
1545 5531 1700 5587 posse
1746 5515 1826 5569 di-

242 5635 383 5681 ctum
410 5632 575 5683 estet
600 5623 791 5694 putari.
817 5619 932 5676 Non
975 5627 1056 5674 est
1108 5616 1334 5672 multum
1390 5623 1445 5668 ut
1501 5614 1614 5684 ipsa
1668 5612 1823 5667 ι’«ιιιιίι

307 5894 329 5930 ί
359 5905 460 5947 an.
482 5899 538 5947 et
555 5898 683 5955 me,
706 5888 1045 5956 wpcrexaltet.

1581 394 1788 452 LIBER
1824 393 2168 464 QUARTUS.

1940 529 2057 570 mea
2088 528 2299 584 ponam,
2323 515 2464 573 unde
2507 517 2720 574 videant
2746 517 2838 590 qui
2881 517 2996 576 haec
3022 519 3229 592 legunt,
3260 525 3522 593 quemad-

1939 608 2159 665 modum
2183 610 2396 680 scriptis
2423 612 2558 667 meis
2587 612 2852 669 insidieris
2875 653 2891 679 ,
2936 620 2992 670 et
3043 630 3146 685 qua
3191 615 3520 674 conscientia

1937 703 2020 758 vel
2048 701 2232 769 tardis,
2257 703 2344 758 vel
2375 703 2572 774 ignaris
2597 705 2848 763 cordibus
2887 707 3157 776 abutaris,
3195 716 3253 765 ut
3299 709 3422 766 ideo
3468 720 3521 769 te
3571 753 3580 762 .

1935 793 2244 850 existiment
2263 796 2610 866 respondere,
2637 799 2759 868 quia
2785 814 2892 854 non
2920 799 2997 854 vis
3027 809 3222 856 tacere.
3257 800 3311 856 ln
3339 803 3520 858 novis-

1935 888 2086 944 simis
2106 890 2248 946 enim
2277 891 2514 960 partibus
2547 891 2700 961 primi
2728 892 2849 948 libri
2889 893 2992 948 mei
3038 893 3103 948 ad
3151 903 3390 950 sanctum
3427 895 3517 951 Pi-

1935 980 2171 1047 nianum,
2203 985 2356 1052 cujus
2406 991 2490 1038 est
2535 981 2750 1050 titulus,
2798 985 2873 1040 De
2914 985 3080 1055 gratia
3124 996 3308 1041 contra
3361 987 3514 1042 Pela-

1931 1073 2074 1144 gium
2100 1075 2116 1105 ί
2151 1091 2164 1128 :
2203 1092 2222 1126 ι
2261 1075 2384 1141 ista,
2410 1095 2428 1128 ι
2458 1076 2692 1146 inquam,
2725 1095 2743 1128 (
2776 1077 3000 1148 qutestio
3045 1077 3136 1132 ubi
3189 1078 3257 1134 de
3296 1079 3516 1135 arbitrio

1930 1164 2220 1220 voluntatis
2248 1176 2301 1221 et
2332 1166 2424 1221 Dei
2455 1167 2618 1237 gratia
2643 1166 2964 1237 disputatur,
2989 1167 3058 1222 ita
3087 1178 3171 1222 est
3208 1168 3274 1224 ad
3310 1168 3510 1225 discer-

1931 1255 2164 1312 nendum
2185 1256 2438 1324 difﬁcilis,
2466 1267 2525 1314 ut
2549 1259 2761 1328 quando
2795 1258 3098 1315 defenditur
3126 1259 3349 1316 liberum
3377 1261 3514 1317 arbi-

1931 1349 2109 1413 trium,
2139 1349 2318 1419 negari
2346 1349 2435 1405 Dei
2465 1351 2634 1420 gratia
2657 1351 2932 1418 videatur;
2963 1353 3175 1423 quando
3228 1362 3404 1408 autem
3428 1368 3513 1409 as-

1928 1439 2124 1496 seritur
2153 1440 2245 1495 Dei
2266 1444 2453 1510 gratia,
2486 1442 2710 1498 liberum
2741 1443 3018 1500 arbitrium
3051 1453 3264 1515 putetur
3285 1444 3508 1512 auferri,

1929 1540 1983 1586 et
2007 1541 2198 1588 ctetera
2224 1551 2243 1584 ι
2277 1532 2377 1605 (De
2405 1531 2583 1588 Gratia
2603 1533 2791 1589 Christi
2815 1577 2831 1603 ,
2855 1552 2908 1590 η.
2940 1534 3056 1606 52).
3082 1535 3159 1590 Τιι
3207 1545 3384 1592 autem
3431 1536 3512 1591 vir

1927 1622 2184 1680 honestus
2214 1634 2472 1693 etvcrax,
2499 1626 2764 1682 abstulisti
2791 1627 2950 1682 verba
2984 1643 3102 1697 quae
3144 1627 3274 1693 dixi,
3321 1637 3374 1682 et
3423 1627 3508 1682 di-

1927 1717 2047 1771 xisti
2069 1717 2209 1788 quod
2228 1718 2342 1790 ipse
2359 1719 2576 1774 tinxisti.
2606 1719 2719 1790 Ego
2739 1720 2880 1775 enim
2906 1720 3038 1788 dixi,
3065 1720 3218 1776 istam
3257 1721 3509 1791 quaestio-

1926 1823 2048 1864 nem
2076 1809 2142 1864 ad
2164 1809 2574 1865 discernendum
2620 1826 2740 1867 esse
2765 1810 3034 1866 difﬁcilem
3063 1829 3075 1864 ε
3099 1828 3203 1866 ιιοιι
3229 1819 3406 1866 autem
3431 1811 3512 1870 di-

1924 1903 1999 1968 xi,
2032 1918 2136 1957 non
2165 1917 2319 1973 posse
2349 1902 2601 1958 discerni.
2631 1903 2794 1958 Multo
2843 1904 3020 1958 minus
3067 1919 3194 1974 ergo
3239 1903 3507 1968 dicerem,

1923 1993 2064 2065 quod
2083 2009 2167 2049 me
2193 1993 2390 2049 dixisse
2419 1994 2683 2061 mentiris,
2710 2013 2728 2046 (
2765 1995 2945 2066 negari
2962 1994 3186 2049 liberum
3209 1994 3506 2060 arbitrium,

1925 2085 1972 2140 si
2005 2085 2174 2157 gratia
2201 2085 2626 2150 commendetur;
2658 2093 2714 2141 et
2736 2086 2915 2156 negari
2942 2086 3186 2157 gratiam,
3217 2083 3265 2138 si
3285 2085 3508 2140 liberum

1923 2176 2324 2233 commendetur
2347 2177 2648 2233 arbitrium.
2671 2196 2688 2229 ι
2717 2177 2897 2233 Redde
2935 2178 3097 2233 verba
3134 2194 3250 2233 mea
3277 2219 3292 2244 ,
3323 2185 3378 2232 et
3413 2193 3508 2232 va-

1923 2277 2108 2322 nescet
2127 2267 2391 2323 calumnia
2412 2277 2520 2322 tua.
2547 2269 2768 2338 Repoue
2793 2267 2906 2324 suis
2935 2268 3094 2335 locis,
3121 2268 3208 2322 ubi
3235 2267 3366 2335 dixi,
3385 2286 3405 2320 ι
3429 2268 3509 2322 vi-

1921 2359 2144 2426 deatur;
2185 2377 2204 2412 )
2241 2359 2329 2415 ubi
2356 2359 2487 2427 dixi,
2527 2378 2545 2412 ι
2583 2368 2832 2429 putetur:
2869 2379 2888 2413 ι
2926 2368 2982 2414 ιιι
3027 2368 3288 2430 appareat
3325 2359 3393 2416 de
3447 2375 3507 2416 re

1921 2460 2064 2507 tanta
2086 2452 2276 2523 quibus
2304 2453 2399 2507 abs
2426 2463 2475 2507 te
2505 2452 2780 2509 fraudibus
2825 2455 3144 2525 disputetur.
3187 2453 3302 2508 Non
3348 2453 3498 2522 dixi,

1927 2565 1946 2599 ι
1977 2547 2156 2618 negari
2181 2547 2438 2618 gratiam;
2472 2565 2491 2600 ι
2510 2546 2624 2610 sed,
2654 2565 2673 2598 ι
2708 2555 2766 2602 ιιι
2791 2547 2971 2616 negari
2996 2547 3162 2617 gratia
3188 2546 3452 2602 videatur.
3478 2565 3498 2600 ι

1917 2637 2034 2695 Non
2059 2639 2190 2708 dixi,
2228 2658 2247 2692 ‹
2282 2641 2460 2711 negari
2486 2640 2763 2696 arbitrium
2786 2639 3010 2696 liberum
3036 2681 3051 2706 ,
3077 2639 3163 2694 vel
3204 2639 3440 2704 auferri;
3482 2658 3500 2691 ι

1918 2731 2014 2794 sed
2043 2731 2172 2797 dixi,
2202 2749 2220 2784 ι
2251 2739 2308 2786 ιιι
2339 2740 2553 2801 putetur
2601 2731 2819 2787 auferri.
2851 2750 2870 2784 ι
2905 2731 2973 2786 Et
3003 2730 3302 2802 promittis,
3333 2750 3352 2782 ι
3383 2745 3506 2786 cum

1919 2821 2039 2877 libri
2068 2822 2165 2894 ipsi
2192 2821 2439 2878 ventilari
2466 2824 2745 2893 cmperint,
2779 2821 2924 2893 quod
2953 2822 3047 2876 abs
3096 2829 3146 2876 te
3169 2821 3254 2875 illa
3284 2831 3506 2877 senten-

1919 2913 2110 2968 tiarum
2143 2929 2382 2970 mearum
2421 2922 2476 2968 et
2513 2912 2797 2968 nudabitur
2838 2921 2892 2968 et
2937 2910 3269 2967 confodietur
3315 2911 3507 2982 impie-

1920 3013 2020 3061 tas.
2054 3025 2073 3058 ι
2104 3006 2234 3074 Quis
2284 3021 2392 3062 non
2423 3009 2444 3038 ¹
2474 3015 2748 3078 exspectet
2796 3004 3110 3075 sapientiam
3159 3003 3468 3061 disserentis
3489 3045 3505 3071 ,

1916 3099 2006 3170 qui
2029 3098 2188 3154 ﬁdem
2219 3101 2528 3170 cognoverit
2558 3098 2910 3154 mentientis?

1866 3210 1888 3223 ·
1987 3191 2074 3246 48.
2098 3191 2237 3260 Quid
2257 3200 2340 3246 est
2360 3200 2535 3246 autem
2557 3190 2698 3261 quod
2727 3188 2961 3260 loqueris
2980 3232 2993 3254 ,
3027 3207 3047 3240 ι
3083 3187 3224 3243 Nihil
3246 3183 3511 3259 pertinere

1916 3281 1984 3336 ad
2016 3280 2224 3336 laudem
2266 3282 2489 3350 gratiae,
2541 3281 2583 3335 si
2617 3280 2668 3334 id
2718 3280 2881 3335 donet
2920 3279 3064 3346 suis,
3112 3277 3252 3349 quod
3297 3286 3511 3348 peccata

1918 3374 2094 3445 impiis
2120 3374 2452 3444 largiuntur?
2489 3392 2508 3426 ι
2545 3374 2768 3442 Pr0pter
2795 3370 3100 3442 pudicitiam
3133 3371 3335 3426 scilicet
3376 3386 3510 3427 con-

1912 3465 2177 3538 jugalem,
2208 3484 2366 3538 quam
2417 3467 2508 3521 tibi
2557 3465 2753 3521 habere
2791 3464 3036 3518 videntur
3060 3473 3113 3518 et
3143 3463 3312 3533 impii.
3341 3462 3512 3518 Homo

1916 3559 2288 3623 sententiose,
2318 3559 2486 3613 virtus
2534 3556 2763 3612 donatur
2791 3570 2915 3609 vera
2958 3569 3053 3624 per
3094 3554 3358 3625 gratiam,
3404 3567 3512 3608 non

1917 3666 2037 3721 quae
2064 3660 2281 3708 vocatur
2300 3692 2313 3716 ,
2345 3659 2526 3705 etnon
2557 3658 2658 3704 est.
2685 3645 2888 3717 thuid
2908 3655 3082 3700 autem
3126 3644 3429 3715 pudicitiam
3459 3655 3514 3700 et

1918 3743 2276 3814 virginitatem
2302 3742 2452 3813 quasi
2493 3740 2734 3810 ejusdem
2764 3739 2978 3811 generis
3004 3737 3220 3808 jungis?
3252 3736 3514 3792 Pudicitia

1919 3850 2007 3891 res
2031 3842 2115 3890 est
2155 3835 2351 3900 animi;
2383 3831 2655 3903 virginitas
2679 3873 2693 3897 ,
2747 3829 3006 3900 corporis.
3064 3827 3299 3898 Denique
3347 3838 3394 3882 et
3425 3826 3514 3882 illa

1921 3927 2125 3997 integra
2153 3925 2204 3980 in
2229 3925 2406 3980 animo
2431 3931 2778 3994 permanente
2802 3964 2818 3989 ,
2849 3929 3023 3992 potest
3052 3921 3154 3976 ista
3195 3919 3263 3975 de
3293 3934 3516 3989 corpore

1921 4017 2184 4073 violenter
2205 4017 2399 4073 auferri
2424 4033 2438 4082 ;
2465 4027 2518 4070 et
2546 4031 2666 4072 cum
2695 4016 2794 4070 ista
2825 4016 3029 4084 integra
3058 4021 3239 4068 manet
3263 4013 3471 4084 corpori
3495 4051 3512 4080 ,

1921 4119 2098 4180 potest
2125 4110 2214 4166 illa
2241 4109 2296 4163 in
2334 4109 2511 4162 animo
2554 4108 2744 4163 lasciva
2771 4107 3043 4162 voluntate
3066 4105 3352 4174 corrumpi.
3383 4104 3516 4158 Pro-

1923 4211 2043 4272 pter
2071 4201 2213 4272 quod
2243 4217 2341 4272 ego
2372 4216 2477 4255 non
2531 4200 2661 4270 dixi,
2695 4200 2888 4256 Verum
2917 4199 3218 4270 conjugium
3239 4239 3252 4260 ,
3293 4199 3406 4252 sive
3433 4199 3515 4252 vi-

1921 4292 2132 4358 duitas,
2169 4293 2286 4347 sive
2315 4291 2618 4362 virginitas;
2667 4289 2795 4357 sed,
2851 4308 2870 4342 ‹
2906 4289 3040 4344 Vera
3092 4288 3371 4358 pudicitia,
3404 4289 3516 4344 sive

1922 4383 2214 4454 conjugalis
2233 4423 2249 4449 ,
2276 4383 2387 4438 sive
2412 4382 2638 4438 vidnalis
2656 4422 2672 4448 ,
2702 4383 2816 4437 sive
2842 4379 3134 4452 virginalis,
3161 4379 3385 4436 dicenda
3409 4396 3515 4436 non

1925 4485 2007 4532 est
2027 4517 2041 4543 ,
2074 4474 2174 4530 nisi
2200 4490 2320 4545 qua:
2349 4490 2490 4530 verte
2533 4474 2652 4530 ﬁdei
2684 4475 3018 4544 mancipatur
3054 4493 3072 4526 ι
3109 4473 3210 4544 (De
3237 4471 3444 4544 Nuptiis
3469 4482 3518 4528 et

1925 4568 2342 4640 Concupiscentia
2364 4610 2380 4636 ,
2425 4569 2512 4623 lib.
2546 4570 2572 4624 l
2595 4610 2609 4634 ,
2641 4586 2693 4622 ιι.
2725 4568 2803 4638 5).
2856 4566 3122 4637 Conjuges
3160 4567 3299 4621 enim
3335 4575 3390 4620 et
3435 4565 3517 4620 vi-

1925 4661 2043 4717 dua:
2072 4669 2127 4716 et
2151 4660 2386 4732 virgines
2417 4669 2638 4731 possunt
2665 4674 2784 4714 esse
2810 4702 2824 4725 ,
2856 4668 2909 4714 et
2932 4659 3136 4728 pudica:
3166 4675 3270 4712 non
3291 4671 3443 4724 esse,
3471 4657 3519 4712 si

1926 4753 2285 4810 contaminata
2317 4755 2587 4808 voluntate
2614 4751 2983 4818 mmehantur,
3019 4751 3062 4804 si
3090 4751 3280 4820 spiritu
3310 4751 3521 4820 impuro

1926 4857 2108 4917 stupra
2138 4845 2487 4917 perpetranda
2541 4845 2829 4900 decernunt
2861 4862 2874 4896 :
2927 4845 2978 4898 in
3007 4843 3198 4914 quibus
3227 4851 3402 4898 tamen
3430 4858 3522 4898 ve-

1928 4956 2042 4996 ram
2069 4939 2372 5011 pudicitiam
2396 4938 2530 4993 dicis
2546 4953 2666 4993 esse
2686 4979 2698 5001 ,
2731 4937 2937 4993 etiamsi
2959 4938 3138 4992 animo
3155 4935 3518 5001 fornicentur;

1928 5033 2071 5104 quod
2102 5030 2275 5086 facere
2319 5045 2506 5085 omnes
2549 5029 2738 5098 impios
2776 5029 2982 5098 eloquia
3027 5029 3205 5084 divina
3239 5037 3520 5084 testantur.

2001 5124 2090 5178 49.
2119 5123 2248 5189 Quis
2267 5130 2442 5176 autem
2467 5132 2705 5176 nostrum
2727 5121 2882 5187 dicit,
2911 5139 2929 5172 ι
2965 5124 3324 5193 conjugalium
3351 5136 3524 5175 metu.

1932 5217 2150 5273 brorum
2182 5217 2380 5270 malum
2402 5231 2521 5271 esse
2541 5223 2882 5283 consertum,
2924 5233 2942 5268 ι
2971 5215 3024 5269 in
3047 5231 3153 5284 quo
3174 5214 3369 5284 nuptize
3386 5213 3524 5267 bene

1934 5320 2151 5366 utuntur
2176 5310 2241 5364 ad
2272 5310 2638 5380 propagaudos
2671 5309 2806 5364 filios
2836 5308 3284 5379 concupiscentiae
3334 5305 3474 5360 malo
3499 5305 3524 5356 ἲ

1935 5405 2061 5473 Qum
2088 5403 2512 5474 concupisu-utia
2542 5403 2738 5458 malum
2769 5417 2872 5458 non
2902 5410 3084 5468 esset,
3127 5400 3171 5454 si
3217 5398 3327 5454 sola
3353 5414 3522 5470 gene-

1936 5495 2082 5551 randi
2111 5510 2268 5551 eansa
2297 5495 2362 5548 ad
2408 5496 2604 5551 licitum
2634 5495 2973 5552 concubitum
3020 5499 3342 5548 moveretur.
3375 5490 3524 5548 Nune

1963 5758 1973 5767 '
1999 5698 2014 5728 ¹
2044 5696 2376 5767 Λιῖῳιυιιιειδη
2395 5706 2497 5767 ⁵Ρνε)
2512 5697 2669 5760 gratia
2686 5700 2850 5745 contra
2872 5689 3136 5755 Pelagium.
3151 5691 3293 5754 Editi,
3316 5699 3390 5743 De
3408 5704 3524 5758 gra-

1937 5759 2004 5809 tia
2031 5759 2114 5808 Dei
2134 5759 2302 5810 contra
2324 5759 2583 5822 i‘clngitmt.

2000 5823 2020 5852 ³
2052 5823 2133 5870 Hie
2157 5816 2735 5893 negantem";articulam
2775 5823 3076 5881 praetereunt
3096 5816 3194 5868 duo
3226 5829 3257 5868 e
3287 5816 3528 5871 minui!

1938 5893 2285 5946 unmuscrqtns.
