4038 6470
557 529 690 575 vero
735 530 857 574 cum
883 513 935 572 el
974 511 1175 570 resistit
1204 511 1497 583 conjugalis
1538 511 1788 582 pudicitia
1811 552 1828 575 .
1879 510 2033 566 limes
2059 519 2142 565 est

561 609 724 687 mali;
749 617 802 664 et
826 609 944 664 ideo
973 608 1168 663 bonum
1195 615 1294 662 est.
1324 604 1478 662 Unde
1507 619 1612 659 non
1643 623 1662 656 ‹
1699 605 1904 658 crimen
1930 603 2046 672 ejus
2070 644 2085 670 ,
2118 622 2136 655 ›

563 703 702 758 sicut
727 699 1098 756 calumniando
1127 699 1358 769 loqueris
1377 738 1391 763 ,
1422 715 1442 748 ‹
1479 696 1797 766 impunitum
1824 694 1882 749 ﬁt
1915 711 2010 765 per
2051 709 2144 749 re-

563 791 853 864 ligionem;
904 811 922 844 ι
954 791 1076 860 quia
1127 790 1320 844 nullius
1343 797 1425 845 est
1467 788 1743 854 criminis,
1800 786 2014 857 quando
2052 801 2148 856 per

563 882 688 939 ﬁdei
714 884 909 939 bonum
940 883 1076 938 bene
1100 882 1261 937 utitur
1290 880 1520 936 libidinis
1542 881 1700 935 malo.
1724 879 1907 948 Neque
1933 878 2016 934 hic
2039 879 2147 934 dici

564 984 773 1047 potest,
829 984 889 1030 ut
930 984 1115 1046 putas,
1173 972 1447 1027 Faciamus
1490 973 1628 1026 mala
1675 981 1730 1025 ut
1770 973 1970 1026 veniant
2018 971 2149 1024 bona

561 1067 741 1138 (Rom.
771 1083 862 1135 ιιι,
907 1067 1004 1138 8);
1036 1065 1158 1136 quia
1179 1081 1246 1122 ex
1293 1065 1436 1120 nulla
1477 1065 1559 1120 sui
1599 1072 1749 1134 parte
1778 1063 1978 1117 malum
2024 1070 2150 1117 sunt

563 1159 781 1228 nuptiae.
809 1158 924 1213 Non
947 1158 1088 1212 enim
1113 1172 1294 1212 earum
1321 1155 1516 1210 malum
1555 1164 1638 1211 est
1656 1197 1670 1222 ,
1702 1155 1842 1225 quod
1871 1155 1925 1208 in
1971 1153 2148 1208 homi-

563 1251 723 1306 nibus
747 1265 880 1320 quos
907 1259 1152 1320 parentes
1171 1249 1422 1320 gignunt,
1454 1262 1558 1302 non
1581 1247 1851 1315 fecerunt,
1879 1247 1974 1302 sed
2004 1247 2148 1303 inve-

562 1352 773 1398 nerunt.
805 1344 863 1398 lu
892 1343 1076 1412 primis
1096 1353 1272 1397 autem
1302 1341 1612 1411 conjugibus
1632 1383 1646 1408 ,
1671 1341 1760 1412 qui
1786 1357 1852 1396 ex
1875 1341 2032 1396 nullis
2051 1356 2150 1410 pa-

560 1435 802 1489 rentibus
851 1435 958 1488 nati
1002 1443 1154 1500 sunt,
1203 1449 1298 1504 per
1348 1441 1621 1503 peccatum
1669 1432 1859 1488 accidit
1918 1433 2150 1488 carnalis

559 1525 1005 1595 concupiscentia:
1062 1524 1452 1580 discordiosum
1502 1524 1737 1590 malum,
1803 1539 1910 1595 quo
1953 1525 2150 1594 nuptiae

558 1618 696 1675 bene
727 1628 1020 1685 uterentur;
1042 1633 1150 1674 non
1173 1633 1265 1688 per
1285 1618 1426 1688 ipsas
1450 1617 1682 1687 nuptias,
1706 1626 1763 1672 ut
1786 1618 1910 1673 inde
1929 1618 2150 1673 ‘merito

561 1712 960 1768 damnarentur.
984 1712 1122 1781 Quid
1167 1727 1295 1782 ergo
1340 1711 1570 1781 quaeris,
1604 1727 1624 1761 ι
1662 1720 1836 1765 utrum
1871 1712 1923 1765 in
1962 1712 2150 1781 conju-

560 1804 712 1870 gibus
754 1804 1058 1860 christianis
1103 1813 1458 1860 conventuum
1490 1806 1512 1837 ⁸
1539 1804 1864 1872 voluptatem
1887 1844 1902 1869 ,
1947 1804 2155 1873 pudici-

563 1895 691 1951 tiam
712 1937 725 1960 ,
753 1912 819 1951 an
847 1897 1228 1967 impudicitiam
1252 1899 1542 1954 nominem.
1582 1917 1601 1949 ›
1639 1897 1777 1952 Ecce
1802 1898 2102 1967 respondeo
2133 1940 2148 1964 ,

561 1987 677 2043 Non
705 1989 815 2059 ipsa
845 1991 1148 2045 nominatur
1175 1991 1421 2060 pudicitia
1444 2034 1458 2057 ,
1487 1991 1579 2046 sed
1602 1991 1720 2060 ejus
1750 1992 1874 2045 mali
1904 2006 2030 2046 usus
2053 1992 2151 2046 bo-

564 2096 698 2147 nus;
729 2097 833 2152 quo
861 2099 960 2138 usu
985 2083 1126 2139 bono
1153 2083 1210 2138 ﬁt
1229 2093 1284 2138 ut
1313 2084 1440 2138 illud
1469 2085 1663 2139 malum
1693 2100 1790 2138 nec
1824 2084 2154 2154 impudicitia

565 2174 670 2230 dici
721 2176 906 2246 possit.
940 2175 1270 2246 lmpudicitia
1297 2186 1380 2232 est
1407 2178 1548 2232 enim
1579 2177 1816 2248 ejusdem
1857 2178 1979 2232 mali
2025 2193 2154 2233 usus

564 2265 888 2335 ﬂagitiosus;
917 2267 1052 2322 sicut
1084 2267 1332 2337 pudicitia
1363 2269 1664 2338 virginalis,
1694 2268 1715 2299 ³
1759 2269 1958 2323 nullus.
1995 2269 2153 2324 Salva

561 2357 722 2428 igitur
745 2359 999 2429 pudicitia
1038 2361 1336 2429 conjugali,
1388 2361 1586 2415 malum
1612 2361 1678 2416 de
1705 2361 1845 2416 malo
1887 2363 2152 2417 nascendo

560 2451 812 2517 trahitur,
846 2451 986 2522 quod
1016 2453 1346 2508 renascendo
1377 2462 1631 2522 purgetur
1655 2452 1696 2504 ‘.

629 2543 718 2599 50.
755 2562 775 2592 ι
809 2544 915 2600 Sed
943 2544 986 2600 si
1014 2554 1230 2614 propter
1249 2544 1378 2610 hoc,
1423 2565 1440 2597 ι
1476 2545 1683 2614 inquis,
1723 2564 1742 2596 ι
1776 2543 2010 2600 libidinis
2035 2560 2153 2599 ma-

559 2636 701 2704 lum,
732 2637 889 2692 etiam
940 2636 1006 2692 de
1043 2637 1356 2707 conjugibus
1383 2637 1690 2691 christianis
1741 2637 1917 2706 proles
1967 2635 2154 2690 crimi-

561 2743 694 2782 nosa
724 2729 1017 2798 profertur,
1044 2729 1286 2799 sequitur
1311 2736 1369 2782 ut
1398 2728 1649 2799 pudicitia
1675 2729 1947 2798 virginalis
1973 2729 2042 2784 sit
2076 2728 2154 2782 fe-

562 2819 780 2876 licitatis
817 2821 1009 2876 illatrix
1047 2841 1060 2876 :
1093 2830 1147 2877 et
1177 2821 1297 2889 quia
1347 2822 1399 2875 in
1449 2822 1626 2890 impiis
1664 2822 1955 2887 invenitur,
1999 2841 2017 2873 ›
2074 2821 2155 2876 in-

558 2914 700 2984 quis,
726 2932 743 2964 ‹
764 2914 1088 2968 antecellunt
1109 2913 1347 2968 inﬁdeles
1361 2913 1628 2983 pudicitiae
1643 2913 1839 2967 virtute
1862 2913 2117 2967 sublimes
2137 2954 2151 2977 ,

558 3004 862 3060 christianis
904 3005 1139 3060 libidinis
1184 3006 1306 3060 tabe
1355 3004 1594 3077 pollutis.
1632 3025 1650 3057 ι
1707 3005 1819 3059 Νοη
1867 3017 1950 3060 est
2006 3007 2157 3062 itaut

561 3096 733 3163 dicis;
763 3097 987 3152 multum
1037 3096 1254 3152 falleris.
1282 3097 1390 3152 Nec
1438 3097 1673 3152 libidinis
1702 3098 1842 3152 enim
1875 3097 1996 3152 tabe
2037 3098 2156 3168 pol-

562 3187 813 3253 luuntur,
842 3187 929 3258 qui
955 3187 1170 3242 libidine
1200 3188 1337 3243 bene
1361 3196 1618 3254 utuntur;
1641 3189 1883 3259 quamvis
1897 3195 2159 3258 generent

563 3279 795 3336 libidinis
813 3279 932 3335 tabe
961 3280 1187 3350 pollutos
1208 3321 1220 3344 ,
1255 3289 1308 3334 et
1351 3280 1470 3335 ideo
1500 3279 1896 3349 regenerandos
1927 3297 1940 3333 :
1973 3295 2074 3333 nec
2101 3279 2155 3334 in

561 3369 738 3441 impiis
777 3370 1044 3426 invenitur
1072 3371 1319 3440 pudicitia
1373 3371 1668 3440 virginalis,
1702 3371 1947 3440 quamvis
2003 3371 2154 3425 inve-

570 3463 751 3518 niatur
777 3463 1056 3532 virginitas
1083 3463 1297 3527 carnis;
1329 3462 1450 3532 quia
1483 3477 1609 3516 vera
1641 3461 1889 3532 pudicitia
1927 3476 2032 3515 non
2061 3456 2158 3532 pc-

562 3563 669 3611 test
697 3555 935 3610 habitare
967 3555 990 3587 '
1017 3555 1070 3608 in
1098 3555 1276 3610 animo
1315 3553 1630 3608 fornicante.
1674 3555 1751 3607 Ac
1776 3568 1875 3623 per
1919 3553 2022 3607 hoc
2047 3570 2155 3609 non

562 3646 908 3716 anteponitur
937 3645 1196 3715 virginale
1226 3645 1425 3699 bonum
1471 3644 1758 3713 impiorum
1797 3644 1938 3698 bono
1967 3644 2157 3715 conju-

562 3737 668 3808 gali
692 3736 927 3791 lidelium
959 3752 972 3789 :
1005 3735 1099 3790 sed
1132 3735 1388 3805 conjuges
1422 3735 1560 3789 bene
1587 3744 1798 3790 utentes
1823 3735 1962 3789 malo
2009 3745 2159 3790 ante-

562 3835 834 3899 ponuntur
853 3825 1146 3897 virginibus
1195 3827 1335 3880 male
1385 3825 1656 3880 utentibus
1704 3825 1866 3880 bono.
1918 3826 1986 3880 Et
2034 3826 2158 3882 ideo

566 3934 686 3974 cum
716 3916 903 3972 ﬁdeles
932 3916 1200 3987 conjugati
1252 3916 1389 3971 bene
1441 3923 1664 3970 utuntur
1697 3917 1838 3971 malo
1876 3916 2106 3972 libidinis
2138 3960 2155 3985 ,
2201 3952 2206 3956 -

565 4025 675 4064 non
713 4027 732 4062 ‹
767 4008 908 4080 apud
937 4023 1062 4074 eos,
1105 4026 1124 4060 ι
1155 4017 1214 4062 ut
1246 4007 1588 4062 calumniaris
1611 4050 1625 4075 ,
1675 4026 1695 4061 ι
1741 4018 1961 4079 propter
2000 4010 2160 4065 ﬁdem

565 4109 846 4157 exercetur
873 4101 1158 4170 impunitas
1184 4099 1424 4154 criminis
1441 4141 1457 4168 ,
1491 4119 1511 4152 ‹
1537 4099 1632 4156 sed
1657 4101 1710 4155 in
1736 4100 1816 4156 eis
1842 4110 2060 4173 propter
2096 4101 2162 4157 ﬁ-

563 4193 690 4250 dem
717 4208 844 4248 vera
871 4192 893 4225 ⁶
915 4207 1019 4247 non
1048 4192 1178 4248 falsa
1203 4192 1373 4247 virtus
1395 4201 1478 4247 est
1503 4193 1784 4249 castitatis.

639 4289 727 4344 51.
747 4287 887 4356 Quid
915 4295 1094 4342 autem
1121 4287 1185 4341 ad
1213 4301 1310 4342 nos
1347 4287 1614 4357 pertinet,
1665 4287 1786 4357 quia
1840 4286 2162 4342 Manichacus

567 4380 747 4436 dicere
783 4378 1058 4446 afﬁrmas,
1113 4398 1132 4432 ι
1191 4379 1247 4434 Si
1277 4381 1396 4450 quis
1441 4379 1788 4434 homicidium
1837 4365 2161 4436 co'nscientia

567 4470 889 4526 formidante
913 4471 1242 4526 commiserit
1264 4512 1278 4536 ,
1309 4487 1431 4526 reus
1457 4481 1540 4526 est
1559 4511 1572 4536 ,
1599 4472 1720 4541 quia
1751 4471 1926 4526 timuit
1957 4490 1970 4523 :
2001 4471 2045 4526 si
2069 4488 2164 4527 au-

571 4571 679 4618 tem
722 4561 934 4633 aliquod
964 4561 1171 4617 facinus
1195 4562 1497 4617 exsultante
1532 4563 1849 4632 perpetrarit
1897 4561 2114 4617 audacia
2143 4605 2158 4631 ,

569 4655 718 4710 velut
737 4656 962 4711 credens
988 4670 1048 4710 se
1071 4671 1137 4710 ex
1164 4655 1266 4710 ﬁde
1291 4655 1467 4710 facere
1495 4654 1637 4724 quod
1661 4654 1796 4710 male
1824 4653 1968 4723 facit,
1997 4657 2166 4711 evasit

571 4746 823 4816 culpam?
860 4765 879 4798 ι
915 4747 1068 4816 Quod
1087 4747 1301 4818 quidem
1332 4762 1600 4817 nunquam
1628 4746 1803 4801 audivi
1831 4747 2010 4802 dicere
2052 4749 2164 4804 Ma-

573 4839 830 4894 nichazos.
860 4839 966 4896 Sed
1015 4840 1140 4910 quid
1182 4839 1247 4894 ad
1277 4855 1374 4894 nos
1395 4882 1409 4906 ,
1442 4840 1554 4894 sive
1592 4839 1803 4907 dicant,
1857 4841 1976 4896 sive
2005 4842 2164 4896 etiam

572 4934 704 5004 ipsis
733 4935 1108 4999 calumnieris;
1137 4950 1256 4988 cum
1287 4933 1388 4988 hoc
1411 4933 1672 4988 catholica
1703 4931 1833 4987 ﬁdes
1858 4948 1963 4987 non
1984 4933 2166 5000 dicat,

573 5044 734 5100 quam
774 5037 1052 5093 tenemus,
1083 5036 1138 5082 et
1183 5027 1334 5097 cujus
1377 5036 1428 5081 te
1455 5026 1689 5096 pondere
1732 5027 2015 5095 urgemus?
2060 5026 2166 5081 Nos

577 5121 720 5177 enim
759 5134 821 5175 ea
851 5134 970 5190 quae
998 5119 1248 5173 videntur
1272 5133 1434 5187 opera
1464 5117 1634 5184 bona,
1664 5116 1888 5172 dicimus
1918 5131 2021 5170 non
2049 5131 2168 5171 esse

577 5227 705 5268 vere
729 5213 752 5244 "
780 5213 918 5266 bona
943 5212 1058 5265 sine
1085 5210 1189 5264 tide
1221 5229 1235 5264 :
1267 5210 1516 5280 quoniam
1538 5224 1699 5278 opera
1743 5224 1868 5262 vere
1906 5207 2043 5261 bona
2072 5223 2171 5262 tie-

585 5313 840 5360 cessa-est
868 5304 978 5358 Deo
1004 5303 1215 5374 placere
1236 5343 1249 5367 ,
1290 5302 1374 5355 cui
1403 5301 1517 5356 sine
1544 5299 1649 5355 ﬁde
1693 5299 1813 5370 quia
1840 5298 2170 5369 impossibile

645 5493 664 5524 ι
682 5491 819 5549 aditi,
842 5489 969 5541 mide
1009 5496 1138 5550 Mss,
1163 5495 1216 5540 ut
1236 5491 1367 5540 unde.

651 5556 674 5619 ξ
708 5560 898 5619 Αωηιῑιι.
923 5566 989 5619 ac
1003 5552 1226 5619 plerique
1248 5557 1376 5619 Ms_s.,
1402 5555 1719 5619 concauum:
1752 5550 1910 5600 minus
1930 5556 2086 5600 recte.

647 5617 670 5650 ³
699 5617 782 5666 Hic
803 5617 853 5665 iu
879 5610 1021 5664 editis
1041 5610 1248 5670 additur,
1273 5610 1489 5669 eiusdem
1522 5610 1639 5660 mali
1661 5624 1792 5662 usus.

644 5676 671 5712 δ
703 5676 1315 5740 [ιονηρωῃαιμτηυειθτι
1351 5673 1477 5734 libri,
1522 5679 1774 5739 purgetur.

604 5759 610 5765 δ
650 5741 672 5772 ⁵
703 5745 756 5788 In
778 5735 1142 5798 edi'tia'haberi.

563 5839 566 5842 .
646 5799 672 5834 ⁶
706 5810 807 5860 Am.
830 5807 905 5848 an
934 5805 987 5849 et
1010 5807 1136 5860 Mss,
1163 5811 1342 5848 verum

653 5861 671 5891 "
705 5859 808 5911 Sola
830 5861 979 5912 editio
1002 5866 1132 5922 :.ov.,
1154 5872 1283 5910 uera.

1371 393 1644 453 CONTRA
1681 391 2022 452 JULlANUM
2060 388 2524 461 PELAGIANUM,
2558 391 2615 450 S.
2658 390 3026 453 AUGUSTINI

3729 395 3848 455 res
3870 370 3878 379 ’

2253 517 2335 562 est
2371 509 2582 578 placere
2606 510 2792 580 (Hebr.
2818 527 2903 579 in,
2956 512 3013 585 ϐ)
3034 555 3052 581 ,
3100 513 3338 583 profecto
3360 515 3503 586 quod
3548 530 3676 574 vero
3701 526 3851 586 opus

2251 609 2334 654 est
2363 601 2594 668 bonum,
2627 602 2744 658 sine
2776 601 2880 657 ﬁde
2909 618 3015 658 non
3068 612 3248 674 potest
3291 618 3430 662 esse.
3465 605 3854 662 Verumtamen

2250 691 2339 745 illa
2367 706 2526 761 Opera
2552 709 2668 762 quae
2687 695 3022 762 apertissime
3048 696 3183 750 mala
3209 705 3336 752 sunt
3353 737 3368 761 .
3410 713 3518 754 non
3561 696 3683 753 facit
3707 696 3856 752 ﬁdes

2249 799 2368 853 quae
2409 799 2504 854 per
2544 785 2883 842 dilectionem
2922 795 3173 858 Operatur
3213 786 3414 857 (Gatut.
3447 805 3512 855 ν,
3567 787 3623 858 6)
3661 808 3675 844 :
3718 789 3856 860 quia

2249 866 2464 930 dilectio
2491 877 2716 946 proximi
2744 877 2940 933 malum
2967 894 3072 934 non
3097 888 3346 948 operatur
3363 878 3545 948 (Rom.
3581 895 3695 945 xtu,
3727 879 3854 950 l0).

2322 968 2411 1024 52.
2439 987 2459 1021 σ
2493 969 2636 1024 Bona
2661 971 2820 1041 igitur
2834 972 3265 1041 concupiscentia
3287 972 3573 1038 naturalis,
3615 992 3636 1025 ι
3669 971 3856 1042 inquis

2252 1061 2554 1133 (erubescis
2577 1064 2719 1118 enim
2755 1063 2937 1120 dicere
2979 1062 3270 1135 carnalis),
3308 1083 3328 1118 ι
3363 1080 3482 1135 quae
3537 1080 3661 1119 cum
3708 1064 3859 1118 intra.

2250 1155 2470 1210 modum
2495 1171 2648 1213 suum
2677 1165 2914 1222 tenetur,
2973 1177 2992 1211 ι
3036 1157 3233 1228 inquis,
3269 1176 3288 1210 ί
3325 1157 3470 1212 nulla
3513 1157 3636 1212 mali
3665 1172 3862 1227 aspera

2252 1247 2404 1302 sione
2433 1258 2676 1318 turpatur
2702 1251 2742 1302 ³.
2792 1268 2810 1302 ι
2853 1249 3134 1317 Quomodo
3179 1256 3390 1305 tenetur
3441 1251 3582 1303 intra
3631 1248 3858 1303 modum

2253 1354 2408 1394 suum
2429 1383 2442 1401 ,
2467 1357 2647 1410 (ιυτεεο
2677 1351 2764 1407 te;
2791 1342 3059 1412 quomodo
3109 1351 3318 1398 tenetur
3337 1383 3353 1409 ,
3385 1341 3488 1397 nisi
3515 1357 3635 1396 cum
3663 1341 3712 1396 ei
3759 1356 3860 1396 re-

2254 1431 2496 1486 sistitur?
2521 1431 2628 1488 Cur
2653 1441 2829 1488 autem
2860 1433 3128 1489 resistitur
3151 1474 3166 1499 ,
3202 1433 3302 1488 nisi
3332 1447 3399 1487 ne
3438 1432 3656 1501 impleat
3701 1430 3858 1486 desi-

2243 1522 2400 1579 deria
2421 1524 2602 1579 mala?
2631 1525 2910 1592 Quomodo
2937 1535 3020 1580 est
3048 1524 3206 1595 igitur
3231 1524 3410 1579 bona?

2324 1615 2551 1674 CAPUT
2586 1618 2674 1672 IX.
2704 1649 2775 1659 —-
2796 1619 2886 1674 55.
2916 1619 3080 1674 Venis
3106 1620 3126 1650 ²
3147 1618 3305 1673 etiam
3327 1617 3394 1672 ad
3424 1617 3586 1673 verba
3614 1617 3702 1672 illa
3731 1617 3862 1671 libri

2255 1708 2396 1773 mei,
2425 1709 2513 1764 ubi
2551 1709 2694 1776 dixi,
2731 1729 2752 1763 ‹
2797 1710 2983 1765 Nonne
3015 1711 3092 1765 illi
3123 1711 3378 1780 conjuges
3410 1710 3600 1779 primi,
3626 1725 3865 1780 quorum

2256 1801 2465 1870 nuptias
2496 1801 2766 1857 benedixit
2791 1803 2958 1866 Deus,
2991 1802 3174 1860 dicens
3193 1843 3207 1867 ,
3235 1799 3485 1866 Crescite,
3511 1811 3558 1854 et
3601 1800 3862 1871 multipli-

2255 1892 2442 1945 camini
2472 1890 2622 1962 (Gen.
2653 1891 2846 1962 t,-9.8),
2879 1893 3002 1947 nudi
3024 1900 3198 1959 erant,
3224 1901 3277 1946 et
3317 1908 3422 1946 non
3453 1890 3862 1952 confundeban-

2260 1991 2344 2036 tur
2373 1981 2482 2054 (Id.
2515 1999 2550 2038 Il
2571 2023 2584 2048 ,
2629 1981 2763 2054 25)?
2789 1983 2897 2038 Cur
2925 2000 3052 2054 ergo
3097 1999 3161 2038 ex
3194 1985 3296 2037 illis
3338 1983 3591 2038 membris
3614 1983 3868 2038 confusio

2258 2082 2380 2142 post
2405 2083 2684 2144 peccatum
2703 2115 2717 2139 ,
2744 2075 2844 2130 nisi
2870 2075 2992 2144 quia
3021 2075 3223 2130 exstitit
3245 2074 3353 2129 illic
3377 2074 3628 2129 indecens
3655 2083 3864 2141 motus,

2257 2181 2418 2235 quem
2439 2206 2454 2230 ,
2497 2167 2598 2221 nisi
2626 2167 2868 2222 homines
2893 2175 3233 2236 peccassent,
3260 2167 3442 2235 procul
3471 2166 3631 2220 dubio
3653 2166 3867 2235 nuptiae

2259 2274 2365 2314 non
2396 2259 2658 2314 haberent
2696 2279 2713 2312 ι
2746 2259 2844 2331 (De
2891 2258 3102 2328 Nuptiis
3142 2270 3187 2312 et
3215 2259 3655 2330 Concupiscentia,
3687 2257 3779 2312 lib.
3809 2259 3866 2325 1,

2257 2366 2311 2403 u.
2338 2351 2433 2419 6)?
2493 2351 2616 2405 Haec
2662 2351 2821 2405 verba
2847 2366 2966 2406 mea
2988 2366 3109 2406 cum
3141 2351 3348 2406 videres
3365 2351 3650 2406 secundum
3674 2351 3869 2420 Scrip-

2259 2448 2406 2495 turas
2447 2440 2518 2494 ita
2553 2439 2723 2510 posita
2747 2481 2762 2506 ,
2792 2449 2851 2494 ut
2875 2441 3196 2511 quicumque
3240 2440 3485 2496 eumdem
3534 2441 3708 2495 locum
3737 2441 3869 2496 libri

2258 2531 2532 2587 Geneseos
2563 2531 2690 2600 legit
2718 2540 2809 2585 aut
2837 2531 3056 2601 legerit,
3099 2531 3358 2601 approbet
3388 2533 3501 2587 sine
3525 2531 3868 2587 dubitatione

2257 2623 2399 2694 quod
2419 2622 2527 2678 dixi
2548 2639 2562 2686 ;
2586 2623 2792 2694 prolixa
2818 2623 3189 2678 contradicens
3212 2623 3232 2653 ³
3253 2623 3612 2694 disputatione
3631 2624 3868 2678 multum

2259 2714 2493 2779 sudasti,
2527 2714 2621 2768 sed
2649 2729 2753 2768 non
2783 2714 3082 2770 sincerasti.
3111 2715 3396 2770 Pcrstitisti
3417 2713 3613 2784 quippe
3645 2715 3697 2768 in
3739 2728 3870 2770 sen-

2261 2807 2424 2861 tentia
2455 2814 2542 2860 tua
2571 2821 2764 2875 prava;
2797 2808 3040 2876 quamvis
3080 2822 3255 2862 meam
3295 2817 3496 2863 rectam
3549 2807 3668 2877 ipso
3697 2823 3866 2877 expe-

2259 2899 2488 2954 rimento
2543 2897 2801 2967 probares
2845 2914 2950 2953 non
2998 2899 3095 2954 abs
3142 2907 3194 2953 te
3239 2899 3476 2970 potuisse
3521 2900 3774 2955 convelli.
3807 2900 3868 2957 in

2261 3007 2362 3061 qua
2393 2999 2479 3045 tua
2506 2990 2928 3046 contradictione
2955 2999 3219 3061 praetereo
3248 3001 3428 3063 gestus
3453 3004 3506 3046 et
3539 2991 3867 3062 jactationcs

2276 3095 2390 3138 tuas
2411 3123 2428 3151 ,
2458 3092 2707 3154 tanquam
2736 3083 2967 3139 hominis
2991 3084 3293 3140 anhelantis
3317 3127 3330 3149 ,
3361 3093 3417 3142 et
3445 3086 3730 3157 pervenire
3759 3100 3868 3156 quo

2267 3175 2454 3230 nititur
2478 3189 2586 3230 non
2613 3174 2838 3230 valentis
2859 3217 2872 3243 ,
2897 3184 2950 3229 et
2981 3175 3031 3229 in
3053 3176 3270 3230 nebulis
3291 3184 3468 3232 tamen
3493 3192 3622 3246 quas
3644 3187 3864 3248 pertur-

2262 3268 2418 3322 batus
2444 3267 2675 3322 olTundit
2701 3267 2722 3298 ’⁵
2741 3308 2757 3335 ,
2809 3283 2868 3322 se
2894 3269 3202 3338 pervenisse
3230 3269 3499 3340 ﬁngentis.
3537 3269 3643 3326 Sed
3678 3285 3868 3328 neces-

2261 3360 2434 3416 sarios
2476 3361 2728 3415 articulos
2771 3361 3038 3416 sermonis
3085 3362 3193 3426 tui,
3225 3371 3482 3432 quantum
3521 3377 3608 3417 me
3646 3362 3869 3432 adjuvat

2264 3453 2554 3518 Dominus,
2593 3451 2988 3521 comprehendo
3040 3459 3200 3524 atque
3245 3453 3554 3523 confringe;
3598 3462 3655 3508 ut
3694 3461 3867 3509 totum

2261 3559 2456 3614 corpus
2480 3545 2677 3600 victum
2702 3543 2883 3614 jacere
2908 3545 3236 3615 conspiciat,
3261 3544 3352 3615 qui
3371 3554 3426 3600 et
3444 3545 3533 3599 illa
3556 3554 3641 3599 tua
3669 3555 3724 3600 et
3750 3545 3869 3600 haec

2264 3645 2445 3692 nostra
2475 3637 2796 3708 perlegerit:
2845 3638 3141 3708 praesertim
3189 3637 3314 3708 quia
3365 3637 3458 3692 illa
3504 3653 3622 3707 qua:
3671 3638 3768 3693 abs
3812 3646 3867 3692 te

2265 3729 2448 3783 multis
2476 3727 2649 3784 modis
2691 3737 3039 3798 repetuntur,
3089 3729 3249 3784 etiam
3296 3743 3327 3782 a
3375 3728 3534 3784 nobis
3579 3743 3726 3799 saepe
3772 3728 3869 3784 de-

2265 3827 2466 3874 SU'UCL'J
2493 3827 2638 3873 sunt.

2336 3910 2426 3964 54.
2453 3910 2594 3965 Dicis
2616 3909 2700 3964 hic
2726 3909 2863 3963 inter
2888 3917 3082 3965 caetera
3100 3950 3116 3976 ,
3151 3926 3170 3961 ‹
3202 3907 3260 3964 In
3290 3908 3392 3965 hoc
3419 3907 3559 3980 quod
3592 3918 3715 3978 post
3742 3924 3870 3979 pec-

2265 4011 2441 4057 catum
2475 4002 2630 4072 primi
2673 4002 2916 4056 homines
2955 4001 3333 4058 erubescentes
3363 4002 3601 4057 membra
3632 4003 3760 4069 illa,
3811 4002 3868 4057 in

2267 4095 2457 4165 quibus
2481 4104 2564 4150 est
2593 4093 2758 4148 libido
2781 4133 2796 4158 ,
2831 4103 3076 4151 texerunt
3095 4095 3416 4162 ,.invenisse
3455 4110 3542 4149 me
3569 4095 3711 4150 unde
3740 4111 3866 4164 per-

2266 4185 2588 4250 suaderem,
2638 4186 2803 4241 Deum
2837 4187 2980 4242 acria
3023 4186 3362 4242 constituisse
3403 4186 3670 4257 conjugia.
3732 4206 3751 4240 ι
3808 4185 3867 4240 Si

2269 4291 2397 4348 ergo
2421 4277 2562 4332 aeria
2590 4286 2772 4333 essent
2808 4277 3054 4348 eonjugia
3089 4277 3205 4333 sine
3232 4278 3482 4343 libidine,
3533 4279 3680 4334 aeria
3710 4289 3871 4335 erunt

2271 4379 2322 4424 te
2351 4379 2568 4425 auctore
2587 4385 2809 4440 corpora
2829 4411 2842 4436 ,
2873 4370 3084 4442 quando
3111 4370 3274 4426 libido
3315 4386 3418 4425 non
3449 4371 3571 4426 erit.
3596 4371 3680 4425 An
3713 4373 3870 4427 istam

2270 4461 2543 4515 libidinem
2588 4461 2665 4515 sic
2707 4463 2930 4526 amatis,
2988 4471 3045 4516 ut
3089 4462 3355 4532 quomodo
3398 4478 3514 4517 eam
3556 4463 3709 4532 prius
3747 4474 3873 4521 ante

2270 4564 2543 4625 peccatum
2595 4556 2646 4608 in
2686 4553 2932 4624 paradiso
2965 4554 3185 4626 positis,
3230 4556 3298 4609 ita
3330 4556 3488 4610 etiam
3533 4559 3872 4612 resuscitatis

2270 4645 2583 4714 corporibus
2625 4645 2914 4715 ingeratis?
2967 4647 3080 4717 Ego
3108 4656 3281 4701 autem
3316 4662 3420 4702 non
3469 4647 3626 4716 dico,
3677 4660 3733 4704 ut
3781 4665 3874 4706 me

2270 4737 2448 4793 dicere
2478 4737 2717 4792 afﬁrmas
2735 4779 2748 4802 ,
2786 4755 2804 4788 ‹
2836 4738 3076 4792 naturale
3103 4753 3207 4793 non
3225 4738 3380 4793 esse“
3407 4740 3522 4794 sine
3544 4754 3651 4811 quo
3679 4751 3872 4798 natura

2272 4844 2376 4882 non
2405 4837 2488 4886 est
2517 4846 2529 4882 :
2571 4847 2588 4879 ›
2620 4828 2712 4882 sed
2740 4827 2858 4883 dico
2878 4870 2894 4892 ,
2928 4829 3169 4884 naturale
3196 4829 3452 4900 appellari
3480 4830 3665 4885 vitium
3688 4874 3703 4899 ,
3751 4833 3876 4888 sine

2272 4934 2379 4991 quo
2408 4933 2549 4973 nunc
2581 4928 2766 4973 natura
2818 4918 3047 4973 humana
3092 4935 3196 4974 non
3225 4920 3489 4988 nascitur,
3536 4937 3658 4992 qua:
3691 4933 3875 4979 tamen

2274 5025 2380 5063 non
2421 5008 2754 5063 sicinstituta
2781 5017 2864 5062 est
2894 5009 2960 5061 ab
2987 5008 3156 5062 initio.
3190 5008 3419 5080 Ideoque
3447 5020 3501 5066 et
3539 5009 3642 5068 hoc
3670 5014 3876 5069 malum

2274 5116 2381 5155 non
2405 5100 2472 5154 ab
2521 5100 2610 5153 illa
2649 5101 2819 5170 prima
2853 5100 3182 5157 institutione
3212 5112 3444 5170 natum,
3495 5104 3589 5159 sed
3628 5120 3658 5158 a
3714 5107 3878 5176 primi

2277 5194 2507 5248 hominis
2537 5194 2675 5248 mala
2697 5194 2963 5247 voluntate
2984 5195 3241 5264 originem
3288 5195 3471 5250 ducit:
3506 5213 3606 5253 nec
3650 5214 3877 5268 perma-

2277 5286 2460 5351 nebit,
2490 5286 2581 5342 sed
2607 5295 2696 5340 aut
2719 5286 3052 5341 damnabitur
3071 5329 3084 5352 ,
3113 5298 3200 5342 aut
3227 5290 3516 5345 sanabitur.

2351 5381 2437 5436 55.
2479 5405 2498 5432 ι
2535 5380 2867 5436 Sententiam
2915 5396 3087 5435 meam
3109 5381 3351 5436 cimicem
3383 5401 3401 5435 ι
3436 5383 3600 5450 dicis,
3637 5403 3656 5436 ι
3691 5385 3788 5456 qui
3821 5395 3884 5442 ut

2347 5553 2364 5621 ξ
2391 5551 2528 5621 Editi,
2552 5550 2790 5602 turbatur.
2816 5552 3139 5621 timendantur
3161 5568 3225 5606 ex
3248 5558 3602 5621 manuscriptis.

2344 5615 2365 5645 ³
2399 5620 2499 5662 Am.
2527 5622 2578 5662 et
2601 5621 2696 5674 Er.,
2727 5612 2917 5665 Venisti.

2348 5677 2368 5707 ³
2391 5675 2525 5733 Fditi,
2551 5675 2955 5727 contradicendi:
2978 5679 3137 5728 minus
3158 5679 3307 5729 bene.

2346 5739 2368 5768 ⁸
2387 5743 2434 5784 ιη
2461 5743 2585 5794 3155.,
2605 5738 2816 5798 oﬂi'rzrtit.

2348 5800 2618 5875 fut'aticani
2634 5801 2859 5875 quinque
2883 5802 3252 5875 alfs.,_nqt_ur_ale
3273 5817 3406 5866 esse;
3441 5809 3616 5859 omissa
3654 5820 3890 5875 negante

2288 5860 2534 5924 particula,
2559 5874 2666 5924 quae
2693 5860 2838 5912 estin
2861 5860 3055 5916 caeteris
3078 5864 3224 5920 libris,
