  <div class='ocr_page' id='page_1' title='image "/cluster/home/n/w/nwhite01/storage/ocr_20150623/44/hvd.32044015706336/388.png"; bbox 0 0 4038 6460; ppageno 0'>
   <div class='ocr_carea' id='block_1_1' title="bbox 215 437 320 496">
    <p class='ocr_par' dir='ltr' id='par_1_1' title="bbox 215 437 320 496">
     <span class='ocr_line' id='line_1_1' title="bbox 215 437 320 496; baseline -0.019 0"><span class='ocrx_word' id='word_1_1' title='bbox 215 437 320 496; x_wconf 76' lang='grc'><strong>’165</strong></span> 
     </span>
    </p>
   </div>
   <div class='ocr_carea' id='block_1_2' title="bbox 215 548 1800 622">
    <p class='ocr_par' dir='ltr' id='par_1_2' title="bbox 215 548 1800 622">
     <span class='ocr_line' id='line_1_2' title="bbox 215 548 1800 622; baseline -0.008 -10"><span class='ocrx_word' id='word_1_2' title='bbox 215 553 518 618; x_wconf 75' lang='lat' dir='ltr'><strong>molestiam</strong></span> <span class='ocrx_word' id='word_1_3' title='bbox 567 551 751 620; x_wconf 88' lang='lat' dir='ltr'><strong>vivus,</strong></span> <span class='ocrx_word' id='word_1_4' title='bbox 798 551 874 608; x_wconf 90' lang='lat' dir='ltr'><strong>sic</strong></span> <span class='ocrx_word' id='word_1_5' title='bbox 917 549 1138 608; x_wconf 76' lang='lat' dir='ltr'><strong>fetorem</strong></span> <span class='ocrx_word' id='word_1_6' title='bbox 1193 555 1412 622; x_wconf 66' lang='lat' dir='ltr'><strong>praestat</strong></span> <span class='ocrx_word' id='word_1_7' title='bbox 1453 548 1663 604; x_wconf 91' lang='lat' dir='ltr'><strong>attritus</strong></span> <span class='ocrx_word' id='word_1_8' title='bbox 1704 565 1716 602; x_wconf 92' lang='lat'>:</span> <span class='ocrx_word' id='word_1_9' title='bbox 1779 564 1800 599; x_wconf 78' lang='grc' dir='ltr'><strong>ι</strong></span> 
     </span>
    </p>
   </div>
   <div class='ocr_carea' id='block_1_3' title="bbox 217 639 1808 718">
    <p class='ocr_par' dir='ltr' id='par_1_3' title="bbox 217 639 1808 718">
     <span class='ocr_line' id='line_1_3' title="bbox 217 639 1808 718; baseline -0.005 -16"><span class='ocrx_word' id='word_1_10' title='bbox 217 646 366 718; x_wconf 87' lang='lat' dir='ltr'><strong>quasi</strong></span> <span class='ocrx_word' id='word_1_11' title='bbox 403 663 422 698; x_wconf 76' lang='grc' dir='ltr'><strong>ι</strong></span> <span class='ocrx_word' id='word_1_12' title='bbox 463 645 874 707; x_wconf 88' lang='lat' dir='ltr'><strong>verecunderis,</strong></span> <span class='ocrx_word' id='word_1_13' title='bbox 921 662 941 698; x_wconf 83' lang='grc'>›</span> <span class='ocrx_word' id='word_1_14' title='bbox 976 653 1032 698; x_wconf 83' lang='grc' dir='ltr'><strong>ιιι</strong></span> <span class='ocrx_word' id='word_1_15' title='bbox 1057 643 1289 714; x_wconf 88' lang='lat' dir='ltr'><strong>loqueris</strong></span> <span class='ocrx_word' id='word_1_16' title='bbox 1315 683 1330 710; x_wconf 93' lang='lat'><strong>,</strong></span> <span class='ocrx_word' id='word_1_17' title='bbox 1383 659 1403 694; x_wconf 73' lang='grc' dir='ltr'><strong>ι</strong></span> <span class='ocrx_word' id='word_1_18' title='bbox 1433 639 1692 696; x_wconf 88' lang='lat' dir='ltr'><strong>vincendo</strong></span> <span class='ocrx_word' id='word_1_19' title='bbox 1721 653 1808 694; x_wconf 90' lang='lat' dir='ltr'><strong>me</strong></span> 
     </span>
    </p>
   </div>
   <div class='ocr_carea' id='block_1_4' title="bbox 215 733 1804 806">
    <p class='ocr_par' dir='ltr' id='par_1_4' title="bbox 215 733 1804 806">
     <span class='ocr_line' id='line_1_4' title="bbox 215 733 1804 806; baseline -0.003 -13"><span class='ocrx_word' id='word_1_20' title='bbox 215 747 482 804; x_wconf 73' lang='lat' dir='ltr'><strong>atterere;</strong></span> <span class='ocrx_word' id='word_1_21' title='bbox 521 755 540 790; x_wconf 73' lang='grc' dir='ltr'><strong>ι</strong></span> <span class='ocrx_word' id='word_1_22' title='bbox 569 737 655 792; x_wconf 90' lang='lat' dir='ltr'><strong>vel</strong></span> <span class='ocrx_word' id='word_1_23' title='bbox 691 754 709 788; x_wconf 80' lang='grc' dir='ltr'><strong>ι</strong></span> <span class='ocrx_word' id='word_1_24' title='bbox 745 745 991 806; x_wconf 76' lang='lat' dir='ltr'><strong>tanquam</strong></span> <span class='ocrx_word' id='word_1_25' title='bbox 1024 735 1192 790; x_wconf 88' lang='lat' dir='ltr'><strong>victus</strong></span> <span class='ocrx_word' id='word_1_26' title='bbox 1219 735 1284 790; x_wconf 89' lang='lat' dir='ltr'><strong>ad</strong></span> <span class='ocrx_word' id='word_1_27' title='bbox 1311 735 1427 790; x_wconf 88' lang='lat' dir='ltr'><strong>loca</strong></span> <span class='ocrx_word' id='word_1_28' title='bbox 1448 775 1462 802; x_wconf 91' lang='lat'><strong>,</strong></span> <span class='ocrx_word' id='word_1_29' title='bbox 1501 753 1517 786; x_wconf 80' lang='grc' dir='ltr'><strong>ι</strong></span> <span class='ocrx_word' id='word_1_30' title='bbox 1554 743 1611 788; x_wconf 81' lang='grc' dir='ltr'><strong>ιιι</strong></span> <span class='ocrx_word' id='word_1_31' title='bbox 1644 733 1804 799; x_wconf 91' lang='lat' dir='ltr'><strong>dicis,</strong></span> 
     </span>
    </p>
   </div>
   <div class='ocr_carea' id='block_1_5' title="bbox 223 825 1802 897">
    <p class='ocr_par' dir='ltr' id='par_1_5' title="bbox 223 825 1802 897">
     <span class='ocr_line' id='line_1_5' title="bbox 223 825 1802 897; baseline -0.002 -17"><span class='ocrx_word' id='word_1_32' title='bbox 223 847 244 880; x_wconf 70' lang='grc' dir='ltr'><strong>ι</strong></span> <span class='ocrx_word' id='word_1_33' title='bbox 273 843 490 884; x_wconf 76' lang='lat' dir='ltr'><strong>ctenosa</strong></span> <span class='ocrx_word' id='word_1_34' title='bbox 521 827 872 897; x_wconf 86' lang='lat' dir='ltr'><strong>confugerim,</strong></span> <span class='ocrx_word' id='word_1_35' title='bbox 900 826 1191 882; x_wconf 79' lang='lat' dir='ltr'><strong>exhorreas</strong></span> <span class='ocrx_word' id='word_1_36' title='bbox 1223 825 1476 896; x_wconf 83' lang='lat' dir='ltr'><strong>consequi</strong></span> <span class='ocrx_word' id='word_1_37' title='bbox 1505 833 1662 896; x_wconf 88' lang='lat' dir='ltr'><strong>atque</strong></span> <span class='ocrx_word' id='word_1_38' title='bbox 1685 837 1802 894; x_wconf 85' lang='lat' dir='ltr'><strong>per-</strong></span> 
     </span>
    </p>
   </div>
   <div class='ocr_carea' id='block_1_6' title="bbox 215 1010 1813 1084">
    <p class='ocr_par' dir='ltr' id='par_1_6' title="bbox 215 1010 1813 1084">
     <span class='ocr_line' id='line_1_6' title="bbox 215 1010 1813 1084; baseline -0.003 -16"><span class='ocrx_word' id='word_1_39' title='bbox 215 1013 316 1068; x_wconf 89' lang='lat' dir='ltr'><strong>bus</strong></span> <span class='ocrx_word' id='word_1_40' title='bbox 351 1012 668 1068; x_wconf 78' lang='lat' dir='ltr'><strong>atterendus</strong></span> <span class='ocrx_word' id='word_1_41' title='bbox 695 1013 779 1068; x_wconf 86' lang='lat' dir='ltr'><strong>vel</strong></span> <span class='ocrx_word' id='word_1_42' title='bbox 805 1012 1143 1084; x_wconf 89' lang='lat' dir='ltr'><strong>perimendus</strong></span> <span class='ocrx_word' id='word_1_43' title='bbox 1169 1027 1285 1068; x_wconf 89' lang='lat' dir='ltr'><strong>sum</strong></span> <span class='ocrx_word' id='word_1_44' title='bbox 1307 1054 1321 1078; x_wconf 92' lang='lat'><strong>,</strong></span> <span class='ocrx_word' id='word_1_45' title='bbox 1350 1011 1603 1082; x_wconf 89' lang='lat' dir='ltr'><strong>quoniam</strong></span> <span class='ocrx_word' id='word_1_46' title='bbox 1629 1010 1696 1066; x_wconf 90' lang='lat' dir='ltr'><strong>de</strong></span> <span class='ocrx_word' id='word_1_47' title='bbox 1723 1025 1813 1082; x_wconf 88' lang='lat' dir='ltr'><strong>pu-</strong></span> 
     </span>
    </p>
   </div>
   <div class='ocr_carea' id='block_1_7' title="bbox 215 1104 1812 1178">
    <p class='ocr_par' dir='ltr' id='par_1_7' title="bbox 215 1104 1812 1178">
     <span class='ocr_line' id='line_1_7' title="bbox 215 1104 1812 1178; baseline 0.001 -18"><span class='ocrx_word' id='word_1_48' title='bbox 215 1105 408 1160; x_wconf 89' lang='lat' dir='ltr'><strong>dendis</strong></span> <span class='ocrx_word' id='word_1_49' title='bbox 429 1105 576 1176; x_wconf 86' lang='lat' dir='ltr'><strong>loqui</strong></span> <span class='ocrx_word' id='word_1_50' title='bbox 604 1106 832 1178; x_wconf 86' lang='lat' dir='ltr'><strong>cogeris,</strong></span> <span class='ocrx_word' id='word_1_51' title='bbox 850 1105 994 1162; x_wconf 88' lang='lat' dir='ltr'><strong>velut</strong></span> <span class='ocrx_word' id='word_1_52' title='bbox 1012 1105 1224 1176; x_wconf 88' lang='lat' dir='ltr'><strong>quidam</strong></span> <span class='ocrx_word' id='word_1_53' title='bbox 1251 1105 1476 1162; x_wconf 85' lang='lat' dir='ltr'><strong>aedituus</strong></span> <span class='ocrx_word' id='word_1_54' title='bbox 1493 1104 1662 1176; x_wconf 90' lang='lat' dir='ltr'><strong>pudor</strong></span> <span class='ocrx_word' id='word_1_55' title='bbox 1691 1113 1812 1161; x_wconf 85' lang='lat' dir='ltr'><strong>tuus</strong></span> 
     </span>
    </p>
   </div>
   <div class='ocr_carea' id='block_1_8' title="bbox 214 1197 1806 1269">
    <p class='ocr_par' dir='ltr' id='par_1_8' title="bbox 214 1197 1806 1269">
     <span class='ocr_line' id='line_1_8' title="bbox 214 1197 1806 1269; baseline -0.003 -15"><span class='ocrx_word' id='word_1_56' title='bbox 214 1214 248 1254; x_wconf 83' lang='lat' dir='ltr'><strong>a</strong></span> <span class='ocrx_word' id='word_1_57' title='bbox 271 1199 582 1266; x_wconf 76' lang='lat' dir='ltr'><strong>verborum,</strong></span> <span class='ocrx_word' id='word_1_58' title='bbox 619 1200 794 1256; x_wconf 65' lang='lat' dir='ltr'><strong>isicut</strong></span> <span class='ocrx_word' id='word_1_59' title='bbox 821 1198 1070 1269; x_wconf 91' lang='lat' dir='ltr'><strong>perhibes</strong></span> <span class='ocrx_word' id='word_1_60' title='bbox 1093 1239 1108 1264; x_wconf 91' lang='lat'><strong>,</strong></span> <span class='ocrx_word' id='word_1_61' title='bbox 1143 1219 1161 1252; x_wconf 76' lang='grc' dir='ltr'><strong>ι</strong></span> <span class='ocrx_word' id='word_1_62' title='bbox 1189 1199 1430 1254; x_wconf 87' lang='lat' dir='ltr'><strong>libertate</strong></span> <span class='ocrx_word' id='word_1_63' title='bbox 1469 1197 1754 1254; x_wconf 87' lang='lat' dir='ltr'><strong>submovit.</strong></span> <span class='ocrx_word' id='word_1_64' title='bbox 1787 1215 1806 1250; x_wconf 74' lang='grc' dir='ltr'><strong>ι</strong></span> 
     </span>
    </p>
   </div>
   <div class='ocr_carea' id='block_1_9' title="bbox 215 1289 1813 1362">
    <p class='ocr_par' dir='ltr' id='par_1_9' title="bbox 215 1289 1813 1362">
     <span class='ocr_line' id='line_1_9' title="bbox 215 1289 1813 1362; baseline 0 -18"><span class='ocrx_word' id='word_1_65' title='bbox 215 1291 396 1357; x_wconf 94' lang='lat' dir='ltr'><strong>Quare</strong></span> <span class='ocrx_word' id='word_1_66' title='bbox 425 1307 532 1346; x_wconf 88' lang='lat' dir='ltr'><strong>non</strong></span> <span class='ocrx_word' id='word_1_67' title='bbox 562 1290 738 1362; x_wconf 87' lang='lat' dir='ltr'><strong>potius</strong></span> <span class='ocrx_word' id='word_1_68' title='bbox 765 1291 833 1346; x_wconf 89' lang='lat' dir='ltr'><strong>de</strong></span> <span class='ocrx_word' id='word_1_69' title='bbox 862 1291 1016 1346; x_wconf 89' lang='lat' dir='ltr'><strong>bonis</strong></span> <span class='ocrx_word' id='word_1_70' title='bbox 1043 1305 1162 1360; x_wconf 75' lang='lat' dir='ltr'><strong>qua:</strong></span> <span class='ocrx_word' id='word_1_71' title='bbox 1183 1289 1368 1346; x_wconf 84' lang='lat' dir='ltr'><strong>laudas</strong></span> <span class='ocrx_word' id='word_1_72' title='bbox 1388 1329 1404 1356; x_wconf 95' lang='lat'><strong>,</strong></span> <span class='ocrx_word' id='word_1_73' title='bbox 1438 1289 1603 1346; x_wconf 84' lang='lat' dir='ltr'><strong>libere</strong></span> <span class='ocrx_word' id='word_1_74' title='bbox 1629 1289 1813 1359; x_wconf 89' lang='lat' dir='ltr'><strong>loque-</strong></span> 
     </span>
    </p>
   </div>
   <div class='ocr_carea' id='block_1_10' title="bbox 217 1381 1807 1454">
    <p class='ocr_par' dir='ltr' id='par_1_10' title="bbox 217 1381 1807 1454">
     <span class='ocr_line' id='line_1_10' title="bbox 217 1381 1807 1454; baseline 0 -18"><span class='ocrx_word' id='word_1_75' title='bbox 217 1381 330 1436; x_wconf 87' lang='lat' dir='ltr'><strong>ris?</strong></span> <span class='ocrx_word' id='word_1_76' title='bbox 359 1397 529 1454; x_wconf 86' lang='lat' dir='ltr'><strong>quare</strong></span> <span class='ocrx_word' id='word_1_77' title='bbox 559 1399 664 1438; x_wconf 91' lang='lat' dir='ltr'><strong>non</strong></span> <span class='ocrx_word' id='word_1_78' title='bbox 697 1394 778 1440; x_wconf 86' lang='lat' dir='ltr'><strong>est</strong></span> <span class='ocrx_word' id='word_1_79' title='bbox 803 1381 870 1436; x_wconf 90' lang='lat' dir='ltr'><strong>de</strong></span> <span class='ocrx_word' id='word_1_80' title='bbox 895 1397 1058 1452; x_wconf 80' lang='lat' dir='ltr'><strong>Opere</strong></span> <span class='ocrx_word' id='word_1_81' title='bbox 1105 1381 1202 1436; x_wconf 91' lang='lat' dir='ltr'><strong>Dei</strong></span> <span class='ocrx_word' id='word_1_82' title='bbox 1242 1381 1526 1438; x_wconf 84' lang='lat' dir='ltr'><strong>verborum</strong></span> <span class='ocrx_word' id='word_1_83' title='bbox 1559 1383 1807 1447; x_wconf 89' lang='lat' dir='ltr'><strong>libertas,</strong></span> 
     </span>
    </p>
   </div>
   <div class='ocr_carea' id='block_1_11' title="bbox 215 1473 1812 1546">
    <p class='ocr_par' dir='ltr' id='par_1_11' title="bbox 215 1473 1812 1546">
     <span class='ocr_line' id='line_1_11' title="bbox 215 1473 1812 1546; baseline -0.002 -16"><span class='ocrx_word' id='word_1_84' title='bbox 215 1475 262 1530; x_wconf 85' lang='lat' dir='ltr'><strong>si</strong></span> <span class='ocrx_word' id='word_1_85' title='bbox 285 1476 406 1544; x_wconf 83' lang='lat' dir='ltr'><strong>ejus</strong></span> <span class='ocrx_word' id='word_1_86' title='bbox 447 1475 760 1534; x_wconf 85' lang='lat' dir='ltr'><strong>intemerata</strong></span> <span class='ocrx_word' id='word_1_87' title='bbox 781 1483 1057 1546; x_wconf 86' lang='lat' dir='ltr'><strong>permanet</strong></span> <span class='ocrx_word' id='word_1_88' title='bbox 1081 1474 1342 1546; x_wconf 76' lang='lat' dir='ltr'><strong>dignitas,</strong></span> <span class='ocrx_word' id='word_1_89' title='bbox 1371 1489 1471 1532; x_wconf 89' lang='lat' dir='ltr'><strong>nec</strong></span> <span class='ocrx_word' id='word_1_90' title='bbox 1515 1473 1714 1545; x_wconf 89' lang='lat' dir='ltr'><strong>aliquid</strong></span> <span class='ocrx_word' id='word_1_91' title='bbox 1739 1473 1812 1528; x_wconf 89' lang='lat' dir='ltr'><strong>ibi</strong></span> 
     </span>
    </p>
   </div>
   <div class='ocr_carea' id='block_1_12' title="bbox 215 1564 1814 1638">
    <p class='ocr_par' dir='ltr' id='par_1_12' title="bbox 215 1564 1814 1638">
     <span class='ocr_line' id='line_1_12' title="bbox 215 1564 1814 1638; baseline 0 -18"><span class='ocrx_word' id='word_1_92' title='bbox 215 1567 324 1636; x_wconf 87' lang='lat' dir='ltr'><strong>egit</strong></span> <span class='ocrx_word' id='word_1_93' title='bbox 353 1575 664 1638; x_wconf 89' lang='lat' dir='ltr'><strong>peccatum,</strong></span> <span class='ocrx_word' id='word_1_94' title='bbox 707 1565 852 1620; x_wconf 91' lang='lat' dir='ltr'><strong>unde</strong></span> <span class='ocrx_word' id='word_1_95' title='bbox 889 1566 1067 1636; x_wconf 83' lang='lat' dir='ltr'><strong>potius</strong></span> <span class='ocrx_word' id='word_1_96' title='bbox 1123 1565 1384 1622; x_wconf 85' lang='lat' dir='ltr'><strong>incuteret</strong></span> <span class='ocrx_word' id='word_1_97' title='bbox 1411 1564 1704 1636; x_wconf 84' lang='lat' dir='ltr'><strong>pudorem,</strong></span> <span class='ocrx_word' id='word_1_98' title='bbox 1758 1572 1814 1620; x_wconf 90' lang='lat' dir='ltr'><strong>et</strong></span> 
     </span>
    </p>
   </div>
   <div class='ocr_carea' id='block_1_13' title="bbox 219 1656 1268 1727">
    <p class='ocr_par' dir='ltr' id='par_1_13' title="bbox 219 1656 1268 1727">
     <span class='ocr_line' id='line_1_13' title="bbox 219 1656 1268 1727; baseline -0.003 -15"><span class='ocrx_word' id='word_1_99' title='bbox 219 1657 508 1712; x_wconf 75' lang='lat' dir='ltr'><strong>verborum</strong></span> <span class='ocrx_word' id='word_1_100' title='bbox 539 1657 914 1727; x_wconf 88' lang='lat' dir='ltr'><strong>comprimeret</strong></span> <span class='ocrx_word' id='word_1_101' title='bbox 935 1656 1268 1712; x_wconf 83' lang='lat' dir='ltr'><strong>libertatem?</strong></span> 
     </span>
    </p>
   </div>
   <div class='ocr_carea' id='block_1_14' title="bbox 283 1746 1814 1818">
    <p class='ocr_par' dir='ltr' id='par_1_14' title="bbox 283 1746 1814 1818">
     <span class='ocr_line' id='line_1_14' title="bbox 283 1746 1814 1818; baseline 0 -14"><span class='ocrx_word' id='word_1_102' title='bbox 283 1746 517 1804; x_wconf 78' lang='lat' dir='ltr'><strong>CAPUT</strong></span> <span class='ocrx_word' id='word_1_103' title='bbox 547 1747 614 1802; x_wconf 79' lang='grc' dir='ltr'><strong>Χ.</strong></span> <span class='ocrx_word' id='word_1_104' title='bbox 653 1777 727 1786; x_wconf 94' lang='grc'><strong><em>-</em></strong></span> <span class='ocrx_word' id='word_1_105' title='bbox 753 1747 844 1806; x_wconf 79' lang='grc'><strong>56.</strong></span> <span class='ocrx_word' id='word_1_106' title='bbox 875 1766 894 1800; x_wconf 76' lang='grc' dir='ltr'><strong>ι</strong></span> <span class='ocrx_word' id='word_1_107' title='bbox 931 1747 1113 1804; x_wconf 86' lang='lat' dir='ltr'><strong>Sinon</strong></span> <span class='ocrx_word' id='word_1_108' title='bbox 1144 1756 1301 1816; x_wconf 87' lang='lat' dir='ltr'><strong>sunt,</strong></span> <span class='ocrx_word' id='word_1_109' title='bbox 1341 1765 1360 1800; x_wconf 76' lang='grc' dir='ltr'><strong>ι</strong></span> <span class='ocrx_word' id='word_1_110' title='bbox 1387 1747 1590 1818; x_wconf 86' lang='lat' dir='ltr'><strong>inquis,</strong></span> <span class='ocrx_word' id='word_1_111' title='bbox 1625 1765 1644 1800; x_wconf 73' lang='grc' dir='ltr'><strong>ι</strong></span> <span class='ocrx_word' id='word_1_112' title='bbox 1677 1761 1814 1817; x_wconf 86' lang='lat' dir='ltr'><strong>nup-</strong></span> 
     </span>
    </p>
   </div>
   <div class='ocr_carea' id='block_1_15' title="bbox 215 1838 1814 1910">
    <p class='ocr_par' dir='ltr' id='par_1_15' title="bbox 215 1838 1814 1910">
     <span class='ocr_line' id='line_1_15' title="bbox 215 1838 1814 1910; baseline -0.001 -16"><span class='ocrx_word' id='word_1_113' title='bbox 215 1839 300 1894; x_wconf 74' lang='lat' dir='ltr'><strong>tia:</strong></span> <span class='ocrx_word' id='word_1_114' title='bbox 327 1840 448 1896; x_wconf 83' lang='lat' dir='ltr'><strong>sine</strong></span> <span class='ocrx_word' id='word_1_115' title='bbox 483 1838 734 1906; x_wconf 88' lang='lat' dir='ltr'><strong>libidine,</strong></span> <span class='ocrx_word' id='word_1_116' title='bbox 764 1847 818 1896; x_wconf 89' lang='lat' dir='ltr'><strong>et</strong></span> <span class='ocrx_word' id='word_1_117' title='bbox 853 1839 1176 1910; x_wconf 81' lang='lat' dir='ltr'><strong>generaliter</strong></span> <span class='ocrx_word' id='word_1_118' title='bbox 1204 1854 1233 1892; x_wconf 91' lang='lat' dir='ltr'><strong>a</strong></span> <span class='ocrx_word' id='word_1_119' title='bbox 1273 1839 1422 1894; x_wconf 81' lang='lat' dir='ltr'><strong>vobis</strong></span> <span class='ocrx_word' id='word_1_120' title='bbox 1455 1838 1617 1896; x_wconf 88' lang='lat' dir='ltr'><strong>libido</strong></span> <span class='ocrx_word' id='word_1_121' title='bbox 1659 1838 1814 1892; x_wconf 87' lang='lat' dir='ltr'><strong>dam-</strong></span> 
     </span>
    </p>
   </div>
   <div class='ocr_carea' id='block_1_16' title="bbox 211 1931 1812 2002">
    <p class='ocr_par' dir='ltr' id='par_1_16' title="bbox 211 1931 1812 2002">
     <span class='ocr_line' id='line_1_16' title="bbox 211 1931 1812 2002; baseline 0 -16"><span class='ocrx_word' id='word_1_122' title='bbox 211 1939 408 1999; x_wconf 84' lang='lat' dir='ltr'><strong>natur,</strong></span> <span class='ocrx_word' id='word_1_123' title='bbox 465 1931 732 1990; x_wconf 85' lang='lat' dir='ltr'><strong>damnatis</strong></span> <span class='ocrx_word' id='word_1_124' title='bbox 759 1941 812 1988; x_wconf 92' lang='lat' dir='ltr'><strong>et</strong></span> <span class='ocrx_word' id='word_1_125' title='bbox 863 1932 1094 2001; x_wconf 85' lang='lat' dir='ltr'><strong>nuptias.</strong></span> <span class='ocrx_word' id='word_1_126' title='bbox 1152 1949 1172 1982; x_wconf 74' lang='lat'><strong>)</strong></span> <span class='ocrx_word' id='word_1_127' title='bbox 1207 1931 1398 1986; x_wconf 84' lang='lat' dir='ltr'><strong>Posses</strong></span> <span class='ocrx_word' id='word_1_128' title='bbox 1439 1931 1618 1986; x_wconf 87' lang='lat' dir='ltr'><strong>dicere</strong></span> <span class='ocrx_word' id='word_1_129' title='bbox 1641 1972 1654 1996; x_wconf 95' lang='lat'><strong>,</strong></span> <span class='ocrx_word' id='word_1_130' title='bbox 1687 1931 1812 2002; x_wconf 85' lang='lat' dir='ltr'><strong>quia</strong></span> 
     </span>
    </p>
   </div>
   <div class='ocr_carea' id='block_1_17' title="bbox 211 2023 1807 2092">
    <p class='ocr_par' dir='ltr' id='par_1_17' title="bbox 211 2023 1807 2092">
     <span class='ocr_line' id='line_1_17' title="bbox 211 2023 1807 2092; baseline -0.002 -12"><span class='ocrx_word' id='word_1_131' title='bbox 211 2023 560 2082; x_wconf 87' lang='lat' dir='ltr'><strong>damnabitur</strong></span> <span class='ocrx_word' id='word_1_132' title='bbox 589 2039 770 2092; x_wconf 88' lang='lat' dir='ltr'><strong>mors,</strong></span> <span class='ocrx_word' id='word_1_133' title='bbox 799 2039 986 2080; x_wconf 87' lang='lat' dir='ltr'><strong>omnes</strong></span> <span class='ocrx_word' id='word_1_134' title='bbox 1014 2023 1343 2078; x_wconf 83' lang='lat' dir='ltr'><strong>damnandos</strong></span> <span class='ocrx_word' id='word_1_135' title='bbox 1368 2039 1488 2080; x_wconf 89' lang='lat' dir='ltr'><strong>esse</strong></span> <span class='ocrx_word' id='word_1_136' title='bbox 1533 2023 1807 2078; x_wconf 87' lang='lat' dir='ltr'><strong>mortales.</strong></span> 
     </span>
    </p>
   </div>
   <div class='ocr_carea' id='block_1_18' title="bbox 209 2115 1812 2184">
    <p class='ocr_par' dir='ltr' id='par_1_18' title="bbox 209 2115 1812 2184">
     <span class='ocr_line' id='line_1_18' title="bbox 209 2115 1812 2184; baseline -0.002 -12"><span class='ocrx_word' id='word_1_137' title='bbox 209 2115 264 2172; x_wconf 85' lang='lat' dir='ltr'><strong>Si</strong></span> <span class='ocrx_word' id='word_1_138' title='bbox 290 2125 480 2170; x_wconf 90' lang='lat' dir='ltr'><strong>autem</strong></span> <span class='ocrx_word' id='word_1_139' title='bbox 529 2115 694 2172; x_wconf 91' lang='lat' dir='ltr'><strong>libido</strong></span> <span class='ocrx_word' id='word_1_140' title='bbox 737 2115 805 2172; x_wconf 90' lang='lat' dir='ltr'><strong>de</strong></span> <span class='ocrx_word' id='word_1_141' title='bbox 853 2115 1120 2170; x_wconf 90' lang='lat' dir='ltr'><strong>connubio</strong></span> <span class='ocrx_word' id='word_1_142' title='bbox 1171 2123 1344 2180; x_wconf 86' lang='lat' dir='ltr'><strong>esset,</strong></span> <span class='ocrx_word' id='word_1_143' title='bbox 1407 2115 1642 2184; x_wconf 71' lang='lat' dir='ltr'><strong>profecto</strong></span> <span class='ocrx_word' id='word_1_144' title='bbox 1687 2123 1812 2168; x_wconf 89' lang='lat' dir='ltr'><strong>ante</strong></span> 
     </span>
    </p>
   </div>
   <div class='ocr_carea' id='block_1_19' title="bbox 209 2203 1812 2278">
    <p class='ocr_par' dir='ltr' id='par_1_19' title="bbox 209 2203 1812 2278">
     <span class='ocr_line' id='line_1_19' title="bbox 209 2203 1812 2278; baseline -0.001 -16"><span class='ocrx_word' id='word_1_145' title='bbox 209 2208 542 2262; x_wconf 87' lang='lat' dir='ltr'><strong>connubium</strong></span> <span class='ocrx_word' id='word_1_146' title='bbox 581 2207 664 2262; x_wconf 88' lang='lat' dir='ltr'><strong>vel</strong></span> <span class='ocrx_word' id='word_1_147' title='bbox 695 2217 888 2278; x_wconf 80' lang='lat' dir='ltr'><strong>praeter</strong></span> <span class='ocrx_word' id='word_1_148' title='bbox 918 2205 1242 2262; x_wconf 87' lang='lat' dir='ltr'><strong>connubimu</strong></span> <span class='ocrx_word' id='word_1_149' title='bbox 1269 2205 1414 2260; x_wconf 90' lang='lat' dir='ltr'><strong>nulla</strong></span> <span class='ocrx_word' id='word_1_150' title='bbox 1442 2214 1605 2262; x_wconf 86' lang='lat' dir='ltr'><strong>esset.</strong></span> <span class='ocrx_word' id='word_1_151' title='bbox 1643 2223 1662 2256; x_wconf 72' lang='grc' dir='ltr'><strong>ι</strong></span> <span class='ocrx_word' id='word_1_152' title='bbox 1691 2203 1812 2260; x_wconf 86' lang='lat' dir='ltr'><strong>Non</strong></span> 
     </span>
    </p>
   </div>
   <div class='ocr_carea' id='block_1_20' title="bbox 213 2295 1812 2370">
    <p class='ocr_par' dir='ltr' id='par_1_20' title="bbox 213 2295 1812 2370">
     <span class='ocr_line' id='line_1_20' title="bbox 213 2295 1812 2370; baseline -0.001 -19"><span class='ocrx_word' id='word_1_153' title='bbox 213 2306 419 2366; x_wconf 90' lang='lat' dir='ltr'><strong>potest,</strong></span> <span class='ocrx_word' id='word_1_154' title='bbox 463 2317 482 2350; x_wconf 75' lang='grc' dir='ltr'><strong>ι</strong></span> <span class='ocrx_word' id='word_1_155' title='bbox 527 2297 740 2370; x_wconf 89' lang='lat' dir='ltr'><strong>inquis,</strong></span> <span class='ocrx_word' id='word_1_156' title='bbox 791 2317 809 2348; x_wconf 76' lang='grc' dir='ltr'><strong>ι</strong></span> <span class='ocrx_word' id='word_1_157' title='bbox 845 2296 950 2352; x_wconf 89' lang='lat' dir='ltr'><strong>dici</strong></span> <span class='ocrx_word' id='word_1_158' title='bbox 1000 2297 1250 2364; x_wconf 90' lang='lat' dir='ltr'><strong>morbus,</strong></span> <span class='ocrx_word' id='word_1_159' title='bbox 1301 2295 1415 2350; x_wconf 89' lang='lat' dir='ltr'><strong>sine</strong></span> <span class='ocrx_word' id='word_1_160' title='bbox 1441 2311 1546 2366; x_wconf 92' lang='lat' dir='ltr'><strong>quo</strong></span> <span class='ocrx_word' id='word_1_161' title='bbox 1593 2311 1700 2350; x_wconf 88' lang='lat' dir='ltr'><strong>non</strong></span> <span class='ocrx_word' id='word_1_162' title='bbox 1729 2303 1812 2350; x_wconf 88' lang='lat' dir='ltr'><strong>est</strong></span> 
     </span>
    </p>
   </div>
   <div class='ocr_carea' id='block_1_21' title="bbox 209 2389 1812 2460">
    <p class='ocr_par' dir='ltr' id='par_1_21' title="bbox 209 2389 1812 2460">
     <span class='ocr_line' id='line_1_21' title="bbox 209 2389 1812 2460; baseline -0.001 -14"><span class='ocrx_word' id='word_1_163' title='bbox 209 2390 540 2446; x_wconf 88' lang='lat' dir='ltr'><strong>connubium</strong></span> <span class='ocrx_word' id='word_1_164' title='bbox 577 2407 589 2444; x_wconf 93' lang='lat'><strong>:</strong></span> <span class='ocrx_word' id='word_1_165' title='bbox 617 2392 736 2460; x_wconf 87' lang='lat' dir='ltr'><strong>quia</strong></span> <span class='ocrx_word' id='word_1_166' title='bbox 757 2397 931 2460; x_wconf 80' lang='lat' dir='ltr'><strong>potest</strong></span> <span class='ocrx_word' id='word_1_167' title='bbox 955 2404 1074 2444; x_wconf 86' lang='lat' dir='ltr'><strong>esse</strong></span> <span class='ocrx_word' id='word_1_168' title='bbox 1103 2389 1426 2444; x_wconf 86' lang='lat' dir='ltr'><strong>connubium</strong></span> <span class='ocrx_word' id='word_1_169' title='bbox 1457 2398 1650 2460; x_wconf 68' lang='lat' dir='ltr'><strong>praeter</strong></span> <span class='ocrx_word' id='word_1_170' title='bbox 1686 2403 1812 2459; x_wconf 88' lang='lat' dir='ltr'><strong>pec-</strong></span> 
     </span>
    </p>
   </div>
   <div class='ocr_carea' id='block_1_22' title="bbox 209 2481 1808 2552">
    <p class='ocr_par' dir='ltr' id='par_1_22' title="bbox 209 2481 1808 2552">
     <span class='ocr_line' id='line_1_22' title="bbox 209 2481 1808 2552; baseline 0 -16"><span class='ocrx_word' id='word_1_171' title='bbox 209 2492 390 2536; x_wconf 89' lang='lat' dir='ltr'><strong>catum</strong></span> <span class='ocrx_word' id='word_1_172' title='bbox 413 2499 430 2546; x_wconf 85' lang='lat'><strong>;</strong></span> <span class='ocrx_word' id='word_1_173' title='bbox 453 2481 676 2536; x_wconf 84' lang='lat' dir='ltr'><strong>morbus</strong></span> <span class='ocrx_word' id='word_1_174' title='bbox 698 2489 905 2546; x_wconf 88' lang='lat' dir='ltr'><strong>autem,</strong></span> <span class='ocrx_word' id='word_1_175' title='bbox 943 2500 962 2534; x_wconf 76' lang='grc' dir='ltr'><strong>ι</strong></span> <span class='ocrx_word' id='word_1_176' title='bbox 990 2481 1188 2550; x_wconf 88' lang='lat' dir='ltr'><strong>inquis,</strong></span> <span class='ocrx_word' id='word_1_177' title='bbox 1221 2499 1238 2534; x_wconf 72' lang='grc' dir='ltr'><strong>ι</strong></span> <span class='ocrx_word' id='word_1_178' title='bbox 1273 2482 1340 2536; x_wconf 89' lang='lat' dir='ltr'><strong>ab</strong></span> <span class='ocrx_word' id='word_1_179' title='bbox 1367 2481 1624 2550; x_wconf 84' lang='lat' dir='ltr'><strong>Apostolo</strong></span> <span class='ocrx_word' id='word_1_180' title='bbox 1679 2495 1808 2552; x_wconf 85' lang='lat' dir='ltr'><strong>pec-</strong></span> 
     </span>
    </p>
   </div>
   <div class='ocr_carea' id='block_1_23' title="bbox 209 2569 1810 2641">
    <p class='ocr_par' dir='ltr' id='par_1_23' title="bbox 209 2569 1810 2641">
     <span class='ocr_line' id='line_1_23' title="bbox 209 2569 1810 2641; baseline -0.001 -13"><span class='ocrx_word' id='word_1_181' title='bbox 209 2581 388 2628; x_wconf 89' lang='lat' dir='ltr'><strong>catum</strong></span> <span class='ocrx_word' id='word_1_182' title='bbox 421 2571 640 2628; x_wconf 90' lang='lat' dir='ltr'><strong>dicitur.</strong></span> <span class='ocrx_word' id='word_1_183' title='bbox 689 2590 707 2622; x_wconf 76' lang='grc' dir='ltr'><strong>ι</strong></span> <span class='ocrx_word' id='word_1_184' title='bbox 767 2571 872 2626; x_wconf 90' lang='lat' dir='ltr'><strong>Sed</strong></span> <span class='ocrx_word' id='word_1_185' title='bbox 917 2571 1273 2641; x_wconf 89' lang='lat' dir='ltr'><strong>respondetur</strong></span> <span class='ocrx_word' id='word_1_186' title='bbox 1315 2571 1410 2626; x_wconf 89' lang='lat' dir='ltr'><strong>tibi</strong></span> <span class='ocrx_word' id='word_1_187' title='bbox 1444 2588 1456 2624; x_wconf 87' lang='lat'><strong>:</strong></span> <span class='ocrx_word' id='word_1_188' title='bbox 1491 2569 1606 2626; x_wconf 87' lang='lat' dir='ltr'><strong>Non</strong></span> <span class='ocrx_word' id='word_1_189' title='bbox 1635 2571 1810 2628; x_wconf 89' lang='lat' dir='ltr'><strong>omnis</strong></span> 
     </span>
    </p>
   </div>
   <div class='ocr_carea' id='block_1_24' title="bbox 209 2663 1810 2736">
    <p class='ocr_par' dir='ltr' id='par_1_24' title="bbox 209 2663 1810 2736">
     <span class='ocr_line' id='line_1_24' title="bbox 209 2663 1810 2736; baseline 0 -18"><span class='ocrx_word' id='word_1_190' title='bbox 209 2663 432 2720; x_wconf 91' lang='lat' dir='ltr'><strong>morbus</strong></span> <span class='ocrx_word' id='word_1_191' title='bbox 457 2675 733 2736; x_wconf 84' lang='lat' dir='ltr'><strong>peccatum</strong></span> <span class='ocrx_word' id='word_1_192' title='bbox 781 2663 994 2722; x_wconf 81' lang='lat' dir='ltr'><strong>dicitur.</strong></span> <span class='ocrx_word' id='word_1_193' title='bbox 1029 2664 1131 2718; x_wconf 85' lang='lat' dir='ltr'><strong>lste</strong></span> <span class='ocrx_word' id='word_1_194' title='bbox 1174 2673 1350 2718; x_wconf 87' lang='lat' dir='ltr'><strong>autem</strong></span> <span class='ocrx_word' id='word_1_195' title='bbox 1403 2663 1623 2718; x_wconf 88' lang='lat' dir='ltr'><strong>morbus</strong></span> <span class='ocrx_word' id='word_1_196' title='bbox 1653 2677 1810 2734; x_wconf 70' lang='lat' dir='ltr'><strong>pinna</strong></span> 
     </span>
    </p>
   </div>
   <div class='ocr_carea' id='block_1_25' title="bbox 207 2755 1804 2828">
    <p class='ocr_par' dir='ltr' id='par_1_25' title="bbox 207 2755 1804 2828">
     <span class='ocr_line' id='line_1_25' title="bbox 207 2755 1804 2828; baseline -0.001 -17"><span class='ocrx_word' id='word_1_197' title='bbox 207 2757 416 2828; x_wconf 80' lang='lat' dir='ltr'><strong>peccati</strong></span> <span class='ocrx_word' id='word_1_198' title='bbox 446 2765 530 2812; x_wconf 89' lang='lat' dir='ltr'><strong>est</strong></span> <span class='ocrx_word' id='word_1_199' title='bbox 551 2797 566 2820; x_wconf 90' lang='lat'><strong>,</strong></span> <span class='ocrx_word' id='word_1_200' title='bbox 599 2755 714 2810; x_wconf 86' lang='lat' dir='ltr'><strong>sine</strong></span> <span class='ocrx_word' id='word_1_201' title='bbox 741 2770 842 2824; x_wconf 89' lang='lat' dir='ltr'><strong>qua</strong></span> <span class='ocrx_word' id='word_1_202' title='bbox 873 2769 977 2810; x_wconf 88' lang='lat' dir='ltr'><strong>non</strong></span> <span class='ocrx_word' id='word_1_203' title='bbox 998 2763 1172 2826; x_wconf 85' lang='lat' dir='ltr'><strong>potest</strong></span> <span class='ocrx_word' id='word_1_204' title='bbox 1201 2770 1319 2810; x_wconf 90' lang='lat' dir='ltr'><strong>esse</strong></span> <span class='ocrx_word' id='word_1_205' title='bbox 1345 2755 1574 2810; x_wconf 88' lang='lat' dir='ltr'><strong>humana</strong></span> <span class='ocrx_word' id='word_1_206' title='bbox 1593 2767 1804 2824; x_wconf 84' lang='lat' dir='ltr'><strong>natura,</strong></span> 
     </span>
    </p>
   </div>
   <div class='ocr_carea' id='block_1_26' title="bbox 213 2845 1808 2918">
    <p class='ocr_par' dir='ltr' id='par_1_26' title="bbox 213 2845 1808 2918">
     <span class='ocr_line' id='line_1_26' title="bbox 213 2845 1808 2918; baseline 0.001 -18"><span class='ocrx_word' id='word_1_207' title='bbox 213 2846 450 2902; x_wconf 85' lang='lat' dir='ltr'><strong>nondum</strong></span> <span class='ocrx_word' id='word_1_208' title='bbox 483 2863 550 2900; x_wconf 82' lang='lat' dir='ltr'><strong>ex</strong></span> <span class='ocrx_word' id='word_1_209' title='bbox 577 2847 721 2900; x_wconf 88' lang='lat' dir='ltr'><strong>omni</strong></span> <span class='ocrx_word' id='word_1_210' title='bbox 745 2857 894 2916; x_wconf 89' lang='lat' dir='ltr'><strong>parte</strong></span> <span class='ocrx_word' id='word_1_211' title='bbox 917 2855 1120 2902; x_wconf 86' lang='lat' dir='ltr'><strong>sanata.</strong></span> <span class='ocrx_word' id='word_1_212' title='bbox 1149 2845 1203 2902; x_wconf 89' lang='lat' dir='ltr'><strong>Si</strong></span> <span class='ocrx_word' id='word_1_213' title='bbox 1235 2855 1411 2900; x_wconf 86' lang='lat' dir='ltr'><strong>autem</strong></span> <span class='ocrx_word' id='word_1_214' title='bbox 1439 2855 1720 2918; x_wconf 84' lang='lat' dir='ltr'><strong>propterea</strong></span> <span class='ocrx_word' id='word_1_215' title='bbox 1744 2848 1808 2902; x_wconf 87' lang='lat' dir='ltr'><strong>li-</strong></span> 
     </span>
    </p>
   </div>
   <div class='ocr_carea' id='block_1_27' title="bbox 210 2937 1803 3008">
    <p class='ocr_par' dir='ltr' id='par_1_27' title="bbox 210 2937 1803 3008">
     <span class='ocr_line' id='line_1_27' title="bbox 210 2937 1803 3008; baseline 0.002 -17"><span class='ocrx_word' id='word_1_216' title='bbox 210 2937 334 2992; x_wconf 89' lang='lat' dir='ltr'><strong>bido</strong></span> <span class='ocrx_word' id='word_1_217' title='bbox 363 2937 561 2992; x_wconf 88' lang='lat' dir='ltr'><strong>malum</strong></span> <span class='ocrx_word' id='word_1_218' title='bbox 591 2953 696 2991; x_wconf 90' lang='lat' dir='ltr'><strong>non</strong></span> <span class='ocrx_word' id='word_1_219' title='bbox 729 2947 841 3006; x_wconf 89' lang='lat' dir='ltr'><strong>est,</strong></span> <span class='ocrx_word' id='word_1_220' title='bbox 869 2937 992 3007; x_wconf 87' lang='lat' dir='ltr'><strong>quia</strong></span> <span class='ocrx_word' id='word_1_221' title='bbox 1015 2938 1128 2992; x_wconf 89' lang='lat' dir='ltr'><strong>sine</strong></span> <span class='ocrx_word' id='word_1_222' title='bbox 1153 2937 1240 2992; x_wconf 90' lang='lat' dir='ltr'><strong>illa</strong></span> <span class='ocrx_word' id='word_1_223' title='bbox 1273 2953 1380 2992; x_wconf 90' lang='lat' dir='ltr'><strong>non</strong></span> <span class='ocrx_word' id='word_1_224' title='bbox 1413 2937 1473 2992; x_wconf 83' lang='lat' dir='ltr'><strong>fit</strong></span> <span class='ocrx_word' id='word_1_225' title='bbox 1501 2941 1803 3008; x_wconf 88' lang='lat' dir='ltr'><strong>nuptiarum</strong></span> 
     </span>
    </p>
   </div>
   <div class='ocr_carea' id='block_1_28' title="bbox 209 3027 1806 3102">
    <p class='ocr_par' dir='ltr' id='par_1_28' title="bbox 209 3027 1806 3102">
     <span class='ocr_line' id='line_1_28' title="bbox 209 3027 1806 3102; baseline 0.002 -19"><span class='ocrx_word' id='word_1_226' title='bbox 209 3027 408 3084; x_wconf 90' lang='lat' dir='ltr'><strong>bonum</strong></span> <span class='ocrx_word' id='word_1_227' title='bbox 446 3045 458 3081; x_wconf 93' lang='lat'><strong>:</strong></span> <span class='ocrx_word' id='word_1_228' title='bbox 483 3045 514 3083; x_wconf 90' lang='lat' dir='ltr'><strong>e</strong></span> <span class='ocrx_word' id='word_1_229' title='bbox 540 3027 807 3084; x_wconf 89' lang='lat' dir='ltr'><strong>contrario</strong></span> <span class='ocrx_word' id='word_1_230' title='bbox 837 3043 936 3083; x_wconf 88' lang='lat' dir='ltr'><strong>nec</strong></span> <span class='ocrx_word' id='word_1_231' title='bbox 959 3043 1152 3098; x_wconf 88' lang='lat' dir='ltr'><strong>corpus</strong></span> <span class='ocrx_word' id='word_1_232' title='bbox 1173 3027 1368 3082; x_wconf 92' lang='lat' dir='ltr'><strong>bonum</strong></span> <span class='ocrx_word' id='word_1_233' title='bbox 1388 3037 1504 3096; x_wconf 91' lang='lat' dir='ltr'><strong>est,</strong></span> <span class='ocrx_word' id='word_1_234' title='bbox 1537 3030 1658 3102; x_wconf 85' lang='lat' dir='ltr'><strong>quia</strong></span> <span class='ocrx_word' id='word_1_235' title='bbox 1689 3031 1806 3086; x_wconf 88' lang='lat' dir='ltr'><strong>sine</strong></span> 
     </span>
    </p>
   </div>
   <div class='ocr_carea' id='block_1_29' title="bbox 209 3117 1800 3178">
    <p class='ocr_par' dir='ltr' id='par_1_29' title="bbox 209 3117 1800 3178">
     <span class='ocr_line' id='line_1_29' title="bbox 209 3117 1800 3178; baseline 0.001 -5"><span class='ocrx_word' id='word_1_236' title='bbox 209 3119 296 3174; x_wconf 86' lang='lat' dir='ltr'><strong>illo</strong></span> <span class='ocrx_word' id='word_1_237' title='bbox 322 3135 430 3174; x_wconf 92' lang='lat' dir='ltr'><strong>non</strong></span> <span class='ocrx_word' id='word_1_238' title='bbox 457 3121 516 3174; x_wconf 88' lang='lat' dir='ltr'><strong>fit</strong></span> <span class='ocrx_word' id='word_1_239' title='bbox 545 3119 789 3174; x_wconf 89' lang='lat' dir='ltr'><strong>adulterii</strong></span> <span class='ocrx_word' id='word_1_240' title='bbox 822 3119 1041 3174; x_wconf 87' lang='lat' dir='ltr'><strong>malum.</strong></span> <span class='ocrx_word' id='word_1_241' title='bbox 1073 3117 1184 3172; x_wconf 89' lang='lat' dir='ltr'><strong>Hoc</strong></span> <span class='ocrx_word' id='word_1_242' title='bbox 1229 3129 1404 3174; x_wconf 90' lang='lat' dir='ltr'><strong>autem</strong></span> <span class='ocrx_word' id='word_1_243' title='bbox 1451 3119 1642 3176; x_wconf 88' lang='lat' dir='ltr'><strong>falsum</strong></span> <span class='ocrx_word' id='word_1_244' title='bbox 1671 3129 1755 3178; x_wconf 88' lang='lat' dir='ltr'><strong>est</strong></span> <span class='ocrx_word' id='word_1_245' title='bbox 1787 3138 1800 3174; x_wconf 94' lang='lat'>:</span> 
     </span>
    </p>
   </div>
   <div class='ocr_carea' id='block_1_30' title="bbox 209 3210 1804 3286">
    <p class='ocr_par' dir='ltr' id='par_1_30' title="bbox 209 3210 1804 3286">
     <span class='ocr_line' id='line_1_30' title="bbox 209 3210 1804 3286; baseline 0.001 -20"><span class='ocrx_word' id='word_1_246' title='bbox 209 3213 282 3268; x_wconf 86' lang='lat' dir='ltr'><strong>sic</strong></span> <span class='ocrx_word' id='word_1_247' title='bbox 312 3227 444 3284; x_wconf 86' lang='lat' dir='ltr'><strong>ergo</strong></span> <span class='ocrx_word' id='word_1_248' title='bbox 471 3220 526 3267; x_wconf 91' lang='lat' dir='ltr'><strong>et</strong></span> <span class='ocrx_word' id='word_1_249' title='bbox 553 3211 700 3266; x_wconf 91' lang='lat' dir='ltr'><strong>illud.</strong></span> <span class='ocrx_word' id='word_1_250' title='bbox 732 3211 862 3282; x_wconf 88' lang='lat' dir='ltr'><strong>Quis</strong></span> <span class='ocrx_word' id='word_1_251' title='bbox 913 3220 1088 3267; x_wconf 89' lang='lat' dir='ltr'><strong>autem</strong></span> <span class='ocrx_word' id='word_1_252' title='bbox 1120 3210 1288 3266; x_wconf 89' lang='lat' dir='ltr'><strong>nescit</strong></span> <span class='ocrx_word' id='word_1_253' title='bbox 1332 3213 1628 3282; x_wconf 81' lang='lat' dir='ltr'><strong>conjugatis</strong></span> <span class='ocrx_word' id='word_1_254' title='bbox 1657 3217 1804 3286; x_wconf 83' lang='lat' dir='ltr'><strong>Apo-</strong></span> 
     </span>
    </p>
   </div>
   <div class='ocr_carea' id='block_1_31' title="bbox 206 3303 1803 3376">
    <p class='ocr_par' dir='ltr' id='par_1_31' title="bbox 206 3303 1803 3376">
     <span class='ocr_line' id='line_1_31' title="bbox 206 3303 1803 3376; baseline 0.002 -18"><span class='ocrx_word' id='word_1_255' title='bbox 206 3303 404 3360; x_wconf 88' lang='lat' dir='ltr'><strong>stolum</strong></span> <span class='ocrx_word' id='word_1_256' title='bbox 439 3305 777 3376; x_wconf 72' lang='lat' dir='ltr'><strong>prmccpisse,</strong></span> <span class='ocrx_word' id='word_1_257' title='bbox 793 3313 848 3358; x_wconf 93' lang='lat' dir='ltr'><strong>ut</strong></span> <span class='ocrx_word' id='word_1_258' title='bbox 865 3305 1026 3360; x_wconf 91' lang='lat' dir='ltr'><strong>sciret</strong></span> <span class='ocrx_word' id='word_1_259' title='bbox 1053 3303 1416 3376; x_wconf 87' lang='lat' dir='ltr'><strong>unusquisque</strong></span> <span class='ocrx_word' id='word_1_260' title='bbox 1437 3319 1621 3360; x_wconf 90' lang='lat' dir='ltr'><strong>eorum</strong></span> <span class='ocrx_word' id='word_1_261' title='bbox 1645 3321 1803 3361; x_wconf 91' lang='lat' dir='ltr'><strong>suum</strong></span> 
     </span>
    </p>
   </div>
   <div class='ocr_carea' id='block_1_32' title="bbox 207 3397 1804 3470">
    <p class='ocr_par' dir='ltr' id='par_1_32' title="bbox 207 3397 1804 3470">
     <span class='ocr_line' id='line_1_32' title="bbox 207 3397 1804 3470; baseline 0.001 -16"><span class='ocrx_word' id='word_1_262' title='bbox 207 3415 298 3454; x_wconf 84' lang='lat' dir='ltr'><strong>vas</strong></span> <span class='ocrx_word' id='word_1_263' title='bbox 323 3399 602 3470; x_wconf 90' lang='lat' dir='ltr'><strong>possidere</strong></span> <span class='ocrx_word' id='word_1_264' title='bbox 621 3441 636 3466; x_wconf 88' lang='lat'><strong>,</strong></span> <span class='ocrx_word' id='word_1_265' title='bbox 661 3397 764 3454; x_wconf 88' lang='lat' dir='ltr'><strong>hoc</strong></span> <span class='ocrx_word' id='word_1_266' title='bbox 788 3409 902 3468; x_wconf 89' lang='lat' dir='ltr'><strong>est,</strong></span> <span class='ocrx_word' id='word_1_267' title='bbox 935 3415 1155 3456; x_wconf 81' lang='lat' dir='ltr'><strong>uxorem</strong></span> <span class='ocrx_word' id='word_1_268' title='bbox 1181 3413 1330 3454; x_wconf 84' lang='lat' dir='ltr'><strong>suam</strong></span> <span class='ocrx_word' id='word_1_269' title='bbox 1350 3440 1364 3464; x_wconf 89' lang='lat'><strong>,</strong></span> <span class='ocrx_word' id='word_1_270' title='bbox 1399 3415 1504 3454; x_wconf 86' lang='lat' dir='ltr'><strong>non</strong></span> <span class='ocrx_word' id='word_1_271' title='bbox 1545 3399 1595 3452; x_wconf 91' lang='lat' dir='ltr'><strong>in</strong></span> <span class='ocrx_word' id='word_1_272' title='bbox 1614 3399 1804 3454; x_wconf 87' lang='lat' dir='ltr'><strong>morbo</strong></span> 
     </span>
    </p>
   </div>
   <div class='ocr_carea' id='block_1_33' title="bbox 205 3473 1799 3564">
    <p class='ocr_par' dir='ltr' id='par_1_33' title="bbox 205 3473 1799 3564">
     <span class='ocr_line' id='line_1_33' title="bbox 205 3473 1799 3564; baseline -0.001 -17"><span class='ocrx_word' id='word_1_273' title='bbox 205 3473 657 3559; x_wconf 41' lang='lat' dir='ltr'><strong>desideriifsicut</strong></span> <span class='ocrx_word' id='word_1_274' title='bbox 683 3500 869 3564; x_wconf 87' lang='lat' dir='ltr'><strong>gentes</strong></span> <span class='ocrx_word' id='word_1_275' title='bbox 913 3507 1034 3564; x_wconf 64' lang='lat' dir='ltr'><strong>quae</strong></span> <span class='ocrx_word' id='word_1_276' title='bbox 1073 3491 1318 3561; x_wconf 83' lang='lat' dir='ltr'><strong>ignorant</strong></span> <span class='ocrx_word' id='word_1_277' title='bbox 1357 3491 1520 3546; x_wconf 90' lang='lat' dir='ltr'><strong>Deum</strong></span> <span class='ocrx_word' id='word_1_278' title='bbox 1549 3490 1590 3564; x_wconf 90' lang='grc' dir='ltr'>(Ι</span> <span class='ocrx_word' id='word_1_279' title='bbox 1625 3491 1799 3548; x_wconf 80' lang='lat' dir='ltr'><strong>Thess.</strong></span> 
     </span>
    </p>
   </div>
   <div class='ocr_carea' id='block_1_34' title="bbox 207 3585 1804 3658">
    <p class='ocr_par' dir='ltr' id='par_1_34' title="bbox 207 3585 1804 3658">
     <span class='ocr_line' id='line_1_34' title="bbox 207 3585 1804 3658; baseline -0.001 -16"><span class='ocrx_word' id='word_1_280' title='bbox 207 3601 260 3642; x_wconf 88' lang='lat' dir='ltr'><strong>tv</strong></span> <span class='ocrx_word' id='word_1_281' title='bbox 281 3630 296 3652; x_wconf 93' lang='lat'><strong>,</strong></span> <span class='ocrx_word' id='word_1_282' title='bbox 341 3587 374 3641; x_wconf 73' lang='grc'><strong>4</strong></span> <span class='ocrx_word' id='word_1_283' title='bbox 396 3629 411 3656; x_wconf 91' lang='lat'><strong>,</strong></span> <span class='ocrx_word' id='word_1_284' title='bbox 441 3587 516 3658; x_wconf 81' lang='lat'><strong>5).</strong></span> <span class='ocrx_word' id='word_1_285' title='bbox 550 3585 648 3658; x_wconf 86' lang='lat' dir='ltr'><strong>Qui</strong></span> <span class='ocrx_word' id='word_1_286' title='bbox 677 3601 802 3658; x_wconf 84' lang='lat' dir='ltr'><strong>ergo</strong></span> <span class='ocrx_word' id='word_1_287' title='bbox 847 3586 912 3640; x_wconf 89' lang='lat' dir='ltr'><strong>de</strong></span> <span class='ocrx_word' id='word_1_288' title='bbox 945 3586 1042 3640; x_wconf 88' lang='lat' dir='ltr'><strong>hac</strong></span> <span class='ocrx_word' id='word_1_289' title='bbox 1091 3600 1148 3640; x_wconf 91' lang='lat' dir='ltr'><strong>re</strong></span> <span class='ocrx_word' id='word_1_290' title='bbox 1179 3585 1490 3654; x_wconf 89' lang='lat' dir='ltr'><strong>Apostolum</strong></span> <span class='ocrx_word' id='word_1_291' title='bbox 1535 3585 1698 3656; x_wconf 85' lang='lat' dir='ltr'><strong>legit,</strong></span> <span class='ocrx_word' id='word_1_292' title='bbox 1753 3594 1804 3641; x_wconf 90' lang='lat' dir='ltr'><strong>te</strong></span> 
     </span>
    </p>
   </div>
   <div class='ocr_carea' id='block_1_35' title="bbox 207 3677 1802 3754">
    <p class='ocr_par' dir='ltr' id='par_1_35' title="bbox 207 3677 1802 3754">
     <span class='ocr_line' id='line_1_35' title="bbox 207 3677 1802 3754; baseline 0.001 -21"><span class='ocrx_word' id='word_1_293' title='bbox 207 3679 445 3754; x_wconf 83' lang='lat' dir='ltr'><strong>negligit.</strong></span> <span class='ocrx_word' id='word_1_294' title='bbox 479 3679 544 3734; x_wconf 86' lang='lat' dir='ltr'><strong>Et</strong></span> <span class='ocrx_word' id='word_1_295' title='bbox 568 3695 674 3736; x_wconf 85' lang='lat' dir='ltr'><strong>non</strong></span> <span class='ocrx_word' id='word_1_296' title='bbox 714 3679 984 3734; x_wconf 88' lang='lat' dir='ltr'><strong>erubescis</strong></span> <span class='ocrx_word' id='word_1_297' title='bbox 1013 3679 1170 3734; x_wconf 90' lang='lat' dir='ltr'><strong>istum</strong></span> <span class='ocrx_word' id='word_1_298' title='bbox 1201 3677 1444 3734; x_wconf 88' lang='lat' dir='ltr'><strong>morbum</strong></span> <span class='ocrx_word' id='word_1_299' title='bbox 1468 3718 1480 3742; x_wconf 94' lang='lat'><strong>,</strong></span> <span class='ocrx_word' id='word_1_300' title='bbox 1523 3678 1606 3734; x_wconf 88' lang='lat' dir='ltr'><strong>vel</strong></span> <span class='ocrx_word' id='word_1_301' title='bbox 1661 3679 1802 3750; x_wconf 89' lang='lat' dir='ltr'><strong>quod</strong></span> 
     </span>
    </p>
   </div>
   <div class='ocr_carea' id='block_1_36' title="bbox 209 3769 1802 3846">
    <p class='ocr_par' dir='ltr' id='par_1_36' title="bbox 209 3769 1802 3846">
     <span class='ocr_line' id='line_1_36' title="bbox 209 3769 1802 3846; baseline -0.001 -20"><span class='ocrx_word' id='word_1_302' title='bbox 209 3780 262 3828; x_wconf 90' lang='lat' dir='ltr'><strong>tu</strong></span> <span class='ocrx_word' id='word_1_303' title='bbox 289 3787 412 3827; x_wconf 90' lang='lat' dir='ltr'><strong>esse</strong></span> <span class='ocrx_word' id='word_1_304' title='bbox 439 3814 452 3838; x_wconf 94' lang='lat'><strong>,</strong></span> <span class='ocrx_word' id='word_1_305' title='bbox 481 3773 722 3846; x_wconf 87' lang='lat' dir='ltr'><strong>quamvis</strong></span> <span class='ocrx_word' id='word_1_306' title='bbox 753 3771 770 3804; x_wconf 85' lang='grc'>¹</span> <span class='ocrx_word' id='word_1_307' title='bbox 802 3771 1138 3846; x_wconf 88' lang='lat' dir='ltr'><strong>pudibundus</strong></span> <span class='ocrx_word' id='word_1_308' title='bbox 1162 3813 1175 3838; x_wconf 92' lang='lat'><strong>,</strong></span> <span class='ocrx_word' id='word_1_309' title='bbox 1203 3771 1380 3824; x_wconf 80' lang='lat' dir='ltr'><strong>fateris</strong></span> <span class='ocrx_word' id='word_1_310' title='bbox 1405 3809 1420 3834; x_wconf 92' lang='lat'><strong>,</strong></span> <span class='ocrx_word' id='word_1_311' title='bbox 1469 3769 1622 3826; x_wconf 88' lang='lat' dir='ltr'><strong>istam</strong></span> <span class='ocrx_word' id='word_1_312' title='bbox 1678 3771 1802 3838; x_wconf 85' lang='lat' dir='ltr'><strong>libi-</strong></span> 
     </span>
    </p>
   </div>
   <div class='ocr_carea' id='block_1_37' title="bbox 209 3863 1804 3936">
    <p class='ocr_par' dir='ltr' id='par_1_37' title="bbox 209 3863 1804 3936">
     <span class='ocr_line' id='line_1_37' title="bbox 209 3863 1804 3936; baseline 0 -18"><span class='ocrx_word' id='word_1_313' title='bbox 209 3863 386 3922; x_wconf 90' lang='lat' dir='ltr'><strong>dinem</strong></span> <span class='ocrx_word' id='word_1_314' title='bbox 420 3863 759 3922; x_wconf 87' lang='lat' dir='ltr'><strong>iutroducere</strong></span> <span class='ocrx_word' id='word_1_315' title='bbox 784 3865 836 3922; x_wconf 91' lang='lat' dir='ltr'><strong>in</strong></span> <span class='ocrx_word' id='word_1_316' title='bbox 877 3864 1176 3936; x_wconf 85' lang='lat' dir='ltr'><strong>paradisum</strong></span> <span class='ocrx_word' id='word_1_317' title='bbox 1202 3904 1216 3930; x_wconf 92' lang='lat'><strong>,</strong></span> <span class='ocrx_word' id='word_1_318' title='bbox 1248 3873 1302 3920; x_wconf 92' lang='lat' dir='ltr'><strong>et</strong></span> <span class='ocrx_word' id='word_1_319' title='bbox 1344 3863 1577 3918; x_wconf 91' lang='lat' dir='ltr'><strong>tribuere</strong></span> <span class='ocrx_word' id='word_1_320' title='bbox 1613 3864 1804 3934; x_wconf 87' lang='lat' dir='ltr'><strong>conju-</strong></span> 
     </span>
    </p>
   </div>
   <div class='ocr_carea' id='block_1_38' title="bbox 207 3955 1804 4030">
    <p class='ocr_par' dir='ltr' id='par_1_38' title="bbox 207 3955 1804 4030">
     <span class='ocr_line' id='line_1_38' title="bbox 207 3955 1804 4030; baseline 0 -20"><span class='ocrx_word' id='word_1_321' title='bbox 207 3958 358 4030; x_wconf 85' lang='lat' dir='ltr'><strong>gibus</strong></span> <span class='ocrx_word' id='word_1_322' title='bbox 374 3967 500 4014; x_wconf 90' lang='lat' dir='ltr'><strong>ante</strong></span> <span class='ocrx_word' id='word_1_323' title='bbox 538 3959 851 4030; x_wconf 83' lang='lat' dir='ltr'><strong>peccatum?</strong></span> <span class='ocrx_word' id='word_1_324' title='bbox 898 3957 1091 4012; x_wconf 90' lang='lat' dir='ltr'><strong>ldeone</strong></span> <span class='ocrx_word' id='word_1_325' title='bbox 1113 3965 1167 4012; x_wconf 92' lang='lat' dir='ltr'><strong>tu</strong></span> <span class='ocrx_word' id='word_1_326' title='bbox 1196 3972 1299 4010; x_wconf 91' lang='lat' dir='ltr'><strong>non</strong></span> <span class='ocrx_word' id='word_1_327' title='bbox 1328 3955 1379 4010; x_wconf 90' lang='lat' dir='ltr'><strong>in</strong></span> <span class='ocrx_word' id='word_1_328' title='bbox 1398 3971 1554 4012; x_wconf 80' lang='lat' dir='ltr'><strong>coeno</strong></span> <span class='ocrx_word' id='word_1_329' title='bbox 1578 3956 1804 4012; x_wconf 87' lang='lat' dir='ltr'><strong>abscon-</strong></span> 
     </span>
    </p>
   </div>
   <div class='ocr_carea' id='block_1_39' title="bbox 147 4047 1804 4120">
    <p class='ocr_par' dir='ltr' id='par_1_39' title="bbox 147 4047 1804 4120">
     <span class='ocr_line' id='line_1_39' title="bbox 147 4047 1804 4120; baseline 0.002 -19"><span class='ocrx_word' id='word_1_330' title='bbox 147 4069 162 4086; x_wconf 83' lang='lat'><strong>-</strong></span> <span class='ocrx_word' id='word_1_331' title='bbox 208 4047 348 4104; x_wconf 89' lang='lat' dir='ltr'><strong>ditus</strong></span> <span class='ocrx_word' id='word_1_332' title='bbox 375 4049 588 4114; x_wconf 89' lang='lat' dir='ltr'><strong>latitas,</strong></span> <span class='ocrx_word' id='word_1_333' title='bbox 613 4049 734 4120; x_wconf 89' lang='lat' dir='ltr'><strong>quia</strong></span> <span class='ocrx_word' id='word_1_334' title='bbox 757 4051 776 4081; x_wconf 86' lang='grc'>²</span> <span class='ocrx_word' id='word_1_335' title='bbox 807 4049 1024 4104; x_wconf 90' lang='lat' dir='ltr'><strong>libidine</strong></span> <span class='ocrx_word' id='word_1_336' title='bbox 1051 4049 1226 4106; x_wconf 86' lang='lat' dir='ltr'><strong>carnis</strong></span> <span class='ocrx_word' id='word_1_337' title='bbox 1251 4059 1304 4104; x_wconf 90' lang='lat' dir='ltr'><strong>et</strong></span> <span class='ocrx_word' id='word_1_338' title='bbox 1339 4049 1611 4120; x_wconf 86' lang='lat' dir='ltr'><strong>sanguinis</strong></span> <span class='ocrx_word' id='word_1_339' title='bbox 1649 4049 1804 4120; x_wconf 89' lang='lat' dir='ltr'><strong>quasi</strong></span> 
     </span>
    </p>
   </div>
   <div class='ocr_carea' id='block_1_40' title="bbox 207 4125 1803 4212">
    <p class='ocr_par' dir='ltr' id='par_1_40' title="bbox 207 4125 1803 4212">
     <span class='ocr_line' id='line_1_40' title="bbox 207 4125 1803 4212; baseline 0 -18"><span class='ocrx_word' id='word_1_340' title='bbox 207 4141 436 4212; x_wconf 86' lang='lat' dir='ltr'><strong>paradisi</strong></span> <span class='ocrx_word' id='word_1_341' title='bbox 461 4141 592 4196; x_wconf 84' lang='lat' dir='ltr'><strong>ﬂore</strong></span> <span class='ocrx_word' id='word_1_342' title='bbox 611 4155 767 4196; x_wconf 91' lang='lat' dir='ltr'><strong>roseo</strong></span> <span class='ocrx_word' id='word_1_343' title='bbox 793 4150 841 4196; x_wconf 90' lang='lat' dir='ltr'><strong>te</strong></span> <span class='ocrx_word' id='word_1_344' title='bbox 866 4156 1094 4196; x_wconf 87' lang='lat' dir='ltr'><strong>coronas</strong></span> <span class='ocrx_word' id='word_1_345' title='bbox 1119 4182 1134 4208; x_wconf 94' lang='lat'><strong>,</strong></span> <span class='ocrx_word' id='word_1_346' title='bbox 1175 4147 1230 4195; x_wconf 90' lang='lat' dir='ltr'><strong>et</strong></span> <span class='ocrx_word' id='word_1_347' title='bbox 1277 4148 1526 4210; x_wconf 90' lang='lat' dir='ltr'><strong>tanquam</strong></span> <span class='ocrx_word' id='word_1_348' title='bbox 1573 4125 1803 4196; x_wconf 86' lang='lat' dir='ltr'><strong>libenter</strong></span> 
     </span>
    </p>
   </div>
   <div class='ocr_carea' id='block_1_41' title="bbox 207 4233 1518 4314">
    <p class='ocr_par' dir='ltr' id='par_1_41' title="bbox 207 4233 1518 4314">
     <span class='ocr_line' id='line_1_41' title="bbox 207 4233 1518 4314; baseline -0.001 -25"><span class='ocrx_word' id='word_1_349' title='bbox 207 4235 294 4289; x_wconf 84' lang='lat' dir='ltr'><strong>tali</strong></span> <span class='ocrx_word' id='word_1_350' title='bbox 315 4235 497 4290; x_wconf 89' lang='lat' dir='ltr'><strong>colore</strong></span> <span class='ocrx_word' id='word_1_351' title='bbox 537 4233 776 4306; x_wconf 88' lang='lat' dir='ltr'><strong>perfusus</strong></span> <span class='ocrx_word' id='word_1_352' title='bbox 794 4275 814 4304; x_wconf 91' lang='lat'><strong>,</strong></span> <span class='ocrx_word' id='word_1_353' title='bbox 842 4245 894 4290; x_wconf 91' lang='lat' dir='ltr'><strong>et</strong></span> <span class='ocrx_word' id='word_1_354' title='bbox 923 4235 1191 4314; x_wconf 80' lang='lat' dir='ltr'><strong>erubescis</strong></span> <span class='ocrx_word' id='word_1_355' title='bbox 1218 4242 1272 4290; x_wconf 90' lang='lat' dir='ltr'><strong>et</strong></span> <span class='ocrx_word' id='word_1_356' title='bbox 1297 4233 1518 4290; x_wconf 82' lang='lat' dir='ltr'><strong>laudas?</strong></span> 
     </span>
    </p>
   </div>
   <div class='ocr_carea' id='block_1_42' title="bbox 271 4325 1798 4398">
    <p class='ocr_par' dir='ltr' id='par_1_42' title="bbox 271 4325 1798 4398">
     <span class='ocr_line' id='line_1_42' title="bbox 271 4325 1798 4398; baseline 0 -16"><span class='ocrx_word' id='word_1_357' title='bbox 271 4327 502 4386; x_wconf 80' lang='lat' dir='ltr'><strong>CAPUT</strong></span> <span class='ocrx_word' id='word_1_358' title='bbox 519 4325 609 4382; x_wconf 83' lang='lat' dir='ltr'><strong>XI.</strong></span> <span class='ocrx_word' id='word_1_359' title='bbox 631 4357 703 4368; x_wconf 92' lang='lat'>—</span> <span class='ocrx_word' id='word_1_360' title='bbox 727 4327 814 4383; x_wconf 82' lang='lat'><strong>57.</strong></span> <span class='ocrx_word' id='word_1_361' title='bbox 844 4327 1000 4396; x_wconf 88' lang='lat' dir='ltr'><strong>Quid,</strong></span> <span class='ocrx_word' id='word_1_362' title='bbox 1017 4326 1156 4398; x_wconf 87' lang='lat' dir='ltr'><strong>quod</strong></span> <span class='ocrx_word' id='word_1_363' title='bbox 1177 4335 1226 4382; x_wconf 90' lang='lat' dir='ltr'><strong>te</strong></span> <span class='ocrx_word' id='word_1_364' title='bbox 1246 4335 1446 4380; x_wconf 88' lang='lat' dir='ltr'><strong>tantum</strong></span> <span class='ocrx_word' id='word_1_365' title='bbox 1465 4325 1694 4382; x_wconf 88' lang='lat' dir='ltr'><strong>delectat</strong></span> <span class='ocrx_word' id='word_1_366' title='bbox 1711 4326 1798 4382; x_wconf 92' lang='lat' dir='ltr'><strong>lo-</strong></span> 
     </span>
    </p>
   </div>
   <div class='ocr_carea' id='block_1_43' title="bbox 207 4417 1792 4492">
    <p class='ocr_par' dir='ltr' id='par_1_43' title="bbox 207 4417 1792 4492">
     <span class='ocr_line' id='line_1_43' title="bbox 207 4417 1792 4492; baseline 0.001 -20"><span class='ocrx_word' id='word_1_367' title='bbox 207 4417 316 4492; x_wconf 88' lang='lat' dir='ltr'><strong>qui,</strong></span> <span class='ocrx_word' id='word_1_368' title='bbox 349 4427 409 4474; x_wconf 91' lang='lat' dir='ltr'><strong>ut</strong></span> <span class='ocrx_word' id='word_1_369' title='bbox 438 4419 579 4492; x_wconf 91' lang='lat' dir='ltr'><strong>quod</strong></span> <span class='ocrx_word' id='word_1_370' title='bbox 611 4417 928 4474; x_wconf 87' lang='lat' dir='ltr'><strong>confitemur</strong></span> <span class='ocrx_word' id='word_1_371' title='bbox 962 4427 1017 4474; x_wconf 93' lang='lat' dir='ltr'><strong>et</strong></span> <span class='ocrx_word' id='word_1_372' title='bbox 1045 4417 1316 4480; x_wconf 86' lang='lat' dir='ltr'><strong>docemus,</strong></span> <span class='ocrx_word' id='word_1_373' title='bbox 1350 4427 1599 4488; x_wconf 86' lang='lat' dir='ltr'><strong>tanquam</strong></span> <span class='ocrx_word' id='word_1_374' title='bbox 1625 4434 1792 4488; x_wconf 85' lang='lat' dir='ltr'><strong>nege-</strong></span> 
     </span>
    </p>
   </div>
   <div class='ocr_carea' id='block_1_44' title="bbox 206 4508 1798 4580">
    <p class='ocr_par' dir='ltr' id='par_1_44' title="bbox 206 4508 1798 4580">
     <span class='ocr_line' id='line_1_44' title="bbox 206 4508 1798 4580; baseline -0.001 -16"><span class='ocrx_word' id='word_1_375' title='bbox 206 4524 340 4578; x_wconf 89' lang='lat' dir='ltr'><strong>mus,</strong></span> <span class='ocrx_word' id='word_1_376' title='bbox 366 4508 636 4578; x_wconf 86' lang='lat' dir='ltr'><strong>superllua</strong></span> <span class='ocrx_word' id='word_1_377' title='bbox 667 4510 970 4580; x_wconf 82' lang='lat' dir='ltr'><strong>prolixitate</strong></span> <span class='ocrx_word' id='word_1_378' title='bbox 997 4509 1261 4566; x_wconf 90' lang='lat' dir='ltr'><strong>sermonis</strong></span> <span class='ocrx_word' id='word_1_379' title='bbox 1289 4511 1516 4580; x_wconf 87' lang='lat' dir='ltr'><strong>probare</strong></span> <span class='ocrx_word' id='word_1_380' title='bbox 1545 4509 1798 4564; x_wconf 81' lang='lat' dir='ltr'><strong>coneris?</strong></span> 
     </span>
    </p>
   </div>
   <div class='ocr_carea' id='block_1_45' title="bbox 207 4599 1792 4672">
    <p class='ocr_par' dir='ltr' id='par_1_45' title="bbox 207 4599 1792 4672">
     <span class='ocr_line' id='line_1_45' title="bbox 207 4599 1792 4672; baseline 0.001 -16"><span class='ocrx_word' id='word_1_381' title='bbox 207 4599 330 4670; x_wconf 85' lang='lat' dir='ltr'><strong>Quis</strong></span> <span class='ocrx_word' id='word_1_382' title='bbox 359 4603 506 4656; x_wconf 88' lang='lat' dir='ltr'><strong>enim</strong></span> <span class='ocrx_word' id='word_1_383' title='bbox 535 4611 692 4672; x_wconf 81' lang='lat' dir='ltr'><strong>negat</strong></span> <span class='ocrx_word' id='word_1_384' title='bbox 721 4599 958 4656; x_wconf 84' lang='lat' dir='ltr'><strong>futurum</strong></span> <span class='ocrx_word' id='word_1_385' title='bbox 996 4600 1159 4655; x_wconf 90' lang='lat' dir='ltr'><strong>fuisse</strong></span> <span class='ocrx_word' id='word_1_386' title='bbox 1189 4600 1550 4670; x_wconf 88' lang='lat' dir='ltr'><strong>concubitum,</strong></span> <span class='ocrx_word' id='word_1_387' title='bbox 1582 4602 1792 4657; x_wconf 89' lang='lat' dir='ltr'><strong>etiamsi</strong></span> 
     </span>
    </p>
   </div>
   <div class='ocr_carea' id='block_1_46' title="bbox 206 4690 1794 4762">
    <p class='ocr_par' dir='ltr' id='par_1_46' title="bbox 206 4690 1794 4762">
     <span class='ocr_line' id='line_1_46' title="bbox 206 4690 1794 4762; baseline 0.003 -16"><span class='ocrx_word' id='word_1_388' title='bbox 206 4701 481 4762; x_wconf 88' lang='lat' dir='ltr'><strong>peccatum</strong></span> <span class='ocrx_word' id='word_1_389' title='bbox 507 4708 610 4746; x_wconf 90' lang='lat' dir='ltr'><strong>non</strong></span> <span class='ocrx_word' id='word_1_390' title='bbox 643 4691 1040 4762; x_wconf 70' lang='lat' dir='ltr'><strong>prmcessisset?</strong></span> <span class='ocrx_word' id='word_1_391' title='bbox 1072 4691 1176 4748; x_wconf 88' lang='lat' dir='ltr'><strong>Sed</strong></span> <span class='ocrx_word' id='word_1_392' title='bbox 1199 4691 1405 4746; x_wconf 87' lang='lat' dir='ltr'><strong>futurus</strong></span> <span class='ocrx_word' id='word_1_393' title='bbox 1426 4690 1621 4762; x_wconf 84' lang='lat' dir='ltr'><strong>fuerat,</strong></span> <span class='ocrx_word' id='word_1_394' title='bbox 1653 4694 1794 4750; x_wconf 89' lang='lat' dir='ltr'><strong>sicut</strong></span> 
     </span>
    </p>
   </div>
   <div class='ocr_carea' id='block_1_47' title="bbox 211 4782 1788 4856">
    <p class='ocr_par' dir='ltr' id='par_1_47' title="bbox 211 4782 1788 4856">
     <span class='ocr_line' id='line_1_47' title="bbox 211 4782 1788 4856; baseline 0.005 -21"><span class='ocrx_word' id='word_1_395' title='bbox 211 4782 318 4838; x_wconf 85' lang='lat' dir='ltr'><strong>aliis</strong></span> <span class='ocrx_word' id='word_1_396' title='bbox 345 4783 625 4854; x_wconf 85' lang='lat' dir='ltr'><strong>membris,</strong></span> <span class='ocrx_word' id='word_1_397' title='bbox 667 4785 736 4838; x_wconf 90' lang='lat' dir='ltr'><strong>ita</strong></span> <span class='ocrx_word' id='word_1_398' title='bbox 763 4785 920 4840; x_wconf 90' lang='lat' dir='ltr'><strong>etiam</strong></span> <span class='ocrx_word' id='word_1_399' title='bbox 948 4785 1268 4856; x_wconf 80' lang='lat' dir='ltr'><strong>genitalibus</strong></span> <span class='ocrx_word' id='word_1_400' title='bbox 1303 4785 1568 4842; x_wconf 86' lang='lat' dir='ltr'><strong>voluntate</strong></span> <span class='ocrx_word' id='word_1_401' title='bbox 1607 4789 1788 4855; x_wconf 85' lang='lat' dir='ltr'><strong>motis,</strong></span> 
     </span>
    </p>
   </div>
   <div class='ocr_carea' id='block_1_48' title="bbox 212 4875 1794 4947">
    <p class='ocr_par' dir='ltr' id='par_1_48' title="bbox 212 4875 1794 4947">
     <span class='ocr_line' id='line_1_48' title="bbox 212 4875 1794 4947; baseline 0.004 -21"><span class='ocrx_word' id='word_1_402' title='bbox 212 4889 306 4930; x_wconf 93' lang='lat' dir='ltr'><strong>non</strong></span> <span class='ocrx_word' id='word_1_403' title='bbox 339 4875 560 4930; x_wconf 86' lang='lat' dir='ltr'><strong>libidine</strong></span> <span class='ocrx_word' id='word_1_404' title='bbox 586 4876 892 4941; x_wconf 86' lang='lat' dir='ltr'><strong>concitatis;</strong></span> <span class='ocrx_word' id='word_1_405' title='bbox 941 4885 1032 4932; x_wconf 89' lang='lat' dir='ltr'><strong>aut</strong></span> <span class='ocrx_word' id='word_1_406' title='bbox 1056 4885 1200 4932; x_wconf 90' lang='lat' dir='ltr'><strong>certe</strong></span> <span class='ocrx_word' id='word_1_407' title='bbox 1239 4875 1396 4931; x_wconf 90' lang='lat' dir='ltr'><strong>etiam</strong></span> <span class='ocrx_word' id='word_1_408' title='bbox 1436 4877 1546 4947; x_wconf 91' lang='lat' dir='ltr'><strong>ipsa</strong></span> <span class='ocrx_word' id='word_1_409' title='bbox 1575 4877 1794 4933; x_wconf 90' lang='lat' dir='ltr'><strong>libidine</strong></span> 
     </span>
    </p>
   </div>
   <div class='ocr_carea' id='block_1_49' title="bbox 216 4955 1791 5040">
    <p class='ocr_par' dir='ltr' id='par_1_49' title="bbox 216 4955 1791 5040">
     <span class='ocr_line' id='line_1_49' title="bbox 216 4955 1791 5040; baseline 0.001 -18"><span class='ocrx_word' id='word_1_410' title='bbox 216 4967 298 5040; x_wconf 94' lang='lat' dir='ltr'><strong>(ut</strong></span> <span class='ocrx_word' id='word_1_411' title='bbox 325 4985 436 5024; x_wconf 85' lang='lat' dir='ltr'><strong>non</strong></span> <span class='ocrx_word' id='word_1_412' title='bbox 459 4984 556 5023; x_wconf 91' lang='lat' dir='ltr'><strong>vos</strong></span> <span class='ocrx_word' id='word_1_413' title='bbox 585 4967 650 5022; x_wconf 91' lang='lat' dir='ltr'><strong>de</strong></span> <span class='ocrx_word' id='word_1_414' title='bbox 679 4969 765 5022; x_wconf 89' lang='lat' dir='ltr'><strong>illa</strong></span> <span class='ocrx_word' id='word_1_415' title='bbox 797 4969 1016 5022; x_wconf 89' lang='lat' dir='ltr'><strong>nimium</strong></span> <span class='ocrx_word' id='word_1_416' title='bbox 1047 4955 1482 5040; x_wconf 86' lang='lat' dir='ltr'><strong>contristemus),</strong></span> <span class='ocrx_word' id='word_1_417' title='bbox 1523 4985 1626 5024; x_wconf 91' lang='lat' dir='ltr'><strong>non</strong></span> <span class='ocrx_word' id='word_1_418' title='bbox 1657 4987 1791 5040; x_wconf 90' lang='lat' dir='ltr'><strong>qua-</strong></span> 
     </span>
    </p>
   </div>
   <div class='ocr_carea' id='block_1_50' title="bbox 211 5059 1788 5128">
    <p class='ocr_par' dir='ltr' id='par_1_50' title="bbox 211 5059 1788 5128">
     <span class='ocr_line' id='line_1_50' title="bbox 211 5059 1788 5128; baseline 0.002 -15"><span class='ocrx_word' id='word_1_419' title='bbox 211 5059 269 5115; x_wconf 91' lang='lat' dir='ltr'><strong>lis</strong></span> <span class='ocrx_word' id='word_1_420' title='bbox 296 5075 438 5116; x_wconf 87' lang='lat' dir='ltr'><strong>nunc</strong></span> <span class='ocrx_word' id='word_1_421' title='bbox 463 5069 564 5128; x_wconf 82' lang='lat' dir='ltr'><strong>est,</strong></span> <span class='ocrx_word' id='word_1_422' title='bbox 598 5061 690 5116; x_wconf 89' lang='lat' dir='ltr'><strong>sed</strong></span> <span class='ocrx_word' id='word_1_423' title='bbox 739 5059 806 5114; x_wconf 93' lang='lat' dir='ltr'><strong>ad</strong></span> <span class='ocrx_word' id='word_1_424' title='bbox 855 5070 1038 5116; x_wconf 89' lang='lat' dir='ltr'><strong>nutum</strong></span> <span class='ocrx_word' id='word_1_425' title='bbox 1095 5060 1451 5114; x_wconf 89' lang='lat' dir='ltr'><strong>voluntarium</strong></span> <span class='ocrx_word' id='word_1_426' title='bbox 1498 5063 1788 5118; x_wconf 88' lang='lat' dir='ltr'><strong>serviente.</strong></span> 
     </span>
    </p>
   </div>
   <div class='ocr_carea' id='block_1_51' title="bbox 213 5151 1788 5226">
    <p class='ocr_par' dir='ltr' id='par_1_51' title="bbox 213 5151 1788 5226">
     <span class='ocr_line' id='line_1_51' title="bbox 213 5151 1788 5226; baseline 0.004 -19"><span class='ocrx_word' id='word_1_427' title='bbox 213 5151 402 5210; x_wconf 75' lang='lat' dir='ltr'><strong>Verum</strong></span> <span class='ocrx_word' id='word_1_428' title='bbox 431 5171 525 5209; x_wconf 85' lang='lat' dir='ltr'><strong>vos</strong></span> <span class='ocrx_word' id='word_1_429' title='bbox 549 5171 645 5226; x_wconf 90' lang='lat' dir='ltr'><strong>pro</strong></span> <span class='ocrx_word' id='word_1_430' title='bbox 671 5166 913 5224; x_wconf 89' lang='lat' dir='ltr'><strong>suscepta</strong></span> <span class='ocrx_word' id='word_1_431' title='bbox 935 5163 1109 5209; x_wconf 88' lang='lat' dir='ltr'><strong>vestra</strong></span> <span class='ocrx_word' id='word_1_432' title='bbox 1136 5163 1240 5210; x_wconf 88' lang='lat' dir='ltr'><strong>tam</strong></span> <span class='ocrx_word' id='word_1_433' title='bbox 1261 5156 1488 5212; x_wconf 84' lang='lat' dir='ltr'><strong>ﬁdeliter</strong></span> <span class='ocrx_word' id='word_1_434' title='bbox 1510 5157 1788 5226; x_wconf 85' lang='lat' dir='ltr'><strong>laboratis,</strong></span> 
     </span>
    </p>
   </div>
   <div class='ocr_carea' id='block_1_52' title="bbox 213 5247 1793 5318">
    <p class='ocr_par' dir='ltr' id='par_1_52' title="bbox 213 5247 1793 5318">
     <span class='ocr_line' id='line_1_52' title="bbox 213 5247 1793 5318; baseline 0.005 -19"><span class='ocrx_word' id='word_1_435' title='bbox 213 5254 262 5300; x_wconf 87' lang='lat' dir='ltr'><strong>ut</strong></span> <span class='ocrx_word' id='word_1_436' title='bbox 286 5247 390 5301; x_wconf 87' lang='lat' dir='ltr'><strong>vim</strong></span> <span class='ocrx_word' id='word_1_437' title='bbox 419 5247 714 5318; x_wconf 86' lang='lat' dir='ltr'><strong>patiamini,</strong></span> <span class='ocrx_word' id='word_1_438' title='bbox 753 5247 852 5301; x_wconf 89' lang='lat' dir='ltr'><strong>nisi</strong></span> <span class='ocrx_word' id='word_1_439' title='bbox 876 5263 992 5302; x_wconf 89' lang='lat' dir='ltr'><strong>eam</strong></span> <span class='ocrx_word' id='word_1_440' title='bbox 1019 5247 1188 5318; x_wconf 90' lang='lat' dir='ltr'><strong>qualis</strong></span> <span class='ocrx_word' id='word_1_441' title='bbox 1229 5264 1368 5304; x_wconf 91' lang='lat' dir='ltr'><strong>nunc</strong></span> <span class='ocrx_word' id='word_1_442' title='bbox 1397 5259 1508 5317; x_wconf 88' lang='lat' dir='ltr'><strong>est,</strong></span> <span class='ocrx_word' id='word_1_443' title='bbox 1537 5251 1698 5306; x_wconf 88' lang='lat' dir='ltr'><strong>etiam</strong></span> <span class='ocrx_word' id='word_1_444' title='bbox 1741 5253 1793 5307; x_wconf 91' lang='lat' dir='ltr'><strong>in</strong></span> 
     </span>
    </p>
   </div>
   <div class='ocr_carea' id='block_1_53' title="bbox 215 5337 1792 5410">
    <p class='ocr_par' dir='ltr' id='par_1_53' title="bbox 215 5337 1792 5410">
     <span class='ocr_line' id='line_1_53' title="bbox 215 5337 1792 5410; baseline 0.006 -20"><span class='ocrx_word' id='word_1_445' title='bbox 215 5339 449 5407; x_wconf 87' lang='lat' dir='ltr'><strong>paradiso</strong></span> <span class='ocrx_word' id='word_1_446' title='bbox 469 5337 776 5408; x_wconf 88' lang='lat' dir='ltr'><strong>collocetis;</strong></span> <span class='ocrx_word' id='word_1_447' title='bbox 806 5353 912 5393; x_wconf 93' lang='lat' dir='ltr'><strong>non</strong></span> <span class='ocrx_word' id='word_1_448' title='bbox 942 5340 1010 5394; x_wconf 92' lang='lat' dir='ltr'><strong>ibi</strong></span> <span class='ocrx_word' id='word_1_449' title='bbox 1034 5341 1101 5396; x_wconf 90' lang='lat' dir='ltr'><strong>de</strong></span> <span class='ocrx_word' id='word_1_450' title='bbox 1133 5352 1350 5410; x_wconf 89' lang='lat' dir='ltr'><strong>peccato</strong></span> <span class='ocrx_word' id='word_1_451' title='bbox 1374 5342 1611 5398; x_wconf 89' lang='lat' dir='ltr'><strong>dicentes</strong></span> <span class='ocrx_word' id='word_1_452' title='bbox 1635 5345 1792 5400; x_wconf 87' lang='lat' dir='ltr'><strong>talem</strong></span> 
     </span>
    </p>
   </div>
   <div class='ocr_carea' id='block_1_54' title="bbox 214 5427 1791 5505">
    <p class='ocr_par' dir='ltr' id='par_1_54' title="bbox 214 5427 1791 5505">
     <span class='ocr_line' id='line_1_54' title="bbox 214 5427 1791 5505; baseline 0.008 -23"><span class='ocrx_word' id='word_1_453' title='bbox 214 5427 418 5499; x_wconf 87' lang='lat' dir='ltr'><strong>factam,</strong></span> <span class='ocrx_word' id='word_1_454' title='bbox 460 5432 554 5488; x_wconf 87' lang='lat' dir='ltr'><strong>sed</strong></span> <span class='ocrx_word' id='word_1_455' title='bbox 598 5433 755 5488; x_wconf 88' lang='lat' dir='ltr'><strong>talem</strong></span> <span class='ocrx_word' id='word_1_456' title='bbox 783 5433 928 5490; x_wconf 91' lang='lat' dir='ltr'><strong>nullo</strong></span> <span class='ocrx_word' id='word_1_457' title='bbox 955 5443 1210 5504; x_wconf 87' lang='lat' dir='ltr'><strong>peccante</strong></span> <span class='ocrx_word' id='word_1_458' title='bbox 1259 5435 1420 5492; x_wconf 86' lang='lat' dir='ltr'><strong>fuisse</strong></span> <span class='ocrx_word' id='word_1_459' title='bbox 1463 5451 1791 5505; x_wconf 87' lang='lat' dir='ltr'><strong>mansuram,</strong></span> 
     </span>
    </p>
   </div>
   <div class='ocr_carea' id='block_1_55' title="bbox 216 5529 1788 5602">
    <p class='ocr_par' dir='ltr' id='par_1_55' title="bbox 216 5529 1788 5602">
     <span class='ocr_line' id='line_1_55' title="bbox 216 5529 1788 5602; baseline 0.005 -21"><span class='ocrx_word' id='word_1_460' title='bbox 216 5539 330 5582; x_wconf 87' lang='lat' dir='ltr'><strong>cum</strong></span> <span class='ocrx_word' id='word_1_461' title='bbox 349 5544 451 5599; x_wconf 88' lang='lat' dir='ltr'><strong>qua</strong></span> <span class='ocrx_word' id='word_1_462' title='bbox 479 5529 531 5582; x_wconf 95' lang='lat' dir='ltr'><strong>in</strong></span> <span class='ocrx_word' id='word_1_463' title='bbox 567 5529 650 5582; x_wconf 89' lang='lat' dir='ltr'><strong>illa</strong></span> <span class='ocrx_word' id='word_1_464' title='bbox 677 5543 810 5600; x_wconf 87' lang='lat' dir='ltr'><strong>pace</strong></span> <span class='ocrx_word' id='word_1_465' title='bbox 834 5529 1199 5599; x_wconf 89' lang='lat' dir='ltr'><strong>dimicaretur,</strong></span> <span class='ocrx_word' id='word_1_466' title='bbox 1219 5541 1308 5586; x_wconf 90' lang='lat' dir='ltr'><strong>aut</strong></span> <span class='ocrx_word' id='word_1_467' title='bbox 1331 5547 1400 5588; x_wconf 91' lang='lat' dir='ltr'><strong>ne</strong></span> <span class='ocrx_word' id='word_1_468' title='bbox 1425 5531 1788 5602; x_wconf 86' lang='lat' dir='ltr'><strong>dimicaretur,</strong></span> 
     </span>
    </p>
   </div>
   <div class='ocr_carea' id='block_1_56' title="bbox 216 5620 1791 5695">
    <p class='ocr_par' dir='ltr' id='par_1_56' title="bbox 216 5620 1791 5695">
     <span class='ocr_line' id='line_1_56' title="bbox 216 5620 1791 5695; baseline 0.004 -23"><span class='ocrx_word' id='word_1_469' title='bbox 216 5620 648 5691; x_wconf 83' lang='lat' dir='ltr'><strong>quotiescumque</strong></span> <span class='ocrx_word' id='word_1_470' title='bbox 683 5630 926 5692; x_wconf 80' lang='lat' dir='ltr'><strong>surgeret</strong></span> <span class='ocrx_word' id='word_1_471' title='bbox 961 5622 1284 5692; x_wconf 75' lang='lat' dir='ltr'><strong>expleretur.</strong></span> <span class='ocrx_word' id='word_1_472' title='bbox 1311 5621 1356 5679; x_wconf 87' lang='grc' dir='ltr'><strong>Ο</strong></span> <span class='ocrx_word' id='word_1_473' title='bbox 1389 5632 1602 5680; x_wconf 89' lang='lat' dir='ltr'><strong>sanctas</strong></span> <span class='ocrx_word' id='word_1_474' title='bbox 1633 5639 1791 5695; x_wconf 84' lang='lat' dir='ltr'><strong>para-</strong></span> 
     </span>
    </p>
   </div>
   <div class='ocr_carea' id='block_1_57' title="bbox 217 5709 1794 5792">
    <p class='ocr_par' dir='ltr' id='par_1_57' title="bbox 217 5709 1794 5792">
     <span class='ocr_line' id='line_1_57' title="bbox 217 5709 1794 5792; baseline 0.006 -26"><span class='ocrx_word' id='word_1_475' title='bbox 217 5709 312 5768; x_wconf 73' lang='lat' dir='ltr'><strong>disi</strong></span> <span class='ocrx_word' id='word_1_476' title='bbox 365 5713 616 5768; x_wconf 78' lang='lat' dir='ltr'><strong>delicias!</strong></span> <span class='ocrx_word' id='word_1_477' title='bbox 642 5713 688 5769; x_wconf 90' lang='lat'><strong>0</strong></span> <span class='ocrx_word' id='word_1_478' title='bbox 731 5714 960 5772; x_wconf 76' lang='lat' dir='ltr'><strong>frontem</strong></span> <span class='ocrx_word' id='word_1_479' title='bbox 1011 5717 1475 5789; x_wconf 87' lang='lat' dir='ltr'><strong>qualiumcumque</strong></span> <span class='ocrx_word' id='word_1_480' title='bbox 1515 5718 1794 5792; x_wconf 86' lang='lat' dir='ltr'><strong>episcopo-</strong></span> 
     </span>
    </p>
   </div>
   <div class='ocr_carea' id='block_1_58' title="bbox 275 5843 1694 5942">
    <p class='ocr_par' dir='ltr' id='par_1_58' title="bbox 275 5869 1694 5942">
     <span class='ocr_line' id='line_1_58' title="bbox 275 5869 1694 5942; baseline 0.007 -22"><span class='ocrx_word' id='word_1_481' title='bbox 275 5869 293 5942; x_wconf 66' lang='grc' dir='ltr'><strong>ξ</strong></span> <span class='ocrx_word' id='word_1_482' title='bbox 315 5875 390 5942; x_wconf 79' lang='lat' dir='ltr'><strong>_Er.</strong></span> <span class='ocrx_word' id='word_1_483' title='bbox 411 5877 466 5922; x_wconf 88' lang='lat' dir='ltr'><strong>et</strong></span> <span class='ocrx_word' id='word_1_484' title='bbox 485 5877 637 5942; x_wconf 38' lang='lat' dir='ltr'><strong>Iov.)</strong></span> <span class='ocrx_word' id='word_1_485' title='bbox 668 5873 756 5942; x_wconf 13' lang='lat' dir='ltr'><strong>Vvet</strong></span> <span class='ocrx_word' id='word_1_486' title='bbox 777 5874 920 5942; x_wconf 55' lang='lat' dir='ltr'><strong>quod</strong></span> <span class='ocrx_word' id='word_1_487' title='bbox 970 5879 1024 5942; x_wconf 67' lang='lat' dir='ltr'><strong>tu</strong></span> <span class='ocrx_word' id='word_1_488' title='bbox 1060 5875 1308 5940; x_wconf 69' lang='lat' dir='ltr'><strong>queraris;</strong></span> <span class='ocrx_word' id='word_1_489' title='bbox 1348 5877 1552 5942; x_wconf 84' lang='lat' dir='ltr'><strong>omisso,</strong></span> <span class='ocrx_word' id='word_1_490' title='bbox 1575 5889 1694 5930; x_wconf 79' lang='lat' dir='ltr'><strong>esse.</strong></span> 
     </span>
    </p>
   </div>
   <div class='ocr_carea' id='block_1_59' title="bbox 276 5931 1216 6000">
    <p class='ocr_par' dir='ltr' id='par_1_59' title="bbox 276 5931 1216 6000">
     <span class='ocr_line' id='line_1_59' title="bbox 276 5931 1216 6000; baseline 0.002 -16"><span class='ocrx_word' id='word_1_491' title='bbox 276 5931 298 5964; x_wconf 84' lang='grc'><strong>¹¹</strong></span> <span class='ocrx_word' id='word_1_492' title='bbox 313 5938 442 5998; x_wconf 67' lang='grc' dir='ltr'><strong>ωι,</strong></span> <span class='ocrx_word' id='word_1_493' title='bbox 459 5931 560 5998; x_wconf 70' lang='lat' dir='ltr'><strong>qui.</strong></span> <span class='ocrx_word' id='word_1_494' title='bbox 585 5931 754 5986; x_wconf 58' lang='lat' dir='ltr'><strong>caeteri</strong></span> <span class='ocrx_word' id='word_1_495' title='bbox 777 5931 906 5999; x_wconf 83' lang='lat' dir='ltr'><strong>libri,</strong></span> <span class='ocrx_word' id='word_1_496' title='bbox 929 5931 1083 6000; x_wconf 76' lang='lat' dir='ltr'><strong>quia.&#39;</strong></span> <span class='ocrx_word' id='word_1_497' title='bbox 1213 5955 1216 5964; x_wconf 87' lang='lat'><strong><em>-</em></strong></span> 
     </span>
    </p>
   </div>
   <div class='ocr_carea' id='block_1_60' title="bbox 1525 423 2108 496">
    <p class='ocr_par' dir='ltr' id='par_1_60' title="bbox 1525 423 2108 496">
     <span class='ocr_line' id='line_1_60' title="bbox 1525 423 2108 496; baseline -0.009 -10"><span class='ocrx_word' id='word_1_498' title='bbox 1525 427 1729 486; x_wconf 80' lang='lat' dir='ltr'><strong>LIBER</strong></span> <span class='ocrx_word' id='word_1_499' title='bbox 1763 423 2108 496; x_wconf 80' lang='lat' dir='ltr'><strong>QUARTUS.</strong></span> 
     </span>
    </p>
   </div>
   <div class='ocr_carea' id='block_1_61' title="bbox 3381 431 3491 492">
    <p class='ocr_par' dir='ltr' id='par_1_61' title="bbox 3381 431 3491 492">
     <span class='ocr_line' id='line_1_61' title="bbox 3381 431 3491 492; baseline 0 0"><span class='ocrx_word' id='word_1_500' title='bbox 3381 431 3491 492; x_wconf 75' lang='lat'><strong>766</strong></span> 
     </span>
    </p>
   </div>
   <div class='ocr_carea' id='block_1_62' title="bbox 1919 541 3190 620">
    <p class='ocr_par' dir='ltr' id='par_1_62' title="bbox 1919 541 3190 620">
     <span class='ocr_line' id='line_1_62' title="bbox 1919 541 3190 620; baseline 0.006 -22"><span class='ocrx_word' id='word_1_501' title='bbox 1919 543 2068 598; x_wconf 90' lang='lat' dir='ltr'><strong>rum!</strong></span> <span class='ocrx_word' id='word_1_502' title='bbox 2102 541 2144 598; x_wconf 92' lang='grc' dir='ltr'><strong>Ο</strong></span> <span class='ocrx_word' id='word_1_503' title='bbox 2174 543 2330 599; x_wconf 83' lang='lat' dir='ltr'><strong>fidem</strong></span> <span class='ocrx_word' id='word_1_504' title='bbox 2359 545 2822 620; x_wconf 83' lang='lat' dir='ltr'><strong>qualiumcumque</strong></span> <span class='ocrx_word' id='word_1_505' title='bbox 2848 553 3114 606; x_wconf 86' lang='lat' dir='ltr'><strong>castorum</strong></span> <span class='ocrx_word' id='word_1_506' title='bbox 3134 548 3190 606; x_wconf 78' lang='grc' dir='ltr'><strong>ιι</strong></span> 
     </span>
    </p>
   </div>
   <div class='ocr_carea' id='block_1_63' title="bbox 1984 635 3494 714">
    <p class='ocr_par' dir='ltr' id='par_1_63' title="bbox 1984 635 3494 714">
     <span class='ocr_line' id='line_1_63' title="bbox 1984 635 3494 714; baseline 0.007 -22"><span class='ocrx_word' id='word_1_507' title='bbox 1984 635 2206 694; x_wconf 79' lang='lat' dir='ltr'><strong>CAPUT</strong></span> <span class='ocrx_word' id='word_1_508' title='bbox 2245 637 2359 692; x_wconf 77' lang='lat' dir='ltr'><strong>Xll.</strong></span> <span class='ocrx_word' id='word_1_509' title='bbox 2391 668 2460 678; x_wconf 96' lang='lat'><strong><em>—</em></strong></span> <span class='ocrx_word' id='word_1_510' title='bbox 2499 639 2588 696; x_wconf 87' lang='grc'><strong>58.</strong></span> <span class='ocrx_word' id='word_1_511' title='bbox 2642 639 2746 696; x_wconf 88' lang='lat' dir='ltr'><strong>Sed</strong></span> <span class='ocrx_word' id='word_1_512' title='bbox 2795 643 2980 698; x_wconf 88' lang='lat' dir='ltr'><strong>volens</strong></span> <span class='ocrx_word' id='word_1_513' title='bbox 3026 642 3333 714; x_wconf 88' lang='lat' dir='ltr'><strong>ostendere,</strong></span> <span class='ocrx_word' id='word_1_514' title='bbox 3383 657 3494 702; x_wconf 88' lang='lat' dir='ltr'><strong>non</strong></span> 
     </span>
    </p>
   </div>
   <div class='ocr_carea' id='block_1_64' title="bbox 1913 731 3496 810">
    <p class='ocr_par' dir='ltr' id='par_1_64' title="bbox 1913 731 3496 810">
     <span class='ocr_line' id='line_1_64' title="bbox 1913 731 3496 810; baseline 0.005 -22"><span class='ocrx_word' id='word_1_515' title='bbox 1913 731 2090 788; x_wconf 90' lang='lat' dir='ltr'><strong>omnia</strong></span> <span class='ocrx_word' id='word_1_516' title='bbox 2115 747 2233 804; x_wconf 64' lang='lat' dir='ltr'><strong>qua:</strong></span> <span class='ocrx_word' id='word_1_517' title='bbox 2277 741 2544 804; x_wconf 80' lang='lat' dir='ltr'><strong>teguntur,</strong></span> <span class='ocrx_word' id='word_1_518' title='bbox 2575 749 2640 788; x_wconf 79' lang='lat' dir='ltr'><strong>ex</strong></span> <span class='ocrx_word' id='word_1_519' title='bbox 2677 745 2896 806; x_wconf 89' lang='lat' dir='ltr'><strong>peccato</strong></span> <span class='ocrx_word' id='word_1_520' title='bbox 2931 737 3291 794; x_wconf 89' lang='lat' dir='ltr'><strong>erubescenda</strong></span> <span class='ocrx_word' id='word_1_521' title='bbox 3319 739 3496 810; x_wconf 85' lang='lat' dir='ltr'><strong>putari</strong></span> 
     </span>
    </p>
   </div>
   <div class='ocr_carea' id='block_1_65' title="bbox 1859 827 3496 902">
    <p class='ocr_par' dir='ltr' id='par_1_65' title="bbox 1859 827 3496 902">
     <span class='ocr_line' id='line_1_65' title="bbox 1859 827 3496 902; baseline 0.002 -18"><span class='ocrx_word' id='word_1_522' title='bbox 1859 891 1862 894; x_wconf 18' lang='grc' dir='ltr'><strong>Α</strong></span> <span class='ocrx_word' id='word_1_523' title='bbox 1913 835 2188 896; x_wconf 89' lang='lat' dir='ltr'><strong>Oportere,</strong></span> <span class='ocrx_word' id='word_1_524' title='bbox 2219 827 2441 882; x_wconf 90' lang='lat' dir='ltr'><strong>multum</strong></span> <span class='ocrx_word' id='word_1_525' title='bbox 2473 827 2700 884; x_wconf 91' lang='lat' dir='ltr'><strong>inaniter</strong></span> <span class='ocrx_word' id='word_1_526' title='bbox 2727 831 2890 884; x_wconf 90' lang='lat' dir='ltr'><strong>multa</strong></span> <span class='ocrx_word' id='word_1_527' title='bbox 2933 845 3346 900; x_wconf 87' lang='lat' dir='ltr'><strong>commemoras,</strong></span> <span class='ocrx_word' id='word_1_528' title='bbox 3374 847 3496 902; x_wconf 68' lang='lat' dir='ltr'><strong>quae</strong></span> 
     </span>
    </p>
   </div>
   <div class='ocr_carea' id='block_1_66' title="bbox 217 916 1860 992">
    <p class='ocr_par' dir='ltr' id='par_1_66' title="bbox 217 916 1860 992">
     <span class='ocr_line' id='line_1_66' title="bbox 217 916 1860 992; baseline -0.002 -16"><span class='ocrx_word' id='word_1_529' title='bbox 217 922 382 978; x_wconf 87' lang='lat' dir='ltr'><strong>imere</strong></span> <span class='ocrx_word' id='word_1_530' title='bbox 415 939 428 974; x_wconf 93' lang='lat'><strong>:</strong></span> <span class='ocrx_word' id='word_1_531' title='bbox 458 921 582 992; x_wconf 89' lang='lat' dir='ltr'><strong>quia</strong></span> <span class='ocrx_word' id='word_1_532' title='bbox 612 920 860 978; x_wconf 89' lang='lat' dir='ltr'><strong>videlicet</strong></span> <span class='ocrx_word' id='word_1_533' title='bbox 903 929 1080 992; x_wconf 87' lang='lat' dir='ltr'><strong>partes</strong></span> <span class='ocrx_word' id='word_1_534' title='bbox 1121 919 1492 990; x_wconf 79' lang='lat' dir='ltr'><strong>diSputationis</strong></span> <span class='ocrx_word' id='word_1_535' title='bbox 1526 925 1664 986; x_wconf 71' lang='lat' dir='ltr'><strong>tuae,</strong></span> <span class='ocrx_word' id='word_1_536' title='bbox 1695 916 1812 988; x_wconf 89' lang='lat' dir='ltr'><strong>qui-</strong></span> <span class='ocrx_word' id='word_1_537' title='bbox 1857 985 1860 988; x_wconf 8' lang='grc' dir='ltr'><strong><em>ἢ</em></strong></span> 
     </span>
    </p>
   </div>
   <div class='ocr_carea' id='block_1_67' title="bbox 1915 921 3498 996">
    <p class='ocr_par' dir='ltr' id='par_1_67' title="bbox 1915 921 3498 996">
     <span class='ocr_line' id='line_1_67' title="bbox 1915 921 3498 996; baseline 0.003 -20"><span class='ocrx_word' id='word_1_538' title='bbox 1915 921 1967 976; x_wconf 91' lang='lat' dir='ltr'><strong>in</strong></span> <span class='ocrx_word' id='word_1_539' title='bbox 1993 929 2178 976; x_wconf 89' lang='lat' dir='ltr'><strong>nostro</strong></span> <span class='ocrx_word' id='word_1_540' title='bbox 2203 936 2427 992; x_wconf 90' lang='lat' dir='ltr'><strong>corpore</strong></span> <span class='ocrx_word' id='word_1_541' title='bbox 2453 921 2764 978; x_wconf 89' lang='lat' dir='ltr'><strong>naturaliter</strong></span> <span class='ocrx_word' id='word_1_542' title='bbox 2807 931 2946 979; x_wconf 89' lang='lat' dir='ltr'><strong>tecta</strong></span> <span class='ocrx_word' id='word_1_543' title='bbox 2985 931 3138 990; x_wconf 89' lang='lat' dir='ltr'><strong>sunt;</strong></span> <span class='ocrx_word' id='word_1_544' title='bbox 3179 924 3330 994; x_wconf 90' lang='lat' dir='ltr'><strong>quasi</strong></span> <span class='ocrx_word' id='word_1_545' title='bbox 3375 931 3498 996; x_wconf 88' lang='lat' dir='ltr'><strong>post</strong></span> 
     </span>
    </p>
   </div>
   <div class='ocr_carea' id='block_1_68' title="bbox 1914 1015 3497 1086">
    <p class='ocr_par' dir='ltr' id='par_1_68' title="bbox 1914 1015 3497 1086">
     <span class='ocr_line' id='line_1_68' title="bbox 1914 1015 3497 1086; baseline 0.002 -16"><span class='ocrx_word' id='word_1_546' title='bbox 1914 1023 2186 1086; x_wconf 89' lang='lat' dir='ltr'><strong>peccatum</strong></span> <span class='ocrx_word' id='word_1_547' title='bbox 2217 1023 2353 1070; x_wconf 90' lang='lat' dir='ltr'><strong>tecta</strong></span> <span class='ocrx_word' id='word_1_548' title='bbox 2377 1015 2503 1082; x_wconf 90' lang='lat' dir='ltr'><strong>sint,</strong></span> <span class='ocrx_word' id='word_1_549' title='bbox 2533 1015 2671 1070; x_wconf 89' lang='lat' dir='ltr'><strong>sicut</strong></span> <span class='ocrx_word' id='word_1_550' title='bbox 2691 1015 2766 1072; x_wconf 89' lang='lat' dir='ltr'><strong>illi</strong></span> <span class='ocrx_word' id='word_1_551' title='bbox 2789 1015 3048 1082; x_wconf 86' lang='lat' dir='ltr'><strong>homines,</strong></span> <span class='ocrx_word' id='word_1_552' title='bbox 3082 1015 3220 1072; x_wconf 90' lang='lat' dir='ltr'><strong>unde</strong></span> <span class='ocrx_word' id='word_1_553' title='bbox 3236 1017 3375 1072; x_wconf 90' lang='lat' dir='ltr'><strong>inter</strong></span> <span class='ocrx_word' id='word_1_554' title='bbox 3397 1031 3497 1073; x_wconf 90' lang='lat' dir='ltr'><strong>nos</strong></span> 
     </span>
    </p>
   </div>
   <div class='ocr_carea' id='block_1_69' title="bbox 1913 1108 3498 1188">
    <p class='ocr_par' dir='ltr' id='par_1_69' title="bbox 1913 1108 3498 1188">
     <span class='ocr_line' id='line_1_69' title="bbox 1913 1108 3498 1188; baseline 0.003 -26"><span class='ocrx_word' id='word_1_555' title='bbox 1913 1108 2136 1180; x_wconf 69' lang='lat' dir='ltr'><strong>quaestio</strong></span> <span class='ocrx_word' id='word_1_556' title='bbox 2151 1117 2251 1176; x_wconf 92' lang='lat' dir='ltr'><strong>est,</strong></span> <span class='ocrx_word' id='word_1_557' title='bbox 2281 1124 2398 1184; x_wconf 74' lang='lat' dir='ltr'><strong>qua:</strong></span> <span class='ocrx_word' id='word_1_558' title='bbox 2441 1117 2565 1164; x_wconf 88' lang='lat' dir='ltr'><strong>ante</strong></span> <span class='ocrx_word' id='word_1_559' title='bbox 2581 1117 2857 1188; x_wconf 76' lang='lat' dir='ltr'><strong>peccatum</strong></span> <span class='ocrx_word' id='word_1_560' title='bbox 2874 1123 2972 1164; x_wconf 91' lang='lat' dir='ltr'><strong>nec</strong></span> <span class='ocrx_word' id='word_1_561' title='bbox 2991 1109 3256 1182; x_wconf 88' lang='lat' dir='ltr'><strong>pudenda,</strong></span> <span class='ocrx_word' id='word_1_562' title='bbox 3285 1125 3384 1166; x_wconf 90' lang='lat' dir='ltr'><strong>nec</strong></span> <span class='ocrx_word' id='word_1_563' title='bbox 3415 1119 3498 1166; x_wconf 77' lang='lat' dir='ltr'><strong>te-</strong></span> 
     </span>
    </p>
   </div>
   <div class='ocr_carea' id='block_1_70' title="bbox 1913 1201 3498 1272">
    <p class='ocr_par' dir='ltr' id='par_1_70' title="bbox 1913 1201 3498 1272">
     <span class='ocr_line' id='line_1_70' title="bbox 1913 1201 3498 1272; baseline 0.001 -16"><span class='ocrx_word' id='word_1_564' title='bbox 1913 1210 1999 1256; x_wconf 88' lang='lat' dir='ltr'><strong>cta</strong></span> <span class='ocrx_word' id='word_1_565' title='bbox 2025 1201 2258 1266; x_wconf 81' lang='lat' dir='ltr'><strong>fuerant,</strong></span> <span class='ocrx_word' id='word_1_566' title='bbox 2293 1211 2414 1272; x_wconf 90' lang='lat' dir='ltr'><strong>post</strong></span> <span class='ocrx_word' id='word_1_567' title='bbox 2441 1211 2720 1272; x_wconf 88' lang='lat' dir='ltr'><strong>peceatum</strong></span> <span class='ocrx_word' id='word_1_568' title='bbox 2751 1202 2994 1272; x_wconf 84' lang='lat' dir='ltr'><strong>pudenda</strong></span> <span class='ocrx_word' id='word_1_569' title='bbox 3025 1209 3290 1258; x_wconf 81' lang='lat' dir='ltr'><strong>texerunt.</strong></span> <span class='ocrx_word' id='word_1_570' title='bbox 3327 1222 3346 1254; x_wconf 79' lang='grc' dir='ltr'><strong>ι</strong></span> <span class='ocrx_word' id='word_1_571' title='bbox 3373 1203 3498 1258; x_wconf 88' lang='lat' dir='ltr'><strong>Bal-</strong></span> 
     </span>
    </p>
   </div>
   <div class='ocr_carea' id='block_1_71' title="bbox 1914 1290 3498 1364">
    <p class='ocr_par' dir='ltr' id='par_1_71' title="bbox 1914 1290 3498 1364">
     <span class='ocr_line' id='line_1_71' title="bbox 1914 1290 3498 1364; baseline 0.001 -18"><span class='ocrx_word' id='word_1_572' title='bbox 1914 1290 2032 1358; x_wconf 90' lang='lat' dir='ltr'><strong>bus,</strong></span> <span class='ocrx_word' id='word_1_573' title='bbox 2065 1309 2083 1346; x_wconf 73' lang='lat' dir='ltr'><strong>i</strong></span> <span class='ocrx_word' id='word_1_574' title='bbox 2116 1291 2308 1362; x_wconf 90' lang='lat' dir='ltr'><strong>inquis,</strong></span> <span class='ocrx_word' id='word_1_575' title='bbox 2349 1311 2364 1344; x_wconf 76' lang='grc' dir='ltr'><strong>ι</strong></span> <span class='ocrx_word' id='word_1_576' title='bbox 2403 1293 2542 1362; x_wconf 90' lang='lat' dir='ltr'><strong>apud</strong></span> <span class='ocrx_word' id='word_1_577' title='bbox 2564 1292 2792 1348; x_wconf 88' lang='lat' dir='ltr'><strong>Tullium</strong></span> <span class='ocrx_word' id='word_1_578' title='bbox 2817 1307 2938 1348; x_wconf 91' lang='lat' dir='ltr'><strong>cum</strong></span> <span class='ocrx_word' id='word_1_579' title='bbox 2959 1292 3108 1348; x_wconf 89' lang='lat' dir='ltr'><strong>Cotta</strong></span> <span class='ocrx_word' id='word_1_580' title='bbox 3125 1307 3251 1348; x_wconf 90' lang='lat' dir='ltr'><strong>vere</strong></span> <span class='ocrx_word' id='word_1_581' title='bbox 3273 1292 3498 1364; x_wconf 86' lang='lat' dir='ltr'><strong>diligen-</strong></span> 
     </span>
    </p>
   </div>
   <div class='ocr_carea' id='block_1_72' title="bbox 1915 1383 3500 1458">
    <p class='ocr_par' dir='ltr' id='par_1_72' title="bbox 1915 1383 3500 1458">
     <span class='ocr_line' id='line_1_72' title="bbox 1915 1383 3500 1458; baseline 0.003 -20"><span class='ocrx_word' id='word_1_582' title='bbox 1915 1391 2098 1454; x_wconf 86' lang='lat' dir='ltr'><strong>terque</strong></span> <span class='ocrx_word' id='word_1_583' title='bbox 2121 1383 2371 1440; x_wconf 87' lang='lat' dir='ltr'><strong>disseruit</strong></span> <span class='ocrx_word' id='word_1_584' title='bbox 2407 1403 2424 1438; x_wconf 75' lang='grc' dir='ltr'><strong>ι</strong></span> <span class='ocrx_word' id='word_1_585' title='bbox 2461 1383 2560 1458; x_wconf 80' lang='lat' dir='ltr'><strong>(De</strong></span> <span class='ocrx_word' id='word_1_586' title='bbox 2587 1384 2790 1440; x_wconf 85' lang='lat' dir='ltr'><strong>Natura</strong></span> <span class='ocrx_word' id='word_1_587' title='bbox 2805 1385 3034 1452; x_wconf 83' lang='lat' dir='ltr'><strong>deorum,</strong></span> <span class='ocrx_word' id='word_1_588' title='bbox 3065 1386 3153 1440; x_wconf 80' lang='lat' dir='ltr'><strong>lib.</strong></span> <span class='ocrx_word' id='word_1_589' title='bbox 3175 1383 3262 1456; x_wconf 64' lang='grc' dir='ltr'><strong>ἓξ).</strong></span> <span class='ocrx_word' id='word_1_590' title='bbox 3291 1403 3310 1438; x_wconf 77' lang='lat' dir='ltr'><strong>t</strong></span> <span class='ocrx_word' id='word_1_591' title='bbox 3345 1385 3500 1442; x_wconf 84' lang='lat' dir='ltr'><strong>Unde</strong></span> 
     </span>
    </p>
   </div>
   <div class='ocr_carea' id='block_1_73' title="bbox 1915 1474 3500 1548">
    <p class='ocr_par' dir='ltr' id='par_1_73' title="bbox 1915 1474 3500 1548">
     <span class='ocr_line' id='line_1_73' title="bbox 1915 1474 3500 1548; baseline 0.002 -18"><span class='ocrx_word' id='word_1_592' title='bbox 1915 1474 1983 1530; x_wconf 92' lang='lat' dir='ltr'><strong>ob</strong></span> <span class='ocrx_word' id='word_1_593' title='bbox 2011 1475 2112 1530; x_wconf 87' lang='lat' dir='ltr'><strong>hoc</strong></span> <span class='ocrx_word' id='word_1_594' title='bbox 2143 1491 2310 1546; x_wconf 88' lang='lat' dir='ltr'><strong>pauca</strong></span> <span class='ocrx_word' id='word_1_595' title='bbox 2338 1477 2512 1546; x_wconf 88' lang='lat' dir='ltr'><strong>ponis,</strong></span> <span class='ocrx_word' id='word_1_596' title='bbox 2561 1496 2580 1530; x_wconf 69' lang='grc' dir='ltr'><strong>ι</strong></span> <span class='ocrx_word' id='word_1_597' title='bbox 2611 1486 2668 1532; x_wconf 86' lang='grc' dir='ltr'><strong>ιιι</strong></span> <span class='ocrx_word' id='word_1_598' title='bbox 2693 1477 2848 1542; x_wconf 89' lang='lat' dir='ltr'><strong>dicis,</strong></span> <span class='ocrx_word' id='word_1_599' title='bbox 2883 1495 2902 1528; x_wconf 85' lang='grc'><strong><em>‹</em></strong></span> <span class='ocrx_word' id='word_1_600' title='bbox 2940 1485 2997 1532; x_wconf 86' lang='grc' dir='ltr'><strong>ιιι</strong></span> <span class='ocrx_word' id='word_1_601' title='bbox 3021 1491 3214 1532; x_wconf 89' lang='lat' dir='ltr'><strong>oneres</strong></span> <span class='ocrx_word' id='word_1_602' title='bbox 3241 1475 3500 1548; x_wconf 87' lang='lat' dir='ltr'><strong>pudorem</strong></span> 
     </span>
    </p>
   </div>
   <div class='ocr_carea' id='block_1_74' title="bbox 1913 1567 3499 1640">
    <p class='ocr_par' dir='ltr' id='par_1_74' title="bbox 1913 1567 3499 1640">
     <span class='ocr_line' id='line_1_74' title="bbox 1913 1567 3499 1640; baseline -0.001 -16"><span class='ocrx_word' id='word_1_603' title='bbox 1913 1583 2114 1636; x_wconf 88' lang='lat' dir='ltr'><strong>meum,</strong></span> <span class='ocrx_word' id='word_1_604' title='bbox 2149 1583 2254 1624; x_wconf 90' lang='lat' dir='ltr'><strong>non</strong></span> <span class='ocrx_word' id='word_1_605' title='bbox 2293 1585 2354 1624; x_wconf 90' lang='lat' dir='ltr'><strong>ea</strong></span> <span class='ocrx_word' id='word_1_606' title='bbox 2399 1585 2486 1624; x_wconf 91' lang='lat' dir='ltr'><strong>me</strong></span> <span class='ocrx_word' id='word_1_607' title='bbox 2515 1569 2838 1624; x_wconf 77' lang='lat' dir='ltr'><strong>intellexisse</strong></span> <span class='ocrx_word' id='word_1_608' title='bbox 2863 1567 2962 1624; x_wconf 90' lang='lat' dir='ltr'><strong>sub</strong></span> <span class='ocrx_word' id='word_1_609' title='bbox 2989 1569 3293 1640; x_wconf 86' lang='lat' dir='ltr'><strong>magisterio</strong></span> <span class='ocrx_word' id='word_1_610' title='bbox 3331 1581 3499 1626; x_wconf 65' lang='lat' dir='ltr'><strong>sacra:</strong></span> 
     </span>
    </p>
   </div>
   <div class='ocr_carea' id='block_1_75' title="bbox 1913 1659 3498 1732">
    <p class='ocr_par' dir='ltr' id='par_1_75' title="bbox 1913 1659 3498 1732">
     <span class='ocr_line' id='line_1_75' title="bbox 1913 1659 3498 1732; baseline -0.001 -16"><span class='ocrx_word' id='word_1_611' title='bbox 1913 1660 2068 1732; x_wconf 88' lang='lat' dir='ltr'><strong>legis,</strong></span> <span class='ocrx_word' id='word_1_612' title='bbox 2095 1661 2160 1716; x_wconf 91' lang='lat' dir='ltr'><strong>ad</strong></span> <span class='ocrx_word' id='word_1_613' title='bbox 2189 1677 2413 1731; x_wconf 89' lang='lat' dir='ltr'><strong>quorum</strong></span> <span class='ocrx_word' id='word_1_614' title='bbox 2439 1661 2710 1718; x_wconf 88' lang='lat' dir='ltr'><strong>notionem</strong></span> <span class='ocrx_word' id='word_1_615' title='bbox 2739 1659 2977 1716; x_wconf 88' lang='lat' dir='ltr'><strong>Gentiles</strong></span> <span class='ocrx_word' id='word_1_616' title='bbox 3005 1661 3125 1716; x_wconf 90' lang='lat' dir='ltr'><strong>solo</strong></span> <span class='ocrx_word' id='word_1_617' title='bbox 3153 1660 3370 1716; x_wconf 90' lang='lat' dir='ltr'><strong>rationis</strong></span> <span class='ocrx_word' id='word_1_618' title='bbox 3396 1660 3498 1716; x_wconf 86' lang='lat' dir='ltr'><strong>du-</strong></span> 
     </span>
    </p>
   </div>
   <div class='ocr_carea' id='block_1_76' title="bbox 1914 1753 3500 1824">
    <p class='ocr_par' dir='ltr' id='par_1_76' title="bbox 1914 1753 3500 1824">
     <span class='ocr_line' id='line_1_76' title="bbox 1914 1753 3500 1824; baseline 0 -16"><span class='ocrx_word' id='word_1_619' title='bbox 1914 1760 2000 1808; x_wconf 87' lang='lat' dir='ltr'><strong>ctu</strong></span> <span class='ocrx_word' id='word_1_620' title='bbox 2031 1755 2312 1823; x_wconf 89' lang='lat' dir='ltr'><strong>pervenire</strong></span> <span class='ocrx_word' id='word_1_621' title='bbox 2351 1763 2675 1824; x_wconf 87' lang='lat' dir='ltr'><strong>potuerunt:</strong></span> <span class='ocrx_word' id='word_1_622' title='bbox 2718 1773 2736 1808; x_wconf 75' lang='grc' dir='ltr'><strong>ι</strong></span> <span class='ocrx_word' id='word_1_623' title='bbox 2772 1762 2826 1810; x_wconf 90' lang='lat' dir='ltr'><strong>et</strong></span> <span class='ocrx_word' id='word_1_624' title='bbox 2855 1753 3008 1824; x_wconf 91' lang='lat' dir='ltr'><strong>ponis</strong></span> <span class='ocrx_word' id='word_1_625' title='bbox 3036 1754 3186 1808; x_wconf 88' lang='lat' dir='ltr'><strong>Balbi</strong></span> <span class='ocrx_word' id='word_1_626' title='bbox 3225 1753 3388 1810; x_wconf 85' lang='lat' dir='ltr'><strong>verba</strong></span> <span class='ocrx_word' id='word_1_627' title='bbox 3429 1767 3500 1808; x_wconf 82' lang='lat' dir='ltr'><strong>ex</strong></span> 
     </span>
    </p>
   </div>
   <div class='ocr_carea' id='block_1_77' title="bbox 1913 1842 3502 1916">
    <p class='ocr_par' dir='ltr' id='par_1_77' title="bbox 1913 1842 3502 1916">
     <span class='ocr_line' id='line_1_77' title="bbox 1913 1842 3502 1916; baseline 0.001 -18"><span class='ocrx_word' id='word_1_628' title='bbox 1913 1842 2189 1898; x_wconf 82' lang='lat' dir='ltr'><strong>Ciceronis</strong></span> <span class='ocrx_word' id='word_1_629' title='bbox 2219 1845 2375 1911; x_wconf 88' lang='lat' dir='ltr'><strong>libro,</strong></span> <span class='ocrx_word' id='word_1_630' title='bbox 2409 1861 2506 1916; x_wconf 88' lang='lat' dir='ltr'><strong>per</strong></span> <span class='ocrx_word' id='word_1_631' title='bbox 2528 1861 2646 1916; x_wconf 68' lang='lat' dir='ltr'><strong>qua:</strong></span> <span class='ocrx_word' id='word_1_632' title='bbox 2672 1860 2770 1902; x_wconf 87' lang='lat' dir='ltr'><strong>nos</strong></span> <span class='ocrx_word' id='word_1_633' title='bbox 2803 1844 3020 1912; x_wconf 88' lang='lat' dir='ltr'><strong>doceas,</strong></span> <span class='ocrx_word' id='word_1_634' title='bbox 3067 1844 3193 1916; x_wconf 91' lang='lat' dir='ltr'><strong>quid</strong></span> <span class='ocrx_word' id='word_1_635' title='bbox 3235 1843 3502 1900; x_wconf 81' lang='lat' dir='ltr'><strong>senserint</strong></span> 
     </span>
    </p>
   </div>
   <div class='ocr_carea' id='block_1_78' title="bbox 1914 1934 3502 1992">
    <p class='ocr_par' dir='ltr' id='par_1_78' title="bbox 1914 1934 3502 1992">
     <span class='ocr_line' id='line_1_78' title="bbox 1914 1934 3502 1992; baseline 0.001 -2"><span class='ocrx_word' id='word_1_636' title='bbox 1914 1935 2075 1990; x_wconf 90' lang='lat' dir='ltr'><strong>Stoici</strong></span> <span class='ocrx_word' id='word_1_637' title='bbox 2101 1935 2166 1992; x_wconf 91' lang='lat' dir='ltr'><strong>de</strong></span> <span class='ocrx_word' id='word_1_638' title='bbox 2196 1937 2500 1992; x_wconf 88' lang='lat' dir='ltr'><strong>animalium</strong></span> <span class='ocrx_word' id='word_1_639' title='bbox 2529 1945 2796 1992; x_wconf 90' lang='lat' dir='ltr'><strong>mutorum</strong></span> <span class='ocrx_word' id='word_1_640' title='bbox 2819 1935 3124 1992; x_wconf 88' lang='lat' dir='ltr'><strong>masculinis</strong></span> <span class='ocrx_word' id='word_1_641' title='bbox 3139 1951 3199 1990; x_wconf 88' lang='lat' dir='ltr'><strong>ac</strong></span> <span class='ocrx_word' id='word_1_642' title='bbox 3229 1934 3502 1992; x_wconf 85' lang='lat' dir='ltr'><strong>femininis</strong></span> 
     </span>
    </p>
   </div>
   <div class='ocr_carea' id='block_1_79' title="bbox 1914 2029 3502 2104">
    <p class='ocr_par' dir='ltr' id='par_1_79' title="bbox 1914 2029 3502 2104">
     <span class='ocr_line' id='line_1_79' title="bbox 1914 2029 3502 2104; baseline 0.002 -20"><span class='ocrx_word' id='word_1_643' title='bbox 1914 2029 2329 2098; x_wconf 88' lang='lat' dir='ltr'><strong>diversitatibus,</strong></span> <span class='ocrx_word' id='word_1_644' title='bbox 2381 2032 2447 2086; x_wconf 90' lang='lat' dir='ltr'><strong>de</strong></span> <span class='ocrx_word' id='word_1_645' title='bbox 2494 2031 2732 2102; x_wconf 89' lang='lat' dir='ltr'><strong>partibus</strong></span> <span class='ocrx_word' id='word_1_646' title='bbox 2776 2031 3018 2102; x_wconf 87' lang='lat' dir='ltr'><strong>corporis</strong></span> <span class='ocrx_word' id='word_1_647' title='bbox 3059 2031 3402 2104; x_wconf 87' lang='lat' dir='ltr'><strong>genitalibus,</strong></span> <span class='ocrx_word' id='word_1_648' title='bbox 3447 2037 3502 2088; x_wconf 84' lang='lat' dir='ltr'><strong>et</strong></span> 
     </span>
    </p>
   </div>
   <div class='ocr_carea' id='block_1_80' title="bbox 1915 2121 3502 2192">
    <p class='ocr_par' dir='ltr' id='par_1_80' title="bbox 1915 2121 3502 2192">
     <span class='ocr_line' id='line_1_80' title="bbox 1915 2121 3502 2192; baseline 0.001 -16"><span class='ocrx_word' id='word_1_649' title='bbox 1915 2122 2066 2176; x_wconf 86' lang='lat' dir='ltr'><strong>miris</strong></span> <span class='ocrx_word' id='word_1_650' title='bbox 2115 2121 2632 2178; x_wconf 88' lang='lat' dir='ltr'><strong>commiscendorum</strong></span> <span class='ocrx_word' id='word_1_651' title='bbox 2676 2137 2958 2192; x_wconf 88' lang='lat' dir='ltr'><strong>corporum</strong></span> <span class='ocrx_word' id='word_1_652' title='bbox 3005 2121 3330 2178; x_wconf 90' lang='lat' dir='ltr'><strong>libidinibus.</strong></span> <span class='ocrx_word' id='word_1_653' title='bbox 3371 2121 3502 2190; x_wconf 64' lang='lat' dir='ltr'><strong>Quae</strong></span> 
     </span>
    </p>
   </div>
   <div class='ocr_carea' id='block_1_81' title="bbox 1917 2213 3500 2284">
    <p class='ocr_par' dir='ltr' id='par_1_81' title="bbox 1917 2213 3500 2284">
     <span class='ocr_line' id='line_1_81' title="bbox 1917 2213 3500 2284; baseline 0.001 -18"><span class='ocrx_word' id='word_1_654' title='bbox 1917 2220 2096 2267; x_wconf 89' lang='lat' dir='ltr'><strong>tamen</strong></span> <span class='ocrx_word' id='word_1_655' title='bbox 2148 2213 2328 2278; x_wconf 90' lang='lat' dir='ltr'><strong>verba,</strong></span> <span class='ocrx_word' id='word_1_656' title='bbox 2382 2214 2464 2268; x_wconf 89' lang='lat' dir='ltr'><strong>vel</strong></span> <span class='ocrx_word' id='word_1_657' title='bbox 2515 2214 2778 2278; x_wconf 89' lang='lat' dir='ltr'><strong>Tulliana,</strong></span> <span class='ocrx_word' id='word_1_658' title='bbox 2823 2213 2908 2268; x_wconf 90' lang='lat' dir='ltr'><strong>vel</strong></span> <span class='ocrx_word' id='word_1_659' title='bbox 2951 2213 3232 2284; x_wconf 87' lang='lat' dir='ltr'><strong>cujuslibet</strong></span> <span class='ocrx_word' id='word_1_660' title='bbox 3259 2213 3500 2280; x_wconf 86' lang='lat' dir='ltr'><strong>alterius,</strong></span> 
     </span>
    </p>
   </div>
   <div class='ocr_carea' id='block_1_82' title="bbox 1914 2305 3500 2376">
    <p class='ocr_par' dir='ltr' id='par_1_82' title="bbox 1914 2305 3500 2376">
     <span class='ocr_line' id='line_1_82' title="bbox 1914 2305 3500 2376; baseline 0 -16"><span class='ocrx_word' id='word_1_661' title='bbox 1914 2313 2202 2376; x_wconf 87' lang='lat' dir='ltr'><strong>antequam</strong></span> <span class='ocrx_word' id='word_1_662' title='bbox 2251 2306 2642 2376; x_wconf 88' lang='lat' dir='ltr'><strong>interponeres,</strong></span> <span class='ocrx_word' id='word_1_663' title='bbox 2688 2305 2996 2364; x_wconf 86' lang='lat' dir='ltr'><strong>cautissime</strong></span> <span class='ocrx_word' id='word_1_664' title='bbox 3049 2305 3366 2376; x_wconf 67' lang='lat' dir='ltr'><strong>prrelocutus</strong></span> <span class='ocrx_word' id='word_1_665' title='bbox 3417 2319 3500 2373; x_wconf 92' lang='lat' dir='ltr'><strong>es,</strong></span> 
     </span>
    </p>
   </div>
   <div class='ocr_carea' id='block_1_83' title="bbox 1919 2397 3502 2470">
    <p class='ocr_par' dir='ltr' id='par_1_83' title="bbox 1919 2397 3502 2470">
     <span class='ocr_line' id='line_1_83' title="bbox 1919 2397 3502 2470; baseline 0.002 -20"><span class='ocrx_word' id='word_1_666' title='bbox 1919 2415 1940 2450; x_wconf 77' lang='grc' dir='ltr'><strong>ι</strong></span> <span class='ocrx_word' id='word_1_667' title='bbox 1977 2398 2115 2468; x_wconf 93' lang='lat' dir='ltr'><strong>quod</strong></span> <span class='ocrx_word' id='word_1_668' title='bbox 2147 2397 2266 2454; x_wconf 88' lang='lat' dir='ltr'><strong>ideo</strong></span> <span class='ocrx_word' id='word_1_669' title='bbox 2292 2398 2392 2454; x_wconf 88' lang='lat' dir='ltr'><strong>sub</strong></span> <span class='ocrx_word' id='word_1_670' title='bbox 2415 2397 2702 2454; x_wconf 86' lang='lat' dir='ltr'><strong>bestiarum</strong></span> <span class='ocrx_word' id='word_1_671' title='bbox 2731 2399 3014 2454; x_wconf 88' lang='lat' dir='ltr'><strong>occasione</strong></span> <span class='ocrx_word' id='word_1_672' title='bbox 3061 2413 3284 2452; x_wconf 79' lang='lat' dir='ltr'><strong>sexuum</strong></span> <span class='ocrx_word' id='word_1_673' title='bbox 3323 2403 3502 2470; x_wconf 78' lang='lat' dir='ltr'><strong>tangat</strong></span> 
     </span>
    </p>
   </div>
   <div class='ocr_carea' id='block_1_84' title="bbox 1915 2487 3502 2560">
    <p class='ocr_par' dir='ltr' id='par_1_84' title="bbox 1915 2487 3502 2560">
     <span class='ocr_line' id='line_1_84' title="bbox 1915 2487 3502 2560; baseline -0.003 -14"><span class='ocrx_word' id='word_1_674' title='bbox 1915 2487 2192 2554; x_wconf 81' lang='lat' dir='ltr'><strong>effectum,</strong></span> <span class='ocrx_word' id='word_1_675' title='bbox 2233 2489 2354 2558; x_wconf 86' lang='lat' dir='ltr'><strong>quia</strong></span> <span class='ocrx_word' id='word_1_676' title='bbox 2397 2497 2611 2560; x_wconf 90' lang='lat' dir='ltr'><strong>propter</strong></span> <span class='ocrx_word' id='word_1_677' title='bbox 2653 2487 2988 2545; x_wconf 90' lang='lat' dir='ltr'><strong>honestatem</strong></span> <span class='ocrx_word' id='word_1_678' title='bbox 3029 2489 3130 2543; x_wconf 91' lang='lat' dir='ltr'><strong>hoc</strong></span> <span class='ocrx_word' id='word_1_679' title='bbox 3174 2489 3228 2544; x_wconf 88' lang='lat' dir='ltr'><strong>in</strong></span> <span class='ocrx_word' id='word_1_680' title='bbox 3269 2487 3502 2544; x_wconf 86' lang='lat' dir='ltr'><strong>hominis</strong></span> 
     </span>
    </p>
   </div>
   <div class='ocr_carea' id='block_1_85' title="bbox 1913 2579 3502 2652">
    <p class='ocr_par' dir='ltr' id='par_1_85' title="bbox 1913 2579 3502 2652">
     <span class='ocr_line' id='line_1_85' title="bbox 1913 2579 3502 2652; baseline 0.001 -16"><span class='ocrx_word' id='word_1_681' title='bbox 1913 2581 2270 2652; x_wconf 87' lang='lat' dir='ltr'><strong>descriptione</strong></span> <span class='ocrx_word' id='word_1_682' title='bbox 2301 2580 2574 2652; x_wconf 69' lang='lat' dir='ltr'><strong>prazteriit.</strong></span> <span class='ocrx_word' id='word_1_683' title='bbox 2609 2599 2630 2634; x_wconf 81' lang='grc'><strong><em>›</em></strong></span> <span class='ocrx_word' id='word_1_684' title='bbox 2657 2579 2792 2648; x_wconf 88' lang='lat' dir='ltr'><strong>Quid</strong></span> <span class='ocrx_word' id='word_1_685' title='bbox 2818 2589 2920 2646; x_wconf 91' lang='lat' dir='ltr'><strong>est,</strong></span> <span class='ocrx_word' id='word_1_686' title='bbox 2947 2600 2965 2636; x_wconf 78' lang='grc' dir='ltr'><strong>ι</strong></span> <span class='ocrx_word' id='word_1_687' title='bbox 3005 2589 3220 2652; x_wconf 86' lang='lat' dir='ltr'><strong>propter</strong></span> <span class='ocrx_word' id='word_1_688' title='bbox 3251 2580 3502 2638; x_wconf 81' lang='lat' dir='ltr'><strong>honesta-</strong></span> 
     </span>
    </p>
   </div>
   <div class='ocr_carea' id='block_1_86' title="bbox 1913 2672 3504 2742">
    <p class='ocr_par' dir='ltr' id='par_1_86' title="bbox 1913 2672 3504 2742">
     <span class='ocr_line' id='line_1_86' title="bbox 1913 2672 3504 2742; baseline 0 -12"><span class='ocrx_word' id='word_1_689' title='bbox 1913 2674 2059 2730; x_wconf 86' lang='lat' dir='ltr'><strong>tem?</strong></span> <span class='ocrx_word' id='word_1_690' title='bbox 2090 2693 2107 2726; x_wconf 75' lang='grc' dir='ltr'><strong>ι</strong></span> <span class='ocrx_word' id='word_1_691' title='bbox 2135 2675 2214 2728; x_wconf 82' lang='lat' dir='ltr'><strong>An</strong></span> <span class='ocrx_word' id='word_1_692' title='bbox 2243 2673 2293 2727; x_wconf 93' lang='lat' dir='ltr'><strong>in</strong></span> <span class='ocrx_word' id='word_1_693' title='bbox 2322 2689 2454 2730; x_wconf 83' lang='lat' dir='ltr'><strong>sexu</strong></span> <span class='ocrx_word' id='word_1_694' title='bbox 2478 2672 2710 2728; x_wconf 87' lang='lat' dir='ltr'><strong>hominis</strong></span> <span class='ocrx_word' id='word_1_695' title='bbox 2735 2673 2989 2730; x_wconf 89' lang='lat' dir='ltr'><strong>honestas</strong></span> <span class='ocrx_word' id='word_1_696' title='bbox 3025 2673 3385 2742; x_wconf 90' lang='lat' dir='ltr'><strong>confunditur,</strong></span> <span class='ocrx_word' id='word_1_697' title='bbox 3414 2673 3504 2730; x_wconf 87' lang='lat' dir='ltr'><strong>ubi</strong></span> 
     </span>
    </p>
   </div>
   <div class='ocr_carea' id='block_1_87' title="bbox 1915 2767 3502 2838">
    <p class='ocr_par' dir='ltr' id='par_1_87' title="bbox 1915 2767 3502 2838">
     <span class='ocr_line' id='line_1_87' title="bbox 1915 2767 3502 2838; baseline 0 -16"><span class='ocrx_word' id='word_1_698' title='bbox 1915 2769 2056 2822; x_wconf 90' lang='lat' dir='ltr'><strong>Dens</strong></span> <span class='ocrx_word' id='word_1_699' title='bbox 2087 2775 2339 2838; x_wconf 89' lang='lat' dir='ltr'><strong>tauquam</strong></span> <span class='ocrx_word' id='word_1_700' title='bbox 2369 2767 2422 2822; x_wconf 92' lang='lat' dir='ltr'><strong>in</strong></span> <span class='ocrx_word' id='word_1_701' title='bbox 2449 2767 2828 2824; x_wconf 75' lang='lat' dir='ltr'><strong>excellentiore</strong></span> <span class='ocrx_word' id='word_1_702' title='bbox 2855 2775 3044 2824; x_wconf 89' lang='lat' dir='ltr'><strong>natura</strong></span> <span class='ocrx_word' id='word_1_703' title='bbox 3073 2767 3282 2837; x_wconf 88' lang='lat' dir='ltr'><strong>dignius</strong></span> <span class='ocrx_word' id='word_1_704' title='bbox 3308 2781 3502 2838; x_wconf 89' lang='lat' dir='ltr'><strong>opera-</strong></span> 
     </span>
    </p>
   </div>
   <div class='ocr_carea' id='block_1_88' title="bbox 1916 2859 3502 2930">
    <p class='ocr_par' dir='ltr' id='par_1_88' title="bbox 1916 2859 3502 2930">
     <span class='ocr_line' id='line_1_88' title="bbox 1916 2859 3502 2930; baseline -0.001 -14"><span class='ocrx_word' id='word_1_705' title='bbox 1916 2862 2038 2918; x_wconf 83' lang='lat' dir='ltr'><strong>tur?</strong></span> <span class='ocrx_word' id='word_1_706' title='bbox 2085 2859 2194 2916; x_wconf 87' lang='lat' dir='ltr'><strong>Sed</strong></span> <span class='ocrx_word' id='word_1_707' title='bbox 2232 2861 2528 2916; x_wconf 88' lang='lat' dir='ltr'><strong>docuerunt</strong></span> <span class='ocrx_word' id='word_1_708' title='bbox 2570 2869 2624 2916; x_wconf 89' lang='lat' dir='ltr'><strong>te</strong></span> <span class='ocrx_word' id='word_1_709' title='bbox 2671 2860 2836 2916; x_wconf 90' lang='lat' dir='ltr'><strong>Stoici</strong></span> <span class='ocrx_word' id='word_1_710' title='bbox 2865 2861 3138 2930; x_wconf 89' lang='lat' dir='ltr'><strong>disputare</strong></span> <span class='ocrx_word' id='word_1_711' title='bbox 3164 2860 3232 2918; x_wconf 86' lang='lat' dir='ltr'><strong>de</strong></span> <span class='ocrx_word' id='word_1_712' title='bbox 3257 2860 3502 2928; x_wconf 81' lang='lat' dir='ltr'><strong>occultis,</strong></span> 
     </span>
    </p>
   </div>
   <div class='ocr_carea' id='block_1_89' title="bbox 1914 2950 3504 3022">
    <p class='ocr_par' dir='ltr' id='par_1_89' title="bbox 1914 2950 3504 3022">
     <span class='ocr_line' id='line_1_89' title="bbox 1914 2950 3504 3022; baseline -0.001 -14"><span class='ocrx_word' id='word_1_713' title='bbox 1914 2967 2012 3008; x_wconf 89' lang='lat' dir='ltr'><strong>nec</strong></span> <span class='ocrx_word' id='word_1_714' title='bbox 2063 2953 2360 3006; x_wconf 89' lang='lat' dir='ltr'><strong>docuerunt</strong></span> <span class='ocrx_word' id='word_1_715' title='bbox 2417 2951 2736 3008; x_wconf 88' lang='lat' dir='ltr'><strong>erubescere</strong></span> <span class='ocrx_word' id='word_1_716' title='bbox 2797 2951 2866 3006; x_wconf 91' lang='lat' dir='ltr'><strong>de</strong></span> <span class='ocrx_word' id='word_1_717' title='bbox 2913 2950 3194 3022; x_wconf 87' lang='lat' dir='ltr'><strong>pudendis.</strong></span> <span class='ocrx_word' id='word_1_718' title='bbox 3245 2950 3504 3021; x_wconf 75' lang='lat' dir='ltr'><strong>Adiungis</strong></span> 
     </span>
    </p>
   </div>
   <div class='ocr_carea' id='block_1_90' title="bbox 1911 3045 3506 3120">
    <p class='ocr_par' dir='ltr' id='par_1_90' title="bbox 1911 3045 3506 3120">
     <span class='ocr_line' id='line_1_90' title="bbox 1911 3045 3506 3120; baseline -0.001 -19"><span class='ocrx_word' id='word_1_719' title='bbox 1911 3045 2128 3112; x_wconf 90' lang='lat' dir='ltr'><strong>deinde,</strong></span> <span class='ocrx_word' id='word_1_720' title='bbox 2167 3064 2186 3098; x_wconf 85' lang='grc'><strong>‹</strong></span> <span class='ocrx_word' id='word_1_721' title='bbox 2225 3045 2493 3116; x_wconf 89' lang='lat' dir='ltr'><strong>quomodo</strong></span> <span class='ocrx_word' id='word_1_722' title='bbox 2533 3045 2708 3116; x_wconf 90' lang='lat' dir='ltr'><strong>ipsum</strong></span> <span class='ocrx_word' id='word_1_723' title='bbox 2745 3045 3018 3120; x_wconf 85' lang='lat' dir='ltr'><strong>hominem</strong></span> <span class='ocrx_word' id='word_1_724' title='bbox 3047 3046 3286 3100; x_wconf 89' lang='lat' dir='ltr'><strong>oratione</strong></span> <span class='ocrx_word' id='word_1_725' title='bbox 3318 3045 3506 3116; x_wconf 87' lang='lat' dir='ltr'><strong>depin-</strong></span> 
     </span>
    </p>
   </div>
   <div class='ocr_carea' id='block_1_91' title="bbox 1913 3138 3505 3210">
    <p class='ocr_par' dir='ltr' id='par_1_91' title="bbox 1913 3138 3505 3210">
     <span class='ocr_line' id='line_1_91' title="bbox 1913 3138 3505 3210; baseline 0 -18"><span class='ocrx_word' id='word_1_726' title='bbox 1913 3149 2020 3206; x_wconf 85' lang='lat' dir='ltr'><strong>gat,</strong></span> <span class='ocrx_word' id='word_1_727' title='bbox 2061 3158 2080 3192; x_wconf 78' lang='grc' dir='ltr'><strong>ι</strong></span> <span class='ocrx_word' id='word_1_728' title='bbox 2117 3147 2174 3194; x_wconf 82' lang='grc' dir='ltr'><strong>ιιι</strong></span> <span class='ocrx_word' id='word_1_729' title='bbox 2200 3139 2354 3206; x_wconf 91' lang='lat' dir='ltr'><strong>dicis,</strong></span> <span class='ocrx_word' id='word_1_730' title='bbox 2403 3157 2422 3194; x_wconf 72' lang='grc' dir='ltr'><strong>ι</strong></span> <span class='ocrx_word' id='word_1_731' title='bbox 2471 3148 2524 3196; x_wconf 87' lang='lat' dir='ltr'><strong>et</strong></span> <span class='ocrx_word' id='word_1_732' title='bbox 2553 3138 2822 3210; x_wconf 89' lang='lat' dir='ltr'><strong>quomodo</strong></span> <span class='ocrx_word' id='word_1_733' title='bbox 2865 3139 3096 3194; x_wconf 89' lang='lat' dir='ltr'><strong>disserat</strong></span> <span class='ocrx_word' id='word_1_734' title='bbox 3121 3138 3226 3192; x_wconf 89' lang='lat' dir='ltr'><strong>alvi</strong></span> <span class='ocrx_word' id='word_1_735' title='bbox 3261 3147 3505 3192; x_wconf 88' lang='lat' dir='ltr'><strong>naturam</strong></span> 
     </span>
    </p>
   </div>
   <div class='ocr_carea' id='block_1_92' title="bbox 1909 3229 3496 3312">
    <p class='ocr_par' dir='ltr' id='par_1_92' title="bbox 1909 3229 3496 3312">
     <span class='ocr_line' id='line_1_92' title="bbox 1909 3229 3496 3312; baseline -0.001 -28"><span class='ocrx_word' id='word_1_736' title='bbox 1909 3229 2188 3284; x_wconf 84' lang='lat' dir='ltr'><strong>stomacho</strong></span> <span class='ocrx_word' id='word_1_737' title='bbox 2215 3245 2334 3286; x_wconf 89' lang='lat' dir='ltr'><strong>esse</strong></span> <span class='ocrx_word' id='word_1_738' title='bbox 2359 3229 2672 3300; x_wconf 88' lang='lat' dir='ltr'><strong>subjectam,</strong></span> <span class='ocrx_word' id='word_1_739' title='bbox 2703 3229 2844 3302; x_wconf 91' lang='lat' dir='ltr'><strong>quod</strong></span> <span class='ocrx_word' id='word_1_740' title='bbox 2892 3229 2996 3286; x_wconf 90' lang='lat' dir='ltr'><strong>cibi</strong></span> <span class='ocrx_word' id='word_1_741' title='bbox 3024 3239 3078 3286; x_wconf 90' lang='lat' dir='ltr'><strong>et</strong></span> <span class='ocrx_word' id='word_1_742' title='bbox 3121 3229 3357 3300; x_wconf 88' lang='lat' dir='ltr'><strong>potionis</strong></span> <span class='ocrx_word' id='word_1_743' title='bbox 3405 3229 3496 3312; x_wconf 81' lang='lat' dir='ltr'><strong>sit,</strong></span> 
     </span>
    </p>
   </div>
   <div class='ocr_carea' id='block_1_93' title="bbox 1911 3321 3506 3394">
    <p class='ocr_par' dir='ltr' id='par_1_93' title="bbox 1911 3321 3506 3394">
     <span class='ocr_line' id='line_1_93' title="bbox 1911 3321 3506 3394; baseline 0 -18"><span class='ocrx_word' id='word_1_744' title='bbox 1911 3323 2310 3390; x_wconf 88' lang='lat' dir='ltr'><strong>receptaculum</strong></span> <span class='ocrx_word' id='word_1_745' title='bbox 2349 3323 2668 3394; x_wconf 89' lang='lat' dir='ltr'><strong>:pulmoues</strong></span> <span class='ocrx_word' id='word_1_746' title='bbox 2704 3329 2882 3378; x_wconf 90' lang='lat' dir='ltr'><strong>autem</strong></span> <span class='ocrx_word' id='word_1_747' title='bbox 2930 3329 2986 3378; x_wconf 90' lang='lat' dir='ltr'><strong>et</strong></span> <span class='ocrx_word' id='word_1_748' title='bbox 3031 3336 3125 3376; x_wconf 90' lang='lat' dir='ltr'><strong>cor</strong></span> <span class='ocrx_word' id='word_1_749' title='bbox 3171 3321 3506 3378; x_wconf 81' lang='lat' dir='ltr'><strong>extrinsecus</strong></span> 
     </span>
    </p>
   </div>
   <div class='ocr_carea' id='block_1_94' title="bbox 1906 3415 3501 3486">
    <p class='ocr_par' dir='ltr' id='par_1_94' title="bbox 1906 3415 3501 3486">
     <span class='ocr_line' id='line_1_94' title="bbox 1906 3415 3501 3486; baseline -0.001 -12"><span class='ocrx_word' id='word_1_750' title='bbox 1906 3416 2156 3484; x_wconf 72' lang='lat' dir='ltr'><strong>Spiritum</strong></span> <span class='ocrx_word' id='word_1_751' title='bbox 2185 3415 2452 3472; x_wconf 88' lang='lat' dir='ltr'><strong>adducant</strong></span> <span class='ocrx_word' id='word_1_752' title='bbox 2483 3433 2494 3468; x_wconf 95' lang='lat'><strong>:</strong></span> <span class='ocrx_word' id='word_1_753' title='bbox 2525 3417 2688 3472; x_wconf 91' lang='lat' dir='ltr'><strong>multa</strong></span> <span class='ocrx_word' id='word_1_754' title='bbox 2721 3417 2772 3472; x_wconf 90' lang='lat' dir='ltr'><strong>in</strong></span> <span class='ocrx_word' id='word_1_755' title='bbox 2797 3416 2919 3472; x_wconf 91' lang='lat' dir='ltr'><strong>alvo</strong></span> <span class='ocrx_word' id='word_1_756' title='bbox 2949 3415 3262 3472; x_wconf 90' lang='lat' dir='ltr'><strong>mirabiliter</strong></span> <span class='ocrx_word' id='word_1_757' title='bbox 3288 3416 3501 3486; x_wconf 76' lang='lat' dir='ltr'><strong>effecta,</strong></span> 
     </span>
    </p>
   </div>
   <div class='ocr_carea' id='block_1_95' title="bbox 1909 3508 3504 3580">
    <p class='ocr_par' dir='ltr' id='par_1_95' title="bbox 1909 3508 3504 3580">
     <span class='ocr_line' id='line_1_95' title="bbox 1909 3508 3504 3580; baseline 0.003 -18"><span class='ocrx_word' id='word_1_758' title='bbox 1909 3522 2033 3576; x_wconf 69' lang='lat' dir='ltr'><strong>quae</strong></span> <span class='ocrx_word' id='word_1_759' title='bbox 2049 3515 2356 3564; x_wconf 89' lang='lat' dir='ltr'><strong>constarent</strong></span> <span class='ocrx_word' id='word_1_760' title='bbox 2381 3523 2443 3564; x_wconf 79' lang='lat' dir='ltr'><strong>ex</strong></span> <span class='ocrx_word' id='word_1_761' title='bbox 2469 3508 2676 3576; x_wconf 85' lang='lat' dir='ltr'><strong>nervis;</strong></span> <span class='ocrx_word' id='word_1_762' title='bbox 2697 3517 2750 3564; x_wconf 91' lang='lat' dir='ltr'><strong>et</strong></span> <span class='ocrx_word' id='word_1_763' title='bbox 2769 3508 2910 3580; x_wconf 89' lang='lat' dir='ltr'><strong>quod</strong></span> <span class='ocrx_word' id='word_1_764' title='bbox 2931 3509 3002 3564; x_wconf 89' lang='lat' dir='ltr'><strong>sit</strong></span> <span class='ocrx_word' id='word_1_765' title='bbox 3025 3509 3300 3580; x_wconf 79' lang='lat' dir='ltr'><strong>multiplex</strong></span> <span class='ocrx_word' id='word_1_766' title='bbox 3320 3518 3374 3564; x_wconf 91' lang='lat' dir='ltr'><strong>et</strong></span> <span class='ocrx_word' id='word_1_767' title='bbox 3394 3517 3504 3566; x_wconf 88' lang='lat' dir='ltr'><strong>tor-</strong></span> 
     </span>
    </p>
   </div>
   <div class='ocr_carea' id='block_1_96' title="bbox 1913 3600 3496 3672">
    <p class='ocr_par' dir='ltr' id='par_1_96' title="bbox 1913 3600 3496 3672">
     <span class='ocr_line' id='line_1_96' title="bbox 1913 3600 3496 3672; baseline 0.001 -18"><span class='ocrx_word' id='word_1_768' title='bbox 1913 3609 2086 3666; x_wconf 87' lang='lat' dir='ltr'><strong>tuosa,</strong></span> <span class='ocrx_word' id='word_1_769' title='bbox 2119 3607 2400 3672; x_wconf 88' lang='lat' dir='ltr'><strong>arceatque</strong></span> <span class='ocrx_word' id='word_1_770' title='bbox 2443 3609 2498 3655; x_wconf 91' lang='lat' dir='ltr'><strong>et</strong></span> <span class='ocrx_word' id='word_1_771' title='bbox 2539 3601 2837 3668; x_wconf 88' lang='lat' dir='ltr'><strong>contineat,</strong></span> <span class='ocrx_word' id='word_1_772' title='bbox 2869 3601 2980 3656; x_wconf 89' lang='lat' dir='ltr'><strong>sive</strong></span> <span class='ocrx_word' id='word_1_773' title='bbox 3015 3600 3146 3658; x_wconf 87' lang='lat' dir='ltr'><strong>illud</strong></span> <span class='ocrx_word' id='word_1_774' title='bbox 3171 3601 3378 3658; x_wconf 86' lang='lat' dir='ltr'><strong>aridum</strong></span> <span class='ocrx_word' id='word_1_775' title='bbox 3405 3601 3496 3670; x_wconf 85' lang='lat' dir='ltr'><strong>sit,</strong></span> 
     </span>
    </p>
   </div>
   <div class='ocr_carea' id='block_1_97' title="bbox 1910 3689 3506 3768">
    <p class='ocr_par' dir='ltr' id='par_1_97' title="bbox 1910 3689 3506 3768">
     <span class='ocr_line' id='line_1_97' title="bbox 1910 3689 3506 3768; baseline 0.004 -24"><span class='ocrx_word' id='word_1_776' title='bbox 1910 3691 2026 3746; x_wconf 82' lang='lat' dir='ltr'><strong>sive</strong></span> <span class='ocrx_word' id='word_1_777' title='bbox 2072 3689 2348 3748; x_wconf 89' lang='lat' dir='ltr'><strong>humidum</strong></span> <span class='ocrx_word' id='word_1_778' title='bbox 2406 3693 2548 3764; x_wconf 91' lang='lat' dir='ltr'><strong>quod</strong></span> <span class='ocrx_word' id='word_1_779' title='bbox 2601 3694 2904 3766; x_wconf 81' lang='lat' dir='ltr'><strong>receperit‘</strong></span> <span class='ocrx_word' id='word_1_780' title='bbox 2953 3711 2966 3748; x_wconf 88' lang='lat'><strong>:</strong></span> <span class='ocrx_word' id='word_1_781' title='bbox 3031 3715 3052 3750; x_wconf 74' lang='grc' dir='ltr'><strong>ι</strong></span> <span class='ocrx_word' id='word_1_782' title='bbox 3083 3703 3140 3752; x_wconf 90' lang='lat' dir='ltr'><strong>et</strong></span> <span class='ocrx_word' id='word_1_783' title='bbox 3184 3695 3506 3768; x_wconf 9' lang='lat' dir='ltr'><strong>cmterathu-</strong></span> 
     </span>
    </p>
   </div>
   <div class='ocr_carea' id='block_1_98' title="bbox 1905 3780 3505 3860">
    <p class='ocr_par' dir='ltr' id='par_1_98' title="bbox 1905 3780 3505 3860">
     <span class='ocr_line' id='line_1_98' title="bbox 1905 3780 3505 3860; baseline 0.006 -24"><span class='ocrx_word' id='word_1_784' title='bbox 1905 3780 2334 3854; x_wconf 90' lang='lat' dir='ltr'><strong>jusmodiusque</strong></span> <span class='ocrx_word' id='word_1_785' title='bbox 2377 3783 2444 3838; x_wconf 89' lang='lat' dir='ltr'><strong>ad</strong></span> <span class='ocrx_word' id='word_1_786' title='bbox 2485 3784 2636 3854; x_wconf 88' lang='lat' dir='ltr'><strong>illud,</strong></span> <span class='ocrx_word' id='word_1_787' title='bbox 2695 3804 2714 3837; x_wconf 73' lang='grc' dir='ltr'><strong>ι</strong></span> <span class='ocrx_word' id='word_1_788' title='bbox 2765 3787 3212 3856; x_wconf 73' lang='lat' dir='ltr'><strong>quemadmodum</strong></span> <span class='ocrx_word' id='word_1_789' title='bbox 3265 3789 3505 3860; x_wconf 64' lang='lat' dir='ltr'><strong>reliquiae</strong></span> 
     </span>
    </p>
   </div>
   <div class='ocr_carea' id='block_1_99' title="bbox 1911 3874 3502 3952">
    <p class='ocr_par' dir='ltr' id='par_1_99' title="bbox 1911 3874 3502 3952">
     <span class='ocr_line' id='line_1_99' title="bbox 1911 3874 3502 3952; baseline 0.007 -23"><span class='ocrx_word' id='word_1_790' title='bbox 1911 3874 2017 3930; x_wconf 90' lang='lat' dir='ltr'><strong>cibi</strong></span> <span class='ocrx_word' id='word_1_791' title='bbox 2065 3875 2418 3946; x_wconf 88' lang='lat' dir='ltr'><strong>depellantur,</strong></span> <span class='ocrx_word' id='word_1_792' title='bbox 2465 3885 2574 3932; x_wconf 89' lang='lat' dir='ltr'><strong>tum</strong></span> <span class='ocrx_word' id='word_1_793' title='bbox 2629 3881 3045 3950; x_wconf 85' lang='lat' dir='ltr'><strong>astringentibus</strong></span> <span class='ocrx_word' id='word_1_794' title='bbox 3101 3897 3162 3939; x_wconf 88' lang='lat' dir='ltr'><strong>se</strong></span> <span class='ocrx_word' id='word_1_795' title='bbox 3215 3884 3502 3952; x_wconf 86' lang='lat' dir='ltr'><strong>intestinis,</strong></span> 
     </span>
    </p>
   </div>
   <div class='ocr_carea' id='block_1_100' title="bbox 1912 3967 3504 4044">
    <p class='ocr_par' dir='ltr' id='par_1_100' title="bbox 1912 3967 3504 4044">
     <span class='ocr_line' id='line_1_100' title="bbox 1912 3967 3504 4044; baseline 0.006 -22"><span class='ocrx_word' id='word_1_796' title='bbox 1912 3973 2028 4022; x_wconf 81' lang='lat' dir='ltr'><strong>tum</strong></span> <span class='ocrx_word' id='word_1_797' title='bbox 2053 3967 2435 4024; x_wconf 78' lang='lat' dir='ltr'><strong>relaxantibus.</strong></span> <span class='ocrx_word' id='word_1_798' title='bbox 2473 3988 2493 4020; x_wconf 73' lang='grc' dir='ltr'><strong>ι</strong></span> <span class='ocrx_word' id='word_1_799' title='bbox 2523 3969 2654 4025; x_wconf 88' lang='lat' dir='ltr'><strong>Cum</strong></span> <span class='ocrx_word' id='word_1_800' title='bbox 2681 3987 2810 4043; x_wconf 84' lang='lat' dir='ltr'><strong>ergo</strong></span> <span class='ocrx_word' id='word_1_801' title='bbox 2835 3983 3020 4044; x_wconf 90' lang='lat' dir='ltr'><strong>posset</strong></span> <span class='ocrx_word' id='word_1_802' title='bbox 3048 3975 3210 4032; x_wconf 85' lang='lat' dir='ltr'><strong>etiam</strong></span> <span class='ocrx_word' id='word_1_803' title='bbox 3239 3976 3290 4032; x_wconf 95' lang='lat' dir='ltr'><strong>in</strong></span> <span class='ocrx_word' id='word_1_804' title='bbox 3316 3977 3504 4036; x_wconf 89' lang='lat' dir='ltr'><strong>bestiis</strong></span> 
     </span>
    </p>
   </div>
   <div class='ocr_carea' id='block_1_101' title="bbox 1911 4057 3501 4138">
    <p class='ocr_par' dir='ltr' id='par_1_101' title="bbox 1911 4057 3501 4138">
     <span class='ocr_line' id='line_1_101' title="bbox 1911 4057 3501 4138; baseline 0.009 -28"><span class='ocrx_word' id='word_1_805' title='bbox 1911 4057 2013 4112; x_wconf 89' lang='lat' dir='ltr'><strong>ista</strong></span> <span class='ocrx_word' id='word_1_806' title='bbox 2044 4058 2370 4128; x_wconf 89' lang='lat' dir='ltr'><strong>describere,</strong></span> <span class='ocrx_word' id='word_1_807' title='bbox 2394 4076 2490 4116; x_wconf 89' lang='lat' dir='ltr'><strong>cur</strong></span> <span class='ocrx_word' id='word_1_808' title='bbox 2511 4062 2634 4118; x_wconf 90' lang='lat' dir='ltr'><strong>inde</strong></span> <span class='ocrx_word' id='word_1_809' title='bbox 2655 4063 2722 4118; x_wconf 91' lang='lat' dir='ltr'><strong>ad</strong></span> <span class='ocrx_word' id='word_1_810' title='bbox 2743 4063 3016 4124; x_wconf 91' lang='lat' dir='ltr'><strong>hominem</strong></span> <span class='ocrx_word' id='word_1_811' title='bbox 3046 4070 3326 4126; x_wconf 86' lang='lat' dir='ltr'><strong>transitum</strong></span> <span class='ocrx_word' id='word_1_812' title='bbox 3353 4069 3501 4138; x_wconf 84' lang='lat' dir='ltr'><strong>fecit,</strong></span> 
     </span>
    </p>
   </div>
   <div class='ocr_carea' id='block_1_102' title="bbox 1909 4147 3504 4224">
    <p class='ocr_par' dir='ltr' id='par_1_102' title="bbox 1909 4147 3504 4224">
     <span class='ocr_line' id='line_1_102' title="bbox 1909 4147 3504 4224; baseline 0.009 -22"><span class='ocrx_word' id='word_1_813' title='bbox 1909 4147 2014 4204; x_wconf 87' lang='lat' dir='ltr'><strong>nisi</strong></span> <span class='ocrx_word' id='word_1_814' title='bbox 2044 4150 2166 4220; x_wconf 89' lang='lat' dir='ltr'><strong>quia</strong></span> <span class='ocrx_word' id='word_1_815' title='bbox 2195 4151 2294 4204; x_wconf 90' lang='lat' dir='ltr'><strong>ista</strong></span> <span class='ocrx_word' id='word_1_816' title='bbox 2325 4151 2570 4222; x_wconf 90' lang='lat' dir='ltr'><strong>pudenda</strong></span> <span class='ocrx_word' id='word_1_817' title='bbox 2600 4169 2708 4208; x_wconf 90' lang='lat' dir='ltr'><strong>non</strong></span> <span class='ocrx_word' id='word_1_818' title='bbox 2745 4167 2900 4224; x_wconf 89' lang='lat' dir='ltr'><strong>sunt;</strong></span> <span class='ocrx_word' id='word_1_819' title='bbox 2944 4159 3084 4212; x_wconf 88' lang='lat' dir='ltr'><strong>sicut</strong></span> <span class='ocrx_word' id='word_1_820' title='bbox 3113 4175 3212 4214; x_wconf 91' lang='lat' dir='ltr'><strong>nec</strong></span> <span class='ocrx_word' id='word_1_821' title='bbox 3235 4162 3288 4214; x_wconf 89' lang='lat' dir='ltr'><strong>in</strong></span> <span class='ocrx_word' id='word_1_822' title='bbox 3315 4161 3504 4216; x_wconf 81' lang='lat' dir='ltr'><strong>bestiis</strong></span> 
     </span>
    </p>
   </div>
   <div class='ocr_carea' id='block_1_103' title="bbox 1911 4241 3507 4322">
    <p class='ocr_par' dir='ltr' id='par_1_103' title="bbox 1911 4241 3507 4322">
     <span class='ocr_line' id='line_1_103' title="bbox 1911 4241 3507 4322; baseline 0.006 -26"><span class='ocrx_word' id='word_1_823' title='bbox 1911 4241 2006 4296; x_wconf 89' lang='lat' dir='ltr'><strong>illa</strong></span> <span class='ocrx_word' id='word_1_824' title='bbox 2029 4241 2096 4295; x_wconf 89' lang='lat' dir='ltr'><strong>de</strong></span> <span class='ocrx_word' id='word_1_825' title='bbox 2128 4257 2356 4298; x_wconf 81' lang='lat' dir='ltr'><strong>sexuum</strong></span> <span class='ocrx_word' id='word_1_826' title='bbox 2388 4243 2710 4314; x_wconf 87' lang='lat' dir='ltr'><strong>genitalibus</strong></span> <span class='ocrx_word' id='word_1_827' title='bbox 2739 4255 2898 4318; x_wconf 90' lang='lat' dir='ltr'><strong>atque</strong></span> <span class='ocrx_word' id='word_1_828' title='bbox 2934 4249 3157 4316; x_wconf 90' lang='lat' dir='ltr'><strong>naturis,</strong></span> <span class='ocrx_word' id='word_1_829' title='bbox 3185 4266 3301 4322; x_wconf 61' lang='lat' dir='ltr'><strong>quae</strong></span> <span class='ocrx_word' id='word_1_830' title='bbox 3329 4259 3507 4308; x_wconf 88' lang='lat' dir='ltr'><strong>tamen</strong></span> 
     </span>
    </p>
   </div>
   <div class='ocr_carea' id='block_1_104' title="bbox 1911 4331 3505 4414">
    <p class='ocr_par' dir='ltr' id='par_1_104' title="bbox 1911 4331 3505 4414">
     <span class='ocr_line' id='line_1_104' title="bbox 1911 4331 3505 4414; baseline 0.006 -28"><span class='ocrx_word' id='word_1_831' title='bbox 1911 4331 1968 4386; x_wconf 93' lang='lat' dir='ltr'><strong>in</strong></span> <span class='ocrx_word' id='word_1_832' title='bbox 2001 4331 2217 4388; x_wconf 90' lang='lat' dir='ltr'><strong>homine</strong></span> <span class='ocrx_word' id='word_1_833' title='bbox 2239 4333 2484 4404; x_wconf 91' lang='lat' dir='ltr'><strong>pudenda</strong></span> <span class='ocrx_word' id='word_1_834' title='bbox 2516 4335 2678 4390; x_wconf 87' lang='lat' dir='ltr'><strong>sunt?</strong></span> <span class='ocrx_word' id='word_1_835' title='bbox 2719 4352 2781 4392; x_wconf 88' lang='lat' dir='ltr'><strong>ea</strong></span> <span class='ocrx_word' id='word_1_836' title='bbox 2811 4353 2969 4394; x_wconf 88' lang='lat' dir='ltr'><strong>causa</strong></span> <span class='ocrx_word' id='word_1_837' title='bbox 3001 4341 3182 4410; x_wconf 89' lang='lat' dir='ltr'><strong>utique</strong></span> <span class='ocrx_word' id='word_1_838' title='bbox 3203 4379 3219 4410; x_wconf 95' lang='lat'><strong>,</strong></span> <span class='ocrx_word' id='word_1_839' title='bbox 3249 4356 3352 4412; x_wconf 88' lang='lat' dir='ltr'><strong>qua</strong></span> <span class='ocrx_word' id='word_1_840' title='bbox 3395 4341 3505 4414; x_wconf 86' lang='lat' dir='ltr'><strong>pri-</strong></span> 
     </span>
    </p>
   </div>
   <div class='ocr_carea' id='block_1_105' title="bbox 1907 4425 3492 4502">
    <p class='ocr_par' dir='ltr' id='par_1_105' title="bbox 1907 4425 3492 4502">
     <span class='ocr_line' id='line_1_105' title="bbox 1907 4425 3492 4502; baseline 0.006 -24"><span class='ocrx_word' id='word_1_841' title='bbox 1907 4425 2066 4479; x_wconf 90' lang='lat' dir='ltr'><strong>mitus</strong></span> <span class='ocrx_word' id='word_1_842' title='bbox 2115 4435 2230 4498; x_wconf 91' lang='lat' dir='ltr'><strong>post</strong></span> <span class='ocrx_word' id='word_1_843' title='bbox 2271 4435 2543 4498; x_wconf 87' lang='lat' dir='ltr'><strong>peccatum</strong></span> <span class='ocrx_word' id='word_1_844' title='bbox 2577 4428 2716 4484; x_wconf 85' lang='lat' dir='ltr'><strong>foliis</strong></span> <span class='ocrx_word' id='word_1_845' title='bbox 2761 4429 3001 4488; x_wconf 79' lang='lat' dir='ltr'><strong>ficulneis</strong></span> <span class='ocrx_word' id='word_1_846' title='bbox 3043 4431 3298 4502; x_wconf 88' lang='lat' dir='ltr'><strong>adoperta</strong></span> <span class='ocrx_word' id='word_1_847' title='bbox 3340 4443 3492 4490; x_wconf 89' lang='lat' dir='ltr'><strong>sunt.</strong></span> 
     </span>
    </p>
   </div>
   <div class='ocr_carea' id='block_1_106' title="bbox 1907 4513 3500 4598">
    <p class='ocr_par' dir='ltr' id='par_1_106' title="bbox 1907 4513 3500 4598">
     <span class='ocr_line' id='line_1_106' title="bbox 1907 4513 3500 4598; baseline 0.007 -28"><span class='ocrx_word' id='word_1_848' title='bbox 1907 4513 2038 4570; x_wconf 85' lang='lat' dir='ltr'><strong>Nam</strong></span> <span class='ocrx_word' id='word_1_849' title='bbox 2078 4532 2198 4572; x_wconf 91' lang='lat' dir='ltr'><strong>cum</strong></span> <span class='ocrx_word' id='word_1_850' title='bbox 2237 4517 2286 4572; x_wconf 92' lang='lat' dir='ltr'><strong>in</strong></span> <span class='ocrx_word' id='word_1_851' title='bbox 2327 4517 2683 4588; x_wconf 90' lang='lat' dir='ltr'><strong>descriptione</strong></span> <span class='ocrx_word' id='word_1_852' title='bbox 2714 4520 2932 4578; x_wconf 87' lang='lat' dir='ltr'><strong>humani</strong></span> <span class='ocrx_word' id='word_1_853' title='bbox 2958 4525 3202 4594; x_wconf 88' lang='lat' dir='ltr'><strong>corporis</strong></span> <span class='ocrx_word' id='word_1_854' title='bbox 3229 4541 3398 4598; x_wconf 86' lang='lat' dir='ltr'><strong>usque</strong></span> <span class='ocrx_word' id='word_1_855' title='bbox 3431 4525 3500 4581; x_wconf 88' lang='lat' dir='ltr'><strong>ad</strong></span> 
     </span>
    </p>
   </div>
   <div class='ocr_carea' id='block_1_107' title="bbox 1905 4609 3499 4687">
    <p class='ocr_par' dir='ltr' id='par_1_107' title="bbox 1905 4609 3499 4687">
     <span class='ocr_line' id='line_1_107' title="bbox 1905 4609 3499 4687; baseline 0.006 -23"><span class='ocrx_word' id='word_1_856' title='bbox 1905 4609 1996 4664; x_wconf 89' lang='lat' dir='ltr'><strong>illa</strong></span> <span class='ocrx_word' id='word_1_857' title='bbox 2023 4617 2262 4665; x_wconf 82' lang='lat' dir='ltr'><strong>extrema</strong></span> <span class='ocrx_word' id='word_1_858' title='bbox 2290 4612 2545 4677; x_wconf 88' lang='lat' dir='ltr'><strong>venisset,</strong></span> <span class='ocrx_word' id='word_1_859' title='bbox 2576 4627 2678 4684; x_wconf 90' lang='lat' dir='ltr'><strong>qua</strong></span> <span class='ocrx_word' id='word_1_860' title='bbox 2707 4611 2812 4668; x_wconf 92' lang='lat' dir='ltr'><strong>cibi</strong></span> <span class='ocrx_word' id='word_1_861' title='bbox 2842 4615 3077 4686; x_wconf 76' lang='lat' dir='ltr'><strong>reliquiae</strong></span> <span class='ocrx_word' id='word_1_862' title='bbox 3106 4617 3448 4687; x_wconf 88' lang='lat' dir='ltr'><strong>depelluntur</strong></span> <span class='ocrx_word' id='word_1_863' title='bbox 3481 4635 3499 4674; x_wconf 87' lang='lat'><strong>:</strong></span> 
     </span>
    </p>
   </div>
   <div class='ocr_carea' id='block_1_108' title="bbox 1912 4701 3510 4774">
    <p class='ocr_par' dir='ltr' id='par_1_108' title="bbox 1912 4701 3510 4774">
     <span class='ocr_line' id='line_1_108' title="bbox 1912 4701 3510 4774; baseline 0.008 -19"><span class='ocrx_word' id='word_1_864' title='bbox 1912 4719 1932 4754; x_wconf 73' lang='grc' dir='ltr'><strong>ε</strong></span> <span class='ocrx_word' id='word_1_865' title='bbox 1969 4701 2446 4770; x_wconf 87' lang='lat' dir='ltr'><strong>Quemadmodum,</strong></span> <span class='ocrx_word' id='word_1_866' title='bbox 2487 4723 2505 4756; x_wconf 73' lang='grc' dir='ltr'><strong>ι</strong></span> <span class='ocrx_word' id='word_1_867' title='bbox 2539 4705 2724 4774; x_wconf 90' lang='lat' dir='ltr'><strong>inquit,</strong></span> <span class='ocrx_word' id='word_1_868' title='bbox 2767 4725 2786 4758; x_wconf 88' lang='grc'>‹</span> <span class='ocrx_word' id='word_1_869' title='bbox 2821 4707 2932 4772; x_wconf 85' lang='lat' dir='ltr'><strong>fiat,</strong></span> <span class='ocrx_word' id='word_1_870' title='bbox 2966 4707 3104 4762; x_wconf 89' lang='lat' dir='ltr'><strong>haud</strong></span> <span class='ocrx_word' id='word_1_871' title='bbox 3132 4725 3260 4764; x_wconf 89' lang='lat' dir='ltr'><strong>sane</strong></span> <span class='ocrx_word' id='word_1_872' title='bbox 3290 4711 3510 4768; x_wconf 85' lang='lat' dir='ltr'><strong>difﬁcile</strong></span> 
     </span>
    </p>
   </div>
   <div class='ocr_carea' id='block_1_109' title="bbox 1905 4793 3508 4874">
    <p class='ocr_par' dir='ltr' id='par_1_109' title="bbox 1905 4793 3508 4874">
     <span class='ocr_line' id='line_1_109' title="bbox 1905 4793 3508 4874; baseline 0.005 -22"><span class='ocrx_word' id='word_1_873' title='bbox 1905 4793 2048 4852; x_wconf 85' lang='lat' dir='ltr'><strong>dictu</strong></span> <span class='ocrx_word' id='word_1_874' title='bbox 2075 4803 2156 4850; x_wconf 90' lang='lat' dir='ltr'><strong>est</strong></span> <span class='ocrx_word' id='word_1_875' title='bbox 2185 4813 2198 4850; x_wconf 86' lang='lat'><strong>:</strong></span> <span class='ocrx_word' id='word_1_876' title='bbox 2230 4795 2323 4850; x_wconf 85' lang='lat' dir='ltr'><strong>sed</strong></span> <span class='ocrx_word' id='word_1_877' title='bbox 2356 4805 2532 4851; x_wconf 91' lang='lat' dir='ltr'><strong>tamen</strong></span> <span class='ocrx_word' id='word_1_878' title='bbox 2561 4797 2986 4866; x_wconf 61' lang='lat' dir='ltr'><strong>praetereundum</strong></span> <span class='ocrx_word' id='word_1_879' title='bbox 3007 4843 3022 4866; x_wconf 93' lang='lat'><strong>,</strong></span> <span class='ocrx_word' id='word_1_880' title='bbox 3063 4817 3131 4855; x_wconf 91' lang='lat' dir='ltr'><strong>ne</strong></span> <span class='ocrx_word' id='word_1_881' title='bbox 3155 4803 3282 4874; x_wconf 88' lang='lat' dir='ltr'><strong>quid</strong></span> <span class='ocrx_word' id='word_1_882' title='bbox 3315 4803 3508 4860; x_wconf 90' lang='lat' dir='ltr'><strong>habeat</strong></span> 
     </span>
    </p>
   </div>
   <div class='ocr_carea' id='block_1_110' title="bbox 1904 4887 3501 4970">
    <p class='ocr_par' dir='ltr' id='par_1_110' title="bbox 1904 4887 3501 4970">
     <span class='ocr_line' id='line_1_110' title="bbox 1904 4887 3501 4970; baseline 0.008 -29"><span class='ocrx_word' id='word_1_883' title='bbox 1904 4887 2306 4970; x_wconf 79' lang='lat' dir='ltr'><strong>injucunditatis</strong></span> <span class='ocrx_word' id='word_1_884' title='bbox 2341 4889 2530 4944; x_wconf 88' lang='lat' dir='ltr'><strong>oratio.</strong></span> <span class='ocrx_word' id='word_1_885' title='bbox 2571 4910 2590 4944; x_wconf 73' lang='grc' dir='ltr'><strong>ι</strong></span> <span class='ocrx_word' id='word_1_886' title='bbox 2626 4891 2742 4946; x_wconf 87' lang='grc' dir='ltr'>Νοιι</span> <span class='ocrx_word' id='word_1_887' title='bbox 2785 4891 2938 4959; x_wconf 75' lang='lat' dir='ltr'><strong>dixit,</strong></span> <span class='ocrx_word' id='word_1_888' title='bbox 2987 4893 3357 4964; x_wconf 87' lang='lat' dir='ltr'><strong>Coufusionis;</strong></span> <span class='ocrx_word' id='word_1_889' title='bbox 3392 4902 3501 4968; x_wconf 86' lang='lat' dir='ltr'><strong>vel,</strong></span> 
     </span>
    </p>
   </div>
   <div class='ocr_carea' id='block_1_111' title="bbox 1903 4977 3506 5061">
    <p class='ocr_par' dir='ltr' id='par_1_111' title="bbox 1903 4977 3506 5061">
     <span class='ocr_line' id='line_1_111' title="bbox 1903 4977 3506 5061; baseline 0.007 -28"><span class='ocrx_word' id='word_1_890' title='bbox 1903 4977 1981 5033; x_wconf 89' lang='lat' dir='ltr'><strong>Ne</strong></span> <span class='ocrx_word' id='word_1_891' title='bbox 2011 4979 2132 5048; x_wconf 90' lang='lat' dir='ltr'><strong>quid</strong></span> <span class='ocrx_word' id='word_1_892' title='bbox 2167 4979 2466 5049; x_wconf 90' lang='lat' dir='ltr'><strong>pudendum</strong></span> <span class='ocrx_word' id='word_1_893' title='bbox 2499 4981 2692 5037; x_wconf 88' lang='lat' dir='ltr'><strong>habeat</strong></span> <span class='ocrx_word' id='word_1_894' title='bbox 2712 4983 2886 5038; x_wconf 89' lang='lat' dir='ltr'><strong>oratio</strong></span> <span class='ocrx_word' id='word_1_895' title='bbox 2915 5001 2927 5038; x_wconf 91' lang='lat'>:</span> <span class='ocrx_word' id='word_1_896' title='bbox 2957 4985 3074 5056; x_wconf 89' lang='lat' dir='ltr'><strong>sed,</strong></span> <span class='ocrx_word' id='word_1_897' title='bbox 3109 5006 3127 5038; x_wconf 89' lang='grc'>‹</span> <span class='ocrx_word' id='word_1_898' title='bbox 3171 5003 3238 5046; x_wconf 84' lang='lat' dir='ltr'><strong>ne</strong></span> <span class='ocrx_word' id='word_1_899' title='bbox 3265 4991 3387 5061; x_wconf 91' lang='lat' dir='ltr'><strong>quid</strong></span> <span class='ocrx_word' id='word_1_900' title='bbox 3416 4991 3506 5045; x_wconf 79' lang='lat' dir='ltr'><strong>in-</strong></span> 
     </span>
    </p>
   </div>
   <div class='ocr_carea' id='block_1_112' title="bbox 1898 5069 3503 5153">
    <p class='ocr_par' dir='ltr' id='par_1_112' title="bbox 1898 5069 3503 5153">
     <span class='ocr_line' id='line_1_112' title="bbox 1898 5069 3503 5153; baseline 0.007 -29"><span class='ocrx_word' id='word_1_901' title='bbox 1898 5069 2266 5140; x_wconf 74' lang='lat' dir='ltr'><strong>iucunditatis.</strong></span> <span class='ocrx_word' id='word_1_902' title='bbox 2307 5089 2326 5122; x_wconf 75' lang='grc' dir='ltr'><strong>ι</strong></span> <span class='ocrx_word' id='word_1_903' title='bbox 2358 5072 2472 5126; x_wconf 88' lang='lat' dir='ltr'><strong>Alia</strong></span> <span class='ocrx_word' id='word_1_904' title='bbox 2495 5081 2620 5127; x_wconf 91' lang='lat' dir='ltr'><strong>sunt</strong></span> <span class='ocrx_word' id='word_1_905' title='bbox 2640 5074 2782 5128; x_wconf 87' lang='lat' dir='ltr'><strong>enim</strong></span> <span class='ocrx_word' id='word_1_906' title='bbox 2804 5090 2924 5145; x_wconf 76' lang='lat' dir='ltr'><strong>qua:</strong></span> <span class='ocrx_word' id='word_1_907' title='bbox 2947 5075 3224 5135; x_wconf 85' lang='lat' dir='ltr'><strong>horrorem</strong></span> <span class='ocrx_word' id='word_1_908' title='bbox 3257 5082 3503 5153; x_wconf 85' lang='lat' dir='ltr'><strong>ingerunt</strong></span> 
     </span>
    </p>
   </div>
   <div class='ocr_carea' id='block_1_113' title="bbox 1903 5161 3500 5242">
    <p class='ocr_par' dir='ltr' id='par_1_113' title="bbox 1903 5161 3500 5242">
     <span class='ocr_line' id='line_1_113' title="bbox 1903 5161 3500 5242; baseline 0.007 -26"><span class='ocrx_word' id='word_1_909' title='bbox 1903 5161 2168 5226; x_wconf 89' lang='lat' dir='ltr'><strong>sensibus,</strong></span> <span class='ocrx_word' id='word_1_910' title='bbox 2219 5163 2360 5232; x_wconf 88' lang='lat' dir='ltr'><strong>quod</strong></span> <span class='ocrx_word' id='word_1_911' title='bbox 2408 5163 2664 5218; x_wconf 89' lang='lat' dir='ltr'><strong>deformia</strong></span> <span class='ocrx_word' id='word_1_912' title='bbox 2720 5166 2860 5233; x_wconf 91' lang='lat' dir='ltr'><strong>sint;</strong></span> <span class='ocrx_word' id='word_1_913' title='bbox 2915 5167 3016 5224; x_wconf 87' lang='lat' dir='ltr'><strong>alia</strong></span> <span class='ocrx_word' id='word_1_914' title='bbox 3070 5186 3188 5240; x_wconf 79' lang='lat' dir='ltr'><strong>quae</strong></span> <span class='ocrx_word' id='word_1_915' title='bbox 3241 5171 3500 5242; x_wconf 90' lang='lat' dir='ltr'><strong>pudorem</strong></span> 
     </span>
    </p>
   </div>
   <div class='ocr_carea' id='block_1_114' title="bbox 1903 5253 3496 5328">
    <p class='ocr_par' dir='ltr' id='par_1_114' title="bbox 1903 5253 3496 5328">
     <span class='ocr_line' id='line_1_114' title="bbox 1903 5253 3496 5328; baseline 0.006 -22"><span class='ocrx_word' id='word_1_916' title='bbox 1903 5253 2188 5317; x_wconf 87' lang='lat' dir='ltr'><strong>mentibus,</strong></span> <span class='ocrx_word' id='word_1_917' title='bbox 2235 5253 2444 5308; x_wconf 88' lang='lat' dir='ltr'><strong>etiamsi</strong></span> <span class='ocrx_word' id='word_1_918' title='bbox 2475 5254 2706 5310; x_wconf 85' lang='lat' dir='ltr'><strong>formosa</strong></span> <span class='ocrx_word' id='word_1_919' title='bbox 2731 5255 2838 5310; x_wconf 91' lang='lat' dir='ltr'><strong>sint</strong></span> <span class='ocrx_word' id='word_1_920' title='bbox 2879 5274 2893 5310; x_wconf 91' lang='lat'><strong>:</strong></span> <span class='ocrx_word' id='word_1_921' title='bbox 2941 5259 3064 5328; x_wconf 89' lang='lat' dir='ltr'><strong>quia</strong></span> <span class='ocrx_word' id='word_1_922' title='bbox 3105 5261 3192 5316; x_wconf 87' lang='lat' dir='ltr'><strong>illa</strong></span> <span class='ocrx_word' id='word_1_923' title='bbox 3219 5261 3496 5328; x_wconf 73' lang='lat' dir='ltr'><strong>offendunt</strong></span> 
     </span>
    </p>
   </div>
   <div class='ocr_carea' id='block_1_115' title="bbox 1903 5327 3494 5422">
    <p class='ocr_par' dir='ltr' id='par_1_115' title="bbox 1903 5327 3494 5422">
     <span class='ocr_line' id='line_1_115' title="bbox 1903 5327 3494 5422; baseline 0.006 -21"><span class='ocrx_word' id='word_1_924' title='bbox 1903 5347 2310 5402; x_wconf 89' lang='lat' dir='ltr'><strong>delectationem</strong></span> <span class='ocrx_word' id='word_1_925' title='bbox 2332 5388 2348 5414; x_wconf 92' lang='lat'><strong>,</strong></span> <span class='ocrx_word' id='word_1_926' title='bbox 2386 5357 2726 5404; x_wconf 91' lang='lat' dir='ltr'><strong>commovent</strong></span> <span class='ocrx_word' id='word_1_927' title='bbox 2749 5360 2925 5407; x_wconf 91' lang='lat' dir='ltr'><strong>autem</strong></span> <span class='ocrx_word' id='word_1_928' title='bbox 2957 5351 3056 5407; x_wconf 91' lang='lat' dir='ltr'><strong>ista</strong></span> <span class='ocrx_word' id='word_1_929' title='bbox 3086 5327 3380 5422; x_wconf 54' lang='lat' dir='ltr'><strong>libidinem,</strong></span> <span class='ocrx_word' id='word_1_930' title='bbox 3406 5354 3494 5410; x_wconf 89' lang='lat' dir='ltr'><strong>vel</strong></span> 
     </span>
    </p>
   </div>
   <div class='ocr_carea' id='block_1_116' title="bbox 1901 5437 2565 5496">
    <p class='ocr_par' dir='ltr' id='par_1_116' title="bbox 1901 5437 2565 5496">
     <span class='ocr_line' id='line_1_116' title="bbox 1901 5437 2565 5496; baseline 0.003 -4"><span class='ocrx_word' id='word_1_931' title='bbox 1901 5437 2120 5493; x_wconf 91' lang='lat' dir='ltr'><strong>libidine</strong></span> <span class='ocrx_word' id='word_1_932' title='bbox 2143 5447 2565 5496; x_wconf 90' lang='lat' dir='ltr'><strong>commoventur.</strong></span> 
     </span>
    </p>
   </div>
   <div class='ocr_carea' id='block_1_117' title="bbox 1975 5528 3560 5610">
    <p class='ocr_par' dir='ltr' id='par_1_117' title="bbox 1975 5528 3560 5610">
     <span class='ocr_line' id='line_1_117' title="bbox 1975 5528 3560 5610; baseline 0.005 -26"><span class='ocrx_word' id='word_1_933' title='bbox 1975 5529 2064 5584; x_wconf 85' lang='lat'><strong>59.</strong></span> <span class='ocrx_word' id='word_1_934' title='bbox 2113 5528 2248 5597; x_wconf 90' lang='lat' dir='ltr'><strong>Quid</strong></span> <span class='ocrx_word' id='word_1_935' title='bbox 2291 5531 2450 5602; x_wconf 87' lang='lat' dir='ltr'><strong>igitur</strong></span> <span class='ocrx_word' id='word_1_936' title='bbox 2491 5541 2545 5588; x_wconf 91' lang='lat' dir='ltr'><strong>te</strong></span> <span class='ocrx_word' id='word_1_937' title='bbox 2583 5531 2838 5604; x_wconf 86' lang='lat' dir='ltr'><strong>adjuvant</strong></span> <span class='ocrx_word' id='word_1_938' title='bbox 2875 5534 3028 5591; x_wconf 77' lang='lat' dir='ltr'><strong>hzec?</strong></span> <span class='ocrx_word' id='word_1_939' title='bbox 3061 5552 3082 5589; x_wconf 74' lang='grc' dir='ltr'><strong>ι</strong></span> <span class='ocrx_word' id='word_1_940' title='bbox 3113 5536 3247 5604; x_wconf 91' lang='lat' dir='ltr'><strong>Quia</strong></span> <span class='ocrx_word' id='word_1_941' title='bbox 3291 5535 3432 5610; x_wconf 82' lang='lat' dir='ltr'><strong>ipse,</strong></span> <span class='ocrx_word' id='word_1_942' title='bbox 3470 5559 3491 5592; x_wconf 74' lang='grc' dir='ltr'><strong>ι</strong></span> <span class='ocrx_word' id='word_1_943' title='bbox 3557 5537 3560 5540; x_wconf 77' lang='grc'><em>’</em></span> 
     </span>
    </p>
   </div>
   <div class='ocr_carea' id='block_1_118' title="bbox 1977 5749 3502 5824">
    <p class='ocr_par' dir='ltr' id='par_1_118' title="bbox 1977 5749 3502 5824">
     <span class='ocr_line' id='line_1_118' title="bbox 1977 5749 3502 5824; baseline 0.012 -26"><span class='ocrx_word' id='word_1_944' title='bbox 1977 5751 1995 5783; x_wconf 75' lang='grc' dir='ltr'>ί</span> <span class='ocrx_word' id='word_1_945' title='bbox 2015 5749 2329 5824; x_wconf 80' lang='lat' dir='ltr'><strong>Michaelinus</strong></span> <span class='ocrx_word' id='word_1_946' title='bbox 2362 5752 2538 5824; x_wconf 82' lang='lat' dir='ltr'><strong>codex,</strong></span> <span class='ocrx_word' id='word_1_947' title='bbox 2561 5761 2616 5824; x_wconf 87' lang='lat' dir='ltr'><strong>_et</strong></span> <span class='ocrx_word' id='word_1_948' title='bbox 2651 5756 2701 5824; x_wconf 68' lang='lat' dir='ltr'><strong>in</strong></span> <span class='ocrx_word' id='word_1_949' title='bbox 2733 5755 2842 5805; x_wconf 87' lang='lat' dir='ltr'><strong>aliis</strong></span> <span class='ocrx_word' id='word_1_950' title='bbox 2880 5756 2943 5824; x_wconf 8' lang='lat' dir='ltr'><strong>ad,</strong></span> <span class='ocrx_word' id='word_1_951' title='bbox 2972 5757 3502 5824; x_wconf 17' lang='lat' dir='ltr'><strong>marginemipluribus</strong></span> 
     </span>
    </p>
   </div>
   <div class='ocr_carea' id='block_1_119' title="bbox 1899 5815 3501 5938">
    <p class='ocr_par' dir='ltr' id='par_1_119' title="bbox 1899 5815 3501 5938">
     <span class='ocr_line' id='line_1_119' title="bbox 1899 5815 3492 5890; baseline 0.009 -26"><span class='ocrx_word' id='word_1_952' title='bbox 1899 5821 2030 5886; x_wconf 36' lang='lat' dir='ltr'><strong>Mss.”</strong></span> <span class='ocrx_word' id='word_1_953' title='bbox 2055 5819 2345 5886; x_wconf 67' lang='lat' dir='ltr'><strong>castrorum.</strong></span> <span class='ocrx_word' id='word_1_954' title='bbox 2361 5815 2598 5876; x_wconf 78' lang='lat' dir='ltr'><strong>—Morcl,</strong></span> <span class='ocrx_word' id='word_1_955' title='bbox 2617 5815 2852 5866; x_wconf 71' lang='lat' dir='ltr'><strong>uernent.</strong></span> <span class='ocrx_word' id='word_1_956' title='bbox 2875 5821 3052 5881; x_wconf 57' lang='lat' dir='ltr'><strong>Critia,</strong></span> <span class='ocrx_word' id='word_1_957' title='bbox 3077 5815 3223 5886; x_wconf 75' lang='lat' dir='ltr'><strong>pagg.</strong></span> <span class='ocrx_word' id='word_1_958' title='bbox 3247 5815 3360 5888; x_wconf 44' lang='lat'><strong>3’16,</strong></span> <span class='ocrx_word' id='word_1_959' title='bbox 3375 5815 3492 5890; x_wconf 66' lang='lat'><strong>‘2&quot;,</strong></span> 
     </span>
     <span class='ocr_line' id='line_1_120' title="bbox 1899 5874 3501 5938; baseline -0.003 -8"><span class='ocrx_word' id='word_1_960' title='bbox 1899 5874 2046 5938; x_wconf 77' lang='lat' dir='ltr'><strong>legit.</strong></span> <span class='ocrx_word' id='word_1_961' title='bbox 2071 5876 2462 5938; x_wconf 75' lang='lat' dir='ltr'><strong>cltmﬂanorum.</strong></span> <span class='ocrx_word' id='word_1_962' title='bbox 2527 5885 2584 5926; x_wconf 79' lang='lat' dir='ltr'><strong>tu.</strong></span> <span class='ocrx_word' id='word_1_963' title='bbox 2622 5937 2627 5938; x_wconf 16' lang='grc' dir='ltr'>ί</span> <span class='ocrx_word' id='word_1_964' title='bbox 3487 5891 3501 5900; x_wconf 65' lang='grc' dir='ltr'><strong>ι</strong></span> 
     </span>
    </p>
   </div>
   <div class='ocr_carea' id='block_1_120' title="bbox 1969 5911 3408 6016">
    <p class='ocr_par' dir='ltr' id='par_1_120' title="bbox 1969 5911 3408 6016">
     <span class='ocr_line' id='line_1_121' title="bbox 1969 5911 3408 6016; baseline 0.013 -31"><span class='ocrx_word' id='word_1_965' title='bbox 1969 5911 2063 5988; x_wconf 43' lang='lat' dir='ltr'><strong>alii:</strong></span> <span class='ocrx_word' id='word_1_966' title='bbox 2517 5911 2726 6002; x_wconf 42' lang='lat' dir='ltr'><strong>diem,</strong></span> <span class='ocrx_word' id='word_1_967' title='bbox 2749 5951 2845 5994; x_wconf 69' lang='lat' dir='ltr'><strong>sive</strong></span> <span class='ocrx_word' id='word_1_968' title='bbox 2859 5941 3113 5999; x_wconf 78' lang='lat' dir='ltr'><strong>hmm&#39;dum</strong></span> <span class='ocrx_word' id='word_1_969' title='bbox 3141 5945 3408 6016; x_wconf 54' lang='lat' dir='ltr'><strong>receperit...</strong></span> 
     </span>
    </p>
   </div>
  </div>
