4038 6480
585 364 691 423 767

585 485 782 554 inquis,
815 503 832 538 ι
858 483 1036 555 opifex
1058 494 1239 540 noster
1260 481 1465 538 nullum
1495 498 1606 538 sua:
1627 481 1756 537 artis
1777 482 1980 536 crimen
2003 496 2169 566 agno-

585 581 682 645 vit,
718 590 773 634 ut
801 579 978 634 vitalia
1002 588 1181 633 nostra
1209 585 1314 632 tam
1345 576 1628 648 diligenter
1653 577 1940 632 occuleret.
1967 593 1986 626 ›
2019 576 2174 630 Absit

587 673 761 741 plane,
797 680 852 724 ut
873 670 1002 725 artis
1030 685 1141 724 sua:
1164 678 1340 724 tantus
1358 668 1545 724 artifex
1569 667 1736 722 ullum
1767 664 2044 738 agnoverit
2061 665 2169 721 cri-

552 780 729 818 .men.
781 763 888 818 Sed
925 777 1020 816 cur
1046 763 1144 818 ista
1191 763 1416 827 texerit,
1444 761 1552 831 jam
1585 760 1740 831 paulo
1770 759 2014 828 superius
2059 757 2172 828 ipse

585 855 785 919 dixisti,
822 873 839 905 ι
869 870 934 908 ne
965 854 1170 908 scilicet
1196 873 1214 906 ι
1247 855 1329 908 vel
1357 855 1641 920 intereant,
1674 853 1754 907 vel
1790 851 2041 906 horreant
2067 865 2171 920 pu-

587 946 798 1000 blicata.
843 966 859 998 ι
894 947 983 1000 llla
1013 961 1141 1001 vero
1166 961 1284 1016 qum
1325 945 1466 1000 foliis
1497 945 1735 1000 ﬁculneis
1765 951 2014 998 texerunt
2039 955 2171 997 con-

582 1035 740 1105 juges
769 1037 920 1105 primi
949 1036 968 1108 (
992 1035 1118 1090 Gen.
1152 1052 1226 1101 ιιι,
1255 1037 1322 1105 7)
1349 1077 1362 1100 ,
1401 1050 1499 1090 nec
1531 1033 1816 1090 interibant
1842 1033 2044 1102 utique,
2073 1046 2173 1086 nec

589 1123 911 1192 horrebant,
941 1126 1152 1195 quando
1181 1127 1306 1181 nudi
1336 1135 1516 1192 erant,
1545 1135 1598 1181 et
1625 1140 1728 1180 non
1767 1123 2170 1180 confundeban-

588 1225 671 1270 tur
700 1215 807 1287 (Id.
845 1233 902 1282 ιι,
933 1216 1045 1288 25').
1095 1218 1162 1272 Et
1189 1233 1326 1272 nunc
1366 1218 1628 1288 pudicitia:
1666 1216 1869 1283 cautio,
1903 1217 2078 1286 potius
2106 1231 2174 1272 ne

584 1307 766 1372 libeat,
797 1324 952 1380 quam
981 1325 1047 1365 ne
1072 1309 1285 1365 horreat
1314 1311 1400 1364 illa
1421 1311 1646 1380 species,
1670 1308 1979 1365 eorumdem
1999 1325 2176 1364 mem-

583 1397 798 1454 brorum
841 1402 1038 1456 devitat
1073 1412 1364 1472 aspectum.
1398 1402 1615 1457 Frustra
1659 1402 1820 1472 igitur
1864 1402 2172 1457 testimonio

582 1490 882 1547 Stoicorum
930 1493 1215 1561 juvandam
1265 1495 1460 1566 putasti
1507 1502 1648 1549 tuam
1688 1509 1807 1548 esse
1845 1502 2170 1563 susceptam,

583 1599 691 1639 non
723 1600 848 1640 sane
885 1586 987 1640 illis
1025 1587 1271 1654 amicam,
1315 1587 1405 1657 qui
1445 1587 1645 1641 nullam
1690 1585 2001 1656 particulam
2048 1585 2174 1640 boni

582 1677 801 1734 humani
832 1680 883 1734 in
915 1681 1154 1750 corporis
1175 1681 1440 1751 voluptate
1466 1689 1772 1750 posuerunt.
1807 1681 2042 1751 Denique
2067 1680 2176 1734 ele-

583 1781 775 1842 gerunt
802 1772 855 1826 in
884 1774 1161 1842 pecoribus
1210 1774 1384 1844 potius
1411 1789 1567 1845 quam
1599 1775 1650 1828 in
1680 1773 2003 1839 hominibus,
2032 1772 2175 1844 quod

587 1869 646 1916 tu
689 1863 846 1928 facis,
879 1863 1094 1919 laudare
1136 1864 1400 1921 libidines.
1450 1865 1646 1920 Eorum
1693 1865 1890 1936 quippe
1935 1865 2174 1936 Opinioni

584 1953 971 2010 convenienter
999 1957 1072 2010 ait
1100 1957 1330 2027 quodam
1371 1958 1490 2013 loco
1513 1958 1739 2026 Tullius,
1771 1974 1831 2014 se
1855 1975 1960 2012 non
1987 1969 2174 2028 putare

583 2043 727 2101 idem
755 2062 874 2102 esse
911 2049 1089 2103 arietis
1119 2059 1170 2103 et
1197 2049 1369 2104 Publii
1396 2047 1628 2104 Africani
1659 2050 1879 2105 bonum.
1910 2051 2026 2120 Qita
2052 2067 2170 2106 ma-

583 2137 666 2207 gis
693 2138 955 2193 sententia
990 2148 1040 2196 te
1067 2141 1300 2210 Oportuit
1324 2141 1599 2197 admoneri
1619 2183 1636 2210 ,
1685 2141 1812 2213 quid
1847 2142 1914 2199 de
1943 2143 2172 2199 humana

583 2227 804 2286 libidine
831 2232 1030 2288 sentire
1059 2232 1306 2289 deberes.

655 2320 744 2376 60.
765 2321 871 2378 Sed
898 2323 942 2376 si
973 2323 1164 2379 talibus
1191 2325 1380 2380 litteris
1407 2333 1463 2379 ut
1485 2325 1683 2396 aliquid
1711 2341 1954 2398 agamus,
1977 2328 2170 2398 placet,

581 2415 704 2485 quia
728 2424 780 2469 et
807 2415 859 2468 in
888 2416 1016 2486 ipsis
1034 2419 1370 2486 reperiuntur
1386 2419 1638 2474 nonnulla
1658 2421 1881 2490 vestigia
1898 2421 2168 2490 veritatis;

581 2505 794 2562 interim
821 2523 938 2577 qua:
967 2509 1080 2577 ipse
1112 2509 1352 2578 posuisti,
1383 2510 1512 2566 nihil
1537 2511 1793 2567 adversus
1832 2527 1931 2568 nos
1965 2515 2169 2579 valere,

581 2609 710 2670 puto
739 2601 879 2671 quod
905 2602 1014 2670 jam
1039 2601 1238 2671 debeas
1257 2603 1519 2658 conﬁteri.
1542 2603 1671 2660 Vide
1699 2621 1838 2660 nunc
1863 2616 2042 2661 utrum
2071 2607 2172 2661 ista

580 2706 698 2762 quae
725 2691 897 2747 dicam
919 2734 934 2759 ,
966 2710 1072 2748 non
1099 2704 1340 2749 evertant
1367 2695 1715 2750 assertionem
1754 2705 1918 2751 tuam.
1946 2697 2002 2752 ln
2035 2697 2172 2753 libro

579 2783 738 2838 tertio
779 2782 847 2839 de
890 2784 1208 2853 Republica,
1252 2785 1393 2841 idem
1439 2785 1644 2840 Tullius
1693 2787 1962 2842 hominem
2010 2787 2169 2855 dicit,

584 2891 604 2925 ι
641 2889 748 2928 ιιοιι
775 2883 832 2929 ιιι
865 2891 895 2929 a
927 2884 1112 2940 matre,
1144 2877 1238 2932 sed
1269 2886 1375 2932 uta
1406 2892 1635 2932 noverca
1664 2888 1851 2933 natura
1874 2879 2078 2935 editum
2115 2881 2171 2935 in

580 2966 771 3032 vitam,
795 2983 1018 3037 corpore
1044 2969 1206 3035 nudo,
1232 2970 1422 3040 fragili,
1451 2979 1503 3025 et
1529 2971 1745 3026 inﬁrmo
1764 2988 1778 3037 ;
1797 2973 1975 3027 animo
1991 2982 2170 3029 autem

579 3057 738 3111 anxio
764 3057 830 3111 ad
853 3059 1142 3123 molestias,
1178 3059 1363 3114 humili
1391 3059 1458 3115 ad
1484 3061 1724 3128 timores,
1757 3062 1902 3116 molli
1925 3062 1993 3117 ad
2018 3063 2169 3119 labo-

579 3163 691 3217 res,
726 3163 894 3220 prono
937 3149 1003 3204 ad
1035 3150 1280 3206 libidines
1312 3170 1324 3204 :
1359 3152 1410 3206 in
1439 3168 1545 3223 quo
1594 3161 1772 3209 tamen
1822 3155 2021 3210 inesset
2053 3163 2170 3208 tan-

578 3255 740 3310 quam
760 3239 980 3295 obrutus
1000 3241 1210 3311 quidam
1232 3243 1444 3298 divinus
1467 3244 1599 3314 ignis
1617 3244 1811 3315 ingenii
1828 3253 1881 3298 et
1898 3245 2112 3300 mentis.
2143 3263 2161 3298 ι

577 3331 713 3399 Quid
739 3331 805 3388 ad
840 3331 954 3387 hate
982 3333 1151 3389 dicis?
1179 3333 1294 3389 Non
1326 3335 1424 3390 hoc
1459 3345 1645 3390 auctor
1675 3336 1776 3391 iste
1805 3337 1946 3391 male
1985 3337 2168 3391 viven-

579 3425 710 3481 tium
741 3425 978 3480 moribus
1004 3425 1139 3481 dixit
1178 3425 1447 3492 elfeetum,
1476 3427 1570 3482 sed
1601 3438 1842 3482 naturam
1869 3428 2043 3497 potius
2072 3443 2166 3482 ac-

575 3516 798 3574 cusavit.
828 3517 960 3572 Rem
990 3517 1153 3585 vidit,
1198 3533 1412 3574 causam
1456 3519 1700 3574 nescivit.
1756 3518 1980 3574 Latebat
2022 3519 2164 3574 enim

576 3624 699 3667 eum
747 3624 844 3663 cur
884 3619 1026 3666 esset
1059 3627 1209 3681 grave
1238 3612 1426 3681 jugum
1468 3628 1620 3680 super
1656 3612 1791 3680 ﬁlios
1817 3611 2002 3677 Adam,
2033 3629 2063 3664 a
2086 3611 2169 3666 die

579 3703 743 3757 exitus
770 3703 834 3756 de
857 3711 1022 3757 ventre
1061 3704 1238 3758 matris
1267 3721 1460 3772 eorum,
1492 3721 1648 3774 usque
1681 3706 1734 3758 in
1762 3705 1894 3758 diem
1936 3707 2168 3775 sepultu-

577 3809 653 3848 ra:
670 3795 722 3847 in
744 3803 950 3848 matrem
971 3795 1192 3848 omnium
1219 3794 1406 3866 (Eccli.
1435 3812 1523 3861 χι..
1559 3797 1632 3865 l);
1662 3797 1784 3866 quia
1812 3796 1977 3850 sacris
1998 3796 2166 3852 Litte-

579 3883 656 3938 ris
685 3897 790 3937 non
819 3883 1087 3950 eruditus,
1143 3885 1423 3954 ignorabat
1466 3887 1722 3956 originale
1766 3897 2060 3956 peccatum.
2105 3886 2162 3942 Si

579 3983 755 4030 autem
777 3974 846 4029 de
867 3974 1106 4043 libidine,
1133 3992 1293 4046 quant
1327 3976 1588 4043 defendis,
1624 3978 1758 4032 bene
1779 3978 2022 4043 sentiret,
2057 3992 2165 4033 non

579 4066 630 4122 ei
661 4082 858 4136 pronus
882 4066 933 4120 in
955 4066 1202 4123 libidines
1227 4069 1435 4124 animus
1460 4069 1782 4140 displiceret.

649 4179 738 4235 6i.
780 4179 882 4235 Sed
908 4180 950 4235 si
978 4179 1092 4235 haec
1120 4191 1369 4253 tanquam
1407 4183 1611 4238 minora
1646 4183 1784 4238 bona
1821 4183 2082 4249 defendis,
2113 4185 2165 4238 in

577 4285 698 4341 quae
729 4284 835 4324 non
857 4270 1014 4325 debet
1039 4288 1069 4327 a
1097 4274 1344 4342 supernis
1368 4275 1577 4330 animus
1609 4275 1875 4340 inclinari,
1911 4292 2014 4330 non
2042 4276 2166 4347 quia

578 4359 743 4416 libido
767 4361 950 4416 vitium
973 4370 1074 4427 est,
1099 4363 1192 4417 sed
1225 4364 1346 4433 quia
1371 4363 1612 4419 inﬁmum
1639 4365 1835 4420 bonum
1859 4383 1873 4431 ;
1902 4366 2023 4420 audi
2054 4381 2166 4420 ma-

585 4452 861 4508 nifestiora
887 4468 1004 4523 qua:
1027 4453 1168 4508 dicat
1191 4455 1243 4508 in
1269 4455 1455 4510 eodem
1485 4457 1600 4526 ipso
1623 4457 1756 4511 libro
1781 4457 1849 4512 de
1877 4457 2165 4526 Republica

581 4548 760 4613 tertio,
789 4561 912 4601 cum
947 4556 1136 4617 ageret
1167 4547 1235 4604 de
1259 4564 1418 4604 causa
1450 4550 1765 4620 imperandi.
1803 4569 1820 4602 ι
1862 4554 1942 4604 An
1974 4567 2098 4616 non,
2140 4569 2161 4604 ι

580 4647 774 4717 inquit,
806 4664 824 4698 ι
862 4647 1130 4701 cernimus
1153 4648 1354 4718 Optimo
1378 4649 1570 4719 cuique
1594 4649 1922 4705 dominatum
1955 4651 2022 4704 ab
2051 4653 2165 4721 ipsa

580 4751 769 4796 natura
799 4759 917 4798 cum
949 4758 1154 4798 summa
1187 4746 1413 4801 utilitate
1458 4746 1761 4801 inﬁmorum
1793 4740 2016 4801 datum?
2058 4749 2168 4803 Cur

581 4832 741 4903 igitur
769 4836 786 4865 ί
820 4835 958 4890 Deus
989 4836 1190 4891 homini
1217 4878 1232 4902 ,
1261 4838 1469 4892 animus
1501 4839 1725 4908 imperat
1753 4840 1998 4909 corpori,
2031 4843 2166 4896 ratio

581 4925 788 4980 libidini
820 4927 1212 4999 iracundiaeque
1243 4937 1295 4984 et
1319 4931 1527 4986 czcteris
1551 4931 1750 4985 vitiosis
1779 4932 2016 5001 ejusdem
2048 4934 2166 4987 ani-

581 5019 656 5074 mi
688 5018 968 5090 paftibus?
1013 5042 1030 5074 ι
1063 5022 1251 5078 Jamnc
1276 5025 1463 5079 saltem
1495 5024 1720 5081 docente
1754 5025 1854 5080 isto
1887 5027 2001 5090 has,
2034 5042 2167 5096 quas

579 5111 747 5167 bonas
773 5127 892 5169 esse
917 5113 1178 5182 defendis,
1211 5117 1428 5172 vitiosas
1455 5126 1630 5187 partes
1660 5118 1822 5173 animi
1852 5120 2168 5174 confiteris?

583 5203 777 5260 Adhuc
794 5205 940 5260 audi.
965 5205 1130 5260 Paulo
1156 5220 1275 5276 post
1295 5209 1437 5264 enim
1466 5227 1478 5264 ;
1509 5229 1526 5261 ι
1561 5209 1663 5266 Sed
1685 5219 1740 5266 et
1767 5211 2087 5283 imperandi,
2113 5221 2169 5268 et

580 5298 849 5354 serviendi
884 5317 904 5351 ›
941 5300 1128 5371 inquit,
1159 5319 1178 5352 ‹
1207 5311 1331 5357 sunt
1354 5303 1817 5360 dissimilitudines
1837 5320 2166 5376 cognoscen-

580 5392 682 5448 dae.
714 5392 844 5447 Nam
873 5403 932 5449 ut
961 5394 1170 5450 animus
1193 5399 1403 5466 corpori
1430 5398 1624 5452 dicitur
1655 5398 1936 5468 imperare,
1968 5398 2162 5454 dicitur

581 5484 741 5540 etiam
771 5485 978 5542 libidini
1013 5505 1026 5540 :
1059 5487 1153 5542 sed
1184 5489 1429 5560 corpori,
1463 5498 1520 5544 ut
1549 5505 1642 5544 rex
1676 5489 1878 5545 civibus
1907 5491 2041 5556 suis,
2075 5500 2166 5546 aut

581 5590 775 5647 parens
815 5578 1034 5645 liberis;
1077 5578 1280 5635 libidini
1327 5590 1503 5635 autem
1529 5622 1544 5647 ,
1583 5589 1640 5635 ut
1667 5581 1834 5636 servis
1880 5581 2161 5651 dominus,

587 5667 725 5739 quod
751 5685 867 5725 eam
893 5680 1108 5728 coercet
1140 5681 1194 5727 et
1237 5669 1448 5744 frangit.
1484 5671 1572 5727 Sic
1597 5687 1798 5744 regum,
1830 5677 1907 5729 sic
1937 5674 2166 5745 impera-

647 5803 669 5872 ξ
692 5802 961 5872 gnsalensis
982 5815 1084 5872 Ms.,
1100 5815 1219 5872 Cum
1240 5806 1404 5872 igitur.

648 5864 671 5895 ³
695 5865 834 5929 lditi,
855 5879 965 5931 quo.
990 5864 1233 5922 sic’etiam
1255 5864 1478 5926 'Gallicani
1509 5877 1614 5924 Mss.
1643 5879 1696 5923 At
1719 5873 1946 5937 vatimni,
1969 5875 2114 5940 quod.

1373 360 1648 419 CONTRA
1684 361 2024 420 JULIANIJM
2062 360 2527 428 PELAGIANUM,
2568 363 2627 417 S.
2665 360 3032 420 AUGUSTINI

3763 373 3876 434 768

2286 489 2458 536 torum
2483 521 2498 545 ,
2527 479 2608 536 sic
2643 480 3044 550 magistratuum
3069 522 3086 549 ,
3132 481 3211 538 sic
3255 492 3465 555 patrum
3490 527 3504 552 ,
3537 486 3614 543 sic
3643 491 3850 561 populo

2280 589 2400 628 rum
2428 572 2650 643 imperia
2674 573 2878 629 civibus
2901 573 3168 644 sociisque
3198 589 3451 646 pmsunt,
3476 587 3535 634 ut
3553 582 3875 650 corporibus

2279 666 2526 720 animus:
2556 664 2759 720 domini
2787 674 2963 720 autem
2994 681 3180 722 servos
3206 667 3276 722 ita
3306 667 3550 740 fatigant,
3579 680 3638 727 ut
3665 674 3870 744 optima

2282 770 2404 826 pars
2427 755 2611 823 animi,
2645 755 2696 810 id
2722 763 2804 811 est
2825 796 2842 821 ,
2873 757 3132 826 sapientia
3153 798 3166 821 ,
3197 759 3434 829 ejusdem
3459 761 3622 816 animi
3653 765 3877 821 vitiosas

2281 847 2679 918 imbecillasque
2711 857 2886 918 partes
2909 890 2925 915 ,
2958 856 3015 904 ut
3045 849 3328 919 libidines,
3360 861 3420 907 ut
3458 852 3782 920 iracundias,
3815 866 3874 911 ut

2281 937 2708 1007 perturbationes
2728 947 2966 993 caeteras.
3004 958 3023 991 ι
3055 939 3299 996 Habesne
3325 941 3499 998 adhuc
3519 944 3660 1014 quod
3681 955 3876 1000 contra

2281 1043 2380 1083 nos
2421 1027 2488 1082 de
2535 1028 2872 1084 Stecularium
2923 1029 3217 1086 litterarum
3269 1033 3577 1089 auctoribus
3619 1037 3878 1105 garrias?

2283 1117 2388 1174 Sed
2428 1119 2470 1173 si
2500 1129 2685 1175 contra
2724 1121 3003 1191 episcopos
3026 1122 3356 1192 eloquiorum
3377 1124 3678 1180 divinorum
3724 1143 3872 1196 prte-

2280 1209 2603 1265 clarissimos
2649 1217 2963 1267 tractatores
2986 1253 3000 1278 ,
3063 1227 3160 1284 pro
3203 1215 3306 1270 isto
3337 1217 3534 1288 (quem
3563 1233 3592 1272 a
3628 1227 3678 1274 te
3727 1219 3875 1274 Deus

2281 1298 2524 1369 avertat)
2551 1315 2735 1355 errore
2763 1301 3084 1372 quaesiturus
3109 1317 3168 1358 es
3197 1305 3322 1375 quid
3349 1306 3517 1374 dicas,
3549 1323 3723 1378 quove
3751 1326 3875 1365 mo-

2281 1390 2352 1446 do
2373 1391 2581 1446 illorum
2604 1394 2868 1448 sanctitati
2894 1395 3146 1462 resistas;
3171 1397 3298 1467 quid
3327 1399 3418 1454 tibi
3439 1400 3540 1454 erit
3562 1400 3791 1470 Tullius,
3816 1414 3876 1460 ut

2281 1497 2389 1538 non
2411 1499 2530 1538 eum
2557 1484 2612 1539 in
2636 1484 2736 1540 bac
2763 1488 3028 1542 sententia
3053 1487 3348 1559 desipuisse
3376 1507 3438 1545 ac
3457 1489 3716 1548 delirasse
3739 1509 3874 1548 con~

2284 1575 2496 1629 lendas?
2514 1576 2653 1631 Tace
2666 1591 2793 1648 ergo
2808 1577 2876 1632 de
2893 1579 3031 1633 illius
3043 1579 3252 1650 generis
3263 1579 3434 1649 libris,
3447 1591 3502 1637 et
3513 1583 3618 1637 noli
3637 1599 3735 1640 nos
3749 1585 3876 1642 inde

2280 1667 2476 1736 aliquid
2503 1670 2890 1724 contumeliose
2915 1669 3111 1726 docere
3131 1673 3335 1740 conari,
3353 1689 3421 1728 ne
3436 1689 3661 1744 quorum
3688 1685 3740 1732 te
3761 1678 3872 1732 ina-

2280 1759 2420 1815 niter
2437 1761 2704 1817 sublevari
2722 1763 2918 1831 credis,
2935 1779 3121 1819 eorum
3143 1765 3460 1822 testimoniis
3474 1770 3873 1838 comprimaris.

2348 1850 2576 1909 CAPUT
2593 1853 2811 1910 Xlll.—
2827 1856 2916 1912 62.
2934 1857 3070 1924 Quid
3085 1867 3261 1915 autem
3281 1859 3348 1916 de
3361 1871 3504 1915 motu
3519 1860 3754 1931 feminae,
3771 1879 3872 1920 cu-

2275 1943 2364 2014 jus
2383 1952 2436 1999 et
2460 1945 2629 2016 ipsam
2657 1946 2862 2017 puduit,
2887 1949 3115 2006 inaniter
3133 1952 3611 2021 argumentandum
3636 1957 3875 2025 putasti?

2279 2035 2396 2092 Non
2426 2038 2610 2108 utique
2638 2039 2833 2095 femina
2872 2049 3075 2097 motum
3113 2043 3376 2099 visibilem
3413 2045 3584 2101 texit:
3616 2047 3711 2104 sed
3742 2064 3874 2104 cum

2279 2129 2334 2184 in
2385 2130 2585 2187 eisdem
2625 2133 2878 2190 membris
2931 2135 3034 2191 tale
3059 2137 3258 2208 aliquid
3306 2139 3529 2196 sentiret
3579 2143 3871 2210 occultius,

2279 2220 2438 2292 quale
2463 2223 2543 2278 vir
2569 2234 2844 2291 senserat;
2878 2226 3035 2281 ambo
3076 2236 3342 2295 texerunt,
3369 2230 3512 2301 quod
3548 2233 3874 2290 alterutrum

2278 2314 2510 2371 videndo
2535 2316 2588 2371 in
2629 2318 2944 2374 alterutrum
2972 2323 3226 2377 commoti
3253 2323 3413 2380 ambo
3451 2335 3760 2392 senserunt,
3818 2338 3877 2384 et

2277 2407 2362 2462 vel
2386 2410 2751 2480 unusquisque
2779 2412 2877 2466 Sibi
2910 2413 2994 2468 vel
3031 2414 3168 2470 alter
3192 2414 3346 2470 alteri
3371 2417 3722 2475 erubuerunt.
3757 2420 3870 2477 Sed.

2279 2498 2504 2570 loquens
2533 2516 2688 2567 vana,
2719 2519 2739 2554 ‹
2777 2503 2915 2573 petis
2944 2514 3002 2558 ut
3033 2505 3310 2575 ignoscant
3334 2509 3650 2564 verecundae
3677 2526 3866 2578 aures,

2277 2599 2332 2646 et
2355 2595 2751 2662 congemiscant
2777 2595 2971 2665 potius,
3004 2613 3162 2668 quam
3194 2599 3530 2670 indignentur
3554 2605 3868 2661 necessitati

2279 2688 2402 2738 tuae.
2435 2703 2453 2736 ι
2489 2683 2664 2752 Quare
2692 2686 3034 2744 confunderis
3058 2689 3126 2745 de
3155 2690 3248 2746 Dei
3277 2692 3528 2762 operibus
3553 2694 3874 2766 disputare?

2277 2777 2454 2846 Quare
2476 2779 2611 2848 petis
2639 2790 2697 2834 ut
2742 2782 3048 2852 ignoscatur
3090 2781 3222 2838 tibi?
3259 2783 3447 2842 Nonne
3484 2787 3580 2843 abs
3617 2797 3671 2844 te
3697 2791 3873 2846 venia:

2273 2870 2564 2940 postulatio
2613 2873 2772 2928 etiam
2813 2874 2925 2944 ipsa
2961 2885 3044 2931 est
3073 2875 3306 2932 libidinis
3333 2879 3648 2933 accusatio?
3693 2899 3712 2932 ι
3762 2880 3872 2938 Sed

2274 2962 2322 3018 si
2352 2972 2576 3032 poterat,
2609 2983 2626 3016 ι
2659 2965 2854 3036 inquis,
2887 2985 2908 3019 ι
2955 2967 3110 3022 virile
3137 2967 3434 3024 membrum
3464 2977 3518 3025 et
3549 2980 3706 3026 antea
3752 2987 3874 3028 mo-

2275 3052 2417 3118 veri,
2449 3053 2581 3108 nihil
2617 3069 2747 3125 ergo
2778 3056 3027 3112 novitatis
3057 3058 3258 3114 invexit
3288 3058 3557 3115 delictum.
3596 3079 3615 3113 ι
3644 3061 3872 3119 Poterat

2273 3145 2431 3217 plane
2459 3149 2620 3204 etiam
2651 3158 2803 3206 antea
2844 3152 3068 3217 moveri,
3101 3152 3196 3208 sed
3225 3169 3331 3209 non
3357 3163 3473 3210 erat
3498 3155 3775 3226 indecens,
3810 3169 3868 3214 ut

2273 3241 2565 3310 puderet‘;
2591 3242 2841 3313 quoniam
2873 3243 2925 3302 id
2953 3246 3202 3302 movebat
3237 3247 3528 3305 voluntatis
3555 3251 3864 3321 imperium,

2274 3346 2380 3386 non
2421 3346 2547 3387 caro
2590 3335 2977 3404 concupiscens
3023 3335 3281 3393 adversus
3328 3339 3595 3408 spiritum.
3653 3341 3710 3396 In
3763 3342 3869 3398 hoc

2272 3421 2413 3476 enim
2443 3423 2646 3478 exstitit
2685 3426 2895 3481 novitas
2927 3426 3199 3496 pudenda,
3231 3428 3391 3500 quam
3421 3429 3660 3487 defendit
3685 3433 3867 3504 impu-

2271 3513 2463 3570 denter
2492 3515 2699 3570 novitas
2719 3528 2916 3574 vestra.
2952 3519 3230 3590 Nunquam
3259 3537 3388 3578 vero
3416 3539 3515 3596 ego
3541 3535 3746 3581 motum
3773 3543 3868 3598 ge-

2274 3607 2512 3662 nitalium
2540 3609 2856 3679 reprehendi
2880 3614 3235 3682 generaliter,
3255 3615 3397 3686 quod
3438 3626 3494 3671 tu
3514 3616 3684 3685 dicis,
3714 3639 3734 3672 ‹
3767 3620 3866 3677 de-

2272 3696 2500 3754 dicative
2533 3717 2545 3753 :
2583 3717 2602 3752 ι
2634 3701 2728 3756 sed
2768 3702 2913 3757 illum
2938 3714 3140 3760 motum
3175 3707 3526 3777 reprehendi,
3552 3725 3713 3780 quem
3741 3710 3870 3768 facit

2271 3794 2701 3863 concupiscentia
2719 3837 2735 3863 ,
2767 3811 2871 3867 qua
2906 3812 3032 3852 caro
3061 3800 3391 3870 concupiscit
3417 3801 3676 3858 adversus
3705 3805 3870 3875 spiri-

2273 3891 2386 3938 tum
2419 3901 2432 3936 :
2465 3901 2621 3954 quam
2675 3887 2818 3941 velut
2857 3887 3054 3944 bonum
3076 3905 3199 3946 cum
3235 3891 3485 3947 defendat
3517 3908 3672 3950 error
3715 3903 3859 3962 tuus,

2272 3979 2454 4033 nescio
2493 3980 2936 4048 quemadmodum
2967 3983 3222 4040 adversus
3257 3985 3400 4042 illam
3434 3988 3576 4043 velut
3596 3989 3862 4046 adversus

2272 4071 2471 4126 malum
2500 4075 2840 4144 concupiscat
2866 4076 3082 4146 spiritus
3113 4086 3251 4133 tuus.

2345 4163 2433 4218 65.
2474 4183 2491 4216 ι
2515 4164 2571 4220 Si
2601 4164 2654 4219 in
2686 4165 2856 4222 fructu
2886 4167 3012 4238 ligni
3051 4169 3220 4237 illius,
3253 4189 3272 4224 ι
3309 4171 3514 4242 inquis,
3546 4191 3565 4224 ι
3615 4173 3736 4231 haec
3768 4175 3872 4232 fuit

2274 4255 2467 4324 libido;
2511 4274 2541 4313 a
2569 4259 2677 4313 Deo
2704 4257 2842 4314 facta
2871 4270 3213 4330 monstratur,
3238 4271 3292 4318 et
3318 4278 3413 4334 per
3437 4263 3540 4321 hoc
3567 4264 3711 4322 bona
3735 4282 3872 4338 quo-

2273 4364 2374 4418 que
2401 4349 2516 4419 ipsa
2553 4349 2875 4406 defenditur.
2911 4369 2930 4403 ι
2963 4351 3069 4408 Sed
3101 4354 3452 4424 respondetur
3482 4355 3577 4410 tibi
3605 4373 3618 4411 :
3653 4357 3769 4413 Non
3812 4359 3869 4415 in

2272 4438 2447 4496 fructu
2476 4440 2603 4511 ligni
2646 4439 2743 4495 fuit
2773 4442 2936 4498 libido
2960 4485 2975 4510 ,
3007 4454 3060 4498 ct
3099 4444 3220 4500 ideo
3248 4445 3447 4501 bonum
3475 4457 3591 4503 erat
3618 4449 3826 4520 lignum
3851 4468 3868 4516 ;

2272 4534 2367 4589 sed
2409 4534 2543 4588 mala
2583 4543 2666 4589 est
2709 4535 3066 4591 inobedientia
3117 4537 3389 4607 libidinis,
3439 4555 3557 4610 quae
3600 4541 3874 4598 adversus

2273 4625 2504 4681 hominis
2546 4627 2956 4682 inobedientiam
2994 4645 3150 4700 quam
3183 4631 3234 4684 in
3280 4631 3424 4702 ligno
3452 4631 3707 4702 admisit,
3753 4619 3928 4691 Deo‘

2273 4719 2552 4775 deserente
2580 4723 2836 4776 surrexit.
2859 4721 3015 4777 Absit
3043 4723 3185 4778 enim
3209 4732 3264 4778 ut
3290 4723 3432 4780 Deus
3456 4724 3522 4780 de
3549 4725 3695 4796 ligno
3722 4726 3874 4782 bono

2273 4814 2587 4883 cuicumque
2626 4815 2766 4868 aetati
2802 4814 3010 4869 illorum
3054 4815 3326 4870 hominum
3357 4832 3696 4888 quocumque
3735 4828 3878 4874 tem-

2274 4920 2402 4975 pore
2431 4905 2743 4960 beneficium
2772 4908 2874 4962 tale
2902 4905 3200 4972 conferret,
3229 4919 3284 4963 ut
3313 4909 3570 4964 haberent
3599 4911 3656 4965 in
3695 4927 3878 4967 mem-

2273 4999 2385 5052 bris
2411 4999 2766 5054 adversariam
2800 5001 2819 5031 ¹
2847 5008 3030 5055 contra
3071 5017 3227 5071 quam
3265 5003 3514 5074 pudicitia
3559 5003 3874 5064 dimicaret.

2345 5091 2432 5145 οι.
2473 5089 2728 5146 Novimus
2775 5101 2952 5148 autem
3001 5111 3019 5144 ι
3061 5091 3322 5149 Joannem
3369 5095 3715 5166 apostolum,
3763 5115 3878 5155 non

2273 5183 2530 5240 mundum
2561 5185 2717 5240 istum
2739 5225 2754 5251 ,
2789 5184 2840 5238 id
2868 5193 2948 5240 est
2970 5225 2984 5246 ,
3015 5185 3214 5241 ctelum
3241 5194 3296 5242 et
3327 5196 3552 5254 terram,
3589 5196 3646 5242 et
3685 5192 3880 5246 omnia

2271 5292 2391 5346 qtae
2419 5276 2470 5330 in
2496 5290 2560 5332 eo
2586 5275 2607 5307 ³
2638 5276 3055 5333 substantialiter
3092 5287 3246 5342 sunt,
3288 5277 3379 5349 qui
3422 5279 3656 5335 mundus
3699 5282 3880 5339 factus

2273 5377 2355 5424 est
2392 5384 2422 5424 a
2452 5369 2608 5423 Patre
2637 5384 2732 5440 per
2757 5369 2947 5424 Filium
2971 5412 2985 5434 ,
3014 5368 3455 5440 reprehendisse,
3484 5387 3604 5427 cum
3633 5372 3878 5442 diceret,

2276 5461 2459 5517 Omnia
2483 5477 2595 5534 qua:
2619 5463 2671 5516 in
2697 5463 2886 5518 mundo
2912 5472 3028 5517 sunt
3044 5504 3058 5528 ,
3084 5464 3487 5535 concupiscentia
3499 5466 3668 5520 carnis
3695 5479 3800 5536 est,
3832 5480 3882 5524 et

2337 5629 2353 5658 ί
2378 5627 2712 5700 Mvanienses
2721 5637 2979 5688 perperam
2998 5631 3342 5696 porrexerunt,
3359 5625 3534 5700 decens
3555 5630 3608 5676 ut
3618 5625 3876 5700 puderet.

2272 5695 2377 5738 Mox
2401 5695 2565 5738 autem
2585 5689 2714 5751 quod
2738 5702 2841 5749 pro,
2866 5689 3116 5751 quoniam,
3147 5694 3436 5752 posuerunt,
3465 5689 3684 5753 quando,
3699 5689 3762 5742 in
3779 5690 3884 5746 Inc

2272 5758 2428 5801 secuti
2452 5757 2566 5800 sunt
2588 5760 2688 5799 Am.
2713 5758 2766 5800 et
2789 5757 2862 5799 Er.

2338 5816 2358 5882 ξ
2380 5814 2452 5863 sic
2473 5819 2579 5862 Mss.
2601 5813 2736 5872 Editi,
2760 5811 3124 5882 adversariam._
3663 5823 3670 5830 υ

2340 5878 2361 5909 ⁸
2382 5883 2590 5936 Quatuor
2611 5883 2734 5939 Mss,
2762 5874 2813 5930 in
2830 5874 2914 5927 eis.
2936 5882 3082 5940 tinus,
3104 5874 3156 5927 in
3175 5887 3252 5928 ea.
