4038 6478
530 448 633 515 m

535 574 644 635 tur,
669 577 778 621 non
813 567 897 619 est
918 560 1134 617 bonum.
1182 556 1241 614 in
1278 556 1598 628 quibuslibet
1636 556 1779 611 enim
1800 554 1961 611 rebus
1981 553 2103 609 talis

533 656 828 715 domandus
853 663 906 711 et
925 652 1191 711 sanandus
1208 661 1290 708 est
1305 652 1585 722 appetitus.
1606 649 1736 718 Quis
1760 649 1925 715 enim,
1947 662 2108 719 quan-

530 758 843 819 tuscumque
884 748 953 802 sit
986 745 1212 802 carnalis
1239 741 1693 813 concupiscentia:
1718 740 2026 810 castigator,
2060 738 2103 793 si

532 841 708 897 locum
735 839 1077 910 thymiamate
1092 835 1364 893 intraverit
1382 834 1683 898 odoratum,
1712 832 1880 903 possit
1893 830 2107 886 efficere

534 942 591 999 ut
618 932 668 988 ei
688 948 793 986 non
824 930 1055 986 suaviter
1075 929 1235 994 oleat,
1261 926 1363 982 nisi
1383 941 1537 981 nares
1559 923 1787 989 claudat,
1815 931 1904 977 aut
1929 921 2106 975 inten-

532 1025 675 1080 tione
710 1021 1012 1079 vehementi
1047 1021 1307 1076 alienetur
1347 1034 1377 1073 a
1419 1018 1657 1086 corporis
1687 1013 1961 1069 sensibus?
2000 1008 2107 1067 Sed

533 1113 791 1185 numquid
835 1128 955 1169 cum
999 1111 1121 1167 inde
1165 1110 1321 1165 fuerit
1363 1122 1641 1179 egressus,
1675 1102 1726 1160 id
1752 1103 1896 1159 domi
1925 1103 1942 1135 ¹
1972 1117 2103 1169 suae,

531 1206 616 1265 vel
644 1219 976 1276 quacumque
1003 1201 1207 1274 pergit,
1248 1196 1603 1256 desiderabit?
1628 1205 1718 1251 aut
1745 1195 1791 1251 si
1831 1193 2104 1250 desidera-

537 1294 697 1359 verit,
724 1295 917 1349 satiare
946 1292 1104 1348 debet
1147 1290 1299 1345 istam
1340 1287 1611 1344 libidinem
1631 1327 1646 1352 ,
1678 1300 1782 1340 non
1814 1282 2025 1340 frenare
2052 1292 2107 1339 et

534 1394 718 1442 contra
737 1384 1196 1453 concupiscentem
1222 1395 1435 1436 carnem
1473 1379 1665 1448 spiritu
1705 1378 2104 1448 concupiscere,

535 1476 705 1535 donec
730 1476 796 1531 ad
817 1475 959 1529 illam
982 1472 1477 1534 redeatsanitatem,
1496 1485 1598 1540 qua
1622 1467 1750 1522 nihil
1775 1469 1877 1522 tale
1897 1464 2107 1522 deside-

533 1568 653 1624 ret?
681 1566 954 1621 Minimum
993 1563 1095 1619 hoc
1118 1561 1330 1633 quidem
1364 1579 1377 1614 :
1412 1560 1505 1616 sed
1545 1560 1631 1631 qui
1658 1558 1865 1612 minima
1891 1557 2099 1627 spernit,

530 1660 667 1719 sicut
693 1659 944 1729 scriptum
972 1665 1072 1722 est,
1101 1654 1346 1726 paulatim
1368 1651 1550 1707 decidit
1576 1651 1595 1723 (
1617 1649 1776 1704 Eccli.
1808 1665 1921 1717 xxx,
1953 1644 2031 1717 i).

604 1749 691 1804 67.
736 1749 1123 1804 Alimentorum
1151 1740 1520 1801 sustentaculis
1551 1741 1845 1813 indigemus
1875 1759 1888 1795 :
1915 1740 1959 1796 si
1984 1754 2106 1795 sua-

537 1842 621 1897 via
649 1856 753 1896 non
775 1841 880 1915 sint
908 1854 1026 1910 quae
1052 1853 1143 1894 ore
1164 1846 1465 1905 sumuntur,
1493 1851 1591 1892 nec
1619 1834 1757 1891 sumi
1784 1842 2029 1904 possunt,
2051 1841 2106 1888 et

532 1933 837 1990 nauseando
867 1947 1008 2002 saepe
1049 1940 1403 2002 respuuntur;
1445 1938 1499 1985 et
1538 1927 1832 2000 perniciosa
1861 1936 1986 1983 sunt
2011 1941 2103 1981 ca—

531 2010 701 2095 venda
728 2025 936 2080 fastidia
965 2043 977 2079 :
1011 2040 1117 2080 non
1148 2024 1319 2079 solum
1349 2037 1477 2093 ergo
1503 2022 1644 2087 cibo,
1674 2021 1769 2077 sed
1812 2021 1971 2076 etiam
2000 2018 2103 2076 cibi

529 2131 722 2187 sapore
751 2115 949 2187 indiget
977 2114 1256 2170 infirmitas
1271 2114 1510 2183 corporis
1534 2113 1733 2179 nostri;
1761 2127 1865 2166 non
1891 2118 2104 2182 propter

532 2204 945 2280 exsaturqndam
974 2204 1266 2272 libidinem,
1295 2204 1390 2260 sed
1429 2212 1648 2275 propter
1680 2202 1927 2259 tuendam
1955 2202 2104 2258 salu-

529 2305 660 2354 tem.
687 2297 822 2354 Cum
863 2311 989 2367 ergo
1029 2305 1213 2351 natura
1255 2294 1482 2365 quodam
1509 2293 1669 2349 modo
1696 2295 1866 2366 poscit
1891 2294 2105 2365 supple-

527 2398 708 2447 menta
728 2405 849 2461 qua:
876 2386 1088 2455 desunt,
1119 2403 1226 2444 non
1239 2397 1458 2443 vocatur
1477 2387 1656 2453 libido,
1691 2386 1785 2443 sed
1822 2385 1990 2442 fames
2015 2395 2107 2442 aut

526 2481 675 2539 sitis:
699 2496 818 2536 cum
844 2495 972 2536 vero
998 2480 1236 2549 suppleta
1262 2479 1579 2535 necessitate
1594 2493 1746 2533 amor
1766 2477 1956 2535 edendi
1983 2478 2102 2534 ani-

525 2589 674 2633 mum
715 2572 981 2641 sollicitat,
1021 2572 1130 2644 jam
1159 2571 1322 2627 libido
1341 2580 1444 2639 est,
1468 2570 1579 2641 jam
1619 2572 1819 2625 malum
1864 2579 1967 2640 est,
2014 2570 2100 2626 cui

525 2665 821 2722 cedendum
843 2680 949 2720 non
975 2672 1076 2730 est,
1097 2663 1190 2719 sed
1211 2661 1588 2718 resistendum.
1610 2662 1734 2717 Haec
1759 2661 1886 2726 duo,
1912 2661 1966 2715 id
1995 2669 2098 2729 est,

527 2757 726 2815 famem
760 2764 814 2812 et
839 2754 1032 2811 edendi
1069 2769 1304 2813 amorem
1334 2754 1492 2810 etiam
1520 2762 1677 2823 poeta
1710 2752 1987 2818 discrevit,
2010 2752 2101 2823 qui

524 2858 648 2922 post
662 2849 821 2904 maris
836 2848 1201 2919 jactationem,
1230 2846 1391 2902 sociis
1420 2843 1609 2900 Enen:
1630 2843 1899 2915 naufragis
1928 2854 1983 2900 et
2004 2859 2099 2914 pe-

524 2940 753 3011 regrinis
777 2940 907 2995 satis
928 2953 1049 2994 esse
1065 2938 1311 3008 judicans
1338 2944 1538 2993 tantum
1568 2951 1778 2993 sumere
1812 2938 2099 2992 alimento-

524 3046 680 3100 rum,
729 3041 984 3103 quantum
1030 3029 1335 3086 refectionis
1380 3031 1400 3061 ¹
1439 3030 1725 3101 indigentia
1755 3030 2095 3103 postularet,

525 3121 601 3178 ait
620 3161 638 3189 ,

586 3178 1082 3278 WW1)“
1104 3178 2037 3342 τεξηιξξξδξιξλξιαίῖίξξίιῖῖευξξξῖεξῖε)

524 3360 657 3415 Cum
678 3373 810 3416 vero
834 3356 1034 3415 Encas
1060 3358 1172 3429 ipse
1197 3359 1264 3414 ab
1295 3356 1540 3415 Evandro
1559 3374 1684 3432 rege
1712 3371 1989 3433 susceptus
2016 3371 2100 3419 est

527 3450 743 3522 hospes,
770 3450 1044 3506 decentius
1061 3450 1349 3505 arbitratus
1377 3452 1662 3521 ampliores
1692 3452 1933 3509 exhiberi
1962 3466 2096 3525 epu-

523 3538 604 3597 las
631 3540 822 3611 regias,
849 3552 1008 3611 quam
1035 3539 1325 3597 necessitas
1350 3548 1611 3612 posceret,
1640 3556 1746 3600 non
1765 3546 1893 3601 satis
1920 3543 2018 3602 fuit
2039 3554 2099 3603 ut

523 3632 726 3691 diceret
740 3675 756 3701 ,

646 3727 1348 3791 nummum;

522 3806 622 3870 sed
639 3807 860 3878 addidit,

1651 3900 1848 3951 edendi.

1407 3960 1611 4025 ()Eneid.
1638 3961 1723 4014 lib.
1744 3963 1794 4026 8,
1817 3975 1939 4015 vers.
1962 3962 2097 4029 184.)

524 4036 736 4113 Quanto
758 4041 923 4114 magis
949 4058 1047 4099 nos
1070 4043 1374 4101 discernere
1396 4060 1457 4100 ac
1486 4061 1642 4102 nosse
1668 4045 1948 4114 debemus,
1970 4047 2097 4120 quid

529 4134 821 4193 necessitas
846 4136 1169 4203 refectionis,
1200 4136 1326 4207 quid
1355 4136 1517 4193 libido
1534 4135 2092 4209 edacitatisesposcat,

525 4246 748 4303 quorum
772 4231 1035 4301 negotium
1062 4239 1145 4287 est
1172 4239 1354 4287 contra
1376 4232 1843 4302 concupiscentem
1875 4248 2096 4290 carnem

1094 3905 1302 3951 etamor

525 4322 710 4399 spiritu
755 4322 1148 4394 concupiscere,
1180 4333 1233 4378 et
1268 4323 1621 4381 condelectari
1648 4325 1754 4398 legi
1783 4326 1877 4383 Dei
1904 4342 2094 4383 secun-
2136 4382 2139 4385 λ

524 4417 649 4474 dum
678 4418 981 4474 interiorem
1010 4419 1277 4475 hominem
1296 4459 1313 4488 ,
1342 4421 1561 4491 ejusque
1601 4421 1969 4479 delectationis
2006 4437 2095 4477 se-

522 4511 806 4567 renitatem
834 4510 989 4566 uullis
1028 4510 1329 4567 libidinosis
1354 4511 1798 4569 delectationibus
1818 4515 2095 4571 nubilare?

522 4599 657 4657 Nam
701 4602 800 4656 iste
835 4617 986 4656 amor
1023 4601 1215 4659 edendi
1254 4617 1363 4658 non
1391 4602 1618 4674 alendo,
1646 4604 1743 4660 sed
1772 4605 2096 4662 continendo

524 4682 608 4748 est
624 4693 1072 4763 comprimendas.

552 4772 559 4781 ’
593 4783 681 4840 08.
720 4782 850 4852 Quis
876 4794 1050 4839 autem
1080 4792 1258 4840 mente
1301 4782 1512 4841 sobrius
1534 4800 1641 4843 non
1668 4786 1871 4854 mallet,
1900 4788 1947 4844 si
1976 4788 2095 4844 fieri

521 4886 724 4945 posset,
753 4876 869 4931 sine
892 4875 995 4930 ulla
1019 4875 1254 4933 mordaci
1280 4878 1546 4949 voluptate
1573 4880 1773 4937 carnali
1795 4920 1810 4946 ,
1838 4881 1922 4938 vel
1945 4881 2093 4938 arida

522 4981 734 5022 sumere
759 4965 1008 5023 alimenta
1034 5008 1051 5035 ,
1079 4968 1163 5024 vel
1205 4968 1453 5037 humida,
1498 4971 1635 5027 sicut
1679 4972 1942 5029 sumimus
1978 4972 2095 5031 haec

519 5058 685 5123 aeria,
708 5073 823 5127 qua:
841 5058 908 5115 de
925 5058 1258 5117 circumfusis
1278 5046 1423 5118 auris
1443 5064 1752 5134 respirando
1772 5074 1834 5121 et
1844 5066 2095 5137 spirando

521 5150 797 5204 sorbemus
825 5157 877 5204 et
914 5148 1226 5206 fundimus?
1269 5152 1420 5220 Quod
1456 5153 1764 5211 alimentum
1786 5197 1809 5225 ,
1842 5171 1961 5213 cum
1999 5172 2096 5214 ore

520 5253 584 5295 ac
636 5240 852 5296 naribus
891 5241 1005 5296 sine
1058 5243 1356 5299 cessatione
1408 5258 1713 5312 sumamus,
1758 5261 1862 5305 nec
1919 5249 2090 5319 sapit,

522 5347 623 5387 nec
659 5333 768 5388 olet
800 5332 1084 5404 quidquam
1141 5352 1154 5388 :
1202 5351 1300 5391 nec
1340 5346 1515 5393 tamen
1558 5339 1673 5395 sine
1717 5340 1808 5397 illo
1845 5343 1928 5397 vel
1976 5351 2095 5398 tan-

520 5424 637 5479 tillo
682 5425 852 5494 spatio
898 5426 1187 5495 temporis,
1233 5429 1372 5483 sicut
1406 5437 1515 5485 tam
1567 5432 1773 5501 prolixe
1820 5433 1935 5489 sine
1972 5434 2093 5492 cibo

523 5520 581 5571 et
597 5524 746 5589 potu,
778 5530 1060 5588 possumus
1093 5519 1273 5577 vivere
1304 5537 1318 5576 :
1346 5532 1444 5577 nec
1473 5522 1586 5592 ejus
1616 5522 1899 5595 indigentia
1927 5528 2093 5587 senti-

521 5615 643 5676 tur,
682 5609 788 5667 nisi
823 5610 1067 5668 molestia
1090 5652 1106 5679 ,
1149 5612 1196 5668 si
1223 5627 1315 5668 ora
1345 5622 1606 5684 mosque
1634 5616 1944 5675 claudantur
1966 5663 1981 5693 ,
2009 5624 2094 5680 vel

519 5710 651 5785 nutu
679 5703 965 5760 voluntatis
988 5746 1004 5774 ,
1049 5714 1307 5776 quantum
1331 5707 1459 5765 sinit
1493 5708 1608 5781 ipsa
1631 5710 1892 5783 molestia,
1926 5715 2095 5787 pauli-

584 5830 609 5930 ζ
629 5833 1339 5960 mﬁérm’:%

1300 442 1573 502 CONTRA
1609 428 1950 501 muANtnt
1984 420 2442 506 psLActANUu,
2472 438 2529 497 s.
2569 426 2933 496 AUGUSTINI

3676 434 3802 499 τη

2210 567 2334 623 sper
2376 553 2681 623 pulmonum
2723 553 3055 610 inhibeamus
3095 551 3365 621 officium,
3410 554 3602 625 quibus
3636 559 3800 617 velut

2208 644 2422 700 follibus
2461 644 2757 701 alternante
2792 653 2941 700 motu
2974 644 3160 701 vitales
3204 644 3361 702 llatus
3406 645 3679 704 haurimus
3730 657 3797 707 et

2208 739 2499 797 reddimus.
2530 740 2737 808 Quanto
2761 750 2903 796 esset
2932 740 3137 797 felicius
3157 781 3174 807 ,
3200 741 3244 796 si
3274 742 3520 812 spatiosis
3565 742 3797 813 quidem

2208 829 2520 898 intervallis,
2535 831 2670 886 sicut
2686 826 2843 885 etiam
2859 845 3017 898 nunc,
3036 831 3119 886 vel
3139 840 3622 903 quantumcumque
3655 848 3794 904 spa-

2209 920 2534 990 tiosioribus,
2570 923 2686 978 sine
2714 923 2817 977 ulla
2842 922 3051 992 saporis
3076 923 3385 978 illecebrosa
3425 923 3683 980 suavitate
3708 925 3796 979 ci-

2206 1011 2331 1067 bum
2358 1014 2749 1083 pcrciperemus
2771 1024 2824 1069 et
2847 1023 3053 1085 potum,
3075 1030 3181 1086 quo
3208 1024 3408 1071 tantam
3437 1016 3744 1073 molestiam
3771 1019 3790 1050 ⁸

2207 1104 2291 1159 vel
2319 1105 2604 1174 perniciem
2637 1106 2954 1176 pelleremus
2978 1109 2999 1139 ⁸
3022 1108 3046 1161 ‘I
3073 1106 3205 1163 Nam
3241 1108 3287 1163 si
3317 1108 3369 1163 in
3399 1110 3647 1179 prscsenti
3674 1110 3791 1166 vita

2215 1202 2573 1264 temperanter
2600 1192 2849 1251 alimenta
2879 1207 3183 1264 sumentes,
3211 1199 3545 1255 continentes
3584 1216 3794 1255 vocan-

2208 1293 2294 1340 tur
2320 1293 2374 1340 et
2402 1286 2586 1351 sobrii,
2620 1286 2912 1357 meritoque
2937 1287 3077 1343 laudi
3105 1288 3367 1345 habentur
3391 1289 3433 1357 ³,
3463 1305 3562 1346 nec
3589 1290 3790 1346 desunt

2208 1362 2533 1448 huiusmodi,
2565 1378 2652 1449 qui
2679 1388 2931 1449 quantum
2960 1388 3148 1436 natura
3179 1389 3344 1451 petat,
3375 1390 3468 1437 aut
3494 1382 3670 1437 minus
3695 1397 3790 1438 re-

2207 1460 2803 1539 feCtionisassumant,
2851 1473 3148 1540 malentes,
3193 1474 3239 1529 si
3279 1474 3439 1530 modo
3478 1474 3787 1531 necessitati

2207 1576 2442 1632 congruo
2468 1560 2489 1593 ‘
2532 1560 2817 1629 falluntur,
2863 1564 3040 1619 minus
3068 1563 3120 1620 id
3148 1565 3439 1636 sumpsisse
3466 1581 3623 1637 quam
3662 1581 3788 1622 am-

2207 1651 2346 1723 plius
2375 1670 2388 1707 :
2418 1660 2615 1725 quanto
2642 1654 2810 1724 magis
2846 1654 2899 1709 in
2939 1654 3032 1710 illa
3062 1655 3317 1725 dignitate
3344 1654 3628 1713 honestum
3658 1674 3786 1714 mo-

2207 1741 2334 1798 dum
2384 1741 2545 1799 fuisse
2590 1740 2915 1800 credendum
2960 1753 3044 1801 est
3085 1745 3466 1804 sumendorum
3509 1750 3789 1807 alimento-

2207 1847 2347 1900 rum,
2374 1848 2479 1902 quo
2506 1841 2558 1887 et
2583 1833 2795 1888 animali
2822 1834 3031 1905 corpori
3059 1834 3359 1892 necessaria
3388 1836 3781 1909 przeberentur,

2206 1932 2262 1979 et
2285 1924 2472 1979 modus
2499 1925 2754 1981 naturalis
2790 1927 3092 1983 nullatenus
3118 1928 3502 1997 excederetur;
3548 1932 3686 1988 sicut
3725 1932 3785 1989 in

2207 2015 2453 2086 paradiso
2494 2016 2692 2087 primos
2721 2017 2961 2074 homines
2993 2019 3190 2076 vixisse
3219 2019 3542 2077 credendum
3581 2022 3710 2079 est?

2278 2105 2366 2162 69.
2396 2105 2646 2174 Quamvis
2662 2109 2920 2178 nonnulli,
2940 2125 3111 2181 neque
3136 2111 3190 2166 hi
3215 2113 3664 2184 contemptibiles,
3687 2113 3779 2170 di-

2205 2197 2314 2256 vini
2341 2201 2536 2273 eloquii
2570 2209 2912 2272 tractatores,
2950 2204 3095 2259 nullo
3121 2202 3487 2275 hujuscemodi
3513 2205 3656 2262 victu
3683 2222 3784 2263 eos

2209 2291 2501 2363 indiguisse
2528 2294 2705 2364 potius
2732 2295 3017 2366 Opinentur
3041 2337 3059 2364 ,
3100 2304 3159 2351 ut
3204 2310 3266 2353 ea
3293 2296 3404 2352 sola
3443 2296 3495 2352 in
3532 2297 3785 2368 paradiso

2204 2380 2448 2456 voluptas
2475 2385 2560 2441 vel
2591 2386 2841 2441 alimonia
2884 2386 3221 2444 existimetur
3252 2387 3449 2458 fuisse,
3490 2404 3590 2461 qua
3628 2388 3784 2445 delc-

2205 2484 2415 2533 ctantur
2436 2488 2492 2533 et
2516 2478 2731 2535 aluntur
2749 2480 2908 2536 corda
2934 2481 3271 2553 sapientium.
3297 2481 3402 2538 Sed
3429 2497 3524 2553 ego
3550 2497 3669 2537 cum
3696 2481 3782 2538 eis

2204 2571 2396 2637 sentio,
2429 2572 2519 2643 qui
2544 2572 2681 2629 sicut
2706 2573 2835 2629 illud
2864 2573 3005 2644 quod
3042 2574 3241 2629 dictum
3272 2585 3375 2643 est,
3408 2570 3696 2630 Hasculum
3733 2584 3781 2629 et

2205 2663 2443 2733 feminam
2470 2664 2589 2734 fecit
2611 2680 2717 2732 eos,
2746 2673 2791 2719 et
2816 2664 3067 2719 benedixit
3095 2665 3211 2721 illos
3244 2660 3397 2733 Deus,
3426 2665 3631 2734 dicens,
3661 2662 3779 2723 Cre-

2202 2755 2324 2809 scite
2348 2763 2395 2809 et
2434 2756 2875 2827 multiplicamini,
2911 2767 2957 2813 et
2994 2757 3191 2831 implete
3228 2768 3410 2813 terram
3433 2801 3446 2825 ,
3487 2760 3781 2819 secundum

2203 2844 2387 2901 selum
2431 2848 2762 2918 corporalem
2804 2859 2964 2921 atque
2998 2852 3340 2922 conspicuum
3381 2851 3679 2922 intelligunt
3707 2846 3782 2908 di-

2203 2945 2345 2992 ctum
2378 2952 2395 2990 :
2427 2938 2497 2991 ita
2526 2938 2684 2992 etiam
2711 2934 2851 3009 quod
2892 2928 3048 3010 paulo
3088 2951 3207 3012 post
3242 2941 3512 3013 sequitur,
3557 2941 3621 2998 Et
3649 2940 3780 2999 dixit

2201 3024 2361 3093 Deus,
2386 3027 2518 3084 Ecce
2533 3026 2647 3083 dedi
2674 3028 2805 3085 vobis
2821 3047 2966 3086 omne
2985 3035 3155 3104 fenum
3175 3036 3390 3089 sativtmt
3412 3036 3669 3092 seminans
3694 3054 3779 3092 se-

2202 3136 2314 3175 men
2338 3161 2354 3188 ,
2380 3122 2518 3192 quod
2543 3131 2616 3176 est
2648 3138 2797 3194 super
2834 3141 3028 3179 omnem
3056 3135 3240 3181 terram
3260 3169 3273 3192 ,
3317 3136 3365 3182 et
3398 3144 3544 3183 omne
3582 3126 3781 3200 lignum

2201 3212 2335 3283 quod
2374 3213 2520 3269 habet
2554 3215 2606 3268 in
2646 3231 2700 3269 se
2726 3219 2945 3287 fructum
2969 3217 3174 3273 seminis
3212 3219 3386 3285 sativi;
3426 3220 3562 3275 vobis
3604 3221 3699 3276 erit
3724 3221 3780 3277 in

2201 3318 2365 3357 escam
2384 3346 2399 3372 ,
2429 3314 2477 3358 et
2505 3304 2732 3361 omnibus
2759 3306 2924 3363 bestiis
2950 3317 3111 3375 terra,
3152 3320 3197 3364 et
3226 3310 3453 3366 omnibus
3489 3310 3779 3369 volatilibus

2200 3397 2331 3466 cali,
2363 3407 2412 3454 et
2433 3400 2569 3455 onmi
2592 3404 2811 3473 serpenti
2838 3405 3030 3474 repenti
3054 3406 3075 3437 ⁸
3101 3423 3251 3476 super
3278 3416 3481 3473 terram,
3511 3411 3649 3481 quod
3679 3413 3778 3465 ha-

2200 3487 2278 3543 bet
2305 3489 2359 3544 in
2396 3506 2449 3545 se
2477 3493 2699 3547 animum
2723 3494 2869 3562 vitm;
2895 3504 2943 3550 et
2972 3514 3117 3552 omne
3141 3500 3311 3567 fenum
3339 3501 3495 3556 viride
3528 3502 3581 3556 in
3609 3520 3778 3558 escam

2200 3573 2432 3652 (Genfr,
2463 3582 2689 3657 27-30);
2722 3602 2826 3641 non
2867 3588 3021 3645 aliter
3061 3590 3352 3663 accipiunt,
3393 3592 3492 3648 nisi
3536 3597 3659 3665 quia
3688 3595 3777 3653 ille

2198 3683 2424 3746 uterque
2452 3690 2611 3733 sexus
2638 3676 2721 3733 his
2750 3678 3016 3736 alimentis
3037 3683 3226 3753 quibus
3246 3692 3298 3739 et
3316 3685 3561 3741 animalia
3580 3696 3777 3744 cetera

2198 3770 2548 3838 corporaliter
2577 3771 2839 3838 utebatur,
2871 3782 2925 3829 et
2951 3773 3178 3830 habebat
3196 3791 3260 3831 ex
3281 3776 3382 3831 hoc
3401 3778 3541 3833 victu
3564 3789 3780 3836 susten-

2198 3859 2432 3914 taculum
2459 3872 2751 3931 congruum
2773 3905 2790 3930 ,
2831 3864 2954 3919 licet
2992 3865 3149 3921 modo
3178 3867 3404 3937 quodam
3446 3867 3774 3939 immortali,

2198 3954 2377 4004 tamen
2399 3949 2611 4004 animali
2640 3953 2849 4021 corpori
2877 3955 3257 4025 necessarium,
3281 3972 3347 4012 ne
3367 3956 3654 4029 indigentia
3681 3961 3778 4017 la:-

2197 4039 2445 4107 deretur;
2476 4039 2551 4096 de
2572 4041 2713 4112 ligno
2740 4053 2916 4099 autem
2945 4044 3084 4112 vitae,
3118 4060 3186 4102 ne
3212 4057 3486 4105 senectute
3515 4048 3775 4119 perduce-

2198 4132 2345 4187 retur
2381 4132 2447 4187 ad
2479 4140 2727 4189 mortem.
2778 4133 2883 4191 Sed
2915 4137 3055 4191 nulla
3086 4138 3289 4195 ratione
3326 4138 3649 4196 crediderim
3670 4185 3685 4207 ,
3721 4144 3772 4197 in

2197 4223 2291 4278 illo
2314 4230 2474 4279 tantas
2509 4223 2773 4280 felicitatis
2815 4225 2969 4293 loco,
3016 4237 3107 4283 aut
3148 4244 3362 4285 carnem
3401 4233 3775 4303 concupivisse

2197 4312 2450 4369 adversus
2471 4315 2709 4384 spiritum
2736 4324 2789 4370 et
2808 4317 3046 4387 spiritum
3074 4317 3330 4375 adversus
3351 4335 3586 4389 carnem,
3611 4332 3776 4395 atque

2197 4404 2251 4459 in
2278 4404 2378 4460 ista
2417 4405 2811 4463 conflictatione
2838 4406 2954 4464 sine
2988 4408 3193 4465 interna
3234 4426 3365 4481 pace
3402 4412 3632 4481 vixisse;
3682 4423 3775 4470 aut

2198 4500 2441 4569 spiritum
2479 4499 2759 4555 desideriis
2799 4516 2903 4557 non
2942 4516 3267 4589 qepuguasse
3295 4506 3632 4574 carnalibus,
3675 4508 3773 4564 sed

2196 4590 2449 4663 quidquid
2479 4592 2847 4664 undecumque
2874 4594 3036 4651 libido
3055 4606 3405 4668 suggesserat,
3434 4599 3573 4668 turpi
3598 4601 3773 4655 servi-

2198 4683 2271 4737 tio
2301 4682 2588 4753 peregisse.
2619 4682 2876 4740 Remanet
2911 4686 3095 4756 igitur,
3126 4696 3183 4742 ut
3206 4695 3298 4743 aut
3324 4688 3467 4744 nulla
3498 4689 3567 4745 ibi
3608 4690 3773 4748 fuerit

2195 4775 2424 4831 ramulis
2442 4775 2891 4845 concupiscentia,
2916 4777 3008 4833 sed
3031 4778 3118 4834 ille
3143 4778 3297 4834 fuerit
3318 4780 3528 4836 vivendi
3552 4782 3769 4852 modus,
3856 4778 3873 4793 '

2196 4873 2257 4921 ut
2303 4864 2481 4929 omnia
2527 4868 2830 4921 necessaria
2879 4869 3125 4939 congruis
3167 4868 3526 4928 membrorum
3577 4872 3772 4930 officiis

2194 4960 2312 5015 sine
2357 4958 2517 5014 ullius
2558 4966 2705 5014 motu
2749 4959 2980 5015 libidinis
3025 4961 3374 5032 implerentur
3421 4965 3566 5035 (non
3618 4968 3765 5023 enim

2194 5051 2315 5121 quia
2343 5058 2482 5105 terra
2510 5064 2614 5106 non
2640 5050 2876 5120 libidine,
2909 5051 3003 5132 sed
3029 5054 3298 5110 voluntate
3322 5057 3482 5111 motis
3507 5057 3772 5129 agricola-

2195 5154 2314 5196 rum
2355 5140 2598 5196 manibus
2637 5141 2961 5209 seminatur,
3012 5143 3131 5199 ideo
3172 5160 3301 5202 suos
3337 5148 3623 5216 pariendos
3661 5165 3772 5207 non

2196 5230 2426 5301 concipit
2448 5230 2626 5301 fetus)
2659 5249 2671 5283 :
2702 5239 2794 5285 aut
2812 5273 2827 5299 ,
2856 5247 2924 5287 ne
2953 5233 3171 5289 nimium
3199 5235 3472 5293 videamur
3493 5238 3772 5298 oﬂ'endere

2197 5322 2473 5393 homines,
2515 5324 2608 5397 qui
2637 5324 2961 5396 voluptatem
2992 5329 3233 5399 corporis
3271 5332 3775 5407 quomodocumque

2262 5478 2504 5544 {Vaticani
2523 5481 2741 5544 quinque
2766 5489 2893 5544 ωε,
2916 5486 3101 5534 tantum
3118 5482 3398 5536 molestiam.

2261 5538 2283 5571 ⁸
2304 5538 2615 5612 Floriacen'sis
2630 5538 2772 5593 vietus
2794 5538 2947 5612 codex
2965 5545 3182 5612 praeterit
3201 5544 3280 5596 hic
3294 5546 3467 5612 decem
3480 5561 3683 5612 versus,
3708 5552 3776 5612 ita

3313 5608 3438 5661 είουε
3469 5607 3524 5662 επ
3542 5600 3776 5676 ποίεε

2197 5676 3325 5836 ντέηξξυῗὲὲῗξιῗίξέἕέιὲἔῗὲωαῖαῶῇψ
3345 5731 3601 5786 habentur.

2261 5788 2285 5820 δ
2398 5788 3322 5836 ωΔιρῶιὶ.άπΜοῃιωήωι
3363 5807 3587 5836 mnam-

2261 5788 3322 5860 inanimuminanimum
3363 5807 3588 5860 congruo.
3632 5798 3776 5854 Porto

2196 5847 2545 5962 legegltiiiumni
2571 5847 2804 5924 inmodo.
3283 5847 3289 5849 '
3398 5847 3403 5848 ν
3450 5847 3474 5860 ”
3549 5847 3585 5895 ν·

2391 5919 2444 5963 ιι.
2466 5918 2690 5963 restans.

2429 5946 2444 5973 ,
2466 5918 2690 5977 reptanti.
