4038 6468
186 484 288 546 775

186 595 497 664 defendunt,
530 594 606 650 ita
633 590 706 651 ibi
723 583 972 649 credatur
996 583 1288 643 carnalium
1312 596 1567 640 sensuum
1600 579 1762 634 fuisse

188 689 482 753 libidinem,
515 694 575 741 ut
600 685 745 741 omni
769 682 926 739 modo
952 677 1201 735 rationali
1231 675 1438 731 subdita
1467 669 1724 737 voluntati
1748 709 1765 735 ,

189 798 292 838 non
316 780 454 835 alias
480 776 717 842 adesset,
750 775 848 830 nisi
876 789 998 829 eum
1033 787 1127 842 per
1153 770 1301 826 illam
1328 767 1413 825 vel
1442 764 1600 821 saluti
1625 771 1772 819 esset

190 871 450 944 corporis,
479 869 567 926 vel
592 868 773 939 stirpis
802 864 1077 937 pr0pagini
1107 860 1491 919 consulendum
1513 875 1527 926 ;
1550 868 1604 914 et
1625 866 1769 912 tanta

186 966 434 1031 adesset,
474 972 535 1018 ut
572 958 715 1016 nulla
753 976 819 1016 ex
850 966 999 1029 parte
1038 965 1271 1012 mentem
1308 952 1375 1009 de
1417 964 1770 1022 supernarum

187 1057 567 1129 cogitationum
607 1052 963 1109 delectatione
1005 1050 1332 1120 deponeret,
1377 1046 1556 1102 nullus
1585 1059 1773 1114 super-

186 1163 382 1202 vacuus
410 1148 524 1201 sive
551 1144 888 1215 importunus
910 1150 1085 1197 motus
1106 1149 1249 1197 esset
1275 1154 1342 1196 ex
1368 1138 1475 1205 illa,
1509 1134 1641 1191 nihil
1670 1132 1773 1189 nisi

187 1239 323 1311 quod
356 1236 640 1309 prodesset
668 1237 818 1293 ﬁeret
852 1251 947 1307 per
976 1234 1125 1291 illam
1145 1275 1162 1304 ,
1194 1232 1330 1290 nihil
1359 1231 1579 1288 omnino
1619 1228 1772 1286 fieret

188 1340 406 1403 propter
431 1332 596 1385 illam.
915 1394 918 1398 Α

256 1422 346 1478 70.
388 1420 540 1477 Nune
565 1436 695 1476 vero
723 1436 882 1491 quam
912 1434 969 1475 se
994 1418 1146 1474 aliter
1166 1416 1379 1484 habeat,
1401 1417 1492 1487 qui
1518 1415 1774 1470 dimicant

187 1512 441 1568 adversus
471 1528 588 1568 eam
609 1553 622 1578 ,
655 1510 709 1566 hi
737 1512 965 1565 maxime
988 1511 1241 1565 sentiunt.
1274 1507 1472 1579 Ingerit
1499 1522 1558 1563 se
1586 1506 1773 1561 viden-

188 1606 326 1660 tibus
351 1604 440 1659 vcl
468 1602 806 1658 audientibus
841 1601 1061 1671 aliquid,
1094 1599 1336 1671 quamvis
1376 1607 1593 1669 propter
1630 1595 1775 1653 aliud

188 1696 400 1751 videant
426 1702 482 1750 et
506 1692 746 1760 audiant,
781 1702 837 1747 ut
866 1692 1074 1747 etiamsi
1099 1689 1345 1761 tangendi
1373 1704 1476 1744 non
1503 1687 1628 1743 inde
1658 1702 1776 1757 per-

192 1788 316 1859 cipit
356 1786 717 1857 voluptatem,
763 1784 952 1840 saltem
1000 1782 1355 1853 voluptariam
1401 1779 1775 1852 cogitationem

188 1880 325 1937 inter
363 1878 669 1935 necessaria
709 1893 828 1950 quae
872 1874 939 1931 ad
982 1891 1103 1932 eam
1140 1890 1247 1930 non
1288 1875 1576 1947 pertinent,
1628 1879 1777 1927 motu

189 1973 481 2044 obrepente
502 1972 728 2026 foretur.
756 1969 808 2023 In
833 1968 961 2040 ipsis
982 1983 1143 2041 porro
1162 1965 1591 2037 cogitationibus,
1614 1964 1775 2020 etiam

190 2065 400 2137 quando
430 2050 563 2121 nihil
595 2060 968 2119 illecebrosum
993 2058 1201 2128 adjacet
1227 2057 1417 2122 oculis,
1445 2065 1537 2113 aut
1564 2054 1777 2111 insonat

190 2157 407 2213 auribus
430 2198 445 2224 ,
475 2171 593 2227 qua:
629 2171 735 2209 non
764 2161 988 2208 conatur
1014 2152 1175 2207 etiam
1218 2150 1456 2206 obsoleta
1485 2157 1644 2220 atque
1684 2162 1775 2202 so-

191 2252 297 2324 pita
327 2247 791 2306 recordationibus
818 2244 1071 2317 inquietis
1096 2259 1217 2299 cum
1251 2242 1390 2313 turpi
1419 2242 1778 2298 delectatione

190 2343 483 2409 refricare,
514 2351 568 2396 et
596 2341 758 2397 castis
785 2338 1090 2407 sanctisque
1134 2335 1521 2392 intenlionihus
1551 2335 1778 2389 tumultu

191 2434 424 2506 quodam
473 2430 706 2488 sordidae
759 2427 1200 2499 interpellationis
1247 2423 1604 2494 obstrepere?
1658 2422 1777 2479 Jam

190 2542 315 2583 vero
341 2542 465 2582 eum
491 2518 558 2579 ad
584 2538 734 2578 usum
760 2530 977 2578 ventum
1008 2519 1167 2575 fuerit
1193 2517 1507 2574 necessariae
1533 2516 1777 2586 volupta-

191 2619 278 2685 tis,
305 2626 404 2688 per
432 2630 587 2686 quam
609 2612 878 2670 reficimus
903 2624 1150 2681 corpora,
1181 2607 1299 2679 quis
1321 2604 1497 2662 verbis
1522 2605 1777 2677 explicet,

190 2707 641 2783 quemadmodum
672 2722 770 2761 nos
810 2704 1025 2759 modum
1067 2698 1400 2757 necessitatis
1430 2697 1631 2754 sentire
1673 2714 1777 2751 non

193 2804 362 2869 sinat,
393 2809 450 2856 et
475 2800 648 2871 ipsum
676 2796 899 2852 limitem
928 2790 1279 2866 procuranda:
1304 2790 1507 2856 salutis,
1555 2788 1607 2844 in
1635 2805 1782 2861 quac-

192 2910 315 2965 que,
351 2892 398 2948 si
427 2890 617 2946 adsunt
653 2889 669 2920 ¹
695 2928 711 2954 ,
739 2876 1075 2944 delectabilia
1106 2881 1383 2954 rapiendo,
1412 2879 1705 2936 abscondat
1728 2887 1783 2934 et

110 3004 115 3009 λ
196 2995 463 3052 transeat;
497 2982 807 3056 putantibus
845 2976 999 3035 nobis
1041 2977 1171 3032 satis
1200 2991 1305 3030 non
1335 2989 1455 3030 esse
1485 2972 1625 3044 quod
1654 2971 1782 3025 satis

194 3091 293 3148 est,
325 3079 457 3135 dum
485 3076 712 3132 libenter
737 3073 855 3144 ejus
882 3067 1347 3142 provocationibus
1372 3066 1638 3131 ducimur,
1668 3061 1783 3119 exi-

194 3173 473 3230 stimantes
502 3182 601 3223 nos
620 3166 794 3220 adhuc
820 3178 977 3234 agere
1002 3160 1271 3231 negotium
1291 3154 1629 3221 valetudinis,
1659 3170 1781 3209 cum

194 3278 416 3336 agamus
445 3258 620 3332 potius
643 3255 963 3314 cruditatis?
992 3252 1131 3323 Quid
1151 3253 1292 3308 enim
1318 3248 1444 3306 mali
1472 3246 1777 3314 fecerimus,

196 3348 413 3427 crapula
450 3349 757 3425 paenitenda
782 3350 803 3381 ¹
833 3355 1090 3411 testatur;
1120 3343 1263 3417 quod
1303 3352 1599 3400 metuentes
1620 3381 1635 3408 ,
1670 3340 1783 3410 ple-

197 3464 427 3521 rumque
490 3446 709 3509 minus,
774 3457 933 3514 quam
993 3438 1293 3495 eximendae
1347 3435 1476 3492 fami
1535 3430 1782 3500 sufficit,

197 3542 466 3600 vescimur
510 3556 523 3593 :
567 3537 641 3593 ita
679 3533 851 3591 nescit
890 3530 1152 3602 cupiditas
1178 3569 1195 3597 ,
1241 3527 1332 3583 ubi
1371 3525 1552 3582 finitur
1597 3538 1785 3597 neces-

199 3636 327 3692 sitas
354 3632 400 3688 ³.
1116 3616 1117 3621 “

269 3727 357 3782 7t.
392 3723 464 3779 Et
491 3718 607 3778 haec
633 3718 848 3792 quidem
876 3713 1130 3772 vescendi
1154 3720 1314 3783 atque
1342 3708 1559 3781 potandi
1591 3707 1786 3764 tolera-

202 3819 321 3877 bilis
349 3825 436 3874 est
459 3814 705 3885 voluptas
724 3852 740 3880 ,
781 3817 981 3882 quanta
1019 3821 1304 3881 possumus
1332 3800 1625 3861 intentione
1657 3801 1787 3872 vigi-

203 3911 436 3969 lantibus
464 3907 639 3975 nobis,
672 3914 730 3962 ut
753 3902 960 3959 facilius
981 3915 1088 3956 non
1115 3899 1350 3970 impleat,
1382 3912 1539 3969 quam
1567 3893 1784 3950 modum

204 4002 492 4078 aliquando
532 4002 705 4057 victus
750 3995 1063 4054 sufficientis
1107 3992 1373 4052 excedat:
1405 3999 1594 4046 contra
1636 3987 1789 4059 cujus

201 4094 692 4168 concupiscentiam
718 4101 773 4148 et
790 4087 1085 4163 jejunando
1104 4094 1160 4142 et
1184 4083 1393 4156 parcius
1420 4083 1668 4137 alimenta
1693 4094 1786 4136 su-

200 4192 415 4250 mendo.
442 4201 774 4262 pugnamus;
818 4197 990 4252 eoque
1032 4179 1173 4236 malo
1211 4176 1349 4232 bene
1390 4182 1517 4230 tunc
1560 4173 1786 4238 utimur,

201 4282 417 4355 quando
443 4296 540 4352 per
565 4279 710 4334 illam
739 4274 950 4332 nonnisi
979 4270 1121 4345 quod
1158 4268 1314 4326 saluti
1344 4264 1681 4323 conducibile
1708 4270 1791 4355 est

199 4352 431 4448 agimus.
474 4372 597 4428 ideo
624 4379 803 4425 autem
835 4366 973 4420 hanc
1013 4363 1343 4432 voluptatem
1382 4357 1490 4413 dixi
1535 4352 1787 4413 tolerabi-

198 4446 339 4534 lem,
371 4466 497 4538 quia
529 4463 607 4521 vis
635 4462 752 4532 ejus
785 4468 929 4514 tanta
961 4472 1066 4511 non
1090 4463 1208 4521 est,
1239 4461 1296 4508 ut
1321 4465 1421 4507 nos
1448 4465 1479 4505 a
1509 4446 1790 4519 cogitatio-

199 4563 360 4618 nibus
388 4558 457 4613 ad
487 4554 804 4627 sapientiam
832 4548 1245 4622 pertinentibus,
1278 4545 1323 4601 si
1352 4545 1405 4600 in
1441 4557 1532 4600 eas
1560 4555 1745 4598 sumus
1768 4539 1790 4571 ’⁵

198 4654 400 4711 mentis
427 4648 783 4706 delectatione
819 4642 1105 4714 suspensi,
1145 4641 1427 4709 abrumpat
1457 4645 1513 4692 et
1557 4635 1789 4706 dejiciat.

198 4748 333 4805 Nam
363 4759 512 4817 saepe
538 4742 605 4799 de
630 4740 837 4811 magnis
878 4736 1040 4793 rebus
1080 4736 1220 4790 inter
1259 4732 1443 4803 epulas
1473 4745 1578 4786 non
1619 4729 1794 4785 solum

199 4842 525 4914 cogitamus,
550 4851 734 4894 verum
758 4834 918 4890 etiam
939 4830 1286 4901 disputamus,
1313 4835 1470 4896 atque
1492 4825 1629 4881 inter
1650 4824 1795 4895 ipsos

201 4936 451 4991 ciborum
480 4943 692 4985 morsus
719 4934 775 4982 et
800 4925 1074 4997 potionum
1098 4921 1296 4992 glutus,
1326 4917 1493 4973 nihilo
1522 4916 1797 4974 remissius

207 5023 479 5082 audiendo
504 5019 839 5090 dicendoque
868 5014 1245 5086 colloquimur,
1277 5021 1329 5066 et
1358 5008 1500 5082 quod
1526 5024 1685 5065 nosse
1713 5008 1797 5065 vel

205 5121 450 5178 recolere
478 5115 747 5180 volumus,
776 5107 1130 5166 intentissime
1156 5102 1373 5161 omnino
1407 5102 1450 5157 si
1475 5102 1626 5158 nobis
1654 5101 1798 5172 lega-

207 5222 295 5269 tur
322 5200 636 5279 accipimus.
676 5194 767 5259 llla
796 5216 924 5257 vero
956 5215 1052 5272 pro
1080 5214 1183 5270 qua
1229 5210 1437 5250 mecum
1478 5192 1638 5247 tantis
1664 5207 1796 5248 eon-

209 5301 542 5361 tentionibus
568 5297 762 5369 litigas,
790 5294 951 5352 etiam
975 5290 1186 5365 quando
1211 5289 1278 5344 ad
1303 5303 1421 5344 eam
1448 5287 1586 5343 bona
1618 5286 1797 5343 inten-

209 5396 356 5453 tione
375 5437 392 5467 ,
420 5392 527 5449 hoc
554 5399 637 5447 est
655 5432 670 5460 ,
710 5402 869 5444 causa
896 5382 1253 5458 propaganda:
1278 5380 1445 5453 prolis
1480 5378 1793 5448 acceditur;

273 5573 297 5605 ί
319 5569 455 5641 ωειλ.
472 5574 576 5618 Αω-
593 5571 646 5641 ει
666 5555 1572 5641 κε’-’Βιμωξέωὲἒῖλιιὶίθξδ
1591 5554 1804 5619 “de”:

214 5631 1150 5752 ἪᾶἪαῗῖωωὲῗιηἚιπ
1171 5633 1281 5752 Tan
1327 5751 1331 5752 ,
1380 5750 1415 5752 η

282 5759 306 5795 ι
326 5738 809 5829 ἦρᾷῖὠῖ
837 5747 1110 5801 necessitas.
1154 5744 1342 5808 Aliquot
1379 5750 1507 5806 ω,
1529 5741 1613 5795 ubi
1632 5738 1802 5809 ﬁnitiu-

220 5851 687 5996 Ξῖσωσὶἂιω
706 5888 889 5929 um.
908 5871 1223 5927 rbrtacensis
1243 5877 1323 5920 Its.
1341 5867 1547 5934 melius,
1574 5868 1620 5925 si
1649 5868 1703 5925 in
1720 5881 1807 5925 eae

1531 463 1732 525 LIBER
1767 452 2111 533 QUARTUS.

3353 460 3460 526 774

1880 588 2055 633 tamen
2085 578 2136 632 in
2167 578 2282 647 ipso
2307 590 2470 649 opere
2496 590 2617 645 suo,
2643 592 2804 650 quem
2824 577 3085 649 permittit
3101 577 3327 652 aliquid,
3342 594 3452 639 non

1878 671 1998 728 dico
2040 671 2341 741 sapientiae,
2388 669 2482 727 sed
2528 660 2929 743 cujuslibct‘rei
2976 670 3118 731 aliud
3164 672 3441 745 cogitare?

1878 764 2064 820 Nonne
2107 764 2183 820 illi
2224 773 2367 821 totus
2410 765 2619 820 animus
2664 773 2957 837 et.eorpus
2995 765 3355 839 impenditur,
3400 772 3457 825 et

1878 856 2045 926 ipsius
2077 855 2270 911 mentis
2309 855 2535 927 quadam
2573 857 2941 913 submersione
2991 854 3121 913 illud
3160 866 3460 917 extremum

1879 947 1993 1019 ejus
2015 945 2311 1018 impletur?
2337 947 2471 1003 Cum
2500 963 2631 1003 vero
2661 948 2826 1003 vincit
2854 949 3013 1005 etiam
3040 949 3375 1022 conjugatos,
3399 957 3462 1006 ut

1877 1055 1985 1094 non
2018 1038 2415 1110 propagationis
2435 1080 2450 1107 ,
2484 1039 2578 1096 sed
2607 1038 2978 1098 delectationis
3002 1042 3229 1099 carnalis
3253 1039 3461 1114 cupidi-

1881 1138 1988 1185 tate
2020 1130 2373 1196 misceantur,
2404 1132 2545 1201 quod
2576 1130 2863 1201 Apostolus
2889 1130 3179 1188 secundum
3208 1133 3417 1190 veniam
3438 1173 3455 1202 ,

1878 1237 1985 1277 non
2024 1221 2315 1276 secundum
2362 1221 2642 1293 imperium
2679 1238 2739 1279 se
2779 1222 2981 1279 dixisse
3012 1230 3240 1281 testatur
3264 1222 3310 1296 (l
3336 1222 3450 1281 Cor.

1878 1327 1976 1380 vn,
2008 1310 2096 1385 6);
2127 1312 2198 1365 ita
2230 1311 2353 1367 hinc
2377 1313 2705 1383 emergitur,
2735 1321 2791 1368 et
2815 1314 2964 1385 quasi
2994 1314 3047 1370 in
3084 1330 3242 1370 auras
3273 1315 3290 1347 ¹
3316 1314 3463 1387 συθεί-

1879 1404 2093 1459 talionis
2117 1414 2240 1476 post
2264 1404 2410 1460 illum
2440 1403 2699 1476 gurgitem
2727 1407 3038 1476 respiratur,
3070 1416 3131 1463 ut
3155 1406 3246 1464 fiat
3270 1422 3462 1463 conse-

1878 1509 2067 1567 quens,
2099 1496 2241 1567 quod
2270 1510 2457 1551 verum
2482 1496 2556 1551 ait
2580 1494 2817 1567 quidam,
2842 1505 2896 1554 et
2921 1496 3214 1568 paenitendi
3236 1514 3354 1572 quae
3379 1508 3464 1556 est

1879 1598 1999 1645 eam
2027 1589 2297 1660 voluptate
2322 1589 2586 1646 vicinitas.
2619 1589 2749 1657 Quis
2787 1607 2915 1663 ergo
2940 1600 3147 1647 amator
3171 1591 3462 1663 spiritualis

1878 1681 2023 1749 boni,
2050 1680 2210 1737 etiam
2237 1682 2348 1738 sola
2374 1698 2533 1737 causa
2562 1682 2761 1738 sobolis
2783 1683 3117 1755 eonjugatus,
3146 1700 3251 1740 non
3277 1684 3462 1741 mallet

1879 1773 1963 1831 vel
1994 1774 2108 1831 sine
2138 1776 2234 1830 ista
2267 1775 2311 1830 si
2342 1785 2544 1846 posset,
2574 1776 2658 1831 vel
2688 1774 2805 1831 sine
2835 1783 2944 1831 tam
2972 1792 3161 1848 magna
3185 1777 3235 1832 vi
3266 1776 3381 1848 ejus
3407 1775 3461 1832 ﬁ-

1880 1866 1981 1922 lios
2010 1866 2332 1938 procreare?
2366 1865 2520 1936 Quod
2560 1883 2686 1938 ergo
2732 1866 2953 1923 mallent
2997 1868 3168 1923 sancti
3208 1866 3464 1939 conjuges

1880 1957 1934 2013 in
1967 1954 2066 2013 hac
2091 1957 2218 2023 vita,
2247 1964 2376 2029 puto
2404 1974 2501 2014 nos
2526 1957 2627 2015 hoc
2652 1956 2850 2015 debere
2874 1958 2941 2014 de
2962 1958 3049 2013 illa
3077 1956 3310 2029 paradisi
3333 1957 3462 2026 vita,

1879 2064 1999 2121 qua:
2039 2049 2205 2104 multo
2236 2050 2428 2105 melior
2450 2059 2564 2106 erat
2584 2091 2599 2117 ,
2628 2050 2870 2119 credere,
2899 2046 2946 2106 si
2974 2047 3106 2105 nihil
3130 2049 3318 2106 melius
3341 2047 3466 2107 inde

1881 2155 2165 2211 possumus
2192 2139 2444 2213 cogitare.

1952 2232 2041 2290 72.
2081 2231 2318 2291 Obsecro
2345 2245 2412 2299 te,
2443 2249 2547 2288 non
2575 2232 2643 2288 sit
2667 2233 2940 2289 honestior
2964 2230 3295 2305 philosophia
3323 2229 3465 2290 Gen-

1883 2327 2038 2393 tium,
2067 2342 2224 2396 quam
2251 2334 2434 2380 nostra
2456 2322 2778 2391 Christiana,
2807 2340 2928 2396 qua:
2953 2341 3057 2381 una
3080 2332 3163 2381 est
3192 2341 3315 2381 vera
3342 2325 3465 2396 phi-

1880 2415 2143 2487 losOphia,
2176 2413 2605 2486 quandoquidem
2637 2414 2869 2469 studium
2901 2412 2983 2469 vel
3010 2430 3164 2470 amor
3190 2414 3466 2486 sapientia:

1882 2506 2207 2578 significatur
2236 2506 2337 2562 hoc
2365 2507 2601 2561 nomine.
2636 2502 2766 2561 Vide
2791 2507 2933 2561 enim
2961 2504 3087 2577 quid
3116 2506 3168 2562 in
3196 2507 3465 2565 Hortensii

1852 2602 2092 2679 .dialogo
2122 2603 2141 2632 ³
2172 2598 2314 2655 dicat
2334 2598 2569 2666 Tullius;
2602 2615 2721 2671 qua:
2744 2599 2911 2670 magis
2935 2599 3093 2655 verba
3123 2609 3175 2656 te
3200 2599 3467 2658 delectare

1884 2693 2209 2759 debuerant,
2257 2707 2414 2763 quam
2460 2688 2606 2745 Balbi
2648 2690 2945 2749 Stoicorum
2992 2694 3170 2761 partes
3213 2692 3462 2761 agentis:

1885 2801 2001 2856 qum
2028 2783 2147 2839 licet
2170 2799 2315 2851 vera,
2349 2792 2525 2838 tamen
2553 2781 2620 2837 de
2643 2791 2793 2852 parte
2813 2781 3044 2858 hominis
3069 2781 3338 2851 inferiore,
3366 2782 3467 2839 hoe

1886 2884 2005 2944 est,
2048 2872 2114 2930 de
2142 2890 2367 2945 corpore
2400 2872 2613 2929 fuerunt
2636 2916 2648 2939 ,
2682 2882 2736 2928 et
2765 2882 2817 2929 te
2848 2870 2978 2929 nihil
3003 2873 3253 2943 adjuvare
3279 2883 3467 2945 potue-

1885 2976 2028 3023 runt.
2062 2962 2194 3020 Vide
2221 2966 2348 3035 quid
2383 2964 2481 3020 iste
2514 2980 2607 3034 pro
2633 2964 2914 3019 vivacitate
2940 2964 3134 3019 mentis
3161 2974 3347 3021 contra
3372 2981 3467 3022 vo-

1885 3062 2140 3131 luptatem
2170 3060 2410 3130 corporis
2440 3054 2601 3113 dicat.
2636 3077 2654 3110 ι
2687 3054 2769 3114 An
2793 3073 2942 3126 vero,
2984 3078 3002 3111 ι
3039 3058 3227 3130 inquit,
3262 3078 3280 3112 ι
3312 3058 3466 3115 volu-

1886 3164 2059 3227 ptzutes
2098 3153 2340 3224 corporis
2379 3150 2712 3223 expetenda),
2759 3167 2878 3222 qua:
2922 3167 3048 3207 vere
3083 3161 3136 3207 et
3169 3153 3400 3223 graviter
3438 3168 3468 3208 a

1886 3244 2105 3302 Platone
2132 3242 2286 3300 dictae
2313 3252 2436 3298 sunt
2478 3240 2742 3298 illecebrae
2771 3257 2890 3297 esse
2917 3250 3075 3312 atque
3117 3258 3254 3297 esca:
3295 3242 3468 3299 malo-

1890 3339 2047 3394 rum?
2077 3338 2204 3406 Qua:
2235 3337 2375 3392 enim
2407 3334 2669 3391 confectio
2700 3342 2818 3401 est,
2856 3353 2876 3387 ι
2912 3334 3114 3405 inquit,
3154 3353 3173 3387 t
3209 3335 3471 3393 valetudic

1888 3432 2002 3499 nis,
2029 3446 2147 3502 quae
2177 3426 2498 3484 deformatio
2524 3426 2718 3481 coloris
2748 3432 2802 3481 et
2826 3425 3065 3496 corporis
3088 3467 3102 3492 ,
3137 3424 3276 3497 quod
3318 3436 3471 3499 turpe

1887 3522 2177 3587 damnum,
2219 3516 2361 3589 quod
2405 3516 2639 3573 dedecus
2662 3556 2678 3584 ,
2719 3514 2862 3587 quod
2892 3530 2996 3571 non
3029 3524 3284 3573 evocetur
3311 3526 3471 3587 atque

1888 3612 2130 3671 eliciatur
2148 3611 2419 3683 voluptate
2441 3610 2460 3642 ³
2480 3606 2504 3664 ?
2528 3607 2692 3680 Cujus
2718 3617 2894 3665 motus
2920 3617 2977 3664 ut
3003 3609 3227 3681 quisque
3247 3618 3333 3665 est
3357 3626 3470 3666 ma-

1889 3710 2085 3776 ximus,
2115 3708 2184 3762 ita
2209 3715 2292 3761 est
2321 3704 2716 3760 inimicissimus
2751 3703 3124 3776 philosophiaa.
3167 3702 3473 3776 Cougruere

1891 3798 2033 3857 enim
2059 3814 2180 3854 cum
2221 3797 2543 3868 cogitatione
2574 3782 2765 3867 magna
2804 3793 3049 3866 voluptas
3087 3795 3329 3866 corporis
3367 3812 3472 3852 non

1892 3901 2087 3966 potest.
2119 3890 2248 3961 Quis
2277 3890 2419 3947 enim
2449 3906 2569 3946 eum
2596 3897 2778 3945 utatur
2800 3890 3073 3961 voluptate
3100 3906 3183 3959 ea,
3206 3906 3309 3961 qua
3333 3888 3473 3945 nulla

1895 3982 2061 4057 possit
2087 3984 2260 4053 major
2288 3997 2428 4046 esse,
2451 3979 2729 4037 attendere
2754 3981 2954 4047 animo,
2998 3980 3132 4038 inire
3172 3979 3469 4051 rationem,

1892 4078 2128 4150 c0gitare
2162 4075 2382 4133 omnino
2424 4071 2709 4146 quidquam
2756 4073 2974 4144 potest?
3022 4068 3185 4145 Cujus
3228 4072 3250 4105 ⁸
3296 4082 3474 4130 autem

1894 4179 2073 4227 tantus
2098 4176 2182 4224 est
2206 4178 2415 4239 gurges,
2440 4166 2533 4237 qui
2555 4166 2670 4220 dies
2699 4173 2754 4221 et
2780 4175 2962 4221 noctes
2993 4164 3108 4220 sine
3134 4166 3238 4220 ulla
3272 4165 3478 4223 minimi

1897 4262 2151 4332 temporis
2192 4258 2586 4314 intermissione
2609 4257 2737 4311 velit
2764 4256 2833 4310 ita
2873 4256 3073 4311 moveri
3105 4270 3231 4311 suos
3257 4271 3476 4326 sensus,

1895 4363 1955 4411 ut
1982 4361 2262 4410 moventur
2284 4351 2305 4384 ⁸
2334 4350 2389 4406 in
2429 4347 2655 4407 summis
2693 4347 3093 4418 voluptatibus?
3136 4344 3267 4417 Quis
3300 4352 3477 4405 autem

1897 4447 2037 4503 bona
2065 4452 2247 4501 mente
2276 4441 2527 4514 praditus
2546 4481 2560 4506 ,
2590 4455 2695 4496 non
2723 4439 2906 4495 mallet
2930 4436 3103 4495 nullas
3133 4441 3350 4497 omnino
3377 4456 3478 4496 no-

1897 4539 1982 4595 bis
2012 4554 2042 4592 a
2081 4547 2265 4593 natura
2298 4536 2593 4605 voluptates
2618 4532 2809 4589 datas?
2844 4551 2863 4586 ι
2895 4532 3021 4589 Haec
3048 4533 3140 4588 ille
3171 4532 3343 4601 dixit,
3386 4533 3478 4605 qui

1899 4630 2031 4686 nihil
2055 4629 2123 4684 de
2159 4626 2455 4701 primorum
2482 4624 2754 4680 hominum
2781 4624 2888 4679 vita
2916 4664 2929 4690 ,
2974 4623 3103 4678 nihil
3143 4624 3210 4679 de
3247 4624 3483 4696 paradisi

1899 4717 2172 4787 felicitate,
2200 4718 2330 4774 nihil
2352 4718 2418 4774 de
2437 4731 2719 4786 corporum
2741 4715 3132 4773 resurrectione
3156 4712 3478 4774 crediderat.

1901 4812 2294 4868 Erubescamus
2322 4809 2532 4864 interim
2574 4807 2596 4839 ‘
2621 4807 2763 4862 veris
2806 4806 3252 4877 disputationibus
3292 4810 3483 4881 impio-

1900 4920 2020 4961 rum
2041 4944 2056 4972 ,
2090 4900 2180 4977 qui
2207 4900 2489 4959 didicimus
2529 4900 2583 4956 in
2623 4915 2747 4956 vera
2794 4915 2935 4955 vera:
2964 4900 3171 4970 pietatis
3198 4911 3483 4975 sanctaque

1902 4995 2258 5068 philosophia,
2284 5002 2341 5050 et
2362 5002 2547 5048 contra
2571 4991 2815 5063 spiritum
2836 5004 3071 5062 carnem,
3095 5002 3149 5049 et
3167 5003 3349 5051 contra
3375 5010 3496 5051 ear-

1906 5104 2029 5147 nem
2055 5086 2437 5158 concupiscere
2477 5083 2719 5155 spiritum
2747 5082 2943 5152 (Calai.
2986 5100 3021 5140 v
3044 5126 3062 5155 ,
3093 5086 3205 5161 i7).
3234 5085 3340 5145 Sed
3382 5089 3484 5145 hoc

1904 5184 2048 5241 unde
2086 5181 2370 5248 acciderit,
2415 5179 2606 5235 Cicero
2643 5179 2916 5236 nesciebat
2945 5196 2958 5235 :
2985 5187 3042 5236 et
3083 5188 3262 5238 tamen
3307 5182 3485 5237 carnis

1905 5268 2349 5347 concupiscentiae
2374 5287 2480 5329 non
2508 5268 2740 5339 favebat,
2770 5272 2914 5345 quod
2944 5281 2999 5329 tu
3024 5270 3189 5339 facis;
3231 5273 3337 5329 imo
3364 5287 3480 5326 eam

1905 5370 2254 5428 vehementer
2288 5368 2574 5441 arguebat,
2617 5366 2761 5441 quod
2790 5376 2845 5424 tu
2869 5381 2977 5425 non
3001 5367 3172 5424 solum
3198 5381 3304 5422 non
3332 5363 3482 5435 facis,

1972 5554 1992 5585 ί
2015 5557 2090 5602 Er.
2127 5557 2181 5602 et
2197 5555 2307 5600 Lov.
2328 5583 2343 5610 ,
2372 5560 2569 5610 auram.
2603 5556 2737 5610 Am,
2769 5559 2921 5597 (ια-α..
2944 5553 3080 5607 ω,
3113 5554 3281 5595 auras.

1973 5617 1994 5648 ⁸
2014 5608 2446 5675 ιτιοιιίιοθιιείξυεη
2461 5608 2692 5675 dialogis.

1974 5678 1997 5739 ἓ
2019 5683 2070 5725 ιιι
2090 5683 2219 5736 Mss.,
2242 5672 2488 5739 uoluptati.

1970 5738 1997 5772 δ
2016 5740 2090 5789 sic
2108 5729 2215 5788 Αωζ
2240 5742 2295 5787 et
2312 5729 2422 5788 u'ss.
2444 5740 2588 5785 iter.
2617 5740 2671 5783 et
2692 5740 2822 5792 Lov.,
2848 5729 2976 5792 Quis.

1970 5802 2120 5852 'Am.
2160 5807 2215 5852 et
2249 5812 2423 5852 omnes
2453 5804 2560 5848 las.
2594 5794 2817 5846 Gallicani
2849 5800 2905 5847 et
2937 5794 3243 5860 Vaticani,”
3269 5804 3489 5849 Μαιο-

1909 5870 2125 5981 Μλίιιι.
2148 5933 2204 5981 et
2220 5931 2348 5986 In,
2365 5919 2623 5975 metu.
