4038 6476
515 491 619 557 775

513 613 611 672 sed
650 607 969 670 facientibus
1004 605 1355 667 vehementer
1393 610 1643 666 irasceris
1672 628 1686 664 :
1719 610 1810 680 qui
1839 606 2092 678 concupi-

513 709 746 765 scentias
781 715 836 762 ct
876 705 1094 777 spiritus
1121 712 1176 762 et
1212 704 1392 761 carnis
1434 705 1574 760 inter
1611 718 1672 760 se
1715 703 2097 774 belligerantes

513 810 762 871 tanquam
791 802 843 855 in
882 799 1023 855 bello
1050 797 1267 854 timidus
1302 798 1487 854 ambas
1522 797 1743 853 laudare
1787 797 2001 852 conaris
2030 795 2049 827 ί
2078 837 2094 862 ,

510 893 657 948 velut
682 893 948 949 inimicam
970 901 1218 949 metuens
1240 893 1457 956 habere,
1481 909 1598 963 quae
1623 893 1854 963 potuerit
1872 890 2094 945 alteram

512 986 750 1040 vincere.
779 985 914 1053 Quin
947 1000 1043 1056 age
1065 985 1261 1055 potius,
1290 1000 1359 1040 ne
1386 983 1666 1049 formides,
1697 995 1751 1039 et
1789 983 1941 1038 lauda
1966 997 2095 1038 con-

508 1076 893 1148 cupiscentiam
930 1076 1148 1145 spiritus
1172 1075 1430 1132 adversus
1457 1075 1941 1145 concupiscentiam
1969 1088 2092 1128 car-

507 1170 624 1232 nis,
657 1176 801 1221 laute
827 1168 1003 1223 acrius
1023 1210 1038 1236 ,
1069 1176 1268 1238 quanto
1297 1168 1500 1223 castius
1527 1166 1917 1221 dimicantem:
1948 1165 2092 1219 illam

506 1273 635 1314 vero
655 1267 1036 1328 repugnantem
1058 1259 1160 1329 legi
1183 1259 1394 1324 mentis,
1418 1257 1535 1313 sine
1560 1272 1754 1326 pavore
1773 1257 1880 1311 ullo
1900 1254 2090 1310 eadem

506 1350 593 1407 cui
623 1361 881 1422 repugnat
908 1351 1024 1422 lege
1051 1352 1247 1406 mentis
1276 1350 1596 1406 condemna.

581 1450 668 1506 75.
697 1445 864 1504 Aliud
885 1457 967 1502 est
985 1445 1339 1502 consideratio
1359 1441 1769 1515 pulchritudinis
1791 1442 1951 1496 etiam
1973 1457 2092 1496 cor-

507 1542 726 1612 poralis,
759 1543 870 1596 sive
895 1538 1134 1604 visibilis,
1164 1537 1302 1593 sicut
1329 1544 1412 1592 est
1436 1536 1488 1590 in
1512 1535 1781 1590 coloribus
1803 1542 1857 1589 et
1882 1533 2089 1605 figuris,

503 1633 616 1689 sive
655 1633 918 1698 audibilis,
963 1631 1103 1687 sicut
1134 1638 1217 1685 est
1249 1630 1301 1684 in
1341 1627 1584 1683 cantibus
1617 1634 1776 1698 atque
1815 1625 2088 1693 modulis;

507 1740 665 1795 quam
706 1724 1208 1787 considerationem,
1241 1721 1343 1775 nisi
1372 1720 1630 1776 rationale
1659 1719 1857 1774 animal
1890 1717 2092 1774 habere

508 1832 615 1871 non
635 1825 838 1886 potest:
857 1824 912 1871 et
925 1815 1066 1869 aliud
1083 1821 1164 1869 est
1179 1813 1466 1868 commotio
1483 1811 1735 1879 libidinis,
1751 1827 1868 1882 quae
1884 1810 2091 1866 ratione

504 1906 763 1963 frenanda
783 1918 865 1962 est
886 1909 930 1960 '.
953 1906 1184 1962 Joannes
1205 1905 1346 1960 enim
1369 1905 1638 1974 apostolus
1662 1903 1805 1958 illam
1831 1901 2089 1972 concupi-

504 2000 762 2055 scentiam
784 2013 891 2053 non
914 2012 1034 2052 esse
1057 1996 1190 2051 dixit
1209 2012 1238 2049 a
1287 1996 1443 2050 Patre
1487 1995 1528 2064 (l
1547 1994 1703 2048 Joan.
1728 2009 1764 2048 ll
1781 2035 1795 2060 ,
1821 1994 1911 2064 16)
1929 2034 1943 2058 ,
1971 2008 2090 2063 quae

501 2089 836 2160 concupiscit
857 2089 922 2144 ad
933 2102 1116 2144 versus
1141 2087 1405 2157 spiritum.
1429 2086 1597 2154 Quam
1626 2100 1786 2142 nemo
1809 2092 1982 2156 potest
2003 2085 2090 2140 bo-

500 2197 623 2237 nam
649 2182 827 2238 dicere
848 2222 864 2248 ,
901 2181 1004 2236 nisi
1029 2180 1181 2251 cujus
1219 2179 1476 2234 adversus
1503 2193 1622 2233 eam
1653 2193 1759 2233 non
1783 2187 1928 2233 amat
1955 2193 2087 2233 con-

497 2273 773 2344 cupiscere
811 2273 1049 2342 spiritus.
1094 2271 1248 2340 Quod
1278 2272 1321 2326 si
1353 2270 1473 2326 talis
1513 2287 1617 2326 non
1659 2279 1741 2326 est
1770 2270 1822 2325 in
1853 2277 1998 2326 motu
2033 2279 2088 2325 et

498 2365 693 2421 ardore
740 2365 1088 2437 genitalium,
1135 2378 1241 2418 non
1286 2362 1547 2418 adversus
1589 2377 1705 2418 eam
1748 2363 2088 2433 concupiscat

497 2454 716 2526 spiritus
736 2497 748 2521 ,
792 2471 860 2510 ne
887 2454 1140 2508 adversus
1175 2453 1373 2508 donum
1421 2453 1513 2508 Dei
1543 2453 1969 2524 concupiscendo
2001 2454 2086 2508 in-

497 2547 742 2602 veniatur
782 2546 1058 2617 ingratus:
1092 2544 1186 2600 sed
1231 2544 1486 2616 quidquid
1530 2545 1848 2615 appetiverit
1890 2545 2082 2614 detur,

498 2645 747 2708 tanquam
775 2637 848 2691 illi
875 2653 992 2707 qua:
1015 2652 1078 2692 ex
1101 2637 1259 2692 Patre
1282 2646 1364 2692 est
1387 2652 1401 2702 ;
1431 2637 1478 2692 si
1505 2646 1680 2692 autem
1708 2652 1811 2692 non
1837 2647 1921 2694 est
1942 2638 2084 2709 quod

496 2727 671 2790 detur,
703 2727 805 2782 hoc
831 2729 1006 2798 potius
1033 2737 1244 2798 petatur
1279 2744 1307 2780 a
1338 2727 1516 2794 Patre,
1545 2744 1651 2784 non
1682 2739 1738 2783 ut
1767 2729 1970 2786 auferat
2001 2729 2083 2786 vel

497 2821 846 2891 comprimat,
897 2820 990 2876 sed
1039 2829 1096 2874 ut
1135 2819 1345 2890 expleat
1389 2820 1875 2890 concupiscentiam
1921 2837 2080 2892 quam

495 2914 731 2969 donavit.
779 2913 930 2981 Quod
975 2929 1164 2984 sapere
1203 2914 1246 2968 si
1295 2913 1540 2984 desipere
1581 2923 1701 2980 est;
1732 2915 1917 2985 utquid
1961 2931 2080 2971 eam

495 3020 867 3076 comparamus
895 3006 1019 3059 vino
1047 3014 1102 3059 et
1130 3004 1270 3070 cibo,
1302 3014 1356 3060 et
1382 3005 1578 3074 aliquid
1611 3006 1763 3061 nobis
1793 3006 1972 3062 dicere
2000 3007 2082 3061 vi-

496 3097 706 3166 demur,
738 3097 860 3168 quia
887 3097 1142 3163 dicimtts,
1180 3116 1198 3150 ‹
1229 3095 1339 3153 Nec
1367 3097 1546 3152 vinum
1579 3097 1838 3163 ebrietas,
1871 3114 1971 3155 nec
2000 3099 2081 3154 ci-

498 3192 628 3247 bum
670 3191 987 3246 condemnet
1027 3190 1239 3260 crapula
1278 3189 1354 3262 (a)
1386 3231 1402 3257 ,
1452 3205 1551 3245 nec
1593 3190 2080 3258 concupiscentiam

497 3279 726 3338 infamet
754 3280 1093 3346 obscenitas;
1132 3301 1150 3334 ι
1184 3281 1394 3352 quando
1423 3295 1521 3335 nec
1545 3281 1796 3346 ebrietas,
1829 3297 1931 3338 nec
1956 3297 2079 3337 cra-

496 3375 619 3445 pula
642 3373 685 3440 ³,
723 3389 821 3429 nec
841 3373 1142 3428 obscenitas
1163 3374 1266 3428 ulla
1288 3373 1637 3428 committitur
1653 3416 1667 3440 ,
1692 3374 1737 3429 si
1758 3373 1933 3428 carnis
1953 3389 2080 3428 con-

492 3467 820 3539 cupiscentia
842 3468 1032 3538 spiritu
1053 3468 1306 3524 adversus
1330 3483 1448 3524 eam
1469 3469 1876 3537 concupiscente
1896 3468 2079 3524 vinca-

491 3560 622 3615 tur?
645 3579 663 3612 ι
698 3559 987 3629 Excessus,
1028 3579 1047 3612 ι
1081 3561 1275 3631 inquis,
1314 3579 1333 3613 ι
1371 3561 1485 3630 ejus
1511 3559 1565 3614 in
1594 3561 1746 3629 culpa
1773 3570 1875 3616 est.
1913 3580 1933 3613 ι
1969 3560 2079 3617 Nec

490 3650 750 3722 perspicis
789 3650 954 3722 (quod
993 3650 1242 3706 facillime
1274 3652 1556 3720 potuisses,
1605 3651 1649 3706 si
1677 3653 1842 3722 magis
1883 3653 2074 3723 ipsam,

491 3757 649 3813 quam
677 3758 764 3798 me
793 3743 1012 3797 vincere
1040 3741 1342 3814 voluisses),
1375 3752 1430 3796 ut
1468 3757 1572 3796 non
1605 3742 1695 3797 fiat
1738 3745 1940 3800 malttm
1980 3762 2076 3801 cx-

491 3830 716 3891 oedendi
740 3875 754 3899 ,
785 3832 1141 3888 resistendum
1170 3849 1288 3888 esse
1313 3834 1455 3888 malo
1483 3835 1913 3906 concupiscendi.
1958 3838 2076 3893 Duo

493 3938 622 3994 ergo
661 3923 801 3978 mala
844 3933 985 3988 sunt,
1030 3940 1255 3994 quorum
1301 3941 1462 3979 unum
1509 3926 1802 3994 habemus,
1845 3928 2073 3985 alterum

491 4014 738 4080 facimus,
779 4016 823 4072 si
863 4016 908 4072 ei
952 4031 1059 4071 non
1099 4016 1396 4072 resistimus
1434 4015 1575 4089 quod
1613 4018 1871 4075 habemus
1898 4019 1921 4052 ⁸
1950 4061 1963 4075 .

563 4108 652 4165 74.
699 4108 814 4165 Jam
837 4124 966 4166 vero
985 4117 1040 4166 et
1058 4117 1214 4166 antea
1236 4109 1464 4166 diximus
1483 4110 1700 4184 (Supra,
1722 4130 1777 4168 n.
1797 4113 1893 4187 ‘55)
1913 4155 1927 4184 ,
1953 4127 2076 4185 pro-

491 4287 510 4298 ⁴
560 4297 578 4330 ³
605 4295 918 4362 Floriacensis
936 4302 1060 4362 Ms.,,
1079 4295 1244 4348 ambas
1267 4303 1426 4362 partes
1449 4296 1652 4350 [elidere
1677 4300 1882 4352 conaris.

557 4362 579 4426 ξ
603 4367 708 4409 Mss.
744 4357 941 4426 Belgici,
963 4357 1205 4426 gallicani,
1227 4357 1278 4426 et
1306 4361 1546 4426 Vaticani,
1573 4362 1842 4426 frmgenda
1857 4369 1944 4426 est.

550 4421 572 4454 ³
589 4429 710 4484 1r_es
731 4433 760 4470 e
783 4421 1019 4472 Vaticanis
1035 4423 1370 4484 manuscriptis
1385 4421 1631 4484 omittunt,
1650 4421 1739 4475 n'éc
1761 4424 1968 4478 ebrietas
1983 4438 2072 4477 nec

485 4481 757 4594 "milia.
781 4550 896 4608 ante
915 4546 1110 4595 excusis
1126 4546 1425 4606 irrepserant
1449 4548 1599 4596 verba
1622 4547 1721 4608 illa,
1739 4562 1849 4598 cum
1871 4549 1997 4600 forte
2020 4552 2070 4601 in

483 4607 702 4670 margine
725 4607 960 4673 quispiam
985 4621 1045 4673 ea
1065 4608 1369 4673 scripsisset:
1395 4610 1506 4673 Ideo
1527 4609 1579 4659 in
1615 4607 1865 4673 pecoribus
1885 4610 2070 4663 malum

483 4680 578 4734 non
592 4667 668 4734 ξεί
692 4667 1092 4734 concupiscentia,
1129 4667 1242 4734 quiq
1279 4681 1372 4719 non
1395 4667 1626 4734 adpersus'
1647 4670 1871 4734 spiritum
1898 4687 2070 4725 concu-

483 4728 652 4800 piscit,
684 4729 769 4800 sed
792 4728 958 4800 eorum
988 4731 1145 4800 potius
1165 4729 1366 4800 oblectat
1399 4730 1638 4800 spiritum.
1673 4728 2069 4800 bqrwupiscenlia

633 4789 882 4864 sapientia:
903 4789 1136 4864 curiamin,
1160 4791 1348 4864 crgrnaii
1378 4789 1775 4864 concupiscentia
1910 4799 2067 4850 resul-

485 4858 604 4916 tant,
629 4859 672 4903 et
691 4849 726 4902 'a
751 4849 866 4902 bono
882 4853 991 4903 vita:
1014 4849 1262 4904 rationalis
1279 4853 1454 4916 aliena,
1475 4849 1563 4906 ho'c
1586 4855 1758 4908 bonum
1780 4857 1950 4910 habent

485 4913 800 4981 dglecmnmr.
838 4917 1166 4981 Expunximus
1206 4913 1491 4981 auctoritate
1531 4920 1847 4981 antiquissimi
1885 4913 2066 4975 codicis

482 4976 793 5027 Floriacensis
805 4982 860 5040 et
883 4976 1312 5040 manuscriptorum
1342 4980 1486 5028 trium
1507 4993 1569 5030 ex
1597 4976 1846 5034 Vaticanis.
1965 5006 1969 5010 ·

544 5039 616 5100 (a)
650 5037 863 5108 Crapul_a_3
901 5037 1202 5108 nomine_’sic
1223 5040 1292 5108 uti
1315 5040 1476 5108 solent
1497 5043 1794 5108 interpretes
1812 5046 2061 5108 Evangelii

485 5098 638 5171 linear
661 5098 893 5171 xxiLSi,
926 5106 978 5171 et
999 5098 1332 5171 ecclesiastici
1356 5098 1650 5171 scriptores,
1694 5106 1901 5171 ipseque
1935 5098 2068 5158 inter

481 5162 600 5235 alios
624 5162 910 5235 benedictus
931 5162 1177 5235 injegula
1196 5197 1209 5222 ,
1235 5175 1337 5235 cap.
1355 5165 1424 5235 ᾖς)
1438 5162 1542 5235 ,“ᾳθ
1563 5162 2030 5235 mensuraciborum
2047 5205 2062 5231 ,

481 5225 665 5296 scilicet
681 5237 773 5296 pro
795 5223 1028 5296 stomachi
1053 5223 1180 5296 noxa
1201 5231 1253 5274 et
1291 5223 1528 5296 indigerie
1544 5264 1559 5287 ,
1598 5242 1694 5278 non
1718 5242 1746 5296 a
1771 5233 1897 5296 vino
1913 5244 1941 5296 a
1965 5223 2063 5296 quo

483 5295 567 5368 93}.
590 5287 836 5368 θυτίξῖἒέδλ
848 5285 1424 5368 3993...°.‘P2}.'}1"1993‘=§
1440 5285 1631 5368 sese:
1650 5291 1807 5368 ﬁnies
1827 5294 1900 5368 rei
1924 5285 2064 5368 ξεάο·

480 5350 667 5398 ratione
691 5348 898 5410 turpiter
919 5345 1236 5410 ltallucinatur
1261 5356 1428 5399 Petrus
1450 5353 1635 5401 Petitus
1649 5353 1700 5402 in
1721 5345 2063 5407 dissertatione

483 5421 592 5471 quae
615 5409 898 5478 ltisrdiebus
917 5409 1089 5478 prodiit
1109 5409 1382 5478 d_e_ltomeri
1417 5414 1695 5478 nepenthe,
1721 5428 1824 5478 cap.
1854 5417 1942 5477 15,
1978 5419 2063 5468 ubi

486 5487 509 5516 ι
533 5472 870 5554 ᾒιμςειιειιὶιιιιιιι¹
885 5471 982 5521 neu
1024 5471 1280 5554 iugandum
1321 5471 1540 5554 potpr‘eni
1552 5471 1733 5554 “misse
1756 5471 2063 5554 {perperam

480 5531 660 5600 colligit
686 5545 750 5582 ex
770 5546 835 5600 _eo
859 5533 964 5584 loco
985 5531 1340 5584 confessionum
1369 5571 1382 5594 ,
1411 5535 1494 5600 lib_.
1522 5536 1581 5585 10
1600 5573 1613 5595 ,
1639 5550 1743 5600 cap.
1780 5531 1858 5599 5i,
1883 5531 1931 5589 ἡ.
1957 5541 2019 5591 45
2044 5556 2057 5591 :

485 5611 508 5639 ι
531 5593 747 5665 Ebrietas
769 5593 912 5655 longe
938 5604 1014 5646 est
1037 5609 1065 5645 a
1089 5610 1186 5658 me,
1209 5604 1301 5646 etc.
1322 5593 1518 5660 crapula
1540 5593 1709 5648 autem
1719 5593 2062 5665 nonnunquam

483 5657 752 5724 (“SUIN'CWb
810 5670 954 5706 servo
1012 5667 1127 5724 tum
1157 5675 1180 5701 »
1232 5665 1308 5708 Fst
1361 5657 1778 5724 auten1_crapula
1843 5677 1908 5712 ex
1935 5657 2061 5715 'ciho

474 5715 568 5782 με,
615 5715 831 5782 gravior,
875 5732 984 5782 qum
1024 5718 1163 5769 facile
1194 5733 1220 5768 a
1265 5715 1862 5782 temperantihus'vitatur
1909 5740 1920 5774 :
1966 5726 2060 5778 alia

474 5776 665 5846 levior,
710 5780 866 5846 qualis
893 5776 1011 5846 'viro
1055 5783 1231 5846 cuique
1267 5776 1430 5832 sobrio
1464 5783 1684 5846 subrepit
1719 5787 1959 5836 interdum
1978 5776 2059 5838 vel

475 5841 668 5909 tnv_ito,_
700 5841 820 5909 cum
844 5845 887 5891 is
932 5859 955 5888 ε
987 5844 1037 5892 in
1059 5841 1203 5909 modo
1242 5846 1522 5894 necessitati
1558 5841 1773 5909 congruo
1814 5849 2008 5898 fallitur.
2029 5867 2052 5896 ι

475 5900 867 5974 Hujuslevioris.
897 5907 1080 5964 peccati
1121 5917 1264 5956 causa
1305 5909 1387 5956 Dei
1425 5900 1800 5959 misericordiam
1836 5911 2060 5974 implorat

475 5962 658 6014 ibidem
677 5962 980 6027 Augustinus.

1339 489 1614 549 CONTRA
1651 485 1991 548 JULIANUM
2030 485 2474 546 PELAGIANUM
2517 533 2532 556 ,
2573 490 2631 547 S.
2676 490 3038 549 AUGUSTlNl

3685 493 3800 559 716

2207 615 2392 678 pterea
2416 607 2517 664 hoc
2543 623 2648 665 non
2671 625 2790 666 esse
2822 612 2872 666 in
2903 613 3186 680 pecoribus
3215 613 3432 684 malum,
3465 617 3584 690 quia
3620 620 3672 674 in
3711 622 3801 674 cis

2211 713 2334 758 non‘
2349 704 2676 775 concupiscit
2705 705 2956 761 adversus
2987 707 3247 777 spiritum.
3275 708 3388 766 Non
3421 713 3559 768 enim
3587 713 3801 769 habent

2207 795 2492 862 rationem,
2509 812 2610 865 qua
2634 795 2878 852 libidines
2898 799 3178 869 subjugcnt
3197 804 3515 872 superando,
3541 805 3771 876 fatigent
3793 838 3803 846 ο

2213 901 2277 942 ve
2312 888 2612 957 pugnando.
2631 889 2758 954 Quis
2789 897 2965 944 autem
2985 891 3075 946 tibi
3097 891 3244 960 dicit,
3266 912 3284 945 ‹
3304 910 3517 965 semper
3537 913 3796 966 pecorum

2207 977 2510 1033 imitatione
2551 981 2802 1050 peccari?
2836 1001 2853 1033 ι
2884 981 3052 1051 Quam
3089 988 3405 1042 sententiam
3437 1004 3538 1044 non
3568 991 3660 1045 tibi
3693 993 3799 1045 nb-

2206 1068 2402 1139 jectam
2432 1080 2573 1125 tanta
2603 1072 2927 1142 loquacitate
2952 1073 3196 1133 refellere
3221 1077 3491 1146 laborasti,
3522 1092 3577 1135 ut
3601 1099 3796 1153 supcr-

2201 1161 2304 1216 flua
2336 1163 2504 1218 multa
2531 1165 2830 1236 colligeres,
2863 1182 2984 1237 qua:
3009 1168 3060 1222 in
3093 1171 3368 1239 pecoribus
3394 1174 3792 1241 animadversa,

2200 1253 2360 1309 etiam
2386 1255 2664 1311 medicina:
2686 1257 2964 1328 disciplina
2993 1269 3244 1315 sectatur.
3274 1262 3379 1318 Sed
3411 1279 3477 1318 ne
3506 1275 3792 1335 prepterea

2199 1354 2511 1416 putaretur,
2557 1363 2662 1402 non
2701 1364 2822 1404 esse
2861 1351 3056 1405 malum
3096 1351 3272 1408 carnis
3315 1356 3749 1426 concupiscentia
3774 1399 3788 1423 ,

2197 1437 2320 1506 quia
2347 1437 2542 1492 bonum
2569 1448 2651 1493 est
2677 1435 2967 1512 in'pecore,
2999 1451 3055 1496 ut
3079 1458 3145 1498 eo
3168 1459 3226 1499 se
3250 1445 3478 1502 oblectet
3507 1449 3593 1502 illa
3620 1459 3791 1504 natu~

2198 1542 2279 1594 ra,
2321 1529 2409 1584 cui
2451 1544 2555 1585 non
2587 1540 2759 1600 potest
2788 1532 2962 1588 inesse
2989 1536 3417 1606 concupiscentia
3455 1541 3732 1609 sapientiae
3770 1560 3785 1598 :

2198 1619 2324 1675 ideo
2361 1619 2563 1675 dictum
2598 1632 2679 1677 est
2715 1623 2910 1678 bonum
2950 1639 3070 1680 esse
3105 1628 3330 1696 pecoris,
3359 1629 3507 1700 cujus
3533 1631 3649 1686 sine
3676 1633 3788 1688 ulla

2198 1713 2546 1781 repugnantia
2569 1712 2796 1768 delectat
2815 1715 3089 1785 spiritum;
3113 1718 3309 1773 malum
3330 1728 3504 1777 autem
3528 1723 3781 1793 hominis,

2194 1802 2248 1857 in
2275 1819 2381 1874 quo
2402 1806 2419 1837 ¹
2441 1807 2768 1876 concupiscit
2792 1807 3048 1865 adversus
3075 1810 3338 1880 Spiritum.

2265 1894 2490 1951 CAPUT
2528 1896 2647 1952 XV.
2676 1927 2748 1940 --
2775 1900 2862 1955 75.
2901 1899 3217 1958 Convocasti
3254 1905 3412 1959 etiam
3448 1905 3502 1961 in
3526 1907 3782 1964 auxilium

2193 1983 2402 2040 turbam
2436 1987 2898 2060 philosophorum,
2934 1993 3088 2062 quasi
3126 2002 3386 2064 susceptae
3425 2005 3548 2065 tum,
3587 1997 3633 2053 si
3670 2014 3780 2053 non

2193 2086 2417 2147 possunt
2442 2093 2692 2149 pecorum
2717 2081 2948 2136 solertia:
2970 2083 3258 2152 naturales,
3286 2086 3470 2141 saltem
3496 2088 3778 2145 doctorum

2192 2168 2467 2226 hominum
2497 2172 2822 2241 opitulentur
2851 2189 3082 2230 errores.
3123 2175 3228 2232 Sed
3269 2181 3388 2248 quis
3416 2195 3520 2235 non
3556 2181 3776 2251 videat,

2192 2261 2450 2318 doctrinae
2485 2272 2538 2320 te
2572 2266 2830 2336 quaesisse
2861 2266 3170 2337 jactantiam
3208 2270 3261 2324 in
3293 2276 3782 2330 commemorandis

2197 2357 2501 2414 nominibus
2563 2359 2839 2416 doctorum
2882 2360 3157 2416 hominum
3210 2365 3472 2436 sectisque
3509 2367 3775 2438 diversis,

2193 2449 2406 2518 quando
2443 2449 2692 2520 perspicit
2726 2451 3043 2522 quicumque
3086 2454 3185 2508 ista
3222 2462 3308 2508 tua
3338 2455 3481 2527 legit,
3516 2457 3579 2512 ad
3618 2475 3778 2528 qua:-

2189 2539 2414 2593 stionem
2441 2556 2560 2611 qua:
2589 2541 2728 2597 inter
2756 2557 2853 2598 nos
2879 2543 3118 2612 vertitur,
3148 2545 3261 2601 hate
3287 2547 3584 2603 nullatenus
3607 2551 3780 2620 perti-

2189 2630 2360 2686 nere?
2388 2630 2517 2698 Quis
2547 2632 2690 2687 enim
2721 2633 2932 2700 audiat,
2965 2635 3107 2704 quod
3143 2636 3238 2691 abs
3266 2646 3316 2692 te
3343 2652 3777 2695 commemoran-

2189 2729 2307 2790 tur,
2345 2741 2366 2776 α
2397 2721 2592 2778 Thales
2634 2723 2865 2780 Milesius
2903 2742 3040 2782 unus
3079 2743 3110 2782 e
3151 2739 3353 2799 septem
3401 2732 3730 2800 sapientibus
3755 2775 3774 2802 ,

2186 2811 2380 2869 deinde
2415 2815 2828 2883 Anaximander,
2859 2818 3238 2887 Anaximenes,
3269 2822 3626 2892 Anaxagoras,
3657 2822 3777 2880 Xe-

2187 2905 2481 2974 nophanes,
2509 2906 2876 2976 Parmenides,
2907 2907 3224 2981 Leucippus,
3259 2911 3612 2980 Democritus,
3643 2915 3778 2970 Em-

2187 2997 2453 3067 pedocles,
2486 2999 2800 3065 Heraclitus,
2831 3000 3098 3068 Melissus,
3137 3003 3306 3070 Platu,
3347 3005 3705 3078 Pythagoraei,
3745 3030 3768 3064 ι

2187 3091 2550 3162 unusquisque
2577 3107 2699 3146 cum
2726 3094 2942 3163 proprio
2965 3093 3212 3164 dogmate
3237 3110 3334 3151 suo
3355 3097 3421 3152 de
3443 3101 3774 3157 naturalibus

2185 3182 2346 3239 rebus
2377 3202 2391 3237 :
2419 3184 2559 3255 quis,
2591 3185 2829 3255 inquam,
2863 3185 2981 3242 haec
3007 3187 3202 3255 audiat,
3235 3201 3289 3244 et
3315 3205 3419 3245 non
3450 3192 3564 3262 ipso
3592 3195 3773 3249 nomi—

2185 3291 2310 3330 num
2349 3283 2718 3346 seetarumque
2744 3277 3175 3346 conglobatarum
3212 3282 3437 3351 strepitu
3465 3290 3731 3340 terreatur
3751 3327 3771 3354 ,

2183 3366 2228 3421 si
2246 3366 2651 3433 estineruditus,
2672 3368 2841 3438 qualis
2857 3377 2941 3422 est
2958 3369 3230 3425 hominum
3258 3373 3537 3429 multitudo
3559 3392 3574 3442 ;
3598 3385 3655 3430 et
3669 3392 3770 3432 ex-

2183 3457 2382 3513 istimet
2416 3468 2467 3513 te
2511 3458 2740 3529 aliquem
2767 3462 3141 3532 magnum,qui
3169 3461 3285 3518 haec
3328 3465 3465 3521 seire
3489 3469 3726 3536 potueris
3745 3468 3772 3524 τ

2183 3547 2322 3604 Ecce
2342 3549 2485 3620 quod
2505 3551 2710 3620 appetis
2735 3568 2748 3606 :
2770 3550 3194 3622 quandoquidem
3221 3554 3272 3608 in
3296 3554 3380 3610 his
3401 3559 3651 3614 omnibus
3671 3559 3770 3614 abs

2181 3646 2236 3695 te
2255 3641 2607 3695 coacervatim
2629 3643 3079 3709 commemoratis,
3101 3645 3243 3714 quod
3267 3645 3332 3701 ad
3355 3662 3466 3701 rem
3488 3650 3771 3720 quaeinter

2180 3746 2279 3789 nos
2305 3733 2475 3804 agitur
2500 3735 2781 3802 pertineat,
2812 3734 2942 3789 nihil
2969 3737 3187 3791 omnino
3224 3737 3427 3795 dixisti.
3457 3739 3590 3797 Nam
3621 3759 3766 3814 pra:-

2179 3823 2387 3879 locutus
2413 3839 2472 3878 es
2498 3825 2598 3878 ista
2626 3825 2883 3894 dicturus,
2915 3835 2968 3882 et
2994 3827 3112 3883 aisti
3139 3847 3152 3883 :
3178 3847 3197 3880 ‹
3231 3831 3432 3888 Omnes
3460 3834 3766 3907 philosophi

2179 3913 2233 3969 in
2267 3913 2464 3969 scholis
2501 3913 2626 3969 licet
2666 3915 2804 3969 aliud
2851 3915 3193 3986 disserentes,
3240 3929 3415 3978 tamen
3457 3923 3597 3980 idola
3637 3942 3765 3984 cum

2179 4004 2334 4075 plebe
2365 4011 2680 4060 venerantes
2703 4046 2717 4072 ,
2760 4005 2848 4076 qui
2875 4006 2942 4062 de
2980 4010 3308 4068 naturalibus
3347 4016 3521 4070 causis
3561 4017 3764 4090 aliquid

2175 4097 2480 4168 excogitare
2521 4097 2697 4152 conati
2727 4107 2884 4164 sunt,
2932 4100 3070 4156 inter
3109 4104 3301 4159 multas
3343 4107 3605 4177 opinionis
3650 4125 3764 4169 sua:

2175 4188 2436 4243 vanitates
2475 4189 2519 4255 ²,
2545 4188 2751 4258 aliquas
2772 4197 2945 4245 tamen
2967 4192 3206 4249 veritatis
3226 4195 3368 4252 velut
3389 4197 3627 4256 lambere
3647 4217 3763 4272 par-

2176 4287 2291 4348 tes,
2334 4279 2423 4350 qui
2455 4295 2550 4350 per
2577 4279 2853 4350 caliginem
2892 4283 3013 4338 vani
3038 4284 3060 4316 ⁸
3087 4327 3102 4352 ,
3150 4287 3270 4342 huic
3315 4298 3495 4346 tamen
3523 4291 3760 4364 dogmati

2174 4381 2358 4428 contra
2388 4373 2529 4444 quod
2558 4373 2782 4444 agimus,
2808 4375 2928 4444 jure
2956 4377 3208 4435 anteferri
3237 4393 3484 4451 possunt.
3526 4403 3545 4438 ι
3581 4387 3762 4458 Atque

2174 4475 2234 4522 ut
2256 4466 2359 4523 hoc
2379 4469 2654 4539 probares,
2678 4469 2956 4526 subdidisti
2981 4487 3044 4528 ea
3064 4490 3182 4544 qua:
3201 4490 3231 4530 a
3253 4491 3340 4532 me
3362 4493 3573 4551 quoque
3594 4483 3760 4539 modo

2174 4569 2586 4617 commemorata
2617 4572 2766 4628 sunt,
2799 4563 3235 4636 phiIOSOphorum
3265 4573 3478 4629 nomina
3505 4574 3759 4648 physico-

2173 4669 2292 4710 rum
2317 4669 2437 4710 cum
2464 4655 2804 4726 opinionibus
2826 4657 2958 4724 suis,
2987 4675 3117 4730 quas
3141 4662 3209 4718 de
3229 4666 3557 4724 naturalibus
3581 4674 3758 4727 causis

2172 4749 2471 4808 habuerunt
2495 4770 2508 4808 :
2530 4768 2628 4809 nec
2655 4761 2833 4809 tamen
2859 4771 3283 4816 commemorare
3307 4775 3494 4818 omnes
3520 4763 3633 4819 sive
3664 4779 3758 4819 vo-

2172 4841 2338 4911 luisti,
2363 4845 2477 4902 sive
2502 4847 2743 4916 potuisti.
2771 4849 2882 4917 Qua
2911 4851 2960 4905 in
2989 4868 3046 4907 re
3070 4851 3316 4909 homines
3337 4853 3614 4925 imperitos
3637 4857 3757 4911 nul-

2170 4935 2223 4992 lo
2249 4936 2525 4994 doctorum
2551 4940 2825 5000 dubitante
2850 4943 2872 4977 ⁸
2909 4944 3182 5000 fraudasti.
3211 4944 3326 5000 Hoc
3348 4947 3488 5002 enim
3515 4946 3759 5004 demons-

2173 5035 2311 5084 trare
2339 5044 2682 5102 susceperas,
2719 5056 2738 5090 ε
2770 5051 2956 5093 omnes
2979 5036 3325 5109 philosophos
3345 5079 3360 5106 ,
3387 5040 3477 5109 qui
3503 5041 3570 5096 de
3595 5052 3755 5096 natu-

2169 5121 2366 5180 ralibus
2408 5126 2583 5184 causis
2626 5128 2825 5201 aliquid
2866 5131 3167 5203 excogitare
3211 5134 3386 5190 conati
3427 5143 3594 5204 sunt,
3632 5136 3755 5206 jure

2234 5301 2414 5376 ἱεάίέίρ
2441 5300 2664 5365 ηοητίηίεν
2688 5319 2781 5376 φφ
2815 5305 3137 5372 concupiscit;
3158 5310 3355 5373 omisso.
3373 5309 3441 5372 in.
3467 5324 3580 5375 quae
3603 5315 3754 5376 parti-

2166 5359 2375 5440 catast,
2389 5359 2447 5440 is
2467 5359 2821 5440 ωεηιιεάτῖριξβ.

2231 5425 2447 5496 {Belgici
2482 5425 2803 5496 manuscripti
2819 5437 2870 5479 et
2893 5438 2996 5481 tres
3036 5435 3242 5496 Vaticani
3264 5447 3373 5485 cum
3397 5434 3586 5487 duobus
3615 5437 3754 5488 Galli-

2166 5485 2316 5554 canis,
2334 5485 2656 5554 interjnultas
2672 5485 2916 5554 opiniones
2937 5506 3040 5554 sua
3061 5494 3298 5547 vanitatis.

2233 5548 2254 5626 ξ
2278 5549 2611 5626 animatiun
2632 5548 2792 5626 {einen
2811 5551 3041 5626 ueritatis,
3058 5555 3188 5626 gelu:
3209 5556 3426 5626 lenirem
3455 5565 3638 5626 partes,
3667 5560 3752 5626 qui

2199 5609 2521 5682 erratigjnen't
2546 5612 2670 5662 vani.
2698 5619 2769 5664 Er.
2798 5623 2995 5682 e_t_va.,
3019 5609 3206 5682 aliqua:
3227 5609 3391 5672 tarnen’
3407 5609 3658 5682 brevitates,
3677 5609 3754 5674 ne;

2187 5669 2641 5756 τίεῖξέξῗὶἵενξπξξζςξ
2654 5669 3017 5756 Ρενζςιέἕίρὲηέτῆ
3031 5669 3182 5756 cmi"?-
3208 5669 3511 5756 εῆειὲὲέιίιῦί
3525 5669 3751 5756 ³άῖἒὶιὲ-

2163 5745 2253 5808 ues
2273 5732 2421 5808 libros
2442 5732 2712 5808 ςεὶμίςηῐιὸεΔ
2729 5746 2781 5808 et
2801 5732 3067 5808 Vaiicanos,
3112 5755 3206 5792 nec
3227 5745 3289 5792 ab
3311 5732 3388 5808 liis
3409 5732 3751 5808 manuscriptis

2163 5794 2406 5870 distabant
2443 5796 2640 5870 Belgiei,
2666 5801 2917 5870 nisiquod
2948 5794 3157 5870 notatur.
3184 5818 3287 5866 pro,
3308 5805 3519 5857 lambere
3535 5846 3549 5868 ,
3575 5794 3749 5870 tegi-ii

2164 5856 2243 5914 iis,
2259 5855 2370 5918 jam
2391 5855 2560 5908 serat?
2585 5855 2855 5923 legentium
2894 5863 3092 5914 forsitan
3128 5855 3286 5928 ui,qu
3305 5855 3748 5921 unuse—Vaticanis

2163 5916 2328 5968 habet.
2358 5917 2617 5968 lambuere.

2200 5931 2328 5976 anet,
2358 5931 2617 5970 (amouere.

2227 5978 2248 6010 δ
2274 5980 2405 6043 Apud
2437 5988 2544 6034 ων.
2565 6017 2581 6048 ,
2614 5983 2750 6037 nulla
2779 5983 3028 6040 doctorum
3061 5987 3369 6044 dubitatione.
