4038 6462
264 309 367 372 777

260 441 414 497 posse
439 428 566 488 huic
594 428 850 506 dogmati,
880 449 1065 496 contra
1093 437 1234 516 quod
1263 461 1471 520 ageres,
1501 453 1776 510 anteferri.
1813 473 1834 509 ι

254 518 362 576 Cur
384 538 519 595 ergo
541 567 559 594 ,
590 537 650 584 ut
677 529 744 588 de
767 533 888 590 aliis
916 536 1158 606 plurimis
1189 548 1390 598 taceam
1411 586 1426 610 ,
1458 558 1578 600 cum
1605 561 1842 604 comme-

252 628 523 674 morasses
543 619 933 683 Anaximenem
960 629 1182 703 ejusque
1197 634 1516 706 discipulum
1548 640 1840 712 Anaxago-

251 719 382 771 ram,
416 713 631 768 Iacuisti
658 715 885 773 alterum
912 720 1031 791 ejus
1051 724 1373 796 discipulum
1392 730 1704 802 Diogenem,
1745 734 1838 806 qui

248 808 299 854 et
328 815 359 853 a
401 804 658 874 magistro
687 817 742 863 et
764 825 794 864 a
823 813 1189 887 condiscipulo
1216 835 1315 876 suo
1343 822 1395 877 in
1427 839 1606 880 rerum
1634 804 1838 885 naturae

247 893 502 961 Opinione
539 897 815 967 dissensit,
862 909 1242 982 propriumque
1280 913 1472 986 dogma
1514 921 1838 978 constituit?

245 984 376 1052 Quid
399 1029 416 1053 ,
449 989 496 1044 si
533 991 640 1048 tale
674 994 874 1066 aliquid
906 999 1019 1070 ipse
1053 1006 1252 1072 sensit,
1285 1016 1343 1062 ut
1359 984 1522 1066 nobis
1558 1027 1662 1068 non
1694 1025 1836 1072 esset

242 1172 600 1246 philosophati
622 1191 765 1245 sunt,
793 1189 1198 1256 anteponendos
1217 1207 1338 1248 esse
1357 1194 1569 1262 dixisti;
1593 1207 1751 1270 atque
1777 1210 1834 1257 ut

238 1260 343 1319 hoc
371 1268 528 1336 quasi
571 1271 918 1340 ostenderes,
953 1279 1084 1334 tein
1113 1287 1598 1342 commemorandis
1635 1287 1830 1346 frustra

245 1356 556 1415 nominibus
585 1371 639 1416 et
667 1363 1003 1435 dogmatibus
1043 1370 1478 1444 philosophorum
1518 1379 1831 1450 insipienter

239 1444 431 1502 inﬂasti
449 1449 474 1503 ?
494 1450 634 1507 Ecce
659 1458 937 1524 praeteristi
967 1477 1152 1528 unum,
1185 1481 1343 1534 quem
1374 1468 1455 1524 vel
1486 1485 1552 1526 ex
1575 1473 1829 1543 magistro

233 1537 315 1591 vel
345 1553 416 1593 ex
457 1541 824 1615 condiscipulo
849 1564 986 1620 quos
1011 1554 1328 1622 nominasti,
1356 1558 1508 1628 juxta
1551 1565 1828 1622 attendere

233 1628 486 1687 debuisti.
516 1636 596 1690 An
625 1637 761 1694 forte
787 1641 1008 1699 timuisti
1034 1661 1102 1702 ne
1129 1649 1388 1720 Diogenes
1409 1652 1640 1726 Cynicus
1669 1667 1825 1728 puta-

230 1733 383 1782 retur
402 1769 419 1792 ,
461 1739 554 1785 aut
582 1731 669 1788 ille
699 1734 859 1791 etiam
889 1737 1187 1810 legentibus
1214 1756 1430 1816 propter
1458 1748 1596 1804 idem
1627 1765 1822 1808 nomen

231 1830 568 1889 occurreret,
595 1834 651 1879 et
677 1827 885 1883 veniret
913 1829 965 1885 in
995 1844 1229 1889 mentem
1257 1837 1399 1906 quod
1427 1839 1618 1896 melior
1647 1851 1698 1897 te
1728 1859 1821 1914 pa-

230 1916 418 1966 tronus
460 1912 699 1972 libidinis
742 1917 932 1987 fuerit,
974 1922 1043 1978 de
1065 1940 1170 1996 qua
1196 1930 1493 1985 exercenda
1521 1948 1626 1987 non
1665 1912 1822 1991 vere-

228 2003 564 2061 cundabatur
592 2007 644 2062 in
679 2010 933 2078 publico?
962 2015 1104 2072 unde
1137 2017 1226 2073 illa
1255 2028 1403 2076 secta
1435 2023 1687 2079 caninum
1723 2042 1823 2081 no-

226 2111 348 2152 men
377 2100 610 2170 accepit.
641 2101 721 2156 Tu
749 2111 926 2160 autem
957 2106 1293 2167 defensorem
1331 2113 1546 2183 quidem
1587 2117 1819 2175 libidinis

225 2189 514 2260 profiteris,
556 2194 650 2250 sed
691 2196 758 2252 de
802 2207 887 2254 tua
916 2212 1182 2273 suscepta,
1230 2206 1370 2276 quod
1398 2207 1558 2263 fidem
1596 2209 1816 2268 liberta-

225 2291 441 2354 temque
467 2289 678 2356 patroni
709 2305 813 2346 non
839 2292 1112 2361 decuerat,
1139 2298 1432 2355 erubescis.

290 2375 382 2431 76.
427 2375 650 2444 Verum,
681 2381 906 2439 obsecro
934 2395 1005 2450 te,
1035 2389 1077 2442 si
1107 2389 1456 2463 philosophos
1483 2396 1636 2451 nobis
1664 2410 1814 2455 ante-

223 2475 425 2536 ponere
450 2472 738 2541 gestiebas,
773 2491 869 2531 cur
894 2494 999 2534 non
1031 2482 1206 2550 potius
1233 2499 1329 2540 eos
1357 2492 1811 2560 commemorasti,

223 2560 310 2630 qui
339 2561 408 2616 de
431 2564 689 2633 moribus,
721 2582 840 2637 qua:
866 2585 988 2638 pars
1011 2572 1078 2627 ab
1101 2573 1182 2629 eis
1208 2574 1564 2648 philosophia:
1589 2591 1814 2638 vocatur

220 2652 417 2720 ethica,
445 2671 605 2726 quam
637 2673 736 2714 nos
763 2662 1018 2718 moralem
1045 2664 1294 2733 dicimus,
1327 2669 1678 2728 solertissime
1701 2672 1814 2730 dis-

220 2751 524 2814 putarunt?
571 2749 682 2806 Hoc
723 2753 866 2808 enim
911 2754 1004 2811 tibi
1053 2758 1385 2827 potissimum
1431 2764 1758 2834 congruebat
1789 2807 1806 2834 ,

169 2819 178 2837 ’
217 2838 303 2907 qui
332 2838 618 2898 honestate
641 2844 858 2915 quidem
885 2819 1082 2906 mentis
1111 2850 1333 2910 inferius
1353 2895 1369 2922 ,
1403 2863 1582 2912 tamen
1606 2857 1807 2914 bonum

217 2927 449 2986 hominis
465 2948 588 2989 esse
607 2949 796 2992 censes
814 2943 1056 3010 corporis
1072 2943 1420 3014 voluptatem.
1440 2947 1545 3004 Sed
1559 2951 1679 3021 quis
1700 2967 1805 3007 non

214 3026 332 3094 quid
356 3031 701 3099 prospexeris
728 3035 951 3090 cernat?
983 3035 1061 3092 Ne
1080 3038 1285 3094 scilicet
1306 3040 1358 3096 in
1395 3041 1507 3112 ipsa
1550 3043 1618 3100 de
1657 3047 1807 3101 volu-

214 3125 351 3184 ptate
365 3122 665 3188 quaestione
685 3125 824 3180 unde
839 3133 1012 3182 tecum
1035 3129 1259 3200 agimus,
1283 3131 1620 3192 honestiores
1634 3137 1806 3208 philo-

215 3208 361 3277 sophi
387 3217 442 3264 te
463 3211 773 3282 obruerent,
796 3233 934 3288 quos
952 3219 1141 3277 Cicero
1173 3234 1392 3294 propter
1429 3226 1598 3297 ipsam
1636 3229 1804 3289 hone-

209 3307 401 3357 statem
421 3312 672 3376 tanquam
689 3311 998 3369 consulares
1014 3315 1367 3387 philosophos
1389 3325 1802 3393 nuncupavit;et

207 3391 300 3462 ipsi
319 3391 491 3450 Stoici
514 3399 746 3456 maxime
776 3401 1124 3461 inimicissimi
1149 3408 1696 3484 voluptatis,quorum
1719 3425 1800 3474 te-

205 3486 513 3544 stimonium
539 3492 556 3522 ¹
579 3507 644 3547 ex
673 3509 900 3566 persona
928 3497 1076 3556 Balbi
1104 3502 1244 3571 apud
1272 3503 1587 3564 Ciceronem
1613 3509 1798 3582 dispu-

206 3579 397 3647 tantis,
432 3597 618 3638 verum
658 3586 909 3657 quidem,
941 3590 1036 3646 sed
1073 3593 1214 3664 quod
1269 3597 1362 3651 tibi
1405 3613 1622 3668 prorsus
1663 3579 1793 3660 nihil

201 3672 497 3741 prodesset,
514 3676 1165 3755 interponendumiputasti
1184 3685 1402 3759 (Supra,
1427 3708 1480 3746 η.
1502 3691 1618 3764 58).
1639 3694 1792 3764 Quod

201 3771 373 3818 autem
405 3766 610 3821 nullum
653 3768 885 3826 hominis
912 3773 1108 3831 bonum
1138 3790 1397 3836 censeant
1422 3787 1665 3856 corporis
1691 3804 1789 3844 vo-

202 3851 458 3924 luptatem
507 3859 731 3928 cupiens
773 3861 1137 3934 abscondere,
1189 3870 1332 3925 nulla
1380 3872 1448 3929 de
1492 3851 1789 3946 quaestione

197 3948 382 4003 morali
436 3951 650 4005 nomina
704 3961 762 4008 et
806 3954 1054 4026 dogmata
1108 3960 1548 4033 philosophorum
1577 4011 1592 4036 ,
1642 3971 1786 4041 quod

195 4041 427 4096 maxime
455 4042 522 4097 ad
552 4059 664 4100 rem
699 4047 1020 4117 pertinebat,
1052 4051 1098 4106 si
1125 4052 1326 4123 aliquid
1355 4056 1422 4110 de
1455 4058 1784 4132 philos0phis

196 4133 524 4198 probandum
554 4135 674 4206 fuit,
705 4153 1127 4200 commemorare
1153 4147 1388 4205 voluisti.
1418 4150 1533 4205 Non
1561 4157 1701 4210 enim
1733 4168 1783 4214 te

193 4222 450 4277 adversus
480 4223 610 4278 istos
632 4229 1086 4301 defenderet,non
1115 4236 1236 4293 dico
1267 4239 1546 4310 Epicurus,
1569 4246 1659 4315 qui
1693 4257 1778 4302 to-

193 4321 298 4368 tum
321 4315 525 4369 bonum
553 4316 782 4372 hominis
805 4318 857 4372 in
880 4325 1151 4390 Voluptate
1171 4333 1414 4400 corporis
1436 4337 1630 4403 posuit,
1656 4339 1778 4406 quia

193 4420 291 4459 non
343 4405 488 4476 quod
538 4407 629 4462 ille
675 4417 731 4463 ιιι
761 4411 970 4478 sentis;
1019 4413 1112 4468 sed
1161 4415 1518 4476 Dinomachus
1560 4445 1573 4481 :
1622 4405 1778 4499 hujus

191 4499 381 4569 quippe
427 4499 618 4571 dogma
663 4503 754 4558 tibi
797 4505 1010 4575 placuit.
1049 4507 1182 4564 Nam
1213 4511 1327 4582 ipse
1352 4516 1775 4590 conjungendam

190 4592 511 4662 voluptatem
547 4593 836 4650 arbitratus
873 4606 957 4653 est
998 4599 1282 4670 honestati,
1330 4615 1388 4661 ut
1429 4612 1775 4679 quemadmo-

189 4681 305 4738 dum
351 4683 636 4753 bonestas,
680 4687 749 4741 ita
789 4689 1032 4760 voluptas
1063 4709 1158 4763 per
1185 4709 1244 4751 se
1276 4698 1442 4768 ipsam
1474 4707 1771 4773 appetenda

187 4775 455 4831 videretur
471 4775 628 4848 (Vide
645 4777 955 4848 Ciceronem,
977 4783 1039 4837 de
1056 4783 1270 4842 Finibus
1298 4789 1384 4845 lib.
1405 4792 1457 4857 5,
1481 4805 1527 4848 et
1557 4794 1766 4855 Tuscul.

191 4865 280 4930 Qu.
304 4867 396 4921 lib.
438 4868 516 4940 5).
552 4869 698 4926 Hanc
731 4887 860 4943 ergo
885 4885 1090 4944 partem
1119 4878 1206 4933 ubi
1232 4879 1299 4936 de
1325 4885 1562 4941 moribus
1587 4889 1771 4961 dispu-

189 4963 339 5025 tatur,
369 4974 492 5014 cum
520 4960 614 5015 tibi
643 4962 906 5020 infensam
933 4982 1203 5036 cerneres,
1233 4975 1499 5045 attingere
1523 4960 1763 5040 timuisti.

187 5043 307 5103 Nam
329 5051 349 5082 ¹
378 5051 467 5105 ubi
497 5053 726 5109 maxime
756 5061 1118 5114 controversia
1154 5063 1250 5118 ista
1277 5077 1550 5137 versatur,
1581 5075 1767 5143 quanti

186 5149 233 5191 ct
256 5142 458 5211 quales,
488 5152 542 5198 et
570 5145 726 5215 cujus
755 5148 896 5218 apud
919 5148 1116 5206 Gentes
1135 5155 1319 5224 glorize
1341 5142 1642 5234 philosophi
1669 5167 1764 5224 tibi

188 5235 547 5302 prieferantur,
594 5238 790 5297 vides:
835 5245 1172 5317 maximeque
1219 5249 1334 5319 ipse
1379 5253 1558 5320 Plato,
1603 5274 1760 5329 quem

185 5322 356 5382 Cicero
405 5331 676 5400 appellare
723 5350 830 5391 non
875 5337 1080 5395 dubitat
1139 5357 1272 5412 pene
1321 5322 1758 5420 philosophorum

184 5413 329 5474 deum
355 5420 458 5492 (De
493 5422 697 5479 Natura
734 5427 962 5498 deorum,
989 5433 1079 5487 lib.
1101 5434 1156 5501 2,
1179 5445 1226 5490 et
1247 5413 1334 5492 lib.
1357 5440 1392 5494 4
1410 5441 1478 5495 ad
1499 5413 1721 5501 Atticum
1739 5491 1754 5515 ,

240 5553 255 5583 ¹
281 5563 458 5670 ΛΠ).ῶέ
479 5563 631 5610 nostri
668 5577 840 5614 omnes
877 5575 1002 5629 Mss,
1029 5585 1234 5634 quorum
1271 5574 1533 5631 testimonio
1555 5595 1619 5634 ea:
1641 5598 1755 5648 per-

240 5626 284 5664 ta
309 5627 372 5668 Ha
449 5657 460 5668 .

181 5623 284 5664 sana
309 5623 460 5668 Balbi.

182 5731 190 5760 ἰ
223 5675 382 5760 lanas.
417 5696 514 5755 non
549 5683 761 5749 habent,
814 5699 934 5742 Nam
978 5705 995 5743 :
1033 5709 1198 5760 neque
1241 5713 1413 5752 novam
1456 5712 1750 5760 sententiam

175 5736 388 5845 indicant
417 5745 511 5792 nisi
546 5758 652 5806 post
669 5785 684 5810 ,
703 5736 944 5803 “versa—tur
963 5736 989 5817 ,'

213 5810 250 5845 s,

213 5810 250 5848 8.

441 5915 669 5980 SANCT.
718 5921 994 5986 Aecus-r.
1047 5930 1096 5988 Χ

1625 332 1832 392 LIBER
1867 334 2182 406 QUINTUS.

3433 381 3543 442 778

1957 462 2101 531 epist.
2132 463 2198 520 16
2223 463 2281 539 );
2317 465 2467 540 cujus
2496 487 2597 529 nec
2649 476 2703 531 lu
2748 492 2942 537 nomen
2973 488 3246 554 prteterirc
3275 499 3490 564 potuisti
3521 544 3538 569 ,

1951 570 2073 612 cum
2103 558 2170 615 de
2191 564 2538 636 naturalibus,
2565 586 2672 628 non
2693 572 2763 630 de
2782 579 3073 638 moralibus
3098 584 3534 660 philosophorum

1949 651 2103 708 nobis
2135 653 2383 726 dogmata
2414 661 2638 721 inferres
2664 669 2778 725 sive
2807 651 3117 746 praeferres,
3157 683 3248 751 qui
3290 651 3538 757 corporis

1946 741 2250 815 voluptates
2287 764 2412 806 vere
2439 761 2495 809 et
2520 758 2754 826 graviter
2781 741 2980 822 dixisse
3009 741 3319 838 perhibetur
3347 741 3538 840 iliece-

1944 834 2070 891 bras
2094 847 2254 911 atque
2284 858 2436 902 escas
2465 850 2725 908 malorum
2762 854 2978 928 (Supra,
3099 865 3212 938 72.)

2017 928 2103 985 77.
2157 931 2424 1006 Numquid
2454 951 2631 998 autem
2674 948 2799 1016 quid
2845 951 2912 1008 de
2955 928 3204 1015 hominis,
3227 965 3535 1024 conditione

1941 1023 2211 1079 senserint
2249 1042 2382 1097 quos
2410 1035 2698 1092 nominasti
2722 1040 3022 1114 philosophi
3044 1089 3060 1115 ,
3101 1054 3223 1122 quia
3251 1065 3305 1112 et
3330 1057 3434 1114 hoc
3464 1063 3532 1117 ad

1943 1116 2237 1172 naturalem
2261 1124 2492 1190 pertinet
2511 1133 2885 1204 quaestionem,
2908 1142 3050 1210 quod
3073 1116 3533 1224 qualitercumque

1939 1216 2100 1261 causa
2131 1211 2401 1281 poscebat,
2441 1228 2969 1285 commemorandum
3001 1211 3240 1303 putasti?
3279 1241 3394 1298 Non
3427 1247 3531 1300 uti-

1939 1311 2042 1364 que
2071 1299 2279 1371 fecisti,
2321 1316 2377 1361 et
2417 1321 2580 1368 recte.
2628 1315 2765 1384 Quid
2802 1323 2944 1378 enim
2973 1299 3046 1381 illi
3079 1328 3412 1404 didicerant,
3447 1341 3531 1396 vel

1936 1387 2062 1454 quid
2108 1389 2270 1448 locuti
2314 1394 2527 1456 fuerant
2565 1403 2634 1459 de
2660 1409 2834 1478 primo
2876 1413 3092 1473 homine
3123 1387 3528 1500 Adam-etvejus

3281 1479 3288 1480 ,
3336 1479 3383 1483 _-
3418 1479 3527 1500 ,δη

1936 1479 2183 1552 conjuge,
2217 1485 2284 1541 de
2311 1489 2482 1556 prima
2511 1509 2697 1552 eorum
2727 1506 3183 1581 praevaricatione,
3215 1514 3281 1571 de
3307 1532 3529 1590 serpen-

1937 1569 2004 1623 tis
2031 1575 2226 1628 astutia
2251 1619 2265 1643 ,
2299 1578 2364 1635 de
2392 1584 2631 1642 nuditate
2656 1596 2900 1663 corporis
2928 1609 3053 1656 ante
3095 1617 3375 1672 peccatum
3397 1569 3525 1671 sine

1933 1659 2266 1731 confusione,
2295 1681 2348 1725 et
2373 1687 2494 1728 cum
2521 1677 2537 1708 ί
2559 1680 2874 1742 confusione
2899 1693 3157 1751 continuo
3185 1710 3304 1767 post
3334 1718 3523 1772 pecca-

1933 1755 2091 1808 tum?
2136 1756 2271 1825 Quid
2307 1763 2538 1837 denique
2585 1773 2688 1830 tale
2723 1777 3039 1852 audierant,
3081 1755 3236 1857 quale
3273 1755 3402 1849 illud
3440 1806 3525 1852 est

1929 1845 2072 1912 quod
2098 1850 2172 1904 ait
2198 1851 2510 1927 Apostolus,
2543 1861 2648 1918 Per
2673 1883 2830 1923 unum
2859 1873 3114 1932 hominem
3143 1894 3405 1951 peccatum
3431 1888 3518 1943 in-

1929 1937 2078 1990 travit
2102 1940 2154 1994 in
2179 1947 2444 2016 mundum,
2472 1962 2520 2006 et
2549 1971 2638 2024 per
2662 1972 2923 2028 peccatum
2953 1984 3088 2024 mors
3110 1937 3207 2036 ;'et
3237 1976 3307 2030 ita
3331 1978 3384 2032 in
3410 1995 3520 2036 om-

1927 2042 2014 2082 nes
2057 2032 2284 2091 homines
2331 2047 2666 2116 pertransiit,
2717 2052 2770 2106 in
2815 2072 2914 2124 quo
2961 2076 3135 2118 omnes
3190 2083 3520 2135 peccaverunt

1925 2119 2120 2191 (Rom.
2153 2143 2204 2194 ν,
2237 2131 2344 2203 12)
2371 2133 2394 2187 ?
2449 2135 2649 2195 Harum
2688 2119 3013 2206 Litterarum
3044 2156 3119 2211 illi
3154 2119 3518 2235 atque-liuius

1923 2217 2165 2275 veritatis
2197 2236 2466 2295 expertes,
2496 2232 2621 2302 quid
2651 2235 2720 2291 de
2749 2237 2848 2295 hac
2876 2257 2936 2298 re
2963 2259 3152 2317 sapere
3183 2217 3516 2320 potuerunt?

1924 2304 2121 2364 Verum
2151 2313 2194 2366 si
2221 2314 2288 2370 de
2317 2316 2549 2378 hominis
2575 2328 2881 2388 conditione
2905 2335 3153 2407 dogmata
3173 2342 3451 2404 hominum
3478 2366 3512 2405 a

1921 2403 2087 2459 sacris
2118 2405 2332 2466 Litteris
2357 2417 2553 2473 nostris
2574 2421 2977 2485 abhorrentium
3003 2435 3132 2490 nihil
3150 2437 3401 2507 judicasti
3421 2460 3511 2503 es-

1919 2508 1980 2549 se
2009 2500 2332 2569 ponendum,
2365 2515 2420 2561 et
2464 2512 2762 2573 rectissime
2781 2519 3030 2589 judicasti
3057 2547 3069 2582 :
3098 2543 3296 2600 quanto
3330 2538 3510 2599 minus

1918 2594 1971 2687 te
1998 2603 2116 2658 quae
2146 2597 2370 2661 posuisti
2398 2601 2650 2672 adjuvare
2679 2620 2997 2686 potuerunt,
3043 2594 3168 2692 quid
3197 2625 3266 2683 de
3304 2594 3508 2700 princi;

1917 2674 2019 2745 piis
2049 2683 2229 2738 mundi
2269 2686 2427 2758 hujus
2456 2674 2696 2753 visibilis-
2714 2708 3002 2776 senserint,
3049 2674 3188 2771 unde
3225 2674 3366 2778 inter
3403 2739 3508 2783 nos

1917 2769 2057 2825 nulla
2077 2777 2301 2843 quaestio
2321 2785 2582 2842 vertitur?
2601 2789 2707 2847 Sed
2729 2810 2881 2853 mens
2906 2809 2993 2858 tua
3019 2807 3216 2878 potius,
3249 2820 3503 2886 tanquam

1913 2875 2165 2934 ¹¹³³⁸¹¹¹¹¹¹¹
2210 2870 2406 2943 ²¹ί⁴¹υί⁴¹
2448 2877 2517 2934 de
2560 2882 2999 2960 philosophorum
3019 2870 3179 2957 libris
3202 2870 3500 2980 didiceris:

1907 2953 2176 3024 jactantize
2202 2967 2435 3026 vanitate
2463 2953 2809 3037 subvertitur.

1984 3049 2070 3105 78.
2101 3053 2362 3115 Videntur
2409 3074 2586 3123 autem
2631 3087 2738 3129 non
2783 3075 2977 3136 frustra
3007 3083 3314 3148 christiana:
3370 3095 3500 3154 ﬁdei

1909 3143 2313 3219 propinquasse,
2363 3157 2453 3226 qui
2480 3159 2642 3216 vitam
2683 3164 2837 3223 istam
2883 3169 3108 3232 fallaciae
3158 3182 3497 3258 miseriaeque

1909 3231 2209 3258 nl-_!--!—--
2515 3252 2524 3258 '
2627 3254 2638 3258 “

1907 3231 2272 3302 plenissimam
2306 3261 2410 3301 non
2439 3252 2640 3320 opinati
2670 3267 2796 3312 sunt
2820 3263 2920 3316 nisi
2940 3264 3123 3323 divino
3145 3270 3345 3341 judicio
3364 3231 3498 3335 (εζη-

1907 3325 2118 3396 tigisse,
2154 3335 2448 3395 tribuentes
2475 3343 2658 3415 utique
2701 3347 2964 3418 justitiam
2997 3325 3290 3431 Conditori,
3322 3382 3350 3421 a
3382 3385 3490 3440 quo

1903 3419 2074 3477 factus
2101 3434 2185 3482 est
2216 3439 2271 3484 et
2295 3431 2698 3496 administratur
2725 3443 2811 3500 hic
2854 3452 3102 3509 mundus.
3129 3457 3338 3525 Quanto
3363 3419 3493 3537 ergo

3139 3516 3173 3525 η
3293 3516 3298 3517 ,
3371 3516 3488 3537 νο-

1904 3516 2170 3574 temelius
2195 3523 2510 3598 veritatique
2540 3531 2766 3591 vicinius
2794 3537 2861 3594 de
2883 3540 3160 3602 hominum
3186 3556 3490 3619 generatio-

1902 3621 1969 3662 ne
1993 3623 2299 3683 senserunt,
2332 3634 2467 3688 quos
2489 3622 2680 3682 Cicero
2719 3629 2771 3684 in
2802 3639 3058 3694 extremis
3086 3645 3326 3712 partibus
3349 3649 3489 3706 Hor-

1900 3703 2054 3758 tensii
2085 3705 2280 3780 dialogi
2309 3713 2452 3769 velut
2477 3716 2588 3786 ipsa
2612 3737 2792 3779 rerum
2831 3703 3102 3788 evidentia
3126 3737 3318 3797 ductus
3337 3758 3489 3800 com-

1896 3796 2187 3870 pulsusque
2211 3817 2595 3866 commemorat
2619 3813 2642 3866 ?
2667 3813 2798 3871 Nam
2840 3833 2962 3877 cum
2991 3826 3156 3883 multa
3193 3847 3311 3901 qua:
3335 3835 3486 3892 vide-

1894 3903 2015 3944 mus
2034 3899 2088 3945 et
2108 3895 2388 3964 gemimus,
2418 3899 2486 3956 de
2517 3903 2792 3976 hominum
2841 3917 3075 3974 vanitate
3124 3895 3281 3994 atque
3310 3926 3488 3985 infeli-

1893 3981 2053 4037 citate
2073 3985 2295 4045 dixisset
2319 4009 2331 4043 :
2355 4011 2375 4044 ί
2411 3993 2491 4048 Ex
2521 4000 2712 4067 quibus
2743 4003 3011 4078 humanae,
3043 4033 3061 4066 ι
3090 3981 3334 4086 ἰηιιιλίιῖ(
3360 4024 3484 4082 vitae

1891 4076 2161 4132 erroribus
2177 4089 2232 4135 et
2251 4086 2503 4142 aerumnis
2521 4089 2600 4154 fit,
2630 4104 2687 4148 ut
2713 4095 2979 4156 interdum
3009 4117 3220 4165 veteres
3249 4111 3347 4180 illi,
3367 4117 3482 4174 sive

1891 4173 2058 4232 vates,
2084 4169 2197 4225 sive
2219 4172 2269 4227 in
2312 4179 2478 4233 sacris
2510 4180 2778 4255 initiisque
2810 4191 3080 4250 tradendis
3100 4199 3294 4256 divinae
3319 4221 3480 4262 meu-

1890 4255 1958 4311 tis
1978 4257 2318 4331 interpretes,
2345 4269 2434 4336 qui
2467 4286 2565 4326 nos
2589 4273 2661 4328 ob
2688 4277 2864 4349 aliqua
2912 4286 3116 4341 scelera
3141 4304 3389 4364 suscepta
3413 4301 3468 4354 in

1887 4349 1992 4402 vita
2015 4353 2310 4422 superiore,
2342 4373 2620 4428 pinnarum
2653 4369 2968 4428 luendarum
2992 4392 3151 4434 causa
3184 4395 3336 4440 natos
3353 4403 3475 4446 esse

1885 4441 2169 4514 dixerunt,
2221 4451 2420 4520 aliquid
2468 4455 2666 4514 vidisse
2700 4462 3020 4522 videantur:
3058 4488 3350 4548 verumque
3403 4483 3476 4539 sit

1883 4533 2014 4590 illud
2041 4538 2180 4606 quod
2211 4551 2292 4596 est
2327 4545 2465 4614 apud
2511 4548 2877 4624 Aristotelem,
2919 4558 3079 4616 simili
3127 4581 3223 4622 nos
3249 4533 3473 4632 affectos

1881 4644 2003 4685 esse
2027 4634 2310 4706 supplicio,
2341 4649 2499 4711 atque
2528 4658 2622 4699 eos
2643 4646 2730 4716 qui
2751 4651 3038 4720 quondam,
3084 4672 3204 4714 cum
3253 4662 3305 4718 in
3330 4681 3472 4736 pra:-

1880 4721 2079 4779 donum
2130 4727 2476 4787 Etruscorum
2520 4751 2709 4793 manus
2759 4743 3100 4815 incidiSSent,
3150 4754 3471 4817 crudelitate

1877 4819 2176 4889 excogitata
2235 4825 2593 4892 necabantur,
2625 4846 2850 4900 quorum
2898 4851 3120 4908 corpora
3167 4845 3291 4902 viva
3344 4866 3467 4908 cum

1877 4917 2116 4979 mortuis,
2141 4917 2362 4974 adversa
2382 4919 2620 4980 adversis
2640 4931 3058 4998 accommodata,
3082 4953 3237 5006 quam
3255 4944 3472 5012 aptissi-

1875 5022 1960 5063 me
2012 5010 2431 5080 colligabantur;
2461 5016 2538 5071 sic
2576 5027 2786 5075 nostros
2839 5024 3043 5082 animos
3074 5047 3193 5086 cum
3225 5039 3466 5107 corpori-

1873 5100 1972 5154 bus
1989 5103 2282 5171 capillatos,
2304 5115 2359 5160 ut
2385 5106 2532 5162 vivos
2553 5124 2673 5163 cum
2697 5115 2921 5170 mortuis
2938 5133 3057 5174 esse
3077 5125 3406 5195 conjunctos.
3437 5147 3457 5180 ι

1869 5191 2056 5248 Nonne
2084 5197 2172 5266 qui
2201 5198 2297 5251 ista
2326 5210 2626 5269 senserunt,
2653 5205 2822 5260 multo
2855 5224 3011 5278 quam
3045 5223 3098 5268 tu
3128 5219 3313 5274 melius
3339 5236 3460 5290 gra-

1868 5287 2135 5358 vejugum
2182 5305 2342 5359 super
2367 5292 2505 5349 filios
2543 5295 2712 5352 Adam
2741 5308 2796 5354 et
2842 5301 2934 5358 Dei
2966 5310 3253 5375 potentiam
3292 5287 3454 5381 justi-

1869 5380 2101 5451 tiamque
2141 5381 2408 5452 viderunt,
2450 5385 2658 5443 etiamsi
2704 5393 2949 5463 gratiam,
2981 5414 3100 5467 quae
3131 5416 3226 5470 per
3252 5380 3454 5461 Media-

1866 5479 2038 5526 torem
2069 5472 2356 5531 liberandis
2401 5477 2706 5538 hominibus
2731 5500 2984 5542 concessa
3011 5500 3111 5557 est,
3147 5509 3250 5549 non
3300 5498 3450 5556 vide-

1866 5565 2034 5619 runt?
2064 5565 2205 5621 Ecce
2255 5583 2352 5639 ego
2394 5571 2566 5627 inveni
2617 5577 2758 5646 quod
2804 5578 2896 5634 tibi
2937 5580 3002 5636 de
3032 5583 3137 5639 illis
3171 5591 3447 5658 gentilium

1864 5655 2302 5728 philosophorum
2346 5662 2536 5719 litteris
2569 5671 2736 5736 possit
2764 5670 2887 5740 jure
2925 5655 3195 5747 prazponi;
3214 5691 3264 5739 te
3289 5684 3446 5744 insti-

1925 5840 1942 5873 ¹
1970 5845 2019 5890 In
2042 5845 2378 5909 manuscriptis
2391 5847 2638 5898 Gallicanis
2662 5859 2712 5900 et
2731 5854 2964 5904 Vaticanis
2985 5854 3147 5918 deest,
3171 5873 3298 5916 tum.

2646 5964 2690 6038 ί
2726 5961 3126 6050 l’t'ttgt—cinq.
3152 5976 3186 6052 )
