4038 6478
452 446 561 508 779

1267 432 1541 494 CONTRA
1577 422 1918 488 JULIANUM
1953 414 2420 489 remensum,
2454 416 2515 477 s.
2554 366 2920 477 attonsum

3629 410 3741 471 780

455 579 635 643 ganto,
667 565 756 638 qui
776 564 844 621 de
880 559 986 617 illis
1036 556 1168 616 nihil
1197 554 1300 612 tale
1349 550 1590 609 invenire
1627 545 1864 619 potuisti,
1900 547 2038 597 etut
2148 536 2335 594 stoliea
2369 535 2709 593 transtulisti.
2752 530 2910 602 Quod
2948 533 3094 588 enim
3122 528 3219 588 abs
3272 534 3329 586 te
3377 529 3612 600 positam
3641 532 3731 583 ρει

1662 638 1673 643 ’
1870 642 1873 643 ⁷
1982 642 1985 643 ⁷
2152 639 2164 643 ‘
2382 629 2413 643 "
2557 628 2601 643 ἰ
2662 642 2669 643 ί
2746 624 3045 643 Vir-44.-“
3089 627 3127 643 ι.
3380 616 3731 643 ΑΔΑΔΑΜΜ

458 616 547 718 :ne
574 616 888 717 adnioneres
933 649 1077 724 quod
1121 647 1378 705 adversus
1405 653 1459 701 to
1499 616 1820 705 invenirem,
1861 642 2039 690 tacere

2184 629 2526 696 παρακαίρια,
2556 628 2610 683 in
2650 642 2829 699 graeco
2851 624 3046 697 legitur
3076 627 3349 693 suam.
3380 616 3533 688 ῥύσει
3556 622 3741 675 ament

459 753 696 813 noluisti.

528 841 754 901 CAPUT
790 834 1141 898 χιι-79.
1191 830 1349 902 Quid,
1377 826 1522 902 quod
1558 826 1627 883 de
1670 818 1914 894 Apostoii
1960 824 2046 872 te-

460 940 708 996 stimonio
735 948 831 1005 pro
876 941 927 987 te
961 944 1083 985 esse
1108 924 1405 988 existimas,
1431 917 1575 992 quod
1602 923 1688 973 est
1713 919 1897 970 contra
1941 916 1998 965 te
2028 922 2044 973 ;

460 1044 510 1089 et
541 1003 777 1088 membra
801 1035 983 1083 nostra
1002 1066 1018 1091 ,
1045 1039 1165 1096 quas
1192 1020 1376 1091 utique
1417 1023 1544 1072 ante
1584 1018 1861 1085 peccatum
1904 1003 2046 1061 nuda

458 1133 633 1191 erant,
656 1136 755 1177 nec
786 1095 1186 1176 confundebant
1208 1127 1303 1170 eos
1327 1110 1519 1182 quibus
1548 1107 1781 1170 inerant,
1801 1095 2046 1171 pudenda

461 1187 628 1270 fuisse
660 1210 878 1276 asseris,
901 1208 1147 1264 nesciens
1172 1201 1300 1275 quid
1326 1197 1602 1271 loquaris?
1629 1195 1743 1265 Ego
1773 1191 1916 1249 enim
1949 1187 2051 1243 de-

464 1310 552 1364 bni
586 1305 842 1363 adhibere
874 1298 1261 1364 testimonium,
1289 1293 1433 1365 quod
1472 1293 1588 1361 ipse
1615 1283 1929 1349 adhibuisn,
1958 1279 2053 1336 ubi

464 1405 542 1458 ait
571 1398 877 1473 Apostolus,
909 1394 1075 1449 Multo
1100 1391 1261 1463 magis
1283 1404 1394 1457 qua
1423 1384 1657 1441 videntur
1698 1380 1906 1448 infirma
1948 1388 2056 1430 esse

466 1495 695 1566 corporis
732 1492 919 1558 nostri,
948 1489 1058 1544 [nec
1110 1483 1396 1542 necessaria
1436 1487 1554 1536 sunt
1577 1485 1672 1531 :et
1712 1480 1910 1528 caetera
1932 1481 2053 1538 quas

470 1603 567 1659 pro
596 1585 751 1642 nobis
776 1583 892 1653 ipse
926 1579 1171 1651 posuisti.
1204 1574 1311 1631 Sed
1336 1586 1514 1643 operae
1540 1567 1769 1639 pretium
1798 1571 1885 1619 est
1924 1574 2055 1615 con-

470 1680 735 1746 siderare,
762 1673 1032 1748 quomodo
1056 1687 1126 1729 eo
1152 1668 1384 1734 veneris,
1405 1674 1464 1720 ut
1487 1663 1603 1718 haec
1627 1660 1858 1715 diceres.
1891 1672 1911 1706 ι
1933 1652 2054 1709 Jam

471 1773 650 1843 igitur,
680 1789 701 1825 ι
731 1768 943 1840 inquis,
968 1784 986 1818 ι
1033 1774 1243 1834 tempus
1276 1768 1359 1815 est
1407 1766 1465 1812 ut.
1512 1750 1858 1810 ostendamus
1903 1750 2055 1800 extra

470 1838 678 1920 naturae
703 1838 1065 1918 testimonium
1114 1857 1274 1912 etiam
1316 1851 1493 1921 aliqua
1529 1846 1846 1903 auctoritate
1894 1838 2050 1909 legis,

471 1959 551 2014 sic
576 1965 757 2013 nostra
782 1965 1019 2009 momina
1049 1949 1214 2004 fuisse
1233 1946 1482 2008 formata,
1498 1950 1557 1995 ut
1581 1939 1686 1993 alia
1703 1929 2049 1995 verecundia,

472 2050 578 2105 alia
607 2048 852 2104 libertate
880 2047 1194 2114 gauderent.
1242 2035 1325 2091 Ad
1369 2031 1512 2103 quod
1543 2024 1987 2088 conﬁrmandum,
2025 2037 2047 2074 ι

475 2140 674 2211 inquis,
708 2157 728 2191 ι
750 2134 1000 2193 Gentium
1020 2133 1210 2188 citetur
1226 2127 1493 2211 Magister,
1506 2122 1595 2193 «tui
1620 2120 1858 2175 scribens
1873 2115 1941 2171 ad
1959 2116 2061 2168 Ctt-

473 2209 702 2291 rin—thios
725 2229 817 2295 ait,
848 2226 1045 2298 Corpus
1071 2232 1300 2279 nostrum
1328 2209 1428 2272 non
1471 2224 1545 2271 est
1585 2228 1741 2268 unum
1762 2209 2058 2273 membrum,

475 2331 563 2386 sed
583 2327 764 2383 multa.
800 2343 821 2379 ι
845 2320 1069 2384 Deinde,
1099 2332 1225 2374 cum
1267 2311 1562 2384 apostolica
1584 2306 1747 2363 verba
1770 2304 2057 2359 subnecte-

475 2436 586 2487 res,
607 2400 800 2491 quibus
843 2416 932 2471 ille
970 2409 1193 2468 mirifice
1214 2402 1500 2476 explicavit
1537 2400 1794 2456 unitatem
1838 2407 2068 2450 censen-

476 2526 703 2584 sumque
757 2508 1121 2566 membrorum
1156 2520 1171 2556 :
1208 2516 1229 2554 t
1283 2498 1353 2554 Et
1392 2495 1517 2567 quia
1570 2505 1774 2564 maca,
1811 2505 1831 2541 ι
1866 2486 2063 2556 inquis,

485 2629 506 2662 ι
538 2607 703 2664 totius
756 2599 999 2671 corporis
1042 2594 1283 2653 membra
1331 2587 1721 2647 nominaverat,
1751 2588 1911 2664 atque
1962 2591 2063 2646 pro

480 2716 575 2756 sua
592 2670 872 2753 honestate
885 2688 1136 2764 genitalia
1154 2687 1270 2743 loca
1286 2682 1486 2739 directe
1497 2676 1767 2749 appellare
1782 2670 2015 2727 nolebat.
2041 2670 2061 2720 i

481 2794 674 2850 Nonne
699 2789 782 2845 his
800 2786 977 2842 verbis
1006 2782 1111 2837 tuis
1132 2788 1187 2836 te
1212 2778 1329 2849 ipse
1343 2770 1658 2844 redarguis‘t
1685 2768 1948 2823 Honestas
1976 2766 2068 2819 e'r-

483 2903 552 2960 go
576 2894 693 2943 erat
727 2895 834 2941 non
863 2876 1129 2949 appellare
1153 2872 1355 2928 directe
1376 2898 1395 2935 ,
1424 2865 1566 2938 quod
1595 2864 1736 2919 Deus
1762 2860 1941 2916 facere
1980 2856 2066 2912 di-

485 2952 678 3051 gnatus
706 2984 787 3032 est
807 2979 985 3037 recte;
1016 2977 1071 3023 et
1095 2965 1237 3038 quod
1260 2977 1445 3020 crearo
1466 2974 1571 3016 non
1593 2956 1858 3029 puduerat
1892 2952 2071 3021 ipsum

487 3042 744 3142 iudicem,
771 3062 1001 3135 pudebat
1029 3057 1307 3116 enuntiare
1325 3065 1651 3125 praeconem,
1680 3043 1903 3116 Quando
1932 3042 2071 3099 istﬁd

491 3134 564 3219 ita
615 3134 783 3223 esset,
829 3155 932 3213 nisi
972 3167 1091 3224 quas
1149 3150 1238 3205 ille
1287 3148 1485 3205 fecerat
1516 3144 1742 3199 hanesta
1772 3134 2071 3203 condendo,

493 3271 593 3312 nos
621 3254 929 3310 fecissemus
950 3247 1223 3303 inhonesta
1251 3238 1562 3313 peccando?

565 3349 654 3407 80.
679 3347 805 3403 inde
829 3341 1104 3413 subjungis
1131 3338 1198 3394 de
1228 3337 1327 3393 bac
1364 3350 1425 3390 re
1450 3329 1808 3403 apostolicum
1838 3323 2079 3381 testimo-

496 3444 666 3507 nium,
695 3437 838 3511 quod
879 3436 950 3491 ita
996 3433 1253 3501 scriptum
1294 3441 1416 3483 esse
1461 3431 1886 3481 commemoras:
1913 3414 2079 3470 Mutto

499 3537 631 3591 enim
659 3532 820 3603 magis
856 3542 970 3601 qua
992 3525 1220 3581 uidentur
1245 3520 1452 3589 inﬁrma
1471 3531 1580 3571 esse
1624 3511 1853 3583 corporis
1899 3506 2078 3572 nostri,

501 3632 608 3685 haec
626 3598 905 3682 necessaria
927 3628 1043 3675 sunt
1070 3632 1089 3672 :
1113 3624 1159 3671 et
1182 3629 1295 3683 qua
1333 3619 1567 3680 putamus
1604 3599 2042 3660 inhonorabiit'ora
2061 3598 2082 3631 ⁸

501 3737 610 3775 esse
629 3715 851 3772 membra
894 3708 1143 3778 corporis,
1166 3706 1244 3759 his
1273 3702 1513 3757 honorem
1541 3694 1959 3752 abundantiorem
1984 3689 2087 3747 eit-

502 3808 839 3870 cumdamus;
879 3811 925 3858 et
949 3815 1061 3870 qum
1110 3795 1391 3853 uerecunda
1439 3800 1556 3846 sunt
1605 3797 1801 3851 nostra,
1843 3784 2089 3854 majorem

509 3902 817 3956 honestatem
852 3891 1034 3947 habent
1062 3906 1081 3943 :
1106 3902 1219 3960 qua:
1255 3894 1423 3941 autem
1448 3889 1586 3960 sunt
1626 3880 1837 3934 honesta
1884 3884 2091 3939 nostra,

506 3996 650 4054 nullo
676 3979 817 4065 cient
840 4005 860 4055 ;
881 3986 971 4045 sed
1015 3958 1156 4040 Deus
1184 3958 1474 4050 temperauit
1504 3990 1709 4046 corpus,
1741 3972 1785 4028 ei
1811 3971 1894 4026 cui
1917 3970 2089 4024 deerat

508 4062 874 4145 abundantiam
892 4080 1012 4134 date
1038 4076 1228 4132 honore
1253 4074 1298 4136 ',
1320 4079 1377 4127 ut
1402 4082 1503 4124 non
1536 4067 1603 4124 sit
1639 4065 1861 4119 scissura
1886 4062 1941 4115 in
1967 4075 2082 4113 eor-

513 4201 654 4258 pore,
676 4179 763 4239 sed
783 4176 958 4234 eadem
992 4173 1106 4242 ipsa
1147 4183 1242 4239 pro
1265 4182 1317 4222 se
1345 4163 1554 4219 inuicem
1603 4158 1819 4229 cogitent
1867 4152 2093 4209 membra

517 4246 574 4349 il
603 4246 719 4331 Ger.
751 4285 847 4336 nt,
875 4265 962 4328 l2,
983 4260 1154 4318 23-25
1173 4257 1215 4332 ).
1247 4256 1449 4326 Quibus
1475 4252 1630 4309 dictis
1651 4259 1901 4320 tanquam
1921 4246 2095 4301 vietor

513 4337 782 4425 exclamas
813 4378 829 4416 :
871 4377 891 4412 ι
931 4358 1010 4412 Ειι
1053 4366 1239 4411 verum
1278 4347 1663 4405 intellectorem
1689 4339 1865 4411 operis
1887 4337 2002 4404 Dei,
2024 4350 2095 4392 en

518 4463 726 4521 fidelem
758 4451 1032 4527 sapientiae
1058 4448 1174 4518 eius
1224 4442 1648 4515 praedicatorem.
1693 4430 2091 4494 Verecundiam,

516 4553 708 4625 inquit,
739 4520 912 4604 nostra
934 4542 1129 4611 majore
1170 4535 1427 4590 honestate
1447 4532 1799 4597 conteguntur.
1834 4540 1854 4576 ι
1881 4520 1963 4576 Ad
1989 4520 2094 4574 hoc

519 4609 664 4703 coite
691 4655 852 4698 unum
872 4609 1095 4691 verbum
1144 4635 1307 4683 totam
1354 4634 1568 4678 causam
1599 4626 1741 4673 tuam
1770 4609 2099 4683 religandam

520 4700 739 4809 putasti,
759 4726 900 4801 quod
931 4717 1240 4794 Apostolum
1288 4713 1487 4769 dixisse
1518 4707 1714 4779 legisti,
1740 4700 2102 4759 uerecundiam

522 4795 797 4885 λοιπαίΞί
820 4828 998 4875 autem
1022 4812 1262 4884 legisses,
1307 4806 1570 4860 inhonesta
1593 4806 1784 4861 nostra,
1815 4795 1962 4850 nullo
1986 4808 2103 4847 mo-

523 4884 594 4978 do
614 4918 796 4988 utique
846 4912 947 4966 hoc
1001 4901 1358 4963 testimonium
1412 4909 1612 4967 ponere
1654 4889 1899 4947 auderes.
1945 4884 2102 4941 Nullo

527 5012 687 5067 modo
711 4984 855 5062 enim
883 5002 1048 5067 Deus,
1070 5004 1149 5063 et,
1177 4994 1280 5048 hoc
1303 4987 1443 5062 quod
1470 4995 1553 5043 cst
1577 4984 1745 5057 pejus,
1775 4989 1899 5036 ante
1915 4992 2106 5049 pecca-

528 5115 664 5167 tum,
695 5094 891 5168 aliquid
935 5093 1132 5147 faceret
1158 5087 1210 5141 in
1240 5080 1496 5139 membris
1522 5075 1738 5133 humani
1764 5070 2007 5141 corporis
2027 5069 2110 5123 in-

528 5163 832 5252 honestum.
871 5186 1027 5241 Disce
1069 5193 1196 5250 ergo
1243 5173 1385 5247 quod
1428 5170 1623 5237 nescis,
1652 5169 1774 5239 quia
1820 5163 2106 5231 diligenter

528 5297 769 5359 quaerere
784 5263 1020 5335 noluisti.
1052 5270 1330 5325 Inhonesta
1354 5263 1488 5320 dixit
1511 5258 1819 5331 Apostolus,
1847 5253 1942 5310 sed
1976 5267 2112 5307 non-

533 5342 661 5437 nulli
684 5377 1023 5442 interpretes,
1054 5364 1111 5418 in
1133 5358 1324 5433 quibus
1349 5366 1405 5412 et
1428 5355 1529 5411 iste
1553 5359 1659 5427 est,
1685 5357 1939 5421 quantum
1969 5342 2112 5399 arbi-

533 5483 664 5537 tror,
686 5434 842 5539 quem
865 5458 1066 5531 legisti,
1096 5451 1260 5511 credo
1288 5443 1627 5505 verecundati
1656 5437 2012 5496 uerecundiam
2027 5434 2113 5490 di-

538 5530 753 5624 xerunt,
781 5571 901 5628 quae
924 5530 1013 5609 ille
1047 5548 1182 5604 dixit
1224 5542 1490 5599 inhonesta
1514 5551 1536 5592 :
1579 5532 1721 5605 quod
1769 5530 2019 5601 probatur
2045 5541 2114 5583 ex

534 5619 714 5712 verbis
842 5646 959 5717 ipso
985 5640 1170 5699 codice
1195 5631 1431 5705 scriptis,
1461 5625 1605 5684 unde
1648 5625 1750 5679 ista
1795 5619 1958 5677 verba
1982 5632 2114 5689 apo-

603 5833 620 5895 i
646 5830 720 5895 sic
1481 5867 1643 5895 ,ιηηιιιι
1666 5865 1851 5895 Amm...

602 5893 625 5926 ³
742 5865 855 5941 EE.
871 5865 1445 5954 ’ξιῖἱῖίᾶὗῶιὰωιιίονεηι
1477 5867 1643 5923 dando
1662 5865 1910 5921 honorem.

2152 724 2414 796 sequitur,
2468 723 2717 794 majorem
2748 721 3058 775 honestatem
3104 720 3303 781 habent,
3336 717 3389 770 in
3431 722 3606 786 graeco
3652 712 3741 767 est

2154 822 2523 885 εὐσχημοσύνην,
2550 812 2693 885 quod
2723 814 2927 883 integre
2950 811 3355 880 interpretatum
3380 814 3483 874 est,
3505 808 3743 861 honesta-

2156 919 2274 965 tem.
2307 907 2459 966 Unde
2481 916 2700 977 apparet
2719 905 2807 959 illa
2826 919 2948 975 quae
2972 906 3222 972 ἀσχήμονα
3257 901 3394 957 dicta
3416 904 3563 965 sunt,
3584 901 3742 953 inho-

2156 1011 2298 1057 neste
2326 1000 2485 1056 latine
2512 998 2787 1069 appellari.
2830 984 3109 1052 Postremo
3138 993 3280 1066 quod
3309 990 3612 1064 adiunctum
3632 1001 3740 1060 est,

2155 1110 2268 1164 quin
2286 1101 2456 1147 autem
2470 1101 2587 1147 sunt
2609 1091 2818 1146 honesta
2841 1100 3034 1155 nostra,
3047 1100 3252 1161 gneus
3268 1087 3429 1142 habet
3446 1090 3741 1155 αὖςχήρονα.

2157 1185 2310 1243 Unde
2335 1184 2675 1241 manifestum
2713 1193 2797 1239 est
2836 1183 2924 1238 illa
2955 1197 3075 1254 qum
3123 1185 3375 1251 ἀσχήμονα
3423 1179 3565 1235 diota
3592 1180 3739 1243 sunt,

2158 1276 2424 1331 inhonesta
2447 1289 2587 1333 esse.
2628 1274 2883 1343 Quamvis
2901 1282 2956 1328 et
2981 1272 3122 1328 nulla
3149 1284 3447 1343 graecorum
3496 1269 3747 1326 conside-

2158 1368 2371 1424 ratione
2400 1367 2685 1423 verborum
2727 1381 2795 1423 eo
2828 1365 2946 1436 ipso
2972 1364 3202 1421 debuisti
3254 1363 3554 1429 admoneri,
3588 1362 3747 1418 inito-

2164 1469 2313 1517 nesta
2340 1475 2462 1516 esse
2492 1459 2579 1515 illa
2604 1474 2726 1530 quas
2777 1458 3219 1515 abundantion
3268 1458 3599 1513 honeStatetn
3628 1454 3733 1510 hia

2159 1552 2291 1608 bent
2308 1550 2623 1617 velaminis;
2651 1550 2864 1621 quando
2884 1567 2947 1606 ea
2959 1560 3078 1623 qua:
3099 1551 3202 1607 hoc
3226 1560 3362 1622 opus
3388 1558 3494 1606 non
3519 1548 3744 1615 habent,

2162 1644 2385 1700 honesta
2425 1652 2549 1697 sunt
2597 1640 2758 1697 dicta.
2788 1641 2926 1710 Quid
2968 1648 3051 1698 est
3077 1643 3240 1709 enim,
3274 1642 3402 1710 Qua:
3449 1648 3619 1697 autem
3646 1642 3749 1696 ne;

2164 1745 2306 1790 uesta
2330 1743 2448 1790 sunt
2460 1742 2666 1799 nostra,
2684 1750 2786 1787 non
2807 1740 2934 1803 opus
2952 1733 3133 1789 habent
3153 1748 3174 1798 ;
3196 1733 3318 1800 nisi,
3342 1731 3432 1788 illa
3460 1732 3747 1788 inhonesta

2163 1836 2308 1891 sunt,
2334 1841 2455 1897 quae
2479 1838 2610 1896 opus
2636 1824 2871 1879 habent?
2902 1824 3169 1879 Honestas
3193 1837 3323 1895 ergo
3356 1822 3637 1878 adhibetur
3664 1823 3749 1877 ιιι-

2164 1919 2421 1981 ltonestis,
2444 1933 2566 1974 cum
2608 1918 2884 1974 rationalis
2920 1928 3125 1973 natura:
3152 1929 3313 1971 sensu
3343 1915 3462 1986 ipso
3485 1920 3751 1970 verecun-

2165 2012 2326 2067 dante
2350 2012 2611 2095 velantur.
2641 2010 2838 2065 Eorum
2865 2009 3061 2080 quippe
3095 2007 3347 2063 honestas
3364 2015 3419 2062 et
3446 2005 3619 2061 honor
3660 2012 3747 2061 est

2167 2103 2545 2165 velamentum,
2583 2111 2729 2157 tanto
2756 2101 3135 2167 abundantius,
3162 2098 3361 2171 quanto
3389 2098 3558 2170 magis
3592 2098 3753 2153 inho~

2165 2204 2315 2251 ncsta
2345 2202 2490 2248 sunt.
2518 2191 2672 2260 Quod
2710 2191 2947 2263 profecto
2993 2207 3098 2246 non
3125 2191 3328 2246 diceret
3364 2188 3672 2260 Apostolus,
3703 2187 3755 2244 si

2170 2300 2367 2355 corpus
2410 2285 2513 2340 tale
2562 2283 2913 2351 describeret,
2952 2284 3112 2355 quale
3163 2283 3431 2338 habebant
3481 2280 3752 2348 homines;

2168 2376 2382 2447 quando
2408 2375 2537 2431 nudi
2556 2383 2709 2431 erant
2745 2385 2801 2430 et
2820 2390 2925 2429 non
2949 2372 3433 2430 confundebantur.

2243 2471 2333 2528 8f.
2393 2469 2527 2526 Vide
2571 2470 2728 2540 igitur
2770 2484 2931 2539 quam
2970 2467 3306 2539 impudenter
3346 2484 3368 2519 ι
3404 2466 3562 2522 ideas
3598 2465 3755 2521 dicas

2177 2583 2197 2617 ι
2232 2564 2476 2620 homines
2506 2563 2670 2619 fuisse
2710 2561 2955 2632 primitus
2975 2560 3187 2628 nudos,
3230 2561 3355 2631 quia
3398 2557 3467 2615 ad
3518 2556 3757 2614 solertiae

2172 2657 2422 2713 humanm
2450 2671 2668 2727 operam
2690 2663 2749 2709 ut
2774 2669 2834 2710 se
2855 2660 3095 2725 tegerent
3110 2651 3431 2723 pertinebat,
3468 2665 3587 2721 quae
3612 2648 3755 2703 non-

2176 2751 2302 2808 dum
2328 2751 2382 2807 in
2412 2751 2430 2782 ί
2460 2750 2565 2804 illis
2582 2747 2701 2803 fuit.
2740 2765 2761 2800 ι
2787 2745 2939 2802 Unde
2957 2746 3016 2800 ﬁt
3036 2748 3372 2815 conserimus
3396 2748 3454 2797 ut
3482 2751 3607 2797 ante
3631 2754 3761 2812 pec-

2174 2853 2353 2900 catum
2380 2842 2581 2899 inertes
2602 2882 2620 2909 ,
2650 2836 2869 2911 peccato
2895 2846 3077 2894 autem
3108 2836 3278 2892 factos
3305 2835 3496 2891 credas
3522 2848 3646 2889 esse
3662 2846 3760 2886 so-

2175 2937 2360 2992 lertes.
2382 2934 2551 3003 Quam
2580 2948 2742 3005 porro
2792 2932 2974 2988 multis
3023 2932 3252 2987 inaniter
3287 2928 3445 2984 dictis
3468 2925 3619 2997 quasi
3648 2924 3766 2979 elo-

2175 3037 2366 3100 ganter
2399 3037 2657 3099 acuteque
2682 3025 2956 3083 concludis
2984 3023 3188 3090 dicens,-
3223 3040 3243 3075 ι
3277 3020 3396 3077 Νοιι
3448 3020 3610 3091 igitur
3631 3017 3762 3088 quia

2181 3127 2552 3192 peccaverant,
2577 3119 2824 3188 genitalia
2853 3117 2937 3172 vel
2974 3116 3237 3171 diabolica
3277 3114 3361 3168 vel
3383 3111 3662 3167 inhonesta
3686 3108 3767 3164 fe-

2180 3223 2408 3280 cerunt;
2439 3212 2534 3269 sed
2579 3213 2700 3282 quia
2717 3210 3055 3282 .pavitabant,
3082 3209 3136 3263 in
3160 3223 3224 3263 ea
3259 3220 3363 3277 qua
3379 3204 3611 3275 primum
3642 3201 3764 3256 fue-

2180 3315 2304 3364 rant
2346 3306 2624 3363 honestate
2652 3300 3017 3373 permanentia
3043 3299 3280 3355 membra
3312 3304 3552 3352 texerunt
3576 3289 3604 3349 ι’
3622 3310 3651 3345 ι
3682 3289 3770 3347 Ad

2183 3398 2326 3470 quod
2350 3395 2670 3467 respondeo,
2692 3393 2952 3448 diabolica
2975 3389 3191 3462 quidem
3221 3386 3459 3443 membra
3480 3400 3587 3440 non
3615 3388 3764 3450 ease,

2185 3502 2439 3563 quantum
2483 3488 2550 3546 ad
2603 3496 2789 3544 eorum
2838 3483 3213 3547 substantiam,
3264 3480 3510 3550 ﬁguram,
3540 3475 3770 3548 qualita-

2188 3595 2403 3655 tetnque
2443 3581 2690 3651 pertinet,
2721 3593 2881 3648 quam
2910 3574 3151 3633 condidit
3181 3575 3355 3629 Deus:
3383 3569 3481 3626 sed
3501 3569 3547 3623 si
3575 3566 3769 3623 eadem

2189 3677 2428 3735 membra
2455 3675 2512 3732 in
2535 3689 2640 3746 qua
2663 3672 2813 3744 prius
2852 3664 3062 3727 fuerant
3108 3666 3389 3723 honestate
3435 3669 3773 3726 manserunt,

2189 3785 2286 3826 cur
2306 3785 2371 3825 ea
2404 3767 2540 3823 dixit
2565 3764 2850 3834 Apostolus
2904 3758 3231 3818 inhonesta?
3270 3758 3417 3813 Bene
3461 3753 3603 3826 quod
3648 3754 3766 3824 ipso

2192 3861 2466 3918 confessus
2493 3874 2575 3926 es,
2594 3858 2684 3914 illa
2730 3854 2970 3911 membra
2995 3852 3159 3909 fuisse
3186 3849 3332 3922 prius
3350 3848 3572 3903 honesta
3602 3863 3617 3899 :
3660 3859 3778 3899 non

2194 3953 2336 4009 enim
2365 3950 2508 4006 aliud
2530 3962 2715 4020 posses
2741 3947 2845 4002 nisi
2888 3944 3199 4014 blaSpliema
3238 3942 3489 4012 opinione
3537 3937 3779 3993 sentire.

2196 4044 2325 4112 Quae
2342 4043 2502 4112 igitur
2528 4040 2669 4095 Deus
2695 4037 2919 4093 honesta
2942 4037 3170 4101 fecerat,
3207 4032 3343 4089 dixit
3370 4029 3664 4101 Apostolus
3706 4027 3782 4082 in-

2198 4136 2440 4192 honesta.
2470 4133 2697 4190 Causam
2714 4130 2928 4200 requiro
2952 4145 2965 4182 :
2993 4127 3039 4182 si
3068 4126 3173 4182 hoc
3198 4140 3306 4182 non
3329 4128 3547 4194 peccato
3570 4117 3773 4175 factum

2199 4239 2300 4295 est,
2327 4227 2467 4281 unde
2495 4228 2692 4281 factum
2723 4232 2808 4279 est
2831 4222 2855 4275 ’ἔ
2886 4220 3016 4288 Quis
3031 4219 3256 4275 honesta
3278 4215 3374 4271 Dei
3409 4224 3568 4278 opera
3595 4206 3777 4263 deho-

2199 4319 2448 4384 nestavit,
2476 4325 2535 4372 ut
2574 4332 2636 4371 ea
2658 4315 2939 4370 inhonesta
2967 4318 3182 4367 sationis
3211 4301 3500 4375 Apostolus
3527 4299 3738 4355 diceret
3757 4299 3784 4354 Ἰ

2202 4411 2392 4468 Utrum
2423 4406 2695 4469 habitudo,
2740 4406 2789 4456 in
2817 4413 2918 4470 qua
2943 4404 3031 4454 est
3057 4395 3275 4452 solertia
3292 4392 3526 4449 creantis
3553 4407 3569 4457 ;
3610 4406 3683 4445 an
3713 4391 3785 4445 li-

2200 4502 2348 4567 bido,
2377 4500 2428 4554 in
2475 4512 2579 4568 qua
2622 4503 2707 4551 est
2752 4507 2908 4563 poena
2944 4485 3407 4562 peccantisiNam
3448 4486 3607 4540 etiam
3644 4498 3790 4539 nunc

2203 4593 2346 4665 quod
2365 4593 2504 4647 Deus
2532 4589 2602 4644 ibi
2632 4586 2779 4652 facit,
2820 4585 3104 4639 honestum
3131 4588 3216 4636 est
3243 4577 3427 4649 :quod
3468 4576 3620 4646 origo
3658 4590 3790 4630 con-

2208 4687 2387 4752 trahit,
2414 4683 2774 4739 inhonestum.
2802 4677 2872 4732 Et
2901 4685 3078 4731 tamen
3103 4688 3171 4728 ne
3189 4672 3301 4728 sint
3317 4670 3565 4725 scissura:
3589 4667 3643 4722 in
3665 4683 3789 4722 cor-

2211 4795 2374 4851 pore,
2421 4773 2780 4833 contributum
2809 4776 2895 4825 est
2945 4765 3198 4822 divinitus
3224 4761 3405 4818 sensui
3447 4759 3700 4824 naturali,
3734 4766 3793 4813 ut

2210 4850 2306 4945 pro
2334 4869 2560 4926 invicem
2586 4864 2814 4922 sollicita
2839 4862 2947 4917 sint
2967 4857 3207 4915 membra
3239 4871 3254 4909 :
3277 4864 3332 4910 et
3354 4851 3497 4924 quod
3543 4850 3794 4906 dehone-

2211 4966 2373 5022 stavit
2396 4957 2851 5031 concupiscentia,
2884 4958 3135 5023 contegat
3160 4945 3501 5005 verecundia.

2281 5057 2372 5115 82.
2397 5055 2502 5112 Sed
2531 5053 2686 5119 dicis,
2721 5068 2742 5102 ι
2773 5046 2882 5105 Cur
2899 5045 3077 5102 audita
3105 5056 3237 5099 voce
3277 5040 3376 5096 Dei
3403 5035 3797 5095 doambulantis

2213 5152 2267 5209 in
2298 5147 2543 5221 paradiso
2576 5141 2974 5200 absconderant
3012 5150 3075 5193 se
3122 5133 3293 5191 Adam
3330 5139 3387 5188 et
3430 5129 3626 5185 mulier
3651 5128 3785 5197 ejus,

2215 5220 2334 5299 cum
2362 5240 2684 5311 perizomata
2722 5233 2810 5290 illa
2855 5228 3104 5286 sufﬁcere
3133 5225 3425 5297 potuissent
3454 5240 3474 5274 ι
3505 5221 3526 5293 (
3554 5220 3686 5276 Gen.
3716 5234 3795 5286 tu,

2216 5339 2271 5401 8,
2300 5338 2330 5390 7
2359 5333 2401 5405 ),
2452 5331 2499 5387 si
2549 5330 2619 5386 de
2663 5326 2972 5399 genitalium
3030 5321 3268 5377 nuditate
3315 5313 3785 5373 erubuissent”:

2218 5429 2357 5500 Quid
2375 5423 2621 5496 estquod
2646 5421 2800 5488 dicis,
2829 5433 2939 5474 non
2975 5411 3293 5471 inveniendo
3321 5408 3461 5481 quod
3481 5406 3669 5472 dicas;
3698 5416 3800 5458 nec

2218 5494 2469 5587 adtendis,
2498 5494 2637 5589 quod
2664 5513 2843 5569 animo
2871 5508 3165 5580 trepidante
3186 5519 3217 5559 a
3252 5501 3385 5558 facie
3416 5497 3650 5562 Domini,
3674 5494 3800 5550 abs-

2222 5615 2449 5672 trusiora
2502 5587 2719 5665 latibula
2765 5599 3129 5678 quaesierunt?
3186 5596 3278 5652 Illa
3307 5609 3435 5650 vero
3466 5589 3669 5646 lumbis
3694 5587 3801 5644 cir-

2286 5731 2302 5763 ²
2323 5723 2636 5779 rioriaccnsts
2654 5729 2755 5785 Ms,
2777 5729 2888 5785 qua

2285 5754 2755 5848 ἑῖἐϊῖίζεῗᾛέὲῗῖ
3257 5754 3533 5820 "iisdem
3572 5754 3798 5813 mm

2228 5865 2347 5913 sent.
