4038 6474
385 382 491 448 183

380 506 576 563 fendis.
606 505 762 564 Unde
803 505 901 562 tibi
940 505 1149 562 duobus
1169 504 1443 577 prioribus
1465 503 1617 560 libris
1631 503 1721 560 sic
1754 517 1844 558 me
1885 516 1974 557 re-

378 598 667 670 spondisse
686 598 937 663 arbitror,
968 605 1082 653 uta
1103 595 1251 652 nullo
1277 595 1509 666 amplius
1535 599 1857 667 requiratur.
1924 652 1925 659 η

452 689 508 744 2.
537 689 842 759 Exaggeras
870 703 1028 758 quam
1055 687 1124 742 sit
1154 704 1175 739 ι
1210 685 1445 743 difficilis
1460 686 1754 758 paucisque
1777 699 1975 742 conve-

378 784 531 840 niens
580 782 804 846 eruditis
828 790 1131 837 sanctarum
1169 780 1409 852 cognitio
1449 779 1806 836 Litterarum:
1838 797 1859 831 ι
1893 777 1975 832 vi-

378 876 594 942 delicet,
631 893 651 927 ‹
681 884 738 929 ut
759 874 900 929 Deus
925 872 1220 939 hominum,
1250 873 1389 929 sicut
1407 873 1642 929 universi
1669 871 1914 928 conditor
1930 872 1973 937 ⁸,

377 975 434 1022 et
446 966 623 1036 justus
642 974 695 1022 et
723 981 887 1021 verax
933 980 997 1020 ac
1035 965 1186 1036 pius,
1220 964 1362 1020 idem
1390 965 1411 996 ⁸
1440 963 1708 1020 donorum
1753 977 1975 1019 suorum

379 1060 433 1111 in
462 1056 707 1113 homines
751 1055 1055 1113 cumulator
1089 1057 1384 1127 probetur;
1431 1055 1555 1125 quia
1592 1070 1697 1110 una
1726 1063 1830 1122 est,
1866 1072 1885 1127 ι
1917 1063 1977 1110 ιιι

380 1148 584 1213 fateris,
617 1167 638 1201 ι
673 1148 878 1219 optima
903 1163 1065 1204 causa
1086 1147 1385 1203 studiorum
1412 1146 1696 1213 bonorum,
1722 1154 1782 1202 ut
1804 1145 1978 1201 hono-

380 1250 528 1296 rctur
554 1241 714 1296 Deus.
744 1259 763 1294 ι
794 1239 968 1308 Quem
992 1248 1173 1296 tamen
1224 1239 1303 1295 sic
1345 1239 1603 1306 honoras,
1630 1247 1690 1295 ut
1720 1237 1971 1310 parvulo-

378 1349 496 1387 rum
521 1332 864 1389 liberatorem
883 1347 1046 1404 neges
1095 1348 1190 1403 per
1218 1331 1493 1387 Christum
1542 1330 1752 1397 Jesum,
1786 1329 1840 1385 id
1866 1339 1970 1395 est,

376 1425 730 1490 Salvatorem,
776 1424 932 1495 cujus
973 1438 1070 1480 eos
1093 1423 1424 1493 Baptismate
1447 1422 1528 1479 sic
1547 1423 1691 1478 ablui
1719 1421 1897 1477 dicitis
1926 1419 1970 1487 ⁸,

377 1527 437 1574 ιιι
465 1533 572 1574 non
601 1525 1006 1588 consequantur
1044 1515 1294 1581 salutem,
1325 1524 1579 1585 tanquam
1625 1512 1837 1569 medico
1863 1527 1972 1567 non

378 1611 651 1681 indigeant
674 1608 926 1689 Christo;
950 1608 1200 1663 humanae
1229 1607 1454 1678 originis
1488 1621 1679 1662 venam
1709 1604 1974 1676 sagaciter

378 1702 695 1774 inspiciente
712 1742 729 1769 ,
753 1708 807 1756 et
824 1715 921 1756 eos
944 1714 1106 1755 sanos
1131 1697 1512 1768 pronuntiante
1531 1695 1770 1753 Juliano.
1795 1695 1972 1764 Quan-

377 1804 434 1851 to
460 1795 654 1851 melius
682 1794 813 1849 nihil
847 1794 1068 1849 omnino
1112 1791 1428 1856 didicisses,
1476 1805 1637 1862 quam
1670 1804 1770 1861 per
1812 1788 1973 1844 istam

380 1887 531 1941 velut
559 1885 839 1946 scientiam
866 1884 1036 1955 legis,
1066 1884 1120 1938 in
1149 1897 1255 1953 qua
1291 1892 1344 1938 te
1370 1881 1609 1952 turgidus
1644 1880 1835 1950 jactas,
1864 1894 1973 1935 non

377 1994 507 2035 sane
542 1964 681 2034 duce
714 1978 810 2033 Dei
855 1977 1006 2047 lege,
1054 1958 1148 2031 sed
1177 1985 1356 2031 vestra
1381 1976 1558 2045 potius
1607 1974 1863 2040 vanitate,
1904 1971 1974 2028 ad

378 2068 517 2126 hanc
542 2070 766 2141 impiam
789 2068 1261 2138 praesumptionem
1288 2066 1559 2122 inimicam
1586 2065 1710 2122 fidei
1734 2063 1976 2120 christia-

378 2177 464 2219 nze
483 2169 543 2218 et
558 2170 663 2216 tua:
690 2160 884 2215 animat
915 2159 1273 2230 pervenisses.

451 2252 506 2309 ὅ.
558 2272 577 2305 ι
614 2251 911 2318 Sententia,
943 2269 963 2304 ι
995 2249 1193 2319 inquis,
1224 2267 1243 2302 ι
1267 2257 1443 2304 vestra
1472 2255 1582 2302 tam
1624 2246 1885 2304 deformis
1920 2255 1986 2327 et

377 2359 513 2400 vana
543 2351 646 2407 est,
673 2358 794 2414 qua:
833 2350 888 2398 et
922 2341 1037 2399 Deo
1063 2340 1397 2411 iniquitatem
1419 2380 1435 2405 ,
1463 2348 1520 2395 et
1548 2338 1763 2393 diabolo
1790 2336 1977 2393 condi-

379 2438 578 2493 tionem
603 2435 927 2501 hominum,
950 2443 1006 2491 et
1033 2441 1255 2504 peccato
1291 2432 1684 2496 substantiam,
1744 2439 1801 2486 et
1839 2445 1974 2486 con-

334 2512 343 2521 ’
378 2530 659 2586 scientiam
689 2528 806 2584 sine
825 2526 1051 2583 scientia
1081 2525 1320 2596 parvulis
1340 2533 1568 2581 conatur
1588 2522 1918 2578 adscribere.
1948 2540 1969 2575 ι

377 2621 623 2677 Breviter
663 2617 1005 2689 respondeo:
1036 2616 1314 2673 Sententia
1345 2625 1527 2671 nostra
1571 2628 1673 2670 nec
1719 2611 1976 2669 deformis

376 2724 491 2781 est;
522 2715 647 2785 quia
666 2713 968 2783 speciosum
1010 2711 1180 2766 forma
1206 2724 1314 2780 prae
1338 2707 1463 2763 filiis
1484 2707 1760 2762 hominum
1790 2704 1978 2761 Salva-

379 2818 550 2862 torein
582 2805 836 2876 praedicat
873 2804 1115 2860 omnium
1159 2801 1437 2856 hominum
1472 2796 1644 2873 (Psal.
1698 2812 1849 2863 xuv,
1877 2795 1933 2869 '5)
1956 2837 1973 2864 ,

376 2916 444 2955 ac
468 2916 561 2970 per
589 2900 691 2954 hoc
728 2898 887 2954 etiam
921 2896 1262 2967 parvulorum
1293 2908 1433 2949 :nec
1473 2907 1606 2947 vana
1649 2899 1770 2957 est;
1811 2888 1977 2961 qua)“

378 3007 488 3047 non
523 2991 740 3056 frustra,
774 2988 867 3044 sed
897 2986 1242 3060 praecedente
1268 2993 1491 3056 peccato
1533 2983 1665 3038 dicit
1702 2981 1976 3038 hominem

377 3083 598 3139 vanitati
615 3083 842 3138 similem
862 3083 1080 3146 factum,
1099 3079 1250 3150 cujus
1265 3078 1381 3134 dies
1396 3077 1534 3133 sicut
1552 3076 1740 3132 umbra
1752 3084 1976 3147 praeter-

380 3183 510 3231 eunt
548 3173 718 3244 (Psal.
764 3189 951 3239 exuit,
974 3171 1033 3244 4)
1054 3189 1066 3225 :
1091 3186 1187 3226 nec
1214 3171 1325 3226 Deo
1344 3169 1600 3225 adscribit
1619 3168 1973 3239 iniquitatem,

380 3268 474 3324 sed
487 3268 664 3339 potius
674 3267 1001 3338 aequitatem;
1021 3264 1143 3337 quia
1162 3279 1266 3319 non
1284 3263 1482 3334 injuste
1506 3271 1584 3318 tot
1605 3270 1661 3318 et
1681 3261 1843 3317 tantis
1863 3276 1978 3316 ma-

380 3359 470 3427 lis,
486 3376 605 3429 quae
619 3359 917 3430 smpissime
935 3357 1227 3423 cernimus,
1244 3355 1404 3412 etiam
1424 3354 1672 3425 parvulus
1686 3354 1935 3423 plectitur
1957 3369 1973 3409 :

382 3464 485 3506 nec
495 3449 710 3505 diabolo
740 3447 1102 3509 conditionem
1114 3445 1414 3512 hominum,
1434 3445 1529 3500 sed
1551 3444 1794 3499 humana:
1810 3442 1976 3513 origi-

381 3541 466 3597 nis
481 3541 953 3611 depravationem;
984 3554 1086 3595 nec
1108 3547 1329 3610 peccato
1351 3536 1704 3593 substantiam
1725 3535 1770 3602 ⁸,
1798 3533 1893 3590 sed
1922 3533 1977 3589 in

387 3632 577 3702 primis
603 3631 910 3687 hominibus
938 3639 1137 3697 aetum,
1188 3630 1241 3684 in
1295 3642 1481 3684 eorum
1510 3642 1639 3684 vero
1668 3626 1979 3696 posteritate

383 3724 687 3793 contagium
714 3740 728 3776 :
756 3736 856 3777 nec
885 3720 1121 3791 parvulis
1149 3719 1534 3776 conscientiam
1584 3718 1702 3773 sine
1730 3717 1975 3784 scientia,

380 3817 437 3873 in
466 3817 660 3886 quibus
683 3830 783 3871 nec
811 3814 1031 3871 scientia
1062 3821 1181 3880 est,
1217 3828 1319 3868 nec
1348 3810 1711 3877 conscientia;
1750 3809 1846 3865 sed
1875 3810 1981 3865 sei-

381 3909 458 3964 vit
486 3908 575 3963 ille
602 3906 726 3978 quid
768 3905 959 3961 fecerit
996 3905 1050 3959 in
1093 3919 1200 3976 quo
1254 3917 1443 3959 omnes
1490 3910 1878 3973 peccaverunt,
1924 3909 1979 3958 et

380 4000 575 4072 singuli
604 3984 800 4054 malum
831 3997 956 4052 inde
999 4003 1299 4052 traxerunt.

453 4095 511 4151 4.
535 4094 613 4149 Τιι
628 4103 805 4148 autem
820 4092 910 4162 qui
931 4091 953 4124 ⁸
974 4089 1368 4146 multitudinem
1387 4087 1976 4160 praestruisidiotarum,

382 4202 519 4259 quos
546 4185 785 4256 appellas
807 4203 828 4238 ι
852 4183 1142 4254 simplices,
1168 4182 1281 4253 qui,
1311 4181 1427 4237 aliis
1444 4181 1689 4252 occupati
1713 4180 1941 4250 negotiis
1959 4222 1975 4249 ,

383 4277 517 4332 nihil
541 4276 609 4332 de
634 4275 938 4332 eruditione
976 4282 1233 4343 ceperunt
1251 4314 1266 4339 ,
1290 4273 1403 4327 sola
1434 4282 1609 4327 tamen
1645 4271 1749 4326 fide
1777 4271 1845 4326 ad
1869 4271 1977 4325 Ec-

383 4371 601 4428 clesiam
629 4368 828 4424 Christi
855 4366 1135 4437 pervenire
1163 4375 1437 4432 curarunt,
1485 4380 1553 4420 ne
1596 4363 1752 4419 facile
1781 4364 1978 4420 obscu-

276 4514 287 4519 -
384 4464 462 4520 ris
487 4456 868 4535 quaestionibus
890 4468 1214 4526 terreantur,
1243 4459 1336 4515 sed
1363 4458 1647 4514 credentes
1688 4459 1856 4513 Deum
1887 4472 1981 4513 ve-

385 4570 503 4611 rum
522 4554 855 4610 Conditorem
873 4567 993 4608 esse
1010 4551 1311 4625 hominum,
1339 4550 1702 4605 indubitanter
1718 4550 1739 4581 "
1765 4564 1980 4620 quoque

388 4654 606 4701 teneant
633 4644 753 4715 quia
785 4644 902 4713 pius
932 4651 1049 4709 est,
1078 4641 1200 4712 quia
1228 4656 1388 4696 verax
1412 4683 1426 4705 ,
1455 4640 1798 4711 quiajustus;
1821 4649 1980 4709 atque

388 4736 528 4792 hanc
559 4734 962 4790 aestimationem
987 4733 1054 4789 de
1091 4732 1182 4786 illa
1205 4731 1468 4787 Trinitate
1491 4739 1785 4793 servantes,
1826 4729 1980 4800 quid-

389 4830 516 4903 quid
543 4828 808 4884 audierint
848 4827 971 4882 huic
999 4825 1292 4882 convenire
1319 4824 1600 4879 sementim
1619 4865 1635 4892 ,
1667 4822 1979 4893 amplexen-

388 4929 480 4976 tur
502 4928 662 4991 atque
689 4918 992 4973 collaudent
1020 4936 1033 4972 :
1067 4932 1169 4973 nec
1194 4918 1296 4972 hoc
1339 4916 1418 4971 eis
1449 4916 1552 4971 ulla
1580 4916 1659 4972 vis
1698 4929 1981 4987 argumen-

390 5012 607 5067 tationis
635 5010 833 5066 evellat
848 5052 865 5077 ,
895 5009 988 5065 sed
1011 5009 1349 5066 detestentur
1370 5023 1584 5063 omnem
1607 5010 1979 5069 auctoritatem

391 5116 552 5177 atque
571 5118 784 5160 omnem
806 5104 1117 5159 societatem
1164 5103 1432 5159 contraria
1456 5101 1778 5179 persuadere
1808 5102 1980 5156 niten-

456 5263 472 5293 ³
494 5262 568 5332 sic
587 5260 816 5332 plerique
838 5268 946 5309 Mss.
972 5258 1056 5309 Alii
1088 5272 1198 5332 eum
1237 5266 1339 5332 Am.
1365 5267 1417 5310 et
1437 5265 1534 5332 En,
1568 5265 1621 5332 ut
1667 5267 1792 5331 Deus
1822 5256 1980 5332 fronti-

387 5336 506 5375 nunt
526 5319 650 5375 sicut
686 5319 1016 5374 tuiiversorum
1037 5320 1275 5383 conditor.
1323 5328 1455 5383 Lov.,
1481 5319 1534 5373 ut
1557 5330 1687 5375 Deus
1708 5321 1832 5373 sicut
1870 5319 1981 5373 uni-

389 5384 629 5438 versitatis
645 5385 864 5436 conditor
879 5398 897 5445 ;
912 5386 1104 5444 omisso,
1124 5377 1386 5434 hominum.

460 5450 481 5482 ³
505 5445 818 5498 Floriacensis
836 5455 915 5496 Ms.
933 5454 1198 5498 correctus.
1218 5444 1305 5497 ita.

463 5511 485 5543 ι
506 5485 683 5571 ista,“
668 5485 818 5561 ὧὲἰὲῗ
836 5485 989 5568 iiiis:
988 5485 1198 5559 211E523?

454 5572 479 5644 ξ
503 5573 634 5644 apud
656 5572 935 5644 Lov.,guiq.
963 5577 1018 5644 ιη.
1036 5571 1178 5621 editis
1197 5570 1305 5644 aliis
1330 5578 1683 5644 et_Mss_.,_qu_m.

456 5633 480 5666 ι
502 5610 1157 5692 ὗῖἔὲιῗὼᾌῆῖῖεριιιαιηαδ’
963 5610 1010 5619 “’
1039 5610 1177 5681 ““”’ἷ
1197 5610 1703 5692 ἶὸῖ,”ἆέῖῖιῖιὶὶιῗῖἶιί.
1725 5645 1835 5682 cum
1856 5645 1978 5682 non-

394 5695 545 5761 nullis
565 5702 694 5761 ﬁssa,
718 5694 973 5761 deputari.
999 5697 1150 5746 Abest
1175 5708 1203 5744 a
1239 5694 1524 5744 melioribus
1551 5696 1902 5758 manuscriptis,
1925 5702 1981 5746 ut

397 5756 727 5817 subaudiatnr,
756 5756 1007 5808 adscribit.

464 5818 487 5881 ξ
511 5821 833 5869 vovanienses
851 5828 1212 5881 expunxerant,
1237 5818 1338 5879 qui.

463 5879 484 5914 ⁷
500 5884 613 5931 ων.
639 5888 696 5930 et
711 5882 845 5947 Belg.
868 5879 999 5945 διεδ..
1016 5879 1299 5933 indubitate.

1205 383 1477 447 CONTRA
1516 384 1854 448 JULIANUM
1891 375 2357 456 PELAGIANUM,
2394 385 2453 444 S.
2494 380 2860 446 AUGUSTINI

3569 386 3683 444 784

2085 509 2225 566 tem;
2263 519 2285 554 ι
2319 501 2364 556 si
2399 500 2516 557 hac
2543 500 2657 571 ipsa
2705 508 2794 555 tua
2835 496 2999 554 verba
3044 494 3385 564 consideras,
3412 497 3679 556 adversus

2082 602 2136 650 te
2178 593 2298 650 illos
2340 593 2682 649 firmissimos
2728 590 2928 647 reddis.
2959 588 3145 662 Neque
3189 590 3334 646 enim
3361 590 3464 646 alia
3508 607 3673 649 causa

2081 692 2199 753 est,
2219 701 2317 741 cur
2336 686 2627 740 novitatem
2656 692 2885 739 vestram
2912 682 3207 738 detestetur
3234 683 3396 738 etiam
3428 683 3674 739 multitu-

2080 776 2151 833 do
2178 776 2468 834 cbristiana
2501 778 2544 845 ’,
2589 791 2621 832 a
2670 775 2824 846 cujus
2870 773 3023 831 velut
3064 774 3314 846 imperito
3362 774 3567 845 judicio
3603 775 3677 832 ad

2080 886 2280 941 paucos
2302 869 2531 938 ve'stros,
2565 885 2700 941 quos
2727 868 2896 925 videri
2942 868 3095 939 cupis
3146 868 3596 939 prudentissimos
3619 877 3678 924 et

2079 962 2452 1029 doctissimos,
2485 976 2783 1034 provocas;
2817 961 2919 1017 nisi
2942 961 3066 1033 quia
3096 961 3263 1017 Deum
3307 972 3363 1017 et
3390 961 3673 1017 hominum

2079 1055 2437 1121 conditorem,
2484 1064 2539 1111 et
2565 1057 2587 1087 ²
2610 1054 2970 1126 justissimum
3021 1055 3299 1125 cogitant,
3350 1063 3407 1110 et
3453 1069 3677 1111 suorum

2078 1156 2259 1204 tantos
2317 1148 2587 1204 cruciatus
2640 1147 2979 1218 conspiciunt
3028 1147 3405 1218 parvulorum.
3455 1157 3513 1202 ut
3574 1146 3677 1202 sub

2082 1238 2197 1295 Deo
2238 1249 2484 1296 creatore
2523 1240 2728 1311 optimo
2770 1246 2930 1309 atque
2971 1237 3268 1309 justissitno
3320 1238 3468 1294 nullo
3512 1238 3677 1295 modo

2078 1332 2256 1405 imago
2284 1333 2401 1404 ejus
2422 1335 2476 1389 in
2505 1333 2595 1388 illa
2625 1340 2783 1388 mtate
2806 1340 2952 1387 tanta
2980 1332 3119 1386 mala
3155 1341 3452 1401 pateretur,
3481 1331 3525 1386 si
3558 1346 3669 1386 non

2078 1434 2225 1480 esset
2249 1425 2510 1496 originale
2554 1432 2853 1494 peccatum.
2900 1422 3138 1491 Quorum
3182 1421 3229 1477 si
3258 1422 3537 1494 quisquam
3579 1437 3677 1493 ge-

2077 1524 2227 1573 stans
2257 1518 2541 1588 parvulum‘
2578 1515 2775 1582 lilium,
2806 1525 2859 1572 te
2879 1516 2997 1572 sine
3023 1516 3262 1573 clamore
3288 1514 3584 1582 invidioso,
3616 1525 3675 1571 et

2077 1609 2133 1665 in
2163 1619 2315 1681 parte
2357 1611 2446 1667 ubi
2473 1611 2655 1667 nullus
2679 1610 2919 1676 audiret,
2960 1609 3312 1680 compellaret
3345 1623 3409 1665 ac
3444 1608 3680 1675 diceret,

2077 1700 2194 1773 Ego
2219 1718 2281 1758 ea
2311 1712 2520 1769 mente,
2550 1702 2899 1774 intelligentia
2918 1744 2935 1769 ,
2967 1701 3174 1757 ratione
3196 1743 3212 1767 ,
3239 1701 3293 1755 in
3318 1716 3423 1772 qua
3449 1715 3567 1755 sum
3596 1700 3676 1753 fa-

2076 1803 2196 1850 ctus
2214 1794 2281 1850 ad
2308 1794 2592 1867 imaginem
2630 1794 2753 1861 Dei;
2788 1803 2992 1849 tantum
3021 1807 3146 1848 amo
3189 1807 3410 1864 regnum
3442 1792 3535 1847 Dei
3562 1831 3578 1856 ,
3610 1799 3677 1845 ut

2078 1883 2311 1940 hominis
2350 1900 2600 1956 magnam
2642 1884 2878 1956 judicem
2927 1898 3163 1956 poenam,
3199 1884 3245 1938 si
3286 1899 3351 1940 eo
3390 1898 3668 1954 nunquam

2077 1976 2247 2047 possit
2270 1976 2492 2032 intrare.
2519 1976 2670 2032 Itane
2704 1991 2833 2032 vero
2874 1985 2931 2031 tu
2960 1991 3065 2032 non
3096 1975 3259 2032 homo
3284 1975 3354 2032 de
3383 1976 3536 2031 turba
3565 1975 3673 2031 im-

2078 2067 2401 2137 peritorum,
2428 2066 2520 2124 sed
2554 2068 2697 2124 inter
2733 2082 2932 2139 paucos
2961 2067 3405 2138 prudentissimos
3430 2068 3577 2139 regui
3604 2068 3671 2122 il-

2077 2158 2180 2214 lius
2202 2169 2429 2225 amator,
2462 2166 2610 2215 tanto
2645 2160 2828 2231 utique
2866 2160 3142 2216 ardentior
3180 2169 3381 2231 quanto
3424 2159 3594 2230 magis
3619 2167 3677 2214 te

2078 2250 2490 2322 flagrantissima
2517 2266 2809 2322 paucorum
2851 2253 3082 2309 societas
3126 2253 3181 2307 in
3228 2251 3363 2308 illud
3398 2251 3670 2318 accendit,

2078 2357 2180 2399 nec
2205 2343 2326 2398 facit
2346 2342 2471 2401 inde
2499 2352 2806 2415 torpescere
2831 2343 3073 2417 frigidior
3091 2344 3410 2411 multitudo,
3446 2358 3676 2413 respon-

2077 2449 2238 2491 surus
2280 2450 2340 2492 es
2382 2435 2584 2494 homini
2624 2447 2784 2510 atque
2831 2438 3091 2505 dicturus,
3126 2437 3243 2495 Non
3271 2437 3444 2494 solum
3480 2450 3676 2508 magna

2078 2540 2185 2582 non
2214 2527 2437 2597 est,sed
2488 2529 2633 2587 nulla
2661 2530 2881 2586 omnino
2923 2545 3082 2602 paena
3132 2539 3214 2586 est
3253 2529 3501 2600 imaginis
3551 2527 3673 2590 Dei.

2078 2632 2348 2688 nunquam
2378 2634 2536 2690 posse
2578 2610 2779 2678 intrare
2827 2622 2881 2676 in
2922 2637 3147 2693 regnum
3180 2621 3319 2677 Dei?
3358 2622 3493 2677 Puto
3528 2619 3678 2690 quod

2077 2724 2181 2765 nec
2199 2711 2289 2766 uni
2318 2710 2519 2767 homini
2545 2754 2560 2779 ,
2592 2713 2746 2783 cujus
2766 2728 2867 2769 nec
2892 2714 2999 2769 vim
3024 2728 3125 2769 nec
3161 2713 3530 2769 testimonium
3557 2709 3677 2767 for-

2077 2800 2307 2857 midabis
2325 2842 2341 2869 ,
2371 2801 2476 2859 hoc
2501 2801 2683 2860 dicere
2716 2803 2959 2860 audebis.
2994 2804 3071 2860 Te
3100 2803 3277 2875 itaque
3303 2804 3418 2860 sive
3443 2818 3677 2875 respon-

2078 2892 2244 2950 dente
2268 2893 2571 2964 quodlibet,
2616 2895 2730 2952 sive
2772 2894 2938 2968 (quod
2988 2895 3157 2967 magis
3192 2910 3223 2949 a
3265 2904 3317 2950 te
3362 2896 3599 2965 exigeret
3627 2893 3680 2950 si

2078 3002 2186 3043 non
2211 2986 2500 3043 christiana
2521 3030 2537 3055 ,
2567 2997 2714 3045 certe
2744 2989 2975 3045 humana
3001 2988 3344 3059 verecundia)
3377 2989 3639 3045 reticente
3657 3029 3677 3057 ,

2078 3078 2342 3149 ingereret
2383 3079 2688 3150 aspectibus
2734 3079 2838 3137 tuis
2891 3081 3172 3152 parvulum
3222 3096 3410 3144 suum,
3442 3079 3673 3135 dicens:

2077 3170 2261 3226 Justus
2282 3179 2365 3226 est
2412 3171 2589 3238 Deus;
2643 3170 2772 3242 quid
2819 3172 2945 3227 mali
2988 3182 3090 3239 est,
3141 3172 3283 3244 quod
3327 3172 3677 3228 innocentem

2079 3262 2220 3319 hanc
2243 3263 2361 3333 ejus
2388 3263 2671 3335 imaginem
2699 3264 2947 3337 prohibet
2969 3266 3170 3322 intrare
3189 3266 3242 3321 in
3263 3281 3485 3338 regnum
3516 3265 3677 3336 ejus;

2078 3357 2125 3411 si
2164 3373 2269 3411 non
2300 3355 2403 3412 hoc
2445 3366 2529 3413 est
2565 3366 2841 3427 peceatum
2867 3399 2883 3427 ,
2908 3358 3050 3429 quod
3079 3375 3174 3430 per
3202 3375 3367 3415 unum
3391 3359 3670 3416 hominem

2078 3445 2295 3501 intravit
2323 3446 2378 3501 in
2417 3447 2672 3503 mundum
2704 3447 2881 3521 (Rom.
2908 3465 2963 3516 v,
3016 3451 3144 3522 ην
3179 3450 3314 3506 Ριιιο
3339 3450 3483 3522 quod
3526 3452 3680 3507 nulla

2079 3538 2175 3593 tibi
2204 3538 2376 3595 aderit
2427 3539 2720 3609 sapientia,
2766 3557 2869 3613 qua
2914 3542 3008 3598 tibi
3057 3542 3289 3598 videaris
3330 3543 3420 3598 illo
3450 3542 3678 3599 indocto

2080 3627 2300 3686 homine
2327 3629 2566 3697 doctior;
2595 3631 2691 3687 sed
2739 3632 2843 3688 sia
2888 3641 2940 3687 te
2990 3633 3277 3690 recesserit
3317 3632 3677 3704 impudentia,

2080 3719 2174 3775 illo
2204 3716 2403 3777 infante
2421 3724 2727 3778 remanebis
2757 3722 3034 3779 infantior.

2153 3807 2382 3868 CAPUT
2426 3812 2492 3867 ll.
2536 3842 2609 3855 —-
2650 3812 2705 3868 5.
2749 3812 2855 3870 Sed
2895 3815 3156 3884 protentio
3204 3816 3511 3883 terminato,
3564 3831 3682 3889 quo

2080 3904 2358 3974 imperitos
2385 3903 2684 3961 admonitos
2719 3908 3014 3973 removisti,
3044 3919 3099 3962 et
3128 3924 3415 3978 paucorum
3447 3910 3542 3965 tibi
3580 3924 3685 3965 au-

2081 4011 2169 4052 res
2206 3995 2596 4053 eruditissimas
2625 3999 2938 4068 prmparasti
2959 4041 2974 4067 ,
3007 4000 3134 4070 quid
3183 4000 3557 4071 disputationis
3578 4016 3683 4072 ag-

2080 4087 2328 4165 grediare
2356 4088 2652 4144 videamus.
2702 4089 2895 4144 Nescio
2925 4090 3054 4160 quid
3101 4091 3243 4145 enim
3291 4092 3422 4146 satis
3459 4100 3683 4154 acutum

2082 4180 2176 4237 tibi
2198 4181 2343 4236 venit
2370 4182 2422 4236 in
2453 4192 2721 4249 mentem,
2765 4182 2906 4253 quod
2939 4193 2991 4239 te
3028 4184 3083 4238 in
3122 4184 3356 4240 secundo
3402 4184 3540 4240 libro
3583 4192 3683 4240 tuo

2081 4270 2304 4341 fugerat,
2334 4287 2456 4327 cum
2487 4271 2555 4328 de
2576 4272 2833 4328 membris
2858 4273 3124 4343 pudendis
3145 4315 3161 4341 ,
3196 4290 3316 4345 qum
3339 4286 3457 4345 post
3486 4289 3685 4345 pecca-

2083 4371 2195 4418 tum
2246 4364 2492 4421 rationali
2537 4365 2930 4422 verecundante
2973 4376 3161 4422 natura
3192 4368 3539 4424 ficulneorum
3580 4369 3684 4426 ad.

2084 4466 2268 4526 operta
2292 4465 2418 4511 sunt
2438 4458 2670 4529 tegmine
2698 4456 2968 4525 foliorum,
2997 4460 3163 4515 multa
3178 4460 3444 4529 dixisses;
3478 4460 3683 4518 frustra

2083 4548 2316 4605 refutare
2344 4562 2566 4605 conatus
2587 4550 2732 4621 quod
2781 4567 2881 4622 ego
2915 4551 3153 4609 dixeram
3175 4595 3191 4621 ,
3235 4571 3254 4606 t
3291 4551 3398 4609 Cur
3436 4569 3566 4624 ergo
3604 4570 3681 4610 ex

2085 4642 2189 4698 illis
2216 4643 2471 4715 membris
2493 4643 2737 4700 confusio
2765 4653 2886 4717 post
2933 4658 3213 4717 peccatum
3232 4687 3248 4713 ,
3296 4647 3396 4702 nisi
3422 4648 3544 4718 quia
3576 4662 3676 4702 ex-

2084 4735 2220 4791 stitit
2240 4734 2344 4790 illic
2371 4734 2622 4791 indecens
2643 4747 2822 4792 motus
2851 4736 2983 4810 t(De
3001 4737 3212 4811 Nuptiis
3229 4748 3278 4794 et
3303 4738 3682 4809 Concupiscet:-

2086 4827 2177 4895 tia,
2206 4826 2293 4884 lib.
2340 4827 2394 4895 1,
2425 4843 2479 4881 η.
2532 4828 2622 4900 5)?
2676 4828 2814 4897 Quid
2850 4829 3010 4900 igitur
3043 4831 3379 4902 excogitasti,
3419 4831 3563 4902 quod
3605 4831 3681 4888 ita

2087 4919 2182 4973 tibi
2212 4918 2426 4989 placuit,
2460 4927 2517 4975 ut
2555 4934 2657 4975 nec
2686 4920 2836 4976 linito
2867 4921 3137 4977 volumine
3157 4964 3174 4991 ,
3225 4922 3313 4978 ubi
3344 4922 3483 4977 hanc
3519 4939 3675 4993 quae-

2085 5012 2312 5066 stionem
2340 5020 2447 5066 tam
2488 5011 2739 5067 diuturna
2789 5012 3112 5085 loquacitate
3141 5014 3390 5079 versasti,
3430 5012 3544 5083 jam
3577 5013 3683 5069 hoc

2085 5115 2302 5178 putares
2341 5106 2736 5162 omittendum?
2777 5106 3047 5179 Scriptum
3095 5122 3217 5164 esse
3258 5106 3521 5176 dicis,Et
3548 5111 3686 5180 {eco-

2085 5210 2203 5255 runt
2226 5199 2323 5255 sibi
2367 5201 2661 5256 vestimenta
2688 5199 2843 5273 (Gen.
2870 5217 2949 5268 ιιι,
2978 5201 3057 5274 7),
3101 5201 3367 5272 aliamque
3408 5202 3682 5272 interpre-

2086 5292 2342 5348 tationem
2387 5292 2588 5349 habere
2615 5307 3007 5349 commemoras
3035 5293 3348 5364 perizomata
3377 5308 3398 5346 :
3420 5301 3476 5348 et
3520 5293 3677 5347 vesti-

2086 5394 2255 5440 menta
2278 5383 2525 5455 perhibes
2556 5403 2576 5437 ι
2608 5385 2772 5440 totius
2799 5385 3039 5455 corporis
3060 5384 3428 5440 indumentum
3456 5382 3685 5455 intelligi

2088 5490 2275 5548 posse,
2303 5474 2444 5545 quod
2472 5474 2537 5530 ad
2569 5474 2790 5546 pudoris
2827 5474 3057 5531 refertur
3089 5475 3345 5532 officium.
3391 5495 3412 5529 ι
3443 5472 3546 5530 Ubi
3576 5474 3683 5529 mi-

2086 5566 2362 5623 roristnm
2408 5555 2969 5638 interpretem'quem'
3001 5566 3216 5638 legisti,
3272 5566 3318 5621 si
3362 5564 3683 5635 Pelagianos

2086 5675 2193 5716 non
2247 5657 2375 5723 fuit,
2406 5672 2471 5713 ex
2522 5672 2587 5711 eo
2630 5659 2772 5728 quod
2817 5675 3023 5731 graecus
3073 5659 3147 5714 ait
3194 5643 3538 5730 perizomata,
3589 5674 3678 5714 ve-

2153 5821 2168 5851 ι
2194 5813 2384 5874 Aliquot
2400 5816 2530 5871 uss,
2553 5811 2952 5864 Christiimorum.

2076 5885 2174 5970 hs
2193 5872 2470 5935 Cogiulativa
2492 5874 2744 5935 particula,
2763 5883 2828 5939 et,
2854 5889 3027 5929 omissa
3050 5880 3128 5932 hic
3150 5879 3273 5940 apud
3298 5886 3406 5931 Lov.

2154 6181 2181 6190 ο
