4038 6464
321 469 423 536 ’185

319 601 556 656 alimenta
599 603 838 675 potuisse
868 605 1180 665 transferre.
1231 609 1426 667 Verum
1456 620 1510 666 et
1535 612 1621 669 hic
1662 615 1704 669 si
1738 614 1907 685 pudor

314 694 474 752 adsit.
503 694 570 749 ad
593 696 745 765 cujus
771 698 1003 754 officium
1043 703 1360 758 vestimenta
1387 706 1585 760 asseris
1611 708 1904 776 pertinere,

313 783 652 858 nequaquam
706 792 1030 860 persuadere
1077 796 1359 850 conaberis
1412 796 1660 854 homines
1704 800 1906 869 primos

312 889 536 946 peccato
567 883 821 952 magistro
846 885 944 938 ista
982 885 1200 955 pudoris
1227 888 1399 944 officia
1430 889 1706 956 didicisse,
1753 901 1807 947 et
1855 892 1906 945 in

313 970 390 1024 eis
424 972 574 1041 prius
605 973 738 1029 duas
783 977 935 1045 quasi
976 978 1151 1032 socias
1201 988 1255 1033 et
1293 980 1492 1034 amicas
1525 982 1908 1037 convenienter

311 1059 585 1118 habitasse
611 1064 968 1122 innocentiam
993 1077 1047 1124 et
1073 1071 1478 1140 impudentiam.
1507 1073 1734 1142 Quando
1759 1076 1902 1131 enim

312 1153 438 1208 nudi
467 1165 641 1223 erant,
669 1167 722 1213 et
742 1175 846 1214 non
867 1161 1350 1229 confundebantur,
1389 1166 1906 1224 inverecundierant

307 1249 603 1305 secundum
633 1260 775 1307 tuam
795 1253 1208 1324 disputationem
1229 1299 1243 1322 ,
1276 1269 1330 1314 et
1359 1274 1388 1314 a
1425 1262 1652 1316 naturali
1680 1262 1900 1332 pudoris

306 1353 468 1394 sensu
515 1341 918 1400 abhorrebant:
950 1345 1044 1401 sed
1096 1347 1344 1405 videlicet
1387 1351 1458 1405 ab
1500 1351 1598 1406 ista
1640 1353 1902 1424 pravitate

306 1433 580 1500 peccando
600 1437 828 1492 correcti
857 1448 1016 1505 sunt,
1044 1448 1100 1495 et
1133 1456 1323 1497 sensus
1352 1446 1611 1514 reprobus
1651 1447 1904 1515 prcevari-

306 1523 537 1578 cationis
569 1523 738 1581 factus
784 1539 867 1583 est
912 1529 966 1583 in
1015 1530 1096 1586 eis
1125 1530 1315 1588 doctor
1358 1534 1596 1604 pudoris.
1631 1535 1901 1594 Pudentes

304 1620 504 1688 quippe
535 1618 660 1675 fecit
682 1623 940 1693 nequitia,
975 1640 1110 1696 quos
1133 1627 1474 1696 impudentes
1498 1631 1704 1702 justitia
1733 1632 1899 1688 facie-

304 1707 413 1763 bat.
445 1709 560 1765 lmo
591 1728 719 1767 vero
768 1723 854 1770 tua
904 1716 1006 1772 ista
1055 1721 1318 1776 sententia
1364 1723 1433 1777 ita
1472 1733 1555 1780 est
1588 1725 1898 1783 indecenter

301 1799 589 1870 impudens
613 1814 667 1860 et
687 1805 1000 1864 deformiter
1033 1812 1172 1866 nuda
1193 1853 1210 1879 ,
1259 1823 1314 1868 ut
1362 1830 1481 1870 eam
1507 1859 1522 1883 ,
1567 1819 1898 1889 quantalibet

300 1889 427 1947 folia
451 1895 734 1951 verborum
762 1913 992 1956 consuas
1015 1943 1031 1968 ,
1062 1905 1278 1973 operire
1315 1923 1420 1962 non
1451 1910 1645 1979 possis.

370 1983 427 2040 6.
459 1985 502 2040 A
533 1988 824 2057 pictoribus
861 2008 948 2048 me
973 1993 1225 2052 didicisse
1260 1997 1504 2068 derides,
1543 2003 1686 2072 quod
1723 2003 1894 2060 Adam

295 2084 354 2130 et
381 2078 577 2134 mulier
617 2083 734 2150 ejus
783 2084 1029 2152 pudenda
1057 2092 1430 2162 contexerint;
1461 2105 1516 2150 et
1545 2095 1892 2154 Horatianum

292 2163 427 2222 illud
458 2167 800 2228 decantatum
823 2175 1010 2233 audire
1032 2194 1120 2235 me
1143 2183 1389 2252 przecipis
1411 2226 1427 2253 ,

1146 2277 1412 2326 Pictoribus
1433 2284 1583 2342 atque
1608 2282 1768 2342 poetis

416 2323 661 2382 Quidlibet
681 2327 891 2380 audendi
921 2334 1237 2411 semper-fuit
1259 2351 1397 2411 aequa
1426 2348 1656 2411 potestas.
1715 2405 1737 2411 _

1093 2397 1174 2458 (In
1196 2397 1514 2463 Arte
1528 2439 1544 2462 ,
1567 2415 1691 2455 vers.
1711 2405 1760 2466 9,
1789 2406 1886 2470 10).

209 2524 218 2533 ,
287 2465 406 2538 Ego
446 2485 580 2526 vero
621 2488 727 2543 non
769 2489 798 2528 a
840 2476 1049 2546 pictore
1090 2480 1326 2536 inanium
1378 2484 1700 2554 figurarum,
1733 2489 1826 2544 sed
1848 2465 1885 2545 va

283 2560 553 2630 scriptore
585 2563 884 2622 divinarum
910 2569 1069 2625 didici
1098 2572 1442 2644 Litterarum,
1475 2580 1596 2648 quia
1628 2580 1704 2636 illi
1729 2583 1885 2651 primi

283 2646 535 2706 homines
565 2662 849 2726 antequam
882 2671 1166 2728 peccarent
1193 2664 1319 2720 nudi
1348 2646 1521 2732 erant,
1548 2679 1602 2724 et
1623 2685 1726 2726 non
1755 2687 1886 2727 con-

289 2741 676 2802 fundebantur.
709 2749 766 2804 ln
797 2753 988 2820 quibus
1016 2755 1153 2810 absit
1183 2767 1241 2812 ut
1267 2767 1408 2814 tanta
1444 2761 1746 2818 innocentia
1774 2775 1879 2821 tam

284 2833 573 2906 impudens
594 2851 764 2897 esset:
787 2843 881 2898 sed
903 2846 1137 2902 nondum
1156 2849 1326 2905 inerat
1345 2852 1484 2921 quod
1503 2854 1742 2921 puderet.
1759 2857 1882 2912 Pec-

284 2941 568 3000 caverunt,
597 2935 965 3005 attenderunt,
988 2941 1336 3009 erubuerunt,
1365 2956 1688 3014 operuerunt
1724 2947 1879 3019 (Gen.

279 3039 340 3090 n,
371 3025 560 3092 25-11:,
595 3029 719 3098 il):
751 3039 804 3086 et
833 3032 1007 3088 adhuc
1021 3035 1243 3103 clamas,
1277 3056 1296 3090 ι
1327 3037 1466 3093 Nihil
1494 3040 1603 3095 illic
1628 3041 1880 3098 indecens

273 3133 585 3190 novumque
648 3135 955 3178 senserunt.
1003 3143 1024 3178 ι
1078 3125 1230 3182 Ηυηο
1279 3128 1440 3198 plane
1490 3130 1877 3200 impudentiam

272 3218 423 3266 tuam
469 3213 628 3267 nimis
668 3214 1072 3286 incredibilem,
1111 3219 1254 3275 absit
1284 3229 1342 3275 ut
1379 3221 1576 3288 dicam,
1611 3225 1785 3280 nullus
1817 3235 1870 3282 te

271 3303 556 3372 apostolus
591 3315 682 3360 aut
727 3309 1021 3377 propheta,
1061 3310 1155 3365 sed
1193 3326 1293 3367 nec
1335 3313 1506 3382 pictor
1531 3314 1744 3383 docuit,
1773 3333 1874 3374 nec

270 3402 454 3462 poeta.
489 3394 568 3449 llli
598 3397 796 3468 Quippe
828 3399 963 3468 ipsi,
991 3402 1185 3470 quibus
1217 3420 1236 3454 ‹
1265 3404 1530 3474 quidlibet
1557 3406 1815 3475 audendi,
1849 3428 1869 3462 ι

269 3485 413 3539 sicut
462 3485 735 3558 eleganter
763 3489 963 3544 dictum
994 3491 1228 3561 videtur,
1276 3513 1295 3546 c
1323 3510 1541 3565 semper
1579 3497 1676 3554 fuit
1721 3514 1873 3571 aequa

268 3583 545 3645 potestas;
586 3595 606 3629 ι
664 3578 1120 3636 eonfunderentur
1175 3584 1282 3640 tale
1337 3586 1536 3656 aliquid
1586 3589 1871 3648 ridendum

267 3666 478 3738 lingere
497 3709 512 3733 ,
543 3670 702 3740 quale
731 3680 783 3726 te
811 3672 1146 3728 credendum
1177 3689 1283 3730 non
1314 3675 1660 3734 confunderis
1682 3679 1872 3752 dispu-

268 3770 407 3817 tare.
442 3763 585 3818 Duas
613 3765 754 3819 enim
775 3767 933 3821 simul
964 3767 1288 3836 habitantes,
1320 3784 1545 3840 quarum
1589 3773 1756 3828 altera
1787 3784 1872 3830 est

265 3857 468 3928 Optima
490 3899 507 3924 ,
536 3859 703 3914 altera
734 3869 818 3914 est
837 3862 1090 3930 pessima,
1112 3863 1259 3918 velut
1284 3864 1423 3919 inter
1456 3879 1516 3921 se
1543 3868 1871 3924 convenien-

267 3958 352 4005 tes
379 3959 546 4021 atque
565 3952 895 4021 concordes,
924 3953 1286 4011 innocentiam
1331 3957 1538 4014 scilicet
1565 3968 1724 4030 atque
1764 3962 1868 4017 ἰηι-

265 4042 582 4114 pudentiam
610 4087 624 4109 ,
656 4046 836 4101 nullus
857 4047 1032 4117 pictor
1070 4049 1320 4120 pingere,
1366 4053 1545 4108 nullus
1597 4064 1752 4124 poeta
1777 4071 1869 4112 ca-

265 4151 398 4190 nere
416 4137 640 4194 auderet
675 4153 812 4194 :nec
853 4154 1039 4195 eorum
1085 4141 1364 4213 quisquam
1407 4143 1480 4199 ita
1513 4144 1582 4200 de
1618 4147 1866 4204 sensibus

263 4227 584 4299 desperaret
599 4229 866 4298 humanis,
896 4233 1130 4288 utetiam
1155 4233 1256 4288 hoe
1272 4235 1374 4290 sibi
1395 4235 1625 4292 audendi
1652 4253 1862 4308 aequam

261 4323 513 4378 crederet
569 4331 924 4394 potestatem,
974 4325 1069 4382 sed
1125 4325 1366 4384 insanam
1425 4329 1604 4400 potius
1654 4331 1865 4388 vanita-

263 4423 372 4472 tem
382 4457 396 4472 .

332 4511 388 4565 7.
415 4509 474 4564 In
500 4525 568 4566 eo
594 4526 725 4567 vero
763 4511 907 4583 quod
952 4512 1110 4583 aisti,
1160 4531 1182 4566 ι
1209 4513 1267 4572 Si
1315 4515 1393 4572 illi
1437 4516 1864 4590 interpretationi

260 4616 380 4672 qua:
411 4603 756 4674 perizomata,
788 4603 842 4658 id
873 4612 989 4671 est,
1042 4606 1416 4676 prmeinctoria
1461 4615 1676 4681 posuit,
1718 4610 1865 4668 fave-

259 4704 370 4761 tur,
407 4697 577 4751 latera
604 4697 772 4767 magis
801 4697 975 4752 dicam
1005 4707 1143 4754 tecta
1170 4697 1338 4756 fuisse
1377 4717 1534 4771 quam
1566 4701 1801 4770 femora;
1836 4722 1856 4757 ι

256 4792 496 4860 primum
550 4789 742 4856 doleo,
785 4791 863 4846 sic
914 4799 968 4846 te
1009 4791 1153 4847 abuti
1206 4807 1393 4848 eorum
1438 4795 1733 4865 ignorantia
1771 4797 1865 4865 qui

253 4900 433 4956 gricee
475 4885 750 4949 nesciunt,
792 4894 850 4940 ut
887 4900 1072 4940 eorum
1119 4886 1209 4956 qui
1252 4887 1426 4942 sciunt
1468 4887 1724 4958 judicium
1770 4905 1862 4946 re-

255 4979 464 5033 veritus
497 4992 604 5032 non
641 4977 734 5031 sis.
768 4975 873 5031 Sed
913 4977 1248 5032 commodius
1276 4977 1503 5043 accidit,
1535 4988 1592 5033 ut
1619 4980 1731 5050 ipsa
1762 4995 1862 5051 pe-

253 5070 522 5126 rizomata
571 5085 691 5140 qua:
744 5069 992 5139 leguntur
1028 5069 1080 5124 in
1122 5069 1395 5125 codicibus
1455 5071 1685 5141 grrecis,
1739 5080 1862 5127 tan-

254 5179 419 5235 quam
451 5162 677 5218 verbum
700 5177 811 5216 sum
839 5162 1033 5232 lingtue
1050 5177 1167 5217 mos
1189 5162 1386 5217 latinus
1408 5171 1650 5232 usurpet.
1669 5163 1864 5218 Proin-

252 5257 322 5312 de
347 5271 475 5312 cum
516 5257 842 5326 perizomatc
869 5255 886 5287 ¹
919 5270 1025 5310 non
1053 5253 1277 5323 femora,
1310 5255 1405 5311 sed
1447 5255 1614 5310 latera
1646 5257 1858 5322 contegi

251 5349 501 5420 potuisse
524 5347 843 5403 asseverasti
865 5388 881 5412 ,
915 5357 1045 5418 puto
1083 5347 1226 5418 quod
1259 5357 1309 5403 te
1333 5347 1495 5402 etiam
1525 5348 1642 5418 ipse
1669 5348 1855 5404 risisti.

252 5442 389 5509 Quis
413 5439 559 5496 enim
603 5439 793 5495 doetus
817 5439 901 5493 vel
947 5438 1193 5494 indoc1us
1217 5438 1460 5508 ignoret,
1489 5452 1623 5508 quas
1646 5439 1858 5508 perizo-

254 5542 401 5587 mata
430 5540 720 5602 conlegam
748 5531 994 5602 corporis
1021 5530 1242 5601 partes?
1271 5529 1412 5600 quod
1440 5544 1637 5585 nomen
1669 5531 1858 5600 tegmi-

257 5624 345 5678 nis
373 5623 537 5679 etiam
569 5623 618 5676 in
665 5623 979 5677 feminarum
1009 5622 1224 5676 dotibus
1251 5621 1576 5691 frequentari
1617 5629 1673 5676 et
1709 5621 1858 5676 aesti-

255 5714 398 5769 mari
425 5713 585 5776 solet,
613 5729 785 5784 neque
835 5712 889 5767 id
941 5712 1144 5782 alligari
1186 5711 1287 5766 nisi
1321 5728 1454 5766 zona
1485 5727 1605 5782 quae
1649 5713 1860 5768 lumbos

257 5806 447 5874 cingit.
474 5805 764 5874 Interroga,
798 5815 851 5861 et
878 5804 1058 5872 disce,
1087 5803 1228 5874 quod
1254 5813 1308 5859 te
1335 5819 1442 5861 non
1481 5805 1648 5861 credo
1676 5807 1857 5862 nesci-

326 5948 343 5979 ι
370 5946 509 6006 Εὐίιί,
535 5943 843 6018 perizomata.
883 5946 1184 6009 castigantur
1217 5942 1278 5994 ad
1309 5943 1562 5995 Vaticanos
1584 5950 1638 5996 et
1657 5941 1856 5998 Gallica-

260 6023 355 6062 nos
379 6015 741 6071 titanusa‘ipws.

1666 481 1865 540 LlBEll
1906 485 2220 554 QUINTUS.

3500 513 3608 580 786

2019 632 2098 672 re.
2127 618 2378 686 Quamvis
2408 625 2570 681 etiam
2595 625 2643 683 si
2662 628 2870 686 nescias
2889 675 2902 696 ,
2926 645 3031 688 non
3057 649 3228 706 usque
3263 636 3399 693 adeo
3432 648 3484 694 te
3509 655 3603 695 ar-

2018 707 2205 775 bitror,
2240 729 2343 768 non
2383 715 2668 774 humanum
2697 722 2998 794 eloquium,
3042 726 3136 781 sed
3186 727 3476 785 humanum
3508 731 3606 785 ha-

2021 801 2188 858 bitum
2236 807 2374 861 velle
2418 820 2754 880 pervertere,
2784 825 2838 869 ut
2865 819 3188 886 perizomata
3237 823 3395 876 etiam
3443 838 3606 893 snper

2015 893 2267 953 humeros
2289 899 2468 955 levare
2497 905 2740 971 coneris;
2766 915 2859 960 aut
2878 909 2956 962 eis
2979 909 3048 963 ita
3077 912 3244 966 latera
3265 913 3476 969 illorum
3507 915 3608 969 ho-

2013 989 2217 1046 minum
2241 993 2401 1049 fuisse
2439 1006 2704 1064 contecta,
2749 1008 2807 1054 ut
2836 1003 3082 1070 genitalia
3135 1015 3362 1077 toueque
3393 1009 3604 1062 lumbo:

2011 1096 2129 1136 rum
2190 1099 2310 1138 cmn
2370 1085 2660 1144 femoribus
2709 1101 2887 1161 partes
2939 1094 3094 1149 nudae
3144 1098 3598 1168 relinquerentur.

2011 1171 2145 1240 Quid
2177 1191 2304 1247 ergo
2344 1186 2395 1233 te
2421 1179 2670 1249 adjuvat,
2704 1193 2758 1238 et
2787 1199 2890 1238 non
2925 1201 3010 1240 me
3035 1188 3237 1258 potius,
3275 1205 3337 1244 ex
3371 1202 3601 1261 quanta-

2009 1265 2087 1318 vis
2109 1277 2260 1337 parte
2282 1272 2522 1340 corporis
2549 1274 2824 1342 superiore
2851 1276 3100 1331 inferiora
3133 1281 3302 1334 velata
3335 1284 3470 1346 sint,
3504 1284 3594 1339 ubi

2009 1352 2094 1408 lex
2117 1357 2167 1409 in
2187 1360 2442 1415 membris
2470 1377 2775 1434 repugnans
2811 1365 2912 1437 legi
2945 1368 3142 1422 mentis
3169 1369 3346 1440 (Rom.
3381 1389 3472 1436 vn,
3498 1373 3594 1436 9.5)

2005 1445 2198 1502 affectu
2226 1451 2559 1507 sentiebatur
2598 1456 2900 1524 amborum,
2934 1468 2987 1513 et
3022 1459 3233 1515 alterno
3263 1463 3600 1520 excitabatur

2005 1549 2244 1608 aspectu,
2268 1541 2687 1600 inobedientium
2728 1549 3043 1617 pravitatem
3074 1567 3184 1606 sua:
3219 1553 3597 1609 inobedientire

2006 1633 2242 1688 novitate
2262 1636 2633 1694 confundens?
2654 1642 2783 1708 Qua:
2808 1653 3007 1712 quanto
3031 1645 3389 1703 turbulentius
3413 1665 3596 1704 movec

2004 1719 2179 1789 batur,
2211 1733 2359 1782 tanto
2402 1731 2758 1787 verecundius
2785 1732 2975 1801 fieret;
3022 1736 3066 1790 si
3102 1753 3230 1792 caro
3277 1740 3430 1808 cujus
3475 1753 3594 1796 eam

2003 1813 2309 1870 stimulabat
2337 1828 2619 1888 aSpeetus,
2667 1823 2942 1892 aliquanto
2967 1826 3258 1894 spatiosius
3303 1831 3593 1885 velaretur.

2001 1902 2125 1960 Sive
2155 1905 2362 1976 igitura
2394 1909 2625 1977 lumbis,
2675 1913 2788 1969 sive
2832 1930 2862 1969 a
2905 1915 3162 1973 lateribus
3200 1919 3435 1976 demissa
3486 1922 3598 1977 sint

2002 1997 2235 2065 tegmina
2264 2039 2278 2064 ,
2312 2000 2558 2070 pudenda
2587 2013 2712 2059 sunt
2744 2015 2882 2062 tecta
2915 2025 2928 2063 :
2958 2024 3077 2078 qua:
3101 2010 3348 2082 pudenda
3377 2029 3480 2068 non
3511 2031 3598 2070 es-

1999 2097 2119 2140 sent
2137 2129 2152 2154 ,
2186 2089 2285 2143 nisi
2316 2091 2415 2162 legi
2443 2095 2639 2150 mentis
2667 2097 2748 2152 lex
2778 2100 2981 2168 peccati
3001 2101 3177 2157 invide
3199 2116 3524 2175 repugnaret
3548 2109 3592 2163 ί.

1997 2178 2102 2234 Sed
2132 2181 2218 2235 ubi
2248 2185 2529 2242 manifesta
2562 2204 2650 2244 res
2695 2199 2813 2259 est,
2855 2192 3148 2263 Scriptura:
3175 2195 3371 2252 divinae
3407 2201 3589 2256 sensui

1995 2280 2236 2327 nostrum
2261 2289 2478 2333 sensum
2505 2280 2702 2336 addere
2733 2299 2838 2337 non
2860 2283 3155 2342 debemus:
3178 2305 3282 2342 non
3308 2292 3447 2345 enim
3483 2293 3586 2348 hoc

1994 2362 2056 2416 ﬁt
2082 2362 2311 2420 humana
2354 2367 2687 2439 ignorantia,
2719 2373 2815 2428 sed
2859 2378 3277 2447 prussumptione
3310 2396 3584 2450 perversa.

1992 2454 2161 2510 Adam
2193 2465 2245 2511 et
2271 2459 2466 2515 mulier
2491 2462 2607 2532 ejus
2628 2504 2645 2531 ,
2669 2465 2758 2534 qui
2782 2465 2908 2520 nudi
2938 2478 3090 2523 erant
3118 2480 3241 2525 ante
3273 2486 3544 2541 peccatum
3563 2517 3578 2540 ,

1990 2556 2046 2602 et
2074 2564 2178 2604 non
2202 2551 2696 2624 confundebantur,
2748 2573 2873 2613 mox
2928 2570 2987 2614 ut
3029 2575 3420 2634 peccaverunt,
3453 2581 3588 2639 quas

1991 2648 2170 2708 partes
2197 2645 2438 2712 corporis
2467 2646 2768 2704 amicierint
2787 2692 2801 2716 ,
2835 2651 3222 2720 perizomatum
3254 2658 3472 2712 nomine
3493 2675 3586 2713 sa-

1991 2732 2058 2785 tis
2086 2732 2359 2790 evidenter
2386 2751 2699 2806 expressum
2721 2750 2825 2795 est.
2858 2741 3113 2799 Videmus
3142 2747 3269 2816 quid
3301 2750 3532 2804 texerint
3555 2767 3569 2803 :

1993 2825 2170 2880 nimia:
2201 2827 2520 2898 insipientia:
2562 2841 2646 2888 est
2694 2834 2870 2891 adhuc
2891 2853 3163 2908 quaerere,
3193 2843 3372 2896 nimia:
3401 2846 3580 2915 impu-

1987 2916 2181 2974 dentia:
2210 2920 2385 2977 adhuc
2412 2938 2607 2994 negare
2637 2927 2763 2996 quid
2801 2931 3086 2986 senserint.
3120 2933 3251 2987 Nam
3281 2944 3333 2988 tu
3361 2952 3576 3007 qttuqtlo

1986 3025 2108 3066 cum
2138 3013 2558 3072 obstinatissime
2584 3020 2943 3088 contradicas,
2980 3039 3148 3094 usque
3170 3027 3305 3082 adeo
3324 3030 3577 3096 judicasti

1985 3101 2116 3156 nihil
2138 3104 2280 3159 aliud
2303 3104 2550 3164 humanis
2570 3125 2854 3167 occurrere
2875 3116 3142 3184 sensibus,
3179 3120 3276 3172 nisi
3322 3123 3584 3192 concupi-

1984 3195 2296 3250 scentialem
2325 3208 2528 3254 motum
2559 3203 2939 3260 erubescentes
2957 3208 3075 3261 illos
3093 3209 3336 3266 homines
3357 3213 3406 3266 in
3425 3215 3577 3284 geni-

1983 3287 2179 3343 talibus
2219 3298 2402 3360 tegere
2426 3293 2691 3360 voluisse;
2725 3306 2780 3350 ut
2807 3300 3130 3366 perizomata
3159 3305 3364 3373 erigere
3395 3306 3460 3359 ad
3490 3307 3572 3362 la-

1982 3389 2094 3435 tera
2116 3384 2410 3450 conareris,
2429 3393 2519 3438 aut
2540 3388 2789 3454 operiens
2814 3389 2952 3445 latus
2979 3393 3066 3446 ubi
3094 3405 3404 3463 peccatores
3441 3401 3577 3456 nihil

1979 3472 2106 3528 mali
2127 3475 2362 3529 sensisse
2387 3479 2690 3546 contendis,
2720 3491 2813 3536 aut
2840 3482 3154 3540 deformiter
3181 3489 3408 3556 nudans,
3430 3494 3575 3562 quod

1978 3569 2147 3638 magis
2174 3570 2458 3639 tegendum
2487 3588 2607 3628 esse
2637 3577 2931 3631 censentis.

2050 3659 2276 3716 CAPUT
2303 3661 2393 3720 lli,
2417 3693 2486 3704 -—
2510 3665 2564 3719 8.
2600 3665 2796 3722 lnseris
2823 3670 2924 3723 alia
2958 3670 3024 3726 de
3053 3671 3189 3728 libro
3223 3690 3340 3730 meo
3371 3678 3530 3733 verba
3552 3722 3569 3746 ,

1977 3753 2066 3807 ubi
2111 3753 2238 3818 dixi,
2275 3773 2295 3806 ι
2323 3757 2502 3811 carnis
2533 3758 2950 3817 inobedieutiam
2999 3766 3325 3823 inobedicuti
3368 3769 3573 3828 homini

1977 3847 2286 3917 dignissime
2302 3851 2614 3906 retributam
2639 3869 2654 3918 ;
2684 3855 2806 3924 quia
2833 3855 3087 3925 injustum
3114 3868 3230 3913 erat
3264 3870 3322 3915 ut
3358 3863 3572 3918 obtem-

1976 3949 2255 4008 peraretur
2283 3955 2313 3994 a
2342 3957 2499 3997 servo
2528 3959 2655 4011 suo,
2699 3945 2753 3999 id
2799 3957 2882 4002 est
2910 3964 2937 4001 a
2970 3965 3197 4020 corpore
3237 3969 3368 4022 suo,
3393 3956 3440 4010 ei
3479 3958 3570 4027 qui

1975 4044 2082 4084 non
2107 4031 2571 4102 obtemperaverat
2589 4035 2810 4091 domino
2835 4054 2936 4094 suo
2971 4041 3017 4110 ι(
3027 4040 3102 4094 De
3130 4041 3342 4113 Nuptiis
3362 4057 3408 4099 et
3435 4047 3574 4102 Cou-

1973 4123 2312 4193 cupiscentia,
2359 4125 2446 4180 lib.
2497 4128 2562 4194 Ι,
2603 4145 2655 4182 n.
2708 4129 2762 4200 ’7)
2815 4146 2829 4184 :
2880 4139 2935 4186 et
2975 4135 3187 4189 conaris
3239 4139 3566 4207 ostendere,

1980 4234 2001 4268 ι
2034 4215 2173 4270 hanc
2228 4217 2642 4274 inobedieutiam
2706 4223 2883 4276 carnis
2936 4225 3114 4293 potius
3169 4241 3290 4281 esse
3339 4229 3572 4286 laudabi-

1973 4309 2102 4377 lem,
2145 4310 2190 4364 si
2222 4325 2378 4380 paana
2410 4315 2611 4382 peccati
2652 4325 2764 4380 est;
2797 4335 2815 4368 ι
2863 4325 2914 4371 et
2950 4326 3198 4388 tanquam
3231 4336 3456 4390 persona
3496 4326 3570 4380 sit

1970 4400 2176 4472 aliqua,
2227 4417 2346 4472 qum
2394 4413 2728 4473 peceatorem
2790 4408 3023 4464 scFenter
3062 4409 3283 4481 afﬂigat,
3334 4412 3412 4467 sic
3447 4430 3569 4471 eam

1977 4513 1997 4548 ι
2031 4496 2178 4552 velut
2203 4497 2449 4552 ultricem
2478 4499 2720 4567 sceleris,
2754 4509 2807 4556 et
2835 4502 2886 4555 in
2918 4503 3020 4558 hoc
3048 4503 3141 4558 Dei
3181 4505 3505 4576 ministram,
3541 4529 3562 4562 ι

1970 4594 2221 4659 tanquam
2255 4604 2502 4660 magnum
2526 4590 2738 4662 aliquod
2767 4592 2965 4648 bonum
3006 4595 3271 4651 cothurno
3296 4601 3565 4656 sermonis

1969 4694 2218 4735 exornas.
2250 4679 2358 4735 Nec
2383 4683 2585 4752 cogitas
2622 4699 2779 4753 posse
2811 4694 2860 4738 te
2889 4686 2992 4740 isto
3033 4689 3193 4741 modo
3220 4690 3440 4748 laudare
3467 4709 3567 4749 an«

1968 4773 2120 4844 gelos
2145 4772 2312 4828 malos
2337 4814 2352 4840 ,
2378 4775 2466 4843 qui
2489 4775 2673 4844 utique
2705 4791 2808 4829 non
2842 4787 2964 4832 sunt
2993 4780 3094 4833 nisi
3118 4785 3565 4850 prievaricatores

1968 4873 2130 4934 atque
2173 4864 2351 4934 impii,
2398 4880 2495 4934 per
2533 4881 2669 4936 quos
2720 4875 2896 4922 tamen
2933 4870 3096 4925 Deum
3126 4875 3343 4930 meritas
3377 4892 3564 4946 poenas

1969 4955 2206 5027 irrogare
2233 4956 2598 5026 peccantibus,
2625 4967 2808 5012 sancta
2845 4959 3120 5030 Scriptura
3161 4973 3421 5033 testatur,
3477 4969 3562 5023 di-

1967 5063 2095 5103 cens
2121 5067 2133 5104 :
2167 5047 2309 5102 Misit
2329 5049 2381 5102 in
2402 5065 2485 5102 eos
2512 5049 2645 5103 iram
2672 5050 3038 5122 indignationis
3081 5072 3206 5123 suae,
3253 5059 3566 5130 indignatio-

1890 5151 1894 5160 ‘
1967 5156 2083 5194 nem
2108 5149 2155 5194 et
2183 5141 2313 5193 iram
2338 5149 2384 5194 et
2423 5139 2822 5210 tribulationem,
2853 5144 3215 5202 immissionem
3245 5167 3334 5219 per
3358 5152 3564 5220 angelos

1966 5231 2128 5286 malos
2159 5230 2328 5303 (Paul.
2359 5248 2556 5299 Lxxvn,
2595 5233 2712 5305 49).
2750 5235 2931 5290 Lauda
2983 5240 3142 5294 etiam
3191 5240 3342 5306 istos,
3394 5241 3550 5296 lauda

1967 5340 2152 5380 eorum
2180 5324 2472 5395 principem
2504 5337 2743 5381 satanam
2767 5370 2782 5394 ,
2813 5330 2933 5399 quia
2962 5341 3017 5385 et
3059 5332 3172 5402 ipse
3216 5332 3405 5386 vindex
3437 5349 3561 5402 pec-

1965 5418 2070 5471 cati
2108 5416 2245 5484 fuit,
2269 5417 2483 5488 quando
2535 5419 2585 5474 ei
2634 5421 2852 5476 tradidit
2879 5421 3170 5492 Apostolus
3201 5423 3473 5480 hominem
3506 5429 3557 5480 in

1966 5509 2241 5563 interitum
2269 5509 2448 5564 carnis
2474 5509 2517 5580 (l
2544 5510 2737 5580 Conv,
2768 5513 2846 5587 5).
2880 5514 3043 5570 Valde
3063 5516 3205 5570 enim
3233 5516 3469 5575 disertus
3495 5535 3557 5575 es

1963 5609 2146 5657 contra
2174 5603 2398 5674 gratiam
2446 5603 2662 5668 ChriSIi,
2708 5616 2761 5661 et
2807 5606 3029 5661 idoneus
3055 5608 3234 5664 dicere
3269 5615 3559 5682 panegyri-

1963 5709 2085 5749 cum
2105 5705 2302 5750 satanm
2322 5706 2375 5751 et
2406 5699 2612 5768 angelis
2640 5700 2775 5768 ejus,
2813 5715 2909 5768 per
2935 5715 3072 5769 quos
3103 5703 3388 5760 multorum
3417 5706 3560 5764 Deus

1985 5827 2044 5897 ’.ξ
2067 5830 2279 5897 Quatuor
2305 5837 2333 5873 e
2357 5826 2590 5897 Vaticanis
2615 5833 2774 5897 .Mss..‘,_
2793 5824 2962 5897 itidem
2997 5839 3308 5897 repugmret.
3333 5835 3556 5897 Quintus,

1962 5884 2175 5937 ididem.
2201 5894 2330 5936 Unus
2355 5901 2418 5952 ex
2451 5886 2672 5952 Belgicis,
2707 5884 2903 5952 ibidem.
2943 5884 3456 5952 Puta'nt'iovanienses
3479 5884 3556 5947 re:

1962 5951 2160 6020 spicere
2181 5948 2580 6020 Augustinumad
2601 5948 2720 6020 illud
2739 5953 2898 6020 Jacobi
2921 5968 2987 6014 tv,
3009 5954 3042 6005 ὅ
3063 5968 3075 6004 :
3104 5955 3176 6005 Ad
3191 5948 3424 6008 invidiam
3441 5971 3556 6011 can-

1966 6007 2168 6065 citviscit
2183 6007 2378 6062 spiritus
2399 6007 2482 6070 qui
2499 6009 2678 6062 habitat
2700 6010 2750 6063 iu
2773 6012 2917 6066 vobis.
