4038 6478
1911 402 1929 429 ’Ἴ
1987 413 2267 444 Ἀ“ρ’·’”

394 552 503 616 ’187

393 667 566 742 iudex
608 675 767 736 atque
813 658 957 715 ultor
1001 664 1085 713 est
1130 660 1473 726 peccatorum
1498 692 1515 718 ,
1555 647 1859 705 retribuens
1911 643 1989 701 eis

396 736 697 819 secundum
723 765 884 824 opera
925 764 1019 805 sua
1040 789 1056 816 ,
1096 759 1192 801 eos
1217 744 1361 815 ipsos
1392 742 1658 814 pessimos
1686 747 1741 794 et
1767 736 1992 792 damna-

398 844 539 907 biles
558 846 777 917 spiritus
807 838 1198 914 puniendorum
1225 824 1482 907 supplicia
1507 831 1711 888 faciens
1731 872 1746 898 ,
1775 828 1866 901 qui
1897 826 1992 882 be-

397 957 471 1000 ne
495 943 744 1011 justeque
771 936 936 991 utitur
962 942 1016 988 et
1056 928 1215 986 bonis
1264 936 1319 985 et
1348 926 1522 983 malis.
1554 922 1792 980 Praedica
1836 920 1997 991 igitur

398 1010 766 1104 iniquissimas
805 1034 1131 1100 potestates,
1176 1022 1300 1094 quia
1339 1035 1435 1091 per
1482 1019 1626 1088 ipsas
1672 1014 1812 1070 mala
1838 1010 1996 1068 retri-

363 1194 366 1203 ,
399 1125 639 1183 buuntur
675 1120 832 1177 malis
857 1118 980 1189 :qui
1025 1124 1306 1186 propterea
1339 1106 1827 1185 concupiscentiam
1858 1118 1997 1195 prse-

366 1207 554 1316 ﬂ£dicas
596 1213 796 1278 carnis,
846 1211 970 1282 quia
1006 1204 1368 1263 inobedientia
1413 1200 1669 1257 retributa
1697 1206 1779 1253 est
1808 1195 1997 1251 inobe-

420 1309 455 1316 --
556 1308 569 1316 .
805 1313 812 1316 .
887 1305 896 1315 ι
970 1303 991 1316 ιι
1101 1300 1133 1316 l,
1167 1300 1177 1310 ·
1224 1300 1234 1311 ο
1298 1315 1305 1316 ,
1334 1313 1396 1316 _A-
1421 1309 1595 1316 ___..-...
1621 1292 1835 1316 C-.‘.IA.~‘
1879 1289 1994 1316 ιιι-ζει

345 1289 619 1366 ’³⁸ὰίθηιίίη
636 1305 950 1379 peccatoris.
970 1300 1148 1357 Lauda
1167 1300 1403 1370 iniquum
1420 1309 1599 1366 regem
1621 1292 1861 1357 Saﬁlem,
1877 1289 1997 1360 quia

363 1384 458 1457 ﬁet
486 1403 599 1470 ipse
629 1399 728 1454 fuit
760 1411 918 1468 paena
951 1392 1302 1465 peccantium,
1337 1387 1563 1444 Domino
1592 1385 1829 1452 dicente,
1865 1379 1998 1453 Dedi

378 1562 385 1567 .
409 1495 496 1549 tibi
514 1510 679 1565 regem
701 1490 755 1545 in
772 1486 858 1543 ira
884 1504 996 1542 mea
1013 1484 1167 1558 (Osee
1186 1500 1305 1551 xm,
1332 1480 1445 1552 ii).
1475 1472 1655 1535 Lauda
1673 1470 1997 1532 daemonium

412 1587 549 1659 quod
573 1601 671 1641 rex
697 1584 811 1655 ipse
839 1581 1135 1653 patiebatur
1155 1579 1197 1650 (ι
1219 1577 1346 1650 Reg.
1375 1591 1486 1649 xvi,
1524 1573 1610 1645 14)
1628 1615 1643 1642 ,
1673 1572 1795 1659 quia
1817 1579 1874 1625 et
1901 1568 2003 1623 hoc

407 1693 564 1779 pecua
594 1678 768 1734 fuerat
800 1673 1115 1761 peccatoris.
1143 1670 1324 1755 Lauda
1353 1658 1650 1723 caecitatem
1681 1650 1860 1718 cordis
1883 1675 2003 1733 qua:

676 1769 694 1779 α
825 1769 876 1779 ι.
919 1771 938 1779 -
1004 1776 1011 1779 .
1157 1773 1169 1779 -
1216 1760 1262 1779 ιν
1309 1777 1319 1779 _
1375 1767 1579 1779 ._--._-_
1621 1755 1861 1779 ----..ΑΙ.
1903 1751 1974 1779 III.

413 1751 471 1832 rta:
495 1781 639 1848 parte
667 1752 837 1848 Israel
862 1770 880 1801 ¹
909 1771 1047 1841 facta
1095 1773 1187 1820 est.
1216 1751 1327 1818 Nec
1374 1767 1579 1816 tacetur
1616 1769 1782 1828 quare
1800 1755 1822 1787 ¹
1847 1770 1863 1807 :
1892 1751 2004 1806 Do-

409 1842 507 1949 ?ec'
531 1846 813 1935 plenitudo,
846 1859 1037 1943 inquit,
1067 1854 1307 1937 Gentium
1325 1853 1537 1907 intraret
1568 1846 1744 1935 (Rom.
1776 1861 1854 1911 x1,
1881 1842 1998 1931 25).

410 1938 521 2018 Nisi
542 1956 679 2012 forte
700 1964 755 2012 et
782 1938 937 2013 istam
969 1964 1181 2029 poenam
1219 1945 1438 2025 negabis
1464 1958 1605 2013 esse,
1633 1955 1815 2025 quam,
1841 1938 1888 1994 si
1914 1938 2001 1993 lu-

410 2051 489 2125 ris
518 2051 746 2105 interna:
793 2055 1002 2123 amator
1039 2057 1211 2106 esses,
1252 2046 1358 2103 non
1386 2037 1558 2097 solum
1605 2034 1872 2106 aliquam,
1911 2030 2006 2087 sed

409 2124 567 2207 valde
588 2155 832 2215 magnam
860 2152 1074 2223 pinnam
1099 2149 1220 2212 esse
1246 2133 1529 2209 clamores.
1562 2128 1634 2223 At
1661 2126 1764 2182 ista
1790 2124 2006 2199 creeitas

409 2233 514 2292 fuit
543 2236 599 2289 in
638 2232 838 2289 Judmis
864 2214 1084 2307 grande
1112 2222 1502 2303 incredulitatis
1529 2214 1727 2275 malum
1756 2225 1812 2274 et
1841 2230 2007 2289 gran-

411 2326 496 2383 dis
514 2339 672 2382 causa
701 2312 928 2403 peccati,
962 2330 1019 2374 ut
1044 2317 1354 2374 occiderent
1380 2308 1677 2391 Christum.
1709 2308 1871 2365 Istam
1901 2323 2007 2381 ca:-

410 2420 627 2474 citatem
650 2416 671 2448 ³
693 2417 738 2472 si
768 2429 985 2489 poenam
1015 2412 1179 2471 fuisse
1209 2406 1508 2483 negaveris,
1541 2403 1771 2461 similem
1800 2411 1852 2458 te
1882 2417 2008 2474 per-
2047 2423 2062 2436 ο

407 2514 527 2609 peti
556 2512 715 2568 etiam
753 2528 857 2566 non
892 2508 1155 2565 confitens
1182 2502 1461 2581 iudicabis.
1501 2502 1559 2575 Si
1585 2511 1765 2557 autem
1796 2513 2010 2573 poenam

410 2593 626 2678 quidem
654 2604 849 2671 fuisse,
883 2601 977 2673 sed
1020 2599 1223 2691 peccati
1269 2613 1484 2675 pinnam
1519 2611 1624 2651 non
1670 2593 1838 2665 fuisse
1881 2608 2011 2661 cuu-

409 2686 633 2763 tettdis;
666 2696 879 2752 interim
908 2682 1094 2767 fateris
1122 2690 1263 2765 quod
1282 2682 1457 2763 unum
1504 2686 1705 2763 aliquid
1740 2696 1796 2742 et
1823 2700 2012 2769 pecca-

408 2798 529 2846 tum
556 2803 676 2845 esse
696 2785 865 2859 possit
884 2794 939 2842 et
961 2799 1121 2863 poena
1145 2802 1159 2838 :
1187 2784 1233 2859 si
1262 2793 1440 2857 autem
1466 2795 1574 2855 non
1604 2772 1688 2835 est
1716 2778 1833 2853 haec
1852 2792 2013 2865 poena

411 2881 663 2955 peccati,
695 2878 933 2952 profecto
967 2877 1149 2965 iniqua
1176 2890 1336 2963 pana
1365 2882 1471 2953 est,
1503 2881 1559 2929 et
1599 2871 1855 2949 iniustum
1882 2870 2012 2939 lacis

411 2973 609 3043 Deum,
639 2988 745 3046 quo
765 2971 988 3049 iubente
1013 2961 1100 3024 vel
1128 2961 1374 3043 sinente;
1422 2976 1514 3037 aut
1561 2961 1855 3039 infirmum,
1905 2975 2015 3035 quo

360 3110 367 3116 .
412 3082 527 3123 non
556 3074 851 3130 avertente,
883 3062 1141 3143 inﬂigitur
1184 3054 1526 3137 innocenti‘.
1556 3055 1711 3141 Quod
1760 3056 1804 3129 si
1853 3054 2015 3131 etiam

414 3172 635 3233 poenam
662 3157 863 3229 peccati
887 3136 1310 3221 esse‘concedis,
1342 3166 1410 3206 ne
1441 3150 1544 3227 hoc
1566 3136 1675 3225 non
1705 3136 2014 3221 conceden-

417 3228 493 3308 do
515 3251 537 3284 '
565 3258 621 3307 ιιι
647 3250 761 3325 ipse
798 3248 961 3323 corde
993 3238 1174 3323 caecus
1221 3259 1513 3323 appareas;
1548 3243 1670 3331 vide
1712 3230 1823 3317 jam
1871 3240 2017 3329 qaud

415 3344 606 3407 videre
649 3343 909 3417 nolebas,
960 3341 1117 3419 istam
1159 3355 1323 3420 quam
1379 3338 1596 3413 movisti
1628 3326 1869 3413 solutam
1896 3326 2019 3417 esse

419 3437 772 3512 quaestionem
802 3453 817 3491 :
845 3435 967 3517 quia
988 3435 1127 3517 sicui
1156 3420 1403 3507 diabolus
1429 3440 1589 3505 atque
1616 3429 1791 3501 angeli
1816 3429 1936 3505 ejus
1960 3436 2019 3497 et,

416 3530 548 3588 mali
573 3543 750 3601 reges,
786 3512 891 3583 non
922 3512 1097 3582 solum
1129 3524 1233 3598 ipsi
1280 3533 1595 3599 peccatores
1625 3530 1770 3590 sunt,
1800 3520 1894 3591 sed
1924 3536 2020 3609 per

414 3624 679 3698 justitiam
728 3622 822 3678 Dei
852 3620 987 3696 fiunt
1010 3618 1175 3677 etiam
1203 3615 1465 3697 supplicia
1517 3624 1891 3698 peccatosutu,
1920 3628 2021 3687 nec

417 3696 547 3774 ideo
574 3714 729 3773 laude
757 3721 883 3769 sunt
907 3711 1087 3787 digni,
1113 3710 1239 3781 quia
1266 3722 1424 3781 ptem
1452 3722 1521 3762 ex
1571 3696 1852 3793 illis‘iusta
1875 3698 2020 3776 iniii-

418 3807 567 3880 gitur
585 3807 790 3879 dignis;
818 3804 899 3860 sic
922 3804 1010 3859 lex
1038 3803 1093 3857 in
1120 3798 1378 3857 membris
1405 3814 1713 3872 repugnans
1737 3798 1840 3873 legi
1870 3813 2022 3869 men-

420 3900 496 3983 tis
511 3939 529 3967 ,
551 3913 658 3954 non
686 3897 811 3954 ideo
832 3898 943 3969 ipsa
958 3894 1101 3966 juste
1122 3892 1253 3966 agit,
1283 3891 1408 3964 quia
1436 3888 1552 3971 ejus
1572 3888 1664 3969 qui
1689 3890 1799 3961 egit
1825 3888 2023 3973 iniuste

420 4007 588 4066 paena
617 3991 679 4046 fit
717 3990 886 4065 justa.
918 3988 987 4045 Et
1023 3988 1165 4044 sicut
1192 3985 1406 4061 caecitas
1438 3982 1639 4057 cordis,
1685 3998 1844 4057 quam
1876 3981 2025 4061 solus

426 4092 676 4163 removet
700 4081 1033 4153 illuminator
1079 4079 1241 4155 Deus,
1284 4085 1340 4135 et
1386 4084 1667 4159 peccatum
1707 4082 1810 4144 est,
1838 4090 1945 4151 quo
1971 4075 2024 4147 in

424 4177 602 4263 Deum
630 4191 737 4252 non
784 4173 1059 4241 creditur;
1099 4181 1154 4229 et
1199 4185 1361 4244 pinna
1395 4168 1622 4263 peccati,
1649 4183 1756 4259 qua
1795 4184 1891 4239 cor
1936 4184 2027 4249 su:

424 4262 653 4353 perbum
707 4266 867 4341 digna
913 4261 1381 4321 animadversione
1404 4254 1413 4263 ’
1440 4254 1696 4339 punitur;
1752 4254 1808 4315 et
1863 4274 2025 4349 causa

423 4363 655 4439 peccati,
673 4378 794 4431 cum
824 4360 948 4439 mali
970 4357 1170 4433 aliquid
1198 4356 1327 4414 caeci
1355 4354 1535 4428 cordis
1556 4369 1741 4427 errore
1770 4353 2023 4431 commit.-

426 4456 561 4513 titur
590 4471 606 4510 :
637 4456 710 4512 ita
751 4451 1184 4529 concupiscentia
1212 4449 1412 4525 carnis,
1444 4448 1707 4525 adversus
1736 4462 1896 4519 quam
1932 4447 2028 4521 b'o-

428 4530 535 4625 nus
583 4545 921 4623 concupiscit
953 4544 1199 4631 spiritus,
1230 4550 1286 4605 et
1332 4547 1614 4627 peccatum
1644 4547 1749 4606 est,
1780 4538 1904 4619 quia
1945 4538 2028 4617 in-

431 4650 518 4698 est
543 4642 619 4698 illi
674 4635 1039 4707 inobedientia
1074 4644 1262 4692 contra
1307 4633 1642 4691 dominatum
1686 4633 1922 4707 mentis;
1970 4639 2027 4707 et

428 4749 591 4807 pmna
618 4734 819 4805 peccati
848 4741 952 4803 est,
983 4731 1107 4807 quia
1133 4728 1342 4786 reddita
1364 4735 1449 4783 est
1478 4726 1686 4782 meritis
1716 4724 2029 4787 inobedien-

429 4827 533 4895 tis;
563 4834 618 4882 et
640 4840 799 4883 causa
822 4812 1024 4898 peccati
1048 4832 1129 4893 est
1149 4862 1168 4892 ,
1196 4818 1498 4877 defectione
1526 4817 1915 4901 consentientis
1941 4816 2027 4903 vei

430 4910 753 4989 contagione
776 4915 1067 4989 nascentis.
1676 4916 1677 4919 ‘

506 5009 563 5067 9.
594 5007 827 5085 Proinde
854 5008 1031 5091 omnia
1062 5020 1181 5079 quae
1206 5018 1307 5096 pro
1342 5002 1445 5075 bac
1470 5012 1559 5077 tua
1589 5016 1731 5085 caeca
1756 5008 1813 5085 et
1839 5000 2026 5071 incon-

432 5103 668 5175 siderata
693 5100 948 5177 Opinione
972 5097 1176 5175 dixisti,
1203 5093 1307 5168 qua
1334 5094 1512 5161 carnis
1540 5093 2027 5169 concupiscentiam

431 5210 501 5253 eo
530 5196 651 5268 ipso
677 5180 820 5275 quod
848 5206 966 5267 eam
997 5204 1210 5265 postiam
1248 5186 1482 5267 disirpus
1514 5201 1635 5267 esse
1661 5176 1886 5261 peccati,
1919 5201 2027 5259 non

434 5289 610 5347 solum
647 5301 757 5367 noa
799 5280 1242 5371 vituperandam,
1285 5296 1474 5359 verum
1519 5280 1679 5349 etiam
1709 5275 2027 5351 laudandam

498 5549 520 5583 ⁸
535 5553 680 5619 um,
691 5546 745 5600 in
762 5544 939 5619 ist-aet.
956 5545 1133 5619 abest,
1246 5540 1311 5593 ab
1328 5539 1474 5592 editis
1486 5537 1597 5613 aliis
1613 5544 1667 5591 et
1687 5545 1814 5600 Mss,
1837 5548 2029 5587 necnon

435 5606 811 5708 sgrseoo’textu
829 5606 1059 5673 Apostoli.
1120 5606 1125 5607 ⁷
1158 5608 1161 5619 “
1212 5667 1224 5680 .
1508 5606 1531 5613 ’⁷
1913 5662 1924 5674 .

536 5673 674 5733 Editl,
696 5680 792 5739 Nec
814 5677 999 5739 tacetur
1022 5669 1085 5731 de
1102 5670 1317 5739 οῳςιιαξε
1333 5663 1500 5739 Israel.
1520 5660 1718 5731 Quare?
1739 5667 2031 5727 auctoritate

436 5718 1008 5798 ιδεξῖἓῶἓῶῐέζῶ
1023 5718 1244 5798 ξὲῐεὲἐὶᾶἐέ
1270 5718 1440 5780 isrtiei.

502 5799 525 5831 ⁸
541 5788 617 5871 ἐς·
637 5802 851 5871 citet-,1
867 5788 981 5861 Ihm.
1015 5793 1163 5855 “tam
1194 5798 1479 5871 (mutatmn-
1504 5791 1672 5864 Δῠοβιν
1695 5798 1824 5857 ωηο
1843 5788 1905 5851 ab
1925 5795 2028 5845 Mn-

438 5858 974 5973 o‘giaugiﬁgslzov"
1008 5916 1196 5973 nocenti
1219 5930 1237 5970 :
1258 5931 1355 5969 non
1377 5924 1534 5969 recte.

503 5982 529 6017 ι
844 5956 1650 6056 ωδξῗεδῆξέαξῇᾶέῖῖέδὴιεω
1684 5974 1917 6052 parum
1938 5987 2031 6029 ne-

434 6049 611 6111 gante,
630 6055 741 6108 quae
762 6039 861 6096 illic
885 6049 1049 6095 exstat
1070 6044 1119 6092 in
1137 6040 1332 6095 exteris
1351 6039 1506 6095 libris.

1197 535 1472 597 CONTRA
1507 528 1848 593 JULIANUM
1884 522 2354 615 PELAGIANUM,
2396 523 2456 580 S.
2494 520 2865 580 AUGUSTINI

2097 638 2315 714 putasti,
2357 636 2648 727 quamlibet
2676 637 2878 733 prolixa
2908 635 3266 731 disputatione
3293 634 3346 695 in
3376 648 3446 719 eq
3477 635 3495 669 ¹
3526 636 3700 719 fueris

2099 718 2437 799 inunoratus,
2491 712 2772 799 evanuisse
2818 712 3175 786 certissimttm
3221 737 3323 785 est.
3369 712 3504 813 Nam
3548 712 3701 809 quod

2101 825 2242 893 aisti,
2274 824 2335 881 Si
2366 822 2521 879 libido
2552 839 2701 895 paena
2741 821 2929 909 peccati
2972 830 3076 885 est,
3110 820 3444 905 abjicieudam
3473 837 3577 901 esse
3602 838 3706 911 Pu-

2104 916 2356 985 dicitiam,
2385 933 2448 972 ne
2471 916 2670 971 rebellis
2696 916 2749 970 in
2781 914 2939 969 Deum
2970 914 3175 968 castitas
3208 912 3408 967 illatam
3436 913 3498 967 ab
3528 929 3584 987 eo
3614 912 3672 967 di
3680 942 3705 954 -

2103 1016 2251 1063 catur
2274 1023 2509 1063 enervare
2535 1007 2833 1062 sententiam
2856 1045 2871 1072 ,
2922 1014 2976 1083 et
3014 1013 3204 1059 cretera
3251 1002 3553 1073 huiusmodi
3580 1018 3710 1077 quzp

2103 1098 2246 1156 banc
2297 1099 2583 1154 vanitatem
2634 1080 3012 1167 consequentia
3069 1103 3228 1165 atque
3284 1092 3406 1169 hinc
3436 1080 3441 1089 ’
3476 1094 3705 1173 religata

2104 1191 2354 1248 contexis
2383 1208 2396 1243 :
2430 1189 2650 1245 totidem
2693 1188 2869 1243 verbis
2916 1187 2984 1243 de
3022 1187 3261 1242 caecitate
3299 1185 3477 1240 cordis
3517 1200 3709 1241 errore

2106 1282 2383 1353 simillimo
2411 1279 2515 1336 dici
2546 1287 2737 1351 potest,
2778 1277 2835 1347 Si
2865 1278 3077 1334 cmcitas
3106 1277 3283 1333 cordis
3314 1292 3466 1351 poena
3496 1278 3707 1348 peccati

2108 1385 2212 1441 est,
2243 1364 2810 1446 abjicienda'doctrlna
2832 1413 2847 1438 ,
2879 1386 2945 1426 ne
2974 1370 3193 1426 rebellis
3223 1371 3275 1425 in
3308 1354 3475 1425 Deum
3507 1371 3710 1425 mentis

2107 1467 2424 1541 illuminatio
2450 1466 2646 1535 illatam
2668 1464 2736 1520 ab
2760 1480 2825 1520 eo
2853 1463 3063 1519 dicatur
3081 1478 3336 1541 enervare
3358 1462 3704 1519 sententiam.

2107 1560 2261 1633 Quod
2289 1561 2332 1615 si
2362 1557 2803 1635 absurdissimum
2829 1564 2914 1612 est
2940 1554 3141 1617 dicere.
3178 1536 3421 1625 quamvis
3449 1540 3517 1631 sit
3543 1554 3708 1609 caeci-

2110 1660 2193 1707 tas
2221 1634 2400 1707 cordis
2428 1665 2583 1720 pnena
2615 1648 2846 1725 peccati;
2875 1662 2942 1703 eo
2967 1648 3127 1717 modo
3163 1634 3601 1725 absurdissimum
3623 1655 3712 1702 est

2109 1744 2271 1800 etiam
2319 1741 2462 1814 quod
2512 1722 2633 1812 ipse.
2662 1722 2863 1806 dixisti,
2913 1739 3152 1811 quamvis
3181 1739 3250 1809 sit
3280 1726 3462 1817 iibido,
3600 1746 3708 1805 est,

2108 1834 2470 1893 inobedientia
2509 1835 2686 1891 carnis
2717 1846 2872 1907 paena
2902 1832 3126 1904 peccati.
3162 1831 3423 1899 Quoniam
3475 1831 3710 1892 cmcitati

2110 1927 2290 1984 cordis
2304 1926 2466 1983 debet
2484 1926 2737 2000 resistere
2756 1918 2999 1997 scientia,
3027 1935 3081 1981 et
3106 1924 3311 1980 libidini
3341 1924 3668 2001 continentia
3691 1942 3708 1979 :

2110 2035 2231 2077 eam
2258 2036 2387 2076 vero
2412 2034 2624 2109 pcenam
2655 2034 2775 2093 quae
2801 2033 2901 2074 nec
2933 2033 3084 2073 error
3107 2012 3323 2084 est,nec
3350 2016 3533 2083 libido,
3549 2015 3710 2099 debet

2112 2115 2343 2172 tolerare
2368 2090 2645 2187 patientia.
2673 2090 3043 2183 Quapropter,
3083 2111 3295 2183 quando
3334 2096 3446 2166 Deo
3473 2090 3711 2183 donante

2113 2225 2184 2267 ex
2207 2224 2334 2266 vera
2362 2209 2558 2264 vivitur
2585 2206 2711 2277 fide,
2739 2194 2855 2291 ipse
2882 2206 3021 2261 Deus
3047 2203 3199 2261 adest
3222 2212 3276 2260 et
3303 2204 3468 2260 menti
3506 2198 3712 2258 illumi4

2113 2301 2329 2369 nandse,
2362 2311 2418 2359 et
2455 2297 2903 2378 concupiscentiae
2954 2297 3290 2369 superanda,
3343 2305 3399 2365 et
3448 2295 3714 2365 molestia:

2115 2393 2468 2468 perferenda.
2517 2392 2629 2449 Hoc
2665 2392 2810 2448 enim
2866 2399 3035 2448 totum
3089 2400 3234 2445 recte
3278 2389 3359 2456 iit,
3411 2387 3625 2460 quando
3656 2386 3716 2441 iit

2115 2496 2336 2560 propter
2362 2488 2574 2559 ipsum,
2615 2485 2670 2542 id
2711 2493 2823 2552 est,
2870 2483 3083 2556 quando
3110 2484 3275 2556 gratis
3302 2491 3513 2538 amatur
3550 2484 3711 2552 ipse:
3804 2516 3813 2523 ο

2116 2579 2291 2651 qualis
2319 2593 2470 2634 amor
2498 2576 2654 2635 nobis
2676 2590 2796 2633 esse
2819 2565 2926 2631 non
2950 2583 3142 2645 potest,
3173 2574 3276 2629 nisi
3301 2588 3365 2630 ex
3394 2574 3530 2645 ipso.
3561 2571 3684 2627 Alio
3705 2600 3718 2616 ο

2118 2672 2248 2743 quin
2279 2670 2493 2742 quando
2520 2669 2623 2726 sibi
2648 2668 2809 2723 homo
2833 2668 3056 2723 multum
3083 2667 3278 2737 placet,
3307 2674 3362 2722 et
3391 2665 3457 2721 de
3481 2679 3575 2720 sua
3597 2664 3716 2718 vir-

2117 2770 2235 2819 tute
2262 2762 2519 2829 conlidit,
2550 2761 2595 2817 si
2628 2759 2857 2816 traditur
2883 2758 2936 2814 in
2963 2755 3231 2814 desideria
3255 2756 3519 2828 superbia:
3555 2770 3669 2811 suae
3692 2797 3709 2831 ,

2120 2860 2273 2908 tanto
2314 2854 2545 2924 amplius
2587 2860 2811 2924 augetur
2840 2849 2944 2907 boe
2971 2850 3191 2916 malum,
3219 2856 3421 2920 quanto
3451 2849 3624 2919 magis
3664 2847 3717 2903 ei

2120 2943 2439 3015 cupiditates
2465 2953 2679 2999 caeteras
2706 2942 3006 3010 cesserint,
3035 2954 3234 3012 easque
3254 2939 3404 2996 velut
3432 2937 3719 2995 laudabilis

2121 3036 2263 3093 hanc
2290 3052 2450 3093 unam
2478 3035 2797 3092 obiectando
2826 3033 3227 3105 compresserit.

2195 3133 2286 3189 10.
2314 3132 2467 3201 Quod
2499 3145 2629 3202 ergo
2658 3131 2712 3186 in
2761 3129 2878 3185 aliis
2918 3128 3187 3201 opusculis
3239 3125 3373 3182 meis
3420 3125 3615 3197 legisse
3666 3136 3721 3179 te

2122 3228 2279 3297 dicis,
2312 3235 2471 3298 atque
2513 3226 2566 3281 id
2613 3223 2807 3280 frustra
2838 3222 3074 3279 refutare
3096 3228 3320 3277 conatus
3344 3234 3428 3287 es,
3455 3234 3563 3274 esse
3590 3232 3727 3272 ncn-

2123 3321 2269 3377 nulla
2297 3327 2501 3391 peccata
2528 3333 2643 3391 qua:
2662 3330 2825 3389 paene
2838 3316 2939 3372 sint
2965 3315 3119 3369 etiam
3139 3321 3455 3385 peccatorum
3482 3309 3588 3385 (De
3607 3308 3728 3365 Na-

2126 3422 2243 3468 tura
2267 3421 2312 3466 et
2330 3409 2529 3477 Gratia,
2552 3425 2607 3463 η.
2625 3407 2744 3476 25);
2759 3406 3004 3477 deposito
3020 3404 3265 3460 vincendi
3290 3401 3466 3460 studio
3491 3400 3726 3473 diligen-

2125 3512 2211 3559 ter
2247 3493 2497 3567 attende,
2529 3507 2583 3556 et
2622 3498 2863 3553 invenies
2890 3511 3010 3553 esse
3039 3495 3381 3551 verissimum
3426 3490 3723 3548 secundum

2130 3610 2193 3652 ea
2223 3610 2342 3667 qttre
2368 3593 2436 3649 de
2474 3591 2918 3668 cordis‘caacitate
2946 3597 3169 3645 tractata
3214 3596 3355 3643 sunt.
3397 3585 3534 3656 Quid
3577 3585 3726 3668 enim

2127 3662 2309 3760 egisti,
2338 3699 2520 3758 quasso
2547 3692 2620 3753 te,
2650 3664 2778 3755 quid
2806 3682 2980 3755 egisti,
3005 3676 3477 3738 commemorando
3506 3662 3728 3760 apostoo'

2127 3756 2288 3836 licum
2316 3756 2701 3842 testimonium,
2743 3789 2851 3846 quo
2891 3788 2993 3846 ego
3037 3772 3167 3829 illud
3209 3771 3455 3844 probavi,
3494 3756 3642 3840 quod
3670 3768 3726 3823 in

2130 3872 2234 3927 alia
2287 3884 2408 3926 mea
2449 3867 2813 3939 disputatione
2861 3865 3059 3936 legisti,
3118 3864 3239 3935 quia
3280 3862 3350 3918 de
3402 3859 3727 3932 quibusdam

2131 3964 2346 4035 scripsit
2375 3961 2580 4027 dicens,
2611 3958 2853 4014 Tradidit
2892 3958 3011 4013 illos
3052 3955 3190 4013 Deus
3216 3957 3271 4010 in
3296 3952 3567 4026 reprobum
3605 3970 3729 4008 sen-

2130 4075 2266 4126 sum,
2293 4066 2347 4112 ut
2370 4056 2560 4129 faciant
2584 4070 2700 4126 quin
2716 4069 2818 4108 non
2841 4051 3183 4110 conveniunt?
3208 4049 3322 4105 Hoc
3343 4047 3485 4104 enim
3510 4045 3731 4102 voluisti

2132 4148 2305 4205 videri
2334 4147 2718 4220 hyperbolin
2740 4145 2942 4202 dictum
2982 4160 2995 4197 :
3023 4141 3164 4214 quod
3192 4140 3251 4196 ﬁt
3276 4155 3398 4196 cum
3425 4137 3493 4192 ad
3512 4149 3733 4208 ρει-πηο-

2131 4242 2335 4299 vendes
2360 4241 2587 4303 animos,
2623 4238 2782 4294 ﬁdem
2808 4246 2988 4292 rerum
3014 4235 3103 4305 qui
3133 4231 3539 4296 sermocinatur,
3568 4226 3737 4284 exce-

2132 4335 2230 4391 dit.
2250 4334 2353 4392 Ubi
2374 4348 2502 4404 ergo
2527 4332 2580 4391 id
2611 4330 2901 4404 Apostolus
2931 4325 3136 4395 Ieeerit,
3155 4341 3260 4382 non
3286 4325 3523 4397 graveris
3545 4332 3736 4379 osten-

2134 4428 2285 4484 dere.
2317 4427 2447 4482 Cum
2471 4425 2806 4491 inveheretur,
2840 4422 3044 4494 inquis,
3076 4422 3129 4477 in
3158 4422 3431 4490 impiorum
3472 4419 3691 4473 crimina
3711 4460 3728 4487 ,

2134 4533 2398 4591 pannum:
2425 4534 2485 4573 ea
2512 4515 2798 4571 nominibus
2827 4516 3137 4587 aggravavit,
3166 4520 3508 4583 quantumque
3537 4509 3732 4580 pectori

2134 4628 2228 4667 suo
2252 4611 2491 4666 virtutum
2519 4610 2743 4667 omnium
2766 4606 3022 4663 domicilio
3040 4598 3301 4676 turpitudo
3318 4604 3541 4659 horreret
3556 4614 3733 4658 osten-

2135 4702 2283 4771 dens,
2313 4719 2414 4757 non
2441 4712 2543 4756 tant
2578 4716 2692 4756 reos
2713 4716 2863 4771 quam
2892 4699 3158 4754 damnatos
3178 4697 3273 4753 sibi
3299 4697 3426 4752 tales
3452 4697 3523 4750 ait
3547 4696 3732 4751 videri.

2135 4794 2250 4850 imo
2273 4835 2289 4863 ,
2327 4793 2467 4849 sicut
2493 4792 2609 4863 ipse
2635 4791 2890 4863 loquitur,
2919 4806 3026 4845 non
3052 4790 3189 4845 sicut
3218 4803 3339 4844 eum
3373 4796 3427 4842 tu
3456 4788 3599 4859 loqui
3628 4786 3736 4843 tin-

2135 4884 2237 4956 gis,
2270 4891 2326 4940 et
2347 4882 2632 4939 damnatos
2661 4880 3050 4939 demonstravit
3076 4891 3130 4936 et
3155 4895 3296 4947 reos,
3336 4894 3434 4935 nec
3462 4879 3640 4934 solum
3668 4879 3739 4937 de

2134 4978 2422 5050 pmteritis
2444 4990 2567 5033 reos
2595 4984 2810 5047 propter
2830 4990 2951 5046 quas
2976 4974 3276 5041 damnatos,
3305 4972 3401 5030 sed
3427 4972 3553 5029 inde
3571 4973 3735 5028 etiam

2134 5086 2262 5128 reos
2304 5069 2445 5126 unde
2475 5068 2774 5126 damnatus.
2809 5069 2940 5124 Nam
2969 5081 3094 5122 reos
3118 5065 3375 5133 ostendit,
3420 5066 3510 5120 ubi
3540 5066 3637 5133 sit,
3673 5063 3742 5119 Et

2136 5164 2420 5227 coluerunt,
2452 5172 2499 5220 et
2526 5163 2801 5217 servierunt
2829 5169 3075 5216 creatures
3103 5159 3272 5230 potius
3299 5174 3451 5230 quam
3480 5155 3738 5224 Greateri,

2135 5255 2223 5325 qui
2249 5263 2321 5308 est
2345 5253 2633 5308 benedictus
2660 5254 2713 5307 in
2747 5252 2956 5307 muta.
2996 5252 3176 5305 Antea.
3210 5248 3416 5304 Deinde
3450 5247 3743 5311 desaltato:

2136 5354 2357 5417 propter
2385 5345 2545 5403 istum
2576 5354 2781 5399 reatum
2806 5362 2819 5399 :
2840 5342 3081 5414 sequitur
3104 5342 3266 5408 enim,
3288 5339 3508 5410 PrOpter
3523 5339 3744 5394 laesera-

2138 5438 2266 5492 didit
2289 5436 2407 5492 illos
2429 5434 2570 5493 Deus
2589 5437 2641 5490 in
2663 5435 2920 5506 passiones
2950 5433 3260 5506 ignominia.
3298 5429 3465 5485 Audis
3486 5471 3500 5493 ,
3530 5439 3747 5501 παρις

2138 5530 2232 5585 hoc
2260 5545 2278 5584 :
2303 5538 2357 5585 et
2385 5529 2581 5600 quaeris
2617 5528 2864 5594 inaniter,
2903 5524 3157 5597 quomoda
3178 5522 3617 5594 intelligendussit
3638 5532 3749 5576 tra-

2138 5625 2257 5678 dere
2273 5622 2425 5690 Deus,
2446 5623 2668 5677 multum
2687 5621 3017 5686 lahorans,ut
3035 5604 3288 5675 ostendas
3303 5633 3417 5671 eum
3433 5616 3746 5669 tradenda-

2136 5716 2369 5773 serendo.
2399 5714 2504 5770 Sed
2531 5713 2932 5784 quomodolibet
2961 5713 3166 5775 tradat,
3198 5717 3415 5782 propter
3440 5708 3547 5763 hoc
3571 5707 3749 5762 tradi-

2137 5809 2216 5866 dit
2234 5849 2249 5873 ,
2278 5816 2502 5880 prepter
2528 5806 2629 5862 hoc
2646 5805 2889 5863 deseruit
2918 5824 2932 5860 :
2965 5813 3021 5860 et
3037 5803 3209 5869 vides,
3235 5801 3352 5871 ejus
3371 5798 3747 5867 traditionem,

2137 5901 2481 5981 queletnllbet
2507 5909 2560 5979 et
2582 5898 2980 5985 quwadqlihat
3002 5896 3284 5985 intelliges.
3308 5907 3425 5970 (ιιιεο
3444 5900 3745 5962 ροηεθουω

2206 6035 2223 6067 ι
2249 6034 2470 6094 Quinque
2493 6038 2623 6095 Mss,
2649 6030 2706 6085 in
2725 6042 2803 6083 ea.
