4038 6464
291 477 397 537 789

291 592 417 649 sint.
448 589 672 646 Curavit
716 586 859 645 enim
904 585 1193 659 Apostolus
1246 584 1423 641 dicere
1474 594 1670 656 quanta
1727 598 1884 655 pugna

293 686 359 740 sit
378 698 409 739 a
433 683 548 739 Deo
566 680 703 737 tradi
729 676 1063 752 passionibns
1091 678 1416 749 ignominize,
1431 677 1542 731 sive
1562 673 1882 740 deserendo,

291 775 403 832 sive
430 774 540 828 alio
565 786 904 845 quocumque
933 770 1017 825 vel
1042 767 1345 839 explicabili
1371 809 1385 833 ,
1416 767 1499 823 vel
1530 764 1886 835 inexttlicabili

292 864 474 932 modo,
507 878 615 934 quo
659 863 787 918 facit
831 864 946 917 haec
986 874 1197 917 summe
1235 859 1408 914 bonus
1446 866 1501 913 et
1548 854 1887 912 ineffabiliter

286 956 484 1029 justus.
516 954 658 1010 Nam
688 956 893 1027 femina!
916 969 1109 1017 eorum,
1143 950 1344 1023 inquit,
1375 952 1761 1005 immutaverunt
1795 965 1888 1002 na-

291 1051 510 1105 turalem
552 1066 701 1104 usum
743 1048 798 1102 in
840 1064 954 1101 eum
999 1062 1145 1101 usum
1174 1044 1264 1117 qui
1298 1053 1368 1099 est
1410 1051 1585 1098 contra
1629 1051 1884 1096 naturam.

292 1140 545 1198 Similiter
565 1150 734 1194 autem
763 1148 810 1193 et
833 1138 1048 1193 masculi
1071 1134 1407 1207 relinquentes
1431 1134 1711 1189 naturalem
1740 1148 1889 1186 usum

294 1236 535 1308 faniam,
588 1238 885 1288 exarserunt
934 1232 987 1283 iu
1024 1231 1303 1302 appetitum
1345 1244 1496 1283 suum
1536 1227 1589 1281 in
1634 1226 1885 1292 invicem,

290 1326 506 1381 masculi
530 1327 584 1379 in
607 1324 858 1379 masculos
883 1323 1249 1394 deformitatem
1279 1329 1563 1391 operantes,
1603 1327 1650 1372 et
1694 1333 1886 1371 merce-

292 1418 409 1472 dem
448 1428 698 1485 mutuam,
732 1432 885 1488 quam
915 1414 1158 1485 aportuit,
1205 1414 1391 1467 erroris
1426 1411 1505 1467 sui
1529 1412 1582 1466 in
1610 1410 1889 1480 semetipsis

292 1512 608 1582 recipientes.
638 1508 775 1576 Quid
803 1508 905 1564 hoc
931 1507 1265 1564 evidentius?
1292 1506 1415 1577 quid
1457 1503 1737 1575 apertius?
1762 1502 1889 1573 quid

292 1600 634 1673 expressius?
661 1600 960 1657 Mercedem
1000 1606 1239 1653 mutuam
1288 1596 1557 1668 recepisse
1586 1595 1751 1673 dicit;
1782 1594 1889 1648 uti-

293 1707 401 1764 que
426 1692 710 1747 damnatos
750 1699 807 1745 ut
852 1697 995 1744 tanta
1037 1696 1388 1759 operarentur
1416 1687 1555 1741 mala
1588 1701 1601 1739 :
1635 1694 1688 1741 ct
1713 1693 1889 1740 tamen

295 1785 394 1840 ista
418 1784 694 1841 damnatio
717 1783 876 1838 etiam
903 1791 1085 1838 reatus
1108 1789 1210 1847 est,
1239 1795 1346 1851 quo
1374 1780 1584 1850 gravius
1613 1777 1892 1847 implican-

296 1887 404 1931 tur.
440 1876 515 1930 lta
545 1884 601 1931 et
628 1884 841 1945 peccata
879 1881 1006 1930 sunt
1043 1874 1165 1940 ista,
1194 1881 1249 1928 et
1277 1887 1449 1944 poencc
1475 1871 1892 1943 praecedentium

294 1978 659 2041 peccatorum.
688 1969 756 2024 Et
784 1968 926 2040 quod
954 1975 1037 2023 est
1062 1964 1376 2035 mirabilius,
1406 1965 1567 2020 etiam
1590 1962 1893 2035 Oportnisse

294 2061 426 2119 dicit
472 2075 569 2117 eos
614 2062 770 2118 istam
811 2070 1049 2115 mutuam
1094 2058 1396 2114 mercedem
1433 2056 1694 2128 recipere.
1726 2055 1798 2110 Ita
1830 2069 1891 2110 se

297 2153 497 2210 habent
535 2154 697 2209 etiam
748 2154 1021 2226 superiora
1077 2151 1238 2207 verba
1288 2149 1550 2220 Apostoli,
1604 2164 1723 2219 qua:
1779 2147 1895 2218 ipse

297 2248 547 2319 posuisti.
586 2246 991 2301 lmmutaverunt
1033 2244 1247 2318 gloriam
1286 2241 1689 2313 incorruptibilis
1719 2240 1815 2294 Dei
1841 2240 1896 2295 in

296 2341 683 2397 similitudinem
730 2339 967 2412 imaginis
1011 2337 1356 2410 corruptibilis
1395 2335 1637 2402 hominis,
1670 2343 1716 2388 et
1746 2333 1892 2388 volu-

297 2453 460 2505 crum,
491 2444 536 2489 et
562 2435 968 2511 quadrupedum,
1021 2442 1066 2488 et
1101 2431 1439 2517 serpentium.
1496 2428 1714 2499 Promet-
1761 2426 1897 2501 quod

299 2527 512 2581 tradidit
568 2525 685 2580 illos
738 2523 872 2579 Deus
920 2526 974 2578 in
1024 2523 1274 2578 desideria
1322 2521 1491 2576 cordis
1551 2535 1722 2573 eorum
1754 2560 1769 2586 ,
1842 2519 1898 2573 in

298 2618 674 2671 immunditiam
706 2616 881 2687 (llam.
928 2632 1019 2683 vn,
1064 2613 1260 2686 23-28)
1305 2631 1319 2668 :
1364 2622 1417 2670 et
1444 2621 1635 2667 caetera
1664 2627 1782 2683 qua:
1812 2626 1898 2667 se-

300 2713 555 2787 quuntur.
600 2709 667 2765 Et
708 2708 794 2765 hic
834 2709 1015 2779 utique
1056 2705 1205 2763 vides
1242 2721 1457 2761 causam
1488 2713 1712 2778 propter
1738 2719 1897 2777 quam

301 2803 481 2860 traditi
523 2811 668 2877 sunt,
702 2803 818 2858 sine
845 2802 949 2859 ulla
980 2801 1324 2877 ambiguitate
1350 2804 1726 2855 monstratam.
1760 2797 1901 2852 Dixit

303 2898 501 2970 quippe
528 2896 653 2968 quid
685 2896 809 2951 mali
841 2906 966 2950 ante
997 2895 1267 2962 fecissent,
1299 2901 1353 2959 et
1376 2891 1643 2964 adjunxit,
1680 2889 1896 2963 l’rOpter

302 2989 443 3061 quod
480 2988 690 3042 tradidit
742 2988 856 3043 illos
913 2984 1053 3041 Deus
1099 2986 1152 3040 in
1191 2984 1441 3039 desideria
1490 2983 1657 3037 cordis
1706 2998 1899 3038 eorum.

305 3081 539 3138 Proinde
567 3078 917 3153 praecedentis
946 3089 1028 3134 est
1056 3077 1172 3133 haec
1201 3092 1359 3149 paena
1386 3075 1622 3148 peccati;
1646 3082 1701 3129 et
1726 3084 1902 3129 tamen

306 3175 466 3230 etiam
496 3160 609 3245 ipsa
638 3183 916 3247 peccatum
939 3180 1042 3239 est,
1074 3171 1216 3244 quod
1245 3168 1423 3225 verbis
1452 3166 1904 3243 consequentibus

307 3254 559 3337 explicat.
644 3252 655 3265 ’
1034 3250 1041 3257 ’

380 3359 470 3415 il.
511 3356 619 3414 Sed
664 3365 721 3412 tu
765 3363 947 3411 contra
980 3354 1271 3420 disserens,
1304 3367 1371 3409 eo
1397 3351 1556 3408 modo
1586 3348 1679 3408 tibi
1709 3348 1905 3429 videris

309 3452 464 3508 istam
512 3450 735 3506 solvisse
764 3449 1135 3521 qtuestioncm,
1167 3447 1289 3519 quia
1318 3444 1594 3505 desideriis
1623 3442 1734 3515 suis
1761 3443 1907 3515 Apo-

311 3544 479 3601 stolns
510 3543 730 3598 traditos
758 3526 909 3596 dixit.
956 3539 1078 3595 Jam
1129 3541 1260 3594 enim
1303 3539 1635 3612 ﬂagitiorum,
1688 3535 1906 3617 inquis,

313 3636 576 3691 desideriis
604 3633 906 3690 testuabant.
941 3633 1005 3688 Et
1033 3630 1297 3703 adjungis,
1338 3645 1401 3685 ac
1428 3629 1564 3683 dicis
1594 3646 1608 3681 :
1642 3626 1909 3695 Quomodo

313 3748 431 3801 ergo
474 3746 563 3799 per
594 3726 869 3798 potentiam
908 3723 1151 3780 tradentis
1192 3722 1289 3777 Dei
1318 3721 1537 3795 putandi
1566 3732 1680 3779 sunt
1706 3721 1758 3775 iu
1787 3720 1911 3775 talia

315 3824 451 3911 {acta
478 3818 755 3875 cecidisse?
796 3818 934 3887 Quid
980 3833 1108 3889 ergo
1145 3816 1267 3897 plus
1316 3815 1512 3870 factum
1554 3824 1655 3883 est,
1688 3812 1912 3868 obsecro

316 3903 385 3982 ie,
418 3924 513 3969 aut
540 3923 594 3968 ut
616 3911 740 3986 quid
770 3910 989 3975 diceret,
1011 3908 1247 3964 Tradidit
1272 3907 1390 3963 illos
1417 3904 1552 3967 Deus
1580 3906 1631 3959 in
1662 3903 1914 3959 desideria

319 4007 489 4067 cordis
534 4022 707 4061 eorum
732 4021 749 4070 ;
781 4005 822 4059 si
859 4004 968 4075 jam
1000 4011 1154 4058 erant
1200 3999 1433 4075 possessi
1482 3996 1711 4071 quodant
1754 3994 1914 4051 modo

319 4018 489 4067 cordis
534 4021 749 4070 eorum;
781 4022 822 4059 SI
859 4019 968 4075 tam
1000 4018 1154 4058 erant
1240 4018 1433 4055 osseSSI
1482 4018 1711 4071 quouattt
1754 4018 1914 4051 mouu

319 4097 474 4153 malis
521 4092 799 4151 desideriis
846 4091 1023 4148 cordis
1055 4091 1170 4146 sui?
1196 4018 1462 4161 gumquid
1494 4097 1670 4141 autem
1720 4101 1914 4142 conse—

319 4204 492 4263 quens
517 4195 619 4253 est,
652 4194 709 4240 ut
750 4185 794 4241 si
838 4182 998 4240 habet
1024 4182 1214 4255 aliquis
1252 4179 1429 4236 cordis
1460 4178 1723 4239 desideria
1754 4176 1915 4245 mala,

318 4282 427 4355 jam
498 4280 656 4337 etiam
714 4276 1015 4334 consentiat
1063 4276 1140 4330 eis
1190 4274 1255 4329 ad
1304 4270 1682 4328 committenda
1728 4270 1915 4326 eadem

322 4374 506 4432 mala?
535 4373 615 4431 Ac
643 4388 739 4443 per
776 4370 880 4437 hoc
921 4367 1063 4423 aliud
1107 4376 1188 4423 est
1236 4367 1435 4439 habere
1486 4366 1623 4420 mala
1653 4363 1918 4422 desideria

326 4469 543 4534 cordis,
576 4465 717 4522 aliud
763 4463 898 4520 tradi
944 4463 1051 4529 eis;
1094 4461 1276 4545 utique
1323 4468 1380 4525 ttt
1428 4458 1814 4533 consentiendo
1843 4460 1919 4514 eis

326 4560 665 4635 possideatur
694 4559 760 4614 ah
790 4559 887 4623 eis,
920 4556 1059 4627 quod
1094 4554 1149 4610 lit
1178 4570 1297 4610 cum
1324 4554 1505 4609 divino
1526 4552 1728 4635 judicio
1758 4554 1921 4611 traei-

325 4665 411 4712 tur
433 4656 536 4711 eis.
564 4651 811 4724 Alioquin
835 4651 1027 4706 frustra
1055 4648 1253 4705 dictum
1282 4657 1384 4716 est,
1410 4630 1923 4721 Posticoncupiscen-

328 4751 422 4805 tias
467 4757 579 4801 tuas
606 4762 705 4821 non
735 4760 850 4809 eas;
890 4741 933 4796 si
974 4740 1082 4812 jam
1114 4739 1337 4813 quisque
1365 4755 1487 4794 rens
1516 4750 1619 4802 est,
1661 4737 1803 4810 quod
1835 4749 1920 4793 tu-

329 4842 649 4898 multuantes
675 4844 728 4893 et
748 4836 811 4891 ad
838 4835 975 4890 mala
1009 4834 1219 4889 trahere
1247 4833 1476 4887 nitentes
1506 4833 1665 4887 sentit
1686 4847 1797 4901 eas,
1826 4847 1925 4887 nec

329 4945 419 4986 cas
448 4932 723 5001 sequitur,
756 4927 801 4987 si
829 4942 935 4982 non
961 4926 1038 4981 eis
1064 4922 1326 4991 traditur;
1368 4938 1628 4980 exercens
1666 4922 1924 4978 adversus

332 5037 420 5076 eas
465 5022 695 5093 gloriosa
740 5018 1054 5084 certamina,
1086 5017 1131 5073 si
1164 5016 1293 5074 vivit
1334 5016 1387 5073 in
1433 5016 1622 5089 gratia.
1663 5014 1798 5086 Quid
1832 5015 1924 5071 tibi

333 5115 472 5170 enim
505 5112 715 5167 videtur
738 5153 751 5176 ,
798 5109 887 5182 qui
920 5110 936 5142 ¹
972 5110 1224 5164 observat
1260 5106 1400 5179 quod
1428 5106 1686 5183 scriptum
1727 5115 1828 5171 est,
1868 5105 1929 5161 Si

336 5214 536 5277 prttslcs
558 5204 743 5258 anima:
770 5211 870 5256 tua:
904 5199 1337 5271 concupiscentias
1358 5199 1486 5271 ejus,
1510 5197 1671 5272 (quod
1693 5197 1816 5277 quid
1848 5207 1931 5252 est

336 5297 500 5366 aliud,
534 5312 693 5375 quam
724 5293 992 5350 desideria
1017 5293 1134 5363 ejus
1160 5290 1364 5364 mala?)
1394 5292 1544 5364 faciet
1570 5292 1591 5322 ¹
1623 5300 1668 5343 te
1687 5289 1932 5375 gaudium

339 5374 642 5444 inimicisrel
683 5385 867 5441 invidis
897 5386 996 5439 tuis
1025 5381 1211 5457 (Eccli.
1259 5400 1409 5450 xvtu,
1446 5382 1516 5438 30
1545 5389 1591 5436 et
1614 5380 1752 5453 5i)?
1777 5396 1933 5435 num-

339 5482 461 5554 quid
494 5482 604 5553 jam
631 5480 731 5535 iste
762 5492 885 5534 rens
911 5485 1012 5542 est,
1048 5475 1292 5535 habendo
1324 5475 1458 5544 tales
1496 5474 1689 5530 anima:
1730 5486 1932 5539 concu-

343 5574 649 5646 piscentias,
677 5585 811 5642 quas
830 5569 879 5626 ei
899 5575 1156 5640 praestare
1183 5583 1291 5625 non
1316 5565 1495 5631 debet,
1528 5579 1595 5621 ne
1616 5565 1668 5621 in
1685 5563 1934 5636 gaudium

284 5660 291 5665 ’
346 5666 522 5721 veniat
548 5663 761 5741 diabolo
786 5671 840 5716 et
865 5660 1071 5734 angelis
1096 5660 1234 5749 eius,
1263 5658 1355 5730 qui
1385 5664 1511 5714 sunt
1549 5654 1750 5733 inimici
1778 5662 1938 5727 atque

347 5758 506 5815 invidi
538 5756 703 5812 nostri
719 5756 743 5810 ?

412 5911 1042 5983 ξεοιωωίοωνησυοςι-
1119 5975 1139 5983 -
1195 5971 1207 5983 .

412 5981 434 6013 ³
453 5979 729 6044 Bigotianus
750 5983 893 6029 vetus
908 5976 1085 6037 codex,
1107 5975 1302 6038 facient.
1363 5977 1370 5989 '

1650 463 1852 523 LIBER
1891 465 2209 533 QUINTUS.

3476 462 3582 523 790

2068 582 2153 638 12.
2184 582 2313 638 Cum
2342 598 2467 652 ergo
2509 583 2703 639 dicitur
2737 583 2898 643 homo
2936 583 3072 643 tradi
3113 581 3396 657 desideriis
3425 584 3538 657 suis
3563 624 3580 650 ,

1992 674 2116 731 inde
2144 675 2198 733 tit
2228 692 2371 742 reus,
2396 676 2515 749 quia
2538 677 2778 733 desertus
2808 694 2837 733 a
2867 678 2977 737 Deo
3002 679 3142 735 cedit
3170 680 3249 735 eis
3270 689 3431 750 atque
3453 695 3580 734 con-

1993 767 2172 832 sentit;
2200 768 2449 837 vincitur,
2481 769 2705 841 capitur,
2737 769 2960 824 traltitur
2983 771 3024 837 ί,
3054 769 3378 847 possidetur.
3410 771 3449 841 Α
3479 786 3576 840 quo

1993 861 2123 914 enim
2170 861 2280 932 quis
2330 861 2551 916 devictus
2604 871 2710 930 est,
2759 862 2876 916 huic
2924 872 2971 917 et
3022 878 3193 917 servus
3231 861 3465 929 addictus
3510 871 3582 917 est

1994 952 2068 1037 (11
2098 951 2241 1007 Petr.
2272 969 2332 1021 ιι,
2366 954 2453 1027 19)
2486 971 2498 1007 :
2527 962 2577 1009 et
2602 954 2659 1007 fit
2687 954 2735 1008 ei
2762 962 3038 1027 peccatum
3065 968 3416 1025 consequens,
3439 970 3581 1026 pra:-

1992 1045 2230 1100 cedcntis
2285 1060 2441 1123 pmna
2506 1045 2727 1117 peccati.
2796 1045 2987 1113 Annon
3040 1054 3122 1101 est
3197 1054 3469 1117 peceatum
3530 1053 3585 1100 et

1991 1153 2147 1212 pcena
2203 1140 2432 1209 peccati,
2479 1138 2571 1194 ubi
2624 1139 2857 1211 legitur,
2916 1138 3164 1195 Dominus
3209 1141 3343 1207 enim
3384 1141 3585 1197 miscuit

1993 1228 2095 1285 illis
2156 1231 2388 1301 spiritum
2441 1230 2623 1285 erroris
2652 1270 2668 1298 ,
2725 1241 2772 1301 et
2834 1230 3142 1286 seduxerunt
3189 1229 3478 1303 Εουριιιιιι
3533 1234 3586 1286 in

1994 1322 2223 1377 erunibus
2250 1323 2481 1398 operibus
2502 1323 2636 1387 suis,
2669 1323 2798 1379 sicut
2823 1323 3081 1383 seducitur
3110 1323 3274 1393 ebrius
3297 1322 3447 1399 (Isai.
3472 1339 3583 1388 xrx,

1995 1414 2120 1488 il)?
2154 1412 2269 1469 Non
2315 1424 2397 1469 est
2442 1424 2715 1486 peccatum
2756 1424 2810 1469 et
2851 1428 3008 1487 paena
3054 1415 3290 1489 peccati,
3340 1414 3428 1481 ubi
3480 1414 3587 1468 Deo

1994 1507 2122 1564 dicit
2147 1509 2435 1580 Propheta,
2466 1509 2601 1578 Quid
2660 1526 2826 1564 errare
2853 1509 3014 1583 fecisti
3041 1527 3152 1576 nos,
3183 1508 3421 1577 Domine,
3450 1527 3481 1563 a
3506 1512 3587 1565 ria

1997 1614 2121 1669 tua;
2148 1603 2385 1657 obtudisti
2425 1603 2581 1661 corda
2610 1613 2817 1669 nostra,
2869 1612 2920 1656 ut
2949 1620 3049 1657 non
3082 1604 3371 1661 timeremus
3400 1614 3447 1658 te
3473 1602 3585 1676 (ld.

1996 1710 2123 1749 Lxut
2145 1736 2160 1761 ,
2207 1694 2340 1767 l7)?
2380 1694 2494 1749 Non
2533 1704 2613 1750 est
2643 1702 2921 1766 peceatum
2948 1704 3002 1750 et
3032 1710 3191 1766 pteua
3238 1695 3464 1766 peccati,
3498 1696 3586 1753 ubi

1996 1804 2182 1843 rursus
2207 1787 2315 1843 Deo
2345 1788 2556 1855 dicitur,
2592 1787 2721 1843 Ecce
2749 1798 2801 1843 tu
2840 1789 2998 1847 iratus
3046 1804 3117 1854 es,
3164 1798 3209 1858 et
3247 1805 3338 1844 nos
3365 1790 3590 1859 peccavi-

1996 1896 2139 1945 mus;
2166 1890 2430 1950 prOpterea
2451 1881 2754 1944 erravimus,
2784 1890 2829 1933 et
2856 1882 2979 1953 [acti
2999 1897 3172 1935 sumus
3191 1881 3320 1949 sicut
3343 1881 3591 1949 immundi

1998 1987 2169 2026 omnes
2196 1969 2304 2047 (Id.
2337 1987 2475 2037 thv,
2507 1971 2539 2025 5
2570 1981 2613 2025 et
2640 1971 2734 2042 6)?
2777 1970 2889 2026 Non
2918 1981 3000 2029 est
3030 1980 3303 2041 peccatum
3341 1981 3395 2029 et
3434 1987 3590 2043 pecua

1999 2061 2227 2133 peccati,
2260 2059 2351 2115 ubi
2385 2060 2575 2132 legitur
2600 2062 2666 2115 de
2691 2062 2940 2135 gentibus
2966 2077 3099 2135 quas
3127 2062 3413 2120 debellavit
3437 2064 3593 2121 Jesus

2000 2150 2164 2221 Nave,
2191 2154 2310 2231 quia
2343 2169 2440 2225 per
2471 2153 2752 2209 Dominum
2798 2153 2993 2210 factum
3033 2164 3144 2221 est,
3182 2156 3472 2223 confortari
3499 2172 3594 2212 eor

1999 2260 2207 2313 eorum,
2242 2254 2297 2299 ut
2323 2245 2533 2301 obviam
2562 2245 2698 2300 irent
2723 2246 2788 2315 ad
2819 2246 3020 2303 bellum
3041 2246 3107 2303 ad
3132 2246 3313 2315 Israel,
3339 2257 3396 2313 ut
3415 2259 3594 2306 exter-

2001 2338 2333 2419 minarentur
2358 2336 2539 2410 (Josae
2559 2354 2633 2407 ιι,
2662 2338 2795 2409 20)?
2817 2338 2933 2397 Non
2955 2348 3040 2394 est
3060 2349 3335 2412 peccatum
3358 2353 3411 2399 et
3434 2358 3589 2414 pugna

2002 2428 2203 2527 peccati
2234 2429 2375 2503 quod
2404 2428 2743 2527 nouaudivit
2781 2430 3020 2499 Roboatn
3071 2448 3163 2490 rex
3206 2434 3417 2504 plebem
3457 2435 3595 2492 bene

2002 2523 2331 2589 monentem,
2371 2523 2645 2593 quoniam,
2691 2523 2827 2587 sicut
2866 2524 3139 2593 Scriptura
3168 2524 3422 2597 loquitur,
3466 2525 3595 2595 Erat

2003 2617 2257 2672 conversio
2284 2632 2317 2669 a
2343 2613 2583 2683 Domino,
2614 2626 2668 2679 ut
2696 2625 2933 2681 statueret
2964 2616 3165 2675 verbum
3192 2635 3340 2674 suum
3371 2621 3509 2692 quod
3532 2620 3597 2675 de

2002 2708 2094 2763 illa
2122 2708 2315 2763 locutus
2344 2719 2416 2764 est
2443 2710 2495 2763 in
2527 2727 2679 2765 manu
2717 2711 2976 2782 prapltetat
3001 2712 3021 2743 ’
3054 2710 3143 2785 (ill
3168 2712 3295 2784 Reg.
3333 2729 3427 2780 xu,
3461 2714 3594 2786 ιδῃ

2002 2801 2118 2859 Non
2151 2813 2229 2860 est
2261 2812 2535 2883 peccatum
2562 2812 2618 2860 et
2646 2818 2801 2875 paena
2831 2806 3031 2874 peccati
3078 2805 3131 2867 iu
3167 2820 3234 2873 eo
3271 2806 3416 2876 quod
3450 2807 3586 2863 seri-

2006 2905 2151 2985 ptom
2181 2903 2282 2959 est,
2312 2895 2580 2953 Amasiatn
2613 2910 2793 2983 regem
2816 2894 2953 2973 lgda
2976 2895 3215 2965 uoluisse
3238 2896 3423 2962 audire
3442 2897 3595 2957 Joatn

2006 2974 2187 3063 regem
2213 2989 2371 3047 Israel
2400 2990 2536 3047 bene
2564 2974 2890 3059 innuentem,
2926 3006 2991 3047 ne
3021 2991 3341 3061 procederet
3377 2992 3445 3049 ad
3483 2992 3600 3051 bel-

2006 3078 2262 3135 landum?
2288 3081 2376 3139 Sic
2401 3082 2543 3153 enim
2578 3081 2812 3154 legitur:
2849 3081 2917 3137 Et
2957 3099 3057 3143 non
3092 3083 3282 3139 audivit
3320 3081 3559 3145 Amasias
3582 3123 3598 3149 ,

2006 3173 2242 3251 quoniam
2268 3190 2300 3226 a
2330 3171 2437 3226 Deo
2463 3183 2569 3233 erat
2597 3185 2651 3229 ut
2677 3174 2958 3245 traderetur
2986 3175 3041 3235 iu
3073 3192 3256 3233 mamts
3287 3174 3331 3241 ⁸,
3352 3175 3595 3246 quoniam

2007 3254 2307 3336 quasierunt
2338 3266 2487 3325 deum
2515 3264 2679 3323 Edam
2708 3265 2790 3338 (ιι
2819 3264 3001 3337 Paral.
3035 3281 3161 3335 xxv,
3194 3265 3309 3337 φο).
3343 3266 3410 3322 Et
3432 3267 3601 3327 multa

2008 3361 2111 3429 alia
2142 3374 2565 3431 commemorare
2608 3374 2915 3436 possumus,
2948 3360 3002 3417 iu
3042 3358 3232 3429 quibus
3262 3357 3469 3429 liquida
3501 3372 3601 3429 ap-

2013 3461 2182 3539 paret,
2212 3451 2422 3521 occulto
2461 3451 2663 3520 judicio
2693 3450 2788 3506 Dei
2820 3450 2932 3507 ﬁeri
2963 3450 3367 3522 perversitatem
3397 3448 3601 3514 cordis,

2013 3554 2070 3625 ut
2091 3558 2197 3617 non
2221 3543 2466 3613 audiatur
2484 3543 2624 3617 quod
2647 3559 2831 3605 verum
2860 3543 3074 3607 dicitur,
3098 3552 3153 3607 et
3178 3542 3300 3607 inde
3329 3550 3602 3614 peccetur,

2016 3647 2071 3707 et
2096 3638 2166 3717 sit
2195 3640 2367 3709 ipsum
2398 3645 2675 3713 peccatum
2714 3634 3069 3711 praecedentis
3097 3635 3259 3697 etiam
3289 3648 3444 3706 plena
3475 3648 3606 3706 pee-

2014 3731 2139 3793 cati.
2164 3730 2299 3789 Nam
2328 3729 2551 3789 credere
2588 3728 2887 3797 mendacio,
2916 3737 3100 3789 etnon
3122 3727 3342 3793 credere
3366 3726 3603 3795 veritati,

2016 3824 2198 3921 utique
2219 3829 2496 3893 peccatum
2509 3819 2777 3899 est.\ienit
2793 3828 2967 3879 tamen
2986 3820 3053 3890 ab
3069 3835 3132 3887 ea
3151 3820 3387 3881 catcitate
3402 3818 3605 3887 cordis,

2017 3913 2135 3986 qua:
2155 3916 2365 3971 occulto
2389 3914 2592 3985 judicio
2620 3914 2733 3978 Dei,
2756 3913 2850 3968 sed
2870 3923 3045 3968 tamen
3070 3914 3235 3983 justo,
3264 3914 3423 3974 etiam
3448 3927 3607 3985 pmna

2092 4007 2223 4064 ceati
2276 4014 2624 4067 monstratur.
2674 4004 2842 4075 Quale
2872 4015 2954 4061 est
2984 4005 3142 4061 etiam
3184 4003 3312 4065 illud
3357 4004 3500 4075 quod
3538 4004 3608 4060 ad

2092 4023 2223 4064 εειηι
2276 4023 2624 4067 monsuatur.
2674 4023 2842 4075 quate
2872 4023 2954 4061 BSI.
2984 4023 3142 4061 etiam
3185 4023 3312 4065 "tua
3357 4023 3500 4075 quoa
3538 4023 3608 4060 au

2018 4023 2527 4167 1ἷέἰιιεειειιιιιιιίίιιιιιειιε
2554 4096 2740 4153 scribit
2766 4096 3055 4168 Apostolus
3082 4111 3096 4151 :
3123 4093 3231 4151 Pro
3256 4110 3314 4153 eo
3351 4094 3488 4166 quod
3527 4093 3611 4151 di-

2022 4191 2282 4259 lectionem
2308 4191 2531 4246 veritatis
2569 4204 2669 4244 nou
2695 4196 3006 4258 receperunt,
3036 4193 3091 4241 ut
3119 4185 3245 4241 salvi
3283 4185 3483 4253 ﬁerent,
3511 4192 3559 4243 et
3588 4182 3614 4217 ⁵

2020 4281 2135 4349 ideo
2166 4283 2321 4338 mittet
2365 4282 2468 4337 illis
2508 4281 2640 4345 Deus
2684 4280 3027 4361 Operationem
3056 4278 3263 4343 erroris,
3308 4286 3363 4332 ut
3400 4278 3613 4339 credant

2023 4376 2284 4445 mendacio
2317 4375 2381 4451 (il
2415 4375 2591 4431 Thess.
2632 4390 2694 4443 tt,
2726 4371 2838 4446 10).
2870 4373 3012 4451 Ecce
3041 4386 3196 4443 pinna
3225 4369 3449 4441 peccati.
3481 4384 3613 4441 ροσ-

2024 4480 2201 4545 catttm
2232 4477 2334 4533 est.
2375 4467 2673 4543 Utrumque
2725 4466 2915 4534 claret,
2968 4465 3203 4535 breviter
3254 4463 3451 4521 dictum
3479 4470 3566 4518 est
3593 4502 3612 4529 ,

2027 4573 2210 4639 aperte
2235 4563 2433 4627 dictum
2465 4570 2566 4635 est,
2595 4559 2663 4633 ab
2687 4575 2754 4616 eo
2782 4558 2980 4627 dictum
3003 4567 3108 4627 cit,
3135 4557 3283 4629 cttjtts
3320 4555 3425 4617 alia
3450 4554 3617 4617 verba

2028 4659 2081 4727 in
2114 4667 2256 4727 tuam
2283 4654 2602 4725 sententiam
2628 4651 2824 4715 frustra
2850 4651 3170 4723 detorquere
3189 4655 3413 4713 conatus
3436 4661 3517 4705 es.

2102 4749 2188 4806 t3.
2221 4747 2356 4823 Quid
2390 4755 2472 4807 est
2500 4754 2675 4811 autem
2703 4742 2844 4817 quod
2873 4742 3028 4812 dicis,
3057 4741 3182 4805 Cum
3207 4739 3477 4809 desideriis
3510 4740 3621 4797 suis

2029 4840 2201 4911 traditi
2230 4841 2485 4906 dicuntur,
2514 4836 2672 4897 relicti
2699 4852 2789 4910 per
2828 4835 3050 4903 divinam
3088 4834 3387 4905 patientiam
3423 4832 3622 4895 intelli-

2030 4936 2180 5010 gendi
2207 4943 2346 5001 sunt,
2392 4949 2495 5005 aqu
2535 4947 2624 5005 per
2663 4930 2940 5005 potentiam
2975 4929 3029 4991 iu
3073 4937 3282 5009 Mitto
3324 4925 3623 4997 compulsi?

2032 5028 2178 5100 quasi
2208 5043 2314 5091 non
2345 5024 2501 5089 simul
2542 5023 2719 5097 posuit
2746 5023 2768 5056 ⁸
2797 5022 2914 5093 huic
2944 5021 3053 5091 duo
3078 5021 3223 5099 idem
3247 5020 3543 5095 apostotus.
3568 5027 3626 5081 οι

2037 5121 2368 5193 patientiam,
2409 5128 2463 5177 et
2494 5117 2806 5190 potentiam,
2856 5114 2945 5187 ubi
2980 5114 3074 5183 ait,
3116 5112 3179 5177 Si
3208 5112 3229 5159 9
3261 5121 3430 5175 autem
3456 5109 3626 5167 soleas

2038 5214 2172 5275 Deus
2198 5212 2457 5277 ostendere
2487 5213 2619 5269 iram
2658 5219 2707 5273 sl
2754 5209 3100 5281 demonstrare
3134 5205 3409 5277 potestiam
3441 5217 3623 5269 sunt.

2036 5309 2204 5385 ιιιιιιιίι
2229 5307 2281 5369 in
2304 5307 2461 5379 multa
2480 5304 2725 5379 patientia
2752 5319 2874 5371 tvm
2901 5303 3014 5370 ira.
3039 5316 3152 5372 ιιιιο
3178 5301 3401 5371 rem“
3427 5302 3546 5351 mi
3564 5293 3621 5349 in

2096 5404 2120 5472 .¹
2143 5402 2467 5473 (ararim
2490 5406 2661 5473 Petam
2681 5392 3219 5473 ιριιεηίιυωνέφξιξίιέξι
3236 5388 3605 5473 εξξιὶὲξίὲεὲἓὲτξ

2039 5417 2467 5527 add“wa
2488 5417 2661 5527 ,ξιξερίὲ
2681 5417 3219 5527 ’ἔιδῖῗὲἓῖξιῖἕηᾜ
3236 5417 3630 5517 ῗὸἑέίῖέαιῒξῗῦ

2038 5512 2893 5639 castiges;
2914 5518 2985 5572 eis
3007 5512 3236 5569 tradituri.

2108 5588 2415 5701 :ilitil‘deiigiii
2439 5586 3113 5703 Ἰξιοᾟιξῇῗόιῖίςῗεαξιᾱόιάρωοι,
3158 5635 3364 5689 hostium
3393 5647 3412 5688 :
3436 5636 3633 5689 tametsi

2045 5715 2109 5766 ab
2126 5714 2353 5763 omnibus
2374 5722 2479 5775 Mss,
2506 5713 2632 5775 absit
2649 5719 2700 5775 et
2721 5714 2901 5775 ειᾹιΧΧ·
3002 5768 3013 5775 ,
3196 5772 3208 5775 ξ

2109 5757 2383 5848 (animi
2398 5757 2717 5848 autem
2740 5757 2848 5848 itte
2864 5757 3482 5848 «Laterensem,
3503 5757 3635 5827 ¹¹¹³⁰⁴

2047 5840 2100 5890 tn
2133 5820 2705 5898 ιιῖἇὶιῶἰρὶῑέίιάὴὶειιπ
2731 5820 2853 5901 ἀιζιυ
2873 5820 3201 5894 Miseria
3221 5820 3451 5892 Αρωιὸιι.

2114 5902 2136 5933 ³
2157 5897 2263 5947 Sola
2286 5898 2434 5947 editio
2456 5903 2585 5947 ιον..
2609 5901 2822 5947 posuerit
3266 5900 3271 5905 ’

2551 5906 2755 5958 ονροειιε

2117 5963 2139 5994 ⁸
2161 5958 2296 6021 ΕΔΜ,
2314 5958 2408 6009 sic.
