  <div class='ocr_page' id='page_1' title='image "/cluster/home/n/w/nwhite01/storage/ocr_20150623/44/hvd.32044015706336/401.png"; bbox 0 0 4022 6510; ppageno 0'>
   <div class='ocr_carea' id='block_1_1' title="bbox 413 428 2864 502">
    <p class='ocr_par' dir='ltr' id='par_1_1' title="bbox 413 428 2864 502">
     <span class='ocr_line' id='line_1_1' title="bbox 413 428 2864 502; baseline 0.002 -11"><span class='ocrx_word' id='word_1_1' title='bbox 413 433 514 493; x_wconf 68' lang='lat'><strong>79!</strong></span> <span class='ocrx_word' id='word_1_2' title='bbox 1199 430 1472 490; x_wconf 72' lang='lat' dir='ltr'><strong>CONTRA</strong></span> <span class='ocrx_word' id='word_1_3' title='bbox 1512 430 1850 488; x_wconf 67' lang='lat' dir='ltr'><strong>JUIJANUM</strong></span> <span class='ocrx_word' id='word_1_4' title='bbox 1890 428 2354 502; x_wconf 75' lang='lat' dir='ltr'><strong>PELAGIANUM,</strong></span> <span class='ocrx_word' id='word_1_5' title='bbox 2395 433 2454 490; x_wconf 89' lang='lat' dir='ltr'><strong>S.</strong></span> <span class='ocrx_word' id='word_1_6' title='bbox 2496 435 2864 496; x_wconf 80' lang='lat' dir='ltr'><strong>AUGUSTINI</strong></span> 
     </span>
    </p>
   </div>
   <div class='ocr_carea' id='block_1_2' title="bbox 415 547 2000 622">
    <p class='ocr_par' dir='ltr' id='par_1_2' title="bbox 415 547 2000 622">
     <span class='ocr_line' id='line_1_2' title="bbox 415 547 2000 622; baseline -0.002 -18"><span class='ocrx_word' id='word_1_7' title='bbox 415 549 749 616; x_wconf 69' lang='lat' dir='ltr'><strong>perditionem</strong></span> <span class='ocrx_word' id='word_1_8' title='bbox 776 547 952 622; x_wconf 83' lang='lat' dir='ltr'><strong>(Rom.</strong></span> <span class='ocrx_word' id='word_1_9' title='bbox 991 565 1069 618; x_wconf 77' lang='lat' dir='ltr'><strong>rx,</strong></span> <span class='ocrx_word' id='word_1_10' title='bbox 1099 548 1217 621; x_wconf 74' lang='lat'><strong>22).</strong></span> <span class='ocrx_word' id='word_1_11' title='bbox 1247 549 1382 618; x_wconf 85' lang='lat' dir='ltr'><strong>Quid</strong></span> <span class='ocrx_word' id='word_1_12' title='bbox 1427 548 1618 603; x_wconf 88' lang='lat' dir='ltr'><strong>horum</strong></span> <span class='ocrx_word' id='word_1_13' title='bbox 1661 558 1835 603; x_wconf 89' lang='lat' dir='ltr'><strong>tamen</strong></span> <span class='ocrx_word' id='word_1_14' title='bbox 1865 547 2000 602; x_wconf 92' lang='lat' dir='ltr'><strong>dicis</strong></span> 
     </span>
    </p>
   </div>
   <div class='ocr_carea' id='block_1_3' title="bbox 415 641 2001 712">
    <p class='ocr_par' dir='ltr' id='par_1_3' title="bbox 415 641 2001 712">
     <span class='ocr_line' id='line_1_3' title="bbox 415 641 2001 712; baseline -0.004 -12"><span class='ocrx_word' id='word_1_15' title='bbox 415 657 537 700; x_wconf 88' lang='lat' dir='ltr'><strong>esse</strong></span> <span class='ocrx_word' id='word_1_16' title='bbox 561 642 701 712; x_wconf 90' lang='lat' dir='ltr'><strong>quod</strong></span> <span class='ocrx_word' id='word_1_17' title='bbox 724 644 979 712; x_wconf 90' lang='lat' dir='ltr'><strong>scriptum</strong></span> <span class='ocrx_word' id='word_1_18' title='bbox 1013 652 1116 710; x_wconf 90' lang='lat' dir='ltr'><strong>est,</strong></span> <span class='ocrx_word' id='word_1_19' title='bbox 1146 642 1212 696; x_wconf 89' lang='lat' dir='ltr'><strong>Et</strong></span> <span class='ocrx_word' id='word_1_20' title='bbox 1243 643 1490 712; x_wconf 82' lang='lat' dir='ltr'><strong>prepheta</strong></span> <span class='ocrx_word' id='word_1_21' title='bbox 1516 643 1559 696; x_wconf 90' lang='lat' dir='ltr'><strong>si</strong></span> <span class='ocrx_word' id='word_1_22' title='bbox 1588 644 1826 695; x_wconf 87' lang='lat' dir='ltr'><strong>erraverit</strong></span> <span class='ocrx_word' id='word_1_23' title='bbox 1848 651 1893 695; x_wconf 89' lang='lat' dir='ltr'><strong>et</strong></span> <span class='ocrx_word' id='word_1_24' title='bbox 1921 641 2001 694; x_wconf 85' lang='lat' dir='ltr'><strong>lo-</strong></span> 
     </span>
    </p>
   </div>
   <div class='ocr_carea' id='block_1_4' title="bbox 415 735 2002 809">
    <p class='ocr_par' dir='ltr' id='par_1_4' title="bbox 415 735 2002 809">
     <span class='ocr_line' id='line_1_4' title="bbox 415 735 2002 809; baseline 0.002 -23"><span class='ocrx_word' id='word_1_25' title='bbox 415 745 564 788; x_wconf 88' lang='lat' dir='ltr'><strong>cutus</strong></span> <span class='ocrx_word' id='word_1_26' title='bbox 591 736 762 806; x_wconf 86' lang='lat' dir='ltr'><strong>fuerit,</strong></span> <span class='ocrx_word' id='word_1_27' title='bbox 807 752 897 806; x_wconf 86' lang='lat' dir='ltr'><strong>ego</strong></span> <span class='ocrx_word' id='word_1_28' title='bbox 936 735 1185 791; x_wconf 75' lang='lat' dir='ltr'><strong>Dominus</strong></span> <span class='ocrx_word' id='word_1_29' title='bbox 1209 738 1388 793; x_wconf 72' lang='lat' dir='ltr'><strong>seduxi</strong></span> <span class='ocrx_word' id='word_1_30' title='bbox 1424 739 1723 809; x_wconf 77' lang='lat' dir='ltr'><strong>prop/telam</strong></span> <span class='ocrx_word' id='word_1_31' title='bbox 1754 738 1930 804; x_wconf 89' lang='lat' dir='ltr'><strong>illum,</strong></span> <span class='ocrx_word' id='word_1_32' title='bbox 1954 746 2002 791; x_wconf 91' lang='lat' dir='ltr'><strong>et</strong></span> 
     </span>
    </p>
   </div>
   <div class='ocr_carea' id='block_1_5' title="bbox 412 826 2002 900">
    <p class='ocr_par' dir='ltr' id='par_1_5' title="bbox 412 826 2002 900">
     <span class='ocr_line' id='line_1_5' title="bbox 412 826 2002 900; baseline 0.004 -23"><span class='ocrx_word' id='word_1_33' title='bbox 412 826 681 878; x_wconf 78' lang='lat' dir='ltr'><strong>extendam</strong></span> <span class='ocrx_word' id='word_1_34' title='bbox 706 842 911 880; x_wconf 90' lang='lat' dir='ltr'><strong>manum</strong></span> <span class='ocrx_word' id='word_1_35' title='bbox 937 844 1100 881; x_wconf 89' lang='lat' dir='ltr'><strong>meam</strong></span> <span class='ocrx_word' id='word_1_36' title='bbox 1129 846 1277 900; x_wconf 86' lang='lat' dir='ltr'><strong><em>super</em></strong></span> <span class='ocrx_word' id='word_1_37' title='bbox 1297 846 1432 897; x_wconf 88' lang='lat' dir='ltr'><strong>eum,</strong></span> <span class='ocrx_word' id='word_1_38' title='bbox 1461 841 1508 884; x_wconf 94' lang='lat' dir='ltr'><strong>et</strong></span> <span class='ocrx_word' id='word_1_39' title='bbox 1527 831 1865 886; x_wconf 81' lang='lat' dir='ltr'><strong>exterminabo</strong></span> <span class='ocrx_word' id='word_1_40' title='bbox 1887 847 2002 884; x_wconf 89' lang='lat' dir='ltr'><strong>eum</strong></span> 
     </span>
    </p>
   </div>
   <div class='ocr_carea' id='block_1_6' title="bbox 411 918 2000 994">
    <p class='ocr_par' dir='ltr' id='par_1_6' title="bbox 411 918 2000 994">
     <span class='ocr_line' id='line_1_6' title="bbox 411 918 2000 994; baseline 0.004 -24"><span class='ocrx_word' id='word_1_41' title='bbox 411 919 478 971; x_wconf 90' lang='lat' dir='ltr'><strong>de</strong></span> <span class='ocrx_word' id='word_1_42' title='bbox 499 918 663 971; x_wconf 90' lang='lat' dir='ltr'><strong>medio</strong></span> <span class='ocrx_word' id='word_1_43' title='bbox 692 919 868 988; x_wconf 87' lang='lat' dir='ltr'><strong>pepuli</strong></span> <span class='ocrx_word' id='word_1_44' title='bbox 893 921 990 973; x_wconf 86' lang='lat' dir='ltr'><strong>mei</strong></span> <span class='ocrx_word' id='word_1_45' title='bbox 1015 919 1184 975; x_wconf 79' lang='lat' dir='ltr'><strong>Israel</strong></span> <span class='ocrx_word' id='word_1_46' title='bbox 1205 920 1418 994; x_wconf 81' lang='lat' dir='ltr'><strong>(Ezeclt.</strong></span> <span class='ocrx_word' id='word_1_47' title='bbox 1462 939 1568 989; x_wconf 81' lang='lat' dir='ltr'><strong>xw,</strong></span> <span class='ocrx_word' id='word_1_48' title='bbox 1607 923 1700 994; x_wconf 86' lang='lat'><strong>9)?</strong></span> <span class='ocrx_word' id='word_1_49' title='bbox 1747 923 2000 993; x_wconf 72' lang='lat' dir='ltr'><strong>patientia</strong></span> 
     </span>
    </p>
   </div>
   <div class='ocr_carea' id='block_1_7' title="bbox 411 1014 2003 1086">
    <p class='ocr_par' dir='ltr' id='par_1_7' title="bbox 411 1014 2003 1086">
     <span class='ocr_line' id='line_1_7' title="bbox 411 1014 2003 1086; baseline 0.002 -21"><span class='ocrx_word' id='word_1_50' title='bbox 411 1020 516 1076; x_wconf 86' lang='lat' dir='ltr'><strong>est,</strong></span> <span class='ocrx_word' id='word_1_51' title='bbox 547 1027 616 1066; x_wconf 91' lang='lat' dir='ltr'><strong>an</strong></span> <span class='ocrx_word' id='word_1_52' title='bbox 643 1015 920 1082; x_wconf 87' lang='lat' dir='ltr'><strong>potentia?</strong></span> <span class='ocrx_word' id='word_1_53' title='bbox 945 1014 1233 1082; x_wconf 76' lang='lat' dir='ltr'><strong>Quodlibet</strong></span> <span class='ocrx_word' id='word_1_54' title='bbox 1261 1017 1456 1086; x_wconf 82' lang='lat' dir='ltr'><strong>eligas,</strong></span> <span class='ocrx_word' id='word_1_55' title='bbox 1487 1017 1571 1071; x_wconf 89' lang='lat' dir='ltr'><strong>vel</strong></span> <span class='ocrx_word' id='word_1_56' title='bbox 1607 1025 1890 1086; x_wconf 88' lang='lat' dir='ltr'><strong>utrumque</strong></span> <span class='ocrx_word' id='word_1_57' title='bbox 1923 1014 2003 1068; x_wconf 83' lang='lat' dir='ltr'><strong>fa-</strong></span> 
     </span>
    </p>
   </div>
   <div class='ocr_carea' id='block_1_8' title="bbox 411 1104 1999 1179">
    <p class='ocr_par' dir='ltr' id='par_1_8' title="bbox 411 1104 1999 1179">
     <span class='ocr_line' id='line_1_8' title="bbox 411 1104 1999 1179; baseline 0.003 -22"><span class='ocrx_word' id='word_1_58' title='bbox 411 1104 607 1168; x_wconf 86' lang='lat' dir='ltr'><strong>tearis;</strong></span> <span class='ocrx_word' id='word_1_59' title='bbox 641 1105 791 1160; x_wconf 90' lang='lat' dir='ltr'><strong>vides</strong></span> <span class='ocrx_word' id='word_1_60' title='bbox 817 1115 992 1162; x_wconf 88' lang='lat' dir='ltr'><strong>tamen</strong></span> <span class='ocrx_word' id='word_1_61' title='bbox 1013 1106 1142 1161; x_wconf 82' lang='lat' dir='ltr'><strong>falsa</strong></span> <span class='ocrx_word' id='word_1_62' title='bbox 1166 1109 1536 1179; x_wconf 86' lang='lat' dir='ltr'><strong>prophetantis</strong></span> <span class='ocrx_word' id='word_1_63' title='bbox 1558 1117 1834 1178; x_wconf 87' lang='lat' dir='ltr'><strong>peccatum</strong></span> <span class='ocrx_word' id='word_1_64' title='bbox 1859 1122 1999 1174; x_wconf 88' lang='lat' dir='ltr'><strong>esse,</strong></span> 
     </span>
    </p>
   </div>
   <div class='ocr_carea' id='block_1_9' title="bbox 311 1193 2000 1270">
    <p class='ocr_par' dir='ltr' id='par_1_9' title="bbox 311 1193 2000 1270">
     <span class='ocr_line' id='line_1_9' title="bbox 311 1193 2000 1270; baseline 0.003 -22"><span class='ocrx_word' id='word_1_65' title='bbox 311 1244 313 1246; x_wconf 89' lang='lat'><strong>.</strong></span> <span class='ocrx_word' id='word_1_66' title='bbox 410 1212 732 1269; x_wconf 71' lang='lat' dir='ltr'><strong>pmnamque</strong></span> <span class='ocrx_word' id='word_1_67' title='bbox 761 1200 984 1269; x_wconf 75' lang='lat' dir='ltr'><strong>peccati.</strong></span> <span class='ocrx_word' id='word_1_68' title='bbox 1027 1201 1107 1254; x_wconf 87' lang='lat' dir='ltr'><strong>An</strong></span> <span class='ocrx_word' id='word_1_69' title='bbox 1143 1210 1198 1255; x_wconf 92' lang='lat' dir='ltr'><strong>et</strong></span> <span class='ocrx_word' id='word_1_70' title='bbox 1225 1201 1310 1254; x_wconf 85' lang='lat' dir='ltr'><strong>hic</strong></span> <span class='ocrx_word' id='word_1_71' title='bbox 1341 1201 1584 1256; x_wconf 90' lang='lat' dir='ltr'><strong>dicturus</strong></span> <span class='ocrx_word' id='word_1_72' title='bbox 1607 1217 1687 1264; x_wconf 91' lang='lat' dir='ltr'><strong>es,</strong></span> <span class='ocrx_word' id='word_1_73' title='bbox 1716 1193 1857 1270; x_wconf 83' lang='lat' dir='ltr'><strong>quod</strong></span> <span class='ocrx_word' id='word_1_74' title='bbox 1886 1199 1961 1253; x_wconf 93' lang='lat' dir='ltr'><strong>ait</strong></span> <span class='ocrx_word' id='word_1_75' title='bbox 1985 1239 2000 1262; x_wconf 96' lang='lat'><strong>,</strong></span> 
     </span>
    </p>
   </div>
   <div class='ocr_carea' id='block_1_10' title="bbox 409 1286 2001 1361">
    <p class='ocr_par' dir='ltr' id='par_1_10' title="bbox 409 1286 2001 1361">
     <span class='ocr_line' id='line_1_10' title="bbox 409 1286 2001 1361; baseline 0.001 -19"><span class='ocrx_word' id='word_1_76' title='bbox 409 1286 526 1359; x_wconf 82' lang='lat' dir='ltr'><strong>Ego</strong></span> <span class='ocrx_word' id='word_1_77' title='bbox 554 1287 803 1342; x_wconf 81' lang='lat' dir='ltr'><strong>Dominus</strong></span> <span class='ocrx_word' id='word_1_78' title='bbox 827 1290 1007 1344; x_wconf 87' lang='lat' dir='ltr'><strong>seduxi</strong></span> <span class='ocrx_word' id='word_1_79' title='bbox 1033 1291 1328 1361; x_wconf 80' lang='lat' dir='ltr'><strong>prOphetam</strong></span> <span class='ocrx_word' id='word_1_80' title='bbox 1364 1291 1509 1345; x_wconf 90' lang='lat' dir='ltr'><strong>illum</strong></span> <span class='ocrx_word' id='word_1_81' title='bbox 1533 1333 1548 1357; x_wconf 93' lang='lat'><strong>,</strong></span> <span class='ocrx_word' id='word_1_82' title='bbox 1600 1289 2001 1360; x_wconf 84' lang='lat' dir='ltr'><strong>intelligendum</strong></span> 
     </span>
    </p>
   </div>
   <div class='ocr_carea' id='block_1_11' title="bbox 411 1381 2004 1454">
    <p class='ocr_par' dir='ltr' id='par_1_11' title="bbox 411 1381 2004 1454">
     <span class='ocr_line' id='line_1_11' title="bbox 411 1381 2004 1454; baseline -0.001 -18"><span class='ocrx_word' id='word_1_83' title='bbox 411 1397 555 1449; x_wconf 88' lang='lat' dir='ltr'><strong>esse,</strong></span> <span class='ocrx_word' id='word_1_84' title='bbox 583 1382 825 1449; x_wconf 88' lang='lat' dir='ltr'><strong>Deserui,</strong></span> <span class='ocrx_word' id='word_1_85' title='bbox 850 1392 907 1438; x_wconf 91' lang='lat' dir='ltr'><strong>ut</strong></span> <span class='ocrx_word' id='word_1_86' title='bbox 934 1399 1028 1454; x_wconf 91' lang='lat' dir='ltr'><strong>pro</strong></span> <span class='ocrx_word' id='word_1_87' title='bbox 1058 1385 1176 1452; x_wconf 88' lang='lat' dir='ltr'><strong>ejus</strong></span> <span class='ocrx_word' id='word_1_88' title='bbox 1203 1387 1219 1416; x_wconf 86' lang='grc'>¹</span> <span class='ocrx_word' id='word_1_89' title='bbox 1253 1386 1456 1440; x_wconf 90' lang='lat' dir='ltr'><strong>meritis</strong></span> <span class='ocrx_word' id='word_1_90' title='bbox 1478 1384 1730 1439; x_wconf 87' lang='lat' dir='ltr'><strong>seductus</strong></span> <span class='ocrx_word' id='word_1_91' title='bbox 1751 1381 2004 1439; x_wconf 84' lang='lat' dir='ltr'><strong>erraret?</strong></span> 
     </span>
    </p>
   </div>
   <div class='ocr_carea' id='block_1_12' title="bbox 410 1474 2000 1546">
    <p class='ocr_par' dir='ltr' id='par_1_12' title="bbox 410 1474 2000 1546">
     <span class='ocr_line' id='line_1_12' title="bbox 410 1474 2000 1546; baseline 0.001 -19"><span class='ocrx_word' id='word_1_92' title='bbox 410 1474 524 1543; x_wconf 81' lang='lat' dir='ltr'><strong>Age</strong></span> <span class='ocrx_word' id='word_1_93' title='bbox 550 1482 604 1528; x_wconf 91' lang='lat' dir='ltr'><strong>ut</strong></span> <span class='ocrx_word' id='word_1_94' title='bbox 633 1475 743 1539; x_wconf 85' lang='lat' dir='ltr'><strong>vis,</strong></span> <span class='ocrx_word' id='word_1_95' title='bbox 783 1482 958 1529; x_wconf 91' lang='lat' dir='ltr'><strong>tamen</strong></span> <span class='ocrx_word' id='word_1_96' title='bbox 989 1491 1053 1530; x_wconf 90' lang='lat' dir='ltr'><strong>eo</strong></span> <span class='ocrx_word' id='word_1_97' title='bbox 1083 1476 1242 1532; x_wconf 84' lang='lat' dir='ltr'><strong>modo</strong></span> <span class='ocrx_word' id='word_1_98' title='bbox 1272 1477 1484 1541; x_wconf 89' lang='lat' dir='ltr'><strong>punitus</strong></span> <span class='ocrx_word' id='word_1_99' title='bbox 1509 1485 1592 1531; x_wconf 91' lang='lat' dir='ltr'><strong>est</strong></span> <span class='ocrx_word' id='word_1_100' title='bbox 1620 1492 1712 1546; x_wconf 91' lang='lat' dir='ltr'><strong>pro</strong></span> <span class='ocrx_word' id='word_1_101' title='bbox 1735 1484 1956 1546; x_wconf 88' lang='lat' dir='ltr'><strong>peccato</strong></span> <span class='ocrx_word' id='word_1_102' title='bbox 1983 1515 2000 1542; x_wconf 93' lang='lat'><strong>,</strong></span> 
     </span>
    </p>
   </div>
   <div class='ocr_carea' id='block_1_13' title="bbox 413 1566 2004 1640">
    <p class='ocr_par' dir='ltr' id='par_1_13' title="bbox 413 1566 2004 1640">
     <span class='ocr_line' id='line_1_13' title="bbox 413 1566 2004 1640; baseline 0.003 -21"><span class='ocrx_word' id='word_1_103' title='bbox 413 1574 472 1620; x_wconf 91' lang='lat' dir='ltr'><strong>ut</strong></span> <span class='ocrx_word' id='word_1_104' title='bbox 517 1566 707 1623; x_wconf 87' lang='lat' dir='ltr'><strong>falsum</strong></span> <span class='ocrx_word' id='word_1_105' title='bbox 747 1569 1119 1640; x_wconf 89' lang='lat' dir='ltr'><strong>prophetaudo</strong></span> <span class='ocrx_word' id='word_1_106' title='bbox 1161 1581 1428 1640; x_wconf 80' lang='lat' dir='ltr'><strong>peccaret.</strong></span> <span class='ocrx_word' id='word_1_107' title='bbox 1475 1571 1578 1626; x_wconf 88' lang='lat' dir='ltr'><strong>Sed</strong></span> <span class='ocrx_word' id='word_1_108' title='bbox 1625 1570 1753 1625; x_wconf 89' lang='lat' dir='ltr'><strong>illud</strong></span> <span class='ocrx_word' id='word_1_109' title='bbox 1797 1571 2004 1625; x_wconf 83' lang='lat' dir='ltr'><strong>intuere</strong></span> 
     </span>
    </p>
   </div>
   <div class='ocr_carea' id='block_1_14' title="bbox 410 1656 2004 1731">
    <p class='ocr_par' dir='ltr' id='par_1_14' title="bbox 410 1656 2004 1731">
     <span class='ocr_line' id='line_1_14' title="bbox 410 1656 2004 1731; baseline 0.002 -21"><span class='ocrx_word' id='word_1_110' title='bbox 410 1656 556 1725; x_wconf 90' lang='lat' dir='ltr'><strong>quod</strong></span> <span class='ocrx_word' id='word_1_111' title='bbox 584 1657 716 1712; x_wconf 83' lang='lat' dir='ltr'><strong>vidit</strong></span> <span class='ocrx_word' id='word_1_112' title='bbox 741 1658 988 1714; x_wconf 68' lang='lat' dir='ltr'><strong>Michrcas</strong></span> <span class='ocrx_word' id='word_1_113' title='bbox 1019 1661 1302 1731; x_wconf 80' lang='lat' dir='ltr'><strong>propheta,</strong></span> <span class='ocrx_word' id='word_1_114' title='bbox 1336 1661 1612 1714; x_wconf 90' lang='lat' dir='ltr'><strong>Dominum</strong></span> <span class='ocrx_word' id='word_1_115' title='bbox 1640 1661 1892 1716; x_wconf 83' lang='lat' dir='ltr'><strong>sedentem</strong></span> <span class='ocrx_word' id='word_1_116' title='bbox 1916 1677 2004 1714; x_wconf 89' lang='lat' dir='ltr'><strong>su-</strong></span> 
     </span>
    </p>
   </div>
   <div class='ocr_carea' id='block_1_15' title="bbox 410 1749 2005 1822">
    <p class='ocr_par' dir='ltr' id='par_1_15' title="bbox 410 1749 2005 1822">
     <span class='ocr_line' id='line_1_15' title="bbox 410 1749 2005 1822; baseline 0.001 -20"><span class='ocrx_word' id='word_1_117' title='bbox 410 1765 504 1822; x_wconf 87' lang='lat' dir='ltr'><strong>per</strong></span> <span class='ocrx_word' id='word_1_118' title='bbox 528 1749 765 1804; x_wconf 80' lang='lat' dir='ltr'><strong>thronum</strong></span> <span class='ocrx_word' id='word_1_119' title='bbox 794 1768 978 1817; x_wconf 87' lang='lat' dir='ltr'><strong>suum,</strong></span> <span class='ocrx_word' id='word_1_120' title='bbox 1011 1763 1055 1805; x_wconf 89' lang='lat' dir='ltr'><strong>et</strong></span> <span class='ocrx_word' id='word_1_121' title='bbox 1082 1753 1245 1807; x_wconf 88' lang='lat' dir='ltr'><strong>onmis</strong></span> <span class='ocrx_word' id='word_1_122' title='bbox 1271 1754 1518 1807; x_wconf 85' lang='lat' dir='ltr'><strong>exercitus</strong></span> <span class='ocrx_word' id='word_1_123' title='bbox 1539 1754 1650 1807; x_wconf 75' lang='lat' dir='ltr'><strong>caeli</strong></span> <span class='ocrx_word' id='word_1_124' title='bbox 1679 1755 1841 1806; x_wconf 79' lang='lat' dir='ltr'><strong>stabat</strong></span> <span class='ocrx_word' id='word_1_125' title='bbox 1869 1753 2005 1806; x_wconf 89' lang='lat' dir='ltr'><strong>circa</strong></span> 
     </span>
    </p>
   </div>
   <div class='ocr_carea' id='block_1_16' title="bbox 412 1841 2004 1914">
    <p class='ocr_par' dir='ltr' id='par_1_16' title="bbox 412 1841 2004 1914">
     <span class='ocr_line' id='line_1_16' title="bbox 412 1841 2004 1914; baseline 0.002 -20"><span class='ocrx_word' id='word_1_126' title='bbox 412 1856 526 1894; x_wconf 86' lang='lat' dir='ltr'><strong>eum</strong></span> <span class='ocrx_word' id='word_1_127' title='bbox 552 1857 584 1894; x_wconf 88' lang='lat' dir='ltr'><strong>a</strong></span> <span class='ocrx_word' id='word_1_128' title='bbox 603 1841 793 1895; x_wconf 76' lang='lat' dir='ltr'><strong>dextris</strong></span> <span class='ocrx_word' id='word_1_129' title='bbox 814 1844 922 1912; x_wconf 84' lang='lat' dir='ltr'><strong>ejus</strong></span> <span class='ocrx_word' id='word_1_130' title='bbox 953 1851 998 1896; x_wconf 87' lang='lat' dir='ltr'><strong>et</strong></span> <span class='ocrx_word' id='word_1_131' title='bbox 1019 1860 1049 1896; x_wconf 91' lang='lat' dir='ltr'><strong>a</strong></span> <span class='ocrx_word' id='word_1_132' title='bbox 1073 1844 1291 1898; x_wconf 79' lang='lat' dir='ltr'><strong>sinistris</strong></span> <span class='ocrx_word' id='word_1_133' title='bbox 1319 1845 1450 1914; x_wconf 86' lang='lat' dir='ltr'><strong>ejus.</strong></span> <span class='ocrx_word' id='word_1_134' title='bbox 1481 1844 1546 1897; x_wconf 82' lang='lat' dir='ltr'><strong>Et</strong></span> <span class='ocrx_word' id='word_1_135' title='bbox 1572 1845 1698 1899; x_wconf 85' lang='lat' dir='ltr'><strong>dixit</strong></span> <span class='ocrx_word' id='word_1_136' title='bbox 1728 1845 2004 1898; x_wconf 85' lang='lat' dir='ltr'><strong>Dominus:</strong></span> 
     </span>
    </p>
   </div>
   <div class='ocr_carea' id='block_1_17' title="bbox 416 1931 2005 2006">
    <p class='ocr_par' dir='ltr' id='par_1_17' title="bbox 416 1931 2005 2006">
     <span class='ocr_line' id='line_1_17' title="bbox 416 1931 2005 2006; baseline 0.003 -22"><span class='ocrx_word' id='word_1_137' title='bbox 416 1931 544 1999; x_wconf 82' lang='lat' dir='ltr'><strong>Quis</strong></span> <span class='ocrx_word' id='word_1_138' title='bbox 569 1933 764 1988; x_wconf 85' lang='lat' dir='ltr'><strong>seducet</strong></span> <span class='ocrx_word' id='word_1_139' title='bbox 792 1935 962 1988; x_wconf 82' lang='lat' dir='ltr'><strong>Achab</strong></span> <span class='ocrx_word' id='word_1_140' title='bbox 989 1953 1156 2006; x_wconf 85' lang='lat' dir='ltr'><strong>regem</strong></span> <span class='ocrx_word' id='word_1_141' title='bbox 1179 1935 1380 2003; x_wconf 83' lang='lat' dir='ltr'><strong>Israel,</strong></span> <span class='ocrx_word' id='word_1_142' title='bbox 1409 1948 1454 1991; x_wconf 92' lang='lat' dir='ltr'><strong>et</strong></span> <span class='ocrx_word' id='word_1_143' title='bbox 1480 1939 1735 2006; x_wconf 83' lang='lat' dir='ltr'><strong>ascendet,</strong></span> <span class='ocrx_word' id='word_1_144' title='bbox 1775 1947 1824 1994; x_wconf 89' lang='lat' dir='ltr'><strong>et</strong></span> <span class='ocrx_word' id='word_1_145' title='bbox 1857 1936 2005 1990; x_wconf 84' lang='lat' dir='ltr'><strong>cadet</strong></span> 
     </span>
    </p>
   </div>
   <div class='ocr_carea' id='block_1_18' title="bbox 409 2023 2006 2093">
    <p class='ocr_par' dir='ltr' id='par_1_18' title="bbox 409 2023 2006 2093">
     <span class='ocr_line' id='line_1_18' title="bbox 409 2023 2006 2093; baseline 0.001 -15"><span class='ocrx_word' id='word_1_146' title='bbox 409 2023 467 2078; x_wconf 81' lang='lat' dir='ltr'><strong>in</strong></span> <span class='ocrx_word' id='word_1_147' title='bbox 511 2024 732 2078; x_wconf 81' lang='lat' dir='ltr'><strong>Ramotlt</strong></span> <span class='ocrx_word' id='word_1_148' title='bbox 776 2023 1018 2080; x_wconf 68' lang='lat' dir='ltr'><strong>(ia/and?</strong></span> <span class='ocrx_word' id='word_1_149' title='bbox 1072 2027 1141 2081; x_wconf 84' lang='lat' dir='ltr'><strong>Et</strong></span> <span class='ocrx_word' id='word_1_150' title='bbox 1170 2028 1296 2081; x_wconf 89' lang='lat' dir='ltr'><strong>dixit</strong></span> <span class='ocrx_word' id='word_1_151' title='bbox 1336 2030 1430 2082; x_wconf 89' lang='lat' dir='ltr'><strong>iste</strong></span> <span class='ocrx_word' id='word_1_152' title='bbox 1468 2030 1562 2093; x_wconf 88' lang='lat' dir='ltr'><strong>sic,</strong></span> <span class='ocrx_word' id='word_1_153' title='bbox 1608 2039 1656 2084; x_wconf 89' lang='lat' dir='ltr'><strong>et</strong></span> <span class='ocrx_word' id='word_1_154' title='bbox 1692 2031 1786 2083; x_wconf 88' lang='lat' dir='ltr'><strong>iste</strong></span> <span class='ocrx_word' id='word_1_155' title='bbox 1813 2029 1904 2081; x_wconf 90' lang='lat' dir='ltr'><strong>sic.</strong></span> <span class='ocrx_word' id='word_1_156' title='bbox 1937 2027 2006 2080; x_wconf 89' lang='lat' dir='ltr'><strong>Et</strong></span> 
     </span>
    </p>
   </div>
   <div class='ocr_carea' id='block_1_19' title="bbox 411 2116 2005 2190">
    <p class='ocr_par' dir='ltr' id='par_1_19' title="bbox 411 2116 2005 2190">
     <span class='ocr_line' id='line_1_19' title="bbox 411 2116 2005 2190; baseline 0.002 -19"><span class='ocrx_word' id='word_1_157' title='bbox 411 2116 535 2172; x_wconf 80' lang='lat' dir='ltr'><strong>exiit</strong></span> <span class='ocrx_word' id='word_1_158' title='bbox 572 2119 782 2188; x_wconf 86' lang='lat' dir='ltr'><strong>spiritus</strong></span> <span class='ocrx_word' id='word_1_159' title='bbox 808 2159 821 2184; x_wconf 94' lang='lat'><strong>,</strong></span> <span class='ocrx_word' id='word_1_160' title='bbox 867 2128 914 2172; x_wconf 90' lang='lat' dir='ltr'><strong>et</strong></span> <span class='ocrx_word' id='word_1_161' title='bbox 961 2121 1093 2174; x_wconf 82' lang='lat' dir='ltr'><strong>stetit</strong></span> <span class='ocrx_word' id='word_1_162' title='bbox 1129 2121 1182 2174; x_wconf 89' lang='lat' dir='ltr'><strong>in</strong></span> <span class='ocrx_word' id='word_1_163' title='bbox 1212 2131 1483 2190; x_wconf 88' lang='lat' dir='ltr'><strong>conspectu</strong></span> <span class='ocrx_word' id='word_1_164' title='bbox 1512 2120 1736 2187; x_wconf 80' lang='lat' dir='ltr'><strong>Domini,</strong></span> <span class='ocrx_word' id='word_1_165' title='bbox 1765 2131 1809 2174; x_wconf 89' lang='lat' dir='ltr'><strong>et</strong></span> <span class='ocrx_word' id='word_1_166' title='bbox 1835 2121 2005 2174; x_wconf 87' lang='lat' dir='ltr'><strong>dixit:</strong></span> 
     </span>
    </p>
   </div>
   <div class='ocr_carea' id='block_1_20' title="bbox 412 2206 2008 2282">
    <p class='ocr_par' dir='ltr' id='par_1_20' title="bbox 412 2206 2008 2282">
     <span class='ocr_line' id='line_1_20' title="bbox 412 2206 2008 2282; baseline 0.001 -20"><span class='ocrx_word' id='word_1_167' title='bbox 412 2206 528 2281; x_wconf 83' lang='lat' dir='ltr'><strong>Ego</strong></span> <span class='ocrx_word' id='word_1_168' title='bbox 552 2207 787 2264; x_wconf 77' lang='lat' dir='ltr'><strong>seducunt</strong></span> <span class='ocrx_word' id='word_1_169' title='bbox 813 2226 946 2264; x_wconf 90' lang='lat' dir='ltr'><strong>eum.</strong></span> <span class='ocrx_word' id='word_1_170' title='bbox 973 2210 1037 2264; x_wconf 85' lang='lat' dir='ltr'><strong>Et</strong></span> <span class='ocrx_word' id='word_1_171' title='bbox 1062 2211 1191 2265; x_wconf 83' lang='lat' dir='ltr'><strong>dixit</strong></span> <span class='ocrx_word' id='word_1_172' title='bbox 1219 2210 1464 2264; x_wconf 83' lang='lat' dir='ltr'><strong>Dominus</strong></span> <span class='ocrx_word' id='word_1_173' title='bbox 1494 2213 1560 2264; x_wconf 88' lang='lat' dir='ltr'><strong>ad</strong></span> <span class='ocrx_word' id='word_1_174' title='bbox 1593 2227 1745 2267; x_wconf 78' lang='lat' dir='ltr'><strong>eum:</strong></span> <span class='ocrx_word' id='word_1_175' title='bbox 1772 2209 1835 2264; x_wconf 88' lang='lat' dir='ltr'><strong>In</strong></span> <span class='ocrx_word' id='word_1_176' title='bbox 1864 2228 1962 2282; x_wconf 91' lang='lat' dir='ltr'><strong>quo</strong></span> <span class='ocrx_word' id='word_1_177' title='bbox 1980 2210 2008 2264; x_wconf 74' lang='lat'><strong>.9</strong></span> 
     </span>
    </p>
   </div>
   <div class='ocr_carea' id='block_1_21' title="bbox 411 2297 2006 2374">
    <p class='ocr_par' dir='ltr' id='par_1_21' title="bbox 411 2297 2006 2374">
     <span class='ocr_line' id='line_1_21' title="bbox 411 2297 2006 2374; baseline 0.003 -21"><span class='ocrx_word' id='word_1_178' title='bbox 411 2297 486 2354; x_wconf 87' lang='lat' dir='ltr'><strong>Et</strong></span> <span class='ocrx_word' id='word_1_179' title='bbox 513 2301 642 2355; x_wconf 87' lang='lat' dir='ltr'><strong>dixit</strong></span> <span class='ocrx_word' id='word_1_180' title='bbox 671 2317 692 2356; x_wconf 89' lang='lat'><strong><em>:</em></strong></span> <span class='ocrx_word' id='word_1_181' title='bbox 721 2302 882 2358; x_wconf 84' lang='lat' dir='ltr'><strong>Exibo</strong></span> <span class='ocrx_word' id='word_1_182' title='bbox 907 2312 954 2358; x_wconf 90' lang='lat' dir='ltr'><strong>et</strong></span> <span class='ocrx_word' id='word_1_183' title='bbox 983 2318 1066 2357; x_wconf 86' lang='lat' dir='ltr'><strong>ero</strong></span> <span class='ocrx_word' id='word_1_184' title='bbox 1094 2303 1305 2374; x_wconf 81' lang='lat' dir='ltr'><strong>spiritus</strong></span> <span class='ocrx_word' id='word_1_185' title='bbox 1345 2302 1564 2357; x_wconf 87' lang='lat' dir='ltr'><strong>mendax</strong></span> <span class='ocrx_word' id='word_1_186' title='bbox 1593 2305 1756 2358; x_wconf 83' lang='lat' dir='ltr'><strong>inore</strong></span> <span class='ocrx_word' id='word_1_187' title='bbox 1779 2304 2006 2358; x_wconf 89' lang='lat' dir='ltr'><strong>onmium</strong></span> 
     </span>
    </p>
   </div>
   <div class='ocr_carea' id='block_1_22' title="bbox 413 2392 2006 2466">
    <p class='ocr_par' dir='ltr' id='par_1_22' title="bbox 413 2392 2006 2466">
     <span class='ocr_line' id='line_1_22' title="bbox 413 2392 2006 2466; baseline 0.004 -24"><span class='ocrx_word' id='word_1_188' title='bbox 413 2392 775 2462; x_wconf 76' lang='lat' dir='ltr'><strong>prapltetarum</strong></span> <span class='ocrx_word' id='word_1_189' title='bbox 816 2394 945 2466; x_wconf 86' lang='lat' dir='ltr'><strong>ejus.</strong></span> <span class='ocrx_word' id='word_1_190' title='bbox 988 2393 1056 2447; x_wconf 84' lang='lat' dir='ltr'><strong>Et</strong></span> <span class='ocrx_word' id='word_1_191' title='bbox 1083 2395 1212 2448; x_wconf 88' lang='lat' dir='ltr'><strong>dixit</strong></span> <span class='ocrx_word' id='word_1_192' title='bbox 1251 2411 1270 2449; x_wconf 88' lang='lat'><strong><em>:</em></strong></span> <span class='ocrx_word' id='word_1_193' title='bbox 1312 2394 1570 2460; x_wconf 87' lang='lat' dir='ltr'><strong>Seduces,</strong></span> <span class='ocrx_word' id='word_1_194' title='bbox 1597 2404 1642 2449; x_wconf 93' lang='lat' dir='ltr'><strong>et</strong></span> <span class='ocrx_word' id='word_1_195' title='bbox 1673 2395 2006 2466; x_wconf 80' lang='lat' dir='ltr'><strong>prtevalebis;</strong></span> 
     </span>
    </p>
   </div>
   <div class='ocr_carea' id='block_1_23' title="bbox 410 2483 2006 2558">
    <p class='ocr_par' dir='ltr' id='par_1_23' title="bbox 410 2483 2006 2558">
     <span class='ocr_line' id='line_1_23' title="bbox 410 2483 2006 2558; baseline 0.004 -21"><span class='ocrx_word' id='word_1_196' title='bbox 410 2483 495 2538; x_wconf 84' lang='lat' dir='ltr'><strong>exi</strong></span> <span class='ocrx_word' id='word_1_197' title='bbox 518 2493 565 2537; x_wconf 90' lang='lat' dir='ltr'><strong>et</strong></span> <span class='ocrx_word' id='word_1_198' title='bbox 599 2487 680 2556; x_wconf 78' lang='lat' dir='ltr'><strong>fac</strong></span> <span class='ocrx_word' id='word_1_199' title='bbox 707 2485 781 2539; x_wconf 88' lang='lat' dir='ltr'><strong>sic</strong></span> <span class='ocrx_word' id='word_1_200' title='bbox 821 2485 908 2558; x_wconf 89' lang='lat' dir='ltr'><strong>(Ill</strong></span> <span class='ocrx_word' id='word_1_201' title='bbox 936 2485 1064 2558; x_wconf 87' lang='lat' dir='ltr'><strong>Reg.</strong></span> <span class='ocrx_word' id='word_1_202' title='bbox 1098 2503 1232 2552; x_wconf 74' lang='grc' dir='ltr'>χχιι,</span> <span class='ocrx_word' id='word_1_203' title='bbox 1263 2487 1474 2558; x_wconf 70' lang='lat'><strong>19-22).</strong></span> <span class='ocrx_word' id='word_1_204' title='bbox 1498 2486 1634 2556; x_wconf 84' lang='lat' dir='ltr'><strong>Quid</strong></span> <span class='ocrx_word' id='word_1_205' title='bbox 1671 2489 1736 2541; x_wconf 85' lang='lat' dir='ltr'><strong>ad</strong></span> <span class='ocrx_word' id='word_1_206' title='bbox 1783 2487 1885 2543; x_wconf 89' lang='lat' dir='ltr'><strong>ista</strong></span> <span class='ocrx_word' id='word_1_207' title='bbox 1921 2487 2006 2542; x_wconf 77' lang='lat' dir='ltr'><strong>di-</strong></span> 
     </span>
    </p>
   </div>
   <div class='ocr_carea' id='block_1_24' title="bbox 411 2575 2008 2650">
    <p class='ocr_par' dir='ltr' id='par_1_24' title="bbox 411 2575 2008 2650">
     <span class='ocr_line' id='line_1_24' title="bbox 411 2575 2008 2650; baseline 0.004 -21"><span class='ocrx_word' id='word_1_208' title='bbox 411 2582 598 2630; x_wconf 87' lang='lat' dir='ltr'><strong>cturus</strong></span> <span class='ocrx_word' id='word_1_209' title='bbox 622 2575 720 2630; x_wconf 91' lang='lat' dir='ltr'><strong>es?</strong></span> <span class='ocrx_word' id='word_1_210' title='bbox 746 2592 941 2649; x_wconf 87' lang='lat' dir='ltr'><strong>nempe</strong></span> <span class='ocrx_word' id='word_1_211' title='bbox 984 2594 1080 2633; x_wconf 85' lang='lat' dir='ltr'><strong>rex</strong></span> <span class='ocrx_word' id='word_1_212' title='bbox 1117 2579 1230 2649; x_wconf 90' lang='lat' dir='ltr'><strong>ipse</strong></span> <span class='ocrx_word' id='word_1_213' title='bbox 1265 2580 1526 2650; x_wconf 77' lang='lat' dir='ltr'><strong>peccavit,</strong></span> <span class='ocrx_word' id='word_1_214' title='bbox 1570 2579 1714 2634; x_wconf 81' lang='lat' dir='ltr'><strong>falsis</strong></span> <span class='ocrx_word' id='word_1_215' title='bbox 1737 2579 2008 2635; x_wconf 91' lang='lat' dir='ltr'><strong>credendo</strong></span> 
     </span>
    </p>
   </div>
   <div class='ocr_carea' id='block_1_25' title="bbox 411 2668 2009 2744">
    <p class='ocr_par' dir='ltr' id='par_1_25' title="bbox 411 2668 2009 2744">
     <span class='ocr_line' id='line_1_25' title="bbox 411 2668 2009 2744; baseline 0.003 -22"><span class='ocrx_word' id='word_1_216' title='bbox 411 2668 712 2740; x_wconf 85' lang='lat' dir='ltr'><strong>prophetis.</strong></span> <span class='ocrx_word' id='word_1_217' title='bbox 739 2672 806 2724; x_wconf 89' lang='lat' dir='ltr'><strong>At</strong></span> <span class='ocrx_word' id='word_1_218' title='bbox 833 2670 947 2726; x_wconf 64' lang='lat' dir='ltr'><strong>haec</strong></span> <span class='ocrx_word' id='word_1_219' title='bbox 977 2672 1090 2742; x_wconf 90' lang='lat' dir='ltr'><strong>ipsa</strong></span> <span class='ocrx_word' id='word_1_220' title='bbox 1121 2683 1238 2727; x_wconf 88' lang='lat' dir='ltr'><strong>erat</strong></span> <span class='ocrx_word' id='word_1_221' title='bbox 1263 2681 1317 2728; x_wconf 89' lang='lat' dir='ltr'><strong>et</strong></span> <span class='ocrx_word' id='word_1_222' title='bbox 1339 2687 1494 2744; x_wconf 71' lang='lat' dir='ltr'><strong>poena</strong></span> <span class='ocrx_word' id='word_1_223' title='bbox 1524 2673 1757 2742; x_wconf 86' lang='lat' dir='ltr'><strong>peccati,</strong></span> <span class='ocrx_word' id='word_1_224' title='bbox 1791 2673 1902 2727; x_wconf 89' lang='lat' dir='ltr'><strong>Deo</strong></span> <span class='ocrx_word' id='word_1_225' title='bbox 1923 2672 2009 2742; x_wconf 87' lang='lat' dir='ltr'><strong>ju-</strong></span> 
     </span>
    </p>
   </div>
   <div class='ocr_carea' id='block_1_26' title="bbox 413 2757 2008 2835">
    <p class='ocr_par' dir='ltr' id='par_1_26' title="bbox 413 2757 2008 2835">
     <span class='ocr_line' id='line_1_26' title="bbox 413 2757 2008 2835; baseline 0.003 -21"><span class='ocrx_word' id='word_1_226' title='bbox 413 2757 655 2829; x_wconf 88' lang='lat' dir='ltr'><strong>dicante,</strong></span> <span class='ocrx_word' id='word_1_227' title='bbox 693 2761 802 2816; x_wconf 79' lang='lat' dir='ltr'><strong>Deo</strong></span> <span class='ocrx_word' id='word_1_228' title='bbox 831 2762 1073 2818; x_wconf 90' lang='lat' dir='ltr'><strong>mittente</strong></span> <span class='ocrx_word' id='word_1_229' title='bbox 1112 2764 1359 2835; x_wconf 83' lang='lat' dir='ltr'><strong>angelum</strong></span> <span class='ocrx_word' id='word_1_230' title='bbox 1406 2765 1638 2831; x_wconf 88' lang='lat' dir='ltr'><strong>malum;</strong></span> <span class='ocrx_word' id='word_1_231' title='bbox 1672 2775 1728 2818; x_wconf 90' lang='lat' dir='ltr'><strong>ut</strong></span> <span class='ocrx_word' id='word_1_232' title='bbox 1770 2765 2008 2834; x_wconf 86' lang='lat' dir='ltr'><strong>apertius</strong></span> 
     </span>
    </p>
   </div>
   <div class='ocr_carea' id='block_1_27' title="bbox 413 2847 2008 2922">
    <p class='ocr_par' dir='ltr' id='par_1_27' title="bbox 413 2847 2008 2922">
     <span class='ocr_line' id='line_1_27' title="bbox 413 2847 2008 2922; baseline 0.003 -18"><span class='ocrx_word' id='word_1_233' title='bbox 413 2847 836 2921; x_wconf 87' lang='lat' dir='ltr'><strong>iutclligeremus</strong></span> <span class='ocrx_word' id='word_1_234' title='bbox 857 2853 1124 2922; x_wconf 91' lang='lat' dir='ltr'><strong>quomodo</strong></span> <span class='ocrx_word' id='word_1_235' title='bbox 1153 2854 1204 2908; x_wconf 92' lang='lat' dir='ltr'><strong>iu</strong></span> <span class='ocrx_word' id='word_1_236' title='bbox 1227 2854 1440 2909; x_wconf 90' lang='lat' dir='ltr'><strong>Psalmo</strong></span> <span class='ocrx_word' id='word_1_237' title='bbox 1460 2853 1658 2909; x_wconf 90' lang='lat' dir='ltr'><strong>dictum</strong></span> <span class='ocrx_word' id='word_1_238' title='bbox 1682 2855 1771 2919; x_wconf 90' lang='lat' dir='ltr'><strong>sit,</strong></span> <span class='ocrx_word' id='word_1_239' title='bbox 1795 2854 2008 2909; x_wconf 85' lang='lat' dir='ltr'><strong>misisse</strong></span> 
     </span>
    </p>
   </div>
   <div class='ocr_carea' id='block_1_28' title="bbox 413 2939 2006 3016">
    <p class='ocr_par' dir='ltr' id='par_1_28' title="bbox 413 2939 2006 3016">
     <span class='ocr_line' id='line_1_28' title="bbox 413 2939 2006 3016; baseline 0.003 -21"><span class='ocrx_word' id='word_1_240' title='bbox 413 2939 548 2995; x_wconf 90' lang='lat' dir='ltr'><strong>iram</strong></span> <span class='ocrx_word' id='word_1_241' title='bbox 573 2940 949 3013; x_wconf 84' lang='lat' dir='ltr'><strong>indignationis</strong></span> <span class='ocrx_word' id='word_1_242' title='bbox 964 2959 1074 2998; x_wconf 73' lang='lat' dir='ltr'><strong>suae</strong></span> <span class='ocrx_word' id='word_1_243' title='bbox 1087 2958 1181 3013; x_wconf 89' lang='lat' dir='ltr'><strong>per</strong></span> <span class='ocrx_word' id='word_1_244' title='bbox 1193 2945 1413 3015; x_wconf 77' lang='lat' dir='ltr'><strong>angelos</strong></span> <span class='ocrx_word' id='word_1_245' title='bbox 1429 2945 1596 2999; x_wconf 92' lang='lat' dir='ltr'><strong>malos</strong></span> <span class='ocrx_word' id='word_1_246' title='bbox 1609 2945 1627 3016; x_wconf 94' lang='lat'><strong>(</strong></span> <span class='ocrx_word' id='word_1_247' title='bbox 1639 2944 1782 2999; x_wconf 89' lang='lat' dir='ltr'><strong>Psal.</strong></span> <span class='ocrx_word' id='word_1_248' title='bbox 1803 2961 2006 3012; x_wconf 75' lang='lat' dir='ltr'><strong>Lxxvu,</strong></span> 
     </span>
    </p>
   </div>
   <div class='ocr_carea' id='block_1_29' title="bbox 413 3032 2010 3108">
    <p class='ocr_par' dir='ltr' id='par_1_29' title="bbox 413 3032 2010 3108">
     <span class='ocr_line' id='line_1_29' title="bbox 413 3032 2010 3108; baseline 0.003 -20"><span class='ocrx_word' id='word_1_249' title='bbox 413 3032 532 3103; x_wconf 71' lang='lat'><strong>49).</strong></span> <span class='ocrx_word' id='word_1_250' title='bbox 563 3032 666 3088; x_wconf 88' lang='lat' dir='ltr'><strong>Sed</strong></span> <span class='ocrx_word' id='word_1_251' title='bbox 703 3035 956 3106; x_wconf 89' lang='lat' dir='ltr'><strong>numquid</strong></span> <span class='ocrx_word' id='word_1_252' title='bbox 1003 3035 1234 3091; x_wconf 88' lang='lat' dir='ltr'><strong>errando</strong></span> <span class='ocrx_word' id='word_1_253' title='bbox 1259 3078 1274 3104; x_wconf 94' lang='lat'><strong>,</strong></span> <span class='ocrx_word' id='word_1_254' title='bbox 1323 3037 1580 3108; x_wconf 91' lang='lat' dir='ltr'><strong>numquid</strong></span> <span class='ocrx_word' id='word_1_255' title='bbox 1632 3036 1826 3108; x_wconf 90' lang='lat' dir='ltr'><strong>injuste</strong></span> <span class='ocrx_word' id='word_1_256' title='bbox 1854 3037 2010 3107; x_wconf 90' lang='lat' dir='ltr'><strong>quid-</strong></span> 
     </span>
    </p>
   </div>
   <div class='ocr_carea' id='block_1_30' title="bbox 414 3126 2008 3198">
    <p class='ocr_par' dir='ltr' id='par_1_30' title="bbox 414 3126 2008 3198">
     <span class='ocr_line' id='line_1_30' title="bbox 414 3126 2008 3198; baseline 0.004 -19"><span class='ocrx_word' id='word_1_257' title='bbox 414 3139 575 3195; x_wconf 87' lang='lat' dir='ltr'><strong>quam</strong></span> <span class='ocrx_word' id='word_1_258' title='bbox 597 3126 680 3180; x_wconf 89' lang='lat' dir='ltr'><strong>vel</strong></span> <span class='ocrx_word' id='word_1_259' title='bbox 705 3136 903 3182; x_wconf 85' lang='lat' dir='ltr'><strong>temere</strong></span> <span class='ocrx_word' id='word_1_260' title='bbox 926 3127 1237 3198; x_wconf 87' lang='lat' dir='ltr'><strong>judicando,</strong></span> <span class='ocrx_word' id='word_1_261' title='bbox 1259 3130 1371 3186; x_wconf 80' lang='lat' dir='ltr'><strong>sive</strong></span> <span class='ocrx_word' id='word_1_262' title='bbox 1396 3128 1678 3186; x_wconf 87' lang='lat' dir='ltr'><strong>faciendo?</strong></span> <span class='ocrx_word' id='word_1_263' title='bbox 1701 3130 1851 3185; x_wconf 87' lang='lat' dir='ltr'><strong>Absit</strong></span> <span class='ocrx_word' id='word_1_264' title='bbox 1874 3149 1887 3184; x_wconf 93' lang='lat'><strong>:</strong></span> <span class='ocrx_word' id='word_1_265' title='bbox 1911 3129 2008 3186; x_wconf 87' lang='lat' dir='ltr'><strong>sed</strong></span> 
     </span>
    </p>
   </div>
   <div class='ocr_carea' id='block_1_31' title="bbox 413 3218 2008 3298">
    <p class='ocr_par' dir='ltr' id='par_1_31' title="bbox 413 3218 2008 3298">
     <span class='ocr_line' id='line_1_31' title="bbox 413 3218 2008 3298; baseline 0.005 -25"><span class='ocrx_word' id='word_1_266' title='bbox 413 3233 522 3273; x_wconf 86' lang='lat' dir='ltr'><strong>non</strong></span> <span class='ocrx_word' id='word_1_267' title='bbox 554 3218 748 3275; x_wconf 83' lang='lat' dir='ltr'><strong>frustra</strong></span> <span class='ocrx_word' id='word_1_268' title='bbox 774 3221 847 3275; x_wconf 91' lang='lat' dir='ltr'><strong>illi</strong></span> <span class='ocrx_word' id='word_1_269' title='bbox 875 3221 1076 3277; x_wconf 90' lang='lat' dir='ltr'><strong>dictum</strong></span> <span class='ocrx_word' id='word_1_270' title='bbox 1118 3232 1223 3290; x_wconf 87' lang='lat' dir='ltr'><strong>est,</strong></span> <span class='ocrx_word' id='word_1_271' title='bbox 1265 3223 1473 3278; x_wconf 73' lang='lat' dir='ltr'><strong>Iudicia</strong></span> <span class='ocrx_word' id='word_1_272' title='bbox 1517 3235 1604 3278; x_wconf 89' lang='lat' dir='ltr'><strong>tua</strong></span> <span class='ocrx_word' id='word_1_273' title='bbox 1638 3226 1768 3280; x_wconf 86' lang='lat' dir='ltr'><strong>sicut</strong></span> <span class='ocrx_word' id='word_1_274' title='bbox 1795 3227 2008 3298; x_wconf 84' lang='lat' dir='ltr'><strong>abyssus</strong></span> 
     </span>
    </p>
   </div>
   <div class='ocr_carea' id='block_1_32' title="bbox 413 3309 2009 3386">
    <p class='ocr_par' dir='ltr' id='par_1_32' title="bbox 413 3309 2009 3386">
     <span class='ocr_line' id='line_1_32' title="bbox 413 3309 2009 3386; baseline 0.006 -22"><span class='ocrx_word' id='word_1_275' title='bbox 413 3311 577 3364; x_wconf 89' lang='lat' dir='ltr'><strong>multa</strong></span> <span class='ocrx_word' id='word_1_276' title='bbox 605 3309 775 3380; x_wconf 86' lang='lat' dir='ltr'><strong>(Psal.</strong></span> <span class='ocrx_word' id='word_1_277' title='bbox 798 3327 965 3378; x_wconf 83' lang='lat' dir='ltr'><strong>xxxv,</strong></span> <span class='ocrx_word' id='word_1_278' title='bbox 999 3313 1075 3380; x_wconf 90' lang='lat'><strong>7).</strong></span> <span class='ocrx_word' id='word_1_279' title='bbox 1117 3313 1230 3368; x_wconf 90' lang='lat' dir='ltr'><strong>Non</strong></span> <span class='ocrx_word' id='word_1_280' title='bbox 1257 3313 1454 3369; x_wconf 82' lang='lat' dir='ltr'><strong>frustra</strong></span> <span class='ocrx_word' id='word_1_281' title='bbox 1485 3316 1749 3371; x_wconf 82' lang='lat' dir='ltr'><strong>exclamat</strong></span> <span class='ocrx_word' id='word_1_282' title='bbox 1776 3319 2009 3386; x_wconf 86' lang='lat' dir='ltr'><strong>Aposto-</strong></span> 
     </span>
    </p>
   </div>
   <div class='ocr_carea' id='block_1_33' title="bbox 412 3400 2010 3476">
    <p class='ocr_par' dir='ltr' id='par_1_33' title="bbox 412 3400 2010 3476">
     <span class='ocr_line' id='line_1_33' title="bbox 412 3400 2010 3476; baseline 0.004 -20"><span class='ocrx_word' id='word_1_283' title='bbox 412 3400 518 3466; x_wconf 87' lang='lat' dir='ltr'><strong>lus,</strong></span> <span class='ocrx_word' id='word_1_284' title='bbox 563 3400 609 3457; x_wconf 93' lang='lat'><em>0</em></span> <span class='ocrx_word' id='word_1_285' title='bbox 657 3402 872 3458; x_wconf 88' lang='lat' dir='ltr'><strong>altitudo</strong></span> <span class='ocrx_word' id='word_1_286' title='bbox 905 3404 1197 3458; x_wconf 86' lang='lat' dir='ltr'><strong>divitiarum</strong></span> <span class='ocrx_word' id='word_1_287' title='bbox 1240 3407 1502 3476; x_wconf 75' lang='lat' dir='ltr'><strong>sapientia:</strong></span> <span class='ocrx_word' id='word_1_288' title='bbox 1537 3415 1585 3461; x_wconf 92' lang='lat' dir='ltr'><strong>et</strong></span> <span class='ocrx_word' id='word_1_289' title='bbox 1623 3409 1842 3462; x_wconf 67' lang='lat' dir='ltr'><strong>scientia</strong></span> <span class='ocrx_word' id='word_1_290' title='bbox 1869 3408 2010 3464; x_wconf 89' lang='lat' dir='ltr'><strong>Dei!</strong></span> 
     </span>
    </p>
   </div>
   <div class='ocr_carea' id='block_1_34' title="bbox 412 3495 2008 3571">
    <p class='ocr_par' dir='ltr' id='par_1_34' title="bbox 412 3495 2008 3571">
     <span class='ocr_line' id='line_1_34' title="bbox 412 3495 2008 3571; baseline 0.004 -24"><span class='ocrx_word' id='word_1_291' title='bbox 412 3510 566 3564; x_wconf 88' lang='lat' dir='ltr'><strong>quam</strong></span> <span class='ocrx_word' id='word_1_292' title='bbox 601 3495 952 3551; x_wconf 70' lang='lat' dir='ltr'><strong>inacrutabilia</strong></span> <span class='ocrx_word' id='word_1_293' title='bbox 991 3507 1108 3552; x_wconf 91' lang='lat' dir='ltr'><strong>sunt</strong></span> <span class='ocrx_word' id='word_1_294' title='bbox 1133 3497 1337 3568; x_wconf 87' lang='lat' dir='ltr'><strong>judicia</strong></span> <span class='ocrx_word' id='word_1_295' title='bbox 1374 3501 1504 3569; x_wconf 88' lang='lat' dir='ltr'><strong>ejus,</strong></span> <span class='ocrx_word' id='word_1_296' title='bbox 1553 3509 1599 3554; x_wconf 90' lang='lat' dir='ltr'><strong>et</strong></span> <span class='ocrx_word' id='word_1_297' title='bbox 1638 3500 2008 3571; x_wconf 86' lang='lat' dir='ltr'><strong>investigabiles</strong></span> 
     </span>
    </p>
   </div>
   <div class='ocr_carea' id='block_1_35' title="bbox 410 3585 2011 3661">
    <p class='ocr_par' dir='ltr' id='par_1_35' title="bbox 410 3585 2011 3661">
     <span class='ocr_line' id='line_1_35' title="bbox 410 3585 2011 3661; baseline 0.004 -23"><span class='ocrx_word' id='word_1_298' title='bbox 410 3585 510 3639; x_wconf 74' lang='lat' dir='ltr'><strong>nia:</strong></span> <span class='ocrx_word' id='word_1_299' title='bbox 546 3587 701 3658; x_wconf 83' lang='lat' dir='ltr'><strong>ejus!</strong></span> <span class='ocrx_word' id='word_1_300' title='bbox 745 3587 870 3654; x_wconf 82' lang='lat' dir='ltr'><strong>Quis</strong></span> <span class='ocrx_word' id='word_1_301' title='bbox 922 3589 1055 3642; x_wconf 88' lang='lat' dir='ltr'><strong>enim</strong></span> <span class='ocrx_word' id='word_1_302' title='bbox 1095 3591 1326 3661; x_wconf 85' lang='lat' dir='ltr'><strong>cognovit</strong></span> <span class='ocrx_word' id='word_1_303' title='bbox 1382 3607 1582 3644; x_wconf 86' lang='lat' dir='ltr'><strong>sensum</strong></span> <span class='ocrx_word' id='word_1_304' title='bbox 1623 3590 1874 3646; x_wconf 82' lang='lat' dir='ltr'><strong>Domini?</strong></span> <span class='ocrx_word' id='word_1_305' title='bbox 1918 3601 2011 3645; x_wconf 88' lang='lat' dir='ltr'><strong>aut</strong></span> 
     </span>
    </p>
   </div>
   <div class='ocr_carea' id='block_1_36' title="bbox 411 3677 2008 3751">
    <p class='ocr_par' dir='ltr' id='par_1_36' title="bbox 411 3677 2008 3751">
     <span class='ocr_line' id='line_1_36' title="bbox 411 3677 2008 3751; baseline 0.003 -20"><span class='ocrx_word' id='word_1_306' title='bbox 411 3677 526 3749; x_wconf 86' lang='lat' dir='ltr'><strong>quis</strong></span> <span class='ocrx_word' id='word_1_307' title='bbox 564 3678 885 3734; x_wconf 84' lang='lat' dir='ltr'><strong>consiliarius</strong></span> <span class='ocrx_word' id='word_1_308' title='bbox 915 3681 1023 3751; x_wconf 90' lang='lat' dir='ltr'><strong>ejus</strong></span> <span class='ocrx_word' id='word_1_309' title='bbox 1055 3680 1197 3750; x_wconf 78' lang='lat' dir='ltr'><strong>fuit?</strong></span> <span class='ocrx_word' id='word_1_310' title='bbox 1221 3680 1321 3734; x_wconf 82' lang='lat' dir='ltr'><strong>Aut</strong></span> <span class='ocrx_word' id='word_1_311' title='bbox 1342 3681 1451 3749; x_wconf 82' lang='lat' dir='ltr'><strong>quis</strong></span> <span class='ocrx_word' id='word_1_312' title='bbox 1476 3683 1616 3751; x_wconf 89' lang='lat' dir='ltr'><strong>prior</strong></span> <span class='ocrx_word' id='word_1_313' title='bbox 1645 3681 1785 3736; x_wconf 86' lang='lat' dir='ltr'><strong>dedit</strong></span> <span class='ocrx_word' id='word_1_314' title='bbox 1822 3683 1923 3747; x_wconf 86' lang='lat' dir='ltr'><strong>illi,</strong></span> <span class='ocrx_word' id='word_1_315' title='bbox 1952 3690 2008 3736; x_wconf 87' lang='lat' dir='ltr'><strong>ut</strong></span> 
     </span>
    </p>
   </div>
   <div class='ocr_carea' id='block_1_37' title="bbox 410 3769 2004 3845">
    <p class='ocr_par' dir='ltr' id='par_1_37' title="bbox 410 3769 2004 3845">
     <span class='ocr_line' id='line_1_37' title="bbox 410 3769 2004 3845; baseline 0.004 -22"><span class='ocrx_word' id='word_1_316' title='bbox 410 3769 721 3823; x_wconf 86' lang='lat' dir='ltr'><strong>retribuatur</strong></span> <span class='ocrx_word' id='word_1_317' title='bbox 745 3771 792 3824; x_wconf 91' lang='lat' dir='ltr'><strong>ei</strong></span> <span class='ocrx_word' id='word_1_318' title='bbox 811 3769 986 3840; x_wconf 87' lang='lat' dir='ltr'><strong>(Rom.</strong></span> <span class='ocrx_word' id='word_1_319' title='bbox 1013 3786 1089 3837; x_wconf 66' lang='grc' dir='ltr'><strong>ιι,</strong></span> <span class='ocrx_word' id='word_1_320' title='bbox 1115 3771 1339 3842; x_wconf 74' lang='lat'><strong>55-35)?</strong></span> <span class='ocrx_word' id='word_1_321' title='bbox 1361 3771 1569 3826; x_wconf 88' lang='lat' dir='ltr'><strong>Nullum</strong></span> <span class='ocrx_word' id='word_1_322' title='bbox 1594 3773 1742 3843; x_wconf 81' lang='lat' dir='ltr'><strong>eligit</strong></span> <span class='ocrx_word' id='word_1_323' title='bbox 1761 3773 2004 3845; x_wconf 84' lang='lat' dir='ltr'><strong>dignum,</strong></span> 
     </span>
    </p>
   </div>
   <div class='ocr_carea' id='block_1_38' title="bbox 413 3859 2010 3937">
    <p class='ocr_par' dir='ltr' id='par_1_38' title="bbox 413 3859 2010 3937">
     <span class='ocr_line' id='line_1_38' title="bbox 413 3859 2010 3937; baseline 0.004 -21"><span class='ocrx_word' id='word_1_324' title='bbox 413 3859 513 3916; x_wconf 87' lang='lat' dir='ltr'><strong>sed</strong></span> <span class='ocrx_word' id='word_1_325' title='bbox 557 3862 804 3932; x_wconf 86' lang='lat' dir='ltr'><strong>eligendo</strong></span> <span class='ocrx_word' id='word_1_326' title='bbox 847 3861 1010 3918; x_wconf 88' lang='lat' dir='ltr'><strong>eflicit</strong></span> <span class='ocrx_word' id='word_1_327' title='bbox 1043 3862 1261 3934; x_wconf 88' lang='lat' dir='ltr'><strong>dignum</strong></span> <span class='ocrx_word' id='word_1_328' title='bbox 1296 3865 1347 3925; x_wconf 78' lang='grc' dir='ltr'><strong>’ς</strong></span> <span class='ocrx_word' id='word_1_329' title='bbox 1393 3864 1596 3919; x_wconf 91' lang='lat' dir='ltr'><strong>nullum</strong></span> <span class='ocrx_word' id='word_1_330' title='bbox 1635 3875 1810 3921; x_wconf 88' lang='lat' dir='ltr'><strong>tamen</strong></span> <span class='ocrx_word' id='word_1_331' title='bbox 1855 3867 2010 3937; x_wconf 88' lang='lat' dir='ltr'><strong>punit</strong></span> 
     </span>
    </p>
   </div>
   <div class='ocr_carea' id='block_1_39' title="bbox 408 3949 712 4022">
    <p class='ocr_par' dir='ltr' id='par_1_39' title="bbox 408 3949 712 4022">
     <span class='ocr_line' id='line_1_39' title="bbox 408 3949 712 4022; baseline -0.003 -15"><span class='ocrx_word' id='word_1_332' title='bbox 408 3949 712 4022; x_wconf 78' lang='lat' dir='ltr'><strong>indignum.</strong></span> 
     </span>
    </p>
   </div>
   <div class='ocr_carea' id='block_1_40' title="bbox 488 4043 2012 4121">
    <p class='ocr_par' dir='ltr' id='par_1_40' title="bbox 488 4043 2012 4121">
     <span class='ocr_line' id='line_1_40' title="bbox 488 4043 2012 4121; baseline 0.006 -23"><span class='ocrx_word' id='word_1_333' title='bbox 488 4043 716 4099; x_wconf 83' lang='lat' dir='ltr'><strong>CAPUT</strong></span> <span class='ocrx_word' id='word_1_334' title='bbox 744 4043 831 4098; x_wconf 88' lang='lat' dir='ltr'><strong>IV.</strong></span> <span class='ocrx_word' id='word_1_335' title='bbox 857 4074 930 4086; x_wconf 91' lang='lat'><strong>—-</strong></span> <span class='ocrx_word' id='word_1_336' title='bbox 955 4046 1040 4101; x_wconf 77' lang='lat' dir='ltr'><strong>M.</strong></span> <span class='ocrx_word' id='word_1_337' title='bbox 1075 4063 1094 4098; x_wconf 78' lang='grc' dir='ltr'><strong>ι</strong></span> <span class='ocrx_word' id='word_1_338' title='bbox 1114 4046 1234 4114; x_wconf 89' lang='lat' dir='ltr'><strong>Ait,</strong></span> <span class='ocrx_word' id='word_1_339' title='bbox 1263 4065 1282 4101; x_wconf 78' lang='grc' dir='ltr'><strong>ι</strong></span> <span class='ocrx_word' id='word_1_340' title='bbox 1308 4048 1506 4119; x_wconf 88' lang='lat' dir='ltr'><strong>inquis,</strong></span> <span class='ocrx_word' id='word_1_341' title='bbox 1529 4066 1547 4100; x_wconf 79' lang='grc' dir='ltr'><strong>ι</strong></span> <span class='ocrx_word' id='word_1_342' title='bbox 1568 4048 1886 4121; x_wconf 79' lang='lat' dir='ltr'><strong>Apostolus,</strong></span> <span class='ocrx_word' id='word_1_343' title='bbox 1906 4050 2012 4107; x_wconf 88' lang='lat' dir='ltr'><strong>Bo-</strong></span> 
     </span>
    </p>
   </div>
   <div class='ocr_carea' id='block_1_41' title="bbox 413 4137 2008 4210">
    <p class='ocr_par' dir='ltr' id='par_1_41' title="bbox 413 4137 2008 4210">
     <span class='ocr_line' id='line_1_41' title="bbox 413 4137 2008 4210; baseline 0.006 -18"><span class='ocrx_word' id='word_1_344' title='bbox 413 4138 550 4192; x_wconf 80' lang='lat' dir='ltr'><strong>nitas</strong></span> <span class='ocrx_word' id='word_1_345' title='bbox 573 4137 664 4192; x_wconf 90' lang='lat' dir='ltr'><strong>Dei</strong></span> <span class='ocrx_word' id='word_1_346' title='bbox 690 4139 759 4192; x_wconf 89' lang='lat' dir='ltr'><strong>ad</strong></span> <span class='ocrx_word' id='word_1_347' title='bbox 778 4140 1118 4210; x_wconf 87' lang='lat' dir='ltr'><strong>paenitentiam</strong></span> <span class='ocrx_word' id='word_1_348' title='bbox 1147 4150 1194 4195; x_wconf 90' lang='lat' dir='ltr'><strong>te</strong></span> <span class='ocrx_word' id='word_1_349' title='bbox 1213 4141 1474 4196; x_wconf 68' lang='lat' dir='ltr'><strong>adducit.)</strong></span> <span class='ocrx_word' id='word_1_350' title='bbox 1503 4143 1697 4198; x_wconf 87' lang='lat' dir='ltr'><strong>Verum</strong></span> <span class='ocrx_word' id='word_1_351' title='bbox 1726 4153 1808 4200; x_wconf 88' lang='lat' dir='ltr'><strong>est</strong></span> <span class='ocrx_word' id='word_1_352' title='bbox 1826 4187 1841 4210; x_wconf 98' lang='lat'><strong>,</strong></span> <span class='ocrx_word' id='word_1_353' title='bbox 1873 4160 2008 4201; x_wconf 86' lang='lat' dir='ltr'><strong>con-</strong></span> 
     </span>
    </p>
   </div>
   <div class='ocr_carea' id='block_1_42' title="bbox 415 4234 2008 4310">
    <p class='ocr_par' dir='ltr' id='par_1_42' title="bbox 415 4234 2008 4310">
     <span class='ocr_line' id='line_1_42' title="bbox 415 4234 2008 4310; baseline 0.004 -21"><span class='ocrx_word' id='word_1_354' title='bbox 415 4241 554 4301; x_wconf 80' lang='lat' dir='ltr'><strong>stat;</strong></span> <span class='ocrx_word' id='word_1_355' title='bbox 587 4234 680 4290; x_wconf 90' lang='lat' dir='ltr'><strong>sed</strong></span> <span class='ocrx_word' id='word_1_356' title='bbox 703 4251 860 4306; x_wconf 87' lang='lat' dir='ltr'><strong>quem</strong></span> <span class='ocrx_word' id='word_1_357' title='bbox 891 4235 1288 4305; x_wconf 59' lang='lat' dir='ltr'><strong>praedestinavit</strong></span> <span class='ocrx_word' id='word_1_358' title='bbox 1327 4236 1583 4293; x_wconf 91' lang='lat' dir='ltr'><strong>adducit:</strong></span> <span class='ocrx_word' id='word_1_359' title='bbox 1612 4240 1853 4308; x_wconf 88' lang='lat' dir='ltr'><strong>quamvis</strong></span> <span class='ocrx_word' id='word_1_360' title='bbox 1894 4240 2008 4310; x_wconf 88' lang='lat' dir='ltr'><strong>ipse</strong></span> 
     </span>
    </p>
   </div>
   <div class='ocr_carea' id='block_1_43' title="bbox 415 4329 2010 4403">
    <p class='ocr_par' dir='ltr' id='par_1_43' title="bbox 415 4329 2010 4403">
     <span class='ocr_line' id='line_1_43' title="bbox 415 4329 2010 4403; baseline 0.002 -19"><span class='ocrx_word' id='word_1_361' title='bbox 415 4329 711 4384; x_wconf 88' lang='lat' dir='ltr'><strong>secundum</strong></span> <span class='ocrx_word' id='word_1_362' title='bbox 741 4329 991 4384; x_wconf 84' lang='lat' dir='ltr'><strong>duritiam</strong></span> <span class='ocrx_word' id='word_1_363' title='bbox 1030 4344 1179 4384; x_wconf 90' lang='lat' dir='ltr'><strong>suam</strong></span> <span class='ocrx_word' id='word_1_364' title='bbox 1224 4338 1279 4386; x_wconf 88' lang='lat' dir='ltr'><strong>et</strong></span> <span class='ocrx_word' id='word_1_365' title='bbox 1306 4346 1400 4386; x_wconf 90' lang='lat' dir='ltr'><strong>cor</strong></span> <span class='ocrx_word' id='word_1_366' title='bbox 1428 4331 1799 4401; x_wconf 70' lang='lat' dir='ltr'><strong>impoenilens,</strong></span> <span class='ocrx_word' id='word_1_367' title='bbox 1841 4348 2010 4403; x_wconf 84' lang='lat' dir='ltr'><strong>quan-</strong></span> 
     </span>
    </p>
   </div>
   <div class='ocr_carea' id='block_1_44' title="bbox 415 4421 2008 4491">
    <p class='ocr_par' dir='ltr' id='par_1_44' title="bbox 415 4421 2008 4491">
     <span class='ocr_line' id='line_1_44' title="bbox 415 4421 2008 4491; baseline 0.004 -17"><span class='ocrx_word' id='word_1_368' title='bbox 415 4427 530 4475; x_wconf 89' lang='lat' dir='ltr'><strong>tum</strong></span> <span class='ocrx_word' id='word_1_369' title='bbox 551 4421 616 4476; x_wconf 91' lang='lat' dir='ltr'><strong>ad</strong></span> <span class='ocrx_word' id='word_1_370' title='bbox 645 4421 816 4491; x_wconf 89' lang='lat' dir='ltr'><strong>ipsum</strong></span> <span class='ocrx_word' id='word_1_371' title='bbox 848 4423 1058 4488; x_wconf 87' lang='lat' dir='ltr'><strong>attinet,</strong></span> <span class='ocrx_word' id='word_1_372' title='bbox 1088 4422 1411 4478; x_wconf 81' lang='lat' dir='ltr'><strong>thesaurizet</strong></span> <span class='ocrx_word' id='word_1_373' title='bbox 1445 4425 1546 4479; x_wconf 87' lang='lat' dir='ltr'><strong>sibi</strong></span> <span class='ocrx_word' id='word_1_374' title='bbox 1575 4424 1708 4480; x_wconf 92' lang='lat' dir='ltr'><strong>iram</strong></span> <span class='ocrx_word' id='word_1_375' title='bbox 1732 4425 1785 4479; x_wconf 92' lang='lat' dir='ltr'><strong>in</strong></span> <span class='ocrx_word' id='word_1_376' title='bbox 1810 4424 2008 4481; x_wconf 69' lang='lat' dir='ltr'><strong>dieirm</strong></span> 
     </span>
    </p>
   </div>
   <div class='ocr_carea' id='block_1_45' title="bbox 416 4513 2008 4590">
    <p class='ocr_par' dir='ltr' id='par_1_45' title="bbox 416 4513 2008 4590">
     <span class='ocr_line' id='line_1_45' title="bbox 416 4513 2008 4590; baseline 0.004 -23"><span class='ocrx_word' id='word_1_377' title='bbox 416 4519 474 4567; x_wconf 86' lang='lat' dir='ltr'><strong>et</strong></span> <span class='ocrx_word' id='word_1_378' title='bbox 495 4514 835 4569; x_wconf 82' lang='lat' dir='ltr'><strong>revelationis</strong></span> <span class='ocrx_word' id='word_1_379' title='bbox 855 4513 984 4583; x_wconf 88' lang='lat' dir='ltr'><strong>justi</strong></span> <span class='ocrx_word' id='word_1_380' title='bbox 1006 4514 1190 4583; x_wconf 87' lang='lat' dir='ltr'><strong>judicii</strong></span> <span class='ocrx_word' id='word_1_381' title='bbox 1220 4514 1334 4580; x_wconf 88' lang='lat' dir='ltr'><strong>Dei,</strong></span> <span class='ocrx_word' id='word_1_382' title='bbox 1365 4516 1453 4586; x_wconf 91' lang='lat' dir='ltr'><strong>qui</strong></span> <span class='ocrx_word' id='word_1_383' title='bbox 1481 4516 1682 4590; x_wconf 67' lang='lat' dir='ltr'><strong>reddet</strong></span> <span class='ocrx_word' id='word_1_384' title='bbox 1722 4517 2008 4587; x_wconf 89' lang='lat' dir='ltr'><strong>unicuique</strong></span> 
     </span>
    </p>
   </div>
   <div class='ocr_carea' id='block_1_46' title="bbox 311 4603 2008 4675">
    <p class='ocr_par' dir='ltr' id='par_1_46' title="bbox 311 4603 2008 4675">
     <span class='ocr_line' id='line_1_46' title="bbox 311 4603 2008 4675; baseline 0.002 -14"><span class='ocrx_word' id='word_1_385' title='bbox 311 4641 330 4661; x_wconf 86' lang='lat'><strong>.</strong></span> <span class='ocrx_word' id='word_1_386' title='bbox 418 4603 710 4659; x_wconf 85' lang='lat' dir='ltr'><strong>secundum</strong></span> <span class='ocrx_word' id='word_1_387' title='bbox 736 4619 898 4673; x_wconf 88' lang='lat' dir='ltr'><strong>opera</strong></span> <span class='ocrx_word' id='word_1_388' title='bbox 929 4604 1044 4674; x_wconf 84' lang='lat' dir='ltr'><strong>ejus</strong></span> <span class='ocrx_word' id='word_1_389' title='bbox 1071 4604 1182 4674; x_wconf 90' lang='lat' dir='ltr'><strong>(Id.</strong></span> <span class='ocrx_word' id='word_1_390' title='bbox 1213 4622 1270 4670; x_wconf 97' lang='grc' dir='ltr'><strong>ιι,</strong></span> <span class='ocrx_word' id='word_1_391' title='bbox 1293 4606 1842 4675; x_wconf 68' lang='lat' dir='ltr'><strong>4-6).Quantamlibet</strong></span> <span class='ocrx_word' id='word_1_392' title='bbox 1866 4610 2008 4665; x_wconf 91' lang='lat' dir='ltr'><strong>enim</strong></span> 
     </span>
    </p>
   </div>
   <div class='ocr_carea' id='block_1_47' title="bbox 416 4693 2011 4772">
    <p class='ocr_par' dir='ltr' id='par_1_47' title="bbox 416 4693 2011 4772">
     <span class='ocr_line' id='line_1_47' title="bbox 416 4693 2011 4772; baseline 0.006 -25"><span class='ocrx_word' id='word_1_393' title='bbox 416 4693 661 4765; x_wconf 65' lang='lat' dir='ltr'><strong>praebeat</strong></span> <span class='ocrx_word' id='word_1_394' title='bbox 688 4696 1033 4764; x_wconf 87' lang='lat' dir='ltr'><strong>patientiam;</strong></span> <span class='ocrx_word' id='word_1_395' title='bbox 1061 4696 1159 4750; x_wconf 77' lang='lat' dir='ltr'><strong>nisi</strong></span> <span class='ocrx_word' id='word_1_396' title='bbox 1190 4696 1303 4766; x_wconf 91' lang='lat' dir='ltr'><strong>ipse</strong></span> <span class='ocrx_word' id='word_1_397' title='bbox 1326 4697 1554 4764; x_wconf 84' lang='lat' dir='ltr'><strong>dederit,</strong></span> <span class='ocrx_word' id='word_1_398' title='bbox 1575 4701 1692 4770; x_wconf 92' lang='lat' dir='ltr'><strong>quis</strong></span> <span class='ocrx_word' id='word_1_399' title='bbox 1711 4702 1818 4770; x_wconf 91' lang='lat' dir='ltr'><strong>agit</strong></span> <span class='ocrx_word' id='word_1_400' title='bbox 1836 4702 2011 4772; x_wconf 63' lang='lat' dir='ltr'><strong>pinni-</strong></span> 
     </span>
    </p>
   </div>
   <div class='ocr_carea' id='block_1_48' title="bbox 417 4785 2012 4860">
    <p class='ocr_par' dir='ltr' id='par_1_48' title="bbox 417 4785 2012 4860">
     <span class='ocr_line' id='line_1_48' title="bbox 417 4785 2012 4860; baseline 0.004 -20"><span class='ocrx_word' id='word_1_401' title='bbox 417 4785 644 4840; x_wconf 85' lang='lat' dir='ltr'><strong>tentiam</strong></span> <span class='ocrx_word' id='word_1_402' title='bbox 670 4785 696 4838; x_wconf 90' lang='lat'><strong>?</strong></span> <span class='ocrx_word' id='word_1_403' title='bbox 718 4787 796 4840; x_wconf 82' lang='lat' dir='ltr'><strong>An</strong></span> <span class='ocrx_word' id='word_1_404' title='bbox 827 4787 1022 4842; x_wconf 85' lang='lat' dir='ltr'><strong>oblitus</strong></span> <span class='ocrx_word' id='word_1_405' title='bbox 1051 4802 1108 4842; x_wconf 89' lang='lat' dir='ltr'><strong>es</strong></span> <span class='ocrx_word' id='word_1_406' title='bbox 1135 4789 1274 4857; x_wconf 89' lang='lat' dir='ltr'><strong>quod</strong></span> <span class='ocrx_word' id='word_1_407' title='bbox 1295 4787 1433 4844; x_wconf 91' lang='lat' dir='ltr'><strong>idem</strong></span> <span class='ocrx_word' id='word_1_408' title='bbox 1464 4790 1579 4860; x_wconf 91' lang='lat' dir='ltr'><strong>ipse</strong></span> <span class='ocrx_word' id='word_1_409' title='bbox 1605 4791 1792 4846; x_wconf 90' lang='lat' dir='ltr'><strong>doctor</strong></span> <span class='ocrx_word' id='word_1_410' title='bbox 1807 4793 1900 4859; x_wconf 88' lang='lat' dir='ltr'><strong>ait,</strong></span> <span class='ocrx_word' id='word_1_411' title='bbox 1927 4791 2012 4847; x_wconf 89' lang='lat' dir='ltr'><strong>Ne</strong></span> 
     </span>
    </p>
   </div>
   <div class='ocr_carea' id='block_1_49' title="bbox 420 4876 2008 4951">
    <p class='ocr_par' dir='ltr' id='par_1_49' title="bbox 420 4876 2008 4951">
     <span class='ocr_line' id='line_1_49' title="bbox 420 4876 2008 4951; baseline 0.004 -20"><span class='ocrx_word' id='word_1_412' title='bbox 420 4880 553 4948; x_wconf 74' lang='lat' dir='ltr'><strong>forte</strong></span> <span class='ocrx_word' id='word_1_413' title='bbox 573 4877 656 4930; x_wconf 92' lang='lat' dir='ltr'><strong>det</strong></span> <span class='ocrx_word' id='word_1_414' title='bbox 677 4876 780 4932; x_wconf 88' lang='lat' dir='ltr'><strong>illis</strong></span> <span class='ocrx_word' id='word_1_415' title='bbox 805 4877 945 4932; x_wconf 89' lang='lat' dir='ltr'><strong>Deus</strong></span> <span class='ocrx_word' id='word_1_416' title='bbox 975 4880 1321 4948; x_wconf 79' lang='lat' dir='ltr'><strong>paenitentiam</strong></span> <span class='ocrx_word' id='word_1_417' title='bbox 1346 4881 1413 4934; x_wconf 92' lang='lat' dir='ltr'><strong>ad</strong></span> <span class='ocrx_word' id='word_1_418' title='bbox 1451 4884 1847 4951; x_wconf 86' lang='lat' dir='ltr'><strong>cognoscendam</strong></span> <span class='ocrx_word' id='word_1_419' title='bbox 1876 4886 2008 4938; x_wconf 86' lang='lat' dir='ltr'><strong>veri-</strong></span> 
     </span>
    </p>
   </div>
   <div class='ocr_carea' id='block_1_50' title="bbox 419 4971 2011 5052">
    <p class='ocr_par' dir='ltr' id='par_1_50' title="bbox 419 4971 2011 5052">
     <span class='ocr_line' id='line_1_50' title="bbox 419 4971 2011 5052; baseline 0.007 -27"><span class='ocrx_word' id='word_1_420' title='bbox 419 4979 600 5033; x_wconf 83' lang='lat' dir='ltr'><strong>tatem;</strong></span> <span class='ocrx_word' id='word_1_421' title='bbox 617 4979 666 5024; x_wconf 91' lang='lat' dir='ltr'><strong>et</strong></span> <span class='ocrx_word' id='word_1_422' title='bbox 682 4971 978 5042; x_wconf 86' lang='lat' dir='ltr'><strong>resipiscant</strong></span> <span class='ocrx_word' id='word_1_423' title='bbox 993 4989 1024 5025; x_wconf 90' lang='lat' dir='ltr'><strong>a</strong></span> <span class='ocrx_word' id='word_1_424' title='bbox 1039 4973 1227 5027; x_wconf 79' lang='lat' dir='ltr'><strong>diaboli</strong></span> <span class='ocrx_word' id='word_1_425' title='bbox 1244 4975 1436 5043; x_wconf 81' lang='lat' dir='ltr'><strong>laqueis</strong></span> <span class='ocrx_word' id='word_1_426' title='bbox 1452 4974 1518 5048; x_wconf 85' lang='lat' dir='ltr'><strong>(ll</strong></span> <span class='ocrx_word' id='word_1_427' title='bbox 1533 4975 1729 5042; x_wconf 90' lang='lat' dir='ltr'><strong>Tim.n,</strong></span> <span class='ocrx_word' id='word_1_428' title='bbox 1744 4979 1814 5034; x_wconf 76' lang='grc'>25</span> <span class='ocrx_word' id='word_1_429' title='bbox 1831 4989 1876 5034; x_wconf 89' lang='lat' dir='ltr'><strong>et</strong></span> <span class='ocrx_word' id='word_1_430' title='bbox 1890 4981 2011 5052; x_wconf 74' lang='lat'><strong>26)?</strong></span> 
     </span>
    </p>
   </div>
   <div class='ocr_carea' id='block_1_51' title="bbox 419 5059 2008 5138">
    <p class='ocr_par' dir='ltr' id='par_1_51' title="bbox 419 5059 2008 5138">
     <span class='ocr_line' id='line_1_51' title="bbox 419 5059 2008 5138; baseline 0.008 -22"><span class='ocrx_word' id='word_1_431' title='bbox 419 5060 526 5116; x_wconf 84' lang='lat' dir='ltr'><strong>Sed</strong></span> <span class='ocrx_word' id='word_1_432' title='bbox 549 5059 746 5130; x_wconf 85' lang='lat' dir='ltr'><strong>judicia</strong></span> <span class='ocrx_word' id='word_1_433' title='bbox 776 5061 893 5132; x_wconf 90' lang='lat' dir='ltr'><strong>ejus</strong></span> <span class='ocrx_word' id='word_1_434' title='bbox 921 5064 1086 5118; x_wconf 87' lang='lat' dir='ltr'><strong>multa</strong></span> <span class='ocrx_word' id='word_1_435' title='bbox 1111 5064 1355 5138; x_wconf 78' lang='lat' dir='ltr'><strong>abyssus.</strong></span> <span class='ocrx_word' id='word_1_436' title='bbox 1383 5065 1494 5121; x_wconf 90' lang='lat' dir='ltr'><strong>Nos</strong></span> <span class='ocrx_word' id='word_1_437' title='bbox 1518 5077 1663 5123; x_wconf 88' lang='lat' dir='ltr'><strong>certe</strong></span> <span class='ocrx_word' id='word_1_438' title='bbox 1707 5071 1748 5123; x_wconf 92' lang='lat' dir='ltr'><strong>si</strong></span> <span class='ocrx_word' id='word_1_439' title='bbox 1799 5087 1922 5138; x_wconf 87' lang='lat' dir='ltr'><strong>eos,</strong></span> <span class='ocrx_word' id='word_1_440' title='bbox 1957 5074 2008 5129; x_wconf 94' lang='lat' dir='ltr'><strong>in</strong></span> 
     </span>
    </p>
   </div>
   <div class='ocr_carea' id='block_1_52' title="bbox 420 5151 2011 5232">
    <p class='ocr_par' dir='ltr' id='par_1_52' title="bbox 420 5151 2011 5232">
     <span class='ocr_line' id='line_1_52' title="bbox 420 5151 2011 5232; baseline 0.008 -26"><span class='ocrx_word' id='word_1_441' title='bbox 420 5167 558 5224; x_wconf 92' lang='lat' dir='ltr'><strong>quos</strong></span> <span class='ocrx_word' id='word_1_442' title='bbox 588 5151 742 5217; x_wconf 82' lang='lat' dir='ltr'><strong>nobis</strong></span> <span class='ocrx_word' id='word_1_443' title='bbox 770 5161 1007 5222; x_wconf 87' lang='lat' dir='ltr'><strong>potestas</strong></span> <span class='ocrx_word' id='word_1_444' title='bbox 1032 5163 1143 5221; x_wconf 89' lang='lat' dir='ltr'><strong>est,</strong></span> <span class='ocrx_word' id='word_1_445' title='bbox 1176 5166 1300 5213; x_wconf 86' lang='lat' dir='ltr'><strong>ante</strong></span> <span class='ocrx_word' id='word_1_446' title='bbox 1347 5157 1533 5212; x_wconf 89' lang='lat' dir='ltr'><strong>oculos</strong></span> <span class='ocrx_word' id='word_1_447' title='bbox 1576 5169 1788 5217; x_wconf 90' lang='lat' dir='ltr'><strong>nostros</strong></span> <span class='ocrx_word' id='word_1_448' title='bbox 1819 5177 2011 5232; x_wconf 87' lang='lat' dir='ltr'><strong>perpe-</strong></span> 
     </span>
    </p>
   </div>
   <div class='ocr_carea' id='block_1_53' title="bbox 421 5243 2006 5320">
    <p class='ocr_par' dir='ltr' id='par_1_53' title="bbox 421 5243 2006 5320">
     <span class='ocr_line' id='line_1_53' title="bbox 421 5243 2006 5320; baseline 0.006 -20"><span class='ocrx_word' id='word_1_449' title='bbox 421 5253 566 5300; x_wconf 88' lang='lat' dir='ltr'><strong>trare</strong></span> <span class='ocrx_word' id='word_1_450' title='bbox 603 5243 806 5298; x_wconf 88' lang='lat' dir='ltr'><strong>scelera</strong></span> <span class='ocrx_word' id='word_1_451' title='bbox 846 5245 1246 5314; x_wconf 83' lang='lat' dir='ltr'><strong>permittamus,</strong></span> <span class='ocrx_word' id='word_1_452' title='bbox 1291 5248 1368 5304; x_wconf 89' lang='lat' dir='ltr'><strong>rei</strong></span> <span class='ocrx_word' id='word_1_453' title='bbox 1418 5264 1541 5305; x_wconf 93' lang='lat' dir='ltr'><strong>cum</strong></span> <span class='ocrx_word' id='word_1_454' title='bbox 1589 5251 1716 5320; x_wconf 86' lang='lat' dir='ltr'><strong>ipsis</strong></span> <span class='ocrx_word' id='word_1_455' title='bbox 1767 5253 2006 5310; x_wconf 88' lang='lat' dir='ltr'><strong>erimus:</strong></span> 
     </span>
    </p>
   </div>
   <div class='ocr_carea' id='block_1_54' title="bbox 419 5337 2012 5410">
    <p class='ocr_par' dir='ltr' id='par_1_54' title="bbox 419 5337 2012 5410">
     <span class='ocr_line' id='line_1_54' title="bbox 419 5337 2012 5410; baseline 0.006 -18"><span class='ocrx_word' id='word_1_456' title='bbox 419 5352 580 5409; x_wconf 87' lang='lat' dir='ltr'><strong>quam</strong></span> <span class='ocrx_word' id='word_1_457' title='bbox 607 5352 738 5393; x_wconf 89' lang='lat' dir='ltr'><strong>vero</strong></span> <span class='ocrx_word' id='word_1_458' title='bbox 770 5337 1172 5394; x_wconf 87' lang='lat' dir='ltr'><strong>innumerabilia</strong></span> <span class='ocrx_word' id='word_1_459' title='bbox 1192 5339 1283 5394; x_wconf 91' lang='lat' dir='ltr'><strong>ille</strong></span> <span class='ocrx_word' id='word_1_460' title='bbox 1313 5342 1573 5410; x_wconf 88' lang='lat' dir='ltr'><strong>permittit</strong></span> <span class='ocrx_word' id='word_1_461' title='bbox 1588 5341 1701 5398; x_wconf 80' lang='lat' dir='ltr'><strong>fieri</strong></span> <span class='ocrx_word' id='word_1_462' title='bbox 1729 5355 1854 5400; x_wconf 88' lang='lat' dir='ltr'><strong>ante</strong></span> <span class='ocrx_word' id='word_1_463' title='bbox 1879 5361 2012 5401; x_wconf 90' lang='lat' dir='ltr'><strong>ocu-</strong></span> 
     </span>
    </p>
   </div>
   <div class='ocr_carea' id='block_1_55' title="bbox 417 5431 2011 5510">
    <p class='ocr_par' dir='ltr' id='par_1_55' title="bbox 417 5431 2011 5510">
     <span class='ocr_line' id='line_1_55' title="bbox 417 5431 2011 5510; baseline 0.007 -24"><span class='ocrx_word' id='word_1_464' title='bbox 417 5431 502 5486; x_wconf 87' lang='lat' dir='ltr'><strong>los</strong></span> <span class='ocrx_word' id='word_1_465' title='bbox 529 5445 677 5494; x_wconf 89' lang='lat' dir='ltr'><strong>suos,</strong></span> <span class='ocrx_word' id='word_1_466' title='bbox 709 5446 827 5503; x_wconf 76' lang='lat' dir='ltr'><strong>qua:</strong></span> <span class='ocrx_word' id='word_1_467' title='bbox 850 5431 1051 5502; x_wconf 90' lang='lat' dir='ltr'><strong>utique,</strong></span> <span class='ocrx_word' id='word_1_468' title='bbox 1084 5431 1129 5485; x_wconf 89' lang='lat' dir='ltr'><strong>si</strong></span> <span class='ocrx_word' id='word_1_469' title='bbox 1147 5432 1423 5500; x_wconf 85' lang='lat' dir='ltr'><strong>noluisset,</strong></span> <span class='ocrx_word' id='word_1_470' title='bbox 1453 5436 1594 5491; x_wconf 85' lang='lat' dir='ltr'><strong>nulla</strong></span> <span class='ocrx_word' id='word_1_471' title='bbox 1631 5439 1840 5494; x_wconf 88' lang='lat' dir='ltr'><strong>ratione</strong></span> <span class='ocrx_word' id='word_1_472' title='bbox 1886 5455 2011 5510; x_wconf 87' lang='lat' dir='ltr'><strong>per-</strong></span> 
     </span>
    </p>
   </div>
   <div class='ocr_carea' id='block_1_56' title="bbox 422 5523 2011 5602">
    <p class='ocr_par' dir='ltr' id='par_1_56' title="bbox 422 5523 2011 5602">
     <span class='ocr_line' id='line_1_56' title="bbox 422 5523 2011 5602; baseline 0.008 -27"><span class='ocrx_word' id='word_1_473' title='bbox 422 5531 656 5577; x_wconf 79' lang='lat' dir='ltr'><strong>mitteret</strong></span> <span class='ocrx_word' id='word_1_474' title='bbox 677 5523 702 5579; x_wconf 85' lang='lat'><strong>?</strong></span> <span class='ocrx_word' id='word_1_475' title='bbox 720 5531 774 5578; x_wconf 91' lang='lat' dir='ltr'><strong>et</strong></span> <span class='ocrx_word' id='word_1_476' title='bbox 795 5531 971 5579; x_wconf 91' lang='lat' dir='ltr'><strong>tamen</strong></span> <span class='ocrx_word' id='word_1_477' title='bbox 991 5523 1170 5594; x_wconf 90' lang='lat' dir='ltr'><strong>justus</strong></span> <span class='ocrx_word' id='word_1_478' title='bbox 1195 5533 1248 5578; x_wconf 89' lang='lat' dir='ltr'><strong>et</strong></span> <span class='ocrx_word' id='word_1_479' title='bbox 1273 5524 1443 5580; x_wconf 91' lang='lat' dir='ltr'><strong>bonus</strong></span> <span class='ocrx_word' id='word_1_480' title='bbox 1470 5536 1571 5581; x_wconf 88' lang='lat' dir='ltr'><strong>est.</strong></span> <span class='ocrx_word' id='word_1_481' title='bbox 1598 5529 1666 5582; x_wconf 89' lang='lat' dir='ltr'><strong>Et</strong></span> <span class='ocrx_word' id='word_1_482' title='bbox 1689 5530 1831 5599; x_wconf 89' lang='lat' dir='ltr'><strong>quod</strong></span> <span class='ocrx_word' id='word_1_483' title='bbox 1871 5548 2011 5602; x_wconf 69' lang='lat' dir='ltr'><strong>pra:-</strong></span> 
     </span>
    </p>
   </div>
   <div class='ocr_carea' id='block_1_57' title="bbox 420 5613 2010 5688">
    <p class='ocr_par' dir='ltr' id='par_1_57' title="bbox 420 5613 2010 5688">
     <span class='ocr_line' id='line_1_57' title="bbox 420 5613 2010 5688; baseline 0.008 -20"><span class='ocrx_word' id='word_1_484' title='bbox 420 5613 600 5669; x_wconf 82' lang='lat' dir='ltr'><strong>bendo</strong></span> <span class='ocrx_word' id='word_1_485' title='bbox 619 5615 926 5685; x_wconf 89' lang='lat' dir='ltr'><strong>patientiam</strong></span> <span class='ocrx_word' id='word_1_486' title='bbox 953 5613 1044 5669; x_wconf 90' lang='lat' dir='ltr'><strong>dat</strong></span> <span class='ocrx_word' id='word_1_487' title='bbox 1077 5614 1253 5670; x_wconf 92' lang='lat' dir='ltr'><strong>locum</strong></span> <span class='ocrx_word' id='word_1_488' title='bbox 1286 5615 1632 5688; x_wconf 71' lang='lat' dir='ltr'><strong>poenitentize,</strong></span> <span class='ocrx_word' id='word_1_489' title='bbox 1681 5622 1869 5678; x_wconf 89' lang='lat' dir='ltr'><strong>nolens</strong></span> <span class='ocrx_word' id='word_1_490' title='bbox 1910 5625 2010 5680; x_wconf 87' lang='lat' dir='ltr'><strong>ali-</strong></span> 
     </span>
    </p>
   </div>
   <div class='ocr_carea' id='block_1_58' title="bbox 489 5749 1405 5813">
    <p class='ocr_par' dir='ltr' id='par_1_58' title="bbox 489 5749 1405 5813">
     <span class='ocr_line' id='line_1_58' title="bbox 489 5749 1405 5813; baseline 0.008 -17"><span class='ocrx_word' id='word_1_491' title='bbox 489 5750 506 5813; x_wconf 56' lang='grc' dir='ltr'>ξ</span> <span class='ocrx_word' id='word_1_492' title='bbox 533 5755 631 5813; x_wconf 78' lang='lat' dir='ltr'><strong>Am.</strong></span> <span class='ocrx_word' id='word_1_493' title='bbox 659 5756 711 5798; x_wconf 89' lang='lat' dir='ltr'><strong>et</strong></span> <span class='ocrx_word' id='word_1_494' title='bbox 734 5756 840 5813; x_wconf 74' lang='lat' dir='ltr'><strong>Mss.</strong></span> <span class='ocrx_word' id='word_1_495' title='bbox 864 5749 1026 5803; x_wconf 89' lang='lat' dir='ltr'><strong>Gallic.</strong></span> <span class='ocrx_word' id='word_1_496' title='bbox 1049 5759 1102 5803; x_wconf 89' lang='lat' dir='ltr'><strong>et</strong></span> <span class='ocrx_word' id='word_1_497' title='bbox 1123 5754 1292 5813; x_wconf 77' lang='lat' dir='ltr'><strong>Vatic.,</strong></span> <span class='ocrx_word' id='word_1_498' title='bbox 1318 5753 1405 5804; x_wconf 88' lang='lat' dir='ltr'><strong>eis.</strong></span> 
     </span>
    </p>
   </div>
   <div class='ocr_carea' id='block_1_59' title="bbox 486 5811 2010 5886">
    <p class='ocr_par' dir='ltr' id='par_1_59' title="bbox 486 5811 2010 5886">
     <span class='ocr_line' id='line_1_59' title="bbox 486 5811 2010 5886; baseline 0.012 -29"><span class='ocrx_word' id='word_1_499' title='bbox 486 5812 509 5842; x_wconf 75' lang='grc'><strong><em>²</em></strong></span> <span class='ocrx_word' id='word_1_500' title='bbox 523 5811 926 5886; x_wconf 50' lang='lat' dir='ltr'><strong>Editietaliquot</strong></span> <span class='ocrx_word' id='word_1_501' title='bbox 947 5822 1077 5878; x_wconf 71' lang='lat' dir='ltr'><strong>Mss,</strong></span> <span class='ocrx_word' id='word_1_502' title='bbox 1100 5811 1295 5866; x_wconf 73' lang='lat' dir='ltr'><strong>Nouum</strong></span> <span class='ocrx_word' id='word_1_503' title='bbox 1309 5813 1452 5881; x_wconf 87' lang='lat' dir='ltr'><strong>elegit</strong></span> <span class='ocrx_word' id='word_1_504' title='bbox 1479 5813 1697 5882; x_wconf 86' lang='lat' dir='ltr'><strong>dignum,</strong></span> <span class='ocrx_word' id='word_1_505' title='bbox 1719 5819 1806 5872; x_wconf 86' lang='lat' dir='ltr'><strong>sed</strong></span> <span class='ocrx_word' id='word_1_506' title='bbox 1829 5818 2010 5886; x_wconf 84' lang='lat' dir='ltr'><strong>eligen-</strong></span> 
     </span>
    </p>
   </div>
   <div class='ocr_carea' id='block_1_60' title="bbox 426 5872 898 5938">
    <p class='ocr_par' dir='ltr' id='par_1_60' title="bbox 426 5872 898 5938">
     <span class='ocr_line' id='line_1_60' title="bbox 426 5872 898 5938; baseline 0 -12"><span class='ocrx_word' id='word_1_507' title='bbox 426 5872 495 5926; x_wconf 82' lang='lat' dir='ltr'><strong>do</strong></span> <span class='ocrx_word' id='word_1_508' title='bbox 508 5873 662 5935; x_wconf 76' lang='lat' dir='ltr'><strong>effecit</strong></span> <span class='ocrx_word' id='word_1_509' title='bbox 684 5872 898 5938; x_wconf 78' lang='lat' dir='ltr'><strong>dignum.</strong></span> 
     </span>
    </p>
   </div>
   <div class='ocr_carea' id='block_1_61' title="bbox 3593 443 3703 501">
    <p class='ocr_par' dir='ltr' id='par_1_61' title="bbox 3593 443 3703 501">
     <span class='ocr_line' id='line_1_61' title="bbox 3593 443 3703 501; baseline 0.009 -1"><span class='ocrx_word' id='word_1_510' title='bbox 3593 443 3703 501; x_wconf 61' lang='lat'><strong>798</strong></span> 
     </span>
    </p>
   </div>
   <div class='ocr_carea' id='block_1_62' title="bbox 2117 553 3703 628">
    <p class='ocr_par' dir='ltr' id='par_1_62' title="bbox 2117 553 3703 628">
     <span class='ocr_line' id='line_1_62' title="bbox 2117 553 3703 628; baseline 0.008 -27"><span class='ocrx_word' id='word_1_511' title='bbox 2117 565 2272 620; x_wconf 89' lang='lat' dir='ltr'><strong>quem</strong></span> <span class='ocrx_word' id='word_1_512' title='bbox 2305 555 2482 621; x_wconf 86' lang='lat' dir='ltr'><strong>perire</strong></span> <span class='ocrx_word' id='word_1_513' title='bbox 2536 553 2600 626; x_wconf 90' lang='lat' dir='ltr'><strong>(II</strong></span> <span class='ocrx_word' id='word_1_514' title='bbox 2625 554 2765 610; x_wconf 88' lang='lat' dir='ltr'><strong>Petr.</strong></span> <span class='ocrx_word' id='word_1_515' title='bbox 2794 571 2872 621; x_wconf 90' lang='grc' dir='ltr'>ιιι,</span> <span class='ocrx_word' id='word_1_516' title='bbox 2899 554 2977 627; x_wconf 90' lang='lat'><strong>9),</strong></span> <span class='ocrx_word' id='word_1_517' title='bbox 3004 557 3140 611; x_wconf 76' lang='lat' dir='ltr'><strong>novit</strong></span> <span class='ocrx_word' id='word_1_518' title='bbox 3168 554 3418 612; x_wconf 86' lang='lat' dir='ltr'><strong>Dominus</strong></span> <span class='ocrx_word' id='word_1_519' title='bbox 3450 559 3537 628; x_wconf 82' lang='lat' dir='ltr'><strong>qui</strong></span> <span class='ocrx_word' id='word_1_520' title='bbox 3580 568 3703 614; x_wconf 82' lang='lat' dir='ltr'><strong>sunt</strong></span> 
     </span>
    </p>
   </div>
   <div class='ocr_carea' id='block_1_63' title="bbox 2112 643 3699 722">
    <p class='ocr_par' dir='ltr' id='par_1_63' title="bbox 2112 643 3699 722">
     <span class='ocr_line' id='line_1_63' title="bbox 2112 643 3699 722; baseline 0.006 -28"><span class='ocrx_word' id='word_1_521' title='bbox 2112 643 2220 712; x_wconf 89' lang='lat' dir='ltr'><strong>ejus</strong></span> <span class='ocrx_word' id='word_1_522' title='bbox 2267 643 2335 714; x_wconf 85' lang='lat' dir='ltr'><strong>(Il</strong></span> <span class='ocrx_word' id='word_1_523' title='bbox 2369 644 2501 700; x_wconf 89' lang='lat' dir='ltr'><strong>Tim.</strong></span> <span class='ocrx_word' id='word_1_524' title='bbox 2529 662 2585 709; x_wconf 91' lang='grc' dir='ltr'><strong>ιι,</strong></span> <span class='ocrx_word' id='word_1_525' title='bbox 2608 646 2805 722; x_wconf 82' lang='lat' dir='ltr'><strong>I9),_et</strong></span> <span class='ocrx_word' id='word_1_526' title='bbox 2832 648 3001 700; x_wconf 87' lang='lat' dir='ltr'><strong>omnia</strong></span> <span class='ocrx_word' id='word_1_527' title='bbox 3026 658 3331 716; x_wconf 85' lang='lat' dir='ltr'><strong>coeperatur</strong></span> <span class='ocrx_word' id='word_1_528' title='bbox 3355 651 3372 680; x_wconf 84' lang='grc'>¹</span> <span class='ocrx_word' id='word_1_529' title='bbox 3402 650 3454 704; x_wconf 88' lang='lat' dir='ltr'><strong>in</strong></span> <span class='ocrx_word' id='word_1_530' title='bbox 3484 649 3699 716; x_wconf 85' lang='lat' dir='ltr'><strong>bonum,</strong></span> 
     </span>
    </p>
   </div>
   <div class='ocr_carea' id='block_1_64' title="bbox 2113 736 3698 812">
    <p class='ocr_par' dir='ltr' id='par_1_64' title="bbox 2113 736 3698 812">
     <span class='ocr_line' id='line_1_64' title="bbox 2113 736 3698 812; baseline 0.006 -22"><span class='ocrx_word' id='word_1_531' title='bbox 2113 736 2207 791; x_wconf 90' lang='lat' dir='ltr'><strong>sed</strong></span> <span class='ocrx_word' id='word_1_532' title='bbox 2225 737 2303 791; x_wconf 80' lang='lat' dir='ltr'><strong>Itis</strong></span> <span class='ocrx_word' id='word_1_533' title='bbox 2327 739 2412 808; x_wconf 90' lang='lat' dir='ltr'><strong>qui</strong></span> <span class='ocrx_word' id='word_1_534' title='bbox 2435 740 2711 794; x_wconf 87' lang='lat' dir='ltr'><strong>secundum</strong></span> <span class='ocrx_word' id='word_1_535' title='bbox 2739 740 3050 812; x_wconf 85' lang='lat' dir='ltr'><strong>propositum</strong></span> <span class='ocrx_word' id='word_1_536' title='bbox 3069 741 3234 794; x_wconf 79' lang='lat' dir='ltr'><strong>vocati</strong></span> <span class='ocrx_word' id='word_1_537' title='bbox 3257 751 3394 796; x_wconf 85' lang='lat' dir='ltr'><strong>sunt.</strong></span> <span class='ocrx_word' id='word_1_538' title='bbox 3421 741 3535 796; x_wconf 86' lang='lat' dir='ltr'><strong>Non</strong></span> <span class='ocrx_word' id='word_1_539' title='bbox 3550 744 3698 798; x_wconf 90' lang='lat' dir='ltr'><strong>cnim</strong></span> 
     </span>
    </p>
   </div>
   <div class='ocr_carea' id='block_1_65' title="bbox 2111 832 3704 904">
    <p class='ocr_par' dir='ltr' id='par_1_65' title="bbox 2111 832 3704 904">
     <span class='ocr_line' id='line_1_65' title="bbox 2111 832 3704 904; baseline 0.004 -21"><span class='ocrx_word' id='word_1_540' title='bbox 2111 843 2300 885; x_wconf 89' lang='lat' dir='ltr'><strong>omnes</strong></span> <span class='ocrx_word' id='word_1_541' title='bbox 2325 832 2414 902; x_wconf 88' lang='lat' dir='ltr'><strong>qui</strong></span> <span class='ocrx_word' id='word_1_542' title='bbox 2444 832 2616 887; x_wconf 88' lang='lat' dir='ltr'><strong>vocati</strong></span> <span class='ocrx_word' id='word_1_543' title='bbox 2656 841 2812 897; x_wconf 93' lang='lat' dir='ltr'><strong>sunt,</strong></span> <span class='ocrx_word' id='word_1_544' title='bbox 2866 833 3158 888; x_wconf 86' lang='lat' dir='ltr'><strong>secundum</strong></span> <span class='ocrx_word' id='word_1_545' title='bbox 3213 835 3542 904; x_wconf 88' lang='lat' dir='ltr'><strong>propositum</strong></span> <span class='ocrx_word' id='word_1_546' title='bbox 3573 847 3704 891; x_wconf 86' lang='lat' dir='ltr'><strong>sunt</strong></span> 
     </span>
    </p>
   </div>
   <div class='ocr_carea' id='block_1_66' title="bbox 2111 921 3694 995">
    <p class='ocr_par' dir='ltr' id='par_1_66' title="bbox 2111 921 3694 995">
     <span class='ocr_line' id='line_1_66' title="bbox 2111 921 3694 995; baseline 0.004 -21"><span class='ocrx_word' id='word_1_547' title='bbox 2111 921 2305 976; x_wconf 82' lang='lat' dir='ltr'><strong>vocati.</strong></span> <span class='ocrx_word' id='word_1_548' title='bbox 2355 921 2509 976; x_wconf 81' lang='lat' dir='ltr'><strong>Multi</strong></span> <span class='ocrx_word' id='word_1_549' title='bbox 2548 923 2680 976; x_wconf 88' lang='lat' dir='ltr'><strong>enim</strong></span> <span class='ocrx_word' id='word_1_550' title='bbox 2718 923 2913 988; x_wconf 79' lang='lat' dir='ltr'><strong>vocati,</strong></span> <span class='ocrx_word' id='word_1_551' title='bbox 2957 923 3109 994; x_wconf 84' lang='lat' dir='ltr'><strong>pauci</strong></span> <span class='ocrx_word' id='word_1_552' title='bbox 3148 938 3264 978; x_wconf 76' lang='lat' dir='ltr'><strong>vero</strong></span> <span class='ocrx_word' id='word_1_553' title='bbox 3292 925 3434 978; x_wconf 88' lang='lat' dir='ltr'><strong>electi</strong></span> <span class='ocrx_word' id='word_1_554' title='bbox 3476 923 3694 995; x_wconf 76' lang='lat' dir='ltr'><strong>(Matth.</strong></span> 
     </span>
    </p>
   </div>
   <div class='ocr_carea' id='block_1_67' title="bbox 2112 1013 3699 1085">
    <p class='ocr_par' dir='ltr' id='par_1_67' title="bbox 2112 1013 3699 1085">
     <span class='ocr_line' id='line_1_67' title="bbox 2112 1013 3699 1085; baseline 0.003 -20"><span class='ocrx_word' id='word_1_555' title='bbox 2112 1027 2242 1078; x_wconf 67' lang='grc' dir='ltr'>χχιι,</span> <span class='ocrx_word' id='word_1_556' title='bbox 2267 1013 2376 1082; x_wconf 74' lang='grc'><strong>14).</strong></span> <span class='ocrx_word' id='word_1_557' title='bbox 2409 1013 2510 1080; x_wconf 85' lang='lat' dir='ltr'><strong>Qui</strong></span> <span class='ocrx_word' id='word_1_558' title='bbox 2551 1028 2680 1083; x_wconf 89' lang='lat' dir='ltr'><strong>ergo</strong></span> <span class='ocrx_word' id='word_1_559' title='bbox 2730 1013 2924 1080; x_wconf 89' lang='lat' dir='ltr'><strong>electi,</strong></span> <span class='ocrx_word' id='word_1_560' title='bbox 2952 1013 3006 1068; x_wconf 84' lang='lat' dir='ltr'><strong>hi</strong></span> <span class='ocrx_word' id='word_1_561' title='bbox 3037 1013 3330 1069; x_wconf 86' lang='lat' dir='ltr'><strong>secundum</strong></span> <span class='ocrx_word' id='word_1_562' title='bbox 3361 1016 3699 1085; x_wconf 89' lang='lat' dir='ltr'><strong>propositum</strong></span> 
     </span>
    </p>
   </div>
   <div class='ocr_carea' id='block_1_68' title="bbox 2111 1105 3706 1162">
    <p class='ocr_par' dir='ltr' id='par_1_68' title="bbox 2111 1105 3706 1162">
     <span class='ocr_line' id='line_1_68' title="bbox 2111 1105 3706 1162; baseline 0.003 -4"><span class='ocrx_word' id='word_1_563' title='bbox 2111 1106 2304 1159; x_wconf 88' lang='lat' dir='ltr'><strong>vocati.</strong></span> <span class='ocrx_word' id='word_1_564' title='bbox 2344 1105 2495 1161; x_wconf 88' lang='lat' dir='ltr'><strong>Unde</strong></span> <span class='ocrx_word' id='word_1_565' title='bbox 2523 1114 2578 1160; x_wconf 91' lang='lat' dir='ltr'><strong>et</strong></span> <span class='ocrx_word' id='word_1_566' title='bbox 2611 1105 2738 1160; x_wconf 86' lang='lat' dir='ltr'><strong>alibi</strong></span> <span class='ocrx_word' id='word_1_567' title='bbox 2769 1105 2899 1162; x_wconf 90' lang='lat' dir='ltr'><strong>dicit</strong></span> <span class='ocrx_word' id='word_1_568' title='bbox 2934 1123 2947 1159; x_wconf 89' lang='lat'><strong>:</strong></span> <span class='ocrx_word' id='word_1_569' title='bbox 2997 1105 3292 1161; x_wconf 86' lang='lat' dir='ltr'><strong>Secundum</strong></span> <span class='ocrx_word' id='word_1_570' title='bbox 3329 1108 3562 1161; x_wconf 84' lang='lat' dir='ltr'><strong>virtutem</strong></span> <span class='ocrx_word' id='word_1_571' title='bbox 3601 1106 3706 1162; x_wconf 81' lang='lat' dir='ltr'><strong>Dei</strong></span> 
     </span>
    </p>
   </div>
   <div class='ocr_carea' id='block_1_69' title="bbox 2111 1197 3702 1268">
    <p class='ocr_par' dir='ltr' id='par_1_69' title="bbox 2111 1197 3702 1268">
     <span class='ocr_line' id='line_1_69' title="bbox 2111 1197 3702 1268; baseline 0.003 -20"><span class='ocrx_word' id='word_1_572' title='bbox 2111 1197 2275 1250; x_wconf 85' lang='lat' dir='ltr'><strong>salvos</strong></span> <span class='ocrx_word' id='word_1_573' title='bbox 2300 1212 2400 1250; x_wconf 91' lang='lat' dir='ltr'><strong>non</strong></span> <span class='ocrx_word' id='word_1_574' title='bbox 2426 1197 2656 1268; x_wconf 80' lang='lat' dir='ltr'><strong>facientis</strong></span> <span class='ocrx_word' id='word_1_575' title='bbox 2699 1206 2746 1251; x_wconf 89' lang='lat' dir='ltr'><strong>et</strong></span> <span class='ocrx_word' id='word_1_576' title='bbox 2791 1199 3017 1252; x_wconf 80' lang='lat' dir='ltr'><strong>vocantis</strong></span> <span class='ocrx_word' id='word_1_577' title='bbox 3046 1198 3307 1252; x_wconf 82' lang='lat' dir='ltr'><strong>vocatione</strong></span> <span class='ocrx_word' id='word_1_578' title='bbox 3340 1215 3434 1252; x_wconf 88' lang='lat' dir='ltr'><strong>sua</strong></span> <span class='ocrx_word' id='word_1_579' title='bbox 3474 1209 3654 1252; x_wconf 88' lang='lat' dir='ltr'><strong>sancta</strong></span> <span class='ocrx_word' id='word_1_580' title='bbox 3680 1216 3702 1264; x_wconf 88' lang='lat'><strong><em>;</em></strong></span> 
     </span>
    </p>
   </div>
   <div class='ocr_carea' id='block_1_70' title="bbox 2112 1289 3704 1361">
    <p class='ocr_par' dir='ltr' id='par_1_70' title="bbox 2112 1289 3704 1361">
     <span class='ocr_line' id='line_1_70' title="bbox 2112 1289 3704 1361; baseline 0.003 -20"><span class='ocrx_word' id='word_1_581' title='bbox 2112 1303 2214 1342; x_wconf 89' lang='lat' dir='ltr'><strong>non</strong></span> <span class='ocrx_word' id='word_1_582' title='bbox 2241 1289 2515 1343; x_wconf 85' lang='lat' dir='ltr'><strong>secundum</strong></span> <span class='ocrx_word' id='word_1_583' title='bbox 2541 1307 2697 1360; x_wconf 83' lang='lat' dir='ltr'><strong>opera</strong></span> <span class='ocrx_word' id='word_1_584' title='bbox 2721 1299 2914 1358; x_wconf 81' lang='lat' dir='ltr'><strong>nostra,</strong></span> <span class='ocrx_word' id='word_1_585' title='bbox 2947 1291 3036 1346; x_wconf 89' lang='lat' dir='ltr'><strong>sed</strong></span> <span class='ocrx_word' id='word_1_586' title='bbox 3054 1293 3330 1346; x_wconf 87' lang='lat' dir='ltr'><strong>secundum</strong></span> <span class='ocrx_word' id='word_1_587' title='bbox 3347 1309 3497 1346; x_wconf 89' lang='lat' dir='ltr'><strong>suum</strong></span> <span class='ocrx_word' id='word_1_588' title='bbox 3510 1309 3673 1361; x_wconf 81' lang='lat' dir='ltr'><strong>prope</strong></span> <span class='ocrx_word' id='word_1_589' title='bbox 3688 1322 3704 1332; x_wconf 71' lang='grc' dir='ltr'><strong>ο</strong></span> 
     </span>
    </p>
   </div>
   <div class='ocr_carea' id='block_1_71' title="bbox 2110 1382 3707 1454">
    <p class='ocr_par' dir='ltr' id='par_1_71' title="bbox 2110 1382 3707 1454">
     <span class='ocr_line' id='line_1_71' title="bbox 2110 1382 3707 1454; baseline 0.001 -18"><span class='ocrx_word' id='word_1_590' title='bbox 2110 1382 2261 1436; x_wconf 90' lang='lat' dir='ltr'><strong>situm</strong></span> <span class='ocrx_word' id='word_1_591' title='bbox 2286 1390 2333 1436; x_wconf 89' lang='lat' dir='ltr'><strong>et</strong></span> <span class='ocrx_word' id='word_1_592' title='bbox 2356 1383 2598 1453; x_wconf 89' lang='lat' dir='ltr'><strong>gratiam,</strong></span> <span class='ocrx_word' id='word_1_593' title='bbox 2630 1399 2745 1454; x_wconf 75' lang='lat' dir='ltr'><strong>quae</strong></span> <span class='ocrx_word' id='word_1_594' title='bbox 2772 1384 2894 1437; x_wconf 89' lang='lat' dir='ltr'><strong>data</strong></span> <span class='ocrx_word' id='word_1_595' title='bbox 2929 1393 3002 1438; x_wconf 88' lang='lat' dir='ltr'><strong>est</strong></span> <span class='ocrx_word' id='word_1_596' title='bbox 3041 1385 3183 1438; x_wconf 85' lang='lat' dir='ltr'><strong>nobis</strong></span> <span class='ocrx_word' id='word_1_597' title='bbox 3227 1386 3279 1438; x_wconf 90' lang='lat' dir='ltr'><strong>in</strong></span> <span class='ocrx_word' id='word_1_598' title='bbox 3329 1383 3530 1440; x_wconf 83' lang='lat' dir='ltr'><strong>Christo</strong></span> <span class='ocrx_word' id='word_1_599' title='bbox 3576 1384 3707 1440; x_wconf 81' lang='lat' dir='ltr'><strong>Jesu</strong></span> 
     </span>
    </p>
   </div>
   <div class='ocr_carea' id='block_1_72' title="bbox 2111 1477 3709 1552">
    <p class='ocr_par' dir='ltr' id='par_1_72' title="bbox 2111 1477 3709 1552">
     <span class='ocr_line' id='line_1_72' title="bbox 2111 1477 3709 1552; baseline 0.001 -22"><span class='ocrx_word' id='word_1_600' title='bbox 2111 1487 2232 1532; x_wconf 91' lang='lat' dir='ltr'><strong>ante</strong></span> <span class='ocrx_word' id='word_1_601' title='bbox 2253 1478 2441 1532; x_wconf 67' lang='lat' dir='ltr'><strong>saecula</strong></span> <span class='ocrx_word' id='word_1_602' title='bbox 2472 1488 2661 1533; x_wconf 74' lang='lat' dir='ltr'><strong>wterna</strong></span> <span class='ocrx_word' id='word_1_603' title='bbox 2699 1477 2776 1552; x_wconf 93' lang='grc' dir='ltr'>(ιι</span> <span class='ocrx_word' id='word_1_604' title='bbox 2807 1478 2939 1532; x_wconf 85' lang='lat' dir='ltr'><strong>Tim.</strong></span> <span class='ocrx_word' id='word_1_605' title='bbox 2964 1495 3003 1546; x_wconf 89' lang='grc' dir='ltr'><strong>ι,</strong></span> <span class='ocrx_word' id='word_1_606' title='bbox 3029 1479 3064 1534; x_wconf 89' lang='grc'><strong>8</strong></span> <span class='ocrx_word' id='word_1_607' title='bbox 3085 1488 3132 1534; x_wconf 83' lang='grc' dir='ltr'>ει</span> <span class='ocrx_word' id='word_1_608' title='bbox 3153 1478 3232 1551; x_wconf 89' lang='lat'><strong>9).</strong></span> <span class='ocrx_word' id='word_1_609' title='bbox 3262 1479 3503 1550; x_wconf 87' lang='lat' dir='ltr'><strong>Denique</strong></span> <span class='ocrx_word' id='word_1_610' title='bbox 3530 1489 3586 1534; x_wconf 91' lang='lat' dir='ltr'><strong>et</strong></span> <span class='ocrx_word' id='word_1_611' title='bbox 3617 1481 3709 1533; x_wconf 86' lang='lat' dir='ltr'><strong>hic</strong></span> 
     </span>
    </p>
   </div>
   <div class='ocr_carea' id='block_1_73' title="bbox 2111 1570 3708 1643">
    <p class='ocr_par' dir='ltr' id='par_1_73' title="bbox 2111 1570 3708 1643">
     <span class='ocr_line' id='line_1_73' title="bbox 2111 1570 3708 1643; baseline 0.001 -18"><span class='ocrx_word' id='word_1_612' title='bbox 2111 1584 2235 1625; x_wconf 88' lang='lat' dir='ltr'><strong>cum</strong></span> <span class='ocrx_word' id='word_1_613' title='bbox 2272 1570 2532 1636; x_wconf 82' lang='lat' dir='ltr'><strong>dixisset,</strong></span> <span class='ocrx_word' id='word_1_614' title='bbox 2559 1571 2746 1626; x_wconf 88' lang='lat' dir='ltr'><strong>Omnia</strong></span> <span class='ocrx_word' id='word_1_615' title='bbox 2785 1581 3086 1642; x_wconf 86' lang='lat' dir='ltr'><strong>coeperatur</strong></span> <span class='ocrx_word' id='word_1_616' title='bbox 3110 1573 3163 1626; x_wconf 91' lang='lat' dir='ltr'><strong>in</strong></span> <span class='ocrx_word' id='word_1_617' title='bbox 3191 1572 3375 1626; x_wconf 80' lang='lat' dir='ltr'><strong>bonum</strong></span> <span class='ocrx_word' id='word_1_618' title='bbox 3405 1574 3482 1626; x_wconf 77' lang='lat' dir='ltr'><strong>Itis</strong></span> <span class='ocrx_word' id='word_1_619' title='bbox 3509 1574 3598 1643; x_wconf 86' lang='lat' dir='ltr'><strong>qui</strong></span> <span class='ocrx_word' id='word_1_620' title='bbox 3626 1589 3708 1626; x_wconf 87' lang='lat' dir='ltr'><strong>se-</strong></span> 
     </span>
    </p>
   </div>
   <div class='ocr_carea' id='block_1_74' title="bbox 2111 1661 3708 1734">
    <p class='ocr_par' dir='ltr' id='par_1_74' title="bbox 2111 1661 3708 1734">
     <span class='ocr_line' id='line_1_74' title="bbox 2111 1661 3708 1734; baseline 0.001 -18"><span class='ocrx_word' id='word_1_621' title='bbox 2111 1661 2332 1717; x_wconf 85' lang='lat' dir='ltr'><strong>cundum</strong></span> <span class='ocrx_word' id='word_1_622' title='bbox 2346 1664 2660 1734; x_wconf 88' lang='lat' dir='ltr'><strong>propositum</strong></span> <span class='ocrx_word' id='word_1_623' title='bbox 2674 1665 2835 1717; x_wconf 83' lang='lat' dir='ltr'><strong>vocati</strong></span> <span class='ocrx_word' id='word_1_624' title='bbox 2847 1673 2964 1717; x_wconf 86' lang='lat' dir='ltr'><strong>sunt</strong></span> <span class='ocrx_word' id='word_1_625' title='bbox 2984 1678 3002 1718; x_wconf 92' lang='lat'><strong><em>:</em></strong></span> <span class='ocrx_word' id='word_1_626' title='bbox 3020 1664 3274 1719; x_wconf 88' lang='lat' dir='ltr'><strong>continuo</strong></span> <span class='ocrx_word' id='word_1_627' title='bbox 3283 1663 3535 1729; x_wconf 87' lang='lat' dir='ltr'><strong>subdidit,</strong></span> <span class='ocrx_word' id='word_1_628' title='bbox 3560 1662 3708 1728; x_wconf 82' lang='lat' dir='ltr'><strong>Quo-</strong></span> 
     </span>
    </p>
   </div>
   <div class='ocr_carea' id='block_1_75' title="bbox 2113 1756 3708 1828">
    <p class='ocr_par' dir='ltr' id='par_1_75' title="bbox 2113 1756 3708 1828">
     <span class='ocr_line' id='line_1_75' title="bbox 2113 1756 3708 1828; baseline 0 -18"><span class='ocrx_word' id='word_1_629' title='bbox 2113 1756 2253 1810; x_wconf 88' lang='lat' dir='ltr'><strong>niam</strong></span> <span class='ocrx_word' id='word_1_630' title='bbox 2274 1772 2402 1826; x_wconf 88' lang='lat' dir='ltr'><strong>quos</strong></span> <span class='ocrx_word' id='word_1_631' title='bbox 2447 1765 2564 1810; x_wconf 86' lang='lat' dir='ltr'><strong>ante</strong></span> <span class='ocrx_word' id='word_1_632' title='bbox 2607 1757 2857 1828; x_wconf 76' lang='lat' dir='ltr'><strong>prtescivit</strong></span> <span class='ocrx_word' id='word_1_633' title='bbox 2875 1797 2892 1824; x_wconf 94' lang='lat'><strong>,</strong></span> <span class='ocrx_word' id='word_1_634' title='bbox 2919 1767 2966 1811; x_wconf 90' lang='lat' dir='ltr'><strong>et</strong></span> <span class='ocrx_word' id='word_1_635' title='bbox 3009 1757 3380 1828; x_wconf 80' lang='lat' dir='ltr'><strong>prtedestinavit</strong></span> <span class='ocrx_word' id='word_1_636' title='bbox 3419 1759 3708 1826; x_wconf 76' lang='lat' dir='ltr'><strong>conformes</strong></span> 
     </span>
    </p>
   </div>
   <div class='ocr_carea' id='block_1_76' title="bbox 2113 1847 3707 1921">
    <p class='ocr_par' dir='ltr' id='par_1_76' title="bbox 2113 1847 3707 1921">
     <span class='ocr_line' id='line_1_76' title="bbox 2113 1847 3707 1921; baseline 0 -20"><span class='ocrx_word' id='word_1_637' title='bbox 2113 1847 2352 1919; x_wconf 88' lang='lat' dir='ltr'><strong>imaginis</strong></span> <span class='ocrx_word' id='word_1_638' title='bbox 2371 1847 2497 1903; x_wconf 90' lang='lat' dir='ltr'><strong>Filii</strong></span> <span class='ocrx_word' id='word_1_639' title='bbox 2527 1850 2656 1920; x_wconf 89' lang='lat' dir='ltr'><strong>ejus,</strong></span> <span class='ocrx_word' id='word_1_640' title='bbox 2686 1857 2745 1903; x_wconf 85' lang='lat' dir='ltr'><strong>ut</strong></span> <span class='ocrx_word' id='word_1_641' title='bbox 2779 1850 2844 1904; x_wconf 91' lang='lat' dir='ltr'><strong>sit</strong></span> <span class='ocrx_word' id='word_1_642' title='bbox 2869 1849 3232 1921; x_wconf 76' lang='lat' dir='ltr'><strong>primogenitae</strong></span> <span class='ocrx_word' id='word_1_643' title='bbox 3254 1850 3305 1902; x_wconf 89' lang='lat' dir='ltr'><strong>in</strong></span> <span class='ocrx_word' id='word_1_644' title='bbox 3331 1849 3502 1902; x_wconf 87' lang='lat' dir='ltr'><strong>multis</strong></span> <span class='ocrx_word' id='word_1_645' title='bbox 3528 1849 3707 1918; x_wconf 81' lang='lat' dir='ltr'><strong>fratri-</strong></span> 
     </span>
    </p>
   </div>
   <div class='ocr_carea' id='block_1_77' title="bbox 2115 1941 3709 2014">
    <p class='ocr_par' dir='ltr' id='par_1_77' title="bbox 2115 1941 3709 2014">
     <span class='ocr_line' id='line_1_77' title="bbox 2115 1941 3709 2014; baseline 0.001 -19"><span class='ocrx_word' id='word_1_646' title='bbox 2115 1941 2207 1996; x_wconf 87' lang='lat' dir='ltr'><strong>bus</strong></span> <span class='ocrx_word' id='word_1_647' title='bbox 2229 1958 2248 1995; x_wconf 90' lang='lat'><strong><em>:</em></strong></span> <span class='ocrx_word' id='word_1_648' title='bbox 2267 1959 2393 2012; x_wconf 90' lang='lat' dir='ltr'><strong>quos</strong></span> <span class='ocrx_word' id='word_1_649' title='bbox 2417 1952 2584 1996; x_wconf 89' lang='lat' dir='ltr'><strong>autem</strong></span> <span class='ocrx_word' id='word_1_650' title='bbox 2612 1944 2984 2014; x_wconf 74' lang='lat' dir='ltr'><strong>prxdestinauit</strong></span> <span class='ocrx_word' id='word_1_651' title='bbox 3006 1985 3020 2008; x_wconf 96' lang='lat'><strong>,</strong></span> <span class='ocrx_word' id='word_1_652' title='bbox 3049 1943 3166 1998; x_wconf 89' lang='lat' dir='ltr'><strong>illos</strong></span> <span class='ocrx_word' id='word_1_653' title='bbox 3193 1953 3240 1997; x_wconf 85' lang='lat' dir='ltr'><strong>et</strong></span> <span class='ocrx_word' id='word_1_654' title='bbox 3265 1944 3480 2008; x_wconf 82' lang='lat' dir='ltr'><strong>vocavit;</strong></span> <span class='ocrx_word' id='word_1_655' title='bbox 3504 1952 3551 1996; x_wconf 92' lang='lat' dir='ltr'><strong>et</strong></span> <span class='ocrx_word' id='word_1_656' title='bbox 3576 1959 3709 2013; x_wconf 84' lang='lat' dir='ltr'><strong>quos</strong></span> 
     </span>
    </p>
   </div>
   <div class='ocr_carea' id='block_1_78' title="bbox 2114 2035 3704 2109">
    <p class='ocr_par' dir='ltr' id='par_1_78' title="bbox 2114 2035 3704 2109">
     <span class='ocr_line' id='line_1_78' title="bbox 2114 2035 3704 2109; baseline 0.003 -21"><span class='ocrx_word' id='word_1_657' title='bbox 2114 2035 2329 2101; x_wconf 82' lang='lat' dir='ltr'><strong>vocavit,</strong></span> <span class='ocrx_word' id='word_1_658' title='bbox 2346 2035 2484 2107; x_wconf 88' lang='lat' dir='ltr'><strong>ipsos</strong></span> <span class='ocrx_word' id='word_1_659' title='bbox 2503 2045 2550 2090; x_wconf 90' lang='lat' dir='ltr'><strong>et</strong></span> <span class='ocrx_word' id='word_1_660' title='bbox 2562 2037 2886 2107; x_wconf 75' lang='lat' dir='ltr'><strong>justiﬁcavit;</strong></span> <span class='ocrx_word' id='word_1_661' title='bbox 2904 2053 3029 2105; x_wconf 87' lang='lat' dir='ltr'><strong>quos</strong></span> <span class='ocrx_word' id='word_1_662' title='bbox 3044 2045 3211 2090; x_wconf 88' lang='lat' dir='ltr'><strong>autem</strong></span> <span class='ocrx_word' id='word_1_663' title='bbox 3221 2037 3540 2109; x_wconf 74' lang='lat' dir='ltr'><strong>justi/ienuit,</strong></span> <span class='ocrx_word' id='word_1_664' title='bbox 3559 2037 3704 2105; x_wconf 80' lang='lat' dir='ltr'><strong>ipsos</strong></span> 
     </span>
    </p>
   </div>
   <div class='ocr_carea' id='block_1_79' title="bbox 2115 2126 3704 2198">
    <p class='ocr_par' dir='ltr' id='par_1_79' title="bbox 2115 2126 3704 2198">
     <span class='ocr_line' id='line_1_79' title="bbox 2115 2126 3704 2198; baseline 0 -18"><span class='ocrx_word' id='word_1_665' title='bbox 2115 2135 2162 2180; x_wconf 90' lang='lat' dir='ltr'><strong>et</strong></span> <span class='ocrx_word' id='word_1_666' title='bbox 2189 2127 2494 2197; x_wconf 75' lang='lat' dir='ltr'><strong>glori/ienuit</strong></span> <span class='ocrx_word' id='word_1_667' title='bbox 2517 2128 2693 2198; x_wconf 86' lang='lat' dir='ltr'><strong>(Rom.</strong></span> <span class='ocrx_word' id='word_1_668' title='bbox 2730 2144 2844 2194; x_wconf 81' lang='lat' dir='ltr'><strong>vni,</strong></span> <span class='ocrx_word' id='word_1_669' title='bbox 2873 2128 3082 2198; x_wconf 71' lang='lat'><strong>28-30).</strong></span> <span class='ocrx_word' id='word_1_670' title='bbox 3131 2128 3194 2182; x_wconf 78' lang='lat' dir='ltr'><strong>Ili</strong></span> <span class='ocrx_word' id='word_1_671' title='bbox 3241 2137 3367 2182; x_wconf 91' lang='lat' dir='ltr'><strong>sunt</strong></span> <span class='ocrx_word' id='word_1_672' title='bbox 3406 2126 3704 2182; x_wconf 88' lang='lat' dir='ltr'><strong>secundum</strong></span> 
     </span>
    </p>
   </div>
   <div class='ocr_carea' id='block_1_80' title="bbox 2117 2212 3704 2284">
    <p class='ocr_par' dir='ltr' id='par_1_80' title="bbox 2117 2212 3704 2284">
     <span class='ocr_line' id='line_1_80' title="bbox 2117 2212 3704 2284; baseline 0.001 -18"><span class='ocrx_word' id='word_1_673' title='bbox 2117 2212 2449 2282; x_wconf 86' lang='lat' dir='ltr'><strong>propositum</strong></span> <span class='ocrx_word' id='word_1_674' title='bbox 2471 2215 2664 2268; x_wconf 87' lang='lat' dir='ltr'><strong>vocati.</strong></span> <span class='ocrx_word' id='word_1_675' title='bbox 2687 2214 2790 2284; x_wconf 87' lang='lat' dir='ltr'><strong>Ipsi</strong></span> <span class='ocrx_word' id='word_1_676' title='bbox 2818 2229 2946 2284; x_wconf 88' lang='lat' dir='ltr'><strong>ergo</strong></span> <span class='ocrx_word' id='word_1_677' title='bbox 2971 2213 3214 2281; x_wconf 88' lang='lat' dir='ltr'><strong>electi,et</strong></span> <span class='ocrx_word' id='word_1_678' title='bbox 3237 2214 3343 2268; x_wconf 88' lang='lat' dir='ltr'><strong>hoc</strong></span> <span class='ocrx_word' id='word_1_679' title='bbox 3367 2223 3490 2269; x_wconf 85' lang='lat' dir='ltr'><strong>ante</strong></span> <span class='ocrx_word' id='word_1_680' title='bbox 3519 2213 3704 2268; x_wconf 87' lang='lat' dir='ltr'><strong>mundi</strong></span> 
     </span>
    </p>
   </div>
   <div class='ocr_carea' id='block_1_81' title="bbox 2114 2303 3708 2376">
    <p class='ocr_par' dir='ltr' id='par_1_81' title="bbox 2114 2303 3708 2376">
     <span class='ocr_line' id='line_1_81' title="bbox 2114 2303 3708 2376; baseline 0.001 -19"><span class='ocrx_word' id='word_1_681' title='bbox 2114 2303 2552 2360; x_wconf 87' lang='lat' dir='ltr'><strong>constitutionem</strong></span> <span class='ocrx_word' id='word_1_682' title='bbox 2580 2303 2797 2376; x_wconf 88' lang='lat' dir='ltr'><strong>(Ephes.</strong></span> <span class='ocrx_word' id='word_1_683' title='bbox 2844 2321 2883 2370; x_wconf 93' lang='grc' dir='ltr'><strong>ι,</strong></span> <span class='ocrx_word' id='word_1_684' title='bbox 2909 2304 2986 2376; x_wconf 72' lang='grc'><strong>4),</strong></span> <span class='ocrx_word' id='word_1_685' title='bbox 3018 2305 3086 2360; x_wconf 89' lang='lat' dir='ltr'><strong>ab</strong></span> <span class='ocrx_word' id='word_1_686' title='bbox 3109 2319 3176 2360; x_wconf 90' lang='lat' dir='ltr'><strong>eo</strong></span> <span class='ocrx_word' id='word_1_687' title='bbox 3204 2304 3292 2376; x_wconf 88' lang='lat' dir='ltr'><strong>qui</strong></span> <span class='ocrx_word' id='word_1_688' title='bbox 3319 2315 3473 2359; x_wconf 82' lang='lat' dir='ltr'><strong>vocat</strong></span> <span class='ocrx_word' id='word_1_689' title='bbox 3491 2320 3554 2360; x_wconf 87' lang='lat' dir='ltr'><strong>ea</strong></span> <span class='ocrx_word' id='word_1_690' title='bbox 3582 2320 3708 2375; x_wconf 66' lang='lat' dir='ltr'><strong>quas</strong></span> 
     </span>
    </p>
   </div>
   <div class='ocr_carea' id='block_1_82' title="bbox 2116 2394 3710 2469">
    <p class='ocr_par' dir='ltr' id='par_1_82' title="bbox 2116 2394 3710 2469">
     <span class='ocr_line' id='line_1_82' title="bbox 2116 2394 3710 2469; baseline 0.001 -21"><span class='ocrx_word' id='word_1_691' title='bbox 2116 2407 2223 2448; x_wconf 88' lang='lat' dir='ltr'><strong>non</strong></span> <span class='ocrx_word' id='word_1_692' title='bbox 2242 2403 2367 2450; x_wconf 88' lang='lat' dir='ltr'><strong>sunt</strong></span> <span class='ocrx_word' id='word_1_693' title='bbox 2395 2405 2644 2466; x_wconf 86' lang='lat' dir='ltr'><strong>tanquam</strong></span> <span class='ocrx_word' id='word_1_694' title='bbox 2673 2397 2782 2450; x_wconf 90' lang='lat' dir='ltr'><strong>sint</strong></span> <span class='ocrx_word' id='word_1_695' title='bbox 2809 2395 2985 2469; x_wconf 83' lang='lat' dir='ltr'><strong>(Rom.</strong></span> <span class='ocrx_word' id='word_1_696' title='bbox 3015 2411 3088 2463; x_wconf 84' lang='lat' dir='ltr'><strong>tv,</strong></span> <span class='ocrx_word' id='word_1_697' title='bbox 3121 2396 3235 2466; x_wconf 80' lang='grc'><strong>17).</strong></span> <span class='ocrx_word' id='word_1_698' title='bbox 3259 2394 3367 2450; x_wconf 87' lang='lat' dir='ltr'><strong>Sed</strong></span> <span class='ocrx_word' id='word_1_699' title='bbox 3391 2395 3579 2458; x_wconf 89' lang='lat' dir='ltr'><strong>electi,</strong></span> <span class='ocrx_word' id='word_1_700' title='bbox 3611 2411 3710 2464; x_wconf 89' lang='lat' dir='ltr'><strong>per</strong></span> 
     </span>
    </p>
   </div>
   <div class='ocr_carea' id='block_1_83' title="bbox 2116 2470 3705 2557">
    <p class='ocr_par' dir='ltr' id='par_1_83' title="bbox 2116 2470 3705 2557">
     <span class='ocr_line' id='line_1_83' title="bbox 2116 2470 3705 2557; baseline -0.001 -17"><span class='ocrx_word' id='word_1_701' title='bbox 2116 2483 2434 2542; x_wconf 88' lang='lat' dir='ltr'><strong>electionem</strong></span> <span class='ocrx_word' id='word_1_702' title='bbox 2450 2487 2654 2557; x_wconf 78' lang='lat' dir='ltr'><strong>gratiae.</strong></span> <span class='ocrx_word' id='word_1_703' title='bbox 2679 2470 2832 2542; x_wconf 83' lang='lat' dir='ltr'><strong>Unde</strong></span> <span class='ocrx_word' id='word_1_704' title='bbox 2847 2487 2976 2542; x_wconf 90' lang='lat' dir='ltr'><strong>dicit</strong></span> <span class='ocrx_word' id='word_1_705' title='bbox 2995 2487 3135 2542; x_wconf 90' lang='lat' dir='ltr'><strong>idem</strong></span> <span class='ocrx_word' id='word_1_706' title='bbox 3161 2485 3348 2542; x_wconf 90' lang='lat' dir='ltr'><strong>doctor</strong></span> <span class='ocrx_word' id='word_1_707' title='bbox 3361 2495 3413 2541; x_wconf 90' lang='lat' dir='ltr'><strong>et</strong></span> <span class='ocrx_word' id='word_1_708' title='bbox 3425 2486 3492 2541; x_wconf 90' lang='lat' dir='ltr'><strong>de</strong></span> <span class='ocrx_word' id='word_1_709' title='bbox 3507 2486 3670 2542; x_wconf 89' lang='lat' dir='ltr'><strong>Israel</strong></span> <span class='ocrx_word' id='word_1_710' title='bbox 3690 2503 3705 2539; x_wconf 90' lang='lat'><strong>:</strong></span> 
     </span>
    </p>
   </div>
   <div class='ocr_carea' id='block_1_84' title="bbox 2116 2574 3709 2650">
    <p class='ocr_par' dir='ltr' id='par_1_84' title="bbox 2116 2574 3709 2650">
     <span class='ocr_line' id='line_1_84' title="bbox 2116 2574 3709 2650; baseline -0.001 -19"><span class='ocrx_word' id='word_1_711' title='bbox 2116 2575 2371 2648; x_wconf 73' lang='lat' dir='ltr'><strong>Reliquiat</strong></span> <span class='ocrx_word' id='word_1_712' title='bbox 2397 2594 2488 2649; x_wconf 85' lang='lat' dir='ltr'><strong>per</strong></span> <span class='ocrx_word' id='word_1_713' title='bbox 2501 2577 2792 2634; x_wconf 82' lang='lat' dir='ltr'><strong>electionem</strong></span> <span class='ocrx_word' id='word_1_714' title='bbox 2818 2578 2996 2650; x_wconf 74' lang='lat' dir='ltr'><strong>gratiae</strong></span> <span class='ocrx_word' id='word_1_715' title='bbox 3021 2581 3172 2650; x_wconf 79' lang='lat' dir='ltr'><strong>factte</strong></span> <span class='ocrx_word' id='word_1_716' title='bbox 3189 2587 3304 2632; x_wconf 89' lang='lat' dir='ltr'><strong>sunt</strong></span> <span class='ocrx_word' id='word_1_717' title='bbox 3321 2579 3363 2630; x_wconf 80' lang='lat'><strong>&#39;.</strong></span> <span class='ocrx_word' id='word_1_718' title='bbox 3383 2577 3452 2631; x_wconf 87' lang='lat' dir='ltr'><strong>Et</strong></span> <span class='ocrx_word' id='word_1_719' title='bbox 3475 2592 3541 2631; x_wconf 90' lang='lat' dir='ltr'><strong>ne</strong></span> <span class='ocrx_word' id='word_1_720' title='bbox 3567 2574 3709 2631; x_wconf 80' lang='lat' dir='ltr'><strong>forte</strong></span> 
     </span>
    </p>
   </div>
   <div class='ocr_carea' id='block_1_85' title="bbox 2117 2668 3708 2740">
    <p class='ocr_par' dir='ltr' id='par_1_85' title="bbox 2117 2668 3708 2740">
     <span class='ocr_line' id='line_1_85' title="bbox 2117 2668 3708 2740; baseline 0 -18"><span class='ocrx_word' id='word_1_721' title='bbox 2117 2677 2242 2723; x_wconf 92' lang='lat' dir='ltr'><strong>ante</strong></span> <span class='ocrx_word' id='word_1_722' title='bbox 2271 2669 2704 2724; x_wconf 88' lang='lat' dir='ltr'><strong>constitutionem</strong></span> <span class='ocrx_word' id='word_1_723' title='bbox 2745 2668 2928 2725; x_wconf 87' lang='lat' dir='ltr'><strong>mundi</strong></span> <span class='ocrx_word' id='word_1_724' title='bbox 2966 2684 3034 2724; x_wconf 79' lang='lat' dir='ltr'><strong>ex</strong></span> <span class='ocrx_word' id='word_1_725' title='bbox 3077 2669 3331 2740; x_wconf 86' lang='lat' dir='ltr'><strong>operibus</strong></span> <span class='ocrx_word' id='word_1_726' title='bbox 3364 2668 3708 2738; x_wconf 70' lang='lat' dir='ltr'><strong>prtecognitis</strong></span> 
     </span>
    </p>
   </div>
   <div class='ocr_carea' id='block_1_86' title="bbox 2119 2758 3710 2831">
    <p class='ocr_par' dir='ltr' id='par_1_86' title="bbox 2119 2758 3710 2831">
     <span class='ocr_line' id='line_1_86' title="bbox 2119 2758 3710 2831; baseline -0.001 -17"><span class='ocrx_word' id='word_1_727' title='bbox 2119 2767 2434 2828; x_wconf 88' lang='lat' dir='ltr'><strong>putarentur</strong></span> <span class='ocrx_word' id='word_1_728' title='bbox 2457 2761 2646 2828; x_wconf 90' lang='lat' dir='ltr'><strong>electi,</strong></span> <span class='ocrx_word' id='word_1_729' title='bbox 2674 2771 2890 2817; x_wconf 89' lang='lat' dir='ltr'><strong>secutus</strong></span> <span class='ocrx_word' id='word_1_730' title='bbox 2914 2768 3034 2825; x_wconf 90' lang='lat' dir='ltr'><strong>est,</strong></span> <span class='ocrx_word' id='word_1_731' title='bbox 3061 2769 3117 2816; x_wconf 87' lang='lat' dir='ltr'><strong>et</strong></span> <span class='ocrx_word' id='word_1_732' title='bbox 3144 2759 3387 2831; x_wconf 78' lang='lat' dir='ltr'><strong>adjunxit</strong></span> <span class='ocrx_word' id='word_1_733' title='bbox 3408 2777 3422 2814; x_wconf 91' lang='lat'><strong>:</strong></span> <span class='ocrx_word' id='word_1_734' title='bbox 3447 2758 3509 2816; x_wconf 86' lang='lat' dir='ltr'><strong>Si</strong></span> <span class='ocrx_word' id='word_1_735' title='bbox 3526 2768 3710 2813; x_wconf 74' lang='lat' dir='ltr'><strong>autem</strong></span> 
     </span>
    </p>
   </div>
   <div class='ocr_carea' id='block_1_87' title="bbox 2117 2850 3710 2922">
    <p class='ocr_par' dir='ltr' id='par_1_87' title="bbox 2117 2850 3710 2922">
     <span class='ocr_line' id='line_1_87' title="bbox 2117 2850 3710 2922; baseline 0.002 -21"><span class='ocrx_word' id='word_1_736' title='bbox 2117 2850 2306 2919; x_wconf 90' lang='lat' dir='ltr'><strong>gratia,</strong></span> <span class='ocrx_word' id='word_1_737' title='bbox 2324 2850 2439 2920; x_wconf 89' lang='lat' dir='ltr'><strong>jam</strong></span> <span class='ocrx_word' id='word_1_738' title='bbox 2461 2865 2559 2904; x_wconf 89' lang='lat' dir='ltr'><strong>non</strong></span> <span class='ocrx_word' id='word_1_739' title='bbox 2586 2867 2649 2905; x_wconf 85' lang='lat' dir='ltr'><strong>ex</strong></span> <span class='ocrx_word' id='word_1_740' title='bbox 2675 2851 2932 2922; x_wconf 79' lang='lat' dir='ltr'><strong>operibus;</strong></span> <span class='ocrx_word' id='word_1_741' title='bbox 2956 2851 3182 2921; x_wconf 87' lang='lat' dir='ltr'><strong>alioquin</strong></span> <span class='ocrx_word' id='word_1_742' title='bbox 3205 2851 3370 2921; x_wconf 83' lang='lat' dir='ltr'><strong>gratia</strong></span> <span class='ocrx_word' id='word_1_743' title='bbox 3385 2851 3498 2921; x_wconf 85' lang='lat' dir='ltr'><strong>jam</strong></span> <span class='ocrx_word' id='word_1_744' title='bbox 3515 2865 3618 2904; x_wconf 89' lang='lat' dir='ltr'><strong>non</strong></span> <span class='ocrx_word' id='word_1_745' title='bbox 3631 2858 3710 2904; x_wconf 86' lang='lat' dir='ltr'><strong>est</strong></span> 
     </span>
    </p>
   </div>
   <div class='ocr_carea' id='block_1_88' title="bbox 2117 2941 3712 3013">
    <p class='ocr_par' dir='ltr' id='par_1_88' title="bbox 2117 2941 3712 3013">
     <span class='ocr_line' id='line_1_88' title="bbox 2117 2941 3712 3013; baseline 0.001 -19"><span class='ocrx_word' id='word_1_746' title='bbox 2117 2943 2286 3012; x_wconf 86' lang='lat' dir='ltr'><strong>gratia</strong></span> <span class='ocrx_word' id='word_1_747' title='bbox 2313 2941 2422 3013; x_wconf 87' lang='lat' dir='ltr'><strong>(Id.</strong></span> <span class='ocrx_word' id='word_1_748' title='bbox 2451 2958 2527 3007; x_wconf 69' lang='grc' dir='ltr'><strong>ιι,</strong></span> <span class='ocrx_word' id='word_1_749' title='bbox 2557 2944 2612 3005; x_wconf 85' lang='lat'><strong>5,</strong></span> <span class='ocrx_word' id='word_1_750' title='bbox 2637 2943 2716 3013; x_wconf 89' lang='lat'><strong>6).</strong></span> <span class='ocrx_word' id='word_1_751' title='bbox 2737 2943 2814 2998; x_wconf 79' lang='lat' dir='ltr'><strong>Ex</strong></span> <span class='ocrx_word' id='word_1_752' title='bbox 2832 2943 2934 2998; x_wconf 91' lang='lat' dir='ltr'><strong>isto</strong></span> <span class='ocrx_word' id='word_1_753' title='bbox 2950 2957 3173 2998; x_wconf 90' lang='lat' dir='ltr'><strong>numero</strong></span> <span class='ocrx_word' id='word_1_754' title='bbox 3191 2943 3484 2998; x_wconf 89' lang='lat' dir='ltr'><strong>electorum</strong></span> <span class='ocrx_word' id='word_1_755' title='bbox 3499 2951 3555 2997; x_wconf 88' lang='lat' dir='ltr'><strong>et</strong></span> <span class='ocrx_word' id='word_1_756' title='bbox 3571 2957 3712 3012; x_wconf 73' lang='lat' dir='ltr'><strong>prte-</strong></span> 
     </span>
    </p>
   </div>
   <div class='ocr_carea' id='block_1_89' title="bbox 2118 3033 3709 3105">
    <p class='ocr_par' dir='ltr' id='par_1_89' title="bbox 2118 3033 3709 3105">
     <span class='ocr_line' id='line_1_89' title="bbox 2118 3033 3709 3105; baseline 0.001 -18"><span class='ocrx_word' id='word_1_757' title='bbox 2118 3033 2504 3088; x_wconf 88' lang='lat' dir='ltr'><strong>destinatorum</strong></span> <span class='ocrx_word' id='word_1_758' title='bbox 2531 3036 2688 3090; x_wconf 90' lang='lat' dir='ltr'><strong>etiam</strong></span> <span class='ocrx_word' id='word_1_759' title='bbox 2705 3036 2792 3105; x_wconf 89' lang='lat' dir='ltr'><strong>qui</strong></span> <span class='ocrx_word' id='word_1_760' title='bbox 2812 3036 3097 3105; x_wconf 86' lang='lat' dir='ltr'><strong>pessimam</strong></span> <span class='ocrx_word' id='word_1_761' title='bbox 3119 3034 3388 3090; x_wconf 80' lang='lat' dir='ltr'><strong>duxerunt</strong></span> <span class='ocrx_word' id='word_1_762' title='bbox 3402 3035 3588 3099; x_wconf 84' lang='lat' dir='ltr'><strong>vitam,</strong></span> <span class='ocrx_word' id='word_1_763' title='bbox 3610 3049 3709 3104; x_wconf 88' lang='lat' dir='ltr'><strong>per</strong></span> 
     </span>
    </p>
   </div>
   <div class='ocr_carea' id='block_1_90' title="bbox 2119 3125 3710 3197">
    <p class='ocr_par' dir='ltr' id='par_1_90' title="bbox 2119 3125 3710 3197">
     <span class='ocr_line' id='line_1_90' title="bbox 2119 3125 3710 3197; baseline -0.001 -16"><span class='ocrx_word' id='word_1_764' title='bbox 2119 3126 2217 3183; x_wconf 87' lang='lat' dir='ltr'><strong>Dei</strong></span> <span class='ocrx_word' id='word_1_765' title='bbox 2249 3125 2630 3197; x_wconf 89' lang='lat' dir='ltr'><strong>benignitatem</strong></span> <span class='ocrx_word' id='word_1_766' title='bbox 2681 3127 3016 3182; x_wconf 89' lang='lat' dir='ltr'><strong>adducuntur</strong></span> <span class='ocrx_word' id='word_1_767' title='bbox 3058 3126 3125 3181; x_wconf 87' lang='lat' dir='ltr'><strong>ad</strong></span> <span class='ocrx_word' id='word_1_768' title='bbox 3168 3126 3572 3196; x_wconf 75' lang='lat' dir='ltr'><strong>ptenitentiam,</strong></span> <span class='ocrx_word' id='word_1_769' title='bbox 3612 3139 3710 3194; x_wconf 87' lang='lat' dir='ltr'><strong>per</strong></span> 
     </span>
    </p>
   </div>
   <div class='ocr_carea' id='block_1_91' title="bbox 2118 3216 3700 3291">
    <p class='ocr_par' dir='ltr' id='par_1_91' title="bbox 2118 3216 3700 3291">
     <span class='ocr_line' id='line_1_91' title="bbox 2118 3216 3700 3291; baseline -0.004 -15"><span class='ocrx_word' id='word_1_770' title='bbox 2118 3219 2273 3290; x_wconf 87' lang='lat' dir='ltr'><strong>cujus</strong></span> <span class='ocrx_word' id='word_1_771' title='bbox 2299 3220 2608 3291; x_wconf 87' lang='lat' dir='ltr'><strong>patientiam</strong></span> <span class='ocrx_word' id='word_1_772' title='bbox 2623 3234 2728 3275; x_wconf 92' lang='lat' dir='ltr'><strong>non</strong></span> <span class='ocrx_word' id='word_1_773' title='bbox 2757 3228 2881 3274; x_wconf 90' lang='lat' dir='ltr'><strong>sunt</strong></span> <span class='ocrx_word' id='word_1_774' title='bbox 2906 3218 3032 3274; x_wconf 84' lang='lat' dir='ltr'><strong>huic</strong></span> <span class='ocrx_word' id='word_1_775' title='bbox 3057 3219 3182 3273; x_wconf 59' lang='lat' dir='ltr'><strong>vitae</strong></span> <span class='ocrx_word' id='word_1_776' title='bbox 3211 3219 3264 3272; x_wconf 91' lang='lat' dir='ltr'><strong>in</strong></span> <span class='ocrx_word' id='word_1_777' title='bbox 3293 3218 3405 3288; x_wconf 89' lang='lat' dir='ltr'><strong>ipsa</strong></span> <span class='ocrx_word' id='word_1_778' title='bbox 3435 3216 3700 3273; x_wconf 88' lang='lat' dir='ltr'><strong>scelerum</strong></span> 
     </span>
    </p>
   </div>
   <div class='ocr_carea' id='block_1_92' title="bbox 2119 3307 3711 3384">
    <p class='ocr_par' dir='ltr' id='par_1_92' title="bbox 2119 3307 3711 3384">
     <span class='ocr_line' id='line_1_92' title="bbox 2119 3307 3711 3384; baseline -0.004 -17"><span class='ocrx_word' id='word_1_779' title='bbox 2119 3313 2518 3384; x_wconf 83' lang='lat' dir='ltr'><strong>perpetratione</strong></span> <span class='ocrx_word' id='word_1_780' title='bbox 2535 3312 2793 3368; x_wconf 89' lang='lat' dir='ltr'><strong>subtracti</strong></span> <span class='ocrx_word' id='word_1_781' title='bbox 2819 3319 2908 3378; x_wconf 89' lang='lat' dir='ltr'><strong>;ut</strong></span> <span class='ocrx_word' id='word_1_782' title='bbox 2937 3309 3249 3366; x_wconf 84' lang='lat' dir='ltr'><strong>ostendatur</strong></span> <span class='ocrx_word' id='word_1_783' title='bbox 3272 3318 3327 3364; x_wconf 90' lang='lat' dir='ltr'><strong>et</strong></span> <span class='ocrx_word' id='word_1_784' title='bbox 3353 3309 3484 3380; x_wconf 88' lang='lat' dir='ltr'><strong>ipsis</strong></span> <span class='ocrx_word' id='word_1_785' title='bbox 3513 3316 3570 3363; x_wconf 89' lang='lat' dir='ltr'><strong>et</strong></span> <span class='ocrx_word' id='word_1_786' title='bbox 3589 3307 3711 3362; x_wconf 89' lang='lat' dir='ltr'><strong>aliis</strong></span> 
     </span>
    </p>
   </div>
   <div class='ocr_carea' id='block_1_93' title="bbox 2119 3398 3712 3472">
    <p class='ocr_par' dir='ltr' id='par_1_93' title="bbox 2119 3398 3712 3472">
     <span class='ocr_line' id='line_1_93' title="bbox 2119 3398 3712 3472; baseline -0.004 -13"><span class='ocrx_word' id='word_1_787' title='bbox 2119 3404 2492 3460; x_wconf 65' lang='lat' dir='ltr'><strong>cohaeredibus</strong></span> <span class='ocrx_word' id='word_1_788' title='bbox 2521 3419 2738 3469; x_wconf 88' lang='lat' dir='ltr'><strong>eorum,</strong></span> <span class='ocrx_word' id='word_1_789' title='bbox 2766 3402 2835 3457; x_wconf 91' lang='lat' dir='ltr'><strong>de</strong></span> <span class='ocrx_word' id='word_1_790' title='bbox 2851 3417 3008 3472; x_wconf 88' lang='lat' dir='ltr'><strong>quam</strong></span> <span class='ocrx_word' id='word_1_791' title='bbox 3049 3401 3314 3472; x_wconf 89' lang='lat' dir='ltr'><strong>profundo</strong></span> <span class='ocrx_word' id='word_1_792' title='bbox 3352 3399 3495 3455; x_wconf 89' lang='lat' dir='ltr'><strong>malo</strong></span> <span class='ocrx_word' id='word_1_793' title='bbox 3542 3398 3712 3469; x_wconf 89' lang='lat' dir='ltr'><strong>possit</strong></span> 
     </span>
    </p>
   </div>
   <div class='ocr_carea' id='block_1_94' title="bbox 2118 3494 3711 3566">
    <p class='ocr_par' dir='ltr' id='par_1_94' title="bbox 2118 3494 3711 3566">
     <span class='ocr_line' id='line_1_94' title="bbox 2118 3494 3711 3566; baseline -0.004 -13"><span class='ocrx_word' id='word_1_794' title='bbox 2118 3497 2213 3553; x_wconf 89' lang='lat' dir='ltr'><strong>Dei</strong></span> <span class='ocrx_word' id='word_1_795' title='bbox 2243 3498 2412 3566; x_wconf 88' lang='lat' dir='ltr'><strong>gratia</strong></span> <span class='ocrx_word' id='word_1_796' title='bbox 2429 3496 2678 3552; x_wconf 89' lang='lat' dir='ltr'><strong>liberare.</strong></span> <span class='ocrx_word' id='word_1_797' title='bbox 2707 3496 2784 3550; x_wconf 79' lang='lat' dir='ltr'><strong>Ex</strong></span> <span class='ocrx_word' id='word_1_798' title='bbox 2803 3495 2886 3550; x_wconf 89' lang='lat' dir='ltr'><strong>his</strong></span> <span class='ocrx_word' id='word_1_799' title='bbox 2901 3509 3063 3549; x_wconf 90' lang='lat' dir='ltr'><strong>nemo</strong></span> <span class='ocrx_word' id='word_1_800' title='bbox 3091 3494 3248 3564; x_wconf 87' lang='lat' dir='ltr'><strong>perit,</strong></span> <span class='ocrx_word' id='word_1_801' title='bbox 3275 3505 3612 3563; x_wconf 88' lang='lat' dir='ltr'><strong>quacumque</strong></span> <span class='ocrx_word' id='word_1_802' title='bbox 3635 3506 3711 3546; x_wconf 72' lang='lat' dir='ltr'><strong>a2-</strong></span> 
     </span>
    </p>
   </div>
   <div class='ocr_carea' id='block_1_95' title="bbox 2118 3581 3708 3655">
    <p class='ocr_par' dir='ltr' id='par_1_95' title="bbox 2118 3581 3708 3655">
     <span class='ocr_line' id='line_1_95' title="bbox 2118 3581 3708 3655; baseline -0.003 -13"><span class='ocrx_word' id='word_1_803' title='bbox 2118 3597 2229 3643; x_wconf 82' lang='lat' dir='ltr'><strong>tatc</strong></span> <span class='ocrx_word' id='word_1_804' title='bbox 2253 3588 2531 3642; x_wconf 90' lang='lat' dir='ltr'><strong>moriatur.</strong></span> <span class='ocrx_word' id='word_1_805' title='bbox 2563 3587 2716 3642; x_wconf 79' lang='lat' dir='ltr'><strong>Absit</strong></span> <span class='ocrx_word' id='word_1_806' title='bbox 2738 3586 2882 3642; x_wconf 88' lang='lat' dir='ltr'><strong>enim</strong></span> <span class='ocrx_word' id='word_1_807' title='bbox 2901 3625 2917 3651; x_wconf 96' lang='lat'><strong>,</strong></span> <span class='ocrx_word' id='word_1_808' title='bbox 2945 3594 3005 3640; x_wconf 91' lang='lat' dir='ltr'><strong>ut</strong></span> <span class='ocrx_word' id='word_1_809' title='bbox 3028 3583 3433 3655; x_wconf 67' lang='lat' dir='ltr'><strong>praedestinatus</strong></span> <span class='ocrx_word' id='word_1_810' title='bbox 3457 3581 3524 3637; x_wconf 90' lang='lat' dir='ltr'><strong>ad</strong></span> <span class='ocrx_word' id='word_1_811' title='bbox 3543 3584 3708 3638; x_wconf 87' lang='lat' dir='ltr'><strong>vitam</strong></span> 
     </span>
    </p>
   </div>
   <div class='ocr_carea' id='block_1_96' title="bbox 2118 3675 3710 3748">
    <p class='ocr_par' dir='ltr' id='par_1_96' title="bbox 2118 3675 3710 3748">
     <span class='ocr_line' id='line_1_96' title="bbox 2118 3675 3710 3748; baseline -0.003 -14"><span class='ocrx_word' id='word_1_812' title='bbox 2118 3679 2237 3735; x_wconf 88' lang='lat' dir='ltr'><strong>sine</strong></span> <span class='ocrx_word' id='word_1_813' title='bbox 2260 3679 2608 3735; x_wconf 86' lang='lat' dir='ltr'><strong>Sacramento</strong></span> <span class='ocrx_word' id='word_1_814' title='bbox 2633 3679 2942 3735; x_wconf 86' lang='lat' dir='ltr'><strong>Mediatoris</strong></span> <span class='ocrx_word' id='word_1_815' title='bbox 2997 3677 3149 3734; x_wconf 82' lang='lat' dir='ltr'><strong>linire</strong></span> <span class='ocrx_word' id='word_1_816' title='bbox 3191 3678 3529 3748; x_wconf 87' lang='lat' dir='ltr'><strong>permittatur</strong></span> <span class='ocrx_word' id='word_1_817' title='bbox 3571 3675 3710 3731; x_wconf 87' lang='lat' dir='ltr'><strong>hanc</strong></span> 
     </span>
    </p>
   </div>
   <div class='ocr_carea' id='block_1_97' title="bbox 2117 3769 3707 3843">
    <p class='ocr_par' dir='ltr' id='par_1_97' title="bbox 2117 3769 3707 3843">
     <span class='ocr_line' id='line_1_97' title="bbox 2117 3769 3707 3843; baseline -0.005 -13"><span class='ocrx_word' id='word_1_818' title='bbox 2117 3774 2282 3831; x_wconf 75' lang='lat' dir='ltr'><strong>vitam</strong></span> <span class='ocrx_word' id='word_1_819' title='bbox 2303 3773 2344 3827; x_wconf 85' lang='grc'><strong>³.</strong></span> <span class='ocrx_word' id='word_1_820' title='bbox 2393 3773 2617 3843; x_wconf 89' lang='lat' dir='ltr'><strong>Propter</strong></span> <span class='ocrx_word' id='word_1_821' title='bbox 2663 3773 2762 3827; x_wconf 87' lang='lat' dir='ltr'><strong>hos</strong></span> <span class='ocrx_word' id='word_1_822' title='bbox 2789 3771 2812 3804; x_wconf 71' lang='grc'><strong><em>⁵</em></strong></span> <span class='ocrx_word' id='word_1_823' title='bbox 2841 3772 3098 3826; x_wconf 89' lang='lat' dir='ltr'><strong>Dominus</strong></span> <span class='ocrx_word' id='word_1_824' title='bbox 3129 3771 3238 3838; x_wconf 89' lang='lat' dir='ltr'><strong>ait,</strong></span> <span class='ocrx_word' id='word_1_825' title='bbox 3273 3769 3399 3824; x_wconf 69' lang='lat' dir='ltr'><strong>licet:</strong></span> <span class='ocrx_word' id='word_1_826' title='bbox 3425 3779 3498 3824; x_wconf 87' lang='lat' dir='ltr'><strong>est</strong></span> <span class='ocrx_word' id='word_1_827' title='bbox 3537 3778 3707 3823; x_wconf 87' lang='lat' dir='ltr'><strong>autem</strong></span> 
     </span>
    </p>
   </div>
   <div class='ocr_carea' id='block_1_98' title="bbox 2118 3861 3710 3935">
    <p class='ocr_par' dir='ltr' id='par_1_98' title="bbox 2118 3861 3710 3935">
     <span class='ocr_line' id='line_1_98' title="bbox 2118 3861 3710 3935; baseline -0.003 -14"><span class='ocrx_word' id='word_1_828' title='bbox 2118 3866 2351 3922; x_wconf 74' lang='lat' dir='ltr'><strong>voluntas</strong></span> <span class='ocrx_word' id='word_1_829' title='bbox 2378 3866 2488 3933; x_wconf 87' lang='lat' dir='ltr'><strong>eius</strong></span> <span class='ocrx_word' id='word_1_830' title='bbox 2507 3866 2592 3935; x_wconf 90' lang='lat' dir='ltr'><strong>qui</strong></span> <span class='ocrx_word' id='word_1_831' title='bbox 2634 3865 2769 3919; x_wconf 87' lang='lat' dir='ltr'><strong>misit</strong></span> <span class='ocrx_word' id='word_1_832' title='bbox 2817 3880 2895 3919; x_wconf 90' lang='lat' dir='ltr'><strong>me</strong></span> <span class='ocrx_word' id='word_1_833' title='bbox 2932 3863 3128 3928; x_wconf 77' lang='lat' dir='ltr'><strong>Patris,</strong></span> <span class='ocrx_word' id='word_1_834' title='bbox 3157 3873 3212 3917; x_wconf 89' lang='lat' dir='ltr'><strong>ut</strong></span> <span class='ocrx_word' id='word_1_835' title='bbox 3240 3879 3387 3918; x_wconf 87' lang='lat' dir='ltr'><strong>omne</strong></span> <span class='ocrx_word' id='word_1_836' title='bbox 3405 3863 3542 3934; x_wconf 90' lang='lat' dir='ltr'><strong>quod</strong></span> <span class='ocrx_word' id='word_1_837' title='bbox 3567 3861 3710 3917; x_wconf 88' lang='lat' dir='ltr'><strong>dedit</strong></span> 
     </span>
    </p>
   </div>
   <div class='ocr_carea' id='block_1_99' title="bbox 2117 3953 3704 4029">
    <p class='ocr_par' dir='ltr' id='par_1_99' title="bbox 2117 3953 3704 4029">
     <span class='ocr_line' id='line_1_99' title="bbox 2117 3953 3704 4029; baseline -0.003 -17"><span class='ocrx_word' id='word_1_838' title='bbox 2117 3957 2266 4024; x_wconf 74' lang='lat' dir='ltr'><strong>milii,</strong></span> <span class='ocrx_word' id='word_1_839' title='bbox 2281 3973 2383 4012; x_wconf 89' lang='lat' dir='ltr'><strong>non</strong></span> <span class='ocrx_word' id='word_1_840' title='bbox 2396 3956 2606 4029; x_wconf 88' lang='lat' dir='ltr'><strong>perdam</strong></span> <span class='ocrx_word' id='word_1_841' title='bbox 2632 3972 2696 4010; x_wconf 84' lang='lat' dir='ltr'><strong>ex</strong></span> <span class='ocrx_word' id='word_1_842' title='bbox 2719 3972 2776 4010; x_wconf 91' lang='lat' dir='ltr'><strong>eo</strong></span> <span class='ocrx_word' id='word_1_843' title='bbox 2803 3953 3000 4026; x_wconf 85' lang='lat' dir='ltr'><strong>(Joan.</strong></span> <span class='ocrx_word' id='word_1_844' title='bbox 3034 3971 3106 4020; x_wconf 79' lang='lat' dir='ltr'><strong>Vl,</strong></span> <span class='ocrx_word' id='word_1_845' title='bbox 3131 3955 3198 4010; x_wconf 75' lang='lat'><strong>59</strong></span> <span class='ocrx_word' id='word_1_846' title='bbox 3231 3955 3275 4025; x_wconf 94' lang='lat'><strong>).</strong></span> <span class='ocrx_word' id='word_1_847' title='bbox 3304 3955 3497 4010; x_wconf 63' lang='lat' dir='ltr'><strong>Caeteri</strong></span> <span class='ocrx_word' id='word_1_848' title='bbox 3525 3963 3704 4008; x_wconf 89' lang='lat' dir='ltr'><strong>autem</strong></span> 
     </span>
    </p>
   </div>
   <div class='ocr_carea' id='block_1_100' title="bbox 2117 4046 3706 4122">
    <p class='ocr_par' dir='ltr' id='par_1_100' title="bbox 2117 4046 3706 4122">
     <span class='ocr_line' id='line_1_100' title="bbox 2117 4046 3706 4122; baseline -0.004 -17"><span class='ocrx_word' id='word_1_849' title='bbox 2117 4050 2372 4107; x_wconf 90' lang='lat' dir='ltr'><strong>mortales</strong></span> <span class='ocrx_word' id='word_1_850' title='bbox 2399 4049 2490 4122; x_wconf 89' lang='lat' dir='ltr'><strong>qui</strong></span> <span class='ocrx_word' id='word_1_851' title='bbox 2520 4064 2584 4105; x_wconf 84' lang='lat' dir='ltr'><strong>ex</strong></span> <span class='ocrx_word' id='word_1_852' title='bbox 2619 4049 2724 4102; x_wconf 92' lang='lat' dir='ltr'><strong>isto</strong></span> <span class='ocrx_word' id='word_1_853' title='bbox 2753 4063 2978 4103; x_wconf 90' lang='lat' dir='ltr'><strong>numero</strong></span> <span class='ocrx_word' id='word_1_854' title='bbox 3006 4062 3114 4103; x_wconf 90' lang='lat' dir='ltr'><strong>non</strong></span> <span class='ocrx_word' id='word_1_855' title='bbox 3141 4056 3264 4103; x_wconf 92' lang='lat' dir='ltr'><strong>sunt</strong></span> <span class='ocrx_word' id='word_1_856' title='bbox 3282 4088 3298 4112; x_wconf 90' lang='lat'><strong>,</strong></span> <span class='ocrx_word' id='word_1_857' title='bbox 3339 4054 3394 4102; x_wconf 89' lang='lat' dir='ltr'><strong>et</strong></span> <span class='ocrx_word' id='word_1_858' title='bbox 3421 4063 3488 4102; x_wconf 79' lang='lat' dir='ltr'><strong>ex</strong></span> <span class='ocrx_word' id='word_1_859' title='bbox 3517 4046 3706 4102; x_wconf 85' lang='lat' dir='ltr'><strong>eadem</strong></span> 
     </span>
    </p>
   </div>
   <div class='ocr_carea' id='block_1_101' title="bbox 2119 4126 3703 4213">
    <p class='ocr_par' dir='ltr' id='par_1_101' title="bbox 2119 4126 3703 4213">
     <span class='ocr_line' id='line_1_101' title="bbox 2119 4126 3703 4213; baseline -0.004 -17"><span class='ocrx_word' id='word_1_860' title='bbox 2119 4126 2342 4213; x_wconf 36' lang='lat' dir='ltr'><strong>quidem.</strong></span> <span class='ocrx_word' id='word_1_861' title='bbox 2356 4155 2535 4196; x_wconf 86' lang='lat' dir='ltr'><strong>massa</strong></span> <span class='ocrx_word' id='word_1_862' title='bbox 2563 4154 2632 4194; x_wconf 79' lang='lat' dir='ltr'><strong>ex</strong></span> <span class='ocrx_word' id='word_1_863' title='bbox 2658 4154 2761 4208; x_wconf 89' lang='lat' dir='ltr'><strong>qua</strong></span> <span class='ocrx_word' id='word_1_864' title='bbox 2789 4146 2844 4194; x_wconf 91' lang='lat' dir='ltr'><strong>et</strong></span> <span class='ocrx_word' id='word_1_865' title='bbox 2869 4138 2978 4206; x_wconf 91' lang='lat' dir='ltr'><strong>isti,</strong></span> <span class='ocrx_word' id='word_1_866' title='bbox 3007 4138 3102 4192; x_wconf 88' lang='lat' dir='ltr'><strong>sed</strong></span> <span class='ocrx_word' id='word_1_867' title='bbox 3131 4153 3255 4192; x_wconf 89' lang='lat' dir='ltr'><strong>vasa</strong></span> <span class='ocrx_word' id='word_1_868' title='bbox 3275 4138 3367 4192; x_wconf 73' lang='lat' dir='ltr'><strong>ira:</strong></span> <span class='ocrx_word' id='word_1_869' title='bbox 3395 4138 3518 4191; x_wconf 85' lang='lat' dir='ltr'><strong>facti</strong></span> <span class='ocrx_word' id='word_1_870' title='bbox 3545 4145 3703 4203; x_wconf 87' lang='lat' dir='ltr'><strong>sunt,</strong></span> 
     </span>
    </p>
   </div>
   <div class='ocr_carea' id='block_1_102' title="bbox 2117 4228 3706 4299">
    <p class='ocr_par' dir='ltr' id='par_1_102' title="bbox 2117 4228 3706 4299">
     <span class='ocr_line' id='line_1_102' title="bbox 2117 4228 3706 4299; baseline -0.004 -10"><span class='ocrx_word' id='word_1_871' title='bbox 2117 4235 2186 4289; x_wconf 90' lang='lat' dir='ltr'><strong>ad</strong></span> <span class='ocrx_word' id='word_1_872' title='bbox 2212 4233 2491 4288; x_wconf 87' lang='lat' dir='ltr'><strong>utilitatem</strong></span> <span class='ocrx_word' id='word_1_873' title='bbox 2522 4240 2812 4286; x_wconf 88' lang='lat' dir='ltr'><strong>nascuntur</strong></span> <span class='ocrx_word' id='word_1_874' title='bbox 2832 4231 3077 4286; x_wconf 90' lang='lat' dir='ltr'><strong>istorum.</strong></span> <span class='ocrx_word' id='word_1_875' title='bbox 3093 4229 3207 4286; x_wconf 82' lang='lat' dir='ltr'><strong>Non</strong></span> <span class='ocrx_word' id='word_1_876' title='bbox 3223 4228 3364 4285; x_wconf 91' lang='lat' dir='ltr'><strong>enim</strong></span> <span class='ocrx_word' id='word_1_877' title='bbox 3381 4243 3706 4299; x_wconf 89' lang='lat' dir='ltr'><strong>quemquam</strong></span> 
     </span>
    </p>
   </div>
   <div class='ocr_carea' id='block_1_103' title="bbox 2118 4320 3700 4390">
    <p class='ocr_par' dir='ltr' id='par_1_103' title="bbox 2118 4320 3700 4390">
     <span class='ocr_line' id='line_1_103' title="bbox 2118 4320 3700 4390; baseline -0.004 -9"><span class='ocrx_word' id='word_1_878' title='bbox 2118 4340 2304 4382; x_wconf 89' lang='lat' dir='ltr'><strong>eorum</strong></span> <span class='ocrx_word' id='word_1_879' title='bbox 2336 4326 2476 4380; x_wconf 88' lang='lat' dir='ltr'><strong>Deus</strong></span> <span class='ocrx_word' id='word_1_880' title='bbox 2497 4333 2696 4379; x_wconf 87' lang='lat' dir='ltr'><strong>temere</strong></span> <span class='ocrx_word' id='word_1_881' title='bbox 2719 4337 2782 4378; x_wconf 93' lang='lat' dir='ltr'><strong>ac</strong></span> <span class='ocrx_word' id='word_1_882' title='bbox 2809 4321 3031 4378; x_wconf 86' lang='lat' dir='ltr'><strong>fortuito</strong></span> <span class='ocrx_word' id='word_1_883' title='bbox 3044 4329 3212 4387; x_wconf 88' lang='lat' dir='ltr'><strong>creat,</strong></span> <span class='ocrx_word' id='word_1_884' title='bbox 3232 4331 3323 4376; x_wconf 86' lang='lat' dir='ltr'><strong>aut</strong></span> <span class='ocrx_word' id='word_1_885' title='bbox 3347 4320 3475 4390; x_wconf 88' lang='lat' dir='ltr'><strong>quid</strong></span> <span class='ocrx_word' id='word_1_886' title='bbox 3501 4320 3569 4375; x_wconf 88' lang='lat' dir='ltr'><strong>de</strong></span> <span class='ocrx_word' id='word_1_887' title='bbox 3591 4321 3700 4375; x_wconf 91' lang='lat' dir='ltr'><strong>illis</strong></span> 
     </span>
    </p>
   </div>
   <div class='ocr_carea' id='block_1_104' title="bbox 2117 4412 3709 4488">
    <p class='ocr_par' dir='ltr' id='par_1_104' title="bbox 2117 4412 3709 4488">
     <span class='ocr_line' id='line_1_104' title="bbox 2117 4412 3709 4488; baseline -0.004 -15"><span class='ocrx_word' id='word_1_888' title='bbox 2117 4417 2248 4473; x_wconf 87' lang='lat' dir='ltr'><strong>boni</strong></span> <span class='ocrx_word' id='word_1_889' title='bbox 2272 4426 2522 4488; x_wconf 88' lang='lat' dir='ltr'><strong>operetur</strong></span> <span class='ocrx_word' id='word_1_890' title='bbox 2551 4417 2760 4486; x_wconf 87' lang='lat' dir='ltr'><strong>ignorat</strong></span> <span class='ocrx_word' id='word_1_891' title='bbox 2785 4432 2799 4468; x_wconf 91' lang='lat'><strong>:</strong></span> <span class='ocrx_word' id='word_1_892' title='bbox 2831 4429 2951 4470; x_wconf 92' lang='lat' dir='ltr'><strong>cum</strong></span> <span class='ocrx_word' id='word_1_893' title='bbox 2978 4424 3034 4470; x_wconf 90' lang='lat' dir='ltr'><strong>et</strong></span> <span class='ocrx_word' id='word_1_894' title='bbox 3063 4415 3165 4468; x_wconf 88' lang='lat' dir='ltr'><strong>hoc</strong></span> <span class='ocrx_word' id='word_1_895' title='bbox 3203 4414 3318 4485; x_wconf 88' lang='lat' dir='ltr'><strong>ipso</strong></span> <span class='ocrx_word' id='word_1_896' title='bbox 3345 4412 3542 4469; x_wconf 89' lang='lat' dir='ltr'><strong>bonum</strong></span> <span class='ocrx_word' id='word_1_897' title='bbox 3573 4427 3709 4482; x_wconf 84' lang='lat' dir='ltr'><strong>ope-</strong></span> 
     </span>
    </p>
   </div>
   <div class='ocr_carea' id='block_1_105' title="bbox 2118 4507 3708 4581">
    <p class='ocr_par' dir='ltr' id='par_1_105' title="bbox 2118 4507 3708 4581">
     <span class='ocr_line' id='line_1_105' title="bbox 2118 4507 3708 4581; baseline -0.006 -14"><span class='ocrx_word' id='word_1_898' title='bbox 2118 4519 2287 4580; x_wconf 86' lang='lat' dir='ltr'><strong>retur,</strong></span> <span class='ocrx_word' id='word_1_899' title='bbox 2319 4510 2533 4581; x_wconf 90' lang='lat' dir='ltr'><strong>quodin</strong></span> <span class='ocrx_word' id='word_1_900' title='bbox 2560 4508 2640 4564; x_wconf 86' lang='lat' dir='ltr'><strong>eis</strong></span> <span class='ocrx_word' id='word_1_901' title='bbox 2659 4508 2946 4564; x_wconf 87' lang='lat' dir='ltr'><strong>humanam</strong></span> <span class='ocrx_word' id='word_1_902' title='bbox 2972 4518 3121 4563; x_wconf 88' lang='lat' dir='ltr'><strong>creat</strong></span> <span class='ocrx_word' id='word_1_903' title='bbox 3149 4517 3392 4562; x_wconf 89' lang='lat' dir='ltr'><strong>naturam</strong></span> <span class='ocrx_word' id='word_1_904' title='bbox 3413 4547 3428 4571; x_wconf 94' lang='lat'><strong>,</strong></span> <span class='ocrx_word' id='word_1_905' title='bbox 3463 4514 3520 4561; x_wconf 91' lang='lat' dir='ltr'><strong>et</strong></span> <span class='ocrx_word' id='word_1_906' title='bbox 3545 4521 3609 4560; x_wconf 80' lang='lat' dir='ltr'><strong>ex</strong></span> <span class='ocrx_word' id='word_1_907' title='bbox 3628 4507 3708 4561; x_wconf 85' lang='lat' dir='ltr'><strong>eis</strong></span> 
     </span>
    </p>
   </div>
   <div class='ocr_carea' id='block_1_106' title="bbox 2119 4601 3705 4672">
    <p class='ocr_par' dir='ltr' id='par_1_106' title="bbox 2119 4601 3705 4672">
     <span class='ocr_line' id='line_1_106' title="bbox 2119 4601 3705 4672; baseline -0.005 -12"><span class='ocrx_word' id='word_1_908' title='bbox 2119 4605 2361 4660; x_wconf 89' lang='lat' dir='ltr'><strong>ordinem</strong></span> <span class='ocrx_word' id='word_1_909' title='bbox 2389 4604 2572 4659; x_wconf 64' lang='lat' dir='ltr'><strong>saeculi</strong></span> <span class='ocrx_word' id='word_1_910' title='bbox 2605 4604 2882 4672; x_wconf 59' lang='lat' dir='ltr'><strong>praesentis</strong></span> <span class='ocrx_word' id='word_1_911' title='bbox 2908 4611 3151 4658; x_wconf 80' lang='lat' dir='ltr'><strong>exornat.</strong></span> <span class='ocrx_word' id='word_1_912' title='bbox 3183 4601 3410 4656; x_wconf 89' lang='lat' dir='ltr'><strong>Istorum</strong></span> <span class='ocrx_word' id='word_1_913' title='bbox 3433 4601 3705 4655; x_wconf 88' lang='lat' dir='ltr'><strong>neminem</strong></span> 
     </span>
    </p>
   </div>
   <div class='ocr_carea' id='block_1_107' title="bbox 2123 4692 3706 4764">
    <p class='ocr_par' dir='ltr' id='par_1_107' title="bbox 2123 4692 3706 4764">
     <span class='ocr_line' id='line_1_107' title="bbox 2123 4692 3706 4764; baseline -0.004 -14"><span class='ocrx_word' id='word_1_914' title='bbox 2123 4695 2340 4750; x_wconf 89' lang='lat' dir='ltr'><strong>adducit</strong></span> <span class='ocrx_word' id='word_1_915' title='bbox 2359 4695 2422 4748; x_wconf 90' lang='lat' dir='ltr'><strong>ad</strong></span> <span class='ocrx_word' id='word_1_916' title='bbox 2445 4695 2810 4764; x_wconf 64' lang='lat' dir='ltr'><strong>paenitentiam</strong></span> <span class='ocrx_word' id='word_1_917' title='bbox 2829 4694 3096 4749; x_wconf 85' lang='lat' dir='ltr'><strong>salubrem</strong></span> <span class='ocrx_word' id='word_1_918' title='bbox 3127 4700 3181 4747; x_wconf 88' lang='lat' dir='ltr'><strong>et</strong></span> <span class='ocrx_word' id='word_1_919' title='bbox 3210 4692 3571 4762; x_wconf 78' lang='lat' dir='ltr'><strong>Spiritualem,</strong></span> <span class='ocrx_word' id='word_1_920' title='bbox 3602 4707 3706 4760; x_wconf 83' lang='lat' dir='ltr'><strong>qua</strong></span> 
     </span>
    </p>
   </div>
   <div class='ocr_carea' id='block_1_108' title="bbox 2119 4782 3710 4850">
    <p class='ocr_par' dir='ltr' id='par_1_108' title="bbox 2119 4782 3710 4850">
     <span class='ocr_line' id='line_1_108' title="bbox 2119 4782 3710 4850; baseline -0.006 -8"><span class='ocrx_word' id='word_1_921' title='bbox 2119 4789 2281 4843; x_wconf 88' lang='lat' dir='ltr'><strong>homo</strong></span> <span class='ocrx_word' id='word_1_922' title='bbox 2311 4787 2363 4842; x_wconf 92' lang='lat' dir='ltr'><strong>in</strong></span> <span class='ocrx_word' id='word_1_923' title='bbox 2390 4785 2602 4842; x_wconf 88' lang='lat' dir='ltr'><strong>Christo</strong></span> <span class='ocrx_word' id='word_1_924' title='bbox 2625 4785 3002 4841; x_wconf 87' lang='lat' dir='ltr'><strong>reconciliatur</strong></span> <span class='ocrx_word' id='word_1_925' title='bbox 3039 4785 3167 4849; x_wconf 91' lang='lat' dir='ltr'><strong>Deo,</strong></span> <span class='ocrx_word' id='word_1_926' title='bbox 3196 4784 3310 4838; x_wconf 89' lang='lat' dir='ltr'><strong>sive</strong></span> <span class='ocrx_word' id='word_1_927' title='bbox 3340 4783 3444 4837; x_wconf 87' lang='lat' dir='ltr'><strong>illis</strong></span> <span class='ocrx_word' id='word_1_928' title='bbox 3480 4782 3710 4850; x_wconf 85' lang='lat' dir='ltr'><strong>amplio-</strong></span> 
     </span>
    </p>
   </div>
   <div class='ocr_carea' id='block_1_109' title="bbox 2119 4875 3709 4952">
    <p class='ocr_par' dir='ltr' id='par_1_109' title="bbox 2119 4875 3709 4952">
     <span class='ocr_line' id='line_1_109' title="bbox 2119 4875 3709 4952; baseline -0.005 -16"><span class='ocrx_word' id='word_1_929' title='bbox 2119 4897 2233 4936; x_wconf 88' lang='lat' dir='ltr'><strong>rem</strong></span> <span class='ocrx_word' id='word_1_930' title='bbox 2262 4879 2590 4952; x_wconf 89' lang='lat' dir='ltr'><strong>patientiam,</strong></span> <span class='ocrx_word' id='word_1_931' title='bbox 2618 4879 2731 4934; x_wconf 89' lang='lat' dir='ltr'><strong>sive</strong></span> <span class='ocrx_word' id='word_1_932' title='bbox 2760 4894 2866 4932; x_wconf 92' lang='lat' dir='ltr'><strong>non</strong></span> <span class='ocrx_word' id='word_1_933' title='bbox 2888 4878 3146 4948; x_wconf 89' lang='lat' dir='ltr'><strong>imparem</strong></span> <span class='ocrx_word' id='word_1_934' title='bbox 3178 4877 3430 4947; x_wconf 85' lang='lat' dir='ltr'><strong>praebeat.</strong></span> <span class='ocrx_word' id='word_1_935' title='bbox 3452 4875 3709 4943; x_wconf 76' lang='lat' dir='ltr'><strong>Quamvis</strong></span> 
     </span>
    </p>
   </div>
   <div class='ocr_carea' id='block_1_110' title="bbox 2119 4967 3706 5042">
    <p class='ocr_par' dir='ltr' id='par_1_110' title="bbox 2119 4967 3706 5042">
     <span class='ocr_line' id='line_1_110' title="bbox 2119 4967 3706 5042; baseline -0.006 -14"><span class='ocrx_word' id='word_1_936' title='bbox 2119 4988 2248 5042; x_wconf 89' lang='lat' dir='ltr'><strong>ergo</strong></span> <span class='ocrx_word' id='word_1_937' title='bbox 2272 4987 2459 5027; x_wconf 89' lang='lat' dir='ltr'><strong>omnes</strong></span> <span class='ocrx_word' id='word_1_938' title='bbox 2485 4987 2551 5025; x_wconf 81' lang='lat' dir='ltr'><strong>ex</strong></span> <span class='ocrx_word' id='word_1_939' title='bbox 2581 4970 2768 5026; x_wconf 89' lang='lat' dir='ltr'><strong>eadem</strong></span> <span class='ocrx_word' id='word_1_940' title='bbox 2798 4984 2974 5024; x_wconf 89' lang='lat' dir='ltr'><strong>massa</strong></span> <span class='ocrx_word' id='word_1_941' title='bbox 3023 4968 3336 5040; x_wconf 86' lang='lat' dir='ltr'><strong>perditionis</strong></span> <span class='ocrx_word' id='word_1_942' title='bbox 3386 4977 3441 5022; x_wconf 90' lang='lat' dir='ltr'><strong>et</strong></span> <span class='ocrx_word' id='word_1_943' title='bbox 3479 4967 3706 5022; x_wconf 82' lang='lat' dir='ltr'><strong>damna-</strong></span> 
     </span>
    </p>
   </div>
   <div class='ocr_carea' id='block_1_111' title="bbox 2121 5060 3708 5128">
    <p class='ocr_par' dir='ltr' id='par_1_111' title="bbox 2121 5060 3708 5128">
     <span class='ocr_line' id='line_1_111' title="bbox 2121 5060 3708 5128; baseline -0.003 -11"><span class='ocrx_word' id='word_1_944' title='bbox 2121 5063 2281 5118; x_wconf 89' lang='lat' dir='ltr'><strong>tionis</strong></span> <span class='ocrx_word' id='word_1_945' title='bbox 2306 5062 2598 5118; x_wconf 88' lang='lat' dir='ltr'><strong>secuudum</strong></span> <span class='ocrx_word' id='word_1_946' title='bbox 2630 5061 2884 5116; x_wconf 89' lang='lat' dir='ltr'><strong>duritiam</strong></span> <span class='ocrx_word' id='word_1_947' title='bbox 2931 5061 3111 5115; x_wconf 87' lang='lat' dir='ltr'><strong>cordis</strong></span> <span class='ocrx_word' id='word_1_948' title='bbox 3151 5061 3232 5114; x_wconf 90' lang='lat' dir='ltr'><strong>sui</strong></span> <span class='ocrx_word' id='word_1_949' title='bbox 3258 5069 3314 5114; x_wconf 89' lang='lat' dir='ltr'><strong>et</strong></span> <span class='ocrx_word' id='word_1_950' title='bbox 3339 5075 3432 5114; x_wconf 89' lang='lat' dir='ltr'><strong>eor</strong></span> <span class='ocrx_word' id='word_1_951' title='bbox 3453 5060 3708 5128; x_wconf 79' lang='lat' dir='ltr'><strong>impaeni-</strong></span> 
     </span>
    </p>
   </div>
   <div class='ocr_carea' id='block_1_112' title="bbox 2120 5151 3706 5225">
    <p class='ocr_par' dir='ltr' id='par_1_112' title="bbox 2120 5151 3706 5225">
     <span class='ocr_line' id='line_1_112' title="bbox 2120 5151 3706 5225; baseline -0.003 -17"><span class='ocrx_word' id='word_1_952' title='bbox 2120 5164 2274 5221; x_wconf 84' lang='lat' dir='ltr'><strong>tens,</strong></span> <span class='ocrx_word' id='word_1_953' title='bbox 2319 5163 2576 5225; x_wconf 89' lang='lat' dir='ltr'><strong>quantum</strong></span> <span class='ocrx_word' id='word_1_954' title='bbox 2605 5153 2670 5208; x_wconf 90' lang='lat' dir='ltr'><strong>ad</strong></span> <span class='ocrx_word' id='word_1_955' title='bbox 2704 5153 2850 5223; x_wconf 75' lang='lat' dir='ltr'><strong>ipsos</strong></span> <span class='ocrx_word' id='word_1_956' title='bbox 2882 5152 3145 5221; x_wconf 84' lang='lat' dir='ltr'><strong>pertinet,</strong></span> <span class='ocrx_word' id='word_1_957' title='bbox 3196 5151 3556 5206; x_wconf 73' lang='lat' dir='ltr'><strong>thesamizent</strong></span> <span class='ocrx_word' id='word_1_958' title='bbox 3603 5151 3706 5204; x_wconf 80' lang='lat' dir='ltr'><strong>sibi</strong></span> 
     </span>
    </p>
   </div>
   <div class='ocr_carea' id='block_1_113' title="bbox 2120 5243 3707 5318">
    <p class='ocr_par' dir='ltr' id='par_1_113' title="bbox 2120 5243 3707 5318">
     <span class='ocr_line' id='line_1_113' title="bbox 2120 5243 3707 5318; baseline -0.003 -16"><span class='ocrx_word' id='word_1_959' title='bbox 2120 5249 2253 5303; x_wconf 89' lang='lat' dir='ltr'><strong>iram</strong></span> <span class='ocrx_word' id='word_1_960' title='bbox 2283 5249 2444 5304; x_wconf 90' lang='lat' dir='ltr'><strong>indie</strong></span> <span class='ocrx_word' id='word_1_961' title='bbox 2473 5250 2599 5314; x_wconf 68' lang='lat' dir='ltr'><strong>ira),</strong></span> <span class='ocrx_word' id='word_1_962' title='bbox 2644 5263 2750 5318; x_wconf 92' lang='lat' dir='ltr'><strong>quo</strong></span> <span class='ocrx_word' id='word_1_963' title='bbox 2798 5247 3038 5302; x_wconf 88' lang='lat' dir='ltr'><strong>redditur</strong></span> <span class='ocrx_word' id='word_1_964' title='bbox 3081 5246 3361 5316; x_wconf 86' lang='lat' dir='ltr'><strong>unicuique</strong></span> <span class='ocrx_word' id='word_1_965' title='bbox 3409 5243 3707 5299; x_wconf 82' lang='lat' dir='ltr'><strong>secundum</strong></span> 
     </span>
    </p>
   </div>
   <div class='ocr_carea' id='block_1_114' title="bbox 2120 5335 3704 5412">
    <p class='ocr_par' dir='ltr' id='par_1_114' title="bbox 2120 5335 3704 5412">
     <span class='ocr_line' id='line_1_114' title="bbox 2120 5335 3704 5412; baseline -0.004 -18"><span class='ocrx_word' id='word_1_966' title='bbox 2120 5356 2280 5412; x_wconf 85' lang='lat' dir='ltr'><strong>opera</strong></span> <span class='ocrx_word' id='word_1_967' title='bbox 2306 5355 2400 5396; x_wconf 88' lang='lat' dir='ltr'><strong>sua</strong></span> <span class='ocrx_word' id='word_1_968' title='bbox 2425 5357 2437 5397; x_wconf 93' lang='lat'><strong>:</strong></span> <span class='ocrx_word' id='word_1_969' title='bbox 2471 5341 2611 5396; x_wconf 90' lang='lat' dir='ltr'><strong>Deus</strong></span> <span class='ocrx_word' id='word_1_970' title='bbox 2639 5349 2816 5394; x_wconf 90' lang='lat' dir='ltr'><strong>tamen</strong></span> <span class='ocrx_word' id='word_1_971' title='bbox 2844 5339 2978 5392; x_wconf 89' lang='lat' dir='ltr'><strong>alios</strong></span> <span class='ocrx_word' id='word_1_972' title='bbox 3007 5337 3131 5392; x_wconf 92' lang='lat' dir='ltr'><strong>inde</strong></span> <span class='ocrx_word' id='word_1_973' title='bbox 3166 5352 3261 5407; x_wconf 90' lang='lat' dir='ltr'><strong>per</strong></span> <span class='ocrx_word' id='word_1_974' title='bbox 3298 5335 3704 5393; x_wconf 87' lang='lat' dir='ltr'><strong>misericordem</strong></span> 
     </span>
    </p>
   </div>
   <div class='ocr_carea' id='block_1_115' title="bbox 2184 5449 3706 5517">
    <p class='ocr_par' dir='ltr' id='par_1_115' title="bbox 2184 5449 3706 5517">
     <span class='ocr_line' id='line_1_115' title="bbox 2184 5449 3706 5517; baseline -0.003 -15"><span class='ocrx_word' id='word_1_975' title='bbox 2184 5456 2200 5486; x_wconf 76' lang='grc' dir='ltr'><strong>ι</strong></span> <span class='ocrx_word' id='word_1_976' title='bbox 2229 5464 2328 5504; x_wconf 76' lang='lat' dir='ltr'><strong>Am.</strong></span> <span class='ocrx_word' id='word_1_977' title='bbox 2355 5461 2428 5517; x_wconf 69' lang='lat' dir='ltr'><strong>Er.</strong></span> <span class='ocrx_word' id='word_1_978' title='bbox 2455 5461 2508 5505; x_wconf 91' lang='lat' dir='ltr'><strong>et</strong></span> <span class='ocrx_word' id='word_1_979' title='bbox 2529 5453 2747 5504; x_wconf 86' lang='lat' dir='ltr'><strong>nonnulli</strong></span> <span class='ocrx_word' id='word_1_980' title='bbox 2782 5462 2909 5510; x_wconf 70' lang='lat' dir='ltr'><strong>Mss,</strong></span> <span class='ocrx_word' id='word_1_981' title='bbox 2935 5457 3270 5517; x_wconf 86' lang='lat' dir='ltr'><strong>cooperantur.</strong></span> <span class='ocrx_word' id='word_1_982' title='bbox 3293 5451 3413 5501; x_wconf 85' lang='lat' dir='ltr'><strong>vide</strong></span> <span class='ocrx_word' id='word_1_983' title='bbox 3437 5449 3615 5499; x_wconf 82' lang='lat' dir='ltr'><strong>Iibmm</strong></span> <span class='ocrx_word' id='word_1_984' title='bbox 3640 5449 3706 5499; x_wconf 82' lang='lat' dir='ltr'><strong>de</strong></span> 
     </span>
    </p>
   </div>
   <div class='ocr_carea' id='block_1_116' title="bbox 2119 5516 2932 5574">
    <p class='ocr_par' dir='ltr' id='par_1_116' title="bbox 2119 5516 2932 5574">
     <span class='ocr_line' id='line_1_116' title="bbox 2119 5516 2932 5574; baseline 0.001 -9"><span class='ocrx_word' id='word_1_985' title='bbox 2119 5518 2274 5566; x_wconf 85' lang='lat' dir='ltr'><strong>Gratia</strong></span> <span class='ocrx_word' id='word_1_986' title='bbox 2291 5523 2344 5567; x_wconf 89' lang='lat' dir='ltr'><strong>et</strong></span> <span class='ocrx_word' id='word_1_987' title='bbox 2367 5516 2522 5566; x_wconf 90' lang='lat' dir='ltr'><strong>libero</strong></span> <span class='ocrx_word' id='word_1_988' title='bbox 2540 5517 2766 5574; x_wconf 81' lang='lat' dir='ltr'><strong>Arbitrio,</strong></span> <span class='ocrx_word' id='word_1_989' title='bbox 2791 5530 2840 5564; x_wconf 85' lang='grc' dir='ltr'>ιι.</span> <span class='ocrx_word' id='word_1_990' title='bbox 2869 5517 2932 5566; x_wconf 79' lang='grc'><strong>55</strong></span> 
     </span>
    </p>
   </div>
   <div class='ocr_carea' id='block_1_117' title="bbox 2182 5573 3705 5636">
    <p class='ocr_par' dir='ltr' id='par_1_117' title="bbox 2182 5573 3705 5636">
     <span class='ocr_line' id='line_1_117' title="bbox 2182 5573 3705 5636; baseline -0.003 -9"><span class='ocrx_word' id='word_1_991' title='bbox 2182 5581 2202 5610; x_wconf 75' lang='grc'>³</span> <span class='ocrx_word' id='word_1_992' title='bbox 2227 5580 2309 5628; x_wconf 84' lang='lat' dir='ltr'><strong>Hic</strong></span> <span class='ocrx_word' id='word_1_993' title='bbox 2333 5579 2535 5628; x_wconf 75' lang='lat' dir='ltr'><strong>Vaticani</strong></span> <span class='ocrx_word' id='word_1_994' title='bbox 2560 5573 2759 5626; x_wconf 81' lang='lat' dir='ltr'><strong>codices</strong></span> <span class='ocrx_word' id='word_1_995' title='bbox 2773 5584 2826 5627; x_wconf 91' lang='lat' dir='ltr'><strong>et</strong></span> <span class='ocrx_word' id='word_1_996' title='bbox 2836 5577 3149 5628; x_wconf 82' lang='lat' dir='ltr'><strong>Floriacensis</strong></span> <span class='ocrx_word' id='word_1_997' title='bbox 3168 5574 3366 5636; x_wconf 80' lang='lat' dir='ltr'><strong>addunt,</strong></span> <span class='ocrx_word' id='word_1_998' title='bbox 3392 5573 3538 5626; x_wconf 78' lang='lat' dir='ltr'><strong>salva:</strong></span> <span class='ocrx_word' id='word_1_999' title='bbox 3561 5574 3705 5636; x_wconf 68' lang='lat' dir='ltr'><strong>facta</strong></span> 
     </span>
    </p>
   </div>
   <div class='ocr_carea' id='block_1_118' title="bbox 2118 5636 3649 5708">
    <p class='ocr_par' dir='ltr' id='par_1_118' title="bbox 2118 5636 3649 5708">
     <span class='ocr_line' id='line_1_118' title="bbox 2118 5636 3649 5708; baseline -0.002 -18"><span class='ocrx_word' id='word_1_1000' title='bbox 2118 5641 2420 5708; x_wconf 79' lang='lat' dir='ltr'><strong>sunt._Abest</strong></span> <span class='ocrx_word' id='word_1_1001' title='bbox 2436 5676 2450 5700; x_wconf 92' lang='lat'><strong>,</strong></span> <span class='ocrx_word' id='word_1_1002' title='bbox 2475 5638 2639 5708; x_wconf 72' lang='lat' dir='ltr'><strong>salute,</strong></span> <span class='ocrx_word' id='word_1_1003' title='bbox 2663 5652 2692 5688; x_wconf 90' lang='lat' dir='ltr'><strong>a</strong></span> <span class='ocrx_word' id='word_1_1004' title='bbox 2709 5653 2871 5702; x_wconf 68' lang='lat' dir='ltr'><strong>gmeeo</strong></span> <span class='ocrx_word' id='word_1_1005' title='bbox 2885 5636 3274 5708; x_wconf 30' lang='grc' dir='ltr'><strong>ισδιιιιιΠιιιιοειιοΙὶι</strong></span> <span class='ocrx_word' id='word_1_1006' title='bbox 3343 5701 3373 5708; x_wconf 85' lang='lat'>__</span> <span class='ocrx_word' id='word_1_1007' title='bbox 3569 5695 3596 5708; x_wconf 46' lang='grc' dir='ltr'><strong><em>ρ</em></strong></span> <span class='ocrx_word' id='word_1_1008' title='bbox 3637 5695 3649 5708; x_wconf 43' lang='grc' dir='ltr'><strong>ο</strong></span> 
     </span>
    </p>
   </div>
   <div class='ocr_carea' id='block_1_119' title="bbox 2185 5695 3703 5811">
    <p class='ocr_par' dir='ltr' id='par_1_119' title="bbox 2185 5695 3703 5811">
     <span class='ocr_line' id='line_1_119' title="bbox 2185 5695 3703 5766; baseline -0.002 -16"><span class='ocrx_word' id='word_1_1009' title='bbox 2185 5704 2205 5734; x_wconf 87' lang='grc'>³</span> <span class='ocrx_word' id='word_1_1010' title='bbox 2224 5695 2539 5751; x_wconf 77' lang='lat' dir='ltr'><strong>Floriacensis</strong></span> <span class='ocrx_word' id='word_1_1011' title='bbox 2575 5695 2655 5750; x_wconf 76' lang='lat' dir='ltr'><strong>Ms.</strong></span> <span class='ocrx_word' id='word_1_1012' title='bbox 2679 5738 2694 5762; x_wconf 97' lang='lat'><strong>,</strong></span> <span class='ocrx_word' id='word_1_1013' title='bbox 2710 5695 2786 5752; x_wconf 40' lang='lat' dir='ltr'><strong>“ut</strong></span> <span class='ocrx_word' id='word_1_1014' title='bbox 2807 5695 3170 5766; x_wconf 64' lang='lat' dir='ltr'><strong>prwdestimitos</strong></span> <span class='ocrx_word' id='word_1_1015' title='bbox 3209 5699 3274 5752; x_wconf 86' lang='lat' dir='ltr'><strong>ad</strong></span> <span class='ocrx_word' id='word_1_1016' title='bbox 3558 5695 3703 5762; x_wconf 75' lang='lat' dir='ltr'><strong>ﬁnire</strong></span> 
     </span>
     <span class='ocr_line' id='line_1_120' title="bbox 2185 5763 2682 5811; baseline 0 0"><span class='ocrx_word' id='word_1_1017' title='bbox 2185 5763 2359 5811; x_wconf 88' lang='lat' dir='ltr'><strong>rmittat</strong></span> <span class='ocrx_word' id='word_1_1018' title='bbox 2383 5763 2506 5811; x_wconf 80' lang='lat' dir='ltr'><strong>hunc</strong></span> <span class='ocrx_word' id='word_1_1019' title='bbox 2523 5763 2682 5811; x_wconf 80' lang='lat' dir='ltr'><strong>vitam.</strong></span> 
     </span>
    </p>
   </div>
   <div class='ocr_carea' id='block_1_120' title="bbox 2539 5778 2548 5799">
    <p class='ocr_par' dir='ltr' id='par_1_120' title="bbox 2539 5778 2548 5799">
     <span class='ocr_line' id='line_1_121' title="bbox 2539 5778 2548 5799; baseline 0 0"><span class='ocrx_word' id='word_1_1020' title='bbox 2539 5778 2548 5799; x_wconf 80' lang='grc' dir='ltr'><strong>ι</strong></span> 
     </span>
    </p>
   </div>
   <div class='ocr_carea' id='block_1_121' title="bbox 2118 5770 3700 5938">
    <p class='ocr_par' dir='ltr' id='par_1_121' title="bbox 2118 5770 3700 5938">
     <span class='ocr_line' id='line_1_122' title="bbox 2265 5770 2566 5807; baseline 0.02 -34"><span class='ocrx_word' id='word_1_1021' title='bbox 2265 5770 2275 5773; x_wconf 77' lang='lat'><strong>-</strong></span> <span class='ocrx_word' id='word_1_1022' title='bbox 2497 5801 2502 5807; x_wconf 18' lang='grc' dir='ltr'><em>β</em></span> <span class='ocrx_word' id='word_1_1023' title='bbox 2539 5770 2566 5799; x_wconf 57' lang='grc'>,-</span> 
     </span>
     <span class='ocr_line' id='line_1_123' title="bbox 2118 5770 3700 5938; baseline 0.01 -67"><span class='ocrx_word' id='word_1_1024' title='bbox 2370 5770 3006 5890; x_wconf 45' lang='grc' dir='ltr'><strong>έιίζᾝὶἓιεῗῖἔιιιλιιιιεετίιιῐὶε</strong></span> <span class='ocrx_word' id='word_1_1025' title='bbox 3029 5831 3083 5878; x_wconf 89' lang='lat' dir='ltr'><strong>ct</strong></span> <span class='ocrx_word' id='word_1_1026' title='bbox 3099 5823 3476 5884; x_wconf 67' lang='grc' dir='ltr'>οθωιιιιοριιεὶε.</span> <span class='ocrx_word' id='word_1_1027' title='bbox 3500 5825 3700 5884; x_wconf 65' lang='grc' dir='ltr'><strong>ι’ΥοΡθετ</strong></span> 
     </span>
     <span class='ocr_line' id='line_1_124' title="bbox 2138 5900 2226 5938; baseline -0.011 -1"><span class='ocrx_word' id='word_1_1028' title='bbox 2138 5900 2226 5938; x_wconf 78' lang='grc' dir='ltr'><strong>ιοσ.</strong></span> 
     </span>
    </p>
   </div>
  </div>
