4022 6460
213 429 316 488 793

213 547 506 603 bonitatem
555 545 772 601 adducit
836 542 902 598 ad
955 541 1324 613 pmnitentiam
1353 583 1368 608 ,
1428 541 1562 596 alios
1613 555 1810 596 secun-

212 641 337 696 dum
371 635 577 709 justum
601 637 858 708 judicium
900 651 1008 692 non
1050 635 1286 690 adducit.
1325 633 1497 690 llahct
1538 635 1681 690 enim
1719 649 1813 704 po-

211 741 456 788 testatem
499 729 797 785 adducendi
851 738 908 785 et
963 727 1237 792 trahendi,
1291 727 1407 797 ipso
1454 725 1678 781 Domino
1722 726 1808 781 di-

209 833 396 887 cente.
431 822 598 878 Nemo
649 824 780 877 venit
821 822 890 876 ad
917 839 996 876 me
1019 863 1035 885 ,
1069 821 1168 875 nisi
1194 819 1369 884 Pater,
1418 819 1504 889 qui
1534 820 1671 873 misit
1696 835 1807 885 me,

210 917 420 972 traxerit
441 933 557 970 eum
583 915 760 987 (Joan.
784 931 854 980 vi,
883 915 1000 985 44).
1017 913 1282 984 Numquid
1307 922 1486 968 autem
1517 913 1700 972 Achab
1721 927 1809 968 re-

207 1026 324 1082 gem
354 1010 676 1079 sacrilegum
703 1019 759 1064 et
788 1008 1006 1077 impium
1035 1007 1257 1062 adduxit
1300 1007 1366 1062 ad
1399 1007 1766 1076 penitentiam
1791 1023 1806 1073 ;

206 1113 297 1158 aut
317 1102 508 1157 saltem
540 1117 635 1172 per
658 1100 971 1156 mendacem
1003 1099 1247 1170 spiritum
1267 1099 1376 1170 jam
1403 1098 1625 1154 seducto
1651 1107 1809 1169 atque

206 1195 453 1266 decepto,
473 1195 779 1264 patientiam
797 1201 853 1248 et
868 1192 1320 1262 Ionganimitatem
1342 1190 1566 1262 praebuit
1582 1190 1605 1242 Ῥ
1621 1189 1810 1246 Nonne

208 1285 259 1339 in
288 1300 356 1340 eo
383 1285 586 1346 statim,
617 1293 837 1355 propter
855 1283 996 1354 quod
1023 1292 1138 1338 erat
1179 1280 1428 1336 seductus
1447 1322 1462 1346 ,
1509 1289 1681 1337 morte
1718 1295 1808 1336 ra-

209 1375 388 1446 piente
412 1376 735 1446 completum
766 1382 850 1430 est
871 1374 961 1447 (ΙΙΙ
993 1375 1117 1444 Reg.
1146 1369 1287 1441 χιιι)
1309 1373 1331 1426 ?
1350 1372 1481 1442 Quis
1505 1388 1626 1428 eum
1662 1372 1808 1428 dicat

208 1482 312 1522 non
336 1483 612 1538 peccasse,
644 1468 854 1538 spiritui
902 1465 1172 1522 credendo
1214 1465 1456 1521 mendaci
1477 1466 1501 1519 ?
1522 1467 1642 1536 quis
1667 1465 1810 1521 dicat

209 1559 311 1615 hoc
340 1568 620 1630 peccatum
650 1574 863 1629 pinnam
897 1573 1000 1614 non
1050 1558 1218 1613 fuisse
1245 1558 1471 1628 peccati,
1501 1559 1805 1613 venientem

206 1651 272 1708 de
293 1650 502 1722 judicio
530 1651 654 1715 Dei,
685 1651 752 1705 ad
797 1665 956 1721 quem
1001 1649 1126 1720 legit
1171 1649 1484 1704 mendacem
1528 1649 1802 1722 spiritum,

206 1744 318 1798 sive
376 1743 623 1806 missum,
668 1744 781 1797 sive
813 1741 1130 1811 permissum
1157 1740 1180 1794 ?
1227 1741 1358 1809 Quis
1387 1741 1576 1796 borum
1609 1741 1806 1811 aliquid

204 1834 358 1901 dicit,
393 1834 497 1888 nisi
520 1834 609 1904 qui
637 1833 766 1888 dicit
795 1833 935 1904 quod
959 1833 1098 1901 vult,
1121 1841 1174 1888 et
1213 1832 1354 1904 quod
1383 1848 1566 1888 verum
1607 1841 1690 1888 est
1713 1847 1808 1888 au-

208 1925 324 1981 dire
352 1941 460 1980 non
489 1925 646 1979 vult?

279 2018 371 2073 15.
397 2016 528 2084 Quis
549 2031 678 2070 vero
704 2017 775 2071 ita
801 2015 1054 2086 desipiat,
1088 2024 1146 2070 ut
1169 2031 1290 2072 cum
1329 2014 1560 2070 audierit
1583 2013 1723 2085 quod
1752 2015 1806 2072 in

208 2111 416 2180 psalmo
468 2109 698 2175 canitur,
734 2108 816 2165 Ne
861 2112 1036 2164 tradas
1064 2126 1176 2176 me,
1223 2109 1468 2175 Domine,
1501 2125 1532 2164 a
1561 2109 1808 2164 desiderio

208 2217 316 2254 meo
343 2200 598 2271 peccatori
629 2199 802 2268 (Psal.
829 2216 1052 2265 cxxxtx,
1073 2201 1167 2270 9):
1199 2199 1300 2255 lioc
1325 2201 1470 2255 dicat
1500 2213 1685 2256 orasse
1707 2201 1807 2256 bo-

208 2294 434 2357 minem,
468 2308 538 2347 ne
567 2293 704 2348 Dens
733 2293 804 2348 sit
824 2293 1029 2364 patiens
1047 2309 1172 2365 erga
1197 2293 1377 2360 illum;
1420 2293 1465 2349 si
1489 2312 1507 2345 ι
1529 2295 1670 2349 Deus
1699 2309 1806 2349 non

211 2385 376 2441 tradit
404 2394 462 2440 ut
488 2387 622 2439 mala
671 2385 816 2449 flant,
845 2385 946 2441 nisi
993 2389 1280 2456 patientem
1321 2387 1616 2442 bonitatem
1663 2401 1807 2456 pras-

210 2476 388 2532 bendo
405 2492 528 2532 cmn
544 2477 795 2551 tiunt(a)?
814 2497 834 2530 ι
855 2477 992 2546 Quid
1009 2486 1093 2532 est
1107 2485 1283 2533 autem
1305 2478 1448 2549 quod
1475 2478 1711 2548 quotidie
1722 2477 1810 2533 di-

209 2571 407 2639 cimus,
440 2569 526 2627 Ne
552 2587 645 2628 nos
665 2571 855 2643 inferas
883 2574 937 2628 in
962 2571 1287 2628 tentationem
1317 2569 1530 2647 (Matth.
1562 2586 1640 2638 vt,
1686 2569 1807 2643 l5);

210 2665 311 2720 nisi
345 2673 406 2719 ut
434 2678 539 2719 non
570 2663 846 2720 tradantur
863 2665 1314 2736 concupiscentiis
1362 2662 1606 2721 nostris?
1631 2661 1810 2722 Unus-

210 2756 443 2827 quisque
463 2756 608 2812 enim
629 2765 862 2813 tentatur
877 2772 906 2811 a
927 2758 1358 2828 concupiscentia
1390 2773 1486 2814 sua
1512 2758 1812 2814 abstractus

211 2856 265 2903 et
303 2847 519 2903 illectus
555 2847 757 2920 (Jacobi
804 2864 842 2915 t,
874 2848 989 2922 14).
1036 2850 1117 2904 An
1147 2849 1283 2904 forte
1322 2851 1424 2906 hoc
1461 2864 1492 2904 a
1535 2850 1645 2904 Deo
1676 2849 1812 2919 peti-

211 2952 354 3003 mus,
385 2946 444 2992 ut
475 2951 579 2992 non
600 2939 670 2992 sit
695 2953 819 3008 erga
864 2953 963 2993 nos
994 2939 1201 3008 patiens
1246 2939 1456 2994 bonitas
1498 2939 1614 3011 ejus
1642 2939 1666 2993 ?
1693 2938 1810 2994 Non

213 3043 345 3099 ergo
374 3029 492 3098 ejus
522 3029 832 3083 invocamus
860 3029 1284 3084 misericordiam
1307 3070 1324 3095 ,
1355 3031 1450 3086 sed
1482 3031 1660 3101 potius
1707 3031 1812 3085 ira-

213 3119 467 3174 cundiam
493 3133 868 3189 provocamus.
890 3118 1021 3188 Quis
1042 3120 1142 3174 ista
1165 3121 1336 3190 sapiat
1360 3121 1681 3176 sanus'timo
1692 3121 1812 3192 quis

213 3215 299 3270 vel
327 3213 564 3270 furiosus
588 3213 704 3270 haec
731 3213 916 3268 dicat?
939 3212 1122 3269 Tradit
1142 3229 1270 3286 ergo
1283 3213 1424 3270 Deus
1453 3215 1505 3268 in
1535 3213 1814 3284 passiones

214 3305 530 3376 ignominiae
553 3347 569 3373 ,
603 3313 661 3361 ut
690 3305 830 3376 fiant,
861 3320 984 3376 qua:
1023 3319 1130 3359 non
1157 3306 1514 3372 conveniunt;
1562 3305 1657 3361 sed
1698 3307 1813 3377 ipse

213 3397 604 3454 convenienter
629 3397 788 3452 tradit
813 3415 826 3452 :
854 3407 910 3453 et
936 3397 1069 3452 tiunt
1095 3397 1282 3454 eadem
1310 3407 1532 3468 peccata
1549 3437 1565 3465 ,
1609 3404 1664 3452 et
1685 3413 1812 3468 pec-

215 3498 466 3545 catorum
496 3489 755 3560 supplicia
782 3491 1196 3560 praeteritorum,
1229 3498 1284 3546 et
1307 3490 1686 3560 suppliciorum
1701 3506 1816 3548 nie-

214 3581 317 3636 rita
349 3581 648 3636 futurorum
674 3599 687 3635 :
717 3581 857 3637 sicut
873 3581 1288 3636 tradiditAcltab
1309 3581 1361 3636 in
1383 3581 1816 3652 pseudoprophe-

214 3680 395 3728 tarum
423 3671 796 3738 mendacium;
828 3672 967 3728 sicut
1008 3671 1227 3728 tradidit
1271 3673 1510 3728 Roboam
1539 3675 1591 3728 in
1623 3674 1812 3730 falsum

215 3765 504 3821 consilium
537 3764 629 3837 (Ill
655 3764 785 3838 Reg.
813 3767 931 3835 xtl).
961 3765 1110 3821 Facit
1137 3767 1253 3822 lucc
1291 3766 1444 3821 miris
1487 3775 1542 3822 et
1569 3766 1812 3822 ineffabi-

215 3859 358 3916 libus
386 3859 584 3924 modis,
614 3858 704 3929 qui
735 3858 882 3913 novit
899 3858 1037 3929 justa
1059 3857 1258 3928 judicia
1288 3873 1406 3924 sua,
1430 3873 1537 3913 non
1564 3859 1738 3913 solum
1762 3859 1813 3914 in

215 3952 537 4023 corporibus
553 3950 961 4018 liominum,sed
987 3960 1042 4006 et
1067 3951 1124 4006 in
1143 3950 1273 4021 ipsis
1298 3950 1550 4006 cordibus
1577 3949 1810 4021 operari.

216 4045 316 4115 Qui
346 4059 456 4100 non
489 4042 615 4099 facit
641 4044 946 4100 voluntates
972 4043 1177 4107 malas;
1207 4042 1302 4098 sed
1337 4043 1506 4098 utitur
1531 4043 1612 4099 eis
1642 4051 1701 4097 ut
1724 4057 1818 4098 vo-

216 4136 399 4202 luerit,
430 4149 552 4190 cum
587 4133 787 4205 aliquid
830 4135 1012 4206 inique
1051 4134 1188 4189 velle
1229 4149 1335 4188 non
1359 4135 1549 4204 possit.
1590 4135 1818 4191 Exaudit

217 4226 504 4298 prepitius,
528 4239 634 4280 non
664 4226 880 4281 exaudit
915 4226 1082 4280 iratus
1114 4243 1128 4279 :
1161 4233 1216 4281 et
1229 4241 1436 4292 rursus,
1463 4241 1570 4281 non
1592 4227 1812 4284 exaudit

216 4318 509 4391 propitius,
543 4316 759 4372 exaudit
792 4318 978 4372 iratus.
1024 4318 1200 4373 Parcit
1230 4319 1511 4389 propitius,
1542 4334 1649 4375 non
1690 4336 1815 4388 par-

215 4411 289 4465 cit
308 4410 484 4465 iratus
509 4425 522 4463 :
553 4417 610 4464 et
628 4424 838 4477 rursus,
870 4425 976 4465 non
1008 4411 1178 4480 parcit
1202 4411 1484 4482 propitius,
1509 4415 1679 4482 parcit
1706 4414 1813 4468 ira-

215 4509 339 4557 tus:
369 4509 528 4571 atque
550 4499 602 4555 in
629 4499 715 4556 bis
736 4503 985 4557 omnibus
1007 4502 1179 4557 bonus
1203 4512 1510 4572 perseverat
1537 4512 1591 4560 et
1617 4503 1814 4575 justus.

217 4593 330 4651 Sed
373 4593 444 4650 ad
491 4593 606 4649 [nec
652 4594 772 4664 quis
813 4594 1038 4650 idoneus
1058 4594 1265 4668 (IlCor.
1289 4611 1347 4661 ιι,
1382 4596 1470 4668 16)
1494 4597 1517 4651 ?
1541 4597 1722 4668 utique
1749 4597 1817 4653 ad

219 4686 340 4742 haec
359 4685 477 4756 ejus
505 4685 895 4757 perscrutanda
924 4695 979 4742 et
1006 4686 1374 4758 investiganda
1415 4687 1615 4758 judicia
1637 4731 1652 4754 ,
1697 4691 1818 4760 quis

218 4779 386 4834 bomo
410 4778 668 4848 idoneus,
717 4795 875 4852 quem
919 4781 1266 4852 corruptibile
1298 4792 1552 4853 aggravat
1578 4798 1775 4855 corpus
1799 4828 1814 4854 ,

215 4871 435 4928 etiamsi
466 4870 659 4926 habeat
673 4871 782 4943 jam
810 4872 980 4927 sancti
1009 4871 1239 4942 Spiritus
1260 4873 1494 4946 pignus?

234 4963 236 4966 ’
289 4963 385 5020 16.
413 4961 520 5018 Sed
546 4963 709 5018 homo
737 4964 1038 5034 intelligens
1062 4972 1119 5020 et
1155 4974 1362 5032 acutus,
1397 4965 1654 5035 «justam»
1681 4966 1818 5025 dicis

221 5075 242 5110 ι
269 5067 401 5113 esse
425 5055 701 5110 libidinem
731 5064 786 5110 et
805 5055 978 5110 laudis
1009 5057 1275 5126 praeconio
1301 5052 1698 5128 praedicandam
1725 5101 1739 5126 ,
1769 5061 1813 5116 si

215 5165 342 5206 eum
373 5149 466 5220 qui
495 5147 610 5205 Deo
639 5162 745 5203 non
793 5147 1050 5212 obedivit,
1077 5163 1182 5203 non
1227 5148 1302 5204 illi
1333 5149 1634 5207 obediendo
1658 5155 1817 5224 puni-

214 5244 312 5298 vit.
331 5262 351 5296 ι
381 5241 440 5298 Si
464 5240 757 5312 prudenter
777 5240 864 5296 hic
888 5256 1126 5312 saperes,
1154 5241 1396 5312 profecto
1415 5257 1536 5298 esse
1562 5245 1818 5316 iniquita-

176 5404 180 5408 ι
214 5345 326 5390 tem
342 5332 574 5401 videres,
605 5345 709 5406 qua
729 5335 744 5364 ‘
777 5347 900 5403 pars
924 5331 1150 5388 inferior
1181 5333 1412 5388 hominis
1439 5345 1704 5406 repugnat
1727 5353 1820 5393 su-

214 5426 425 5500 periuri
445 5435 606 5498 atque
639 5425 845 5482 meliori
877 5441 891 5478 :
927 5434 984 5481 et
1025 5435 1202 5481 tamen
1235 5427 1380 5496 juste
1423 5428 1663 5498 iniquum
1707 5445 1820 5486 sua:

215 5521 404 5579 carnis
429 5520 708 5588 iniquitate
725 5521 990 5592 punitum,
1021 5521 1156 5576 sicut
1185 5530 1268 5577 est
1297 5536 1388 5577 rex
1421 5521 1632 5592 iniquus
1662 5525 1818 5580 mali-

216 5616 306 5687 gni
337 5614 558 5685 spiritus
576 5614 851 5686 iniquitate
874 5613 1116 5686 punitus.
1141 5615 1221 5668 An
1252 5621 1306 5668 et
1328 5616 1498 5683 ipsum
1530 5615 1819 5686 malignum

217 5710 471 5782 spiritum
495 5709 710 5765 laudare
738 5705 1026 5780 disponis?
1056 5707 1151 5763 Eia
1179 5723 1275 5778 age
1295 5749 1312 5775 ,
1339 5709 1466 5779 quid
1494 5710 1722 5764 moraris
1749 5712 1770 5742 ³
1797 5712 1822 5764 ?

285 5806 302 5836 ι
331 5805 475 5852 vatic.
500 5809 705 5873 quatuor
720 5809 834 5874 _Mss.
861 5809 914 5852 et
934 5801 1150 5898 Elegiae,
1174 5799 1306 5873 quia.

286 5867 308 5897 I
335 5864 453 5898 mliti
506 5873 586 5898 hu
648 5867 764 5898 nant!
798 5876 1004 5898 ntnrnnc
1080 5863 1306 5898 Adlhi'hmt

286 5867 308 5897 ²
335 5864 476 5928 aditi,
501 5863 605 5922 Eia,
647 5865 764 5927 quid
798 5863 1048 5916 moraris!
1077 5863 1373 5925 addidimus,
1408 5876 1514 5928 age,
1551 5877 1616 5916 ex
1654 5876 1828 5917 manu:

222 5930 410 5989 scripto
434 5926 738 5989 t-jlnriaecnsi.

285 5987 362 6049 (ei)
397 5987 568 6040 Juliani
592 5989 696 6040 haec
720 5988 909 6040 videtur
931 5987 1196 6042 sententia.

1587 422 1788 479 LIBER
1828 423 2146 493 QUINTUS.

3397 431 3502 488 79‘

1921 541 2083 597 Decet
2108 542 2252 598 enim
2295 551 2346 598 te
2377 541 2649 598 inimicum
2678 541 2922 612 gratuita:
2949 541 3042 598 Dei
3071 543 3356 615 bonitatis,
3387 548 3504 604 lan-

1915 633 2155 690 datorcm
2201 636 2421 704 spiritus
2451 651 2570 692 esse
2600 637 2890 693 mendacis.
2920 637 3028 694 Nec
3057 639 3322 697 laborabis
3350 641 3504 699 inve-

1914 730 2030 783 nire
2058 728 2184 798 quid
2215 728 2360 784 dicas
2395 729 2616 784 :laudes
2641 732 2757 800 ejus
2791 741 3002 802 paratas
3049 732 3246 800 babes,
3290 736 3332 789 si
3389 735 3505 792 haec

1914 820 2025 890 ipsa
2055 820 2106 875 in
2129 836 2251 876 eum
2277 821 2435 876 verba
2459 824 2792 879 transtuleris
2811 865 2826 890 ,
2861 840 2980 894 qua:
3010 827 3234 896 posuisti
3268 827 3319 881 in
3349 827 3504 882 laude

1913 913 2150 969 libidinis
2170 955 2183 977 ,
2213 915 2360 968 velut
2392 917 2771 985 consequentia
2823 918 3139 972 sententiam
3165 934 3335 973 meam
3357 961 3372 984 ,
3403 935 3504 989 qua

1912 1019 2014 1075 ego
2033 1004 2141 1058 dixi
2164 1045 2180 1069 ,
2217 1023 2236 1056 ι
2267 1003 2526 1074 Injustum
2556 1006 2698 1060 enim
2744 1016 2859 1061 erat
2887 1016 2945 1061 ut
2972 1009 3434 1079 obtemperaretur
3469 1028 3502 1070 ,τι

1912 1111 2070 1152 servo
2097 1113 2212 1162 suo,
2245 1097 2348 1154 hoc
2377 1109 2458 1153 est
2487 1115 2516 1153 a
2548 1114 2774 1170 corpore
2815 1115 2944 1167 suo,
2967 1102 3015 1154 ei
3048 1103 3136 1172 qui
3167 1119 3271 1158 non
3299 1103 3505 1159 obtem-

1914 1197 2195 1258 peraverat
2222 1187 2448 1243 Domino
2473 1204 2571 1244 suo
2596 1209 2616 1242 ι
2640 1188 2742 1262 (De
2761 1190 2969 1261 Nuptiis
2992 1202 3035 1246 ct
3067 1191 3505 1262 Concupiscentia,

1912 1280 1980 1334 lib
2021 1282 2072 1347 l,
2101 1297 2155 1334 η.
2189 1281 2269 1352 7).
2299 1281 2451 1350 Quod
2485 1290 2540 1336 tu
2561 1297 2782 1354 negans,
2801 1293 2852 1338 et
2877 1283 3067 1338 falsum
3090 1299 3209 1339 esse
3226 1285 3506 1348 deridcns,

1910 1372 2056 1428 velut
2094 1371 2384 1428 ostendere
2428 1373 2644 1428 voluisti
2669 1390 2789 1444 qua:
2819 1386 3138 1444 sequeretur
3166 1375 3504 1441 absurditas;

1911 1473 2162 1536 tanquam
2189 1466 2434 1520 ultricem
2455 1467 2680 1537 peccati,
2697 1468 2741 1522 si
2766 1467 2865 1523 hoc
2884 1470 2950 1522 ita
2973 1479 3074 1536 est,
3101 1469 3371 1525 libidinem
3401 1471 3507 1525 latt-

1917 1557 2071 1613 dans.
2105 1558 2263 1614 Certe
2295 1560 2455 1614 istnm
2491 1561 2802 1617 mendacem
2849 1563 3095 1632 Spiritum
3124 1565 3250 1635 quia
3285 1565 3505 1635 impium

1909 1664 2124 1720 regem,
2156 1650 2295 1705 sicut
2321 1652 2647 1718 merebatur,
2679 1652 2910 1708 fallendo
2937 1655 3097 1708 traxit
3145 1655 3211 1710 ad
3242 1665 3505 1723 mortem,

1909 1755 2017 1797 non
2040 1756 2201 1812 negas
2227 1742 2518 1812 iniquitatis
2547 1744 2797 1800 ultorem.
2854 1745 2992 1800 Ecce
3022 1762 3120 1817 ego
3147 1757 3202 1801 ct
3233 1747 3320 1801 hic
3347 1748 3469 1801 dico
3489 1788 3504 1814 ,

1909 1832 2166 1903 Injustum
2193 1833 2336 1888 enim
2363 1842 2478 1889 erat
2509 1835 2676 1906 utqui
2709 1851 2814 1890 non
2845 1837 3150 1892 crediderat
3193 1839 3304 1892 Deo
3335 1854 3464 1893 vero
3489 1880 3504 1905 ,

1909 1940 2016 1981 non
2033 1926 2372 1997 deciperetur
2392 1943 2422 1982 a
2449 1927 2604 1983 falso.
2629 1929 2808 1985 Lauda
2834 1947 2964 2002 ergo
2989 1941 3044 1987 et
3068 1933 3222 1987 istius
3242 1934 3504 2004 justitiam

1910 2017 2180 2086 falsitatis,
2211 2027 2266 2074 et
2293 2019 2382 2074 dic
2410 2037 2529 2090 qua!
2554 2021 2732 2077 dixisti
2761 2024 2812 2078 in
2844 2024 3002 2080 laude
3028 2025 3262 2081 libidinis
3289 2046 3300 2082 :
3327 2046 3345 2079 ι
3373 2028 3506 2094 Quia

1914 2106 2048 2163 nibil
2077 2124 2138 2166 ea
2164 2119 2342 2180 potest
2385 2111 2705 2168 laudabilius
2746 2116 3032 2182 mstimari,
3087 2117 3132 2172 si
3178 2118 3508 2189 iniquitatem

1910 2203 2018 2258 ulta
2049 2205 2320 2259 commissi
2374 2206 2516 2272 est‘,
2548 2206 2593 2260 si
2627 2207 2918 2263 vindicavit
2969 2210 3218 2279 injuriam
3269 2212 3402 2276 Dei,
3453 2222 3510 2281 et

1910 2295 2034 2366 quia
2066 2294 2139 2350 ita
2169 2296 2496 2350 consortium
2530 2299 2730 2366 peccati
2759 2313 2865 2352 non
2908 2299 3107 2367 liabuit,
3165 2311 3222 2356 nt
3271 2303 3506 2358 officium

1910 2385 2231 2440 vindicantis
2256 2395 2604 2442 assumeret.)
2637 2387 2825 2442 Omnia
2872 2389 2988 2444 huic
3039 2391 3331 2447 secundum
3389 2402 3506 2450 tuos

1910 2477 2251 2532 aeutissimos
2263 2486 2635 2542 sensus,rectc
2655 2477 2910 2534 dicuntur
2929 2490 2981 2534 et
3012 2481 3065 2535 in
3098 2482 3506 2539 illiusimmundi

1911 2570 2128 2639 spiritus
2155 2567 2315 2624 laude
2338 2570 2382 2622 ⁸.
2414 2568 2558 2640 Ergo
2585 2571 2912 2640 przeconium
2937 2573 3082 2628 vocis
3099 2573 3119 2605 ³
3148 2585 3249 2629 tua:
3271 2576 3324 2630 in
3349 2577 3508 2632 simili

1911 2673 2095 2730 eausa,
2119 2669 2209 2718 aut
2226 2658 2469 2718 mendaci
2489 2660 2656 2719 redde
2681 2662 2910 2736 spiritui,
2940 2672 3033 2722 aut
3061 2666 3360 2724 contumaci
3383 2669 3510 2724 tolle

1913 2757 2145 2813 libidini.

1985 2849 2225 2920 l7.Quid
2249 2849 2385 2921 fugis
2406 2851 2472 2906 ad
2502 2851 2936 2908 obscurissimam
2955 2854 3024 2910 de
3049 2857 3222 2911 anima
3253 2859 3508 2928 quaestio-

1914 2957 2036 2998 nem
2053 2942 2078 2995 ἲ
2093 2942 2146 2996 In
2163 2943 2408 3014 paradiso
2431 2944 2498 2998 ab
2518 2945 2696 2998 animo
2711 2944 2924 3016 quidem
2959 2949 3121 3017 cmpit
3144 2949 3304 3005 elatio
3324 2993 3340 3018 ,
3371 2961 3424 3006 et
3443 2951 3508 3007 ad

1913 3045 2239 3108 praeceptum
2262 3037 2758 3108 transgrediendum
2799 3039 2920 3094 inde
2940 3042 3223 3097 consensio
3241 3084 3257 3109 ,
3286 3053 3506 3114 propter

1913 3132 2056 3202 quod
2073 3131 2274 3186 dictum
2304 3140 2387 3186 est
2406 3146 2435 3184 a
2465 3141 2735 3202 serpente,
2766 3130 2925 3188 Eritis
2951 3134 3080 3188 sicut
3118 3135 3190 3188 dii
3236 3135 3388 3202 (Gen.
3427 3153 3503 3205 ιιι,

1914 3226 2004 3296 5):
2039 3224 2131 3280 sed
2162 3233 2432 3295 peccatum
2458 3224 2585 3279 illud
2617 3225 2776 3280 homo
2807 3235 2948 3282 totus
2979 3227 3234 3298 implevit.
3253 3229 3401 3284 Tunc
3430 3240 3514 3286 est

1914 3330 2041 3371 caro
2066 3315 2198 3371 facta
2231 3317 2466 3386 peccati,
2495 3316 2648 3384 cujus
2678 3317 2804 3370 vitia
2836 3327 3095 3373 sanantur
3121 3320 3230 3373 sola
3260 3319 3512 3375 similitu-

1914 3405 2039 3462 dine
2067 3408 2246 3461 carnis
2274 3406 2498 3478 peccati.
2531 3406 2600 3464 Ut
2630 3422 2756 3478 ergo
2793 3417 2846 3464 et
2873 3410 3050 3464 anima
3072 3420 3126 3466 et
3153 3427 3279 3466 caro
3316 3412 3514 3482 pariter

1917 3510 2202 3571 utrumque
2247 3500 2496 3571 puniatur
2520 3541 2535 3566 ,
2573 3500 2673 3554 nisi
2703 3499 2845 3571 quod
2875 3504 3110 3558 nascitur
3132 3543 3147 3567 ,
3183 3503 3514 3560 renascendo

1915 3592 2234 3648 einundetur
2264 3592 2286 3624 ‘
2310 3608 2326 3659 ;
2354 3593 2596 3664 profecto
2621 3602 2714 3648 aut
2739 3603 3023 3667 utrumque
3049 3597 3290 3653 vitiatum
3315 3614 3381 3654 ex
3411 3599 3512 3654 lto-

1916 3686 2061 3742 mine
2086 3685 2333 3750 trahitur,
2388 3695 2480 3740 aut
2520 3686 2748 3742 alterum
2776 3704 2828 3742 in
2855 3690 3028 3744 altero
3073 3700 3320 3761 tanquam
3353 3694 3404 3746 in
3434 3691 3514 3747 vi-

1918 3777 2046 3832 tiato
2093 3792 2220 3833 vase
2264 3777 2644 3848 corrumpitur,
2697 3779 2784 3834 tibi
2833 3781 3042 3836 occulta
3077 3781 3278 3852 jnstitia
3320 3782 3513 3838 divina:

1917 3869 2049 3940 legis
2075 3867 2384 3925 includitur.
2413 3870 2550 3938 Quid
2583 3881 2763 3926 autem
2791 3871 2981 3927 Iterum
3009 3873 3078 3927 sit
3108 3889 3314 3942 verum,
3345 3874 3514 3931 liben-

1918 3966 2022 4017 tius
2047 3961 2198 4016 disco
2224 3977 2380 4032 quam
2407 3961 2549 4028 dico,
2569 3977 2636 4017 ne
2659 3963 2884 4018 audeam
2910 3963 3106 4020 docere
3132 3965 3273 4036 quod
3303 3967 3508 4022 nescio.

1918 4052 2031 4108 Hoc
2076 4065 2253 4108 tamen
2295 4053 2427 4121 scio,
2474 4053 2526 4108 id
2572 4053 2765 4109 borum
2793 4070 2914 4110 esse
2960 4072 3166 4124 verum,
3208 4058 3349 4128 quod
3383 4059 3512 4114 tidcs

1918 4160 2066 4211 vera,
2113 4147 2353 4215 antiqua,
2400 4145 2685 4215 catholica,
2734 4163 2838 4218 qua
2883 4147 3118 4203 creditur
3159 4160 3212 4205 et
3258 4152 3515 4206 asscritur

1917 4235 2181 4306 originale
2220 4243 2497 4306 peccatum
2523 4277 2539 4303 ,
2567 4251 2673 4291 non
2701 4252 2823 4293 esse
2848 4240 3136 4293 convicerit
3167 4240 3377 4295 falsum.
3409 4239 3510 4295 Ista

1920 4329 2053 4385 fides
2079 4345 2184 4385 non
2217 4339 2438 4400 negetur
2469 4347 2481 4383 :
2515 4329 2698 4385 ethoc
2725 4332 2865 4400 quod
2902 4331 2969 4387 de
3013 4333 3186 4386 anima
3230 4333 3385 4396 latet,
3422 4343 3516 4389 ant

1919 4436 1983 4477 ex
2011 4421 2120 4475 otio
2145 4419 2394 4486 discitur;
2416 4427 2528 4488 aut,
2559 4421 2696 4475 sicut
2727 4421 2826 4475 alia
2857 4423 3018 4476 multa
3050 4423 3100 4476 in
3128 4421 3226 4478 hac
3241 4423 3368 4489 vita,
3397 4424 3513 4478 sine

1919 4517 2105 4572 salutis
2131 4516 2251 4572 labe
2279 4515 2533 4571 nescitur.
2568 4515 2732 4585 Magis
2756 4515 2896 4571 enim
2925 4515 3219 4571 curandum
3249 4524 3333 4570 est
3354 4557 3368 4581 ,
3401 4517 3514 4571 sive

1921 4609 1974 4664 in
2017 4608 2274 4678 parvulis,
2321 4609 2436 4664 sive
2480 4608 2533 4663 in
2575 4607 2898 4678 grandibus,
2928 4623 3036 4678 quo
3077 4608 3252 4662 anima
3295 4617 3516 4664 sanetur

1921 4701 2121 4755 auxilio
2147 4741 2162 4766 ,
2194 4716 2353 4772 quam
2380 4715 2486 4772 quo
2510 4700 2690 4754 vitiata
2731 4700 2801 4754 sit
2835 4701 3028 4754 merito
3059 4717 3070 4753 :
3100 4714 3220 4769 qua:
3261 4707 3438 4754 tamen
3469 4700 3513 4754 si

1921 4792 2102 4848 vitiata
2129 4793 2428 4864 negabitur,
2453 4807 2552 4848 nec
2577 4792 2871 4848 sanabitur.

1993 4886 2237 4944 18.1llud
2269 4901 2396 4941 sane
2420 4902 2516 4942 cur
2543 4886 2766 4952 dixeris,
2793 4885 3095 4955 excogitare
3127 4899 3230 4939 non
3258 4886 3427 4955 potui,
3461 4884 3513 4939 in

1921 4994 1988 5037 eo
2017 4979 2157 5051 quod
2189 4977 2623 5034 commemorasti
2658 4976 2856 5032 dixisse
2888 4977 3205 5047 Apostolnm
3229 5017 3243 5042 ,
3275 4977 3343 5030 Et
3372 4986 3514 5031 tene-

1924 5073 2028 5128 bris
2053 5071 2312 5144 oppletum
2360 5080 2430 5125 est
2456 5071 2697 5141 insipiens
2741 5086 2828 5124 cor
2871 5087 3043 5125 eorum
3074 5069 3265 5140 (Rom.
3299 5085 3349 5132 ι,
3386 5069 3513 5139 21).

1923 5163 2188 5220 Addidisti
2215 5163 2378 5229 enim,
2415 5181 2433 5215 t
2465 5161 2756 5216 notandum
2788 5176 2907 5216 esse
2931 5204 2946 5228 ,
2977 5163 3228 5232 quoniam
3257 5161 3517 5230 insipien-

1925 5256 2054 5311 tiam
2083 5269 2302 5310 causam
2346 5254 2489 5310 dicat
2519 5253 2758 5307 omnium
2788 5253 3072 5308 malorum.
3109 5272 3128 5304 ι
3163 5253 3272 5307 lloc
3297 5251 3513 5322 quidem

1923 5351 2124 5406 dixisse
2167 5348 2482 5419 Apostolum
2524 5362 2632 5402 non
2663 5347 2794 5402 satis
2833 5356 3064 5402 constat.
3098 5345 3204 5401 Sed
3237 5360 3340 5398 non
3387 5345 3516 5400 inde

1924 5440 2191 5498 contendo
2218 5457 2232 5494 :
2266 5449 2319 5494 tu
2350 5440 2524 5510 potius
2543 5454 2640 5495 cur
2671 5438 2774 5494 hoc
2811 5437 3010 5493 dixeris
3039 5451 3238 5504 qmero.
3270 5436 3350 5490 An
3379 5435 3515 5491 forte

1923 5537 2046 5607 quia
2093 5533 2300 5604 parvuli
2345 5549 2449 5588 non
2499 5542 2643 5588 recte
2691 5532 2942 5588 dicuntur
2986 5529 3337 5600 insipientes,
3391 5529 3512 5595 quia

1991 5663 2005 5694 ι
2035 5661 2170 5720 ειιίιί,
2215 5659 2259 5712 si
2303 5659 2552 5720 iniquitate
2591 5657 2695 5710 ulta
2733 5668 2988 5709 commissa
3017 5659 3106 5704 est.
3141 5652 3464 5704 Emendantur
3486 5665 3516 5703 ι

1924 5730 2034 5774 Mss.
2061 5725 2205 5774 Vatic.
2233 5731 2286 5774 et
2307 5722 2468 5772 Gallic.

1989 5789 2008 5819 ²
2033 5794 2128 5834 sex
2153 5793 2282 5845 Mss,
2302 5785 2510 5835 laudem.

1992 5849 2013 5881 ³
2039 5856 2140 5896 Am.
2167 5855 2240 5897 Er.
2269 5841 2319 5897 et
2342 5847 2438 5896 duo
2457 5855 2584 5906 Mss.,
2607 5841 2785 5895 laudis.

1990 5910 2012 5942 δ
2035 5911 2108 5960 sic
2121 5909 2436 5972 Floriacensis
2453 5903 2609 5958 codex
2635 5916 2688 5958 et
2709 5908 2929 5972 quinque
2948 5905 3158 5958 Vaticani
3180 5903 3512 5970 manusa'lptt.

1929 5977 1987 6024 At
2004 5972 2142 6034 editi,
2165 5971 2462 6024 emendetur.
