4022 6474
495 450 599 511 795

497 548 743 623 nondum.
773 564 1046 638 sapientiae
1075 570 1298 637 possunt
1321 576 1442 619 esse
1465 558 1777 633 participes,
1818 554 1941 612 ideo
1964 552 2084 608 nul-

494 660 604 717 lum
631 644 922 714 malum’eis
950 658 1125 713 inesse
1145 656 1224 712 vis
1240 652 1410 722 credi,
1435 652 1577 741 quod
1601 665 1723 708 esse
1748 660 2082 741 consequens

499 751 795 818 arbitraris,
826 749 871 805 si
901 750 1162 804 malorum
1185 746 1423 803 omnium
1452 735 1613 799 causa
1642 740 1944 812 insipientia
1967 735 2083 793 est?

499 840 605 899 Sed
646 842 691 897 si
717 841 1078 912 disputatione
1107 839 1449 896 subtilissima
1478 843 1533 890 et
1556 832 1922 890 elimatissima
1949 841 2083 898 opus

494 943 616 1000 est,
660 941 718 989 ut
755 934 987 991 sciamus
1030 940 1209 987 utrum
1260 933 1461 1000 primos
1500 925 1743 981 homines
1782 916 2083 992 insipientia

492 1028 775 1100 superbos,
802 1044 869 1084 an
900 1028 1215 1098 insipientes
1244 1022 1492 1095 superbia
1524 1019 1709 1076 fecerit
1741 1037 1756 1074 :
1789 1030 1930 1071 nunc
1958 1027 2085 1086 pro-

492 1105 693 1193 pterid
733 1120 876 1192 quod
911 1120 1053 1174 inter
1094 1133 1191 1173 nos
1232 1117 1405 1186 agitur
1430 1155 1446 1182 ,
1478 1110 1598 1184 quis
1638 1113 1850 1189 ignorat
1896 1120 2085 1162 omnes

494 1202 762 1281 homines,
786 1211 1108 1282 quicumque
1137 1209 1407 1278 sapientes
1436 1205 1589 1283 ﬁunt,
1615 1218 1681 1258 ex
1708 1197 2088 1273 insipientibus

494 1301 652 1358 ﬁeri?
684 1302 793 1357 Nisi
817 1302 958 1357 forte
983 1300 1148 1372 aliqui
1178 1315 1244 1356 ex
1273 1296 1610 1370 praeconibus
1636 1291 1944 1349 Medlatoris
1970 1304 2087 1345 ma-

494 1408 598 1465 gna
642 1394 759 1465 ejus
781 1393 1115 1463 multumque
1160 1384 1368 1446 insolita
1414 1388 1583 1460 gratia
1622 1384 1688 1441 ad
1729 1381 2083 1456 sapientiam,

495 1500 604 1541 non
649 1500 717 1540 ex
760 1485 1063 1555 insipientia
1088 1525 1103 1550 ,
1134 1483 1227 1540 sed
1271 1498 1340 1538 ex
1373 1480 1593 1536 infantia
1632 1477 1861 1534 transire
1900 1482 2089 1545 potue-

494 1576 604 1633 rint
633 1577 675 1630 ι.
704 1576 860 1646 Quod
888 1578 931 1632 si
964 1584 1149 1632 natura
1172 1577 1288 1631 sine
1316 1573 1419 1629 fide
1447 1570 1754 1627 Mediatoris
1783 1567 1898 1623 fieri
1930 1579 2089 1637 posse

493 1668 839 1743 contenditis,
886 1681 1137 1723 arcanum
1177 1666 1323 1721 virus
1352 1662 1583 1735 panditis
1611 1660 1831 1716 lizeresis
1870 1664 2085 1715 vestrae.

494 1759 638 1816 Nihil
675 1761 816 1816 enim
861 1776 958 1816 vos
994 1774 1154 1835 agere
1201 1765 1425 1829 apparet
1475 1762 1621 1811 tanta
1668 1751 1981 1809 defensione
2034 1754 2090 1805 et

496 1851 652 1908 laude
670 1861 893 1921 naturae,
918 1853 1019 1908 nisi
1046 1860 1106 1906 nt
1128 1850 1373 1907 Christus
1386 1850 1549 1920 gratis
1576 1854 1817 1902 mortuus
1845 1844 1916 1900 sit
1942 1841 1965 1917 (
1980 1840 2090 1898 Ga-

496 1944 590 1998 lat.
619 1960 690 2010 ιι,
728 1943 791 1999 2i
816 1946 866 2014 );
899 1943 1052 2014 cujus
1096 1959 1197 1997 nos
1240 1942 1465 1998 dicimus
1495 1940 1653 1995 fidem
1680 1954 1800 2011 quae
1829 1953 1928 2009 per
1954 1936 2091 1992 dile—

499 2036 733 2090 ctioncm
778 2020 1030 2106 operatur
1059 2033 1180 2106 (Id.
1207 2049 1261 2099 v,
1293 2033 1399 2103 ϐ),
1433 2032 1591 2089 etiam
1623 2038 1811 2085 natura
1837 2028 2092 2099 insipien-

498 2125 641 2181 tibus
668 2126 936 2198 0pitulari.
979 2126 1117 2182 Sunt
1156 2126 1297 2182 enim
1337 2124 1426 2196 qui
1469 2132 1613 2178 tanta
1640 2120 1817 2177 cordis
1839 2119 2089 2177 obtunsi-

500 2224 609 2274 tate
633 2220 655 2252 ⁸
682 2202 994 2286 nascuntur,
1026 2227 1085 2274 ut
1108 2217 1393 2273 similiores
1423 2213 1706 2288 pecoribus
1732 2229 1889 2285 quam
1919 2211 2094 2267 homi-

496 2310 659 2367 nibus
698 2326 822 2368 esse
864 2298 1187 2368 videantur:
1219 2325 1445 2382 quorum
1477 2317 1639 2364 tantae
1683 2306 1942 2363 fatuitatis
1971 2321 2092 2376 quas

497 2400 555 2458 in
581 2402 683 2458 illis
713 2404 970 2459 naturalis
997 2410 1257 2474 apparet,
1291 2417 1398 2457 non
1440 2400 1666 2473 potestis
1705 2399 1872 2454 ullum
1911 2398 2093 2455 dicere

500 2497 773 2563 meritum,
805 2496 894 2567 qui
922 2496 1127 2552 nullum
1153 2510 1273 2552 esse
1301 2495 1477 2551 dicitis
1503 2493 1763 2565 originale
1791 2503 2091 2562 peccatum.

498 2588 630 2659 Quis
655 2598 832 2646 autem
855 2605 963 2647 non
985 2588 1222 2662 quotidie
1251 2588 1440 2660 probet
1462 2588 1689 2644 testibus
1705 2587 1869 2642 rebus
1896 2584 2089 2639 huma-

501 2682 623 2750 nis,
672 2682 952 2753 parvulum
980 2680 1130 2754 prius
1161 2680 1293 2738 nihil
1336 2696 1548 2752 sapere,
1581 2678 1775 2736 deinde
1804 2677 2096 2735 crescendo

497 2789 635 2829 vana
686 2789 909 2846 sapere,
964 2784 1019 2830 et
1061 2784 1245 2844 postea
1298 2774 1344 2828 si
1386 2772 1454 2828 ad
1497 2771 1818 2843 sapientium
1844 2770 1866 2803 ³
1895 2778 2096 2826 sortem

498 2865 768 2936 pertinet,
814 2875 961 2921 recta
1004 2881 1226 2937 sapere;
1266 2876 1428 2936 atque
1470 2865 1542 2919 ita
1566 2864 1634 2918 ab
1661 2862 1880 2917 infantia
1919 2863 1987 2917 ad
2012 2878 2093 2918 sas

498 2957 755 3028 pientiam
794 2973 898 3029 per
926 2959 1287 3039 insipientiam
1331 2956 1559 3013 mediam
1599 2956 1913 3027 pervenire?
1956 2955 2100 3025 Qua-

499 3059 721 3121 pr0pter
749 3051 979 3106 humana
1010 3058 1199 3127 natura
1241 3066 1360 3122 quae
1399 3049 1544 3121 jacet
1589 3049 1640 3105 iu
1691 3049 1970 3120 parvulis,
2012 3048 2097 3103 cui

502 3141 752 3197 laudibus
784 3142 978 3198 vestris
1014 3142 1332 3199 salvatorem
1374 3150 1623 3212 tanquam
1651 3156 1781 3196 sana
1807 3139 1879 3196 sit
1902 3138 2103 3195 invide-

502 3232 592 3302 tis,
637 3218 1088 3305 quemadmodum
1117 3235 1267 3307 prius
1302 3233 1538 3307 proferat
1575 3234 1895 3305 insipientia:
1936 3248 2100 3304 quam

507 3326 784 3397 sapientiae
807 3328 1037 3383 fructum
1077 3328 1270 3384 videtis
1292 3371 1308 3395 ,
1339 3338 1394 3397 et
1419 3328 1615 3403 radicis
1654 3331 1774 3399 ejus
1800 3326 1986 3384 vitium
2017 3327 2100 3382 vi-

502 3404 630 3477 dere
658 3435 767 3478 non
795 3423 984 3488 vultis;
1032 3431 1126 3479 aut
1168 3422 1380 3492 videtis,
1424 3422 1566 3495 quod
1608 3422 1764 3495 pejus
1792 3430 1894 3491 est,
1924 3429 1980 3477 et
1999 3437 2099 3479 ne-

502 3511 662 3583 gatis.

574 3604 804 3662 CAPUT
828 3604 874 3660 ν
889 3603 988 3679 (a).
1006 3635 1078 3648 —
1094 3605 1183 3664 l9.
1217 3605 1419 3663 Deinde
1438 3606 1557 3663 aliis
1580 3605 1761 3663 verbis
1782 3606 1918 3663 meis
1933 3607 2102 3664 inter-

501 3696 692 3766 positis
718 3697 1062 3752 calumniaris
1085 3740 1101 3764 ,
1139 3716 1160 3750 ι
1193 3697 1336 3777 quod
1362 3714 1462 3769 ego
1487 3697 1618 3752 mihi
1657 3698 1774 3768 ipse
1801 3698 2102 3755 contrarius

502 3785 715 3853 fuerim,
747 3786 837 3856 qui
863 3802 985 3842 cum
1007 3787 1266 3844 dixissem
1292 3788 1620 3844 inobcdienti
1653 3783 1856 3845 homini
1887 3806 2100 3867 pernam

503 3879 924 3936 iuobedientiam
954 3881 1038 3936 sui
1074 3883 1317 3952 corporis
1345 3881 1607 3960 redditam
1634 3924 1649 3949 ,
1695 3882 1953 3939 continuo
1998 3884 2103 3940 alia

507 3971 752 4026 membra
799 3972 1041 4043 corporis
1083 3972 1397 4028 nominatim
1444 3975 1827 4045 expresserim,
1874 3975 2100 4044 dicens,

502 4064 647 4135 quod
671 4064 736 4120 ad
751 4074 934 4120 nutum
959 4074 1157 4122 nostrae
1182 4066 1419 4122 serviant
1440 4066 1872 4141 voluntati‘twe
1896 4067 2105 4140 Nuptiis

504 4164 550 4211 et
571 4156 1016 4228 Concupiscentia,
1038 4158 1125 4213 lib.
1147 4159 1199 4225 1,
1216 4175 1270 4213 n.
1287 4160 1319 4213 7
1353 4158 1412 4226 )Y
1439 4157 1553 4215 Hoc
1578 4172 1677 4231 ego
1707 4159 1839 4228 dixi,
1858 4161 2105 4234 genitali-

500 4248 603 4305 bus
620 4250 800 4321 utique
811 4251 1066 4321 exceptis,
1080 4266 1199 4322 quze
1209 4252 1451 4323 corporis
1462 4252 1678 4308 nomine
1691 4253 1989 4325 nuncupavi
2010 4271 2023 4308 :
2038 4269 2104 4309 ac

501 4356 600 4411 per
625 4341 748 4407 hoc,
781 4349 834 4396 et
860 4357 1054 4413 c_orpus
1077 4342 1335 4419 voluntati
1356 4344 1521 4400 servit
1546 4345 1597 4399 in
1620 4342 1844 4399 aliorum
1866 4344 2103 4403 motione

502 4434 897 4500 membrorum;
926 4442 1206 4504 ctcorpus
1234 4437 1488 4491 voiuntati
1520 4451 1626 4491 non
1664 4436 1829 4492 servit
1864 4437 1916 4492 in
1947 4438 2105 4492 moti-

501 4524 605 4581 bus
635 4526 970 4596 genitalium.
1015 4525 1135 4583 Non
1182 4536 1310 4583 sunt
1355 4542 1483 4599 ergo
1513 4528 1673 4584 verba
1714 4544 1833 4585 mea
1880 4531 2020 4585 inter
2042 4545 2102 4586 se

502 4622 1053 4693 contraria,qnamvis
1071 4622 1403 4692 tepatiantur
1422 4665 1436 4690 ,
1462 4623 1547 4678 vel
1574 4638 1680 4677 non
1708 4622 2058 4694 intelligendo
2082 4663 2097 4687 ,

502 4712 590 4767 vel
615 4712 748 4768 alios
772 4713 1073 4784 intelligere
1095 4729 1203 4768 non
1224 4706 1473 4780 sinendo,
1499 4714 1849 4770 contrarium.
1870 4713 1926 4769 Si
1954 4715 2098 4771 enim

503 4819 631 4875 pars
660 4807 903 4874 corporis
932 4821 1038 4862 non
1064 4815 1246 4877 posset
1271 4808 1489 4864 nomine
1513 4807 1756 4878 corporis
1783 4809 2098 4879 nuncupari,

507 4911 616 4951 non
651 4896 855 4953 diceret
892 4898 1181 4968 Apostolus
1199 4940 1215 4966 ,
1245 4898 1434 4953 Mulier
1465 4914 1567 4954 non
1597 4898 1743 4954 habet
1771 4900 1851 4954 sui
1875 4901 2103 4972 corporis

506 4999 834 5061 potestatem,
866 4974 956 5046 sed
977 4992 1055 5046 vir
1087 5007 1106 5048 :
1131 4993 1366 5048 similiter
1397 5003 1445 5049 et
1472 4993 1549 5049 vir
1572 5010 1675 5051 non
1706 4994 1857 5049 habet
1877 4995 1959 5049 sui
1985 5012 2100 5050 cor-

503 5070 644 5151 poris
663 5092 958 5155 potestatem
982 5125 997 5150 ,
1037 5085 1126 5139 sed
1155 5085 1337 5140 mulier
1366 5083 1418 5160 (l
1445 5083 1564 5140 Cor.
1595 5101 1670 5141 vn
1691 5127 1707 5155 ,
1734 5085 1828 5159 4).
1856 5085 1971 5163 Ipsa
2000 5088 2102 5142 uti-

504 5193 611 5250 que
638 5176 877 5232 membra
906 5177 1181 5247 appellans
1209 5177 1452 5249 corporis
1484 5178 1700 5253 nomine
1720 5220 1735 5244 ,
1770 5178 1966 5250 quibus
1993 5179 2105 5253 dis-

504 5270 747 5326 cernitur.
812 5282 977 5326 sexus
1019 5273 1398 5342 peragitnrque
1443 5269 1781 5325 concubitus.
1836 5268 1966 5339 Quis
2021 5280 2104 5327 est

505 5362 651 5419 enim
692 5361 783 5434 qui
825 5359 988 5429 dicat,
1034 5361 1207 5417 virum
1253 5360 1335 5418 sui
1380 5369 1697 5433 potestatem
1725 5360 1967 5433 corporis
1996 5376 2102 5418 non

505 5454 706 5510 habere
725 5495 743 5523 ,
771 5456 816 5511 si
846 5458 898 5510 in
929 5453 1016 5511 his
1044 5454 1223 5511 verbis
1249 5450 1494 5525 Apostoli
1523 5463 1693 5509 totum
1721 5467 1917 5523 corpus
1946 5454 2102 5508 intel-

569 5547 589 5581 ⁸
613 5548 835 5612 Quinque
857 5546 1088 5606 Vaticani,
1108 5552 1177 5612 _et
1201 5544 1420 5612 nonnulli
1463 5557 1528 5595 ex
1564 5543 1817 5612 Gallicanis
1846 5550 1976 5612 Mss,
2004 5553 2105 5612 Mss

507 5606 645 5663 forte
670 5606 1175 5675 dixitds...._transire
1480 5607 1689 5675 Respicit
1722 5609 2022 5673 augustinus
2042 5607 2102 5658 ad

507 5666 766 5724 Jeremlani
788 5678 873 5721 aut
892 5670 955 5733 ad
974 5666 1509 5733 Joannem'iiaptistam.

569 5736 591 5768 ί
613 5737 688 5785 sic
709 5741 815 5784 Mss.
843 5731 979 5791 Editi,
1004 5730 1275 5781 obtusitate.

573 5798 686 5865 fsto
708 5804 827 5865 Mss.
841 5801 898 5865 at
921 5794 1059 5865 editi,
1083 5792 1352 5865 εᾳῃῄειιιῇω.

570 5854 797 5925 ξᾼΙὶιιιιοι
814 5863 942 5918 Mss,
966 5854 1238 5925 νοέμηιὰξὶε.

566 5910 644 5985 (a)
665 5910 799 5984 apud
822 5910 1002 5969 Λωίδι
1020 5910 1095 5968 Er.
1110 5951 1127 5980 ,
1149 5916 1199 5969 4.

1273 438 1547 499 comas
1578 408 1924 499 ιιιιιΑΝυιι
1958 421 2428 498 remensum,
2467 430 2526 489 s.
2568 430 2933 491 AUGUSTINI

3671 430 3782 492 190

2198 549 2351 621 ligas,
2396 551 2538 622 quod
2578 558 2792 607 constat
2829 550 3076 608 omnibus
3106 550 3400 608 membris?
3429 552 3506 608 Ac
3553 566 3652 624 per
3676 550 3785 608 hoc

2190 654 2289 712 ego
2340 641 2633 698 secundum
2686 640 3000 714 Apostolum
3026 686 3042 711 ,
3093 643 3257 700 etiam
3322 642 3495 700 solum
3545 644 3786 715 genitale

2192 734 2493 789 membrum
2544 734 2762 790 nomine
2809 735 3054 805 corporis
3109 734 3429 805 nuncupavi,
3480 735 3623 806 quod
3672 752 3782 791 non

2190 825 2483 891 voluntate,
2508 827 2645 882 sicut
2670 841 2883 882 manum
2905 827 2990 882 vel
3006 827 3221 897 pedem,
3239 827 3333 883 sed
3348 828 3565 884 libidine
3579 831 3783 886 moveri

2189 918 2431 990 agnoscit
2452 932 2641 975 sensus
2658 919 2941 986 humanus,
2964 919 3121 990 quite
3142 918 3355 976 deridet
3372 919 3424 974 in
3442 921 3604 975 rebus
3624 921 3792 974 mani-

2191 1010 2343 1067 festis
2367 1011 2700 1081 impudentes
2720 1010 2942 1067 nebulas
2956 1012 3300 1077 excitantem,
3319 1020 3374 1065 ut
3389 1027 3489 1067 nos
3500 1011 3701 1067 diutius
3718 1013 3789 1069 de

2192 1103 2454 1175 pudendis
2476 1105 2635 1160 rebus
2651 1115 2806 1176 cogat
2848 1113 2903 1161 et
2926 1106 3222 1160 necessitas
3244 1105 3427 1185 loqui:
3453 1114 3507 1161 et
3529 1105 3791 1162 honestas

2192 1198 2561 1270 circumloqui.
2604 1199 2708 1256 Sed
2748 1200 2841 1271 qui
2882 1200 3044 1254 verba
3096 1214 3213 1255 mea
3269 1201 3416 1272 legit,
3468 1215 3589 1271 quas
3632 1200 3793 1257 refel-

2192 1291 2303 1346 lere
2349 1291 2532 1348 nitcris
2558 1333 2575 1360 ,
2627 1293 2810 1375 eisque
2865 1301 2918 1349 te
2958 1292 3298 1348 insidiantem
3342 1295 3632 1366 perspicit,
3667 1295 3789 1351 sui.

2194 1382 2305 1440 ﬁcit
2329 1383 2459 1439 mihi
2477 1384 2599 1456 quia
2626 1385 2747 1441 loco
2777 1384 2866 1440 illo
2882 1385 3010 1457 quid
3034 1384 3261 1442 dixerim
3286 1401 3480 1457 corpus
3512 1386 3786 1459 intelligit.

2263 1479 2353 1535 20.
2372 1478 2570 1535 Verum
2586 1489 2639 1535 tu
2654 1481 2742 1551 qui
2758 1495 2842 1535 me
2863 1480 3042 1536 verbis
3062 1480 3198 1537 meis
3220 1495 3552 1553 repugnasse
3576 1481 3786 1549 dixisti,

2193 1571 2336 1645 quod
2367 1588 2490 1629 csse
2520 1572 2861 1629 falsissimum
2894 1572 3096 1629 videbit
3134 1573 3375 1645 quisquis
3420 1581 3473 1629 te
3513 1572 3698 1629 audito
3723 1589 3790 1630 ea

2193 1664 2482 1736 rclegerit,
2530 1673 2584 1721 et
2628 1665 2943 1739 Apostolum
2986 1665 3236 1736 genitalia
3286 1666 3503 1722 nomine
3545 1668 3793 1737 corporis

2192 1747 2493 1830 appellasse
2538 1758 2827 1814 recoluerit
2856 1776 2869 1812 :
2899 1765 2956 1812 tu
2983 1772 3112 1829 ergo
3146 1758 3237 1830 qui
3267 1758 3319 1813 in
3349 1773 3437 1814 me
3465 1759 3618 1831 quasi
3658 1774 3791 1815 sen-

2194 1840 2389 1906 tentias
2416 1864 2564 1906 meas
2589 1850 2731 1906 inter
2761 1864 2822 1905 se
2851 1857 3152 1920 pugnantes
3195 1850 3391 1906 notasti
3415 1894 3431 1919 ,
3459 1859 3515 1906 et
3544 1867 3791 1907 momor-

2194 1943 2342 2012 disti,
2366 1957 2575 2013 expone
2595 1941 3046 2013 quemadmodum
3066 1942 3162 1999 tibi
3188 1943 3305 2014 ipse
3334 1944 3661 2009 constiteris,
3688 1960 3793 2000 nec

2197 2030 2291 2089 tibi
2334 2034 2449 2105 ipse
2472 2035 2737 2090 restiteris
2761 2075 2777 2101 ,
2809 2034 2896 2089 ubi
2921 2034 3153 2106 primum
3179 2035 3359 2111 dixisti
3381 2079 3396 2103 ,
3434 2055 3454 2088 ι
3491 2036 3618 2094 Cum
3648 2053 3791 2094 ven-

2194 2133 2307 2181 tum
2352 2122 2511 2181 fuerit
2540 2132 2599 2180 ut
2623 2125 2715 2180 ﬁlii
2741 2125 3072 2181 seminentur
3092 2169 3108 2194 ,
3137 2125 3205 2182 ad
3234 2128 3522 2184 voluntatis
3546 2144 3778 2199 prorsus

2195 2225 2384 2272 nutum
2422 2215 2662 2272 membra
2707 2215 2761 2271 in
2787 2214 2891 2272 hoc
2923 2231 3056 2287 opus
3083 2226 3260 2273 creata
3302 2218 3572 2286 famulari;
3603 2230 3660 2276 ct
3685 2220 3794 2276 nisi

2196 2324 2381 2364 eorum
2409 2307 2787 2378 impedimenta
2812 2349 2828 2376 ,
2859 2317 2953 2363 aut
2977 2308 3042 2365 de
3069 2309 3407 2378 infirmitate,
3448 2318 3543 2366 aut
3581 2310 3652 2367 de
3688 2311 3794 2366 im-

2197 2399 2565 2457 moderatione
2592 2401 2949 2473 proveniant,
2986 2400 3190 2457 servire
3218 2402 3380 2458 animi
3410 2404 3638 2474 imperio
3666 2405 3684 2437 ¹
3718 2421 3732 2457 :
3768 2423 3788 2458 ι

2198 2502 2382 2564 postea
2420 2507 2588 2559 vero,
2636 2510 2656 2545 ι
2688 2492 2791 2548 hoc
2833 2507 3002 2564 genus
3031 2503 3210 2549 motus
3257 2494 3311 2550 in
3344 2496 3427 2551 bis
3474 2497 3788 2553 habendum

2198 2584 2395 2650 putasti
2423 2625 2440 2651 ,
2485 2598 2605 2654 quae
2631 2584 2798 2639 multa
2830 2584 2883 2638 in
2912 2594 3097 2639 nostro
3133 2599 3361 2657 corpore
3387 2587 3576 2644 ordine
3603 2604 3704 2645 suo
3730 2602 3796 2642 ac

2198 2676 2598 2748 dispensatione
2622 2684 2832 2733 secreta
2853 2719 2870 2746 ,
2893 2678 3184 2733 voluntatis
3207 2693 3311 2734 non
3339 2681 3623 2751 imperium
3648 2723 3664 2749 ,
3695 2680 3797 2739 sed

2199 2783 2520 2826 consensum
2552 2770 2834 2842 requirunt
2860 2772 2904 2823 ’⁵.
2943 2790 2962 2824 ι
3008 2771 3107 2828 Ubi
3133 2771 3347 2843 quidem
3378 2775 3673 2853 perspicua;
3712 2791 3799 2833 ve-

2199 2865 2344 2920 ritati
2370 2880 2438 2921 ex
2474 2864 2654 2936 aliqua
2682 2874 2836 2937 parte
2877 2866 3085 2922 cessisti
3118 2884 3131 2919 :
3174 2866 3268 2921 sed
3313 2866 3442 2937 illud
3476 2869 3617 2940 quod
3649 2870 3799 2941 prius

2200 2958 2412 3015 dixeras
2459 2958 2642 3015 delere
2688 2958 2941 3015 debuisti.
2982 2958 3262 3029 Quomodo
3304 2961 3445 3015 enim
3494 2962 3796 3019 secundum

2202 3055 2434 3131 priorem
2478 3053 2796 3111 sententiam
2851 3062 2995 3109 tuam
3021 3096 3037 3122 ,
3075 3072 3093 3119 ι
3126 3053 3192 3109 ad
3235 3055 3526 3110 voluntatis
3573 3071 3800 3126 prorsus

2201 3134 2387 3201 nutum
2414 3145 2536 3213 ista,
2571 3164 2590 3199 ι
2613 3145 2680 3200 de
2721 3144 2914 3214 quibus
2938 3142 3168 3215 agimus,
3205 3163 3225 3195 ‹
3254 3146 3493 3201 membra
3523 3145 3801 3203 famulano

2203 3245 2324 3309 tur,
2373 3247 2533 3310 atque
2568 3239 2793 3310 imperio
2832 3230 2996 3293 animi
3036 3236 3308 3317 serviunt;
3356 3258 3375 3291 ι
3408 3239 3453 3294 si
3501 3242 3801 3296 secundum

2202 3329 2559 3404 posteriorem
2606 3329 2926 3386 sententiam
2955 3338 3123 3397 tuam,
3161 3348 3179 3382 ‹
3213 3330 3355 3385 sicut
3396 3328 3567 3401 fames
3595 3341 3651 3386 et
3680 3333 3802 3388 sitis

2204 3420 2260 3480 et
2282 3422 2527 3496 digestio,
2560 3438 2667 3478 non
2695 3422 2983 3478 voluntatis
3009 3421 3315 3496 imperium,
3349 3420 3443 3478 sed
3471 3438 3799 3480 consensum

2203 3513 2527 3587 requirunt?
2551 3532 2570 3568 ι
2604 3513 2824 3569 Multum
2855 3510 3068 3589 quidem
3092 3510 3344 3568 laborasti
3369 3554 3384 3578 ,
3408 3523 3465 3567 ut
3498 3514 3616 3570 [nec
3641 3514 3801 3572 inve-

2204 3608 2371 3677 nires,
2394 3622 2512 3680 quas
2531 3614 2717 3662 contra
2744 3613 2795 3661 te
2822 3605 2998 3683 potius
3023 3620 3181 3676 quam
3213 3596 3393 3659 contra
3423 3619 3510 3660 me
3540 3605 3755 3664 diceres
3783 3625 3801 3663 :

2203 3698 2298 3757 sed
2328 3699 2379 3755 in
2402 3699 2492 3755 tali
2522 3713 2682 3754 causa
2708 3712 2815 3752 non
2856 3696 2949 3752 tibi
2977 3703 3121 3752 esset
3163 3697 3499 3765 necessarius
3530 3697 3684 3754 labor
3703 3740 3718 3761 ,
3753 3698 3802 3754 si

2204 3794 2418 3849 adesset
2465 3791 2654 3864 pudor.
2696 3790 2833 3861 Quid
2878 3793 3019 3847 enim
3051 3788 3291 3861 prodest,
3322 3792 3445 3863 quia
3491 3810 3509 3843 ι
3539 3808 3805 3859 verecun—

2204 3885 2319 3949 dari
2359 3894 2411 3941 te
2460 3903 2481 3939 ι
2529 3883 2683 3953 dicis,
2728 3901 2748 3935 ι
2781 3891 2835 3938 et
2874 3880 2942 3961 de
2975 3882 3135 3937 rebus
3164 3882 3306 3952 loqui
3339 3882 3532 3938 talibus
3572 3883 3805 3941 horrore

2205 3976 2498 4075 prohiberi,
2541 3975 2633 4043 sed
2689 3975 3006 4033 necessitate
3044 3973 3321 4061 compelli;
3374 3994 3393 4028 ι
3438 3974 3653 4065 quando
3690 3994 3802 4033 non

2206 4067 2466 4137 erubuisti
2494 4071 2813 4126 sententiam
2840 4077 2983 4123 tuam
3014 4067 3318 4139 relinquere
3347 4069 3599 4139 scriptam
3621 4114 3636 4139 ,
3665 4086 3804 4126 con-

2207 4148 2288 4234 tra
2329 4180 2485 4243 quam
2530 4172 2583 4219 tu
2621 4163 2735 4233 ipse
2781 4162 3061 4235 perspicua
3106 4163 3328 4227 veritate
3371 4148 3632 4232 turbatus,
3674 4180 3805 4220 mox

2207 4246 2363 4314 aliam
2396 4256 2713 4312 sententiam
2740 4254 3047 4329 protulisti?
3073 4256 3386 4337 Quanquam
3416 4265 3469 4311 et
3500 4257 3614 4345 ipsa
3642 4272 3802 4313 com-

2206 4351 2521 4411 memoratio
2557 4348 2894 4427 verecundia:
2934 4358 3037 4403 tum
3076 4348 3235 4404 nimis
3290 4349 3647 4427 inverecunda
3694 4361 3801 4409 est.

2204 4443 2311 4523 Sed
2334 4442 2455 4501 idco
2491 4441 2620 4525 mihi
2655 4441 2828 4529 placet
2849 4480 2865 4508 ,
2893 4440 3015 4529 quia
3045 4448 3229 4495 contra
3261 4450 3312 4496 te
3339 4440 3588 4529 loquitur.
3619 4442 3802 4521 Homo

2205 4517 2265 4591 es
2326 4512 2523 4612 enim
2577 4516 2668 4623 qui
2716 4549 2822 4593 non
2876 4518 3150 4597 erubescis
3193 4512 3466 4587 libidinem
3524 4515 3797 4613 laudare,

2270 4675 2435 4734 ἔνθα.
2458 4670 2815 4744 διδῴη-ιριίωί
3105 4673 3352 4744 editiones
3386 4682 3487 4731 Αω.
3521 4678 3598 4743 Εε-
3625 4674 3809 4744 etali-

2274 4745 2325 4801 ρς
2344 4734 2653 4801 manuscripti
2672 4736 2778 4789 hac
2792 4734 2942 4801 verba
2964 4738 3283 4801 interponunt
3306 4750 3318 4785 :
3345 4745 3466 4787 cum
3483 4734 3629 4801 prius
3641 4734 3806 4801 dixe-

2274 4750 2325 4788 οι
2344 4750 2453 4786 man
2506 4792 2513 4799 .
2541 4750 2580 4786 ι·ι
2604 4750 2653 4786 ιιι
2674 4750 2778 4789 ntcc
2792 4750 2942 4791 verna
2964 4750 3283 4800 interponunt
3306 4750 3318 4785 :
3345 4750 3466 4787 cum
3525 4750 3629 4786 rius
3651 4750 3806 4787 aure-

2203 4750 2416 4870 gifiivel;
2660 4795 3119 4870 membrugenitaiia
3141 4797 3206 4870 ad
3230 4803 3397 4870 nutant
3417 4750 3678 4870 ροόιηιᾳιὶς
3693 4810 3806 4847 scr-

2204 4858 2313 4925 viro:
2324 4867 2370 4912 et
2388 4859 2539 4912 ωιὺηὶ
2559 4858 2767 4925 inmeriti
2784 4858 3065 4925 subjecere;
3085 4858 3556 4925 ἕηκεν
3581 4858 3674 4913 has
3697 4873 3811 4923 σῳ·-

2270 4923 2520 4995 νξδξρςιηιεδ
2541 4921 2712 4995 eadem
2735 4921 2981 4995 ιίειιμῑιιιιίι
3017 4921 3139 4987 (νέιν
3166 4921 3566 4995 septimanae
3610 4934 3706 4981 nov
3732 4921 3811 4995 ιξρς

2227 4980 2403 5049 animi;
2414 4980 2711 5049 'gimperium,
2750 4980 2838 5036 se‘d
2868 4980 3154 5049 musaeum
3172 4986 3175 4993 ’
3190 4980 3481 5049 νέᾳιιὶνιιιῖί,’
3497 4981 3551 5049 ἰῇ
3592 4995 3691 5049 quo
3712 4983 3813 5035 sibi

2207 5048 2329 5117 (vel,
2349 5046 2457 5117 tibi)
2480 5045 2711 5117 daer
2748 5045 3491 5117 ιιιωιίῑεδιιδείυιεορπφωδαητ
3515 5045 3641 5117 (vel,
3677 5058 3816 5097 cow-

2243 5106 2466 5173 robart's).
2495 5106 2687 5175 Deinde
2720 5106 3083 5175 prosequuntur
3117 5122 3130 5159 :
3172 5106 3339 5161 Po~lea
3381 5120 3493 5175 vero
3528 5106 3618 5171 hac
3656 5120 3815 5175 getqu

2243 5123 2466 5173 rooarts).
2495 5123 2680 5161 Deinde
2737 5123 3083 5218 iroseg‘t‘iuntur
3117 5123 3130 5159 :
3172 5123 3339 5161 ιιοκιεα
3381 5123 3493 5171 t'erq
3528 5123 3618 5171 upc
3656 5123 3815 5174 genus

2204 5124 2376 5232 Status,
2402 5178 2497 5223 etc.
2526 5173 2707 5221 absunt
2720 5123 2808 5220 illa
2826 5182 2887 5221 at
2925 5164 3155 5220 clioribtts
3170 5162 3605 5233 manuscriplis,'ct
3629 5171 3816 5220 meri-to

2205 5247 2298 5298 per
2319 5233 2645 5299 tovanienses
2665 5243 2909 5299 expulsata
2924 5240 3055 5287 sunt.
3210 5242 3213 5249 ‘
3419 5252 3427 5263 ι

2271 5299 2291 5329 ³
2316 5304 2444 5360 Item
2457 5296 2583 5360 apud
2602 5306 2702 5360 Αιη.
2730 5292 2781 5355 ἐι
2798 5292 2871 5345 Er.
2894 5307 3085 5360 necnon
3101 5300 3313 5360 veteres
3332 5292 3567 5360 quosdam
3582 5292 3810 5353 codices,

2206 5352 2345 5432 post,
2362 5352 2445 5408 sed
2470 5352 2752 5432 consensum
2770 5352 2773 5353 ⁷
2789 5352 3059 5432 νεηιήνςιὴι,
3101 5352 3211 5432 hinc
3231 5369 3261 5405 e
3286 5352 3585 5432 marginem
3606 5352 3818 5432 tertiam

2206 5416 2509 5488 incitaverant
2532 5433 2545 5468 :
2568 5418 2725 5488 magis
2745 5416 3030 5488 esss'verius
3048 5416 3412 5488 'npembratvel,
3432 5416 3613 5488 magis,
3640 5418 3819 5488 uerius

2206 5478 2332 5549 enim
2356 5480 2590 5549 membra)
2607 5478 2837 5548 ςξῃὶιηζία
2861 5479 3112 5549 uoluntatis:
3131 5493 3227 5549 pop
3267 5478 3540 5549 iiimcriuni,
3573 5479 3676 5549 sed.
3690 5492 3818 5549 r013-

2206 5532 2400 5607 ᾇέὶιζςιιιιι
2424 5532 2693 5607 requiréi'e,
2735 5536 2888 5607 quani
2909 5532 3165 5607 obliquatis
3186 5532 3393 5607 ἶῙιῳέὶτῐο
3415 5534 3499 5607 aut
3518 5532 3676 5607 animi
3695 5538 3821 5607 sub-

2170 5644 2178 5651 .
2203 5606 2387 5677 facere.
2619 5602 2824 5716 apparet
2870 5602 3150 5676 Ιιανςιίοιςῃι
3186 5610 3232 5656 et
3258 5602 3570 5674 ‘coptrarium
3612 5602 3819 5675 sibimet

2205 5674 2461 5716 exstitisse.
2489 5680 2625 5716 unus
2645 5666 2681 5716 ιι
2700 5680 2732 5716 a
2753 5672 2799 5716 et
2820 5672 3057 5716 posterius
3078 5672 3171 5716 ista
3187 5664 3478 5716 delimcndo.
3494 5671 3541 5715 et
3562 5678 3679 5716 ama
3693 5678 3819 5716 eru-

2205 5664 2467 5733 exstitiase,
2489 5664 2625 5733 prius
2645 5664 2732 5718 illa
2753 5672 2799 5717 et
2820 5665 3057 5733 posterius
3078 5664 3171 5733 ὶδιᾳ
3187 5664 3478 5733 deﬁniendo,
3494 5671 3541 5715 et
3562 5665 3679 5729 quia
3693 5678 3821 5733 eru-

2206 5702 3822 5799 ἢέῗὶῑῖἲέσῗέὅῗᾶῖῖοέἱεῖὧᾜόιἰὶῗυξξέὀιτὲἓὸῖἲρξὶέἶιῖιὶ,“¹ρὲἒίἷξϊᾶ-

2206 5790 2285 5844 cia
2306 5789 2464 5841 tamen
2496 5789 2873 5855 impudenttseu
3200 5802 3312 5855 qua:
3490 5789 3641 5855 praue
3664 5789 3826 5855 dite-

2204 5859 2304 5913 rat,
2327 5866 2422 5904 non
2696 5853 2847 5917 Hujus
2867 5850 3178 5916 glosSematis
3213 5850 3411 5916 partem
3445 5850 3663 5917 priorem
3684 5852 3825 5907 reti-

2207 5919 2317 5970 nuit
2338 5916 2704 5968 wvaniensium
2726 5916 2897 5966 editio.
3454 5916 3457 5917 '
3548 5930 3557 5934 δ
