4022 6468
191 486 298 546 τῇ

189 611 246 658 et
275 597 608 660 erubescam
659 605 716 654 te
755 596 891 654 dicis
923 594 992 652 de
1038 593 1274 652 libidinis
1315 593 1546 652 motibus
1603 593 1786 666 dispu-

264 785 360 842 ει.
391 783 536 854 Quid
563 789 742 840 autem
770 795 1018 854 magnum
1043 781 1214 836 fuerat
1240 777 1454 844 intueri,
1480 777 1624 852 quod
1648 785 1794 849 post-

195 891 426 948 eaquam
449 875 582 944 dixi,
615 893 634 928 ι
661 875 730 932 Ut
755 875 856 929 alia
875 875 1114 930 membra
1143 883 1456 928 moveantur
1481 873 1709 942 positum
1735 869 1790 926 in

197 977 470 1040 potestate
493 979 612 1034 est;
661 985 683 1020 ι
716 969 970 1023 continuo
995 965 1199 1036 subjeci
1225 1008 1238 1032 ,
1281 965 1494 1038 quando
1521 965 1588 1020 ab
1617 965 1791 1036 impe-

199 1061 458 1118 dimentis
487 1073 685 1130 corpus
712 1059 938 1114 liberum
983 1058 1243 1114 habemus
1288 1065 1342 1113 et
1381 1057 1612 1112 sanum?
1639 1056 1795 1112 Som-

199 1170 298 1211 nus
325 1153 476 1208 enim
505 1151 720 1224 quando
747 1152 944 1206 invitus
973 1151 1186 1222 premit,
1217 1159 1270 1204 et
1291 1149 1568 1216 lassitudo,
1601 1149 1783 1219 utique

201 1245 588 1318 impedimenta
627 1253 774 1312 sunt,
815 1243 1009 1314 quibus
1046 1241 1408 1298 membrorum
1441 1241 1649 1312 agilitas
1695 1239 1794 1294 lm-

203 1339 440 1412 pcditur.
477 1337 682 1394 Deinde
706 1335 850 1408 quod
881 1335 1026 1402 aisti,
1065 1353 1086 1388 ι
1115 1350 1214 1390 nec
1241 1336 1293 1390 in
1319 1349 1438 1390 eam
1469 1343 1674 1405 partem
1703 1349 1790 1388 sc-

199 1431 288 1504 qui
315 1429 562 1486 membra
605 1445 765 1500 quam
797 1429 1045 1484 volumus
1066 1471 1080 1496 ,
1111 1428 1155 1482 si
1189 1427 1262 1482 ita
1290 1427 1515 1483 velimus
1555 1433 1614 1480 ut
1641 1425 1794 1481 habi-

203 1533 284 1580 tus
309 1522 428 1594 ipse
467 1537 574 1576 non
601 1521 800 1592 patitur
830 1537 844 1572 :
881 1539 902 1573 ι
935 1537 1042 1576 non
1083 1519 1358 1574 attendisti
1405 1527 1684 1589 propterea
1711 1533 1796 1572 me

201 1614 536 1687 praedixisse,
571 1631 592 1666 ι
629 1621 693 1668 ut
733 1612 800 1668 ad
839 1627 1000 1682 opera
1047 1611 1146 1666 sibi
1173 1625 1406 1682 congrua
1435 1619 1792 1676 moveantur;

201 1723 263 1766 ac
291 1723 394 1778 per
423 1707 526 1762 hoc
559 1707 606 1762 si
639 1721 702 1762 ea
727 1707 972 1762 volumus
993 1704 1212 1762 ﬂectere
1239 1721 1346 1776 quo
1387 1721 1574 1760 eorum
1605 1713 1795 1760 natura

203 1818 306 1858 non
335 1805 538 1872 patitur
563 1841 580 1868 ,
608 1801 674 1856 ad
699 1815 862 1870 opera
896 1800 996 1854 sibi
1023 1815 1128 1854 non
1153 1815 1386 1870 congrua
1427 1815 1534 1854 non
1559 1813 1794 1870 sequunr

203 1901 304 1949 tur.
353 1892 562 1948 Tamen
603 1891 818 1962 quando
867 1905 932 1947 ea
977 1891 1252 1962 sequentia
1297 1891 1598 1946 voluntario
1645 1899 1796 1946 motu

203 1987 442 2058 agimus,
475 1985 712 2041 libidinis
757 1985 1022 2056 adjutorio
1062 1999 1167 2040 non
1205 1999 1425 2056 egemus
1453 2003 1466 2040 :
1495 1993 1550 2040 et
1577 1999 1697 2040 eum
1727 1985 1796 2040 ab

203 2079 278 2136 eis
321 2077 605 2134 movendis
655 2091 870 2134 cessare
897 2077 1174 2142 volumus,
1205 2076 1460 2132 continuo
1499 2091 1792 2144 cessamus,

203 2187 300 2228 nec
335 2179 526 2230 contra
563 2170 896 2228 voluntatem
945 2179 1184 2226 nostram
1227 2169 1460 2226 stimulis
1506 2170 1526 2204 ⁸
1557 2169 1795 2228 libidinis

201 2265 522 2336 excitantur.

267 2359 362 2414 22.
419 2357 564 2415 Sane
605 2358 748 2430 quod
802 2357 956 2426 dicis,
1015 2375 1038 2410 ι
1089 2357 1251 2414 etiam
1304 2357 1554 2430 genitalia
1595 2357 1795 2414 servire

205 2453 368 2508 animi
389 2453 681 2526 imperim:
701 2467 892 2508 novam
921 2451 1204 2524 quamdam
1227 2451 1502 2508 libidinem
1521 2451 1676 2518 dicis,
1705 2461 1796 2506 aut

201 2543 336 2602 forte
365 2545 526 2600 nimis
551 2545 824 2616 antiquam
851 2587 866 2612 ,
895 2545 1070 2616 qualis
1098 2553 1152 2599 et
1182 2545 1234 2599 in
1267 2544 1516 2616 paradiso
1539 2559 1660 2600 esse
1692 2559 1791 2614 po-

201 2637 412 2706 luisset,
457 2638 504 2692 si
551 2651 712 2694 nemo
755 2645 1048 2708 peccasset.
1100 2635 1206 2693 Sed
1263 2637 1388 2708 quid
1442 2635 1568 2693 hinc
1617 2645 1791 2692 tecum

201 2742 350 2800 agam
377 2769 393 2795 ,
445 2727 660 2800 quando
707 2728 1098 2798 posterioribus
1152 2727 1328 2784 verbis
1378 2737 1430 2784 et
1479 2727 1582 2782 hoc
1629 2727 1790 2796 tollis,

201 2820 396 2892 quibus
431 2819 568 2876 dicis
589 2862 607 2890 ,
634 2839 656 2874 ι
689 2836 798 2878 non
827 2821 1030 2878 moveri
1057 2819 1174 2876 haec
1197 2820 1264 2876 ad
1294 2821 1456 2875 animi
1486 2821 1788 2890 imperium,

197 2912 290 2972 led
329 2913 514 2986 potius
557 2921 870 2985 exspectare
897 2911 1254 2970 consensum?
1283 2933 1302 2966 ι
1337 2911 1448 2969 Nec
1471 2923 1647 2968 tamen
1673 2909 1794 2968 ideo

199 3007 368 3064 debes
395 3009 554 3062 istam
583 3009 856 3064 libidinem
889 3006 1012 3062 fami
1039 3008 1122 3062 vel
1152 3007 1270 3062 aliis
1307 3007 1569 3061 molestiis
1591 3007 1792 3062 nostris

197 3113 536 3171 coniparare.
579 3097 734 3168 Quod
775 3099 920 3154 enim
975 3113 1134 3154 nemo
1177 3111 1298 3152 cum
1329 3098 1440 3152 vult
1485 3095 1668 3162 esurit,
1704 3105 1795 3152 aut

199 3195 306 3250 sitit
334 3235 350 3260 ,
383 3201 480 3248 aut
505 3192 725 3264 digerit;
773 3191 1082 3264 indigentiae
1115 3199 1239 3248 sunt
1269 3192 1384 3246 ista:
1413 3189 1684 3246 reﬁciendi
1709 3191 1792 3246 vel

199 3289 528 3345 exonerandi
555 3291 798 3359 corporis
823 3332 838 3358 ,
893 3290 1086 3360 quibus
1127 3289 1546 3344 subveniendum
1575 3297 1657 3346 est
1680 3333 1693 3356 ,
1725 3305 1792 3345 ne

197 3383 426 3438 laedatur
452 3423 468 3450 ,
513 3389 607 3437 aut
641 3382 852 3437 occidat
905 3401 920 3437 :
963 3381 1220 3454 numquid
1259 3392 1436 3436 autem
1467 3381 1676 3437 larditur
1703 3390 1794 3437 aut

197 3475 394 3530 occidit
429 3489 644 3545 corpus,
675 3475 722 3530 si
767 3474 972 3530 libidini
1013 3490 1118 3530 non
1148 3473 1464 3530 adhibeatur
1503 3475 1793 3530 assensus?

197 3566 462 3622 Discernc
497 3581 628 3638 ergo
655 3567 794 3622 mala
821 3582 944 3638 qua:
973 3581 1068 3638 per
1094 3567 1404 3638 patientiam
1445 3569 1787 3634 sustinemus,

193 3657 260 3714 ab
281 3659 366 3714 eis
393 3659 548 3714 malis
575 3673 696 3730 quae
719 3675 816 3732 per
843 3659 1226 3715 continentiam
1258 3659 1616 3716 retro-namus.
1653 3661 1787 3717 Nam

195 3761 246 3808 et
269 3751 366 3808 illa
409 3751 550 3806 mala
597 3763 757 3818 sunt,
787 3769 908 3825 quae
937 3753 992 3808 in
1034 3767 1260 3824 corpore
1286 3755 1473 3810 mortis
1499 3755 1660 3826 hujus
1699 3771 1795 3827 po-

195 3843 398 3898 tuimus
421 3843 678 3914 experiri.
720 3843 944 3922 Quantae
982 3853 1158 3900 autem
1205 3853 1260 3901 et
1285 3861 1444 3915 quam
1489 3847 1792 3918 tranquilla:

195 3934 481 4006 potestatis
503 3949 747 3992 essemus
772 3937 934 3992 etiam
963 3937 1032 3992 de
1057 3937 1139 3994 his
1177 3937 1409 3994 motibus
1427 3982 1443 4008 ,
1477 3941 1669 4010 quibus
1695 3941 1792 3996 ali-

193 4039 375 4096 menta
401 4037 688 4084 sumuntur
703 4039 758 4084 et
783 4029 1112 4100 digeruntur,
1147 4032 1200 4086 in
1229 4032 1316 4086 illa
1357 4030 1608 4088 felicitate
1629 4048 1788 4103 para-

193 4121 316 4190 disi,
343 4121 470 4192 quis
497 4119 670 4192 possit
695 4129 754 4176 ut
791 4129 998 4176 certum
1027 4131 1110 4178 est
1143 4121 1396 4192 indagare
1421 4164 1436 4190 ,
1483 4123 1602 4194 quis
1631 4135 1688 4178 ut
1709 4123 1793 4178 di-

193 4229 358 4284 gnum
387 4221 472 4268 est
497 4211 800 4282 explicare?
845 4211 942 4269 Ubi
970 4211 1110 4269 absit
1139 4221 1196 4269 ut
1223 4213 1507 4270 credamus
1530 4255 1545 4280 ,
1578 4213 1784 4286 aliquid

191 4303 362 4362 fuisse
387 4303 533 4360 unde
561 4317 776 4360 sensum
806 4311 1048 4360 nostmm
1071 4345 1089 4374 ,
1135 4305 1250 4361 sive
1288 4305 1608 4361 intrinsecus
1633 4348 1646 4372 ,
1680 4305 1791 4362 sive

193 4399 534 4457 extrinsecus
575 4409 666 4454 aut
717 4399 871 4456 dolor
895 4406 1176 4471 pangeret,
1205 4409 1298 4455 aut
1325 4399 1474 4455 labor
1519 4399 1789 4470 fatigaret,

191 4505 284 4552 ant
309 4495 490 4566 pudor
528 4494 915 4562 confunderet,
945 4503 1036 4550 aut
1062 4493 1226 4550 ardor
1268 4503 1473 4564 ureret,
1505 4503 1598 4549 aut
1645 4494 1794 4565 algor

193 4592 506 4658 stringeret,
538 4595 630 4644 aut
659 4587 852 4644 horror
875 4575 1194 4644 o'll‘enderet.

257 4683 354 4738 ‘23.
380 4679 540 4748 Quid,
565 4679 706 4750 quod
731 4681 884 4735 istam
907 4679 1323 4750 pulcherrimam
1349 4679 1598 4736 famulam
1621 4689 1788 4750 tuam,

190 4789 356 4846 quam
381 4789 470 4828 me
495 4772 660 4842 pudet
687 4771 900 4828 assidue
921 4773 1004 4826 vel
1033 4771 1384 4842 vituperando
1413 4775 1710 4841 nominare,
1741 4785 1792 4832 te

187 4873 376 4922 autem
409 4863 704 4934 praedicare
731 4879 836 4918 non
867 4861 1049 4934 pudet,
1082 4881 1102 4916 ι
1135 4864 1646 4921 commendatiorem
1677 4865 1790 4922 ﬁeri
1825 4863 1838 4906 κ

195 4966 370 5028 putas,
405 4956 552 5026 quod
579 4957 626 5012 ei
658 4955 918 5023 serviunt,
944 4965 1000 5010 ut
1023 4955 1297 5011 ardentius
1323 4957 1606 5027 excitetur,
1632 4961 1790 5014 etiam

191 5059 406 5106 cetera!
433 5048 674 5117 corporis
697 5057 899 5120 partes,
924 5049 1038 5104 sive
1063 5047 1204 5103 oculi
1233 5046 1478 5104 videntes
1504 5049 1570 5104 ad
1598 5065 1794 5106 concu-

191 5142 536 5214 piscendum,
565 5142 680 5197 sive
707 5143 812 5196 alia
853 5141 1092 5198 membra
1132 5141 1187 5196 in
1219 5141 1416 5214 osculis
1447 5150 1502 5198 et
1531 5143 1792 5213 amplexi-

191 5235 336 5292 bus?
369 5253 390 5286 ι
429 5233 600 5290 Aures
633 5249 848 5304 quoque
875 5233 1111 5290 hominis
1149 5233 1419 5304 quomodo
1448 5235 1498 5290 ei
1530 5237 1790 5292 subderes

191 5326 488 5394 invenisti,
531 5333 588 5381 et
629 5325 848 5380 erexistl
899 5325 1015 5396 ejus
1061 5325 1482 5382 vetustissimum
1535 5327 1784 5400 quidem,

189 5419 290 5476 sed
339 5419 498 5488 plane
556 5417 1000 5489 gloriosissimum
1053 5419 1304 5486 titulum,
1363 5435 1792 5478 commemorans

190 5511 340 5582 quod
372 5511 426 5566 in
457 5511 796 5582 expositione
824 5511 1184 5568 Consiliorum
1214 5527 1429 5568 suorum
1461 5513 1667 5570 Tullius
1698 5529 1794 5586 po-

189 5603 332 5658 suit:
361 5619 382 5654 ε
413 5601 549 5670 Quia
570 5617 691 5657 cum
703 5601 956 5657 vinolenti
973 5601 1341 5660 adolescentes
1366 5603 1614 5660 tibiarum
1630 5605 1789 5660 etiam

190 5703 394 5762 cantu,
435 5702 494 5748 ut
521 5693 615 5762 iit,
647 5693 916 5760 instincti,
947 5694 1185 5750 mulieris
1217 5697 1422 5768 pudica:
1467 5697 1608 5752 fores
1639 5695 1786 5756 fran-

191 5793 416 5862 gerent;
445 5785 792 5844 admonuisse
819 5785 1114 5854 tibicinam,
1140 5797 1198 5852 ut
1227 5787 1522 5860 spondeum
1547 5799 1786 5857 caneret,

191 5881 526 5954 Pythagoras
551 5878 784 5935 dicitur:
813 5879 956 5966 quod
981 5893 1100 5934 cum
1133 5880 1220 5936 illa
1252 5880 1469 5944 fecisset
1491 5924 1505 5950 ,
1537 5881 1790 5944 tarditate

255 5993 276 6028 ι
301 5993 442 6058 editi,
463 5989 673 6046 mro.
697 5992 890 6058 Aliquot
911 5999 1040 6058 Mss,
1061 5991 1264 6047 ειίιηιιιι.

1547 477 1750 536 LIBER
1787 475 2108 546 QUINTUS.

3375 479 3485 543 798

1905 592 2186 650 modorum
2217 599 2270 648 et
2295 593 2552 664 gravitate
2579 601 2766 650 cantus
2795 593 3008 650 illorum
3037 595 3302 654 uirentem
3331 607 3488 669 petu-

1900 685 2119 742 lantiam
2145 687 2410 743 resedisse
2433 689 2474 742 ί.
2519 705 2538 740 ι
2581 687 2737 744 Vides
2765 703 2890 758 «rgo
2915 705 3074 760 quam
3108 691 3488 762 congruentius

1899 793 1998 850 ego
2025 777 2253 834 dixerim
2274 822 2288 846 ,
2318 779 2396 834 sui
2423 777 2559 850 juris
2585 779 2724 834 hanc
2751 795 2871 835 esse
2902 781 3131 850 quodam
3165 775 3324 836 modo
3345 823 3358 848 ,
3401 783 3488 838 cui

1899 873 2130 927 servitur
2155 873 2221 928 ab
2253 873 2370 928 aliis
2394 873 2662 940 sensibus,
2703 883 2764 928 ut
2793 875 2844 928 in
2877 889 3011 946 opus
3043 889 3196 930 suum
3243 863 3490 946 dignetur

1897 979 2203 1035 assurgere,
2235 965 2320 1020 vel
2361 981 2390 1020 a
2435 979 2532 1020 sua
2573 965 2934 1020 commotione
2973 967 3333 1038 requiescere.
3380 965 3490 1022 Hoc

1899 1055 2039 1109 enim
2058 1071 2156 1126 ego
2179 1057 2298 1110 ideo
2318 1055 2447 1122 dixi,
2469 1058 2611 1128 quia,
2632 1057 2766 1111 sicut
2783 1057 2898 1128 ipse
2917 1057 3191 1113 confessus
3210 1073 3289 1126 es,
3312 1077 3328 1110 ι
3350 1072 3482 1114 con-

1899 1146 2130 1202 sentitur
2171 1147 2220 1202 ei
2267 1147 2442 1218 potius
2490 1163 2651 1218 quam
2691 1149 3004 1218 imperatur.
3052 1167 3070 1202 ι
3106 1147 3238 1204 Nam
3270 1133 3322 1204 et
3351 1149 3490 1220 quod

1905 1255 1925 1288 ι
1962 1237 2082 1293 aliis
2111 1239 2412 1294 concitatur
2442 1241 2706 1309 stimulis,
2749 1241 2836 1297 vel
2882 1241 3245 1308 modulamine
3289 1241 3490 1312 frangi-

1901 1335 1986 1383 tur
2010 1337 2066 1384 et
2086 1329 2322 1398 sedatur,
2359 1351 2378 1384 ι
2411 1331 2551 1386 sicut
2581 1333 2696 1402 ipse
2727 1331 3091 1404 prosequeris,
3119 1329 3356 1403 profecto
3387 1349 3490 1388 non

1903 1421 2073 1488 lieret,
2107 1424 2150 1477 si
2183 1423 2409 1479 serviret
2437 1423 2672 1481 hominis
2705 1425 2990 1480 veluntati.
3023 1425 3259 1480 Femina:
3289 1433 3490 1492 autem,

1899 1533 2032 1588 quas
2059 1518 2126 1572 ab
2155 1519 2258 1574 isto
2295 1529 2440 1574 motu
2475 1521 2740 1576 immunes
2784 1517 2914 1575 l'acis
2936 1561 2952 1588 ,
3000 1520 3242 1591 quamvis
3284 1519 3490 1592 possint

1899 1611 2040 1666 virili
2071 1613 2519 1684 concupiscentiae
2556 1615 2857 1684 subjacere,
2901 1623 2956 1670 et
2994 1613 3210 1686 quando
3251 1595 3355 1668 non
3403 1627 3494 1684 pa-

1899 1703 2106 1758 tiuntur
2129 1721 2312 1772 suam;
2347 1717 2524 1762 tamen
2552 1717 2806 1778 quantum
2834 1707 2952 1778 ejus
2981 1709 3141 1763 etiam
3175 1707 3305 1778 ipsa:
3333 1705 3493 1762 suile-

1899 1806 2019 1852 rant
2045 1797 2318 1869 impetum,
2345 1799 2428 1854 cui
2459 1809 2718 1872 repugnat
2743 1801 2908 1857 decus
2937 1799 3297 1874 honestasque
3323 1809 3494 1855 casta-

1901 1907 2042 1958 rum,
2075 1891 2434 1968 interrogetur
2447 1893 2648 1964 Joscph
2665 1893 2816 1965 (Gen.
2839 1910 3012 1949 xxxnx
3035 1895 3073 1964 ).
3094 1891 3334 1950 Debuisti
3364 1907 3494 1948 sane

1902 1983 2066 2038 homo
2087 1985 2509 2040 ecclesiasticus'
2528 1987 2890 2042 ecclesiastica
2914 1987 3114 2041 musica
3135 1985 3310 2058 potius
3331 2000 3489 2056 quam

1901 2073 2251 2146 Pythagorica
2284 2079 2635 2144 commoneri,
2650 2077 2775 2149 quid
2795 2077 3046 2133 Davidira
3064 2075 3086 2109 ⁸
3103 2077 3306 2132 cithara
3325 2075 3494 2148 egerit

1901 2169 1955 2226 in
1981 2171 2162 2236 Saule,
2195 2173 2410 2246 quando
2433 2174 2575 2228 malo
2603 2174 2792 2248 spiritu
2822 2173 3133 2240 vexabatur,
3162 2183 3217 2228 et
3247 2181 3494 2244 tangente

1901 2261 2160 2317 citharam
2202 2273 2386 2318 sancto
2411 2265 2479 2319 ab
2505 2263 2593 2318 illa
2625 2255 2866 2320 molestia
2915 2263 3212 2336 reSpirabat
3256 2262 3314 2334 (l
3363 2261 3489 2332 Reg.

1899 2357 2020 2425 xw)
2047 2374 2059 2409 :
2089 2371 2158 2410 ne
2197 2355 2318 2411 ideo
2361 2357 2558 2412 bonum
2582 2357 2778 2428 aliquid
2808 2357 3087 2413 existimes
3116 2356 3494 2428 concupiscen-

1902 2445 2027 2502 tiam
2051 2449 2380 2520 carnis,quia
2401 2465 2780 2522 nonnunquam
2798 2451 3014 2506 musicis
3033 2449 3311 2504 cohibetur
3323 2449 3488 2503 sonis.

1970 2537 2199 2594 CAPUT
2231 2537 2396 2594 VL—
2410 2539 2498 2596 Ἡ.
2527 2539 2678 2609 Quod
2702 2549 2878 2596 autem
2897 2539 3030 2595 dicis
3050 2541 3376 2608 exclamans,
3400 2559 3418 2616 ς
3448 2539 3492 2596 Ο

1900 2645 2058 2700 quam
2107 2631 2266 2704 digne
2304 2631 2562 2690 Jeremias
2619 2649 2739 2689 cum
2789 2633 3168 2710 prophetarum
3227 2631 3395 2688 choro
3438 2641 3492 2690 et

1900 2721 2206 2778 sanctorum
2239 2725 2476 2779 omnium
2507 2725 2850 2794 exclamaret,
2879 2723 3005 2794 Quis
3031 2723 3168 2778 dabit
3198 2725 3352 2796 capiti
3381 2741 3489 2779 meo

1898 2833 2104 2885 aquam,
2131 2827 2178 2872 et
2207 2815 2366 2872 oculis
2395 2817 2515 2873 meis
2543 2821 2730 2896 [autem
2751 2817 3092 2894 larrgmarum
3117 2837 3137 2872 ι
3169 2815 3380 2894 (Jerem.
3409 2833 3486 2886 ιχ,

1902 2905 1926 2962 Ι
1955 2905 2016 2980 )?
2067 2916 2123 2964 ut
2153 2907 2452 2980 insipientis
2479 2903 2658 3000 populi
2685 2919 2900 2982 peccata
2922 2909 3144 2966 defieret
3162 2899 3180 2966 ε’
3220 2911 3342 2984 quia
3385 2911 3490 2967 Ec-

1899 2999 2062 3056 clesia
2090 2999 2288 3056 Christi
2318 2999 2570 3058 doctores
2599 3003 2870 3080 Pelagiani
2916 3004 3116 3058 erroris
3145 3005 3379 3076 expellit.
3435 3004 3489 3062 Si

1899 3091 2030 3146 ﬂere
2059 3093 2344 3148 salubriter
2365 3094 2552 3158 velles,
2583 3093 2684 3148 hoc
2713 3093 2892 3162 lieres,
2922 3095 3061 3166 quod
3101 3095 3195 3152 illo
3221 3111 3279 3152 es
3311 3095 3488 3172 impli-

1899 3193 2050 3240 catus
2075 3199 2278 3250 errore,
2303 3185 2487 3256 eisque
2511 3197 2561 3240 te
2586 3179 2840 3258 lacrymis
2866 3185 2932 3242 ab
2955 3185 3144 3262 eadem
3175 3203 3311 3242 nova
3345 3199 3489 3258 peste

1899 3275 2154 3331 dilueres.
2182 3275 2264 3330 An
2299 3277 2532 3348 ignoras,
2564 3275 2646 3331 vel
2679 3276 2876 3332 oblitus
2903 3291 2984 3344 es,
3024 3277 3106 3332 vel
3147 3277 3490 3332 considerate

1900 3367 2190 3434 detrectas,
2231 3367 2526 3423 Ecclesiam
2558 3377 2796 3422 sanctam
2821 3409 2836 3436 ,
2885 3383 3082 3434 unam,
3132 3367 3487 3436 catholicam,

1901 3461 2062 3516 etiam
2111 3459 2340 3540 paradisi
2389 3459 2738 3530 significatam
2789 3459 2953 3514 fuisse
3001 3457 3300 3514 vocabulo?
3352 3458 3489 3526 Quid

1899 3569 2029 3625 ergo
2057 3549 2344 3620 miramini,
2377 3553 2422 3608 si
2463 3553 2531 3609 de
2571 3553 2674 3608 isto
2709 3553 2958 3624 paradiso
3000 3541 3150 3608 l'oras'
3180 3551 3488 3618 mittimini,

1899 3645 1988 3716 qui
2030 3645 2200 3716 legem
2246 3660 2365 3716 qua:
2393 3653 2477 3700 est
2521 3645 2572 3698 in
2617 3643 2876 3700 membris
2921 3645 3140 3712 nostris,
3188 3659 3491 3716 repugnans

1899 3737 2000 3808 legi
2045 3736 2261 3806 mentis,
2307 3735 2360 3790 in
2389 3735 2543 3791 illum
2577 3735 2878 3806 paradisum
2911 3735 3071 3789 vultis
3105 3733 3380 3804 inducere,
3423 3735 3492 3796 de

1899 3845 2006 3904 quo
2036 3828 2182 3884 foras
2212 3844 2242 3883 a
2271 3829 2501 3884 Domino
2529 3827 2676 3886 missi
2708 3844 2913 3894 sumus,
2947 3845 3046 3884 nec
3071 3828 3138 3886 ad
3163 3845 3284 3898 cum
3311 3827 3492 3892 redire

1901 3919 2216 3992 poterimus,
2259 3919 2360 3975 nisi
2401 3919 2540 3974 hanc
2570 3921 2623 3974 in
2665 3921 2767 3974 isto
2799 3919 3044 3990 paradiso
3089 3919 3492 3994 vicerimus?Si

1899 4014 2041 4068 enim
2087 4029 2194 4068 non
2241 4013 2341 4069 ista
2385 4013 2816 4084 concupiscentia
2849 4029 3007 4086 quam
3049 4013 3290 4088 defendis
3335 4029 3494 4086 repu-

1899 4113 2024 4176 gnat
2069 4105 2170 4176 legi
2217 4107 2453 4174 mcntis,
2499 4106 2704 4160 nullum
2750 4105 3006 4161 adversus
3055 4123 3172 4161 eam
3217 4117 3490 4164 certamen

1899 4199 2180 4276 quisquam
2229 4209 2446 4254 sanctus
2477 4209 2712 4254 exercet.
2744 4199 2822 4254 Tu
2851 4209 3028 4254 autem
3075 4201 3350 4268 confessus
3395 4217 3487 4268 es,

1901 4291 2158 4348 adversus
2191 4293 2346 4346 istam
2379 4309 2535 4362 quam
2569 4293 2755 4360 tueris,
2788 4307 3042 4347 exercere
3070 4303 3284 4362 sanctos
3318 4310 3336 4368 ε
3373 4293 3490 4364 glo-

1899 4387 2040 4441 riosa
2081 4383 2374 4440 certamina
2413 4401 2431 4437 ι
2477 4383 2716 4455 (Supra,
2749 4383 2835 4436 lib.
2881 4383 2935 4454 5,
2982 4400 3035 4436 η.
3083 4383 3218 4454 42).
3263 4383 3378 4456 Ipsa
3409 4393 3494 4438 est

1900 4479 2060 4552 igitur
2097 4493 2214 4548 qua:
2253 4484 2513 4548 repugnat
2553 4477 2653 4548 legi
2694 4476 2888 4548 mentis
2935 4475 2990 4546 in
3033 4489 3259 4544 corpore
3304 4475 3493 4536 mortis

1898 4561 2078 4642 hujus,
2110 4569 2177 4642 de
2207 4583 2308 4640 qua
2343 4583 2400 4623 se
2430 4569 2600 4639 gratia
2629 4567 2722 4622 Dei
2753 4583 2846 4650 per
2873 4566 3051 4622 Jesnm
3079 4567 3350 4620 Christum
3386 4567 3487 4622 llo-

1900 4665 2107 4722 minum
2136 4674 2380 4719 nostrum
2411 4663 2627 4718 liberari
2656 4661 2860 4716 dicebat
2887 4663 3176 4734 Apostolus
3195 4661 3371 4732 (Rom.
3399 4679 3489 4722 vn.

1897 4757 2072 4816 23-25
2097 4759 2139 4830 ).
2171 4757 2420 4813 Sentisne
2459 4758 2570 4827 jam
2615 4755 2852 4820 tandem,
2885 4757 3070 4830 gratiae
3099 4754 3257 4826 hujus
3289 4755 3488 4812 inimici

1901 4861 2108 4925 quanto
2137 4853 2244 4906 sint
2276 4851 2418 4906 fonte
2447 4851 2801 4924 iacrymarum
2833 4849 3138 4936 plangcndi,
3170 4857 3223 4902 et
3267 4867 3332 4904 ne
3361 4851 3495 4904 alios

1901 4945 1968 5000 ad
2001 4945 2274 5000 interitum
2317 4959 2498 4998 secum
2536 4943 2773 5010 trahant,
2810 4951 3006 5014 quanta
3039 4943 3320 5014 pastoralis
3351 4959 3494 4996 cura:

1903 5035 2276 5091 observatione
2303 5033 2542 5090 vitandi?
2565 5034 2671 5094 Vos
2699 5031 2842 5114 enim
2875 5051 2895 5086 ι
2929 5036 3134 5116 augetis
3169 5053 3188 5086 ι
3221 5035 3316 5088 ista
3350 5035 3496 5088 novi-

1903 5137 2012 5185 tate
2039 5145 2156 5184 cam
2187 5143 2308 5199 quae
2339 5127 2392 5182 in
2435 5127 2684 5192 omnibus
2724 5137 2806 5182 est
2853 5127 3123 5182 haereticis
3149 5170 3161 5192 ,
3216 5147 3234 5180 ι
3287 5125 3492 5180 οιιιτῙιΙιιί

1899 5221 2157 5294 temporis
2209 5221 2544 5292 pravitatem.
2599 5241 2619 5274 ι
2668 5221 2773 5280 Vos
2804 5239 2824 5276 ι
2853 5221 2984 5278 estis
3027 5223 3178 5292 ruina
3207 5237 3436 5282 morum,
3471 5239 3487 5272 ι

1901 5315 1992 5386 qui
2021 5313 2189 5386 ipsius
2219 5313 2340 5368 tidci
2383 5327 2544 5383 supra
2583 5327 2741 5384 quant
2783 5329 2962 5368 mores
3000 5312 3292 5384 ardiiirandi
3327 5319 3452 5365 sunt
3476 5353 3490 5376 ,

1899 5405 2162 5462 molimini
2191 5403 2534 5460 fundamenta
2567 5405 2898 5462 subvertere.
2917 5405 3022 5460 Vos
3051 5425 3067 5456 ι
3100 5403 3313 5474 pudoris
3337 5403 3495 5458 inter-

1898 5497 2026 5568 itus,
2063 5517 2080 5552 ι
2117 5513 2251 5570 quos
2279 5497 2498 5554 laudare
2529 5515 2633 5554 non
2668 5499 2851 5571 pudet,
2901 5507 3087 5554 contra
3121 5497 3261 5570 quod
3293 5508 3492 5568 pugnat

1962 5747 2201 5808 Hostius
2235 5747 2292 5810 in
2330 5747 2614 5810 praefatione
2649 5747 2864 5810 epusculi
2897 5746 2964 5810 de
3005 5747 3196 5807 Musica,
3239 5747 3324 5797 ubi
3363 5747 3492 5799 inme

1898 5811 2056 5874 ipsum
2085 5809 2240 5874 locum
2265 5809 2374 5866 libri
2401 5813 2644 5872 ciceronis
2663 5809 2728 5874 de
2759 5809 2974 5866 consiliis
2997 5811 3102 5860 suis
3123 5811 3258 5871 citat,
3287 5823 3394 5873 pro,
3419 5823 3494 5862 re-

1898 5871 2266 5935 sedisseJegit,
2291 5871 2636 5935 consetlasse._
2723 5871 2728 5874 ’
2957 5933 2966 5935 _
3217 5934 3224 5935 ί
3285 5871 3304 5935 -ῖ
3379 5887 3392 5935 ξ.

1963 5941 1984 5969 ¹
2009 5939 2124 5986 Editi
2144 5974 2157 5996 ,
2181 5933 2344 5984 'homo
2374 5933 2710 6004 ecclesiastice.
2759 5941 2860 5986 Mss.
2879 5969 2896 5998 ,
2947 5933 3087 5986 homo
3122 5933 3491 5989 ecclesiastica.

1970 6005 1989 6034 ³
2013 6013 2110 6050 Ain.
2141 6010 2188 6051 cl
2215 6007 2342 6054 3155.,
2376 6003 2608 6047 lmvtttca.
