4022 6486
155 372 246 430 801
1495 365 1698 426 LIBER
1734 367 2051 438 QUINTUS.
2297 371 2322 394 '

156 465 358 538 pudias.
394 481 416 516 ι
453 463 684 520 Possunt
721 463 864 520 enim
901 463 1176 528 nomines,
1219 481 1236 516 I
1269 461 1482 534 inquis,
1521 481 1542 516 r
1577 477 1738 518 omne

155 559 318 614 vitare
341 569 642 627 peccatum,
664 573 784 614 cum
808 567 1030 632 possunt
1055 573 1269 614 vincere
1295 557 1740 626 concupiscentia!

151 649 369 704 malum.
390 647 448 704 Si
465 649 608 705 enim
631 649 795 704 libido
821 650 1063 706 naturale
1089 649 1285 704 malum
1311 658 1414 716 est,
1432 657 1486 704 et
1512 647 1740 702 vincitur

147 756 330 798 amore
355 742 602 806 virtutis;
633 743 800 796 multo
826 743 994 813 magis
1023 762 1042 795 ι
1077 742 1212 798 dicis
1246 761 1264 794 ι
1293 743 1380 796 illa
1408 743 1587 797 omnia
1613 742 1738 798 vilia

151 837 411 906 superari,
433 851 552 906 quae
569 835 635 890 de
651 836 764 892 sola
783 838 1050 891 voluntate
1064 836 1394 908 contingunt.
1423 855 1440 889 ι
1463 835 1582 892 Jam
1603 835 1740 890 mul-

153 933 210 981 lis
235 928 414 982 modis
441 927 508 982 ad
535 928 632 982 ista
662 937 856 994 vestra,
874 937 928 982 ct
955 944 1098 996 szepe
1124 943 1438 998 reSponsum
1471 937 1572 982 est.
1603 927 1738 996 Quia

149 1019 265 1074 dum
295 1019 389 1073 hic
413 1019 642 1074 vivimus
661 1061 676 1086 ,
707 1019 792 1073 ubi
827 1035 954 1074 caro
982 1019 1310 1090 concapiscit
1345 1019 1602 1074 adversus
1629 1017 1738 1088 spi-

148 1111 322 1174 ritum,
349 1122 407 1166 et
431 1112 650 1181 spiritus
665 1112 920 1168 adversus
935 1127 1148 1168 carnem
1176 1111 1737 1182 (Galat.v,l7),qnan-

149 1203 391 1257 tumlibet
416 1201 468 1256 in
496 1203 598 1257 isto
621 1203 868 1258 conflictu
894 1204 1196 1274 superiores
1221 1204 1412 1268 simus,
1444 1219 1543 1258 nec
1569 1219 1740 1258 mem-

148 1297 231 1350 bra
257 1307 447 1350 nostra
475 1297 828 1352 exhibeamus
854 1313 1002 1352 arma
1027 1297 1322 1368 iniquitatis
1349 1307 1589 1366 peccato,
1608 1296 1740 1352 obe-

147 1389 350 1444 dientes
391 1389 670 1444 desideriis
697 1389 814 1460 ejus
858 1388 1034 1460 (Rom.
1065 1406 1113 1443 vi
1133 1430 1148 1452 ,
1181 1391 1248 1444 15
1269 1432 1284 1454 ,
1317 1388 1442 1461 1‘2);
1477 1401 1649 1444 tamen
1679 1395 1740 1443 ut

147 1493 350 1539 taceam
379 1483 448 1540 de
488 1485 730 1553 corporis
759 1485 1004 1538 sensibus
1025 1525 1038 1542 .
1067 1493 1122 1538 et
1152 1484 1204 1537 in
1232 1482 1392 1538 rebus
1415 1525 1428 1548 ,
1458 1482 1649 1552 quibus
1675 1481 1740 1536 li-

148 1577 242 1632 cite
273 1577 477 1630 utimur
495 1617 510 1642 ,
541 1575 878 1645 subrepentis
899 1575 1186 1644 voluptatis
1211 1574 1519 1629 excessibus
1539 1615 1554 1640 ,
1585 1573 1638 1627 in
1659 1573 1740 1642 ip-

147 1671 212 1724 sis
241 1677 397 1726 certe
425 1679 624 1724 nostra:
664 1667 999 1738 cogitationis
1041 1667 1270 1722 motibus
1299 1675 1354 1722 et
1381 1665 1656 1721 affectibus
1693 1663 1740 1720 εἰ

149 1763 424 1816 dixerimus
450 1764 568 1830 quia
599 1771 855 1832 peccatum
887 1778 986 1814 non
1013 1761 1252 1814 habemus
1271 1801 1286 1824 ,
1319 1775 1410 1814 nos
1431 1761 1568 1828 ipsos
1591 1757 1740 1812 sedu-

148 1857 332 1920 cimus,
365 1866 414 1908 et
441 1857 620 1908 veritas
647 1855 700 1908 in
727 1855 868 1908 nobis
899 1871 998 1908 non
1025 1863 1095 1907 est
1128 1853 1170 1924 (l
1194 1853 1349 1906 Joan.
1399 1869 1448 1914 1,
1490 1851 1566 1922 8).
1601 1849 1738 1906 Fru-

149 1963 248 2006 stra
281 1951 446 2022 igitur
474 1951 524 2004 in
553 1950 652 2004 alia
681 1959 783 2004 tua:
807 1949 1088 2004 sententia:
1119 1959 1268 2018 parte
1297 1945 1554 2016 tripudias
1587 1961 1600 1998 :
1637 1945 1738 2000 nisi

153 2043 278 2098 forte
323 2041 648 2098 sententiam
677 2041 896 2096 Joannis
922 2041 1145 2110 apostoli
1185 2039 1442 2108 sacrilega
1473 2053 1737 2107 praesum-

151 2133 322 2204 ptione
351 2131 626 2202 repudias.
655 2131 806 2200 Quod
832 2141 1008 2186 autem
1041 2147 1180 2185 nunc
1205 2131 1378 2202 agitur
1397 2169 1412 2194 ,
1441 2129 1738 2184 naturalem

151 2241 260 2280 esse
291 2223 572 2279 libidinem
600 2233 654 2278 et
670 2238 768 2293 ego
795 2222 936 2288 dico,
958 2222 1079 2290 quia
1110 2237 1229 2276 cum
1253 2221 1338 2275 illa
1368 2220 1602 2275 nascitur
1623 2235 1738 2274 omo

151 2317 224 2370 nis
251 2317 456 2378 homo;
485 2323 542 2370 et
567 2324 621 2369 tu
661 2315 833 2370 multo
861 2315 1090 2384 amplius
1110 2355 1124 2378 ,
1156 2314 1245 2382 qui
1279 2311 1414 2368 dicis
1443 2311 1584 2382 quod
1613 2325 1736 2366 cum

151 2407 228 2462 illa
253 2407 328 2462 sit
353 2407 604 2462 conditus
629 2405 834 2476 primus
859 2406 1038 2460 homo.
1073 2406 1200 2460 ltcm
1225 2405 1242 2436 ⁸
1275 2405 1586 2458 vincendam
1617 2417 1740 2458 esse

151 2499 458 2576 libidinem,
491 2509 652 2569 atque
681 2507 738 2552 ut
765 2499 1008 2552 vincatur
1051 2497 1100 2552 ei
1147 2495 1504 2551 resistendum
1535 2511 1656 2550 esse
1685 2501 1741 2549 et

150 2591 546 2662 repugnandum
568 2633 582 2656 ,
630 2601 683 2646 et
709 2607 810 2662 ego
839 2591 959 2646 dico
979 2632 994 2657 ,
1045 2599 1102 2646 et
1131 2603 1186 2644 tu
1205 2630 1220 2655 ,
1266 2606 1336 2645 ne
1363 2605 1390 2642 a
1423 2605 1510 2644 me
1557 2589 1740 2644 audias

149 2683 278 2752 quod
303 2682 440 2738 mihi
472 2684 584 2752 ipse
613 2683 830 2750 dixisti,
867 2702 886 2736 ι
925 2683 1162 2754 profiteri
1191 2690 1244 2738 te
1273 2681 1614 2752 turpitudinis
1639 2681 1738 2737 ad-

147 2788 424 2844 vocatum,
455 2778 498 2831 si
543 2777 816 2832 libidinem
847 2777 1126 2848 negaveris
1168 2789 1286 2830 esse
1312 2775 1626 2830 vincendum
1660 2791 1674 2828 :
1713 2792 1733 2828 ι

147 2885 256 2937 qua:
285 2868 476 2938 utique
519 2883 624 2922 non
661 2867 918 2930 vincitur,
953 2869 998 2922 si
1041 2866 1244 2922 nullum
1277 2882 1396 2920 cum
1426 2881 1489 2920 ea
1537 2865 1740 2936 geritur

147 2961 362 3018 bellum.
395 2959 530 3016 Cttm
564 2961 723 3032 igitur
752 2959 1026 3016 libidinem
1071 2967 1126 3014 et
1155 2959 1449 3013 naturalem
1497 2973 1652 3024 esse,
1686 2966 1742 3014 et

149 3053 278 3107 vinci
327 3067 524 3122 posse,
570 3051 728 3106 ambo
765 3051 1041 3117 dicamus;
1084 3060 1262 3104 utrum
1311 3049 1514 3104 bonum
1553 3050 1736 3105 vinca-

149 3161 278 3210 tnus,
303 3160 377 3199 an
409 3143 630 3210 malum,
677 3144 789 3214 ipsa
817 3144 956 3200 inter
981 3159 1078 3198 nos
1105 3143 1328 3197 vertitur
1351 3142 1595 3212 quaestio.
1629 3139 1738 3198 Sed

151 3240 260 3296 vide
287 3255 454 3310 quam
501 3239 576 3294 sis
614 3238 878 3294 absurdus
897 3279 912 3304 ,
941 3237 1031 3308 qui
1071 3247 1124 3292 et
1149 3237 1226 3291 sic
1249 3238 1268 3266 ²
1303 3235 1510 3290 hostem
1537 3235 1617 3290 vis
1639 3250 1740 3290 ex-

149 3347 380 3401 pugnare
429 3329 738 3396 libidinem,
769 3337 825 3386 et
865 3329 932 3384 de
961 3329 1102 3384 malo
1146 3329 1262 3398 ejus
1305 3343 1411 3382 non
1455 3327 1536 3382 vis
1581 3327 1738 3382 finire

149 3425 528 3492 qumstionem;
561 3431 620 3476 ut
643 3423 689 3478 si
721 3431 772 3478 te
815 3422 867 3476 in
895 3421 1340 3492 concupiscentiae
1367 3420 1607 3476 diabolus
1636 3419 1736 3474 ad-

151 3517 398 3570 versitate
443 3531 546 3568 non
579 3513 798 3584 vicerit,
838 3513 1016 3568 vincat
1059 3521 1110 3568 te
1149 3513 1200 3567 in
1233 3512 1582 3584 perversitate
1609 3525 1736 3568 sen-

152 3607 338 3660 tentia.

209 3697 300 3752 28.
336 3695 529 3751 Adhuc
553 3711 657 3751 non
682 3695 936 3766 evigilas,
981 3704 1038 3750 ut
1065 3694 1328 3766 intelligas
1359 3703 1594 3749 nostram
1635 3709 1734 3750 na-

153 3798 312 3844 turam
341 3804 452 3844 non
481 3804 602 3844 esse
621 3829 636 3854 ,
661 3789 756 3844 sed
785 3789 968 3842 vitium
991 3830 1006 3855 ,
1033 3797 1219 3844 contra
1243 3787 1384 3858 quod
1416 3789 1611 3844 virtute
1639 3803 1738 3858 pu-

151 3883 410 3953 gnamus?
437 3881 622 3952 Neque
646 3881 788 3937 enim
817 3882 958 3937 bono
995 3881 1188 3936 bonum
1211 3920 1226 3946 ,
1257 3881 1350 3936 sed
1389 3880 1530 3936 bono
1556 3881 1738 3951 utique

153 3975 342 4030 malum
375 3973 656 4028 vincimus.
673 3971 962 4028 Considera
992 3987 1110 4028 cum
1135 3987 1242 4043 quo
1271 3972 1467 4039 vincat,
1489 3987 1736 4042 cumquo

155 4065 410 4120 vincatur.
436 4064 660 4132 Quando
684 4063 826 4118 enim
869 4063 1032 4118 libido
1057 4063 1220 4118 vincit
1239 4104 1252 4127 ,
1280 4061 1446 4118 vincit
1469 4073 1522 4118 et
1546 4062 1737 4118 diabo-

157 4160 228 4214 lus
260 4179 274 4214 :
305 4158 524 4230 quando
566 4157 732 4212 libido
775 4155 1040 4224 vincitur,
1091 4167 1144 4210 et
1191 4155 1437 4211 diabolus
1485 4155 1736 4210 vincitur.

154 4251 313 4320 Quem
343 4267 474 4322 ergo
505 4249 671 4304 vincit
697 4249 878 4314 libido,
907 4256 962 4303 et
990 4264 1017 4300 a
1047 4262 1154 4318 quo
1183 4247 1432 4312 vincitur,
1463 4247 1632 4302 hostis
1657 4255 1740 4302 est

153 4347 262 4418 ejus
295 4363 308 4398 :
341 4361 468 4400 cum
498 4359 604 4415 quo
647 4353 825 4398 autem
871 4341 1030 4398 vincit
1058 4351 1114 4397 et
1137 4341 1402 4408 vincitur,
1447 4350 1634 4396 auctor
1659 4348 1744 4396 est

154 4439 284 4510 ejus.
313 4440 468 4510 Rogo
493 4447 565 4502 te,
589 4437 773 4514 oculos
799 4437 966 4506 aperi,
989 4445 1043 4490 et
1065 4449 1226 4490 cerne
1249 4449 1362 4504 quae
1389 4441 1570 4502 aperta
1594 4441 1739 4488 sunt.

153 4533 300 4588 Nulla
319 4547 497 4603 pugna
513 4539 596 4586 est
619 4529 734 4585 sine
756 4529 917 4584 malo.
941 4527 1162 4596 Quando
1181 4526 1322 4582 enim
1353 4535 1632 4596 pugnatur,
1651 4531 1744 4580 aut

157 4624 352 4680 bonum
385 4631 580 4694 pugnat
607 4631 661 4676 et
699 4621 898 4675 malum
917 4661 933 4686 ,
965 4628 1056 4673 aut
1082 4619 1278 4673 malum
1307 4627 1362 4674 et
1389 4617 1586 4672 malum
1609 4658 1624 4683 ,
1653 4627 1742 4672 aut

155 4719 196 4772 si
217 4718 325 4773 duo
351 4716 490 4771 bona
515 4715 654 4770 inter
677 4729 736 4769 se
761 4721 1016 4784 pugnant,
1047 4711 1158 4782 ipsa
1185 4726 1358 4782 pugna
1382 4719 1464 4766 est
1490 4727 1743 4782 magnum

157 4811 372 4865 malum.
403 4807 556 4876 Quod
583 4807 634 4862 in
665 4821 890 4875 corpore
915 4804 1128 4875 quando
1155 4805 1433 4874 contingit,
1462 4815 1520 4858 ut
1543 4819 1604 4859 ea
1626 4803 1743 4874 qui-

155 4903 249 4959 bus
287 4911 532 4968 constat,
563 4899 616 4956 id
657 4910 740 4955 est
767 4897 1045 4954 humidum
1073 4905 1128 4952 et
1153 4897 1384 4962 siccum,
1417 4896 1648 4952 calidum
1689 4905 1744 4952 et

157 4995 402 5067 frigidum
422 5035 438 5060 ,
463 4991 708 5064 quamvis
738 4991 846 5046 sint
870 4989 1008 5045 inter
1031 5005 1089 5044 se
1115 4988 1380 5044 contraria
1401 5029 1416 5054 ,
1443 5003 1628 5058 pacem
1658 5003 1743 5042 se-

153 5103 272 5142 cum
313 5085 763 5156 concordiamque
793 5100 898 5139 non
941 5091 1190 5148 teneant,
1235 5082 1408 5138 morbi
1436 5080 1741 5152 regretatio-

153 5195 358 5251 tresque
382 5187 694 5234 nascuntur.
726 5177 794 5232 Et
817 5177 937 5247 quis
965 5177 1160 5232 audeat
1183 5175 1362 5230 dicere
1382 5215 1397 5241 ,
1429 5173 1626 5243 aliquid
1651 5189 1744 5228 eo-

153 5287 270 5328 rum
287 5289 392 5328 non
411 5287 531 5328 esse
547 5271 766 5336 bonum;
785 5285 905 5326 cum
927 5269 1102 5326 omnis
1121 5277 1364 5325 creatura
1387 5267 1480 5323 Dei
1498 5267 1632 5322 bona
1650 5267 1738 5332 sit,

151 5374 213 5420 et
232 5363 549 5420 benedicant
573 5363 624 5417 in
657 5361 857 5435 hymno
879 5361 1038 5416 trium
1064 5376 1351 5431 puerorum
1381 5359 1544 5430 frigus
1569 5367 1625 5413 et
1644 5373 1744 5413 tes-

155 5467 240 5512 tus
261 5457 542 5512 Dominum
569 5453 728 5526 (Dan.
759 5469 812 5508 ιιι
833 5495 846 5520 ,
878 5453 966 5523 67)
983 5453 1009 5506 ?
1036 5455 1164 5519 Qum
1189 5453 1326 5508 inter
1350 5467 1410 5507 se
1434 5450 1698 5506 contraria
1723 5491 1738 5518 ,

157 5559 368 5608 servant
394 5561 572 5604 tamen
611 5561 708 5617 pro
738 5561 916 5600 rerum
945 5545 1308 5601 incolumitate
1347 5541 1686 5600 concordiam
1723 5557 1736 5594 :

218 5759 236 5790 ι
259 5757 396 5816 mm,
418 5760 506 5820 (ta.
531 5753 702 5820 Melius
723 5757 850 5812 MSS»
881 5755 1016 5800 ηεπι·
1236 5817 1246 5820 _
1332 5809 1344 5820 .

215 5821 238 5852 ³
275 5827 341 5871 Ita
383 5811 703 5872 'ttloriaccnsis
752 5811 842 5865 his.
895 5821 949 5863 Λι
999 5811 1150 5871 editi,
1201 5817 1248 5861 et
1299 5811 1468 5872 sicut;
1523 5811 1700 5859 omisso

157 5881 255 5946 qui.

3329 375 3438 436 802

1854 480 1976 520 cum
2003 479 2129 520 vero
2149 466 2210 520 in
2252 475 2436 524 nostro
2464 482 2688 537 corpore
2715 466 3051 540 discrepant,
3099 483 3321 540 seseque
3351 475 3434 527 in-

1851 557 2022 613 vicem
2051 570 2387 630 oppugnant,
2435 561 2684 617 valetudo
2713 562 2973 617 turbatur.
3002 563 3070 618 Et
3095 563 3197 620 hoc
3223 572 3392 618 totum
3417 605 3436 630 ,

1847 649 1986 706 sicut
2008 651 2118 721 ipsa
2146 665 2316 721 tn0rs,
2335 654 2404 710 de
2429 657 2628 725 peccati
2648 655 2788 711 illius
2815 659 3198 728 propagatione
3215 659 3438 715 descen-

1847 739 1942 796 dit.
1969 741 2154 814 Neque
2181 745 2324 800 enim
2350 754 2406 801 et
2447 745 2562 802 haec
2604 749 2884 818 quisquam
2928 748 3158 818 dixerit,
3187 751 3232 804 si
3279 767 3438 806 nemo

1849 845 2152 906 peccasset,
2189 853 2288 892 nos
2317 839 2371 893 in
2398 839 2486 893 illa
2513 839 2839 896 beatitudine
2865 841 3098 911 paradisi
3124 843 3286 898 fuisse
3315 859 3442 914 pas-

1847 939 2020 982 suros.
2053 926 2156 982 Sed
2183 929 2304 984 alia:
2346 939 2470 985 sunt
2515 947 2692 986 rerum
2725 935 3080 1004 corporalium
3113 935 3396 1005 qualitates
3419 976 3434 1000 .

1845 1035 1964 1088 quae
1993 1036 2174 1076 secum
2206 1038 2235 1076 a
2267 1025 2548 1080 contrariis
2595 1035 2960 1094 temperantur
2989 1037 3046 1080 ut
3089 1028 3226 1082 bene
3258 1029 3436 1084 valea-

1845 1127 1992 1176 mus;
2015 1122 2068 1168 et
2093 1128 2214 1168 cum
2243 1115 2348 1170 sint
2375 1115 2426 1169 in
2453 1115 2666 1171 diverso
2695 1132 2891 1188 genere
2917 1117 3088 1182 bonae,
3117 1128 3292 1172 tamen
3314 1133 3436 1174 cum

1845 1199 2172 1272 discordant,
2207 1205 2398 1260 malam
2425 1207 2783 1263 valetudinem
2810 1207 3012 1264 faciunt
3037 1225 3052 1274 ;
3095 1220 3149 1264 et
3171 1211 3289 1265 alite
3315 1219 3439 1266 sunt

1845 1297 2037 1352 animae
2065 1298 2413 1368 cupiditates,
2460 1315 2578 1370 quae
2622 1311 2903 1372 propterea
2943 1301 3125 1356 carnis
3149 1303 3399 1357 dicuntur
3423 1343 3438 1368 ,

1844 1389 1968 1458 quia
2011 1391 2302 1444 secundum
2330 1407 2546 1447 carnem
2585 1393 2760 1447 anima
2801 1394 3166 1464 concupiscit,
3195 1410 3316 1449 cum
3363 1395 3442 1450 sic

1845 1483 2206 1552 concupiscit,
2238 1493 2296 1540 ut
2324 1486 2372 1540 ei
2403 1485 2619 1554 spiritus
2639 1528 2655 1553 ,
2684 1485 2736 1540 id
2763 1495 2846 1540 est
2872 1501 2996 1556 pars
3023 1486 3142 1556 ejus
3167 1487 3360 1542 melior
3387 1495 3440 1542 et

1845 1575 2108 1645 superior,
2131 1577 2320 1632 debeat
2339 1571 2656 1656 repugnare.
2677 1579 2915 1650 Denique
2936 1579 3036 1634 ista
3054 1579 3178 1634 vitia
3201 1596 3306 1637 non
3329 1596 3438 1636 me-

1844 1666 1993 1722 dicos
2021 1667 2154 1722 ullos
2177 1685 2462 1738 corporum
2488 1679 2754 1740 quierunt,
2775 1671 2871 1725 sed
2899 1672 3067 1741 gratia
3092 1671 3294 1727 Christi
3325 1685 3442 1727 me-

1845 1757 2056 1815 dicante
2081 1770 2366 1816 curantur:
2391 1763 2558 1833 prius,
2581 1774 2634 1816 ut
2659 1772 2812 1817 reatu
2829 1777 2934 1816 non
2963 1771 3200 1828 teneant;
3218 1761 3436 1830 deinde,

1845 1859 1903 1904 ut
1927 1851 2178 1906 conﬂictu
2208 1867 2314 1908 non
2344 1854 2592 1918 vincant;
2621 1863 2913 1924 postremo.
2937 1864 2994 1908 ut
3021 1855 3166 1909 omni
3195 1871 3260 1910 ex
3287 1864 3440 1925 parte

1845 1951 2028 1996 sanata
2075 1944 2218 1998 nulla
2245 1945 2463 2000 omnino
2511 1955 2840 2001 remaneant.
2875 1947 3108 2002 Proinde
3151 1963 3271 2002 cum
3303 1947 3440 2002 mala

1844 2035 2220 2106 concupiscere
2249 2037 2444 2094 malum
2472 2039 2558 2104 sit,
2584 2047 2640 2094 et
2663 2038 2802 2094 bona
2826 2040 3210 2110 concupiscere
3236 2038 3437 2094 bonum

1845 2127 1933 2192 sit,
1961 2135 2120 2196 atque
2149 2127 2250 2183 hoc
2277 2127 2472 2184 bellum
2509 2129 2762 2200 quamdiu
2789 2129 2877 2184 hic
2903 2131 3096 2184 vivitur
3141 2144 3246 2185 non
3285 2129 3440 2200 quie-

1844 2231 1981 2290 scat,
2011 2239 2132 2278 cum
2158 2240 2286 2278 caro
2309 2225 2637 2294 concupiscit
2666 2225 2922 2280 adversus
2947 2224 3214 2294 spiritum,
3243 2233 3300 2278 et
3324 2223 3439 2293 spi-

1844 2313 1978 2368 ritus
2003 2315 2258 2370 adversus
2283 2331 2534 2382 carnem;
2571 2315 2694 2384 quis
2721 2331 2805 2370 me
2833 2315 3080 2370 liberabit
3103 2317 3171 2370 de
3212 2327 3440 2382 corpore

1845 2408 2030 2462 mortis
2057 2407 2234 2478 hujus,
2261 2409 2360 2462 nisi
2389 2409 2557 2478 gratia
2586 2408 2680 2464 Dei
2709 2423 2804 2477 per
2827 2408 3008 2463 Jesum
3039 2407 3308 2462 Christum
3333 2407 3438 2462 Do-

1844 2497 2046 2552 minum
2091 2499 2370 2553 nostrum?
2396 2497 2492 2554 Cui
2531 2500 2714 2569 gratiae
2745 2499 2904 2554 nimis
2941 2497 3216 2553 inimicum
3243 2497 3434 2569 dogma

1845 2587 2207 2645 horrescimus
2235 2601 2493 2646 vestrum.

1914 2679 2005 2735 29.
2037 2681 2142 2737 Sed
2169 2682 2249 2736 vir
2273 2683 2614 2749 fortissimus,
2643 2691 3024 2738 nocturnorum
3054 2691 3110 2738 et
3135 2683 3182 2738 si
3207 2697 3312 2737 non
3338 2681 3436 2736 ad-

1845 2771 2206 2838 ministrator,
2252 2783 2398 2828 certe
2441 2773 2750 2828 exhortator
2795 2774 3214 2844 przedicatorque
3263 2773 3435 2828 bello-

1845 2877 1987 2930 rum,
2025 2881 2044 2913 ι
2071 2877 2322 2918 enervem
2353 2874 2408 2920 et
2437 2865 2650 2920 mollem
2681 2880 2800 2922 esse
2835 2884 2855 2917 ι
2889 2865 3025 2920 dicis
3059 2883 3078 2916 α
3107 2863 3434 2936 opinionem,
3493 2861 3500 2868 ”

1845 2971 1947 3024 qua
1974 2957 2210 3012 creditur
2237 2957 2291 3012 in
2319 2957 2567 3027 paradiso
2593 2957 2660 3012 ad
2687 2968 2872 3013 nutum
2899 2959 3190 3016 voluntatis
3225 2958 3436 3030 genita-

1845 3047 1913 3103 lia
1939 3050 2172 3118 potuisse
2195 3051 2419 3108 servire.
2456 3071 2478 3102 ι
2515 3051 2686 3107 Tanto
2710 3052 2853 3108 enim
2881 3052 2976 3106 tibi
2999 3095 3013 3118 ,
3045 3063 3294 3124 tanquam
3321 3052 3438 3110 viro

1844 3149 1993 3196 casto
2013 3181 2028 3207 ,
2057 3141 2411 3198 elfeminatior
2434 3143 2646 3199 videtur
2672 3159 2794 3199 esse
2819 3145 3029 3200 animus
3049 3185 3063 3210 ,
3089 3153 3288 3214 quanto
3319 3144 3438 3214 plus

1847 3229 2004 3287 habet
2027 3235 2304 3302 potestatis
2325 3233 2378 3290 in
2404 3250 2618 3305 corpus.
2646 3232 2750 3290 Sed
2781 3251 2906 3290 ecce
2936 3251 3040 3290 non
3069 3235 3342 3291 vobiscum
3367 3233 3437 3292 de

1845 3323 2076 3378 libidinis
2102 3326 2339 3381 absentia
2385 3327 2738 3396 przesentiave
2779 3327 3154 3383 contendimus
3174 3369 3190 3396 ,
3223 3343 3324 3384 nec
3351 3328 3436 3383 di-

1843 3414 2126 3472 lectionem
2153 3433 2310 3488 quam
2341 3418 2537 3475 debere
2565 3433 2661 3474 vos
2689 3420 2738 3476 ei
2766 3419 3040 3486 videmus,
3073 3421 3432 3486 offendimus;

1845 3507 2033 3563 saltem
2061 3508 2228 3578 ipsam
2257 3511 2472 3582 subdite
2492 3511 2779 3566 voluntatis
2809 3513 3033 3582 imperio
3059 3514 3114 3568 in
3142 3513 3234 3568 illo
3260 3513 3434 3569 felici-

1845 3599 1968 3654 tatis
1993 3600 2130 3656 loco.
2158 3601 2377 3657 Auferte
2407 3602 2528 3658 inde
2555 3603 3008 3659 evidentissimum
3043 3595 3289 3675 pugnam,
3315 3621 3436 3676 qua:

1845 3689 1906 3746 (it
1930 3693 2045 3763 ejus
2089 3695 2310 3748 motioni
2351 3705 2528 3750 mente
2555 3697 2816 3756 renitente
2849 3713 2861 3750 :
2894 3697 3104 3752 auferte
3149 3695 3274 3752 inde
3317 3707 3433 3752 tur-

1845 3786 2118 3856 pissimam
2148 3804 2354 3858 pacem,
2380 3805 2500 3860 qua:
2527 3789 2586 3844 fit
2609 3789 2723 3860 ejus
2745 3789 3092 3844 dominationi
3119 3799 3296 3845 mente
3316 3804 3437 3846 ser-

1847 3877 2040 3934 viente.
2073 3880 2136 3934 Et
2167 3888 2332 3944 certe,
2361 3881 2484 3951 quia
2515 3895 2619 3934 non
2651 3896 2768 3936 eam
2801 3881 2957 3935 talem
2985 3881 3193 3944 videtis,
3224 3879 3437 3951 qualem

1846 3969 1918 4025 ibi
1945 3971 2287 4036 constituere,
2313 3971 2358 4026 si
2385 3972 2590 4027 ratione
2615 3988 2720 4026 non
2749 3971 3094 4039 revocamini,
3126 3971 3328 4042 pudore
3347 3986 3440 4026 co-

1846 4061 2054 4131 gimini,
2074 4063 2125 4116 in
2153 4077 2218 4117 ea
2234 4063 2405 4132 qualis
2423 4079 2563 4118 nunc
2587 4071 2670 4118 est
2687 4063 2870 4118 vitium
2891 4064 3147 4134 originale
3175 4063 3435 4132 fatemini;

1847 4155 1932 4208 cui
1958 4154 2002 4209 si
2030 4155 2293 4210 servimus
2320 4155 2556 4224 perimus
2576 4195 2592 4220 ,
2623 4155 2708 4209 cui
2753 4169 3111 4224 repugnamus
3139 4171 3206 4208 ne
3232 4153 3437 4209 servia-

1846 4260 1984 4300 mus.
2015 4247 2153 4300 Ecce
2177 4245 2320 4315 quod
2357 4246 2572 4312 laudas,
2601 4261 2700 4300 nec
2727 4246 2882 4300 times
2909 4260 2976 4298 ne
3001 4245 3094 4298 tibi
3136 4245 3308 4314 potius
3337 4245 3436 4298 ad-

1847 4351 2068 4392 moneas
2091 4351 2212 4392 esse
2235 4336 2518 4392 dicendum
2537 4378 2552 4404 ,
2592 4335 2734 4406 quod
2762 4336 2828 4390 ad
2858 4337 3055 4405 flagitia
3082 4335 3314 4390 concites
3341 4335 3433 4389 ho-

1848 4427 2042 4495 mines,
2062 4443 2130 4483 ne
2153 4427 2886 4497 resistantconcupiscentiae,
2903 4443 3062 4498 quam
3085 4427 3222 4481 sicut
3241 4427 3436 4482 bonum

1849 4523 2087 4578 naturale
2111 4521 2477 4577 commendas.
2505 4520 2644 4590 Quid
2669 4521 2810 4576 enim
2843 4529 2895 4576 te
2920 4521 3151 4592 adjuvat,
3185 4521 3326 4590 quod
3353 4536 3430 4574 re.

1847 4615 2181 4688 prehendere
2196 4615 2392 4671 videris
2408 4615 2524 4686 ejus
2547 4629 2848 4681 excessum,
2870 4614 3024 4683 cujus
3038 4611 3305 4683 approbas
3326 4629 3438 4666 mo-

1849 4711 1994 4765 tum?
2016 4711 2166 4766 Tunc
2191 4709 2331 4766 enim
2357 4709 2568 4764 excedit
2591 4709 2793 4764 licitum
2821 4707 3066 4773 limitem,
3089 4706 3304 4778 quando
3324 4707 3440 4778 ejus

1847 4806 2082 4860 motibus
2108 4805 2334 4860 ceditur.
2360 4803 2494 4858 Mala
2519 4813 2600 4858 est
2629 4813 2808 4857 tanmn
2834 4809 2890 4856 et
2914 4801 3128 4872 quando
3157 4815 3260 4856 non
3293 4802 3441 4856 cedi-

1848 4909 1968 4966 tur;
1999 4900 2122 4970 quia
2149 4899 2289 4954 malo
2327 4897 2594 4953 resistitur
2613 4939 2628 4960 ,
2659 4912 2726 4951 ne
2753 4896 2952 4952 bonum
2981 4893 3244 4950 castitatis
3271 4895 3442 4948 inter-

1847 5003 1969 5060 eat,
2001 4995 2045 5048 si
2072 4993 2195 5047 huic
2219 4991 2360 5048 malo
2387 5007 2492 5046 non
2536 4991 2836 5046 resistatur.
2881 4987 3052 5056 Quam
3081 4996 3137 5042 tu
3183 5003 3304 5042 cum
3347 4987 3444 5041 bo-

1847 5103 1970 5142 nam
1997 5084 2310 5140 naturaliter
2337 5083 2470 5140 dicis
2489 5124 2504 5150 ,
2535 5091 2709 5138 astute
2753 5081 2828 5136 illi
2857 5095 3071 5152 semper
3097 5079 3442 5136 consentien-

1848 5179 1972 5235 dum
1996 5193 2116 5234 esse
2141 5177 2404 5242 decernis;
2425 5192 2493 5232 ne
2519 5175 2702 5231 renisu
2729 5173 2972 5244 improbo
2998 5181 3326 5244 repugnetur
3352 5185 3446 5222 na-

1849 5272 2002 5328 turali
2025 5273 2185 5328 bono.
2214 5270 2286 5324 lta
2305 5271 2502 5341 quippe
2525 5277 2700 5340 potest
2725 5268 2973 5324 facillime
2995 5283 3123 5324 vera
3145 5281 3265 5322 esse
3285 5261 3442 5318 oliam

1847 5367 1936 5422 illa
1959 5375 2134 5422 vestra
2179 5365 2440 5420 sententia
2462 5405 2477 5430 ,
2509 5378 2613 5432 qua
2641 5361 2818 5418 dicitis
2859 5361 3128 5417 hominem
3174 5359 3290 5413 sine
3317 5369 3444 5426 pec-

1847 5469 1968 5515 cato
1995 5473 2114 5514 esse
2153 5457 2198 5513 si
2227 5457 2372 5513 velit.
2402 5455 2520 5512 Non
2549 5464 2634 5512 est
2657 5455 2798 5510 enim
2825 5453 3094 5525 quomodo
3122 5449 3278 5504 faciat
3302 5447 3442 5518 quod

1847 5567 1952 5606 non
1980 5552 2122 5616 licet,
2150 5549 2363 5620 quando
2389 5548 2514 5604 licet
2537 5547 2790 5618 quidquid
2819 5547 2965 5612 libet,
2994 5543 3114 5614 quia
3137 5541 3337 5597 bonum
3363 5547 3444 5594 est

1847 5645 1991 5717 quod
2019 5643 2333 5700 naturaliter
2377 5643 2524 5698 libet.
2569 5641 2626 5697 Si
2668 5655 2796 5710 ergo
2825 5639 3052 5702 adsunt,
3085 5633 3447 5704 voluptatibus

1761 5737 1764 5740 ’
1847 5741 2149 5813 perfruatur
2182 5755 2195 5793 :
2229 5737 2273 5792 si
2306 5745 2482 5792 autem
2525 5751 2632 5790 non
2660 5735 2886 5798 adsunt,
2915 5731 3046 5801 ipsis
3075 5744 3257 5784 earum
3298 5727 3448 5798 cogi—

1849 5837 2174 5902 tationibus,
2205 5834 2344 5889 sicut
2386 5831 2618 5904 Epicuro
2665 5826 2836 5882 visum
2886 5834 2968 5882 cst
2989 5865 3003 5894 ,
3033 5823 3364 5896 oblectetur,
3395 5830 3449 5880 et
