4022 6478
551 509 657 563 erit
679 507 795 561 sine
823 509 1060 574 peccato,
1079 511 1178 553 nec
1209 510 1268 552 se
1298 492 1403 548 ullo
1430 485 1694 545 fraudabit
1719 483 1858 540 bono
1884 499 1898 537 :
1921 494 2019 536 nec
2043 493 2141 574 lcu-

549 561 863 670 juscumque
889 585 1144 649 doctrina:
1188 584 1528 660 opinionibus
1555 577 1769 636 resistat
1813 561 2141 673 naturalibus

555 663 804 755 motibus,
834 683 948 754 Sed,
981 684 1115 740 sicut
1139 667 1571 758 ait'llortensius,
1609 692 1628 725 ι
1666 681 1792 746 tunc
1817 663 2144 758 obsequatqu

552 796 781 848 naturae,
810 796 932 838 cum
957 759 1073 834 sine
1098 755 1352 846 magistro
1379 763 1608 826 senserit
1632 761 1755 837 quid
1787 771 1976 842 natura
2002 751 2145 852 de‘si:

549 878 700 932 deret
724 895 742 927 ι
767 843 1038 945 fCiceronis
1067 843 1321 939 dialogus,
1341 863 1429 938 cui.
1447 877 1628 936 nomen
1662 851 2006 945 Hortensius).
2027 843 2142 945 Non

551 968 691 1023 cnim
719 937 896 1036 potest
916 979 1038 1034 quae
1055 960 1193 1017 bona
1211 937 1300 1013 est
1326 937 1631 1010 desiderare
1657 937 1797 1020 quod
1817 943 2012 1000 malum
2038 943 2141 1036 est,

550 1069 641 1113 aut
663 1033 964 1128 negandum
984 1063 1067 1108 est
1083 1041 1236 1107 bonae
1253 1037 1469 1118 aliquod
1494 1043 1713 1100 bonum.
1731 1036 1850 1093 Fiat
1871 1036 2046 1128 itaque
2065 1033 2146 1128 to:-

553 1160 661 1204 tum
689 1121 827 1220 quod
856 1145 1124 1203 desiderat
1149 1127 1314 1198 iibido
1340 1140 1500 1207 bona,
1528 1151 1598 1192 ne
1625 1134 1740 1206 ipse
1768 1129 1839 1186 sit
1862 1127 2034 1185 malus
2054 1121 2144 1197 qui

476 1285 483 1292 .
553 1244 752 1299 resistit
781 1231 943 1297 bono.

624 1335 712 1391 50.
743 1333 857 1390 Non
888 1333 989 1388 hoc
1027 1331 1168 1400 dico,
1195 1307 1425 1399 inquies,
1452 1315 1505 1378 et
1535 1320 1788 1391 iniustum
1815 1305 1898 1370 ρει
2001 1299 2146 1402 aliud

553 1446 640 1486 me
683 1423 972 1500 suspiceris
1001 1425 1200 1482 sentire
1229 1436 1388 1492 quam
1416 1419 1624 1497 loquor.
1669 1403 1789 1466 Noli
1815 1422 1942 1479 ergo
1970 1403 2147 1500 facere

553 1513 695 1594 quod
722 1481 827 1592 pa‘ti
854 1529 959 1575 non
986 1519 1087 1586 vis,
1115 1526 1169 1572 et
1195 1481 1372 1570 dicere
1405 1530 1425 1564 ‹
1463 1495 1604 1580 quod
1631 1503 1920 1560 invitemus
1945 1496 2011 1552 ad
2032 1481 2150 1594 dulf

553 1585 633 1675 cia
662 1585 820 1684 furta,
844 1613 1033 1685 quibus
1056 1606 1370 1680 ApOstolum
1399 1602 1687 1659 recitamus
1713 1585 2148 1685 dicentem,Scio

553 1699 671 1783 quia
698 1729 798 1765 non
825 1695 1013 1763 habitat
1039 1705 1090 1757 in
1113 1719 1189 1756 me
1210 1744 1224 1767 ,
1257 1695 1350 1753 hoc
1379 1706 1450 1751 est
1478 1696 1532 1748 in
1558 1707 1710 1776 carne
1733 1705 1844 1742 mea
1863 1728 1878 1754 ,
1909 1683 2096 1778 bonum
2123 1689 2144 1733 ι

560 1777 734 1877 illam.
767 1793 861 1866 vn,
897 1781 1008 1870 i8).
1043 1795 1152 1851 Etsi
1182 1793 1323 1850 enim
1353 1791 1460 1844 non
1487 1779 1611 1841 hic‘
1639 1777 1923 1854 perficiunt
1949 1777 2148 1877 bonpm

555 1865 697 1968 quod
726 1896 944 1960 volunt,
973 1901 1031 1946 ut
1055 1885 1160 1944 non
1185 1883 1598 1954 concupiscant;
1627 1877 1824 1932 faciunt
1852 1869 2031 1968 tamc'p
2055 1865 2152 1968 bo-

557 1955 684 2045 num
704 2031 718 2055 ,
751 1998 807 2044 ut
853 1994 972 2058 post
997 1977 1453 2052 concupiscentias
1498 1988 1622 2027 suas
1654 1985 1758 2024 non
1790 1959 1913 2022 eant
1960 1955 2146 2058 (Eccli.

556 2052 718 2148 xvm,
746 2052 867 2152 50):
887 2077 943 2132 Si
971 2076 1112 2132 enim
1140 2088 1233 2128 vos
1264 2068 1565 2126 castitatem
1594 2059 1747 2118 vobis
1773 2055 2026 2152 videmini
2049 2052 2151 2144 do.-

558 2193 704 2241 cere,
727 2141 846 2229 cum
868 2171 1064 2236 dicitis,
1088 2167 1206 2223 Noli
1233 2162 1372 2220 vinei
1401 2177 1433 2216 a
1457 2157 1620 2230 bono,
1643 2151 1737 2212 sed
1758 2153 1912 2207 vince
1935 2149 1990 2204 in
2013 2141 2152 2242 bono

559 2237 792 2330 bonum;
821 2272 1021 2335 quanto
1063 2258 1230 2329 magis
1259 2270 1376 2311 eam
1422 2267 1520 2306 nos
1549 2248 1805 2335 docemus
1825 2286 1838 2308 ,
1857 2259 1986 2332 lcum
2015 2237 2152 2326 dici-

559 2375 698 2425 mus,
723 2333 853 2411 Nofi
871 2355 1001 2411 vinci
1029 2369 1060 2406 a
1090 2349 1246 2420 malo,
1266 2345 1354 2402 sed
1381 2345 1518 2400 vince
1543 2333 1740 2396 inbono
1767 2333 2148 2406 malum(Rom.

562 2429 636 2506 ΧΠ
658 2421 836 2519 ,⁷2λ1)⁸2
868 2427 999 2500 Vide
1026 2460 1184 2514 quam
1209 2441 1278 2495 sit
1302 2437 1555 2509 iujustum
1576 2475 1590 2502 ,
1619 2441 1677 2487 ut
1705 2431 1804 2485 nos
1843 2421 1984 2500 quod
2013 2423 2152 2519 vitti-

559 2555 807 2611 peramus
837 2549 1143 2607 expugnare
1170 2548 1276 2586 non
1303 2528 1491 2585 credas
1511 2569 1524 2591 ,
1554 2524 1645 2596 qui
1672 2531 1722 2578 te
1749 2519 1892 2575 credi
1939 2519 2045 2573 non
2076 2513 2154 2570 vis

558 2646 624 2686 eo
646 2629 748 2685 frui
762 2628 899 2684 velle
919 2624 1061 2698 quod
1083 2622 1286 2678 laudas.
1307 2613 1586 2688 Quomodo
1608 2613 1742 2668 casti
1764 2627 1881 2666 esse
1902 2624 2008 2663 non
2033 2622 2155 2680 pos-

559 2730 685 2778 sunt
711 2720 908 2776 inimici
930 2697 1185 2781 libidinis,
1205 2713 1249 2768 si
1272 2709 1404 2768 casti
1425 2723 1546 2784 esse.
1565 2714 1789 2777 possunt
1812 2711 1866 2758 et
1885 2700 2001 2770 ejus
2021 2697 2155 2753 ami-

559 2814 646 2868 ci?
675 2791 825 2881 Quod
870 2817 998 2881 ergo
1039 2814 1296 2877 negantes
1334 2798 1591 2872 originale
1618 2796 1927 2868 peccatum,
1973 2799 2026 2846 et
2070 2787 2152 2860 iu-

561 2880 802 2961 videutes
843 2880 1077 2973 parvulis
1118 2897 1437 2953 salvatorem
1477 2891 1695 2956 Jesum,
1737 2886 1910 2958 legem
1956 2880 2154 2973 peccati

561 2971 943 3068 repugnantem
972 2975 1077 3064 iegi
1111 2989 1302 3046 mentis
1328 2983 1666 3042 introducere
1693 2978 1855 3036 vultis
1882 2984 1937 3033 et
1976 2971 2028 3030 in
2057 2991 2155 3045 pa-

563 3067 800 3150 radisum
830 3097 953 3144 ante
977 3093 1256 3157 peccatum
1277 3123 1292 3148 ,
1321 3081 1424 3136 hoc
1451 3081 1503 3134 in
1529 3067 1682 3133 vobis
1708 3075 1810 3130 isto
1837 3086 1999 3143 opere
2027 3071 2158 3124 con-

564 3182 817 3250 futamus.
865 3156 1062 3235 Eorum
1089 3192 1207 3248 qua:
1233 3191 1340 3230 non
1386 3171 1628 3227 videmus
1654 3167 1710 3224 in
1753 3165 1904 3222 vobis
1931 3178 2031 3220 nec
2056 3156 2157 3217 au-

564 3253 741 3330 dimus
785 3289 850 3329 ex
878 3272 1062 3338 vobis,
1092 3269 1341 3325 nolumus
1368 3280 1489 3322 esse
1529 3262 1735 3335 judices
1768 3256 1948 3346 :nihil
1976 3262 2157 3311 nostra

566 3346 820 3436 interest,
851 3364 978 3438 quid
1007 3364 1064 3420 in
1109 3361 1323 3419 occulto
1351 3369 1526 3432 'agant
1553 3354 1724 3428 aperti
1763 3345 1998 3408 libidinis
2040 3345 2156 3404 lau-

507 3460 511 3464 ’
565 3453 798 3515 datores.
1743 3518 1746 3520 _
2116 3517 2123 3526 γι
2135 3521 2149 3526 ν

635 3535 862 3606 CAPUT
893 3529 1003 3604 Vill
1031 3531 1128 3623 (a).
1146 3575 1218 3623 —_-
1247 3545 1341 3602 51.
1363 3543 1498 3599 Cum
1517 3555 1646 3596 vero
1667 3537 1785 3594 aliis
1807 3534 1987 3592 verbis
2023 3525 2159 3589 meis

566 3623 874 3712 propositis,
901 3621 1051 3694 illam
1063 3621 1460 3693 distinctionem
1477 3647 1673 3699 meam,
1692 3644 1851 3702 quam
1879 3627 1945 3682 de
1962 3626 2160 3696 nuptiis

567 3744 621 3789 et
653 3733 1086 3806 concupiscentia
1117 3732 1357 3803 priorum
1395 3727 1671 3783 hominum
1701 3723 1889 3796 posui,
1935 3721 2118 3776 dicens
2141 3761 2157 3786 ,

575 3844 594 3878 ι
632 3825 785 3894 Quod
812 3825 954 3880 enim
999 3822 1075 3878 illi
1117 3832 1298 3893 postea
1328 3819 1710 3892 propagatione
1753 3816 2026 3899 fecerunt,
2059 3809 2161 3867 hoc

568 3909 652 3974 est
686 3916 940 3974 connubii
966 3905 1200 3982 bonum;
1231 3913 1372 3984 quod
1401 3927 1527 3968 vero
1565 3909 1710 3982 prius
1737 3906 2048 3963 confusione
2079 3913 2160 3959 te-

570 4020 794 4077 xerunt,
825 4011 926 4066 hoc
952 4018 1036 4066 est
1060 4005 1504 4078 concupiscentia:
1531 4004 1728 4058 malum
1767 4021 1786 4053 ι
1824 3999 1924 4074 (De
1951 3997 2161 4068 Nuptiis

570 4115 616 4160 et
657 4102 1106 4175 Concupiscentia,
1137 4101 1224 4156 lib.
1253 4101 1279 4156 1
1306 4142 1320 4165 ,
1353 4117 1405 4154 η.
1437 4097 1491 4172 8)
1529 4116 1541 4150 :
1575 4097 1652 4152 sic
1678 4083 2024 4168 refellendam
2067 4107 2163 4161 pu-

570 4198 713 4262 tasti,
745 4206 802 4252 ut
824 4196 1054 4261 diceres,
1093 4212 1112 4246 ‹
1145 4192 1257 4249 fieri
1287 4208 1391 4248 non
1421 4204 1576 4261 posse
1601 4196 1660 4243 ut
1685 4184 1826 4258 quod
1853 4185 2050 4238 bonum
2081 4190 2164 4237 est

570 4306 677 4347 non
705 4291 900 4346 habeat
919 4302 1257 4344 communem
1279 4300 1399 4341 cum
1427 4298 1492 4338 eo
1519 4280 1752 4344 laudem,
1771 4279 1886 4359 sine
1912 4292 2019 4348 quo
2045 4291 2164 4331 esse

570 4399 677 4439 non
701 4390 906 4452 potest;
936 4400 953 4432 ι
981 4379 1052 4435 ita
1074 4380 1257 4434 volens
1279 4392 1441 4432 unam
1460 4359 1809 4443 eamdemque
1835 4369 2044 4424 laudem
2069 4383 2166 4421 nu-

573 4476 694 4546 ptiis
711 4484 766 4530 et
783 4472 988 4530 libidini
1010 4486 1130 4528 esse
1145 4469 1484 4526 communem
1506 4485 1518 4521 :
1536 4463 1805 4536 quomodo
1831 4471 2044 4517 corruat
2057 4462 2164 4544 ista

572 4580 660 4626 tua
689 4553 831 4626 velut
857 4567 1129 4624 definitiva
1160 4564 1425 4646 sententia
1447 4604 1460 4628 ,
1489 4551 1761 4632 paulisper
1787 4555 2020 4613 attende.
2051 4555 2170 4607 Pri-

573 4681 718 4720 mum
741 4706 757 4733 ,
785 4658 930 4735 quod
968 4659 1285 4716 universitas
1311 4674 1490 4716 rerum
1517 4671 1675 4727 quam
1721 4651 1956 4710 condidit
1986 4651 2123 4705 Deus
2147 4691 2164 4718 ,

574 4776 679 4814 non
710 4766 886 4828 potest
909 4771 1030 4826 esse
1051 4756 1166 4811 sine
1192 4754 1369 4818 malis,
1390 4767 1489 4807 nec
1513 4750 1633 4806 ideo
1650 4758 1829 4804 tamen
1856 4747 1993 4801 mala
2016 4759 2166 4800 com-

574 4865 790 4905 munem
818 4848 1029 4904 laudem
1058 4854 1281 4917 possunt
1321 4844 1522 4901 habere
1549 4858 1670 4898 cum
1710 4840 1885 4895 bonis.
1917 4836 2123 4894 Deinde
2147 4877 2163 4903 ,

574 4943 621 4997 si
657 4960 675 4993 ι
715 4940 829 4995 fieri
871 4955 974 4994 non
1005 4946 1183 5011 potest
1208 4946 1266 4994 ut
1306 4935 1450 5009 quod
1489 4936 1688 4990 bonum
1715 4940 1799 4988 est
1838 4947 1943 4986 non
1971 4928 2171 4984 habeat

575 5049 914 5090 communem
932 5047 1054 5090 cum
1073 5047 1137 5088 eo
1154 5031 1387 5097 laudem,
1406 5029 1521 5084 sine
1537 5042 1642 5099 quo
1658 5041 1778 5083 esse
1795 5040 1900 5078 non
1920 5029 2114 5094 potest;
2144 5039 2163 5072 ι

577 5126 817 5197 profecto
841 5135 895 5180 et
916 5123 1059 5198 quod
1085 5124 1284 5179 malum
1312 5131 1394 5178 est
1414 5163 1429 5186 ,
1461 5121 1575 5176 fieri
1602 5135 1706 5174 non
1735 5125 1908 5187 potest
1927 5116 1948 5146 ⁸
1979 5125 2036 5170 ιιι
2061 5128 2169 5168 non

579 5221 773 5276 habeat
795 5215 1136 5277 communem
1163 5234 1287 5274 cum
1314 5232 1379 5272 eo
1403 5214 1850 5283 vituperationem
1872 5251 1887 5277 ,
1917 5211 2034 5264 sine
2066 5224 2171 5278 quo

577 5328 699 5369 esse
727 5328 830 5368 non
859 5321 1056 5384 potest.
1088 5311 1464 5382 Vituperemus
1491 5306 1650 5377 igitur
1689 5319 1850 5374 opera
1879 5301 2006 5368 Dei,
2034 5289 2173 5355 sicut

579 5407 942 5476 vituperamus
959 5404 1098 5461 mala
1115 5417 1234 5475 quae
1259 5402 1374 5456 sine
1393 5400 1495 5455 illis
1521 5415 1642 5455 esse
1663 5413 1765 5452 non
1783 5404 2027 5467 possunt.
2045 5393 2172 5447 Nul-

578 5499 689 5555 lum
715 5499 857 5576 enim
878 5499 1078 5555 malum
1097 5506 1178 5552 est
1203 5495 1306 5550 nisi
1333 5495 1388 5550 in
1408 5492 1587 5564 aliquo
1617 5506 1780 5562 opere
1807 5488 1920 5554 Dei,
1941 5503 2039 5544 nec
2056 5488 2172 5542 sine

580 5592 673 5650 illo
697 5609 818 5650 esse
859 5593 1081 5649 omnino
1103 5588 1301 5647 alicubi
1329 5596 1522 5660 potest.
1555 5586 1804 5657 Vitupera
1831 5597 1959 5655 ergo
1977 5624 1993 5652 ,
2020 5591 2076 5638 ut
2120 5591 2173 5638 te

645 5724 1377 5800 ξὲίεῖἣίεεοβιέἀίέίνηοηθφοτ
1443 5789 1479 5800 -.
1561 5796 1570 5800 -
1669 5787 1680 5796 .
1773 5799 1778 5800 ,

645 5793 667 5824 ³
690 5792 809 5842 Editi
829 5825 844 5852 ,
870 5791 948 5844 sic
970 5789 1082 5864 ﬁeri
1113 5795 1395 5904 non
1431 5789 1598 5853 Abest,
1635 5789 1727 5852 sic,
1765 5799 1795 5840 a
1815 5789 2170 5846 manuscriptis.

645 5853 717 5904 (α)
749 5853 878 5904 Apud
904 5863 1002 5904 Λω.
1032 5860 1082 5904 et
1103 5858 1201 5904 ΕΓ..

644 5853 717 5915 (α)
749 5853 878 5917 Apud
904 5853 1002 5904 Ani.
1032 5855 1082 5904 et
1103 5858 1201 5916 ΕΓ..
1222 5853 1263 5904 α

1342 369 1621 431 conruit
1656 324 1998 426 iuriam!
2037 338 2501 423 mmemor,
2544 355 2606 414 s.
2644 348 3016 412 aucus'ruu

2248 475 2353 528 non
2382 471 2591 544 longius
2620 473 2844 537 mittam,
2863 469 3102 525 membra
3131 451 3382 533 iiu'm'aria,
3399 461 3538 522 sicut
3561 461 3845 539 vituperas

2248 565 2505 642 adulteria
2527 606 2541 631 ,
2572 561 2690 634 quae
2715 560 2833 618 sine
2874 557 2978 617 illis
3006 546 3260 615 membris
3287 553 3408 615 esse
3435 561 3552 616 non.
3588 555 3842 642 pessii'tit.

2249 638 2402 728 Quod
2428 657 2473 714 si
2500 673 2604 712 non
2632 657 2762 712 facis
2781 699 2796 725 ,
2836 672 2904 711 ne
2932 643 3024 710 iibi
3051 649 3265 725 qti'oque
3292 653 3392 724 ipsi
3420 641 3734 708 manifestus
3760 632 3848 709 iﬁ-

2250 751 2410 806 Sanus
2438 765 2696 821 appareas
2729 766 2743 803 :
2776 757 2953 819 potest
2979 747 3138 818 igitur
3167 743 3469 827 nuptiarum
3500 744 3699 800 bonum
3733 763 3846 801 non

2250 838 2449 899 habere
2473 842 2684 899 laudem
2701 857 3041 898 communem
3057 856 3178 896 cum
3207 837 3447 908 libidine,
3466 839 3579 894 sine
3597 856 3699 911 qua
3720 835 3847 896 esse

2250 937 2390 992 nunc
2419 943 2523 990 non
2541 941 2734 1006 potest;
2754 933 2891 989 sicut
2915 933 3187 1004 quodlibet
3205 931 3402 986 malum
3421 927 3598 1002 potest
3625 947 3730 986 non
3751 931 3848 987 ha-

2250 1020 2377 1083 bere
2401 1043 2740 1083 communem
2767 1025 3213 1097 vituperationem
3241 1041 3363 1080 cum
3390 1039 3555 1095 opere
3581 1021 3698 1090 Dei,
3726 1025 3849 1080 sine

2249 1114 2356 1190 q'uo
2377 1131 2495 1175 esse
2513 1117 2782 1190 nunquam
2800 1124 2995 1190 potest.
3011 1115 3160 1174 Sicut
3180 1125 3356 1172 autem
3375 1115 3472 1171 ista
3492 1115 3735 1171 definitio
3759 1125 3847 1171 tua

2250 1207 2382 1265 falsa
2407 1219 2461 1265 et
2477 1210 2649 1265 inanis
2673 1217 2778 1278 est,
2798 1209 2868 1265 ita
2889 1207 3066 1264 omnia
3090 1223 3209 1280 qua:
3224 1223 3291 1264 ex
3315 1198 3407 1263 illa
3435 1215 3687 1277 tanquam
3717 1206 3849 1262 eon-

2249 1303 2524 1373 sequentia
2556 1303 2810 1358 nexuisti.

2323 1391 2412 1452 52'.
2446 1415 2466 1449 ι
2505 1394 2758 1452 invictam
2789 1415 2810 1449 ι
2844 1405 2972 1450 sane
3021 1407 3290 1463 nunquam
3317 1408 3416 1464 ego
3454 1385 3474 1444 ὰ
3513 1389 3846 1462 voluptatem

2251 1489 2450 1558 carnis,
2484 1505 2503 1541 ›
2536 1489 2673 1544 sicut
2704 1507 2723 1541 ι
2770 1488 2946 1544 solere
2977 1503 3063 1543 me
3100 1507 3119 1541 ι
3151 1485 3462 1553 insimulas,
3502 1485 3634 1541 dixi.
3673 1474 3849 1540 Ambo

2251 1577 2370 1638 eam
2414 1585 2468 1637 et
2508 1571 2707 1636 debere
2753 1589 2806 1635 et
2849 1579 3005 1651 posse
3044 1578 3270 1635 dicimus
3295 1577 3435 1635 vinei
3467 1595 3483 1633 :
3511 1577 3603 1634 sed
3635 1586 3690 1634 tu
3729 1583 3849 1632 tan-

2253 1673 2409 1746 quam
2455 1675 2657 1730 bonum
2707 1683 3037 1744 repugnante
3078 1672 3184 1726 alio
3235 1672 3409 1735 bono,
3458 1686 3558 1742 ego
3598 1675 3847 1740 tanquam

2254 1750 2451 1822 malum
2491 1775 2820 1837 repugnante
2863 1765 3037 1830 bono;
3069 1773 3123 1820 et
3150 1769 3206 1818 tu
3236 1763 3435 1818 viribus
3458 1759 3684 1832 propriis
3706 1803 3719 1826 ,
3749 1767 3850 1842 ego

2253 1855 2420 1931 gratia
2450 1857 2759 1923 Salvatoris,
2797 1865 2852 1913 ut
2880 1874 2988 1911 non
3019 1855 3120 1911 alia
3147 1853 3373 1926 reproba
3399 1853 3688 1924 cupiditate
3714 1896 3728 1918 ,
3754 1851 3849 1908 sed

2257 1949 2352 2006 Dei
2376 1951 2634 2007 charitate
2663 1951 2922 2017 vincatur,
2955 1967 3073 2021 quae
3095 1955 3199 2004 non
3218 1949 3416 2003 viribus
3434 1943 3630 2003 nostris
3657 1945 3851 2001 diffun-

2256 2041 2396 2097 ditur
2425 2043 2478 2098 in
2505 2041 2754 2098 cordibus
2783 2041 3010 2110 nostris,
3037 2036 3132 2097 sed
3178 2049 3273 2112 per
3309 2039 3563 2110 Spiritum
3596 2037 3850 2095 sanctum

2255 2133 2344 2204 Qui
2373 2133 2526 2188 datus
2550 2142 2633 2189 est
2659 2133 2814 2188 nobis
2841 2122 3020 2203 (Rom.
3053 2147 3109 2198 ν,
3139 2131 3216 2203 5).
3358 2205 3363 2214 .
3579 2199 3584 2214 Ι

2327 2223 2464 2283 53.1
2505 2225 2580 2281 De
2626 2225 2940 2280 confusione
2979 2244 2997 2276 ι
3041 2225 3216 2278 autem
3252 2242 3271 2276 ι
3314 2205 3526 2278 ilior'um
3575 2205 3850 2276 hominum

2258 2307 2626 2388 pudendisque
2653 2317 2920 2387 coopertis
2939 2314 3136 2371 frustra
3168 2325 3217 2370 te
3246 2334 3265 2368 ι
3291 2319 3682 2370 commemoras
3709 2317 3727 2365 ἀ
3752 2306 3853 2367 aii-

2257 2406 2384 2480 quid
2420 2407 2676 2478 Apostolo
2704 2415 2988 2466 attestante
3016 2415 3362 2461 monstrasse.
3395 2409 3414 2458 ὸ
3447 2398 3524 2459 Tu
3552 2405 3690 2460 enim
3722 2423 3740 2456 ε
3761 2413 3852 2460 vc-

2257 2497 2576 2554 rect‘mdiora
2613 2517 2633 2552 ι
2667 2495 2801 2555 dicis
2825 2541 2840 2565 ,
2874 2507 2994 2570 quae
3038 2499 3127 2554 ille
3179 2489 3308 2553 dicit
3359 2497 3623 2551 inhonesta
3659 2513 3677 2550 :
3707 2495 3853 2550 unde

2252 2590 2364 2661 jam
2403 2593 2658 2662 quantum
2701 2591 2831 2647 Satis
2861 2591 3029 2647 visum
3072 2598 3186 2656 est,
3216 2585 3598 2660 disputavimus
3635 2581 3732 2661 (τι).
3775 2587 3854 2643 Tu

2260 2681 2439 2752 itaque
2463 2681 2660 2738 frustra
2707 2670 2907 2754 refugis
2953 2697 3136 2738 rursus
3165 2677 3231 2737 ad
3260 2681 3510 2747 Balbum,
3542 2691 3700 2752 atque
3733 2681 3854 2752 phi-

2258 2771 2605 2844 losophorum
2655 2773 2863 2830 litteras
2891 2773 2965 2846 (ὁ)
2997 2791 3010 2828 :
3041 2775 3189 2845 quasi
3248 2762 3440 2828 Balbus
3484 2784 3534 2828 te
3575 2773 3733 2828 faciat
3775 2772 3858 2826 loc

2259 2859 2510 2938 quentem
2534 2910 2548 2936 ,
2576 2867 2790 2938 quando
2815 2867 2881 2924 de
2909 2869 2996 2923 illa
3027 2853 3341 2924 confusione
3370 2869 3660 2939 primorum
3688 2867 3858 2923 homi-

2259 2945 2387 3011 riilm
2443 2960 2548 3012 non
2599 2959 2749 3030 potes
2803 2959 3048 3014 invenire
3105 2959 3232 3030 quid
3283 2945 3447 3015 dicas.
3480 2959 3536 3014 Si
3578 2963 3756 3014 autem
3805 2957 3856 3012 in

2259 3041 2578 3126 qdib‘usdam
2632 3049 2771 3106 veris
2837 3047 3116 3106 sententiis
3169 3052 3357 3106 saltem
3408 3049 3854 3126 philosOphorum

2261 3123 2452 3196 litteris
2481 3135 2700 3197 cedet-es
2718 3184 2731 3208 ,
2766 3157 2872 3197 non
2894 3141 3055 3197 surdo
3082 3141 3243 3198 corde
3272 3142 3400 3198 illud
3441 3141 3655 3198 audires
3675 3184 3689 3209 ,
3714 3123 3858 3214 quod

2262 3231 2563 3302 voluptates
2607 3232 2882 3289 illecebras
2931 3221 3091 3305 atque
3117 3246 3268 3290 escas
3294 3233 3587 3304 maloi'um,
3620 3233 3672 3291 et
3703 3235 3860 3290 vilio-

2262 3319 2375 3378 saih
2417 3317 2619 3394 partem
2663 3323 2829 3378 animi
2858 3325 3108 3380 dixerunt
3146 3341 3267 3381 esse
3293 3321 3563 3382 libidinem
3592 3326 3688 3398 (c).
3722 3321 3856 3381 Nam

2263 3413 2480 3486 quodin
2507 3426 2691 3471 nostro
2718 3429 2945 3488 corpore
2970 3407 3085 3473 ioca
3103 3417 3413 3490 digestionis
3441 3403 3634 3475 Balbus
3656 3429 3861 3476 remota

2259 3509 2398 3565 dixit
2447 3519 2478 3564 a
2521 3510 2803 3578 sensibus,
2832 3510 2952 3568 ideo
2994 3521 3178 3567 verum
3225 3521 3344 3582 est,
3377 3516 3630 3585 quoniam
3669 3531 3860 3570 sensus

2264 3609 2478 3656 uestros
2503 3618 2565 3657 ea
2611 3619 2731 3674 qua:
2773 3603 3062 3674 digerimus
3104 3621 3212 3659 non
3255 3605 3536 3676 alliciunt,
3568 3607 3862 3664 scd'offeu-

2265 3692 2397 3746 dunt
2429 3707 2442 3747 :
2471 3683 2753 3764 propterea
2783 3708 2904 3764 pars
2931 3695 3034 3766 qna
3063 3681 3372 3768 egeruntur,
3398 3700 3715 3756 naturaliter
3742 3696 3860 3756 aliis

2267 3779 2502 3856 partibus
2529 3783 2845 3843 altrinsecus
2895 3787 3317 3860 prominentibus
3361 3787 3656 3847 occultatur
3680 3836 3695 3862 ,
3727 3793 3865 3848 sicut

2266 3867 2577 3934 etiamtunc
2619 3888 2773 3934 erant
2815 3880 3025 3950 quando
3072 3881 3198 3936 nudi
3235 3898 3339 3937 non
3374 3881 3860 3951 confundebantur,

2266 3971 2358 4042 qui
2390 3980 2509 4042 post
2558 3975 2832 4043 peccatum
2881 3961 3132 4030 continuo
3163 3991 3269 4031 non
3304 3973 3508 4032 occulta
3532 4019 3549 4044 ,
3580 3978 3675 4032 sed
3709 3969 3864 4049 plane

2268 4064 2322 4118 iii
2355 4069 2605 4134 promptu
2641 4063 2810 4136 poSita
2843 4059 3080 4122 membra
3106 4071 3370 4125 texerant.
3416 4067 3620 4139 Quibus
3665 4071 3866 4141 quanto

2269 4151 2437 4227 magis
2486 4174 2590 4212 non
2639 4155 2861 4215 horrore
2909 4157 3311 4229 offendebatur,
3360 4157 3453 4217 sed
3506 4161 3867 4219 delectatione

2269 4239 2599 4307 alliciebatur
2624 4262 2870 4322 aspectus
2896 4294 2912 4321 ,
2945 4243 2998 4308 et
3046 4254 3292 4309 movebat
3320 4257 3621 4326 susceptam
3671 4249 3815 4311 tuam
3849 4277 3864 4324 ;

2269 4343 2418 4426 tanto
2443 4344 2610 4414 magis
2634 4359 2695 4399 ea
2726 4352 2903 4415 tegere
2925 4345 2989 4426 ad
3019 4341 3236 4415 pudoris
3260 4345 3493 4402 officimn
3542 4341 3863 4418 pertinebat.

2340 4424 2430 4505 δι.
2461 4433 2612 4504 Quod
2642 4444 2816 4491 autem
2841 4457 2858 4488 ‹
2889 4424 2954 4492 de
2985 4437 3372 4495 claudicatione
3402 4449 3457 4495 et
3477 4429 3862 4511 pervcntionei

2271 4511 2381 4583 dixi
2414 4527 2526 4597 (De
2578 4527 2785 4600 Nuptiis
2806 4519 2851 4582 et
2891 4521 3344 4601 Concupiscenlia,
3379 4530 3466 4585 lib.
3497 4527 3558 4602 i,
3589 4535 3642 4586 ἡ.
3677 4531 3749 4605 8)
3777 4576 3790 4599 ,
3825 4533 3870 4588 si

2275 4619 2461 4674 fraude
2507 4631 2613 4674 non
2669 4621 2817 4690 agis,
2849 4633 2954 4674 non
2997 4619 3322 4692 intellexisti.
3356 4620 3470 4677 Non
3515 4624 3712 4696 enim}
3746 4640 3871 4695 per-

2273 4712 2764 4781 veutioncmaccipl
2795 4713 2935 4767 volui
2968 4705 3238 4768 hominem
3270 4711 3360 4784 qui
3387 4716 3627 4770 nascitur
3651 4705 3717 4770 de
3747 4733 3874 4771 cou-

2275 4803 2452 4858 cubitu
2502 4803 2763 4875 conjugali
2794 4847 2808 4872 ,
2849 4823 2866 4856 ι
2901 4804 3040 4875 quod
3090 4813 3175 4861 me
3204 4793 3438 4862 sensisse
3481 4805 3762 4886 arbitraris
3786 4813 3878 4863 aut

2277 4895 2432 4967 fingis
2463 4915 2474 4949 :
2508 4887 2601 4951 sed
2627 4897 3031 4967 perventionem
3053 4897 3162 4952 dixi
3191 4893 3334 4969 q'tiod
3363 4893 3562 4954 bunum
3593 4887 3798 4954 habent
3821 4899 3875 4953 in

2277 4987 2382 5043 fine
2409 4985 2568 5043 ofﬁcii
2599 4990 2679 5043 sui
2709 4979 2905 5058 nuptiie
2928 5031 2942 5055 ,
2976 4985 3186 5044 etiamsi
3233 4988 3410 5045 nullus
3443 4990 3567 5045 inde
3596 4997 3873 5046 irascatur.

2279 5082 2557 5137 Semiuare
2586 5080 2779 5154 quippe
2803 5083 2870 5138 ad
2898 5083 3069 5137 virum
3113 5085 3380 5153 pertinet,
3413 5079 3663 5154 eicipeié
3699 5086 3771 5138 ad
3805 5069 3882 5139 fe-

2278 5177 2498 5231 minam.
2525 5175 2639 5230 lluc
2674 5191 2845 5246 usque
2888 5177 3141 5247 eonjuges
3188 5191 3352 5248 opere
3391 5194 3488 5232 suo
3520 5181 3764 5250 possunt.
3802 5177 3883 5232 Ad

2282 5269 2386 5326 hoc
2411 5269 2520 5325 dixi
2547 5285 2677 5325 sane
2718 5268 2832 5324 sine
2861 5265 3244 5326 claudicntioue
3284 5288 3388 5326 non
3421 5269 3596 5342 posse,
3626 5270 3730 5326 hoc
3756 5283 3841 5327 est
3866 5313 3880 5338 ,

2281 5363 2397 5417 sine
2435 5351 2654 5416 libidine
2679 5403 2695 5430 ,
2725 5358 3012 5432 perveniri.
3057 5361 3127 5418 Ut
3152 5367 3331 5418 autem
3380 5359 3709 5434 concipiatur
3747 5355 3887 5419 fetus

2281 5450 2439 5527 atque
2469 5466 2744 5524 nascatur,
2779 5447 2944 5510 divini
2992 5467 3073 5511 est
3100 5456 3301 5527 operis,
3334 5475 3439 5512 non
3485 5439 3699 5512 humani
3738 5475 3752 5510 :
3780 5473 3887 5530 qua

2283 5559 2463 5604 tamen
2521 5548 2816 5603 intentione
2864 5563 2926 5603 ae
2956 5535 3258 5617 voiuntate,
3289 5549 3449 5606 etiam
3502 5547 3631 5604 illud
3673 5547 3884 5604 bonum

2367 5708 2416 5768 (ι)
2441 5713 2607 5769 supra,
2626 5703 2710 5769 lib.
2732 5703 2780 5768 4,
2800 5717 2884 5755 nn.
2903 5703 3069 5756 80-83.

2368 5772 2418 5832 b)
2451 5768 2568 5832 ibid.
2589 5783 2637 5817 n.

2349 5827 2418 5897 fc)
2451 5831 2553 5882 Ibid
2591 5844 2638 5880 ιι.
2659 5827 2738 5880 72.
