4022 6464
203 483 342 556 Quod
363 487 433 538 ad
463 493 650 540 earum
678 493 814 554 opus
835 481 1105 554 pertinet,
1135 487 1396 552 peragunt
1436 478 1653 550 nuptiae.
1681 475 1788 534 Sed

205 577 322 648 quia
351 577 468 646 ipse
495 574 636 630 fetus
667 574 993 630 damnationi
1025 573 1278 638 nascitur,
1313 573 1356 627 si
1387 577 1496 626 non
1539 581 1788 625 renasca-

207 667 322 730 tur;
353 681 422 720 eo
463 663 630 737 usque
657 665 982 736 pertendunt
1001 703 1016 732 ,
1047 677 1154 720 non
1183 663 1364 734 operis
1391 662 1472 717 sui
1501 659 1640 717 velut
1669 673 1790 714 am-

205 757 530 821 bulationis,
569 756 664 812 sed
693 757 982 812 voluntatis
1019 757 1126 810 line
1171 755 1458 810 christlana
1503 753 1788 822 conjugis,

205 855 262 902 t
287 847 686 917 regeneraudos
713 851 970 918 generant
993 861 1012 902 :
1039 855 1260 918 propter
1279 844 1418 914 quod
1449 845 1502 898 in
1532 843 1612 900 eis
1641 855 1786 906 vera,

205 939 303 994 hoc
323 949 402 994 est
427 983 443 1006 ,
471 941 579 995 Deo
603 941 816 1010 placens
841 947 922 995 est
953 939 1222 1010 pudicitia.
1247 939 1376 994 Sine
1403 937 1504 992 lide
1533 937 1676 992 enim
1697 937 1792 990 im-

211 1033 464 1102 possibile
487 1041 570 1088 est
597 1033 705 1087 Deo
733 1031 942 1102 placere
971 1027 1154 1102 (Hebr.
1189 1047 1276 1099 rt,-
1307 1031 1338 1085 6
1359 1031 1398 1100 ).

271 1125 498 1181 CAPUT
515 1125 586 1180 IX
607 1125 777 1196 (tt).--
791 1125 880 1180 55.
905 1124 1066 1179 Venis
1089 1123 1280 1178 deinde
1299 1123 1364 1176 ad
1391 1121 1540 1188 illud,
1558 1119 1650 1176 ubi
1675 1115 1794 1190 cgi-

205 1231 318 1272 mus
345 1231 414 1270 ex
443 1215 684 1285 Apostoli
709 1213 1036 1281 testimonio,
1053 1223 1108 1267 ut
1131 1215 1260 1270 sciat
1285 1213 1624 1284 nostr-isque
1641 1225 1792 1264 suum

205 1325 306 1370 ras,
339 1306 392 1362 id
419 1316 504 1362 est
525 1323 674 1362 suam
689 1305 986 1376 coniugem,
1013 1303 1286 1375 possidere,
1315 1319 1416 1358 non
1441 1306 1494 1358 in
1515 1309 1686 1358 morbo
1701 1303 1794 1356 de-

204 1397 398 1462 siderii,
419 1399 548 1450 sicut
565 1395 1114 1468 Gentesquatigttorurit
1127 1395 1282 1450 Deum
1299 1395 1344 1469 (l
1362 1391 1404 1450 Τ
1405 1393 1534 1450 laesi.
1553 1409 1623 1458 Iv,
1643 1394 1698 1458 4,
1711 1389 1788 1464 5)ὲ

205 1488 344 1558 quod
389 1503 666 1558 exponens
689 1487 798 1543 diti
823 1529 837 1553 ,
875 1505 894 1538 α
929 1487 1046 1542 Non
1069 1487 1400 1557 coniugalem
1426 1525 1439 1551 ,
1473 1486 1578 1540 hoc
1616 1493 1700 1539 est
1725 1483 1791 1538 li-

205 1581 370 1636 citum
415 1580 804 1650 honestumque
847 1580 1184 1636 concubitum
1205 1617 1218 1642 ,
1247 1579 1410 1634 fuisse
1429 1573 1792 1648 prohibitum;

207 1673 300 1728 sed
348 1679 408 1727 ut
446 1674 624 1742 operis
665 1673 822 1742 hujus
849 1673 1008 1727 causa
1053 1672 1124 1726 sit
1167 1669 1410 1726 voluntas
1449 1665 1790 1740 propaginis,

209 1779 312 1818 non
341 1765 524 1818 carnis
549 1764 826 1834 voluptas;
855 1772 912 1818 et
950 1761 1092 1832 quod
1135 1759 1250 1816 sine
1281 1759 1498 1816 libidine
1545 1761 1655 1814 lteri
1685 1771 1794 1812 non

207 1863 414 1925 ptitest,
441 1855 520 1910 sic
545 1861 720 1908 tamen
751 1855 840 1908 liat
859 1893 872 1916 ,
901 1865 958 1908 nt
983 1869 1088 1908 non
1117 1863 1335 1924 propter
1355 1849 1622 1906 libidinem
1655 1851 1786 1904 flata

209 1945 308 2016 (De
333 1945 548 2016 Niptiis
591 1955 636 1999 et
675 1944 1122 2013 Coucupurentio,
1155 1943 1244 1998 tib.
1276 1944 1297 1998 l
1325 1971 1340 2009 ι
1365 1959 1454 1997 nn.
1487 1943 1542 2007 9,
1571 1941 1683 2012 id).
1713 1941 1788 1996 liti

212 2045 264 2092 tu
287 2037 562 2093 exclamas
589 2055 604 2093 :
629 2053 648 2088 t
675 2035 722 2092 0
739 2035 950 2091 altitudo
965 2037 1254 2092 diuitiarum
1282 2035 1543 2106 rupimus
1558 2044 1604 2088 et
1631 2035 1794 2089 scien-

209 2130 288 2186 tia
341 2127 438 2184 Dei
465 2129 486 2204 (
527 2127 676 2184 Rom.
727 2143 812 2196 si,
843 2127 988 2200 l5)!
1055 2129 1144 2200 qui
1193 2127 1340 2184 extra
1399 2125 1626 2182 futuram
1665 2139 1796 2198 ope-

209 2238 326 2278 rum
379 2221 784 2278 retributionem
845 2237 914 2277 ex
959 2219 1126 2276 multa
1175 2229 1326 2292 parte
1376 2219 1600 2276 liberum
1649 2219 1794 2274 arbi-

209 2313 372 2368 trium
427 2313 656 2370 lormam
713 2313 880 2370 voluit
925 2313 1152 2384 implere
1217 2309 1436 2384 judiciil
1491 2311 1796 2368 iustissime

209 2407 350 2461 enim
373 2405 476 2460 sibi
505 2405 672 2462 bonus
698 2405 880 2470 homo,
915 2403 936 2456 ὃ
971 2406 1168 2476 inquis,
1201 2421 1220 2456 ι
1247 2405 1524 2474 malusque
1549 2401 1796 2456 commit-

211 2499 372 2564 titur,
401 2508 458 2552 ιιι
485 2505 540 2553 ει
585 2499 754 2554 bonus
775 2513 834 2554 se
861 2497 1085 2566 fruatur,
1127 2505 1182 2552 et
1209 2497 1378 2552 malus
1407 2503 1466 2552 se
1491 2497 1604 2566 ipse
1625 2495 1794 2564 patia-

211 2597 314 2646 tur.
355 2607 376 2642 ι
409 2589 540 2658 Quae
571 2603 788 2660 prorsus
809 2585 1127 2644 exelalnatio
1149 2591 1238 2644 tua
1263 2588 1281 2620 ί
1309 2585 1376 2642 ad
1405 2601 1516 2642 rem
1545 2601 1650 2640 non
1684 2599 1798 2656 per-

210 2681 376 2748 tinet,
399 2683 504 2752 que
531 2691 582 2738 te
613 2681 786 2739 sentis
809 2682 984 2754 urgeri
1017 2699 1032 2736 :
1060 2695 1160 2738 nec
1194 2687 1288 2737 tuo
1331 2681 1564 2737 clamore
1591 2679 1796 2750 pondus

209 2789 316 2846 quo
345 2775 610 2844 premeris
629 2775 894 2840 sublevati,
921 2769 1139 2844 impium
1163 2773 1356 2844 dogma
1382 2767 1619 2828 vestrum
1645 2785 1795 2826 mor-

211 2867 362 2924 dicus
388 2875 596 2934 tenens,
623 2883 728 2938 quo
747 2865 896 2922 vobis
919 2867 1092 2936 placet
1108 2867 1268 2921 etiam
1297 2867 1493 2920 bonum
1523 2863 1794 2920 hominem

211 2958 392 3014 divino
415 2957 618 3030 judicio
647 2959 746 3014 sibi
785 2973 1050 3029 quemque
1090 2957 1384 3023 committi,
1414 2971 1482 3011 ne
1507 2953 1714 3010 scilicet
1747 2953 1798 3010 ei

211 3053 278 3106 it
325 3039 632 3107 necessaria
685 3051 780 3106 Del
835 3051 1038 3120 gratia,
1069 3049 1214 3104 velut
1259 3049 1450 3104 idoneo
1473 3045 1564 3118 qui
1601 3055 1798 3102 semet-

211 3143 386 3215 ipsum
411 3149 554 3214 agat.
573 3143 680 3200 Sed
709 3143 918 3198 absitut
947 3143 1016 3197 ita
1043 3142 1129 3196 sit.
1161 3139 1384 3196 Prorsus
1413 3139 1503 3210 qui
1533 3139 1631 3194 sibi
1653 3149 1802 3194 com-

212 3235 526 3301 mittuntur,
553 3243 610 3288 et
653 3247 684 3288 a
709 3233 1012 3302 semetipsis
1053 3239 1304 3302 aguntur,
1331 3245 1438 3285 non
1480 3237 1604 3284 sunt
1632 3229 1756 3284 boni
1777 3269 1792 3294 ,

213 3326 336 3396 quia
389 3340 496 3380 non
539 3333 662 3379 sunt
711 3323 804 3380 lilii
849 3324 966 3379 Dei.
1019 3323 1270 3394 Quotquot
1315 3323 1448 3376 enim
1485 3321 1666 3392 spiritu
1700 3319 1800 3374 Dei

215 3427 460 3489 aguntur,
481 3417 536 3470 lii
561 3417 656 3485 ﬁlii
691 3423 811 3470 sunt
853 3414 950 3468 Dei
978 3414 1154 3486 (Rom.
1183 3429 1278 3470 vni
1301 3455 1318 3481 ,
1352 3415 1462 3484 14).
1496 3413 1630 3468 Ριιιο
1656 3411 1798 3483 quod

213 3509 472 3578 agnoscas
503 3505 554 3561 in
586 3505 686 3562 hae
729 3504 994 3560 sententia
1035 3505 1226 3576 dogma
1266 3503 1648 3574 apostolicum,
1692 3517 1800 3574 quo

215 3599 342 3654 illud
373 3599 700 3654 subvertitur
733 3607 994 3652 vestrum.

283 3690 378 3746 36.
413 3689 788 3744 Verumtamen
833 3687 966 3742 dicis
995 3686 1194 3756 aliquid
1221 3693 1406 3742 contra
1435 3695 1516 3752 te,
1546 3686 1686 3757 quod
1718 3693 1800 3742 ta-

216 3783 352 3838 citus
373 3781 646 3852 prteterire
671 3796 776 3836 non
805 3780 992 3836 debeo.
1023 3777 1376 3834 Meministine
1417 3779 1668 3850 quamdiu
1687 3779 1802 3834 dis-

217 3865 486 3946 putaveris
521 3883 704 3928 contra
749 3857 1126 3929 lucidissimam
1173 3889 1292 3942 qum
1335 3887 1432 3942 per
1489 3872 1802 3942 Apostolum

219 3965 534 4036 deprompta
581 3973 664 4021 est
703 3966 1012 4029 veritatem,
1037 3963 1344 4028 affirmans,
1379 3981 1398 4016 t
1433 3961 1592 4020 Nullo
1643 3963 1804 4018 modo

219 4073 336 4114 esse
364 4071 526 4127 posse
549 4055 746 4126 aliquid
773 4053 912 4126 quod
938 4063 992 4109 et
1019 4063 1296 4124 peccatum
1325 4053 1396 4108 sit
1419 4061 1474 4108 et
1499 4067 1656 4122 poma
1680 4068 1804 4122 pec-

217 4149 364 4203 cati?
395 4167 414 4199 ι
441 4145 576 4215 Quid
607 4157 832 4216 estergo
859 4161 1018 4212 nunc,
1041 4143 1180 4214 quod
1207 4143 1404 4198 oblitus
1432 4153 1590 4198 tanta:
1616 4144 1804 4214 loquao

217 4243 396 4298 citatis
453 4251 556 4298 tua:
603 4239 722 4294 ideo
771 4239 952 4294 laudas
991 4236 1322 4293 altitudinem
1361 4235 1664 4290 divitiarum
1713 4249 1802 4290 sa-

217 4333 436 4402 pientia:
463 4341 518 4388 et
538 4329 772 4386 scientiae
797 4329 922 4396 Dei,
950 4329 1072 4400 quia
1105 4347 1124 4380 ι
1158 4337 1310 4382 extra
1333 4327 1558 4381 futuram
1581 4341 1802 4396 operum

220 4423 626 4480 retributionem
655 4435 724 4476 es
749 4421 912 4476 multa
946 4427 1096 4491 parte
1123 4419 1348 4474 liberum
1385 4417 1658 4472 arbitrium
1691 4416 1802 4472 for-

219 4527 382 4572 mam'
405 4517 574 4572 voluit
607 4515 826 4584 implere
846 4511 1071 4583 iudicii?
1095 4511 1394 4566 Justissimc
1423 4509 1566 4564 enim
1612 4509 1748 4576 sibi,
1776 4525 1798 4562 ι

217 4613 354 4667 sicut
391 4607 616 4676 deliuis,
649 4627 670 4660 ι
703 4609 874 4664 bonus
899 4607 1060 4662 homo
1094 4605 1373 4676 malusque
1415 4603 1800 4668 committitur,

219 4716 274 4758 ut
301 4713 356 4759 et
395 4703 569 4758 bonus
603 4713 662 4756 se
689 4701 924 4766 iruatur,
961 4718 980 4752 ι
1017 4699 1196 4768 utique
1225 4697 1276 4752 in
1303 4712 1466 4766 opere
1489 4695 1666 4762 bono;
1697 4713 1716 4748 ι
1750 4705 1806 4752 ει

220 4797 394 4852 malus
419 4809 480 4850 se
507 4795 622 4864 ipse
643 4793 889 4864 patiatur,
925 4809 946 4846 ι
979 4793 1158 4862 utique
1197 4791 1250 4846 in
1283 4805 1445 4860 opere
1465 4791 1625 4846 malo.
1649 4787 1802 4858 Quod

219 4888 464 4957 profecto
495 4885 568 4940 illi
613 4893 668 4942 et
696 4893 970 4956 peccatum
1007 4891 1124 4950 est,
1151 4881 1270 4952 quia
1319 4881 1528 4936 malum
1565 4880 1724 4946 facit;
1751 4889 1806 4936 et

218 4995 376 5050 poena
425 4976 670 5047 peccati,
700 4976 822 5046 quia
851 4973 1046 5030 malum
1086 4987 1145 5028 se
1189 4971 1426 5043 patitur:
1460 4979 1516 5026 ut
1543 4986 1608 5026 ει
1641 4971 1802 5026 multa

217 5083 372 5141 parte
415 5069 640 5124 formam
667 5067 880 5138 iudicii,
907 5081 1012 5137 quo
1041 5063 1178 5120 bona
1205 5063 1360 5118 bonis
1391 5071 1444 5118 et
1475 5062 1614 5116 mala
1651 5061 1804 5116 malis

217 5165 624 5224 retribuuntur,
652 5159 762 5230 jam
805 5159 1022 5228 impleat
1064 5155 1286 5212 liberum
1337 5153 1616 5208 arbitrium
1641 5193 1656 5219 ,
1697 5166 1803 5222 quo

217 5264 366 5310 recte
395 5251 604 5323 agendo
623 5265 684 5306 se
711 5249 902 5306 fruitur
927 5248 1118 5314 bonus,
1149 5255 1203 5302 et
1229 5243 1496 5316 peccando
1519 5257 1578 5298 se
1609 5231 1828 5312 patitur.

217 5345 420 5399 malus.
445 5341 628 5398 Cernis
655 5354 878 5410 nempe,
909 5353 1032 5394 cum
1068 5352 1216 5392 arma
1245 5347 1330 5390 tua
1353 5349 1484 5388 vana
1507 5333 1718 5403 quidem
1749 5341 1806 5387 et

219 5437 412 5492 obtusa
443 5433 706 5504 iactanter
731 5431 974 5495 ventilas,
997 5427 1264 5500 quomodo
1287 5441 1390 5496 qua
1423 5423 1678 5490 ferireris,
1707 5439 1804 5476 nu-

218 5528 474 5593 daveris;
507 5525 616 5580 imo
659 5533 710 5580 te
735 5523 852 5594 ipse
889 5523 1235 5592 percusseris.
1277 5520 1348 5576 Et
1387 5522 1604 5602 insuper
1633 5516 1806 5588 iactas

287 5697 304 5729 ί
331 5697 544 5748 vaticani
569 5702 674 5746 uss.
700 5693 858 5746 etduo
876 5691 1116 5757 Gallicani,
1143 5687 1430 5744 exclamatio
1449 5695 1496 5743 et
1517 5687 1805 5742 damnatio

225 5763 362 5884 muni)
396 5817 530 5884 Apud
551 5826 653 5870 Am.
678 5827 730 5874 et
751 5823 850 5882 ει..
867 5816 918 5873 7.

1559 361 1766 422 LIBER
1793 357 2116 431 QUINTUS.

3377 351 3483 424 806

1901 492 2019 532 mea
2072 477 2212 531 inter
2253 489 2310 530 se
2339 473 2476 530 dicta
2530 487 2650 532 esse
2695 479 2993 546 contraria;
3037 483 3156 552 quia
3196 479 3340 552 (ηις,
3374 479 3482 541 lion

1897 567 2112 638 quidem
2149 578 2206 622 ut
2236 577 2290 622 tu
2316 567 2678 637 calumniaris,
2715 589 2734 620 ι
2764 565 3102 626 concubitum
3133 589 3416 644 corporum
3446 593 3476 632 ιι

1897 657 2110 712 diabolo
2141 658 2302 714 fuisse
2329 673 2620 730 repertum;
2653 681 2668 714 ι
2701 677 2820 716 ειιιιι
2843 664 3052 718 cliainsi
3081 681 3238 720 nemo
3271 683 3484 736 peccas-

1898 759 2008 816 Sct,
2039 751 2246 804 nonnisi
2293 753 2682 808 concumbentc
2726 763 2950 826 utroque
2999 769 3128 810 sexu
3173 755 3264 810 ﬂlii
3291 773 3484 816 nasce-

1899 851 2082 896 rentur
2122 843 2260 898 :sed
2307 841 2455 910 dixi,
2505 863 2523 898 t
2569 845 2981 908 inobedientiam
3027 847 3208 904 carnis
3255 864 3376 918 qua:
3429 851 3480 904 in

1897 950 2060 1010 carne
2085 937 2494 1006 concupisceute
2524 937 2784 994 adversus
2827 940 3068 1008 spiritum
3095 949 3337 1010 apparet,
3369 939 3482 994 dia—

1899 1013 2074 1080 bolico
2121 1027 2340 1082 vulnere
2385 1029 2692 1098 contigisse.
2735 1047 2754 1080 ι
2795 1029 2860 1084 Ει
2889 1045 3110 1094 rursus,
3158 1031 3280 1099 quia
3336 1031 3478 1106 diri,

1905 1135 1922 1167 ι
1949 1117 2084 1196 lianc
2115 1117 2284 1188 legem
2313 1119 2512 1190 peccati
2545 1129 2920 1190 repugnantem
2960 1121 3060 1192 legi
3095 1121 3284 1176 mentis
3311 1137 3340 1174 a
3373 1123 3480 1178 Deo

1899 1207 2096 1262 illatam
2131 1219 2346 1286 propter
2396 1209 2646 1264 ultionem
2673 1251 2686 1274 ,
2719 1221 2774 1264 et
2819 1211 2940 1266 ideo
2971 1225 3180 1280 pinnam
3213 1227 3330 1267 esse
3353 1228 3480 1282 pec-

1897 1299 2023 1353 cati.
2063 1317 2082 1351 t
2117 1299 2240 1354 llaec
2269 1301 2406 1354 inter
2434 1316 2491 1355 se
2533 1317 2812 1358 asseveras
2841 1318 2959 1358 esse
2985 1305 3250 1356 contraria
3285 1321 3297 1356 :
3329 1305 3480 1373 quasi

1899 1393 2014 1446 fieri
2059 1407 2162 1446 non
2195 1395 2361 1462 possit
2387 1403 2443 1448 ut
2471 1411 2631 1450 unum
2675 1403 2832 1466 atque
2861 1396 3001 1450 idem
3045 1398 3240 1451 malum
3290 1405 3343 1452 ct
3373 1395 3481 1450 dia-

1898 1482 2006 1538 boli
2057 1485 2330 1554 iniquitate
2386 1495 2440 1540 et
2485 1473 2578 1542 Dei
2622 1489 2870 1558 mquitate
2905 1490 3244 1558 peccantibus
3279 1489 3483 1560 ingera-

1901 1582 2002 1658 tur;
2032 1575 2152 1630 cuin
2197 1577 2354 1630 etiam
2377 1577 2502 1656 ipse
2546 1561 2788 1634 diabolus
2819 1589 2873 1634 ct
2913 1581 3124 1650 propria
3157 1565 3482 1658 malignitate

1899 1655 1966 1722 sit
1991 1667 2216 1723 infestus
2239 1655 2548 1724 hominibus
2570 1713 2586 1736 ,
2615 1683 2668 1726 ει
2699 1673 2790 1728 Dei
2825 1672 3024 1752 judicio
3057 1675 3263 1728 sinatur
3285 1655 3482 1730 nocere

1901 1759 2262 1828 peccantibus.
2293 1759 2476 1828 Neque
2499 1761 2624 1816 hinc
2662 1761 2760 1816 sibi
2789 1761 2900 1834 ipsa
2925 1763 3102 1816 divina
3133 1766 3484 1820 adversantur

1897 1839 2141 1918 eloquia,
2189 1849 2312 1920 quia
2357 1853 2612 1920 scriptum
2649 1861 2763 1918 est,
2793 1851 2926 1910 Deus
2973 1866 3180 1908 mortem
3225 1873 3324 1909 non
3363 1856 3483 1928 fecit

1900 1935 2051 2020 (ξαρ.
2087 1937 2272 2012 1,15);
2308 1941 2536 2010 itemque
2587 1943 2843 2012 scriptum
2887 1953 3000 2010 est,
3039 1948 3149 1998 t’ita
3187 1955 3235 1998 et
3275 1961 3409 2000 mors
3452 1961 3486 2000 η

1901 2027 2118 2082 Domino
2151 2027 2258 2082 Deo
2290 2023 2472 2102 (Eccli.
2503 2049 2582 2098 xi,
2619 2021 2744 2102 14).
2777 2033 2910 2102 Quia
2957 2033 3209 2106 deceptor
3253 2036 3484 2092 hominis

1899 2135 2059 2176 causa
2087 2123 2272 2176 mortis
2298 2131 2380 2180 est
2418 2124 2662 2180 diabolus
2681 2167 2694 2190 ,
2723 2115 2880 2196 quam
2911 2145 3015 2184 non
3069 2139 3126 2184 ut
3155 2131 3355 2198 primus
3386 2145 3484 2184 au-

1899 2223 2016 2268 ctor
2053 2215 2202 2284 ejus,
2231 2215 2326 2270 sed
2372 2225 2428 2271 ut
2477 2219 2680 2286 peccati
2717 2219 2856 2272 ultor
2893 2219 3066 2274 intulit
3093 2221 3250 2276 Deus.
3287 2219 3482 2276 Verum

1901 2307 2054 2360 istam
2106 2309 2452 2378 quaestionem
2507 2311 2636 2366 suis
2675 2311 2908 2366 dilucide
2951 2313 3064 2382 ipse
3103 2313 3345 2378 solvisti,
3391 2311 3482 2382 qui

1900 2399 2168 2456 hominem
2191 2399 2385 2456 malum
2405 2402 2588 2456 dixisti
2611 2403 2710 2456 sibi
2737 2419 2854 2458 esse
2871 2405 3236 2472 conmiissum,
3267 2414 3322 2458 ut
3338 2403 3482 2476 quod

1899 2492 2002 2546 sibi
2029 2501 2110 2548 est
2136 2493 2248 2562 ipse
2289 2493 2607 2564 supplicium
2629 2535 2642 2556 ,
2674 2494 2690 2524 ί
2722 2501 2778 2548 ει
2805 2494 3040 2548 divinum
3069 2496 3138 2550 sit
3177 2495 3436 2564 judicium
3465 2537 3482 2562 ,

1900 2591 1956 2638 et
2001 2583 2173 2651 ipsum
2217 2582 2442 2638 liberum
2489 2584 2804 2651 arbitrium;
2839 2599 2936 2640 nec
2969 2585 3074 2640 sint
3105 2585 3244 2640 inter
3279 2603 3338 2642 se
3379 2587 3486 2642 duo

1901 2674 2000 2730 ista
2029 2675 2317 2744 contraria,
2347 2675 2492 2748 quod
2535 2678 2590 2732 in
2615 2693 2774 2748 paena
2817 2693 2914 2734 sua
2940 2687 2993 2734 et
3014 2679 3128 2748 ipse
3151 2687 3335 2734 auctor
3361 2689 3444 2734 est
3463 2721 3482 2750 ,

1901 2775 1956 2822 et
1983 2767 2120 2821 ultor
2153 2767 2309 2822 Deus.

1973 2861 2063 2916 57.
2095 2861 2343 2918 Abuteris
2369 2871 2548 2919 autem
2573 2864 2798 2935 ingeniis
2826 2862 3162 2920 tardioribus.
3183 2863 3316 2919 Nolo
3343 2864 3486 2919 enim

1902 2953 2080 3010 dicere
2110 2956 2232 3026 quia
2255 2967 2308 3012 et
2336 2965 2390 3012 tu
2415 2971 2522 3014 non
2549 2957 2834 3028 intelligis,
2866 2967 2920 3012 ut
2945 2974 3052 3012 non
3076 2957 3347 3012 discemus
3373 2957 3488 3012 hinc

1901 3045 2042 3112 duo,
2090 3056 2144 3100 et
2185 3049 2414 3120 maligna
2455 3049 2743 3104 calliditate
2775 3059 2868 3104 aut
2915 3050 3198 3104 tenebrosa
3249 3049 3490 3104 circitan

1903 3137 2194 3192 confundas
2228 3139 2552 3196 voluntatem
2602 3149 2657 3196 et
2698 3141 3024 3212 voluiitatem
3048 3159 3058 3194 :
3084 3150 3138 3196 et
3171 3143 3306 3198 sicut
3333 3144 3352 3173 ¹¹
3377 3141 3490 3214 ipsa

1869 3285 1872 3288 .
1903 3229 2118 3285 nomina
2145 3231 2432 3286 surdastris
2460 3233 2678 3288 auribus
2706 3249 2868 3288 unum
2907 3243 3066 3306 atque
3093 3235 3232 3290 idem
3257 3245 3488 3300 sonant,

1903 3321 1973 3376 ita
2002 3339 2090 3378 res
2119 3323 2262 3394 ipsas
2289 3324 2578 3380 surdastris
2606 3325 2856 3382 cordibus
2885 3341 3048 3380 unum
3096 3325 3344 3396 idemque
3371 3341 3492 3382 esse

1905 3415 2228 3484 persuadere
2259 3425 2310 3472 te
2337 3431 2494 3485 posse
2534 3417 2792 3472 conﬁdas.
2835 3417 2970 3472 llinc
2995 3427 3078 3472 est
3108 3417 3248 3488 quod
3270 3427 3490 3472 sentcn-

1907 3509 2008 3564 tias
2047 3525 2194 3564 meas
2239 3509 2378 3564 inter
2401 3523 2460 3564 se
2489 3510 2788 3564 contrarias
2811 3517 2966 3580 putas
2994 3510 3080 3566 vel
3103 3510 3274 3580 putari
3304 3491 3454 3582 cupis
3471 3549 3490 3578 ,

1907 3607 2156 3672 tanquam
2207 3601 2502 3672 improbem
2541 3600 2684 3672 quod
2733 3611 2856 3656 ante
2911 3601 3352 3674 approbaveriin,
3399 3611 3492 3658 aut

1906 3692 2199 3762 amplectar
2239 3693 2378 3763 quod
2407 3701 2532 3748 ante
2577 3693 2894 3763 respueriin.
2925 3687 3062 3748 Audi
3101 3708 3227 3762 ergo
3253 3701 3490 3762 apertam

1907 3785 2226 3840 sententiam
2277 3801 2448 3840 meam
2477 3826 2492 3852 ,
2536 3793 2590 3840 et
2633 3785 2868 3856 iutellige
2909 3785 2995 3842 vel
3033 3789 3150 3840 sine
3193 3785 3492 3856 intelligere

1907 3879 2040 3934 alios
2059 3919 2074 3944 ,
2106 3895 2210 3934 non
2239 3877 2563 3934 olTundendo
2583 3879 2839 3950 caligines
2877 3879 3150 3934 nebulosae
3177 3879 3490 3948 disputatio-

1909 3973 1993 4028 nis
2039 3971 2312 4026 serenitati
2351 3971 2726 4027 sincerissimae
2775 3971 3038 4028 veritatis.
3083 3971 3231 4026 Sicut
3287 3969 3487 4026 bonum

1909 4075 1992 4118 est
2017 4063 2154 4120 bene
2181 4065 2254 4118 uti
2277 4063 2450 4128 malis,
2483 4065 2555 4118 ita
2589 4063 2868 4118 honestum
2895 4073 2978 4118 est
3003 4063 3138 4118 bene
3167 4063 3241 4118 uti
3269 4062 3484 4118 inhone-

1909 4157 2025 4210 stis.
2061 4157 2210 4212 Unde
2239 4167 2292 4212 et
2331 4157 2444 4226 ipsa
2471 4157 2708 4212 membra
2741 4172 2846 4212 non
2873 4165 3089 4226 propter
3115 4157 3282 4211 divini
3311 4157 3492 4227 operis

1910 4247 2392 4318 pulchritudinem,
2457 4249 2552 4303 sed
2605 4256 2822 4318 propter
2892 4247 3125 4304 libidinis
3197 4247 3492 4322 foeditatem

1909 4340 2172 4392 inhonesta
2209 4337 2343 4392 dixit
2386 4338 2670 4408 Apostolus
2701 4335 2758 4412 (Ι
2785 4336 2904 4394 Cor.
2953 4354 3066 4404 xu,
3092 4339 3220 4412 εδ).
3269 4339 3380 4394 Νεε
3419 4339 3492 4394 ad

1909 4440 2090 4502 stupra
2119 4439 2376 4498 coguntur
2413 4429 2731 4484 necessitate
2757 4430 2846 4502 qui
2891 4429 3022 4484 casti
3049 4439 3211 4486 sunt:
3240 4431 3363 4502 quia
3401 4445 3491 4486 re-

1909 4523 2104 4578 sistunt
2147 4521 2440 4576 inhonesta:
2479 4521 2720 4586 libidini,
2759 4535 2826 4576 ne
2869 4521 3154 4590 compellat
3196 4536 3289 4576 eos
3341 4519 3488 4576 iulio-

1910 4621 2059 4668 nesta
2107 4613 2478 4678 committere,
2509 4613 2624 4668 sine
2649 4627 2752 4692 qua
2797 4621 2972 4668 tamen
3015 4627 3121 4668 non
3149 4621 3370 4684 possunt
3398 4613 3494 4668 ho-

1911 4715 2061 4762 neste
2111 4707 2246 4760 filios
2267 4719 2570 4775 procreare.
2609 4703 2681 4758 lia
2710 4703 2766 4758 lit
2812 4713 2868 4758 ut
2895 4703 3208 4774 conjugibus
3249 4703 3411 4760 castis
3440 4715 3494 4762 et

1911 4797 2154 4854 voluntas
2181 4797 2249 4852 sit
2291 4795 2342 4849 in
2379 4793 2578 4852 sobolis
2623 4795 3012 4866 procreatione,
3043 4802 3098 4850 et
3125 4795 3417 4850 necessitas
3439 4793 3490 4850 in

1910 4887 2147 4944 libidine.
2179 4889 2254 4943 De
2300 4887 2585 4942 inhonesto
2631 4887 2827 4958 quippe
2855 4881 3109 4942 honestas
3151 4887 3325 4958 agitur
3365 4903 3494 4958 pro-

1909 4977 2160 5046 creandi,
2183 4965 2394 5050 quando
2415 4977 2686 5034 libidinem
2715 4993 2818 5034 non
2849 4988 3022 5046 amat,
3066 4979 3162 5035 sed
3191 4979 3380 5034 tolerat
3405 4994 3493 5034 ca-

1910 5075 2061 5128 stitas
2081 5071 2490 5128 concumbendi.

1981 5165 2067 5220 58.
2097 5163 2249 5218 Soles
2275 5161 2506 5218 libenter
2547 5151 2970 5218 commemorare
2993 5205 3008 5232 ,
3039 5161 3229 5234 quibus
3257 5171 3307 5216 te
3333 5159 3488 5230 adju-

1909 5259 2022 5314 vari
2043 5267 2216 5328 putas,
2243 5264 2520 5312 auctorum
2547 5257 2840 5312 sententias
2880 5255 3237 5312 Siccularium.
3271 5253 3487 5322 Intuere

1911 5349 2132 5404 honesto
2161 5345 2322 5404 corde
2342 5387 2358 5414 ,
2382 5350 2426 5401 si
2445 5351 2609 5416 ipotes
2627 5387 2640 5411 ,
2669 5347 2794 5418 quid
2824 5348 2891 5404 de
2923 5347 3125 5404 Catone
3167 5355 3322 5416 poeta
3350 5339 3494 5400 ceci-

1910 5444 2048 5498 nerit
2074 5459 2087 5495 :

1981 5581 1986 5592 ,
2113 5593 2122 5596 Α
2253 5577 2267 5596 λ
2359 5529 2479 5596 Urbi,
2495 5531 2694 5596 (inquit)
2717 5529 2855 5596 pater
2880 5539 2986 5596 est,
3021 5521 3230 5594 urbique
3253 5523 3490 5592 maritus;

1970 5591 2170 5647 Justitiae
2191 5591 2366 5658 cultor,
2389 5591 2534 5658 rigidi
2553 5591 2774 5645 servator
2797 5593 2986 5644 honesti
3003 5625 3020 5654 ,

1973 5752 1994 5784 ι
2019 5747 2152 5810 Apud
2181 5753 2296 5811 l.ov._
2309 5743 2390 5795 lﬂ:
2408 5741 2618 5811 dditur,
2635 5753 2802 5792 om.

1977 5817 1997 5848 ι
2018 5809 2330 5862 Floriacensis
2349 5813 2452 5868 iis,
2477 5809 2686 5854 utsicut.
