4022 6460
511 347 616 406 807

569 448 619 492 In
643 455 898 493 commune
918 441 1099 501 bonus;
1134 439 1388 504 nullosque
1410 443 1597 504 Catonis
1619 442 1666 490 in
1689 449 1826 490 actus

569 507 817 568 Subrepsit
833 513 1118 568 partemque
1137 504 1244 552 tulit
1265 502 1355 568 sibi
1380 511 1490 568 nata
1509 502 1744 568 voluptas.

1043 564 1239 628 (Lucan.
1264 565 1486 615 Pharsat.
1513 564 1592 615 tib.
1614 564 1662 624 2,
1687 578 1809 615 vers.
1836 564 2092 627 588-391).

507 671 692 740 Qualis
711 671 853 726 enim
875 671 956 725 vir
982 669 1113 726 Cato
1154 668 1348 734 fuerit,
1375 676 1431 724 et
1458 677 1634 724 utrum
1657 669 1711 722 in
1744 683 1808 723 eo
1830 683 1955 723 vera
1979 668 2090 720 vir-

502 772 588 820 tus
636 764 992 834 honestasque
1042 761 1252 818 laudata
1297 762 1394 826 sit,
1425 761 1527 817 alia
1557 761 1780 832 quaestio
1821 769 1905 815 est
1954 775 1969 813 :

500 856 793 926 quemlibet
833 863 1007 911 tamen
1035 856 1196 910 ﬁnem
1223 871 1318 910 sna
1357 855 1580 910 referret
1604 853 1780 909 ofﬁcia
1801 896 1816 921 ,
1841 868 1946 907 non
1979 852 2090 907 uti-

497 965 602 1020 que
629 952 746 1006 sine
775 951 1044 1020 voluptate
1092 951 1228 1005 filios
1255 948 1582 1019 procreavit;
1609 957 1666 1003 et
1706 957 1882 1002 tamen
1905 946 2086 1001 nullos

495 1043 714 1098 Catonis
744 1042 797 1098 in
825 1053 976 1098 actus
1014 1041 1280 1111 subrepsit
1310 1050 1623 1110 partemque
1663 1039 1782 1093 tulit
1823 1037 1924 1093 sibi
1956 1044 2080 1090 nata

498 1135 739 1204 voluptas
770 1153 785 1190 :
819 1135 1069 1205 quoniam
1097 1143 1150 1189 et
1184 1132 1324 1202 quod
1369 1148 1474 1187 non
1519 1129 1748 1186 faciebat
1779 1129 1896 1185 sine
1922 1127 2080 1183 volu-

496 1235 659 1294 ptate,
689 1241 793 1280 non
817 1225 1042 1281 faciebat
1069 1234 1286 1295 propter
1311 1224 1661 1293 voluptatem;
1689 1236 1785 1276 nec
1810 1219 1863 1274 in
1887 1217 2080 1274 morbo

496 1316 653 1387 hujus
679 1317 931 1373 desiderii
971 1333 1124 1372 suum
1153 1331 1245 1369 vas
1279 1315 1625 1386 possidebat,
1657 1313 1900 1384 quamvis
1929 1311 2081 1382 igno-

494 1419 637 1464 raret
674 1409 874 1473 Deum;
907 1409 952 1464 si
1005 1409 1126 1463 talis
1160 1407 1258 1462 fuit
1283 1408 1456 1477 qualis
1494 1405 1836 1476 przedicatnr.
1869 1403 1936 1457 Et
1970 1417 2076 1456 non

492 1503 571 1556 vis
599 1501 895 1573 intelligere
909 1501 1047 1572 quod
1068 1504 1144 1555 ait
1170 1501 1477 1571 Apostolus,
1505 1499 1573 1554 Ut
1591 1499 1716 1552 sciat
1734 1497 2077 1565 unusquisque

490 1604 703 1648 vestrum
743 1611 891 1647 suum
917 1610 1002 1648 vas
1043 1593 1300 1663 possidere
1323 1635 1338 1658 ,
1364 1609 1464 1646 non
1508 1591 1562 1645 in
1588 1592 1764 1645 morbo
1804 1587 2072 1654 desiderii,

486 1685 616 1739 sicut
640 1683 848 1751 Gentes,
879 1700 992 1752 tnta:
1019 1685 1256 1756 ignorant
1288 1683 1468 1737 Deum.

557 1777 646 1834 59.
676 1778 820 1834 Bene
850 1779 1109 1832 discernis
1139 1779 1278 1833 inter
1316 1777 1515 1832 bonum
1545 1777 1722 1832 minus
1752 1774 2033 1846 conjugale
2052 1815 2068 1842 ,

485 1878 541 1923 et
566 1869 762 1922 bonum
795 1869 1020 1939 amplius
1041 1869 1385 1925 continentiaa
1411 1886 1423 1921 :
1453 1868 1547 1924 sed
1575 1877 1722 1922 tnum
1744 1868 1934 1937 dogma
1963 1882 2069 1922 non

483 1960 688 2016 deseris
715 1961 1138 2015 inimicissimum
1169 1963 1371 2031 gratiae.
1392 1960 1533 2015 Dicis
1554 1962 1719 2026 enim,
1744 1977 1762 2011 ι
1791 1959 1932 2029 quod
1962 1959 2071 2013 Do-

483 2052 659 2106 minus
683 2051 1025 2106 continentiae
1048 2051 1273 2122 gloriam
1310 2051 1556 2105 libertate
1587 2050 1866 2106 electionis
1895 2049 2069 2104 hono-

481 2145 708 2210 raverit,
739 2142 954 2208 dicens,
988 2142 1087 2208 Qui
1108 2151 1266 2212 potest
1289 2158 1502 2212 capere,
1526 2142 1731 2211 capiat;
1766 2159 1784 2192 ι
1816 2150 2067 2210 tanquam

481 2235 584 2290 hoc
613 2236 854 2304 capiatur
881 2249 986 2289 non
1016 2232 1110 2289 Dei
1138 2248 1359 2289 munere
1378 2274 1393 2297 ,
1421 2232 1514 2289 sed
1546 2233 1749 2288 arbitrii
1780 2232 2024 2288 libertate
2049 2249 2064 2286 :

477 2335 531 2384 et
549 2337 690 2384 taces
718 2327 858 2398 quod
883 2343 1039 2397 supra
1059 2326 1284 2390 dixerat,
1310 2309 1432 2380 Νοπ
1453 2341 1625 2380 omnes
1644 2325 1850 2394 capiunt
1865 2325 2067 2379 verbum

477 2419 591 2484 hoc,
606 2419 693 2473 sed
713 2419 892 2489 quibus
914 2420 1087 2472 datum
1109 2427 1180 2472 est
1202 2416 1411 2486 (Matth.
1431 2432 1542 2481 nx,
1563 2414 1651 2482 12,
1674 2414 1926 2485 11).νί(18
1946 2430 2065 2484 qua:

478 2521 673 2577 taceas,
703 2529 822 2583 qua:
848 2512 1014 2567 dicas.
1048 2512 1182 2566 Puto
1207 2509 1351 2582 quod
1391 2517 1444 2565 te
1471 2517 1669 2579 pungat
1693 2507 2021 2563 conscientia
2046 2523 2061 2561 :

475 2605 570 2660 sed
604 2605 770 2660 vincit
809 2612 1015 2660 rectum
1047 2601 1292 2657 timorem
1314 2643 1329 2669 ,
1367 2615 1488 2656 cum
1531 2600 1720 2671 ingerit
1751 2614 2064 2670 perversum

476 2698 754 2769 pudorem,
787 2712 1000 2768 quoquo
1026 2695 1186 2750 modo
1211 2695 1321 2764 jam
1362 2692 1694 2749 defendenda
1735 2692 2062 2762 praecipitata

472 2792 754 2847 sententia.
782 2788 1173 2844 Tantummodo
1199 2801 1480 2843 excessum
1507 2784 1740 2839 libidinis
1771 2782 2060 2839 identidem

471 2885 656 2956 culpas
672 2924 687 2948 ,
720 2884 888 2952 ipsam
916 2880 1130 2935 laudare
1155 2893 1260 2933 non
1281 2891 1482 2932 cessas.
1504 2874 1613 2931 Nec
1635 2873 1866 2928 attendis
1885 2914 1900 2941 ,
1932 2886 2061 2928 sen-

474 2975 560 3040 tis,
593 2973 841 3042 intelligis
866 2970 1064 3026 malum
1088 2985 1231 3035 esse,
1261 2967 1347 3023 cui
1374 2981 1440 3022 ne
1468 2965 1693 3020 limitem
1720 2964 2058 3020 necessitatis

471 3065 713 3131 excedat,
741 3061 950 3132 cogitur
975 3060 1322 3131 temperantia
1349 3071 1669 3127 repugnare.

540 3157 630 3212 40.
665 3155 920 3224 Quamvis
963 3163 1048 3218 tu,
1088 3149 1231 3222 quod
1279 3150 1486 3206 monuit
1523 3147 1847 3219 Apostolus,
1896 3162 1965 3205 nc
2004 3146 2058 3202 in

470 3247 660 3303 morbo
689 3244 940 3301 desiderii
970 3258 1128 3300 suum
1157 3256 1248 3297 vas
1278 3240 1504 3312 quisque
1530 3240 1822 3309 possideat,
1855 3255 1963 3294 non
1991 3239 2058 3294 de

468 3337 735 3410 conjugio,
764 3337 858 3393 sed
884 3336 952 3391 de
982 3333 1335 3390 fornicatione
1357 3330 1725 3400 accipiendum
1755 3329 2053 3400 putaveris;

467 3437 625 3501 atque
647 3431 717 3486 ita
746 3428 1109 3499 temperantia:
1132 3436 1295 3483 totam
1319 3425 1653 3480 honestatem
1680 3423 1748 3479 de
1768 3421 2058 3478 concubitu

466 3522 751 3592 conjugum
777 3520 1085 3587 abstuleris,
1118 3527 1175 3574 ut
1203 3532 1362 3574 nemo
1389 3517 1490 3573 sibi
1510 3517 1757 3571 videatur
1785 3518 1836 3569 in
1867 3515 2059 3569 morbo

467 3614 717 3670 desiderii
742 3630 895 3670 suum
923 3629 1017 3668 vas
1045 3613 1340 3683 possidere,
1372 3619 1803 3681 quantacumque
1842 3609 2059 3664 libidine

468 3707 523 3762 in
554 3707 736 3762 uxoris
758 3706 1078 3776 genitalibus
1096 3703 1575 3774 potueritinsanirc
1593 3702 1700 3758 ‘.Si
1720 3703 1863 3756 enim
1894 3701 2057 3756 ullum

468 3799 542 3855 ibi
590 3789 878 3853 tenendum
921 3795 1258 3851 existimares
1302 3793 1550 3859 modum,
1597 3793 1816 3863 potuisti
1855 3801 1911 3848 et
1953 3793 2061 3849 illic

467 3891 912 3962 concupiscentia:
950 3889 1344 3960 reprehendere
1379 3902 1657 3943 excessum
1680 3930 1695 3955 ,
1725 3903 1952 3958 eumque
1980 3887 2088 3943 di-‘

467 4001 591 4042 cere
629 3985 699 4049 ab
727 3985 984 4055 Apostolo
1012 3983 1367 4055 signiﬁcatum
1399 3981 1648 4037 morbum
1690 3981 1974 4047 desiderii,
2006 3990 2061 4036 et

469 4093 576 4132 non
605 4077 846 4147 improbe
883 4091 1080 4147 negare
1099 4116 1113 4140 ,
1141 4091 1297 4130 suum
1327 4090 1421 4130 vas
1448 4075 1646 4129 dictum
1676 4073 1836 4130 fuisse
1869 4074 2059 4144 cuique

467 4169 750 4240 coniugem
775 4167 1084 4236 suam.~Quo
1105 4167 1268 4223 verbo
1294 4167 1346 4223 in
1374 4167 1562 4223 eadem
1592 4181 1650 4222 re
1677 4166 1837 4221 etiam
1865 4165 2056 4221 Petrus

467 4265 740 4334 apostolus
763 4245 948 4326 utitur,
985 4260 1076 4316 ubi
1102 4268 1284 4317 monet
1309 4269 1368 4315 ut
1394 4259 1494 4314 viri
1517 4259 1772 4315 uxoribus
1802 4257 1912 4313 suis
1934 4265 2055 4312 tan-

467 4371 625 4426 quam
652 4354 928 4409 inﬁrmiori
951 4354 1065 4408 vasi
1094 4353 1326 4408 tribuant
1343 4351 1625 4416 honorem,
1652 4349 1795 4405 velut
1821 4348 2059 4405 cohaere-

467 4447 622 4504 dibus
649 4448 868 4519 gratias;
896 4445 1193 4514 adjungens
1221 4453 1276 4500 et
1302 4443 1504 4506 dicens,
1533 4441 1602 4496 Et
1625 4443 1786 4496 videte
1804 4459 1867 4496 ne
1893 4443 2056 4512 impe-

467 4543 672 4596 diantur
692 4539 944 4595 orationes
970 4546 1147 4590 vestrae
1170 4535 1220 4608 (1
1249 4534 1389 4590 Petr.
1414 4550 1492 4601 Ill,
1516 4535 1593 4606 7).
1616 4533 1768 4589 Sicut
1791 4541 1843 4588 et
1862 4547 2059 4603 coapo-

467 4635 638 4690 stolus
681 4635 796 4703 ejus
839 4641 1077 4702 tempora
1122 4628 1418 4699 praescribit
1456 4627 1643 4682 orandi
1691 4626 2056 4697 temperantia:

467 4725 732 4796 conjugali
760 4742 775 4779 :
802 4732 856 4779 et
901 4721 1196 4779 secundum
1238 4718 1446 4774 veniam
1490 4718 1766 4782 concedit,
1814 4717 2056 4787 quamvis

466 4834 589 4874 cum
618 4816 907 4887 conjuge',
934 4829 1041 4868 non
1071 4813 1252 4882 utique
1294 4809 1443 4864 illum
1484 4809 1679 4879 prolis,
1725 4807 1822 4863 sed
1866 4807 1956 4878 qui
1997 4807 2057 4862 ﬁt

468 4909 755 4979 voluptatis
798 4905 1090 4962 intentione
1129 4899 1470 4959 concubitum
1510 4899 1706 4970 (lCor.
1730 4915 1832 4964 vn,
1861 4899 1926 4964 5,
1958 4897 2052 4968 6).

471 5001 623 5055 llnnc
645 4997 863 5052 audiant
886 4995 1172 5052 christiana
1203 4991 1450 5062 conjugis
1470 5031 1487 5058 ,
1515 5005 1620 5045 non
1656 5000 1737 5055 te,
1771 4991 1861 5062 qui
1892 4991 1972 5046 vis
2001 4991 2054 5046 in

469 5093 547 5147 eis
577 5104 736 5162 quam
765 5085 1010 5143 defendis
1033 5101 1303 5156 nunquam
1328 5081 1524 5138 frenari
1549 5082 2052 5154 concupiscentiam,

469 5183 564 5240 sed
607 5181 1045 5254 quotiescumque
1089 5193 1148 5232 se
1187 5175 1566 5241 commoverit,
1595 5174 1773 5229 satiari
1803 5173 2014 5230 avidam
2035 5217 2051 5244 ,

471 5292 695 5348 regnare
719 5287 984 5331 securam.
1011 5271 1160 5326 Hunc
1179 5269 1416 5336 audiant,
1441 5268 1675 5340 inquam,
1697 5268 1883 5324 ﬁdeles
1906 5267 2054 5324 Chri-

470 5369 537 5424 sti
561 5369 650 5440 qui
681 5375 806 5422 sunt
841 5363 1108 5422 connubio
1137 5362 1404 5433 colligati,
1433 5371 1492 5416 ut
1519 5376 1591 5416 ex
1617 5376 1879 5418 consensu
1913 5370 2052 5417 tem-

532 5486 550 5516 ί
579 5489 706 5542 Post,
741 5486 947 5546 potuerit
979 5491 1212 5546 insanire,
1247 5478 1366 5546 editi
1408 5485 1508 5546 Am.
1535 5482 1703 5546 cur,
1728 5490 1920 5546 necnon
1942 5479 2052 5540 qui-

469 5547 578 5596 dam
603 5537 917 5606 manu'scripti
933 5537 1209 5606 addebant,
1250 5539 1310 5606 si
1334 5545 1482 5606 recte
1512 5537 1574 5588 de
1594 5538 1924 5606 temperantia
1941 5537 2052 5606 (fori-

462 5606 622 5673 jugati
649 5598 891 5673 sapuisset
923 5598 1203 5673 timemus.
1227 5600 1344 5651 quid
1363 5600 1538 5673 sentire
1841 5599 1959 5673 quid
1989 5601 2051 5652 de

470 5660 677 5732 apostoli
716 5660 1008 5732 testimonio.
1035 5664 1304 5732 intelligere
1325 5669 1514 5726 integra
1559 5660 1657 5732 ﬁde
1678 5660 1878 5732 potuerit
1895 5676 2048 5732 ;_qua3

469 5725 618 5781 verba
658 5732 752 5780 huc
789 5744 820 5779 e
859 5729 1081 5790 margine
1105 5725 1334 5778 traxislata
1363 5725 1495 5786 esSe,
1526 5725 1726 5788 probant
1746 5725 2047 5787 antiquiores

469 5793 675 5857 codices,
697 5795 779 5855 qui
805 5794 878 5840 eis
899 5799 1081 5840 carent.
1360 5848 1369 5857 ο

533 5858 553 5890 ³
576 5855 885 5907 Floriacensis
905 5859 1010 5915 his,
1027 5863 1243 5917 quorum
1262 5855 1537 5914 autumn,
1561 5861 1655 5903 non
1676 5855 1854 5910 utique.
1881 5859 1974 5898 etc.

1309 346 1583 404 CONTRA
1621 345 1958 404 JULIANUM
1997 343 2464 417 PELAGIANUM,
2504 349 2562 407 S.
2594 347 2966 408 AUGUSTINI

3679 357 3798 419 808

2203 452 2411 512 perent,
2428 458 2533 514 quo
2543 457 2729 500 vacent
2745 446 2972 501 orationi
2992 463 3006 500 :
3027 454 3082 500 et
3099 460 3222 502 cum
3234 444 3302 502 ad
3318 446 3546 520 idipsum
3563 451 3798 510 redeunt

2198 543 2417 604 propter
2463 535 2925 608 intemperantiam
2965 552 3148 606 suam,
3185 548 3433 595 novermt
3465 543 3627 598 etiam
3661 543 3796 602 inde

2159 649 2169 684 \
2193 628 2375 687 dicere
2395 631 2526 701 Deo,
2553 632 2758 688 Dimitte
2776 635 2918 689 nobis
2937 633 3103 689 debita
3121 645 3295 690 nostra
3316 634 3528 709 (Matth.
3553 653 3630 706 γι,
3660 638 3787 708 12).

2020 717 2089 813 ἑά
2196 717 2350 813 Quod
2375 722 2518 776 enim
2545 724 2834 813 secundum
2862 724 3072 779 veniam
3091 764 3107 790 ,
3141 740 3247 780 non
3277 727 3568 782 secundum
3607 728 3790 800 impe-

2191 809 2328 864 rium
2369 826 2400 866 a
2445 822 2591 869 tanto
2617 812 2836 869 doctore
2860 813 3074 882 dicitur,
3105 814 3289 886 utique
3327 816 3643 888 ignoscitur,
3675 835 3789 877 non

2187 900 2422 972 jubetur.

2261 993 2487 1053 CAPUT
2513 996 2563 1052 X
2588 997 2683 1068 (a).
2704 1027 2778 1038 —-
2797 999 2888 1054 41.
2917 997 3023 1055 Sed
3053 999 3264 1055 insertis
3283 1000 3403 1056 aliis
3422 1001 3601 1058 verbis
3622 1003 3782 1072 meis,

2187 1088 2276 1144 ubi
2295 1089 2622 1146 voluntatem
2646 1106 2770 1148 vere
2787 1092 3018 1163 piorum,
3046 1092 3168 1164 quia
3186 1090 3635 1162 Christianorum,
3652 1111 3757 1150 con
3770 1124 3784 1138 -

2188 1181 2373 1254 jugum
2395 1184 2785 1251 commendavi,
2818 1184 2908 1255 qui
2931 1184 3066 1240 ﬁlios
3089 1184 3155 1240 ad
3183 1184 3286 1240 hoc
3304 1197 3564 1254 generant
3593 1187 3647 1241 in
3677 1186 3783 1242 hoc

2192 1275 2394 1331 saeculo
2411 1317 2426 1342 ,
2454 1286 2513 1331 ut
2537 1292 2756 1347 propter
2776 1277 3002 1332 alterum
3030 1279 3283 1334 saeculum
3312 1289 3699 1350 regenerentur
3724 1281 3779 1336 in

2182 1365 2399 1422 Christo
2427 1367 2545 1440 (De
2570 1367 2782 1440 Nuptiis
2819 1377 2867 1424 et
2902 1367 3321 1440 Concupiscentia
3339 1411 3356 1438 ,
3384 1371 3472 1424 tib.
3503 1371 3556 1438 1,
3579 1387 3634 1425 n.
3664 1370 3775 1442 9);

2181 1471 2568 1514 commemoras
2612 1467 2664 1515 te
2702 1459 2812 1528 jam
2851 1461 2906 1514 in
2945 1460 3180 1516 secundo
3217 1461 3356 1517 libro
3395 1462 3552 1516 istam
3597 1479 3773 1518 meam

2180 1546 2509 1605 destruxisse
2557 1551 2878 1605 sententiam
2909 1568 2923 1606 :
2955 1551 3045 1606 ubi
3083 1551 3214 1622 quid
3245 1553 3339 1609 tibi
3367 1553 3734 1623 responderim
3753 1597 3771 1624 ,

2177 1639 2252 1695 ibi
2276 1641 2452 1711 potius
2475 1642 2651 1713 legant
2667 1643 2756 1713 qui
2784 1644 2988 1698 volunt.
3010 1642 3106 1700 Sic
3134 1645 3277 1700 enim
3302 1661 3406 1700 non
3428 1655 3554 1701 sunt
3573 1647 3771 1702 facieno

2104 1740 2106 1743 '
2177 1730 2244 1786 da
2264 1732 2546 1800 adulteria,
2568 1734 2726 1789 etiam
2746 1733 3020 1789 voluntate
3037 1735 3327 1805 generandi
3348 1737 3766 1806 regenerandos,

2175 1823 2626 1892 quemadmodum
2653 1839 2756 1880 nec
2784 1823 2923 1879 furta
2951 1824 3190 1880 facienda
3216 1833 3361 1891 sunt,
3389 1827 3550 1881 etiam
3574 1827 3766 1883 volun-

2176 1920 2285 1968 tate
2312 1913 2560 1983 pascendi
2589 1929 2852 1985 pauperes
2879 1923 3091 1971 sanctos
3122 1933 3135 1969 :
3161 1914 3305 1985 quod
3346 1926 3524 1971 tamen
3564 1917 3767 1972 facien-

2173 2005 2300 2060 dum
2342 2016 2460 2075 est,
2511 2020 2618 2062 non
2658 2006 2796 2062 furta
2836 2006 3223 2078 perpetrando,
3267 2007 3362 2062 sed
3396 2009 3528 2065 bene
3558 2009 3762 2066 utendo

2173 2113 2477 2153 mammona
2506 2099 2799 2169 iniquitatis
2817 2140 2834 2167 ,
2865 2107 2924 2154 ut
2951 2107 3006 2155 et
3033 2099 3132 2170 ipsi
3161 2099 3425 2170 recipiant
3444 2101 3460 2132 ¹
3487 2100 3541 2156 in
3571 2100 3755 2156 taber-

2173 2190 2362 2245 nacula
2389 2201 2588 2246 :eterna
2605 2190 2900 2262 (Luc.'xv1,
2927 2191 2982 2263 9)
3001 2207 3016 2257 ;
3041 2191 3178 2247 sicut
3204 2207 3312 2248 non
3329 2191 3588 2248 adulteria
3607 2207 3760 2249 com-

2170 2282 2451 2351 mittendo,
2482 2283 2577 2340 sed
2601 2283 2950 2355 conjugaliter
2967 2283 3106 2339 bene
3126 2284 3324 2340 utendo
3341 2284 3482 2339 malo
3503 2285 3753 2352 libidinis,

2169 2389 2232 2428 ea
2261 2375 2535 2430 voluntate
2562 2374 2851 2446 generandi
2875 2384 3002 2431 sunt
3027 2374 3142 2445 ﬁlii,
3172 2385 3229 2431 ut
3251 2391 3372 2432 cum
3397 2376 3478 2433 eis
3503 2386 3753 2448 regnetur

2168 2464 2221 2520 in
2247 2475 2506 2521 aeternum
2531 2463 2630 2538 (a).

2237 2555 2328 2610 42.
2363 2556 2560 2612 Verum
2599 2556 2871 2628 eleganter
2912 2556 3096 2614 laudas
3139 2567 3439 2629 susceptam
3468 2567 3641 2628 tuam,
3671 2560 3758 2616 di-

2166 2661 2326 2714 cens,
2356 2656 2412 2703 et
2438 2663 2624 2703 verum
2651 2648 2876 2704 dicens'
2911 2666 2931 2700 ι
2965 2649 3108 2718 quod
3147 2649 3279 2704 nihil
3320 2650 3407 2705 tali
3438 2651 3605 2720 possit
3629 2651 3757 2708 dum

2165 2740 2538 2796 concumbitur
2561 2741 2800 2812 cogitari.
2828 2760 2848 2793 ›
2880 2742 3104 2798 Prorsus
3129 2743 3202 2797 ita
3222 2751 3323 2800 est.
3344 2743 3482 2812 Quid
3504 2745 3648 2800 enim
3669 2761 3754 2802 co-

2164 2832 2319 2902 gitari
2347 2841 2524 2903 potest
2549 2841 2704 2898 tunc,
2735 2833 2947 2903 quando
2976 2850 3129 2890 mens
3174 2836 3286 2905 ipsa
3326 2852 3430 2907 qua
3464 2839 3752 2909 cogitatur,

2165 2925 2253 2980 illa
2283 2925 2481 2981 carnali
2520 2924 2876 2982 delectatione
2917 2926 3318 2998 submergitur?
3353 2926 3504 2984 Unde
3552 2930 3756 3000 optime

2164 3016 2252 3071 ille
2280 3015 2348 3071 de
2377 3017 2643 3086 voluptate
2681 3015 2996 3086 disputans,
3031 3017 3184 3088 cujus
3211 3018 3374 3073 verba
3406 3019 3458 3074 in
3491 3020 3631 3076 libro
3661 3036 3756 3076 su-

2164 3107 2374 3178 periore
2387 3107 2497 3177 jam
2525 3108 2675 3177 posui
2703 3125 2716 3161 :
2745 3126 2765 3160 ‹
2795 3107 2958 3178 Cujus
2979 3118 3172 3174 motus,
3207 3129 3227 3161 ›
3255 3109 3442 3179 inquit,
3478 3127 3497 3162 c
3532 3119 3591 3165 ut
3609 3115 3758 3181 quis-

2163 3215 2267 3271 que
2294 3209 2377 3256 est
2404 3201 2666 3254 maximus
2689 3241 2705 3267 ,
2732 3200 2803 3256 ita
2832 3211 2915 3256 est
2945 3200 3347 3257 inimicissimus
3377 3202 3752 3274 philosophiae.

2163 3293 2465 3364 Congruere
2489 3293 2634 3349 enim
2658 3309 2778 3348 cum
2804 3295 3125 3365 cogitatione
3148 3310 3336 3366 magna
3360 3298 3608 3367 voluptas
3632 3314 3758 3354 cor-

2163 3386 2310 3456 poris
2336 3401 2440 3441 non
2473 3393 2666 3456 potest.
2701 3384 2830 3453 Quis
2853 3386 2995 3442 enim
3025 3401 3146 3442 cum
3187 3396 3365 3442 utatur
3389 3388 3695 3459 voluptate,
3728 3409 3751 3444 ι

2163 3479 2366 3550 inquit,
2397 3498 2416 3531 ι
2445 3494 2507 3534 ea
2537 3494 2640 3549 qua
2684 3479 2827 3534 nulla
2871 3478 3042 3550 possit
3085 3479 3258 3552 major
3285 3495 3435 3547 esse,
3473 3483 3756 3540 attendere

2163 3573 2372 3640 animo,
2415 3573 2551 3627 inire
2593 3571 2884 3636 rationem,
2926 3572 3161 3643 cogitare
3207 3571 3426 3628 omnino
3463 3574 3755 3645 quidquam

2164 3675 2338 3737 potest
2358 3665 2577 3736 (Supra,
2605 3682 2659 3719 η.
2690 3664 2778 3729 72,
2803 3681 2865 3719 ea:
2889 3663 3146 3720 Ciceronis
3170 3664 3499 3737 Hortensio)?
3519 3667 3636 3722 Non
3661 3669 3755 3739 igi-

2163 3767 2250 3813 tur
2278 3758 2436 3814 etiam
2465 3767 2522 3812 tu
2549 3757 2766 3828 potuisti
2803 3757 3015 3828 gravius
3043 3771 3297 3813 accusare
3335 3773 3494 3829 quam
3533 3758 3751 3828 laudas,

2163 3852 2264 3907 nisi
2290 3851 2503 3907 fatendo
2529 3852 2579 3906 in
2605 3851 2720 3920 ejus
2747 3851 2948 3920 impetu
2968 3851 3235 3906 neminem
3264 3866 3419 3921 posse
3444 3862 3628 3907 sancta
3655 3868 3752 3908 co—

2162 3945 2350 4015 gitare.
2377 3943 2482 3998 Sed
2509 3943 2688 4012 utique
2716 3941 2996 4012 religiosus
3035 3941 3245 3997 animus
3289 3942 3391 3996 isto
3434 3943 3575 3996 malo
3612 3943 3754 3999 bene

2165 4047 2318 4092 utens
2349 4035 2450 4090 hoc
2476 4035 2700 4104 cogitat,
2739 4042 2797 4088 ut
2822 4033 3099 4089 libidinem
3139 4033 3544 4090 concumbendo
3575 4034 3752 4104 patia-

2161 4137 2267 4193 tur,
2295 4127 2436 4198 quod
2463 4141 2568 4180 non
2595 4133 2769 4195 potest
2788 4125 3024 4195 cogitare
3043 4139 3164 4180 cum
3192 4124 3406 4194 patitur.
3434 4124 3580 4180 Sicut
3601 4126 3751 4179 salu-

2161 4229 2270 4277 tem
2293 4219 2454 4275 homo
2474 4219 2691 4289 cogitat,
2711 4226 2772 4273 ut
2788 4232 2978 4274 somno
2998 4233 3058 4273 se
3083 4218 3374 4288 impertiat,
3397 4219 3540 4288 quod
3563 4220 3752 4290 utique

2161 4327 2269 4368 non
2314 4320 2488 4383 potest
2514 4311 2749 4382 cogitare
2780 4325 2900 4366 cum
2935 4309 3134 4365 dormit
3166 4327 3178 4364 :
3209 4309 3304 4365 sed
3348 4325 3570 4366 somnus
3622 4328 3749 4367 cum

2160 4412 2385 4472 occupat
2411 4402 2673 4468 membra,
2703 4417 2808 4456 non
2829 4417 2891 4456 ea
2914 4400 3037 4457 facit
3065 4401 3421 4458 inobedientia
3451 4403 3748 4472 voluntati;

2160 4495 2282 4566 quia
2310 4504 2363 4550 et
2386 4496 2556 4566 ipsam
2582 4495 2908 4550 voluntatem
2934 4495 3002 4548 ab
3033 4495 3398 4564 hujuscemodi
3425 4496 3623 4552 alienat
3646 4498 3752 4552 im—

2161 4590 2330 4660 perio,
2359 4589 2652 4645 avertendo
2671 4589 2904 4644 animam
2935 4587 3001 4643 ad
3027 4589 3140 4644 visa
3166 4591 3521 4657 somniorum,
3547 4592 3598 4646 in
3632 4593 3756 4664 qui-

2159 4683 2259 4739 bus
2285 4697 2427 4752 sazpe
2453 4682 2612 4738 etiam
2656 4681 2830 4738 futura
2871 4690 3164 4738 monstrata
3205 4693 3346 4738 sunt.
3375 4682 3530 4740 Unde
3556 4685 3600 4739 si
3633 4695 3755 4742 erat

2160 4775 2212 4830 in
2242 4773 2488 4845 paradiso
2514 4773 2828 4830 vicissitudo
2851 4772 3102 4843 vigilandi
3127 4782 3287 4844 atque
3307 4773 3632 4844 dormiendi,
3662 4776 3755 4832 ubi

2160 4881 2266 4922 non
2283 4875 2398 4922 erat
2417 4865 2614 4920 malum
2634 4863 3081 4937 concupiscendi;
3122 4874 3227 4920 tam
3271 4864 3444 4922 felicia
3475 4876 3631 4924 erant
3664 4883 3757 4925 so-

2159 4960 2304 5015 mnia
2329 4957 2727 5025 dormientium,
2755 4972 2913 5027 quam
2944 4957 3046 5012 vita
3075 4957 3425 5028 vigilantium.

2231 5055 2320 5109 45.
2348 5050 2500 5118 Quod
2543 5059 2722 5106 autem
2756 5059 2808 5105 te
2845 5048 3014 5120 jactus
3044 5090 3061 5116 ,
3103 5057 3160 5105 et
3200 5050 3427 5107 inaniter
3464 5067 3752 5123 spumeum

2161 5143 2418 5225 diﬁundis
2446 5142 2740 5213 eloquium,
2775 5159 2794 5193 ι
2824 5148 3076 5210 parentes
3099 5154 3417 5211 comparans
3444 5143 3748 5210 parricidis,

2161 5237 2214 5292 in
2240 5237 2318 5292 eis
2353 5249 2601 5291 asserens
2625 5247 2747 5289 esse
2771 5245 2988 5287 causam
3017 5237 3078 5285 nt
3103 5229 3192 5285 ﬁlii
3233 5246 3356 5286 cum
3395 5231 3751 5289 damnatione

2159 5337 2480 5384 nascantur:
2512 5345 2532 5379 ι
2558 5325 2744 5381 fereris
2765 5323 2786 5356 ³
2811 5322 3030 5378 omnino
3051 5323 3242 5394 linguae
3265 5333 3368 5378 tua:
3389 5323 3534 5378 velut
3557 5324 3752 5380 exsul-

2159 5419 2391 5474 tantibus
2417 5424 2471 5472 et
2497 5413 2871 5488 plaudentibus
2906 5414 3096 5484 pennis
3117 5454 3131 5478 ,
3162 5429 3261 5469 nec
3305 5414 3358 5468 in
3390 5413 3494 5470 isto
3517 5418 3750 5487 strepitu

2156 5524 2314 5583 quem
2345 5510 2438 5565 tibi
2463 5510 2576 5578 ipse
2594 5507 2738 5571 facis,
2769 5505 2989 5574 respicis
3011 5505 3198 5560 Deum.
3221 5505 3328 5563 Cur
3345 5506 3488 5561 enim
3511 5521 3621 5563 non
3643 5508 3750 5565 ista

2220 5603 2236 5635 ι
2262 5603 2335 5651 sic
2355 5608 2460 5650 Mss.
2486 5606 2541 5649 At
2562 5598 2700 5662 editi,
2720 5595 3034 5662 recipimztur.

2217 5667 2237 5696 ²
2254 5671 2353 5712 Duo
2369 5670 2496 5720 Mss,
2518 5659 2658 5710 dicis.

2220 5727 2240 5758 ³
2272 5728 2343 5774 sic
2368 5735 2466 5773 Am.
2484 5715 2564 5772 Ἐν.
2593 5731 2645 5772 et
2666 5727 2773 5769 Mss.
2795 5725 2925 5781 tum,
2951 5715 3117 5782 ferris.

2216 5789 2289 5848 (tt)
2325 5787 2449 5848 Apud
2475 5796 2572 5848 Am.
2600 5793 2651 5848 et
2675 5783 2840 5848 E13,}.

2131 5922 2136 5925 ι
2216 5844 2289 5913 (ὑ)
2320 5844 2491 5912 supra,
2516 5847 2598 5898 lib.
2626 5847 2674 5908 4,
2693 5858 2744 5896 ιι.
2768 5844 2849 5896 39.
