4022 6468
286 913 552 979 praascivit
578 930 824 988 arsuros,
862 936 1048 981 creare
1092 942 1196 983 non
1226 930 1421 989 desinit
1455 954 1469 991 :
1498 953 1597 994 nec
1625 940 1709 1009 ei,
1741 942 1865 1013 quia

281 1013 376 1054 eos
396 1012 566 1069 creat,
589 1006 690 1063 nisi
716 1010 925 1067 bonitas
946 1014 1233 1087 imputatur
1251 1022 1291 1076 ί.
1319 1023 1387 1078 Et
1409 1028 1665 1096 quosdam
1692 1006 1865 1088 infan-

282 1097 363 1146 tes
383 1092 546 1149 etiam
574 1096 867 1168 baptizatos
895 1119 1031 1175 quos
1051 1108 1255 1167 futuros
1280 1092 1545 1183 praescivit
1564 1132 1859 1192 apostatas,

280 1197 386 1239 non
413 1184 589 1243 aufert
609 1204 674 1244 ex
702 1190 803 1248 hac
827 1195 934 1250 vita
957 1197 1010 1253 in
1032 1209 1287 1261 mternum
1316 1223 1537 1280 regnum
1560 1184 1857 1285 adoptatos,

279 1290 377 1331 nec
399 1278 483 1334 eis
509 1281 716 1339 confert
742 1300 989 1358 magnum
1019 1293 1334 1355 beneficium
1356 1278 1541 1373 ,iquod
1569 1308 1618 1362 ei
1648 1278 1715 1364 de
1753 1278 1860 1382 quo

277 1365 487 1437 legitur,
516 1369 713 1443 Raptus
732 1386 825 1444 est,
853 1395 918 1435 ne
939 1385 1135 1439 malitia
1175 1365 1391 1448 mutaret
1416 1365 1721 1453 intellectum
1750 1365 1859 1475 ἧκε

277 1457 294 1525 (
317 1455 449 1528 Sap.
477 1476 550 1529 tv,
582 1464 643 1519 11
667 1464 708 1536 ).
731 1466 839 1524 Nec
865 1477 1043 1529 tamen
1083 1478 1193 1534 Deo
1223 1482 1491 1555 tribuitur,
1520 1490 1620 1545 nisi
1646 1455 1857 1553 bonitas

273 1554 437 1619 atque
452 1550 688 1624 iustitia,
714 1573 818 1629 qua
844 1561 912 1619 de
936 1563 1091 1623 bonis
1112 1578 1167 1625 et
1193 1574 1350 1631 malis
1388 1550 1567 1636 omnia
1608 1582 1749 1641 bene
1791 1550 1855 1645 ac

273 1651 417 1699 recte
436 1643 583 1704 facit.
605 1649 816 1716 Quanto
836 1654 1041 1715 facilius
1064 1661 1394 1738 intelligitur,
1418 1676 1723 1742 parentibus
1746 1643 1852 1738 non

270 1747 389 1790 esse
416 1737 754 1798 tribuendum
774 1786 789 1811 ,
816 1748 917 1803 nisi
945 1752 1088 1822 quod
1118 1754 1255 1814 filios
1294 1737 1518 1833 volunt,
1548 1769 1638 1839 qui
1666 1774 1852 1842 procul

270 1821 430 1881 dubio
458 1844 575 1897 qum
602 1831 705 1889 illis
728 1832 904 1894 futura
928 1851 1052 1899 sunt
1078 1848 1361 1907 nesciunt?

337 1916 563 1975 CAPUT
600 1922 690 2015 Xl.
722 1929 896 1984 -—u.
921 1932 1074 2001 Quod
1112 1948 1289 1998 autem
1327 1957 1756 2012 cummcmorasti
1781 1973 1847 2015 ex

268 2002 553 2079 Evangelio
570 2055 586 2079 ,
628 2014 813 2075 Helius
837 2033 945 2079 erat
971 2026 1164 2085 homini
1189 2033 1268 2089 illi
1304 2002 1844 2117 nonnusgl-llfbu‘b:

266 2112 408 2170 xxvi,
453 2103 581 2177 24);
609 2123 785 2167 nonne
808 2123 870 2170 ut
896 2132 1204 2180 nasceretur
1226 2128 1344 2198 plus
1368 2148 1529 2203 opere
1555 2137 1648 2195 Dei
1668 2152 1844 2201 actum

264 2196 344 2246 est
360 2233 378 2260 ,
404 2210 563 2264 quam
588 2209 904 2270 parentum?
923 2212 1029 2268 Cur
1056 2231 1164 2272 non
1195 2196 1307 2291 ipse
1335 2196 1548 2297 imagini
1574 2246 1683 2290 sua:
1708 2251 1845 2305 prae-

263 2284 396 2339 stitit
436 2290 578 2357 quod
607 2297 795 2353 melius
818 2311 936 2358 erat
955 2346 970 2373 ,
1002 2309 1091 2378 qui
1122 2284 1319 2370 malum
1349 2284 1491 2388 quod
1526 2323 1575 2378 ei
1606 2284 1841 2387 futu‘rum

264 2370 432 2431 fuerat
458 2384 791 2456 prmscicbat,
818 2370 964 2461 quod
979 2370 1225 2465 parentes
1249 2370 1409 2464 nosse
1448 2426 1554 2467 non
1581 2421 1841 2485 possunt?

263 2461 325 2517 Et
355 2472 532 2525 tamen
555 2472 623 2528 ab
648 2476 727 2532 eis
754 2481 842 2550 qui
880 2461 1026 2541 recte
1066 2488 1399 2567 intelligunt,
1441 2516 1547 2558 non
1582 2461 1840 2567 [tribuitur

261 2554 388 2624 Deo,
418 2560 522 2616 nisi
548 2566 687 2634 quod
713 2569 1023 2644 benignitati
1063 2554 1399 2644 tribuendum
1438 2601 1521 2649 est
1547 2595 1835 2658 Creatoris.

258 2644 345 2703 Sic
368 2658 425 2705 et
451 2658 756 2721 parentibus
784 2664 901 2721 sine
936 2670 1079 2726 nodo
1112 2674 1345 2736 difficilis
1383 2644 1838 2753 quiestivoniswbbe

258 2741 525 2811 tribuitur,
566 2752 708 2823 quod
741 2755 878 2813 ﬁlios
904 2762 1245 2835 volucrunt',
1278 2741 1504 2842 quorum
1536 2778 1709 2838 futura
1734 2801 1835 2841 ne-

254 2832 541 2893 sciverunt.
566 2839 681 2912 Ego
705 2855 882 2905 autem
918 2867 1027 2909 non
1064 2856 1185 2914 dico
1209 2832 1458 2931 parvulos
1486 2869 1602 2928 sine
1635 2875 1834 2935 Christi

254 2921 577 2993 Baptismate
604 2934 893 2996 morientes
919 2949 1062 3000 tanta
1089 2921 1247 3018 pinna
1274 2969 1394 3013 esse
1418 2960 1749 3037 plectendos,
1776 2980 1834 3027 ut

1090 3013 1107 3018 _
1420 3013 1434 3029 ,
1484 3013 1749 3037 --_-_-_--,

253 3013 326 3069 eis
348 3032 456 3073 non
484 3024 628 3078 nasci
654 3028 830 3096 potius
852 3036 1161 3108 expediret;
1185 3058 1306 3100 cum
1327 3047 1428 3105 hoc
1450 3052 1703 3115 Dominus
1724 3078 1831 3119 non

250 3103 315 3161 de
343 3110 666 3179 quibuslibet
702 3128 1101 3200 peccatoribus,
1132 3103 1226 3191 sed
1255 3137 1324 3194 de
1348 3144 1740 3207 scelestissimis
1776 3164 1832 3211 et

250 3195 574 3268 impiissimis
598 3207 809 3268 dixerit.
837 3215 894 3272 Si
923 3222 1063 3277 enim
1086 3195 1232 3295 quod
1262 3229 1329 3287 de
1358 3232 1604 3296 Sodomis
1631 3243 1740 3312 ait,
1775 3255 1830 3303 et

249 3290 428 3397 inique
452 3310 557 3351 non
585 3298 651 3356 de
675 3304 807 3361 solis
828 3307 1050 3385 intelligi
1076 3290 1261 3388 voluit,
1290 3325 1426 3383 alius
1447 3290 1553 3388 alio
1577 3290 1828 3397 tolerabi-

247 3376 345 3498 ξας
365 3382 420 3438 in
450 3385 537 3442 die
554 3388 737 3458 judicii
766 3376 1027 3465 punietur:
1043 3405 1153 3479 (Id.
1178 3376 1823 3498 ι,’1ξ,νξί;ιι,ω2ἷ)ιζιξιῖξε

280 3471 558 3498 ..ιεηηημ
585 3496 635 3498 _,
752 3487 766 3498 .
980 3494 993 3498 _

245 3466 563 3533 dubitaverit
584 3487 833 3550 parvulos
848 3506 954 3547 non
978 3466 1293 3570 baptizatos,
1316 3466 1407 3578 qui
1426 3466 1599 3570 solum
1622 3466 1820 3579 fulgent

241 3563 495 3635 originale
518 3584 813 3648 peccatum,
837 3599 938 3641 nec
962 3563 1085 3644 ullis
1106 3563 1734 3677 prepriis'aggravantur,
1765 3614 1819 3671 in

244 3652 389 3677 λημ
407 3674 423 3677 -
439 3661 497 3677 μγ
734 3670 746 3677 -
863 3674 873 3677 -

1106 3652 1121 3661 .
1206 3652 1221 3665 .
1322 3652 1325 3653 ν
1366 3652 1734 3677 "00"""""""
1765 3652 1819 3671 ⁸η

240 3652 579 3720 damnatione
604 3670 840 3727 omnium
861 3674 1128 3738 levissima
1152 3683 1398 3745 futuros?
1422 3694 1550 3761 Quae
1569 3703 1740 3771 qualis
1766 3714 1821 3762 et

235 3760 431 3819 quanta
455 3755 577 3824 erit,
605 3766 847 3831 quamvis
869 3768 1092 3831 definire
1122 3794 1226 3835 non
1254 3785 1474 3856 possim,
1504 3806 1609 3848 non
1636 3801 1815 3855 tamen

234 3840 408 3899 audeo
436 3844 615 3905 dicere
642 3856 782 3923 quod
808 3860 885 3916 eis
914 3872 971 3919 ut
999 3868 1131 3924 nulli
1156 3840 1338 3932 essent
1366 3840 1524 3949 quam
1550 3894 1606 3941 ut
1634 3887 1707 3945 ibi
1729 3907 1817 3949 es-

233 3944 378 4003 sent,
415 3940 590 4007 potius
616 3949 907 4016 expediret.
951 3958 1146 4018 Verum
1184 3980 1280 4022 vos
1309 3940 1548 4045 quoque,
1592 3982 1683 4051 qui
1717 4000 1815 4042 eos

233 4026 368 4051 πηι...
408 4028 599 4051 ηιμ.--
650 4036 689 4051 ,.
879 4046 889 4051 _
940 4047 953 4051 _

233 4026 373 4081 velut
404 4028 603 4087 liberos
640 4036 709 4091 ab
747 4046 891 4097 omni
920 4047 1261 4112 damnatione
1300 4026 1808 4145 essejconte‘nditis,

228 4118 463 4188 cogitare
483 4138 587 4179 non
610 4129 766 4186 vultis
780 4148 883 4204 qua
903 4138 1021 4196 illos
1043 4142 1379 4210 damnatione
1404 4160 1652 4231 puniatis,
1676 4118 1808 4224 alie:

226 4210 405 4265 nando
448 4227 476 4266 a
522 4217 621 4272 vita
666 4221 759 4278 Dei
802 4235 855 4281 et
895 4245 926 4284 a
967 4248 1130 4305 regno
1159 4239 1253 4297 Dei
1278 4252 1359 4301 tot
1393 4210 1652 4321 imagines
1680 4258 1805 4331 Dei,

224 4312 499 4371 postremo
522 4317 818 4381 separando
846 4336 875 4375 a
903 4331 1211 4393 parentibus
1252 4337 1385 4408 piis,
1430 4312 1564 4411 quos
1602 4312 1807 4409 adeas

221 4401 585 4465 procreaudos
606 4414 710 4463 tam
736 4410 965 4473 disertus
986 4418 1236 4481 hortaris.
1258 4428 1383 4486 Haec
1406 4444 1582 4493 autem
1608 4440 1805 4512 injuste

219 4486 525 4559 patiuntur,
547 4494 592 4548 si
621 4498 823 4556 nullum
848 4505 1277 4575 habentomnino
1307 4534 1583 4593 peccatum
1608 4548 1622 4587 :
1647 4486 1737 4592 iiut
1756 4537 1803 4593 si

214 4574 381 4645 iuste,
407 4596 534 4653 ergo
561 4585 759 4647 habent
784 4598 1044 4668 originale
1070 4574 1373 4675 peccatum.

285 4668 383 4724 45.
416 4669 492 4743 (a)
514 4676 645 4783 Aliis
672 4681 861 4743 deinde
888 4668 1173 4764 propositis
1198 4668 1575 4783 meisﬂverbis,
1607 4716 1800 4787 quibus

210 4770 631 4825 commemoravi
678 4790 837 4844 quam
880 4782 1102 4843 honeste
1144 4797 1313 4852 sancti
1365 4804 1567 4875 antiqui
1617 4770 1796 4879 patres

210 4852 525 4879 -An2..-:l.._--
550 4878 573 4879 η
612 4864 624 4875 ο
651 4864 671 4879 ιι
766 4870 777 4879 .
914 4874 945 4879 -.
988 4877 996 4879 Α

208 4852 529 4926 coniugibus
547 4864 624 4917 usi
647 4864 873 4938 fuerint;
896 4874 1029 4933 dicis
1049 4898 1070 4933 ι
1093 4897 1188 4940 eos
1207 4901 1314 4945 non
1333 4890 1435 4949 hoc
1454 4852 1650 4955 ἰξίιυίῑέ
1664 4915 1793 4973 ope-

208 4960 326 4973 ...υν-
373 4948 544 4973 Ann--
560 4970 573 4973 -
826 4966 838 4973 ·
884 4968 897 4973 -

207 5034 350 5065 “lina
427 5045 589 5065 ,ημξμη
656 5060 665 5065 -
939 5061 953 5065 -

204 5140 351 5183 nunc
384 5132 704 5205 adoptamur
733 5150 971 5208 nondum
991 5155 1161 5215 fuerat
1180 5132 1486 5227 institutumr
1500 5192 1521 5227 ι
1556 5175 1659 5246 (De
1674 5132 1788 5237 liu-

204 5221 328 5246 ..-2:-
352 5233 390 5246 ι·
411 5222 492 5246 ην
622 5234 632 5244 '
777 5240 788 5246 ‘
872 5244 878 5246 “
910 5244 917 5246 ”

203 5221 328 5287 pliis
344 5233 390 5276 et
409 5222 839 5306 Concupiscenlia,
860 5244 947 5299 lib.
972 5248 1024 5315 1,
1054 5267 1107 5305 η.
1132 5254 1209 5323 9).
1235 5221 1347 5316 Hoc
1371 5221 1787 5338 d—ewBapt—isvmale

1167 5316 1177 5323 ,
1382 5316 1387 5317 ,
1420 5316 1429 5317 ,
1462 5316 1785 5338 __,-..,........

200 5324 391 5367 verum
420 5316 551 5375 dicis
579 5339 590 5375 :
620 5340 720 5383 nec
748 5331 866 5388 ideo
896 5344 1070 5397 tamen
1096 5346 1419 5408 credendum
1447 5365 1548 5425 est,
1578 5368 1633 5416 et
1660 5373 1785 5421 ante

202 5402 378 5425 J-n-_-
415 5409 449 5425 ξ’
642 5418 652 5425 ·
690 5420 702 5425 ‘

1238 5402 1247 5403 κ
1302 5402 1419 5408 --_-_-
1449 5402 1548 5425 -..τ’
1579 5402 1633 5416 ν.
1660 5402 1785 5421 ιιιιιυ
1897 5402 1904 5405 “

198 5402 381 5459 datam
404 5409 861 5479 circumcisionem
881 5426 1108 5491 famulos
1124 5436 1239 5507 Dei,
1259 5445 1683 5519 quandoquidem
1704 5456 1783 5513 eis
1890 5440 1904 5495 ί

199 5490 375 5519 θην.-.
408 5498 479 5519 ιι-
506 5503 539 5519 ι·
583 5514 591 5519 .
666 5509 678 5519 ι
744 5514 766 5519 --
791 5514 803 5519 -

1138 5490 1147 5491 ,
1176 5490 1239 5507 --,
1262 5490 1683 5519 Ἵππη-ηπ...
1704 5490 1780 5513 ωε

198 5490 379 5550 inerat
405 5498 709 5565 Mediatoris
734 5514 867 5572 fides
894 5519 946 5575 in
976 5537 1140 5583 carne
1162 5535 1389 5605 venturi,
1421 5541 1570 5597 nullo
1597 5557 1780 5603 sacra-

196 5596 385 5644 mento
413 5592 528 5662 eius
563 5600 848 5671 opitulatos
887 5609 1049 5672 fuisse
1091 5624 1326 5689 parvulis
1366 5592 1509 5700 suis;
1539 5640 1780 5706 quamvis

430 6042 657 6116 Sacr.
698 6054 978 6159 Aususr.

1630 545 1836 607 LIBER
1870 546 2189 620 QUINTUS.

1970 952 2111 1008 tollit
2138 968 2411 1025 peccatum
2432 964 2447 995 ¹
2472 968 2651 1023 mundi
2677 968 2865 1042 (Joan.
2890 991 2925 1041 ι,
2948 952 3077 1049 ξ9),
3107 952 3355 1050 Apertius

1968 1041 2099 1114 legis
2119 1047 2228 1116 iam
2259 1059 2496 1124 tempore
2527 1063 2865 1121 nascentibus
2891 1041 3122 1137 parvulis
3143 1115 3157 1137 ,
3188 1074 3551 1135 offerebantur

1966 1136 2223 1195 sacrificia
2246 1157 2342 1212 pro
2364 1152 2614 1216 peccatis.
2636 1136 2941 1226 ReSponde,
2965 1174 3061 1230 pro
3082 1164 3270 1232 quibus
3292 1172 3544 1236 peccatis.

1964 1225 2192 1298 ReSpice
2233 1235 2391 1290 etiam
2437 1240 2541 1295 illis
2572 1225 3221 1322 generantibus-patr-ibus
3252 1262 3545 1328 perituram

1963 1315 2127 1375 fuisse
2155 1324 2381 1382 animam
2415 1335 2621 1400 Parvuli
2644 1336 2711 1393 de
2741 1343 2937 1411 populo
2965 1361 3082 1412 suo,
3113 1348 3157 1402 si
3183 1349 3269 1406 die
3298 1368 3403 1408 non
3433 1356 3547 1411 cir-
3574 1435 3578 1441 .

1963 1412 2349 1441 ηιιηιηῖΑΑ-Αι.-..
2377 1434 2397 1441 -
2414 1430 2477 1441 -.Α
2494 1439 2547 1441 WA
2586 1424 2651 1441 In
2930 1436 2943 1441 _
2969 1437 3004 1441 _-

2027 1682 2252 1742 CAPUT
2275 1688 2393 1747 ΧΠ.
2413 1696 2593 1752 -ιϐ.
2636 1697 2755 1757 Jam
2798 1718 2929 1763 vero
2952 1725 2974 1763 ι
3003 1708 3072 1766 de
3107 1710 3339 1784 Ioseph,
3387 1717 3545 1788 cuius

1954 1770 2173 1831 Mariam
2206 1797 2225 1831 ι
2260 1789 2393 1838 teste
2418 1784 2707 1861 Evangelio
2733 1810 2755 1846 ί
2785 1797 3067 1869 coniugem
3099 1819 3119 1854 ι
3150 1770 3259 1859 dixi
3290 1770 3538 1878 (Delii:

1955 1863 2071 1931 ptiis
2096 1874 2141 1919 el
2160 1866 2592 1947 Concupiscentia,
2624 1879 2713 1935 lib.
2739 1884 2791 1951 l,
2819 1863 3020 1959 ΜΞ),
3050 1892 3216 1948 multa
3242 1863 3329 1949 diu
3355 1896 3542 1968 dispu-

1952 1960 2036 2010 tas
2061 1968 2245 2014 contra
2286 1968 2603 2024 sententiam
2638 1986 2811 2029 meam
2831 2016 2847 2043 ,
2879 1985 2933 2034 et
2961 1984 3173 2039 conaris
3213 1988 3535 2058 ostendere,

1956 2061 1978 2096 ι
2004 2047 2126 2116 quia
2154 2054 2465 2112 concubitus
2504 2057 2704 2131 defuit,
2754 2066 2901 2122 nullo
2942 2071 3104 2127 modo
3142 2073 3305 2133 fuisse
3342 2047 3535 2151 coniu;

1948 2136 2092 2207 gium
2117 2155 2131 2192 :
2162 2160 2183 2194 ι
2213 2159 2277 2198 ac
2303 2161 2398 2216 per
2424 2148 2553 2218 hoc,
2584 2157 2879 2214 secundum
2922 2168 2975 2217 te
3001 2204 3014 2228 ,
3059 2180 3181 2221 cum
3231 2168 3535 2230 destiterint

1947 2230 2301 2290 concumbere
2324 2237 2597 2310 coniuges,
2623 2244 2735 2313 iam
2765 2263 2872 2305 non
2894 2263 3049 2308 erunt
3068 2258 3344 2329 coniuges,
3374 2276 3425 2318 et
3449 2263 3535 2319 di-

1946 2318 2173 2374 vortium
2204 2323 2307 2378 erit
2344 2326 2433 2381 illa
2474 2335 2722 2388 cessatio.
2753 2336 2906 2403 Quod
2932 2357 3000 2397 ne
3024 2318 3327 2419 contingat,
3370 2362 3531 2422 agant

1944 2406 2083 2463 sicut
2107 2424 2329 2480 possunt
2356 2417 2612 2491 decrepiti
2651 2428 2793 2495 quod
2829 2430 3054 2499 iuvenes
3085 2406 3344 2511 agebant,
3377 2406 3432 2500 et
3457 2447 3528 2503 ab

1943 2496 2046 2553 hoc
2063 2516 2226 2571 opere
2245 2522 2350 2577 quo
2370 2510 2531 2568 etiam
2550 2519 2831 2576 continens
2851 2522 3071 2582 nimium
3098 2528 3399 2600 delectaris,
3425 2552 3530 2595 nec

1941 2589 2174 2648 efl'mtis'
2199 2606 2356 2654 aetate
2394 2606 2707 2675 corporibus
2754 2625 2993 2680 parcant.
3032 2618 3146 2676 Non
3190 2636 3252 2679 se
3291 2627 3528 2696 cogitent

1938 2695 2192 2754 quantum
2221 2690 2289 2745 ad
2324 2692 2557 2753 libidinis
2599 2702 2789 2758 attinet
2832 2705 3128 2779 incentiva,
3156 2690 3432 2784 senuisse,
3467 2729 3526 2776 ut

1939 2777 2144 2843 possint
2169 2781 2422 2854 coniuges
2452 2804 2780 2857 permanere.
2809 2796 2865 2853 Si
2892 2798 2993 2856 hoc
3022 2777 3121 2859 tibi
3144 2805 3337 2875 placet,
3365 2777 3525 2868 tu'vi-

1937 2865 2099 2924 deris.
2139 2871 2252 2943 Ego
2291 2884 2468 2934 autem
2516 2880 2677 2955 (quia
2723 2887 3012 2950 liberorum
3063 2865 3519 2968 procreandorum

1936 2974 2095 3017 causa
2120 2979 2316 3023 uxores
2343 2985 2463 3029 esse
2490 2974 2759 3036 ducendas
2781 3023 2796 3047 ,
2826 2983 3079 3045 honestas
3117 2997 3386 3052 consentit
3411 2996 3518 3054 hu—

1935 3069 2109 3123 mana,
2143 3061 2376 3129 quolibet
2401 3067 2559 3124 modo
2584 3070 2788 3130 libidini
2815 3079 2970 3136 cedat
2999 3082 3335 3162 infirmitas),
3364 3105 3508 3161 prce.

1935 3153 2016 3201 ter
2042 3147 2198 3205 fidem
2224 3169 2380 3222 quam
2407 3159 2508 3214 sibi
2535 3160 2729 3220 debent
2754 3170 3026 3244 coniuges,
3054 3191 3123 3232 ne
3146 3147 3512 3240 fiant’adulte-

1932 3238 2032 3305 ria,
2060 3249 2114 3295 et
2138 3244 2341 3312 prolem
2366 3250 2516 3319 cuius
2543 3259 2863 3324 generandae
2891 3278 3051 3321 causa
3093 3282 3251 3326 sexus
3280 3281 3506 3346 uterque

1930 3328 2235 3389 miscendus
2278 3346 2392 3405 est,
2439 3342 2641 3401 adverti
2682 3349 2839 3405 etiam
2886 3355 3099 3411 tertium
3139 3358 3336 3418 bonum
3366 3328 3511 3436 qtiod

1928 3436 2048 3479 esse
2076 3424 2128 3480 in
2163 3429 2471 3502 coniugibus
2513 3436 2702 3507 debet,
2732 3445 2963 3503 maxime
3012 3424 3398 3518 pertinentibus
3436 3458 3507 3515 ad

1929 3517 2179 3586 populum
2209 3521 2334 3589 Dei,
2365 3527 2504 3596 quod
2532 3530 2659 3587 mihi
2684 3535 2859 3592 visum
2898 3550 2981 3596 est
3013 3517 3137 3601 esse
3169 3547 3383 3619 aliquod
3410 3565 3505 3609 sa-
3558 3570 3563 3575 ‘

1925 3618 2272 3679 crumentum,
2306 3630 2376 3671 ne
2404 3616 2690 3679 divortium
2716 3625 2807 3683 flat
2834 3630 2917 3686 vel
2946 3633 3014 3688 ab
3042 3649 3105 3690 ea
3130 3616 3355 3711 coniuge
3380 3658 3500 3713 quae

1925 3711 2031 3753 non
2062 3710 2235 3768 potest
2262 3720 2481 3777 parere,
2510 3713 2594 3768 vel
2632 3716 2768 3773 sicut
2798 3719 2987 3781 fecisse
3017 3725 3147 3783 Cato
3192 3710 3506 3800 prehibcitur

1926 3789 2216 3862 (Plutarch.
2240 3798 2293 3853 in
2318 3800 2427 3872 ejus
2458 3801 2593 3875 Vita,
2621 3818 2669 3862 et
2691 3809 2885 3869 Lucan.
2913 3816 2999 3871 lib.
3022 3818 3103 3890 2),
3130 3789 3285 3880 nte-ab
3301 3839 3368 3881 eo
3384 3789 3503 3883 vit;

1919 3881 2009 3950 qui
2038 3884 2215 3953 plures
2231 3905 2334 3944 non
2358 3894 2468 3948 vult
2491 3900 2765 3970 suscipere
2784 3903 2941 3975 ﬁlios,
2971 3881 3123 3966 alteri
3148 3911 3361 3973 felanda

1917 3968 2217 4044 (ἰδίω-(08
2253 3977 2463 4049 Nuptiis
2501 3999 2548 4039 et
2573 3968 3003 4065 Concupiscenlia,
3048 4000 3135 4054 lib.
3184 3968 3496 4081 Liui—ivi“).

1916 4061 2142 4134 Propter
2171 4068 2270 4124 hoc
2295 4071 2348 4127 in
2380 4075 2471 4131 illo
2494 4080 2637 4148 quod
2665 4061 2955 4144 secundum
2987 4061 3333 4165 Evangelium
3362 4061 3496 4156 con;

1910 4151 2113 4223 iugium
2151 4167 2485 4235 nuncupavi,
2530 4173 2707 4227 omnia
2750 4177 2846 4234 tria
2878 4178 3013 4235 bona
3040 4151 3343 4254 nuptiarum
3380 4190 3491 4246 dixi

1913 4259 2033 4304 esse
2056 4253 2353 4321 completa;
2379 4276 2398 4308 ‹
2426 4258 2603 4325 fidem,
2625 4266 2745 4334 quia
2770 4269 2968 4325 nullum
2990 4253 3335 4346 adulterium;
3357 4294 3489 4351 pro-

1910 4335 2037 4405 lem,
2066 4339 2237 4411 ipsum
2269 4345 2548 4405 Dominum
2569 4353 2840 4413 Christum
2864 4375 2879 4425 ;
2909 4376 3323 4436 sacramentum,
3352 4373 3480 4442 quia

1908 4431 2111 4487 nullum
2134 4433 2438 4496 divortium.
2470 4461 2489 4494 ι
2514 4441 2632 4500 Non
2659 4462 2786 4519 ergo
2810 4451 2932 4521 quia
2950 4452 3062 4509 dixi
3087 4471 3246 4515 omne
3266 4431 3483 4531 nuptia-

1907 4536 2050 4592 rum,
2077 4525 2130 4580 id
2158 4536 2259 4594 est,
2290 4528 2393 4587 hoc
2422 4534 2740 4603 tripartitum
2773 4541 2967 4599 bonum
2993 4587 3007 4612 ,
3049 4547 3103 4603 in
3141 4549 3245 4608 illis
3278 4551 3479 4612 Christi

1905 4618 2212 4685 parentibus
2240 4622 2403 4680 fuisse
2438 4630 2788 4699 completum;
2829 4646 3107 4708 propterea
3150 4640 3252 4699 hoc
3275 4643 3479 4705 dixisse

1905 4707 2079 4776 putari
2120 4710 2325 4781 debeo,
2374 4716 2511 4771 sicut
2550 4718 2850 4790 insimulas,
2884 4744 2905 4781 ι
2937 4738 2995 4783 ut
3037 4731 3291 4803 quidquid
3318 4735 3481 4794 aliter

1900 4793 2081 4866 fuerit,
2107 4802 2305 4859 malum
2326 4820 2445 4863 esse
2468 4809 2727 4869 videatur.
2757 4833 2778 4870 ι
2807 4818 2935 4875 Dico
2953 4793 3096 4877 enim
3118 4832 3177 4880 et
3200 4826 3354 4885 aliter
3374 4828 3476 4887 bo-

1899 4906 2028 4949 num
2057 4910 2179 4953 esse
2204 4899 2505 4973 coniugium
2523 4944 2540 4973 ,
2565 4906 2654 4963 ubi
2683 4911 2860 4979 proles
2885 4914 2987 4969 nisi
3008 4930 3106 4988 per
3130 4923 3472 4982 concubitum

1897 4998 2005 5040 non
2030 4994 2205 5056 potest
2228 4996 2516 5060 procreari.
2546 4996 2604 5054 Si
2630 5001 2772 5058 enim
2801 5004 2958 5060 aliter
2983 5020 3182 5078 posset,
3208 5022 3264 5069 et
3287 5023 3467 5075 tamen

1955 5650 2047 5706 47.
2077 5668 2098 5705 ι
2132 5653 2295 5724 Quasi
2338 5663 2591 5747 maritus,
2648 5683 2669 5719 ι
2719 5668 2923 5739 inquis,
2959 5688 2980 5724 ε
3012 5670 3208 5745 Ioseph
3238 5675 3291 5731 in
3332 5678 3455 5748 opi-

1884 5741 2044 5799 nione
2086 5747 2322 5806 omnium
2361 5744 2499 5810 erat.
2530 5776 2550 5810 ›
2585 5756 2889 5815 Secundum
2931 5760 3069 5820 hanc
3110 5766 3455 5840 opinionem,

1882 5846 1988 5890 non
2033 5840 2325 5897 secundum
2361 5845 2638 5910 veritatem
2664 5849 2894 5909 locutam
2925 5853 3090 5914 fuisse
3126 5855 3455 5931 Scriptum!)

1945 5951 1966 6028 ξ
1996 5953 2186 6028 sane
2211 5956 2586 6028 εάίμιρεςεαιαο

1944 6014 1966 6050 !
1998 6020 2100 6076 Duo
2119 6023 2246 6085 uss,
2269 6014 2487 6087 defectis.

2762 6112 3203 6203 (Vingt-riz.)
3448 6152 3501 6173 ι-
