4022 6462
408 419 514 482 811

411 543 499 598 vis
517 537 740 611 intelligi
759 579 774 607 ,
806 543 866 595 ut
888 535 1148 610 virginem
1189 535 1411 592 Mariam
1440 533 1556 606 ejus
1601 532 1884 604 conjugem
1918 527 2006 585 di-

412 641 580 689 ceret.
605 632 717 687 Hoc
736 638 984 702 putemus
1004 629 1385 701 evangelistam
1407 626 1584 684 facere
1601 625 1859 698 potuisse,
1885 636 2006 680 cum

415 727 499 782 vel
513 741 625 791 sua,
652 724 736 781 vel
753 721 1039 794 cujuslibet
1059 721 1280 778 alterius
1299 720 1532 776 hominis
1557 719 1720 776 verba
1739 722 2005 782 narraret,

413 826 475 874 ut
504 815 796 874 secundum
841 815 1148 887 opinionem
1175 813 1450 870 hominum
1478 813 1789 884 loqueretur
1819 828 1832 864 :
1857 822 2012 864 num-

413 908 543 981 quid
580 919 634 965 et
674 909 896 982 angelus
925 907 1152 981 loquens
1178 924 1314 964 unus
1357 905 1424 962 ad
1449 922 1611 962 unum
1631 946 1648 974 ,
1674 913 1860 960 contra
1885 916 2014 958 con—

411 1002 697 1062 scientiam
734 1011 788 1059 et
829 1017 983 1059 suam
1010 1011 1063 1057 et
1107 1000 1275 1073 ipsius
1317 999 1402 1056 cui
1437 997 1788 1070 loquebatur,
1817 1009 2012 1051 secun-

413 1097 544 1153 dum
594 1097 902 1169 opinionem
946 1095 1125 1168 potius
1178 1109 1340 1166 quam
1383 1091 1676 1148 secundum
1733 1087 2014 1143 veritatem

416 1190 594 1246 fuerat
632 1191 943 1257 locuturus,
973 1189 1063 1261 qui
1108 1187 1158 1244 ei
1202 1186 1368 1252 dixit,
1405 1183 1531 1240 Noli
1562 1184 1735 1253 timere
1787 1180 2016 1250 accipere

413 1283 647 1342 Mariam
676 1285 946 1358 conjugem
993 1283 1174 1338 tuam?
1201 1279 1438 1346 Deinde,
1486 1277 1615 1351 quid
1640 1289 1775 1347 Opus
1813 1280 1929 1330 erat
1954 1277 2018 1326 ut

415 1393 590 1451 usque
617 1377 684 1434 ad
709 1377 910 1451 Joseph
938 1375 1316 1449 generationes
1342 1371 1767 1443 perducerentur
1800 1363 2013 1438 (Matth.

414 1469 472 1540 ι.
502 1472 592 1540 20,
628 1473 743 1545 16),
771 1472 815 1528 si
843 1487 950 1527 non
978 1486 1039 1527 ea
1066 1470 1288 1525 veritate
1316 1467 1511 1522 factum
1540 1471 1642 1529 est,
1669 1475 1772 1533 qua
1801 1459 1858 1513 in
1886 1472 2016 1512 con-

414 1567 565 1641 jugio
590 1581 750 1624 sexus
779 1565 947 1620 virilis
976 1562 1224 1618 excellit?
1253 1557 1405 1626 Quod
1433 1571 1533 1628 ego
1561 1556 1616 1610 in
1643 1553 1784 1610 libro
1811 1552 1898 1607 cui
1927 1564 2015 1641 re-

413 1640 678 1732 Spondes,
693 1673 814 1715 cum
832 1656 1131 1732 posuissem
1159 1651 1262 1724 (De
1281 1650 1489 1722 Nuptiis
1517 1659 1564 1702 et
1579 1640 2016 1715 Concupiscentia,

417 1743 513 1808 lib.
543 1752 570 1808 1
590 1793 606 1820 ,
629 1768 685 1805 η.
719 1748 808 1822 12)
832 1792 847 1818 ,
881 1757 938 1803 tu
967 1759 1188 1818 prorsus
1203 1743 1466 1814 attingere
1488 1737 1730 1794 timuisti.
1764 1734 1907 1792 Dicit
1924 1747 2018 1788 au-

415 1851 531 1899 tem
560 1841 733 1898 Lucas
759 1838 1083 1910 evangelista
1111 1837 1179 1892 de
1208 1835 1454 1901 Domino,
1477 1829 1620 1902 quod
1652 1827 1923 1902 putabatur
1951 1824 2020 1894 ﬁ-

416 1934 522 1992 lius
547 1933 740 2006 Ioseph
769 1931 923 2004 (Luc.
957 1947 1047 1994 ιιι,
1079 1928 1172 2000 25)
1198 1945 1214 1994 ;
1246 1927 1368 1998 quia
1399 1926 1471 1981 ita
1495 1923 1810 1996 putabatur,
1841 1925 1902 1974 ut
1925 1932 2022 1988 per

420 2028 540 2099 ejus
564 2025 908 2084 concubitum
938 2023 1146 2096 genitus
1167 2019 1497 2076 crederetur.
1521 2016 1672 2072 Hauc
1688 2013 1881 2069 falsam
1922 2025 2021 2066 vo-

417 2119 526 2181 luit
549 2135 827 2178 removere
856 2117 1196 2190 opinionem,
1230 2128 1338 2168 non
1365 2110 1586 2169 Mariam
1626 2107 1772 2164 illius
1794 2103 1895 2160 viri
1923 2116 2024 2158 ne-

420 2230 551 2290 gare
575 2212 854 2284 coniugem
873 2253 888 2280 ,
919 2217 1104 2266 contra
1128 2205 1372 2279 angelum
1403 2211 1612 2260 testem.

496 2308 589 2364 48.
613 2307 926 2376 Quanquam
974 2308 1032 2359 et
1057 2309 1112 2357 tu
1157 2300 1272 2370 ipse
1310 2297 1472 2354 etiam
1499 2314 1520 2349 ι
1555 2309 1622 2351 ex
1647 2287 2024 2362 desponsionis

420 2400 532 2458 ﬁde
571 2415 688 2456 eam
731 2412 927 2455 nomen
959 2393 1202 2465 conjugis
1227 2390 1503 2461 accepisse
1553 2405 1572 2440 ι
1623 2383 1861 2442 fatearis.
1893 2382 2025 2450 Quae

367 2565 371 2567 _
423 2493 563 2552 ﬁdes
606 2492 788 2563 utique
833 2489 1086 2546 inviolata
1134 2483 1451 2557 permansit.
1492 2481 1677 2552 Neque
1719 2479 1865 2536 enim
1897 2490 2022 2531 cum

425 2599 550 2641 eam
575 2583 799 2640 vidisset
832 2581 944 2653 jam
973 2579 1230 2651 virginem
1258 2590 1466 2632 sacram
1495 2573 1674 2630 divina
1700 2568 2026 2629 fecunditate

427 2678 712 2745 donatam,
745 2677 861 2748 ipse
900 2674 1060 2729 aliam
1104 2671 1348 2743 quaesivit
1391 2683 1610 2725 uxorem
1647 2682 1660 2722 :
1693 2681 1814 2723 cum
1844 2665 2028 2735 utique

427 2784 531 2836 nec
570 2769 727 2823 istam
774 2764 1086 2838 quaesisset,
1118 2763 1164 2818 si
1207 2760 1565 2819 necessariam
1608 2758 1890 2829 conjugem
1916 2771 2028 2811 non

425 2860 656 2918 haberet
697 2875 710 2912 :
753 2858 848 2914 sed
874 2856 1144 2912 vinculum
1169 2853 1290 2916 lidei
1321 2851 1616 2925 conjugalis
1642 2866 1748 2907 non
1793 2850 1914 2906 ideo
1936 2849 2028 2919 ju-

430 2953 630 3023 dicavit
676 2967 798 3008 esse
853 2948 1206 3016 solvendum,
1261 2947 1387 3018 quia
1443 2959 1570 3016 spes
1617 2941 2030 3000 commiscendze

432 3049 614 3104 carnis
637 3046 813 3102 ablata
850 3051 952 3100 est.
983 3041 1182 3098 Verum
1224 3039 1293 3096 de
1335 3039 1437 3095 isto
1465 3037 1713 3109 conjugio
1759 3035 1903 3108 quod
1948 3035 2031 3090 vis

434 3143 715 3207 existima;
761 3156 859 3196 nos
904 3147 1084 3194 tamen
1125 3152 1231 3192 non
1283 3144 1340 3190 ut
1383 3132 1724 3190 calumniaris
1767 3129 2028 3198 dicimus,

443 3253 466 3288 ι
510 3235 588 3290 sic
613 3233 780 3288 fuisse
804 3231 1006 3302 primos
1042 3228 1298 3300 conjuges
1324 3226 1628 3294 institutos,
1650 3234 1710 3280 ut
1737 3224 1854 3280 sine
1881 3237 2032 3279 com-

435 3325 696 3385 mixtione
749 3325 1022 3395 utriusque
1073 3335 1234 3378 sexus
1279 3319 1535 3391 conjuges
1580 3326 1759 3374 essent
1798 3333 1812 3370 :
1868 3335 1888 3369 ι
1935 3314 2034 3372 sed

435 3430 616 3478 utrum
663 3420 716 3474 in
759 3417 1005 3490 paradiso
1043 3424 1169 3471 ante
1210 3423 1488 3486 peccatum
1514 3427 1640 3468 caro
1669 3410 2034 3481 concupiverit

434 3514 696 3569 adversus
723 3512 1002 3582 spiritum;
1031 3510 1116 3565 vel
1145 3517 1319 3564 utrum
1343 3522 1483 3564 nune
1511 3507 1564 3561 in
1589 3504 1906 3576 conjugibus
1933 3503 2036 3558 hoc

435 3621 547 3663 non
583 3606 706 3673 liat,
739 3603 952 3676 quando
991 3601 1234 3674 ejusdem
1265 3599 1709 3670 concupiscentia:
1749 3599 1906 3652 etiam
1939 3611 2038 3672 per

438 3696 749 3770 pudicitiam
775 3694 1112 3765 conjugalem
1153 3691 1430 3750 cohibetur
1453 3704 1740 3755 excessus;
1775 3697 1830 3744 et
1855 3695 2034 3743 utrum

436 3791 645 3850 malum
693 3804 798 3844 non
843 3787 942 3854 sit,
973 3788 1060 3842 cui
1100 3783 1416 3856 repugnanti
1459 3783 1899 3839 consentiendum
1929 3797 2036 3836 non

440 3894 560 3952 est,
588 3897 656 3938 ne
695 3882 748 3936 in
794 3895 949 3936 suum
978 3885 1166 3950 pergat
1189 3891 1500 3943 excessum;
1546 3883 1601 3931 et
1626 3883 1806 3930 utrum
1833 3889 1940 3929 non
1969 3889 2038 3930 ex

440 3973 560 4045 ipsa
592 3982 646 4029 et
683 3987 806 4028 cum
833 3972 944 4042 ipsa
975 3971 993 4002 ¹
1023 3968 1454 4040 concupiscentia
1489 3976 1771 4034 nascatur,
1800 3966 1883 4022 cui
1919 3980 2038 4021 ma-

441 4067 556 4125 lum
617 4068 795 4122 inesse
851 4065 1011 4121 ullum
1052 4078 1250 4134 negas;
1307 4072 1360 4118 et
1396 4069 1574 4118 utrum
1615 4061 1682 4116 ab
1728 4061 2042 4132 ingenerata

446 4161 592 4218 malo
633 4160 799 4230 possit
841 4157 1118 4213 hominum
1163 4156 1443 4227 quisquam
1495 4154 1595 4209 nisi
1636 4153 2042 4225 regeneratione

443 4253 702 4317 liberari;
734 4251 838 4307 hoc
867 4250 1005 4305 inter
1033 4262 1134 4304 nos
1175 4247 1474 4303 disseritur.
1510 4244 1567 4300 ln
1614 4244 1700 4301 his
1728 4245 2042 4315 quaestioni-

445 4346 549 4403 bus
571 4345 831 4400 catholica
879 4341 1105 4398 veritate
1132 4340 1421 4410 antiquitus
1452 4337 1640 4394 tradita
1668 4344 1849 4394 vestra
1879 4335 2042 4407 impia

445 4442 658 4498 novitas
687 4439 992 4494 suffocatur.

523 4530 748 4589 CAPUT
791 4529 927 4586 Xlll.
951 4558 1024 4570 υ-
1043 4527 1132 4583 49.
1160 4526 1310 4594 Quod
1337 4533 1512 4582 autem
1536 4525 1728 4596 putasti
1749 4539 2045 4596 congeren-

449 4628 519 4683 da
575 4640 697 4681 esse
743 4638 1018 4679 sacrarum
1071 4621 1373 4677 testimonia
1437 4619 1793 4685 Litterarum,
1850 4617 2044 4688 quibus

449 4720 709 4791 probares
736 4716 876 4771 unde
923 4717 1063 4770 inter
1101 4729 1199 4769 nos
1245 4713 1386 4768 nulla
1406 4712 1631 4784 quaestio
1674 4719 1786 4779 est,
1822 4729 1841 4763 ι
1877 4727 1904 4765 a
1935 4711 2046 4765 Deo

451 4811 625 4867 creari
677 4809 984 4877 hominem,
1022 4826 1042 4860 ι
1075 4807 1219 4878 quod
1263 4806 1330 4859 de
1358 4804 1593 4876 quolibet
1617 4803 1910 4859 vermiculo
1952 4817 2049 4859 ne-

452 4921 585 4977 gare
616 4903 694 4959 fas
721 4918 826 4958 non
851 4913 966 4968 est;
999 4918 1102 4973 quo
1136 4899 1421 4972 pertinuit,
1460 4899 1561 4956 nisi
1592 4907 1649 4955 ut
1677 4908 1728 4955 te
1765 4907 2049 4970 appareret

453 5011 677 5068 campos
699 4996 955 5068 quaesisse
981 4995 1262 5050 verborum
1284 5033 1301 5060 ,
1331 4991 1420 5049 ubi
1440 5002 1661 5048 ventose
1689 5002 1850 5064 atque
1877 4992 2051 5047 inani-

452 5098 542 5146 ter
565 5088 844 5145 curreres?
873 5087 978 5143 Sed
1005 5103 1126 5142 cum
1157 5088 1317 5142 etiam
1345 5086 1512 5143 sancti
1537 5085 1639 5142 Job
1685 5087 2046 5143 testiinonium

457 5191 569 5236 tam
621 5179 919 5251 loquaciter
962 5178 1280 5248 adhiberes,
1327 5193 1493 5250 quare
1537 5193 1642 5233 non
1675 5178 1768 5234 tibi
1813 5179 1959 5234 venit
1996 5177 2048 5234 in

454 5281 696 5330 mentem
733 5271 877 5344 quod
918 5272 993 5327 ait
1033 5271 1170 5328 idem
1199 5271 1313 5342 ipse
1339 5271 1499 5327 homo
1530 5271 1657 5339 Dei,
1687 5286 1808 5327 cum
1834 5271 1900 5327 de
1923 5287 2049 5342 pce-

456 5367 596 5421 catis
625 5380 804 5421 sermo
833 5365 884 5421 ei
908 5366 929 5398 '
956 5373 1100 5420 esset
1123 5364 1372 5420 humanis
1391 5406 1405 5430 ,
1435 5365 1704 5419 neminem
1735 5364 1988 5420 mundum
2020 5379 2050 5419 a

456 5459 656 5525 sorde,
691 5475 788 5516 nec
832 5459 1084 5515 infantem
1116 5459 1268 5531 cujus
1309 5469 1390 5514 cst
1433 5459 1592 5514 unius
1630 5457 1734 5514 diei
1760 5459 1865 5515 vita
1892 5473 2054 5529 super

455 5561 658 5609 terram
685 5551 804 5625 (Job
851 5569 975 5620 xw,
1008 5554 1061 5620 5,
1091 5570 1191 5608 sec.
1226 5552 1444 5627 LXX)?
1472 5552 1604 5608 Nam
1633 5553 2053 5609 misericordiam

461 5655 518 5701 et
546 5646 751 5717 magnis
779 5657 833 5702 et
864 5647 1070 5717 pusillis
1113 5647 1363 5702 omnibus
1407 5647 1648 5716 praestari
1679 5646 1746 5701 ab
1773 5646 1864 5703 illo
1889 5661 1918 5701 a
1949 5661 2053 5717 quo

461 5851 703 5957 ιωέιὶειιὶίιί
717 5941 734 5970 ,
758 5906 882 5970 ejus.

1195 409 1471 472 CONTRA
1505 405 1848 470 JULIANUM
1884 401 2352 474 PELAGIANUM,
2391 401 2453 462 S.
2493 399 2862 464 AUGUSTINI

529 5783 546 5813 ι
585 5789 633 5831 In
655 5781 994 5846 manuscriptls
1032 5785 1269 5836 Vaticanis
1293 5791 1345 5834 et
1366 5783 1616 5834 Gallicanis
1637 5782 1812 5847 deest,
1850 5790 1895 5836 et
1946 5797 2057 5836 cum

3607 403 3722 465 813

2117 525 2262 582 salus
2289 531 2374 582 est
2397 533 2453 580 et
2473 522 2753 580 hominum
2781 530 2836 578 et
2871 533 3125 596 pecorum
3144 560 3162 590 ,
3191 526 3248 578 et
3269 521 3364 593 qui
3385 521 3515 580 facit
3542 523 3723 581 solem

2117 631 2274 674 suum
2326 616 2458 674 oriri
2505 631 2667 687 super
2709 615 2883 672 bonos
2907 623 2963 671 et
2989 613 3162 670 malos
3210 611 3425 688 (Matth.
3467 630 3531 686 ν,
3577 614 3677 690 45)
3701 656 3721 682 ,

2119 711 2241 782 quis
2268 695 2496 778 abnuat,
2523 710 2624 767 nisi
2653 708 2746 780 qui
2771 709 2940 765 Deum
2968 721 3090 766 esse
3108 747 3123 773 ,
3153 715 3247 764 aut
3274 714 3490 766 terreris
3523 721 3726 764 cursu

2119 817 2229 860 non
2255 802 2465 860 credit?
2493 801 2646 870 Quod
2673 809 2732 856 tu
2755 800 2908 872 quasi
2933 799 3060 857 inde
3101 798 3556 856 contenderemus
3579 833 3598 868 ,
3621 813 3723 870 per

2122 893 2491 951 testimonium
2520 893 2691 950 sancti
2727 891 2830 950 Job
2866 891 3066 950 docere
3094 891 3344 961 voluisti,
3373 892 3500 964 quia
3543 890 3684 948 dixit
3705 933 3722 960 ,

2125 988 2335 1045 Ossibus
2360 998 2407 1044 et
2427 990 2591 1045 nervis
2619 987 2914 1060 commisti
2932 1003 3012 1042 me
3029 1028 3047 1056 ,
3067 989 3224 1042 vitam
3242 995 3290 1042 et
3317 986 3729 1042 misericordiam

2123 1081 2342 1136 tribuisti
2370 1081 2494 1136 mihi
2523 1079 2645 1153 (Job
2679 1097 2744 1150 ι,
2778 1081 2876 1147 11,
2901 1079 3014 1152 12).
3042 1078 3148 1137 Ubi
3169 1077 3388 1151 quidem
3417 1079 3524 1136 ille
3549 1080 3731 1150 potuit

2123 1191 2232 1231 non
2273 1191 2490 1233 omnem
2542 1173 2846 1247 signiﬁcare
2891 1173 3202 1242 hominem,
3250 1171 3348 1228 sed
3374 1172 3445 1228 de
3495 1185 3556 1228 se
3606 1172 3730 1242 ipso

2123 1267 2326 1338 gratias
2346 1282 2506 1339 agere
2524 1306 2542 1334 ,
2575 1265 2717 1337 quod
2755 1281 2881 1322 eum
2909 1265 3200 1322 carnaliter
3221 1273 3405 1320 natum
3440 1278 3551 1320 non
3577 1264 3731 1320 dese-

2125 1360 2326 1425 ruerit,
2355 1359 2453 1414 sed
2480 1359 2530 1415 ei
2555 1357 2980 1416 misericordiam
3001 1366 3061 1414 ut
3087 1372 3214 1414 vere
3242 1358 3260 1390 ⁸
3289 1357 3530 1424 viveret,
3558 1355 3614 1412 id
3643 1363 3731 1412 est

2119 1450 2268 1521 juste
2288 1450 2521 1516 viveret,
2551 1449 2644 1522 qui
2667 1465 2792 1506 eum
2817 1449 3091 1515 condidit,
3115 1450 3230 1521 ipse
3256 1449 3588 1520 praestiterit.
3617 1449 3731 1504 Aut

2125 1549 2276 1599 certe
2313 1546 2437 1613 quia
2490 1557 2674 1612 parum
2727 1551 2844 1600 erat
2891 1542 3036 1607 vita,
3090 1555 3250 1613 quam
3299 1541 3574 1598 nascendo
3615 1555 3730 1598 sor-

2127 1633 2260 1688 titus
2309 1640 2427 1698 est,
2475 1631 2600 1688 ideo
2641 1631 2875 1701 addidit,
2923 1642 2972 1688 et
3024 1632 3458 1699 nisericordt'am;
3503 1647 3574 1690 ne
3635 1645 3729 1690 ne-

2128 1734 2376 1783 maneret
2421 1725 2734 1782 naturaliter
2784 1726 2928 1782 ﬁlius
2969 1726 3063 1782 im
3113 1726 3255 1783 sicut
3304 1733 3363 1782 et
3387 1727 3568 1784 caeteri
3592 1767 3610 1795 ,
3641 1733 3730 1782 at-

2129 1835 2236 1891 que
2290 1819 2433 1874 inter
2476 1833 2606 1876 vasa
2657 1819 2788 1888 irai,
2839 1833 2946 1876 non
2989 1819 3132 1881 inter
3169 1833 3298 1876 vasa
3343 1817 3729 1876 misericordia:

2130 1911 2309 1969 ﬁeret.

2203 2002 2295 2060 50.
2340 2002 2448 2058 Cur
2499 2009 2680 2060 autem
2726 2001 2794 2058 de
2848 2002 2992 2058 malo
3043 2002 3186 2073 quod
3237 2002 3288 2058 ei
3328 2001 3532 2072 adjacet
3562 2010 3728 2073 atque

2132 2094 2278 2152 inest
2306 2094 2562 2150 membris
2589 2093 2706 2166 ejus
2728 2109 2854 2161 reus
2877 2109 2984 2150 non
3015 2095 3081 2150 sit
3120 2093 3325 2160 ﬁdelis,
3355 2101 3408 2150 et
3429 2109 3491 2150 ex
3515 2108 3582 2150 eo
3609 2107 3725 2150 ma-

2135 2186 2192 2243 lo
2243 2197 2418 2244 tamen
2456 2188 2548 2258 qui
2598 2188 2837 2244 nascitur
2881 2197 3086 2244 reatum
3136 2188 3344 2256 trahat,
3388 2189 3497 2260 jam
3543 2188 3728 2245 nescio

2133 2278 2346 2348 quoties
2408 2278 2661 2334 diximus.
2703 2277 2874 2336 Fideli
2932 2278 3074 2334 enim
3119 2278 3224 2334 hoc
3277 2277 3593 2334 beneﬁcium
3645 2293 3730 2336 re-

2134 2368 2408 2440 generatio
2447 2367 2708 2436 contulit,
2751 2383 2860 2424 non
2898 2369 3195 2439 generatio.
3226 2368 3353 2425 Inde
3395 2384 3526 2441 ergo
3570 2369 3639 2426 ab
3659 2370 3731 2426 is-

2135 2470 2196 2518 to
2225 2471 2376 2518 reatu
2422 2463 2680 2520 solvenda
2707 2471 2792 2520 est
2840 2463 3054 2535 proles,
3115 2463 3255 2520 unde
3275 2463 3482 2519 solutus
3529 2471 3614 2520 est
3640 2477 3732 2536 pa‘

2135 2569 2284 2612 rens.

2209 2648 2435 2707 CAPUT
2473 2648 2614 2706 XIV.
2642 2679 2716 2691 —
2743 2649 2832 2705 51.
2861 2649 2968 2706 Sed
3007 2664 3256 2720 magnum
3301 2649 3497 2721 aliquid
3527 2657 3579 2706 te
3616 2649 3734 2706 dia-

2137 2742 2326 2806 lectica
2353 2742 2534 2798 docuit
2555 2744 2598 2809 ',
2635 2762 2654 2798 ‹
2686 2743 2822 2799 Rem
2853 2759 2972 2814 qua:
3002 2745 3055 2798 in
3084 2743 3327 2816 subjecto
3349 2753 3431 2799 est
3450 2786 3465 2811 ,
3497 2745 3617 2800 sine
3646 2742 3733 2800 illa

2137 2850 2202 2894 re
2247 2849 2367 2892 esse
2411 2851 2516 2892 non
2550 2852 2742 2907 posse,
2795 2838 2849 2892 in
2876 2853 2981 2908 qua
3026 2837 3262 2908 subjecta
3311 2847 3412 2894 est.
3460 2839 3530 2893 Et
3556 2837 3680 2894 ideo
3709 2855 3730 2891 ι

2138 2935 2298 3002 putas
2332 2946 2353 2981 ι
2389 2930 2590 2988 malum
2617 2931 2760 3001 quod
2790 2941 2873 2986 est
2900 2930 2953 2986 in
2996 2939 3254 3002 parente,
3298 2932 3483 3002 utique
3527 2931 3580 2987 in
3609 2931 3738 2987 sub-

2136 3019 2285 3094 jccto
2304 3061 2319 3088 ,
2367 3022 2457 3079 alii
2499 3023 2610 3090 rei,
2645 3023 2698 3079 id
2723 3033 2806 3079 est
2836 3024 3000 3094 proli,
3032 3024 3100 3080 ad
3128 3039 3284 3095 quam
3315 3039 3421 3081 non
3447 3026 3698 3096 pervenit
3719 3065 3737 3096 ,

2141 3123 2354 3174 reatum
2385 3130 2493 3172 non
2525 3130 2684 3186 posse
2714 3118 3092 3173 transmittere.
3135 3136 3155 3171 ο
3187 3117 3354 3174 Recte
3374 3117 3476 3174 hoc
3500 3117 3735 3185 diceres,

2141 3208 2192 3264 si
2217 3209 2418 3264 malum
2443 3209 2890 3280 concupiscentia:
2917 3210 2987 3266 de
3033 3218 3254 3280 parente
3284 3226 3389 3267 non
3435 3213 3740 3283 perveniret

2147 3299 2216 3356 ad
2247 3301 2453 3371 prolem
2503 3319 2518 3357 :
2565 3315 2686 3356 cum
2727 3316 2859 3357 vero
2888 3303 3026 3358 sicut
3052 3303 3169 3358 sine
3195 3303 3289 3358 illo
3314 3317 3475 3358 nemo
3499 3304 3738 3360 semina-

2144 3397 2266 3458 tur,
2299 3391 2368 3446 ita
2401 3392 2519 3448 sine
2563 3392 2654 3449 illo
2683 3408 2842 3449 nemo
2871 3403 3153 3461 nascatur;
3186 3394 3458 3466 quomodo
3492 3395 3628 3452 dicis
3672 3411 3740 3454 eo

2145 3499 2253 3540 non
2287 3486 2600 3556 pervenire,
2627 3503 2737 3558 quo
2777 3488 3004 3543 transit?
3049 3489 3164 3545 Non
3196 3490 3337 3545 enim
3385 3491 3738 3560 Aristoteles,

2145 3576 2300 3648 cujus
2326 3578 2624 3649 categorias
2663 3578 2977 3649 insipienter
3013 3581 3186 3651 sapis,
3217 3581 3310 3637 sed
3339 3580 3625 3652 Apostolus
3655 3581 3740 3638 di-

2146 3670 2220 3726 cit
2249 3688 2264 3726 τ
2288 3670 2392 3726 Per
2419 3686 2576 3726 unum
2603 3671 2856 3726 hominem
2883 3682 3142 3745 peccatum
3163 3674 3368 3729 intravit
3391 3675 3445 3729 in
3472 3675 3741 3743 mundum;

2148 3773 2196 3818 et
2215 3779 2305 3834 per
2321 3780 2492 3819 omnes
2510 3763 2738 3820 homines
2754 3767 3040 3836 pertransiit
3063 3763 3238 3836 (Rom.
3256 3781 3308 3834 v,
3331 3766 3441 3838 12).
3471 3766 3585 3824 Nec
3610 3783 3741 3824 sane

2148 3855 2246 3915 tibi
2259 3854 2535 3911 dialectica
2548 3856 2637 3912 illa
2653 3857 2930 3926 mentitur,
2949 3857 3045 3914 sed
3061 3866 3116 3913 tu
3133 3873 3238 3914 non
3256 3858 3526 3929 intelligis.
3544 3859 3744 3916 Verum

2148 3949 2293 4005 enim
2321 3956 2404 4004 est
2427 3948 2567 4018 quod
2597 3947 2670 4004 ibi
2699 3950 2988 4020 accepisti,
3020 3965 3082 4006 ea
3108 3966 3228 4023 qua:
3258 3951 3310 4006 in
3331 3951 3574 4020 subjecto
3597 3961 3740 4022 sunt,

2149 4039 2290 4114 sicut
2315 4046 2443 4096 sunt
2465 4040 2779 4111 qualitates,
2813 4040 2930 4097 sine
2953 4041 3196 4113 subjecto
3223 4047 3274 4098 in
3301 4058 3407 4114 quo
3432 4052 3590 4110 sunt,
3624 4059 3748 4100 esse

2151 4145 2259 4188 non
2286 4144 2442 4201 posse
2462 4171 2477 4196 ,
2505 4131 2644 4188 sicut
2666 4140 2750 4187 est
2769 4132 2822 4187 in
2845 4132 3084 4202 subjecto
3103 4148 3332 4204 corpore
3352 4134 3499 4189 color
3517 4143 3608 4188 aut
3635 4133 3746 4189 for-

2151 4237 2271 4289 ma;
2299 4222 2395 4278 sed
2414 4221 3031 4292 atliciendo'transeunt,
3055 4239 3158 4280 non
3178 4225 3489 4297 emigrando
3509 4243 3523 4280 :
3546 4241 3744 4297 quem-

2150 4315 2441 4372 admodum
2476 4315 2760 4386 Ethiopes
2777 4358 2793 4385 ,
2816 4317 2938 4388 quia
2966 4319 3102 4389 nigri
3133 4327 3280 4384 sunt,
3305 4319 3487 4390 nigros
3501 4320 3744 4391 gignunt,

2154 4424 2260 4464 non
2275 4417 2450 4463 tamen
2465 4407 2516 4464 in
2531 4409 2668 4464 ﬁlios
2682 4420 2928 4479 parentes
2941 4411 3174 4466 colorem
3190 4427 3344 4466 suum
3357 4411 3501 4468 velut
3512 4411 3745 4468 tunicam

2153 4501 2508 4568 transferunt;
2550 4501 2646 4558 sed
2690 4502 2774 4557 sui
2798 4505 3042 4576 corporis
3087 4504 3339 4575 qualitate
3379 4520 3576 4576 corpus
3603 4503 3746 4576 quod

2153 4593 2222 4649 de
2265 4594 2369 4648 illis
2419 4604 2738 4665 prepagatur
2779 4595 3038 4652 afficiunt.
3095 4596 3387 4654 Mirabilius
3439 4607 3521 4654 cst
3567 4607 3746 4656 autem

2155 4686 2368 4756 quando
2411 4699 2590 4742 rerum
2617 4687 2970 4757 corporalium
3002 4689 3283 4758 qualitates
3307 4689 3358 4744 in
3385 4705 3475 4745 res
3501 4689 3750 4761 incorpo-

2154 4781 2296 4837 rales
2325 4788 2636 4845 transeunt,
2667 4789 2723 4835 et
2750 4789 2928 4836 tamen
2973 4781 3031 4835 [it
3049 4823 3063 4849 ,
3095 4781 3307 4852 quando
3336 4782 3530 4838 formas
3558 4797 3752 4854 θοι-ρο-

2153 4892 2274 4932 rum
2315 4889 2448 4947 quas
2486 4875 2762 4940 videmus,
2809 4874 3086 4931 haurimus
3111 4875 3339 4947 quodam
3387 4875 3579 4942 modo,
3612 4885 3669 4932 et
3697 4877 3750 4932 in

2155 4965 2417 5024 memoria
2443 4966 2818 5033 recoudimus,
2852 4975 2907 5022 et
2948 4981 3283 5039 quocumque
3311 4968 3610 5039 pergimus,
3653 4984 3752 5024 no-

2154 5061 2364 5119 biscum
2405 5061 2626 5117 ierimus
2673 5075 2818 5116 :nec
2861 5061 2964 5116 illa:
3005 5069 3347 5116 recesserunt
3375 5078 3402 5114 a
3431 5061 3751 5132 corporibus

2157 5154 2304 5219 suis,
2335 5159 2391 5208 et
2427 5161 2605 5208 tamen
2631 5151 2698 5207 ad
2725 5166 2824 5208 nos
2850 5153 3080 5207 mirabili
3123 5153 3282 5207 modo
3315 5152 3522 5208 aﬂ'ectis
3553 5152 3752 5211 nostris

2158 5247 2405 5304 sensibus
2433 5246 2776 5302 transierunt.
2804 5245 3083 5314 Quomodo
3121 5254 3298 5302 autem
3341 5244 3407 5302 de
3431 5260 3661 5316 corpore
3685 5243 3750 5302 ad

2157 5339 2403 5410 spiritum
2425 5379 2441 5407 ,
2483 5353 2550 5394 eo
2589 5337 2752 5393 modo
2781 5346 3060 5394 transeunt
3099 5338 3167 5394 de
3213 5338 3402 5409 Spiritu
3429 5338 3496 5394 ad
3532 5353 3752 5410 corpus.

2157 5430 2293 5488 Nam
2320 5431 2529 5489 colores
2569 5433 2835 5503 virgarum
2863 5447 2996 5502 quas
3023 5431 3248 5487 variavit
3289 5429 3452 5487 Jacob
3470 5471 3486 5499 ,
3516 5429 3756 5486 afficien-

2109 5550 2113 5556 -
2161 5525 2231 5582 do
2274 5524 2600 5581 transierunt
2644 5525 2697 5580 in
2736 5526 2943 5583 animas
2986 5541 3240 5598 pecorum
3283 5533 3552 5595 matrum,
3593 5540 3756 5598 atque

2226 5661 2244 5696 ί
2278 5659 2590 5726 Floriacensis
2609 5669 2714 5724 Ms.,
2754 5661 3030 5726 utviveret,
3060 5663 3256 5725 omisso,
3288 5674 3427 5725 vere;
3471 5662 3609 5726 cujus
3650 5661 3757 5713 loco

2159 5724 2257 5775 duo
2280 5738 2310 5775 e
2328 5725 2564 5774 Vaticanis
2586 5726 2787 5784 habent,
2810 5725 2943 5775 betw.

2227 5789 2247 5820 ι
2283 5786 2415 5838 idem
2436 5785 2753 5838 Floriacensis
2771 5793 2876 5847 ιιι,
2902 5787 3140 5847 docuerit.

2230 5849 2251 5882 ³
2284 5849 2552 5918 Casalensis
2572 5857 2678 5913 Ms.,
2724 5848 2810 5902 sed
2836 5845 2941 5902 litat:
2964 5846 3236 5916 alliciendo.
3269 5849 3619 5915 Floriacensis,
3663 5845 3755 5902 σαι

2171 5910 2282 5964 inde
2313 5908 2580 5977 aﬂictendo.

2164 5923 2282 5964 tuae
2313 5923 2580 5964 amctenao.
