4022 6464
310 529 432 587 inde
457 540 649 587 rursus
671 526 860 588 eadem
885 528 1167 593 affectione
1184 536 1515 595 transeundo
1537 548 1898 611 apparuerunt

306 622 362 679 in
381 624 701 694 corporibus
743 624 972 682 ﬁliorum
1005 627 1157 700 (Gen.
1185 645 1295 686 xxx
1316 671 1331 699 ,
1360 631 1574 705 57-42).
1613 634 1740 691 Tale
1768 647 1900 691 vero

305 716 504 786 aliquid
530 718 692 774 etiam
742 719 797 774 in
841 718 1037 776 fetibus
1064 722 1313 779 humanis
1342 738 1502 795 posse
1544 727 1856 799 contingere
1878 768 1896 795 ,

303 809 541 867 Soranus
591 813 871 869 medicinas
916 824 1105 872 auctor
1156 817 1524 875 nobilissimus
1569 821 1790 888 scribit,
1840 830 1899 877 et

301 902 549 972 exemplo
576 904 859 961 confirmat
903 906 1160 964 historiae.
1204 908 1338 965 Nam
1370 911 1681 985 Dionysium
1710 922 1897 984 tyran—

299 1010 429 1051 num
456 1006 672 1065 narrat,
704 1013 770 1054 eo
795 1000 937 1070 quod
985 1002 1099 1073 ipse
1140 1002 1399 1061 deformis
1427 1016 1603 1075 esset,
1630 1021 1733 1063 nec
1761 1008 1897 1065 tales

296 1085 501 1146 habere
530 1090 670 1147 filios
713 1093 908 1163 vellet,
942 1097 1094 1152 uxori
1140 1111 1252 1153 suae
1297 1099 1349 1155 in
1377 1103 1663 1158 concubitu
1688 1102 1894 1159 formo-

296 1194 411 1239 sam
455 1198 756 1255 proponere
798 1188 975 1245 solere
1014 1190 1311 1261 picturam,
1342 1194 1493 1265 cujus
1538 1195 1891 1266 pulchritudi-

293 1288 418 1330 nem
464 1280 894 1350 coneupiscendo
940 1284 1170 1354 quodam
1224 1287 1387 1343 modo
1439 1298 1683 1360 raperet,
1740 1299 1794 1347 et
1837 1291 1891 1348 in

295 1367 506 1437 prolem
528 1382 689 1440 quam
715 1374 1051 1444 concipiebat
1071 1377 1353 1435 afficiendo
1376 1383 1761 1438 transmitteret
1788 1383 1887 1456 (a).

297 1457 487 1531 Neque
506 1462 649 1518 enim
678 1464 821 1521 Deus
847 1467 919 1522 ita
946 1477 1164 1525 naturas
1187 1481 1366 1542 creat,
1394 1480 1452 1529 ut
1476 1474 1622 1546 leges
1644 1476 1886 1547 auferat,

291 1563 428 1621 quas
456 1551 605 1609 dedit
647 1556 877 1615 motibus
900 1560 1318 1634 uniuscujusque
1361 1574 1583 1624 naturas.
1616 1568 1705 1624 Sic
1728 1576 1784 1625 et
1811 1571 1890 1626 vi-

294 1642 367 1698 tia
416 1656 539 1699 cum
568 1646 675 1701 sint
713 1648 767 1703 in
794 1649 1063 1720 subjecto,
1109 1668 1174 1708 ex
1204 1656 1514 1724 parentibus
1543 1666 1721 1715 tamen
1750 1661 1805 1715 in
1834 1660 1890 1715 fi-

292 1732 425 1802 lios,
472 1751 581 1793 non
622 1739 775 1810 quasi
816 1744 1284 1816 transmigratione
1324 1747 1390 1804 de
1418 1762 1516 1805 suo
1546 1750 1788 1821 subjecto
1831 1753 1885 1809 in

290 1827 595 1898 subjectum
639 1832 899 1901 alterum,
931 1836 1073 1907 quod
1101 1838 1220 1895 fieri
1258 1856 1365 1897 non
1404 1857 1563 1912 posse
1603 1846 1886 1917 categorias

291 1915 399 1975 illac
455 1935 590 1991 quas
640 1922 814 1995 legisti
863 1927 1145 1986 verissime
1185 1932 1509 2001 ostendunt;
1557 1935 1652 1992 sed
1677 1978 1692 2003 ,
1733 1915 1885 2008 quod

263 2004 397 2065 ‘non
460 2011 745 2086 intelligis,
796 2016 1081 2077 ah‘ectione
1135 2030 1192 2078 et
1226 2026 1543 2098 contagione
1602 2004 1882 2098 pertrans-

288 2108 438 2157 eant.

356 2193 588 2253 CAPUT
626 2197 745 2254 XV.
774 2231 848 2243 —
870 2202 962 2259 53.
989 2202 1126 2271 Quid
1155 2214 1238 2263 est
1264 2208 1407 2279 quod
1434 2210 1645 2268 laboras
1672 2214 1881 2285 magnis

287 2292 843 2358 argumentationibus
872 2299 1152 2366 pervenire
1177 2300 1244 2355 ad
1267 2302 1551 2373 impietatis
1571 2305 1878 2377 abruptum,

286 2387 347 2436 ut
376 2398 398 2434 ι
430 2379 628 2438 Christi
655 2399 782 2441 caro
803 2427 819 2455 ,
844 2388 967 2459 quia
995 2390 1065 2446 de
1091 2391 1251 2447 Maria
1279 2402 1437 2450 natus
1460 2404 1563 2465 est,
1589 2397 1743 2468 cujus
1765 2399 1878 2454 vir-

284 2474 424 2548 ginis
449 2490 577 2532 caro
610 2479 750 2535 sicut
785 2488 1103 2541 cmterorum
1133 2487 1373 2543 omnium
1400 2504 1467 2545 ex
1509 2490 1680 2547 Adam
1705 2491 1881 2549 fuerat

285 2577 573 2639 propagata
592 2609 610 2636 ,
641 2570 774 2626 nihil
821 2572 986 2630 distet
1011 2590 1043 2631 a
1071 2592 1234 2634 carne
1261 2580 1499 2650 peccati,
1528 2590 1584 2638 et
1626 2583 1744 2639 sine
1769 2584 1876 2639 ulla

281 2654 624 2715 distinctione
669 2662 958 2732 Apostolus
996 2666 1195 2725 dixisse
1217 2670 1502 2741 credatur,
1545 2688 1670 2729 eum
1711 2674 1879 2733 fuisse

280 2748 507 2805 missum
556 2751 609 2806 in
634 2753 982 2812 similitudine
1034 2761 1213 2817 carnis
1241 2764 1443 2832 peccati
1475 2782 1498 2818 ι
1528 2764 1871 2836 (Rom.'vm,

279 2837 374 2912 3);
427 2841 538 2898 imo
570 2845 748 2914 potius
788 2846 984 2919 instas,
1016 2868 1039 2903 ι
1070 2860 1131 2906 ιιι
1160 2854 1302 2909 nulla
1350 2856 1421 2911 sit
1461 2871 1586 2913 caro
1632 2859 1870 2929 peccati,

279 2946 347 2989 ne
375 2933 479 2990 hoc
526 2935 596 2993 sit
644 2946 697 2993 et
737 2938 973 2997 Christi?
1006 2961 1027 2996 ι
1058 2944 1195 3011 Quid
1237 2955 1321 3003 est
1371 2964 1535 3022 ergo,
1576 2952 1874 3010 similitudo

275 3028 455 3083 carnis
486 3031 719 3099 peccati,
748 3033 795 3089 si
819 3036 964 3091 nulla
990 3046 1075 3094 est
1099 3054 1225 3094 caro
1265 3044 1513 3112 peccati?
1538 3044 1645 3101 Sed
1680 3064 1699 3100 ι
1732 3047 1872 3106 hanc

276 3122 623 3190 apostolicam
666 3130 982 3186 sententiam
1029 3148 1115 3189 me
1158 3149 1264 3191 non
1314 3137 1644 3198 intellexisse
1677 3160 1697 3195 ι
1727 3142 1869 3201 dixi-

276 3212 344 3269 sti
370 3230 386 3269 :
415 3230 516 3270 nec
544 3231 661 3273 eam
695 3228 871 3277 tamen
900 3228 1231 3297 exposuisti,
1275 3237 1335 3286 ut
1364 3239 1417 3288 te
1446 3232 1665 3292 doctore
1692 3237 1711 3270 ί
1736 3253 1869 3295 nos-

276 3316 461 3360 semus
505 3308 647 3377 quod
672 3310 851 3382 aliqua
878 3328 965 3370 res
986 3319 1155 3386 possit
1180 3332 1300 3376 esse
1328 3322 1520 3381 similis
1541 3327 1593 3383 ei
1627 3327 1707 3384 rei
1747 3342 1869 3401 qua:

275 3410 380 3453 non
404 3407 507 3455 est.
538 3401 691 3470 Quod
721 3404 766 3459 si
793 3406 1060 3475 dementis
1096 3420 1180 3467 est
1206 3413 1385 3472 dicere
1404 3459 1420 3486 ,
1452 3426 1507 3473 et
1548 3419 1666 3477 sine
1702 3421 1867 3479 dubio

271 3502 401 3545 caro
423 3489 622 3549 Christi
667 3510 772 3551 non
800 3506 884 3553 est
919 3515 1047 3557 caro
1072 3506 1313 3573 peccati,
1361 3508 1458 3565 sed
1498 3509 1689 3567 similis
1714 3514 1864 3570 carni

272 3584 508 3651 peccati;
540 3587 667 3656 quid
694 3599 862 3645 restat
900 3601 959 3647 ut
1000 3593 1361 3667 intelligamus
1380 3642 1396 3669 ,
1420 3601 1522 3658 nisi
1553 3617 1617 3659 ea
1639 3614 1862 3677 excepta

269 3687 485 3732 omnem
510 3679 768 3751 reliquam
796 3683 1084 3744 humanam
1118 3705 1334 3748 carnem
1372 3709 1492 3752 esse
1522 3699 1768 3769 peccati?
1791 3701 1863 3759 Et

268 3764 394 3825 hinc
420 3781 642 3842 apparet
665 3775 806 3833 illam
832 3782 1314 3853 concupiscentiam
1334 3830 1351 3857 ,
1392 3804 1490 3861 per
1512 3764 1673 3864 quam
1694 3792 1859 3853 Chri-

261 4228 315 4287 iu
344 4232 695 4292 similitudine
721 4240 902 4296 carnis
925 4244 1165 4313 peccati,
1192 4247 1316 4317 quia
1342 4251 1517 4306 omnis
1540 4254 1642 4309 alia
1673 4255 1849 4312 homi-

260 4344 385 4388 num
436 4348 563 4389 caro
606 4338 809 4406 peccati
853 4347 968 4407 est,
1009 4343 1249 4414 quisquis
1286 4355 1479 4417 negat,
1525 4359 1581 4408 et
1631 4366 1847 4411 carnem

260 4419 455 4479 Christi
483 4425 553 4480 ita
583 4429 730 4483 carni
769 4440 1043 4501 comparat
1073 4438 1403 4494 nascentium
1432 4440 1706 4499 hominum
1738 4462 1844 4503 ca:-

256 4520 498 4572 terorum
518 4560 533 4585 ,
558 4528 618 4575 ut
641 4532 849 4579 asserat
876 4534 1158 4598 utramque
1183 4544 1304 4587 esse
1327 4534 1573 4604 puritatis
1602 4539 1841 4610 aequalis,

254 4606 602 4668 detestandus
630 4612 912 4672 hmreticus
938 4618 1222 4676 invenitur.

323 4700 415 4756 55.
455 4702 701 4773 Magnum
746 4706 906 4778 porr'o
938 4711 1139 4783 aliquid
1178 4714 1445 4774 invenisse
1481 4720 1577 4777 tibi
1619 4722 1839 4795 videris,

252 4797 308 4845 et
335 4794 704 4863 copiosissime
732 4798 969 4870 disputas
992 4843 1005 4868 ,
1044 4821 1065 4856 ‹
1099 4805 1258 4861 etiam
1300 4809 1346 4864 si
1386 4821 1668 4870 nascentes
1714 4794 1839 4874 mali

250 4887 448 4957 aliquid
476 4902 543 4945 ex
578 4892 883 4959 parentibus
911 4895 1123 4951 trahere
1146 4909 1392 4970 possent,
1424 4906 1565 4974 quod
1594 4909 1838 4979 expiare-

251 4982 336 5034 tur
355 4982 375 5013 ¹¹
402 4981 649 5038 manibus
674 4983 790 5053 Dei,
822 4986 944 5057 quia
970 5001 1065 5044 eos
1093 4989 1208 5060 ipse
1235 4991 1430 5050 format
1460 4996 1511 5052 in
1540 5002 1702 5058 uteris
1727 5019 1840 5060 ma-

251 5078 411 5126 trum.
440 5091 463 5126 ι
493 5074 576 5130 Ab
611 5078 728 5145 ipso
753 5084 930 5132 autem
977 5077 1194 5138 formari
1236 5085 1479 5143 homines
1526 5089 1699 5162 (quasi
1736 5095 1839 5154 hoc

249 5164 540 5236 nrgemus)
568 5166 951 5227 instantissime
974 5173 1166 5242 probas
1190 5217 1203 5239 ,
1236 5177 1401 5234 multa
1440 5180 1508 5235 de
1548 5183 1837 5256 Scripturis

248 5254 503 5312 adhibens
526 5258 825 5317 testimonia
851 5280 863 5317 :
887 5264 940 5319 in
968 5266 1159 5335 quibus
1187 5282 1306 5324 cum
1334 5284 1397 5326 ea
1422 5274 1579 5331 verba
1604 5254 1681 5333 ex
1698 5279 1836 5336 libro

248 5343 619 5406 Ecclesiastico
668 5355 956 5424 posuisses,
1003 5358 1193 5427 quibus
1237 5361 1332 5418 Dei
1377 5378 1539 5435 opera
1587 5368 1836 5431 dicuntur

244 5440 447 5495 occulta
478 5440 665 5511 (Ecclt'.
698 5462 788 5517 ιιι,
834 5446 926 5516 22,
954 5449 1084 5521 25);
1132 5454 1384 5511 continuo
1421 5464 1510 5514 tua
1560 5461 1832 5533 subjecisti

243 5539 402 5602 atque
418 5533 617 5605 dixisti,
640 5557 659 5590 ‹
683 5538 811 5606 Qua:
834 5546 1095 5600 sententia
1121 5561 1304 5604 eorum
1326 5553 1500 5622 arguit
1520 5556 1827 5629 vanitatem,

242 5623 330 5693 qui
362 5634 546 5694 putant
580 5633 874 5690 naturalem
906 5636 1317 5706 profunditatem
1354 5660 1513 5717 posse
1539 5623 1827 5727 investiga;

305 5784 322 5850 ξ
359 5785 578 5850 Quinque
598 5795 732 5850 Mss,
758 5791 973 5845 docente.

303 5846 324 5913 ξ
355 5852 428 5913 sic
583 5857 640 5902 At
661 5846 799 5913 editi,
822 5858 1154 5913 expiarentur.

298 5904 375 5969 an
407 5910 521 5963 vide
546 5919 751 5967 aetract.
776 5904 1167 5984 ῐιὺζέζῶῥῖὂὲ.

1656 422 1865 482 LIBER
1898 421 2215 495 QUINTUS.

2006 544 2152 650 tione
2187 548 2365 650 aliqua
2392 561 2795 632 comprehendi.
2822 585 2843 622 ι
2882 568 2999 629 Hoc
3024 572 3121 633 tibi
3146 577 3234 636 dic
3254 620 3273 650 ,
3300 591 3358 640 et
3384 586 3492 643 noli
3522 589 3593 649 de

2004 638 2197 741 animas
2235 645 2439 718 origine
2477 660 2679 714 temere
2718 659 2916 732 aliquid
2942 664 3203 740 definire,
3229 638 3484 745 quodve]
3508 638 3595 739 ra:

2004 728 2149 789 tione
2177 739 2493 812 certissima,
2522 747 2604 802 vel
2642 749 2822 809 divino
2847 755 3060 829 eloquio
3092 728 3311 822 minime
3345 773 3596 845 ambiguo

2002 840 2109 881 non
2138 838 2313 932 potest
2340 840 2747 913 comprehendi;
2776 849 2871 904 sed
2896 854 3072 921 potius
3095 858 3236 927 quod
3265 838 3596 932 sapientissi-

2002 931 2088 972 ma
2126 922 2320 979 mulier
2366 938 2539 986 mater
2580 934 2999 1000 Machabaeorum
3044 922 3192 1018 sape.
3233 922 3367 1009 Nam
3392 966 3445 1011 et
3473 958 3593 1030 ejus

2002 1009 2152 1030 an.”
2192 1027 2215 1030 Δ
2324 1017 2337 1029 .
2378 1020 2407 1030 _.

2002 1009 2160 1066 verba
2188 1017 2438 1085 posuisti,
2485 1038 2603 1094 quae
2631 1028 2755 1085 filiis
2778 1033 2888 1089 suis
2916 1036 2989 1091 ait
3015 1055 3029 1091 :
3063 1009 3253 1097 Nescio

1999 1111 2142 1158 utero
2167 1123 2277 1163 meo
2305 1116 2611 1183 apparuistr's
2640 1120 2660 1193 (
2683 1121 2727 1178 ιι
2757 1123 2997 1184 Mackab.
3026 1147 3120 1202 vn,
3149 1134 3221 1190 ea
3240 1133 3280 1209 ).
3296 1111 3460 1208 Quod
3482 1144 3591 1201 uti-

1998 1207 2103 1263 que
2154 1213 2261 1255 non
2308 1208 2542 1273 putanda
2584 1222 2668 1268 est
2710 1215 2915 1275 dixisse
2943 1221 3011 1278 de
3034 1207 3348 1297 corporibus
3376 1248 3588 1307 eorum,

1996 1299 2116 1356 qua!
2142 1304 2367 1364 corpora
2388 1313 2446 1353 se
2475 1316 2581 1357 non
2608 1304 2883 1366 dubitabat
2907 1327 2973 1369 ex
2998 1316 3136 1373 virili
3164 1322 3369 1381 semine
3391 1332 3590 1385 conce-

1995 1378 2140 1448 pisse
2166 1400 2182 1436 :
2213 1386 2307 1440 sed
2337 1397 2515 1447 utrum
2541 1396 2735 1454 anima:
2762 1400 2993 1461 filiorum
3038 1409 3108 1465 de
3148 1422 3366 1482 paterna
3408 1421 3587 1479 anima

1996 1476 2181 1582 tractae
2206 1474 2421 1547 fuerint,
2450 1497 2518 1538 an
2545 1486 2761 1546 aliunde
2785 1492 2838 1548 in
2867 1503 3021 1553 utero
3046 1474 3163 1571 ejus
3184 1519 3305 1562 esse
3322 1474 3585 1582 ceperint:

1994 1559 2099 1619 hoc
2125 1566 2374 1627 nimirum
2400 1573 2487 1630 illa
2508 1581 2817 1653 nesciebat;
2848 1603 2948 1645 nec
2979 1559 3096 1648 eam
3134 1559 3475 1670 pudeba'tfut

1991 1660 2295 1721 meritatem
2333 1680 2580 1743 caveret,
2622 1676 2973 1748 ignorantiam
3018 1660 3282 1748 confiteri.
3321 1660 3459 1765 Quid
3502 1709 3587 1758 est

1991 1764 2120 1823 ergo
2165 1759 2307 1826 quod
2353 1767 2611 1836 causaris,
2662 1788 2681 1823 ι
2709 1770 2819 1829 Cur
2859 1791 2965 1834 non
2996 1779 3115 1852 ipso
3140 1782 3235 1840 filii
3260 1759 3584 1848 muhdentur

1989 1843 2212 1917 efl‘ectu,
2246 1862 2356 1909 uta
2387 1859 2789 1944 pollutipnibus,
2826 1887 2847 1922 ι
2891 1843 3100 1944 inquis,
3146 1893 3167 1931 ι
3188 1892 3308 1949 quae
3332 1843 3584 1942 dicuntur

1987 1949 2291 2034 parentum,
2320 1947 2600 2017 majestate
2628 1956 2836 2026 opificis
2863 1963 3184 2034 expientur?
3205 1947 3242 2023 ἰ
3274 1970 3384 2028 Nec
3411 1984 3584 2033 atten-

1989 2027 2072 2082 dis
2096 2028 2198 2087 hoc
2222 2034 2328 2092 dici
2349 2040 2507 2097 etiam
2530 2044 2597 2101 de
2617 2050 2915 2109 manifestis
2934 2027 3079 2114 vitiis
3093 2073 3379 2134 corporum

2137 2126 2329 2231 quibus
2356 2147 2461 2188 non
2492 2140 2646 2206 pauci
2683 2156 2975 2205 nascuntur
3000 2126 3231 2212 infantes
3253 2157 3307 2225 I;
3335 2126 3581 2231 quamvis

1986 2212 2125 2270 absit
2175 2226 2233 2273 ut
2277 2220 2591 2298 dubitetur,
2650 2232 2817 2293 Deum
2868 2256 3055 2300 verum
3105 2255 3162 2304 et
3211 2212 3412 2310 bonujm
3459 2272 3582 2318 esse

1985 2307 2224 2365 omnium
2252 2326 2537 2385 corporum
2563 2320 2910 2386 formatorem
2945 2352 2960 2389 :
2987 2344 3042 2392 et
3068 2345 3248 2397 tamen
3272 2358 3339 2400 ex
3368 2348 3579 2419 opiﬁcis

1984 2400 2119 2500 tanti
2161 2404 2406 2463 manibus
2443 2420 2552 2469 tam
2595 2418 2779 2489 multa,
2814 2438 2920 2481 non
2945 2428 3121 2486 solum
3148 2434 3356 2505 vitiosa,
3387 2400 3575 2501 vrerum

1983 2489 2141 2547 ctiam
2188 2507 2492 2558 monstrosa
2541 2511 2870 2585 procedunt,
2900 2526 2961 2574 ut
2984 2530 3189 2582 natura:
3228 2543 3260 2585 a
3302 2489 3577 2594 nonnullis

1982 2585 2320 2701 appellentur
2338 2607 2582 2667 errores;
2604 2604 2831 2673 quicum
2852 2623 3161 2682 operantem
3180 2620 3289 2677 vim
3314 2624 3572 2701 divinam,

1980 2682 2036 2730 et
2066 2678 2206 2785 jquid
2248 2697 2347 2739 cur
2383 2686 2564 2756 faciat,
2595 2694 2849 2769 indagare
2887 2678 3001 2761 non
3046 2711 3273 2785 possint,
3300 2678 3576 2780 fateri—eo;

1980 2768 2142 2837 pudet
2171 2776 2381 2833 nescire
2411 2782 2552 2850 quod
2582 2768 2850 2847 nesciunt.

2051 2863 2141 2920 54.
2181 2866 2335 2972 Quod
2380 2883 2561 2932 autem
2604 2881 2795 2940 attinet
2838 2887 2906 2944 ad
2950 2895 3153 2961 peccati
3200 2899 3470 2972 originalis
3516 2906 3570 2965 in

1976 2968 2166 3014 omnes
2194 2960 2439 3022 homines
2463 2973 2763 3047 transitum,
2788 2960 3038 3050 quoniam
3065 3002 3162 3058 per
3188 2960 3572 3068 concupiscen-

1976 3048 2103 3106 tiam
2125 3056 2300 3111 carnis
2326 3062 2537 3132 transit,
2571 3069 2799 3128 transire
2836 3074 2891 3131 in
2929 3090 3048 3135 eam
3077 3097 3295 3145 carnem
3324 3048 3431 3149 non
3469 3110 3572 3167 po-

1976 3140 2108 3208 tuit,
2137 3159 2295 3216 quam
2325 3166 2430 3207 non
2456 3169 2556 3225 per
2583 3158 2730 3217 illam
2770 3166 2920 3238 virgo
2946 3140 3393 3250 concepit.quod
3421 3140 3567 3247 enim

1922 3308 1929 3317 η
1973 3242 2028 3339 et
2053 3235 2122 3294 de
2146 3238 2251 3297 alio
2272 3242 2408 3301 libro
2435 3262 2575 3318 meo,
2613 3268 2770 3324 quem
2812 3235 3003 3334 scripsi
3030 3269 3097 3324 ad
3114 3235 3568 3339 ’ωηεῖεξείἶιὲιίζόἶ

1971 3329 2067 3386 rite
2092 3331 2455 3396 Marcellinum
2474 3383 2492 3411 ,
2516 3346 2661 3403 velut
2687 3350 2817 3408 mihi
2846 3329 3199 3425 praescribens
3228 3329 3429 3440 ponere
3466 3392 3565 3434 vo-

1971 3419 2138 3494 luisti,
2189 3427 2256 3528 de
2303 3431 2472 3489 Adam
2519 3436 2715 3497 dictum
2740 3484 2756 3511 ,
2804 3419 3011 3520 «quod
3061 3419 3565 3528 tabillcrav-itw

1969 3528 2159 3575 omnes
2183 3518 2253 3576 de
2275 3535 2369 3578 sua
2407 3526 2576 3599 Stirpe
2600 3534 2853 3594 venturos
2877 3518 2899 3595 5
2927 3560 2947 3594 ι
2982 3546 3122 3604 unde
3152 3552 3333 3624 utique
3360 3518 3453 3615 ille
3477 3518 3562 3619 ιεῖῖ

1967 3606 2234 3683 bificavit,
2266 3632 2371 3673 non
2418 3620 2543 3679 inde
2580 3625 2827 3689 Christus
2854 3633 2909 3690 in
2935 3642 3122 3699 matris
3151 3606 3360 3706 uterum
3392 3656 3558 3714 venit.

1964 3700 2071 3760 Sed
2095 3707 2259 3764 verba
2297 3726 2416 3781 qua:
2441 3714 2506 3770 ad
2537 3732 2652 3777 rem
2689 3726 2926 3786 maxime
2960 3737 3232 3803 pertinent
3274 3742 3327 3799 in
3370 3749 3558 3808 eadem

1962 3799 2227 3856 sententia
2256 3817 2405 3867 mea.
2435 3822 2535 3877 ego
2560 3809 2755 3884 dicam,
2784 3820 2904 3889 quia
2936 3799 2991 3879 tu
3018 3825 3196 3888 dicere
3224 3835 3473 3908 noluisti;
3503 3852 3560 3899 ct

1831 3919 1857 3930 -
1962 3892 2141 3948 statim
2172 3911 2269 3951 cur
2294 3900 2529 3958 nolueris
2571 3910 2866 3978 apparebit.
2918 3934 2939 3970 ι
2966 3919 3203 3994 Occulta,
3234 3947 3255 3981 ι
3298 3892 3513 4004 inquam
3535 3979 3552 4007 ,

1967 3999 1988 4035 ‹
2022 3985 2143 4041 tabe
2182 3992 2410 4048 carnalis
2452 4001 2896 4085 concupiscentiae
2936 4025 3049 4068 suae
3085 3985 3387 4080 tahi'ﬁcavit]
3411 4027 3466 4083 in
3493 3985 3555 4088 se

1958 4087 2149 4136 omnes
2178 4079 2246 4138 de
2274 4097 2369 4141 sua
2393 4089 2561 4161 stirpe
2586 4082 2843 4157 venturos
2865 4120 2884 4154 ι
2907 4102 3008 4176 (De
3027 4105 3358 4173 Peccatorum
3387 4119 3551 4179 Heri-

1958 4167 2042 4271 tis,
2077 4170 2163 4225 lib.
2195 4174 2246 4239 1,
2272 4191 2326 4231 η.
2356 4178 2468 4251 10).
2519 4183 2635 4241 Non
2666 4189 2843 4261 itaque
2889 4167 3103 4256 carnem
3136 4167 3549 4278 tabifi'cavit,"i’n

1955 4261 2110 4331 cujus
2138 4278 2398 4338 conceptu
2430 4273 2579 4331 tabes
2611 4278 2712 4335 ista
2740 4297 2844 4338 non
2872 4284 2989 4342 fuit.
3022 4290 3160 4350 Caro
3188 4261 3549 4370 itaque-Chr:

1954 4353 2025 4408 sti
2050 4357 2430 4418 mortalitatem
2455 4365 2523 4422 de
2548 4373 2874 4432 mortalitate
2911 4385 3137 4440 materni
3166 4353 3407 4461 corporis
3434 4404 3547 4453 tra-'

1952 4445 2049 4513 xit,
2078 4450 2200 4519 quia
2226 4455 2453 4512 mortale
2470 4472 2662 4531 corpus
2683 4465 2799 4535 ejus
2818 4468 3021 4529 invenit
3046 4492 3060 4529 :
3088 4445 3386 4554 contagium
3415 4504 3545 4549 vero

1951 4543 2156 4609 peccati
2202 4546 2517 4616 originalis'
2556 4571 2663 4612 non
2712 4563 2914 4633 traxit,
2964 4569 3087 4638 quia
3139 4543 3543 4644 concumbentis

1949 4640 2435 4709 concupiscentiam
2462 4664 2568 4705 non
2594 4651 2796 4711 invenit
2813 4658 2854 4716 ³.
2881 4659 2936 4717 Si
2965 4674 3142 4722 autem
3168 4684 3269 4727 nec
3294 4640 3537 4734 mortali:

1949 4734 2134 4798 tatem,
2166 4732 2261 4789 sed
2288 4737 2454 4793 solam
2489 4742 2843 4807 substantiam
2886 4757 3060 4812 carnis
3087 4759 3156 4817 de
3184 4774 3355 4823 matre
3383 4732 3535 4828 sum-

1945 4827 2173 4898 psisset;
2214 4848 2321 4889 non
2365 4836 2536 4895 solum
2578 4856 2705 4900 caro
2742 4846 2855 4917 ejus
2897 4865 3023 4909 caro
3048 4862 3272 4931 peccati,
3303 4865 3398 4922 sed
3428 4884 3529 4926 nec

1944 4918 2236 4979 similitudo
2263 4928 2438 4983 carnis
2461 4935 2664 5001 peccati
2690 4951 2812 4996 esse
2836 4918 3114 5012 potuisset.

2015 5016 2103 5118 liii.
2145 5018 2251 5118 Sed
2282 5036 2559 5118 comparas
2582 5046 2667 5086 me
2688 5043 2743 5089 et
2767 5050 3012 5109 coaequas
3039 5062 3060 5096 ι
3081 5045 3403 5118 Apollinaris
3430 5056 3493 5112 er.

1944 5107 2074 5175 rori,
2104 5110 2193 5180 qui
2220 5113 2399 5169 carnis
2425 5130 2642 5176 sensum
2670 5124 2833 5183 fuisse
2861 5107 3087 5205 negavit,
3113 5107 3164 5193 in
3205 5141 3418 5200 Christo
3452 5166 3465 5203 :
3491 5169 3511 5204 ι
3604 5179 3622 5201 r

1942 5206 2000 5254 ut
2027 5201 2288 5271 imperitis
2316 5206 2535 5266 nebulas
2562 5201 3314 5303 undecumque—commoveas,
3342 5252 3412 5294 ne
3449 5240 3530 5296 lu-
3614 5274 3624 5291 ι

1940 5307 2057 5350 cem
2084 5297 2324 5355 veritatis
2350 5305 2644 5365 attendant.
2673 5311 2832 5371 Aliud
2858 5326 2943 5375 est
2966 5337 3155 5379 sensus
3181 5297 3376 5399 carnis,
3407 5331 3526 5391 sine

1939 5402 2046 5458 quo
2073 5390 2250 5447 nullus
2278 5392 2397 5465 fuit,
2428 5407 2519 5455 aut
2543 5411 2665 5473 est,
2693 5415 2785 5463 aut
2825 5413 2927 5468 erit
2973 5415 3027 5470 in
3070 5432 3295 5490 corpore
3338 5425 3525 5487 vivens

1938 5477 2138 5538 homo:
2166 5493 2219 5540 et
2240 5486 2380 5543 aliud
2412 5499 2496 5547 est
2520 5499 2949 5569 concupiscentia
2979 5521 3081 5577 qua
3111 5477 3238 5567 caro
3265 5519 3523 5588 concupi-

1935 5574 2041 5632 scit
2062 5576 2323 5638 adversus
2363 5585 2606 5656 spiritum
2629 5632 2645 5661 ,
2688 5594 2806 5651 sine
2832 5612 2934 5669 qua
2963 5574 3061 5656 fuit
3089 5613 3212 5661 ante
3249 5574 3524 5679 peccatum

1998 5697 2021 5789 ἒ
2053 5695 2646 5789 abstraxerunt
2668 5719 2944 5789 remur.
2960 5697 3397 5789 ριιιιεεὸιιηνωιιεε.

1998 5760 2380 5858 Ξήἱὶξᾼνιιιιωιιι
2424 5760 2528 5819 Mss.
2579 5760 2645 5822 ei’
2672 5760 3522 5858 pina"a'éa‘isas;f'"i?”ému,

1998 5823 2010 5830 .
2048 5823 2059 5831 .
2672 5823 2689 5835 ι
2794 5823 2837 5826 --
2889 5823 2911 5828 —
2956 5823 3216 5837 ----v---v-
3268 5823 3327 5842 tu
3368 5823 3522 5858 vuln,

1998 5834 2020 5917 ἓ
2052 5861 2362 5959 Floriacensis
2400 5892 2552 5964 οοείβιι
2577 5897 2773 5965 antiqua
2793 5912 2940 5953 manu
2978 5917 3255 5980 correctus,
3295 5926 3411 5980 qua
3432 5928 3522 5984 pa.

1934 5946 2284 5984 {mnumhmrhc
2304 5963 2735 5984 rimrnmemmnm
2758 5974 2852 5984 ...μ
2876 5966 3002 5984 ..μημ

1932 5946 2285 6003 οοηεωηὸεηιὶδ
2303 5946 3020 6023 Wire-att.
