4022 6460
355 571 564 643 primus
585 563 768 627 homo,
800 552 1006 624 qualem
1035 547 1190 605 nobis
1213 541 1455 602 exhibuit
1475 538 1761 594 humanam
1774 538 1943 637 .natu-

354 625 473 720 ram
499 625 966 716 Christus'ltomo;
995 643 1117 714 quia
1154 640 1292 696 sicut
1325 635 1417 691 ille
1444 649 1512 689 ex
1542 639 1715 694 terra,
1745 626 1824 680 sic
1847 625 1948 678 iste

354 757 473 813 sine
502 753 592 808 tali
617 739 1046 816 concupiscentia
1085 743 1168 792 est
1195 738 1408 790 creatus
1431 744 1500 784 ex
1523 724 1740 782 femina.
1777 721 1946 776 Assu-

353 812 512 904 mens
541 852 716 898 tamen
740 839 757 870 ί
785 812 854 892 ex
879 833 968 889 illa
1001 829 1160 886 etiam
1188 819 1529 882 mortalitatis
1558 812 1945 904 inﬁrmitatem,

355 938 531 1012 qualis
570 949 676 989 non
702 937 818 987 erat
840 935 966 982 ante
990 929 1268 995 peccatum
1303 916 1358 971 in
1388 924 1550 970 carne
1573 903 1807 963 hominis
1841 900 1953 1012 pr‘i-

355 995 452 1101 mi,
480 1039 540 1086 ut
566 1037 710 1084 esset
735 1026 856 1090 ista,
882 1019 1026 1092 quod
1063 1025 1192 1072 tunc
1232 1013 1322 1068 illa
1365 1025 1472 1066 non
1500 1005 1619 1070 fuit,
1659 995 1951 1058 similitudo

355 1097 537 1181 carnis
558 1117 780 1193 peccati.
808 1114 876 1171 Ut
889 1127 1018 1183 ergo
1043 1108 1198 1165 nobis
1222 1102 1456 1178 patiendi
1481 1097 1748 1172 prmberet
1771 1105 1952 1148 exem-

358 1217 509 1287 plum
529 1185 686 1280 ,-non
716 1207 903 1263 habuit
932 1205 1022 1261 ille
1052 1201 1190 1257 mala
1231 1213 1347 1263 sua,
1376 1194 1470 1250 sed
1497 1189 1716 1287 pertulit
1742 1185 1949 1287 aliena;

358 1277 414 1362 in
447 1277 724 1360 doloribus
750 1314 848 1370 pro
873 1295 1048 1360 nobis,
1075 1306 1185 1347 non
1206 1291 1256 1344 in
1289 1281 1664 1356 cupiditatibus
1691 1277 1808 1332 fuit.

433 1396 524 1453 56.
566 1369 924 1463 Quapropter,
958 1393 1112 1441 natos
1131 1397 1198 1437 ex
1219 1379 1412 1441 Adam,
1435 1369 1715 1430 transferri
1739 1373 1954 1422 renatos

359 1457 669 1561 Oportet-ad
686 1457 992 1543 Christum;
1024 1491 1091 1531 ne
1109 1490 1138 1528 a
1156 1486 1322 1543 regno
1343 1469 1434 1524 Dei
1453 1469 1678 1537 pereant
1700 1457 1957 1528 imagines

360 1551 480 1649 D-ei,
511 1579 651 1652 quod
672 1578 787 1633 sine
811 1574 952 1630 malo
970 1571 1084 1626 fieri
1111 1567 1202 1638 qui
1230 1564 1380 1629 dicit,
1404 1576 1503 1617 nec
1519 1569 1759 1613 amorem
1774 1551 1953 1613 habet,

362 1691 464 1732 nec
483 1644 728 1730 timorem
749 1669 863 1724 Dei.
881 1666 1016 1723 Cum
1035 1663 1140 1718 hoc
1164 1670 1344 1715 autem
1361 1656 1502 1711 malo
1518 1663 1740 1707 necesse
1762 1654 1846 1701 est
1863 1644 1961 1698 ho-

363 1768 566 1824 minem
606 1763 675 1818 de
701 1761 952 1816 damnata
981 1754 1186 1826 origine
1210 1747 1480 1823 generari.
1510 1763 1530 1796 (
1561 1745 1954 1812 Regeneratos»

365 1869 547 1916 autem
559 1856 698 1912 absit
715 1862 802 1909 «ut
821 1851 1127 1922 redigamus
1138 1865 1156 1898 ι
1184 1845 1323 1900 sicut
1341 1836 1704 1900 calumniaris,
1724 1850 1744 1884 ι
1755 1831 1854 1887 sub
1870 1844 1964 1884 ne—

366 1955 620 2011 cessitate
649 1948 932 2005 criminum
951 1945 996 2010 ⁸,
1029 1941 1142 1996 Deo
1170 1936 1430 2007 largiente
1467 1931 1606 1986 dona
1630 1928 1906 1982 virtutum.
1938 1938 1958 1972 ι

368 2045 625 2114 Quamvis
651 2055 777 2111 ergo
802 2038 962 2093 aliam
995 2034 1168 2103 legem
1203 2028 1480 2084 videamus
1508 2023 1564 2077 in
1593 2016 1850 2076 membris
1867 2029 1964 2068 no-

371 2111 518 2202 stris,
549 2138 935 2205 repugnantem
960 2125 1065 2196 legi
1091 2121 1286 2178 mentis
1309 2127 1542 2174 nostrae:
1561 2129 1667 2168 non
1690 2111 1861 2167 solum
1883 2114 1968 2161 ta-

371 2200 886 2285 mennecessvitatem
901 2215 1140 2275 criminis
1159 2229 1266 2269 non
1289 2210 1450 2266 habet
1469 2226 1484 2274 ;
1500 2205 1597 2263 sed
1617 2203 1778 2259 habet
1794 2200 1970 2273 potius

373 2324 634 2378 honorem
685 2315 858 2372 laudis
876 2355 892 2382 ,
919 2311 1074 2382 cujus
1103 2308 1321 2379 spiritus
1349 2300 1612 2374 spirituali
1639 2310 1862 2353 munere
1877 2293 1972 2348 ad-

371 2415 520 2487 jutus
531 2412 786 2469 adversus
805 2405 985 2463 carnis
999 2397 1482 2470 concupiscentiam
1497 2389 1846 2462 concupiscit.
1868 2385 1974 2443 Sed

375 2517 711 2577 quacumque
739 2509 793 2555 te
818 2512 1024 2565 verses,
1049 2507 1382 2566 quacumque
1411 2499 1461 2544 te
1485 2488 1678 2558 jactes,
1701 2495 1975 2555 quaecum-

377 2615 483 2670 que
511 2597 886 2664 undecumque
925 2591 1174 2660 colligas,
1217 2584 1393 2650 iniles,
1441 2580 1690 2644 ventiles,
1734 2586 1975 2646 spargas,

379 2667 568 2748 contra
595 2688 739 2761 quod
765 2683 1096 2757 concupiscit
1129 2679 1350 2752 spiritus
1387 2675 1563 2731 bonus
1583 2713 1598 2740 ,
1627 2685 1736 2726 non
1767 2675 1851 2724 est
1877 2667 1975 2722 bo-

381 2801 532 2841 num.

455 2878 546 2934 57.
583 2894 602 2929 ι
622 2873 738 2930 Non
769 2871 962 2943 potuit,
995 2887 1015 2922 ι
1047 2865 1274 2937 inquis,t
1303 2860 1607 2932 exemplum
1635 2856 1766 2912 dare
1792 2862 1981 2910 natura

383 2966 680 3024 dissimilis.
727 2983 747 3016 ›
801 2961 982 3018 Potuit
1031 2956 1248 3029 quidem
1291 2972 1306 3008 :
1354 2967 1478 3008 nam
1530 2949 1657 3021 quid
1703 2956 1786 3004 est
1839 2943 1984 3017 quod

383 3074 486 3115 nos
530 3057 598 3112 ad
647 3054 996 3110 imitationem
1043 3050 1216 3104 Patris
1263 3046 1546 3113 hortatur,
1590 3041 1683 3114 qui
1721 3040 1850 3096 facit
1897 3053 1986 3094 so-

385 3154 496 3210 lem
521 3165 680 3208 suum
705 3147 833 3204 oriri
873 3159 1037 3216 super
1060 3143 1231 3198 bonos
1260 3147 1318 3196 et
1354 3139 1545 3204 malos,
1586 3145 1646 3192 ut
1668 3135 1784 3207 ejus
1804 3148 1987 3190 exem-

386 3246 481 3316 plo
509 3251 726 3299 nostros
757 3239 1039 3310 diligamus
1081 3234 1328 3290 inimicos
1353 3230 1578 3306 (Matth.
1606 3245 1642 3286 v
1665 3271 1680 3298 ,
1711 3229 1782 3284 44
1805 3269 1820 3296 ,
1847 3226 1988 3298 45)?

389 3340 777 3395 Verumtamen
807 3341 997 3390 natura
1017 3330 1037 3363 ³
1074 3327 1307 3385 hominis
1336 3325 1535 3382 Christi
1557 3331 1759 3380 nostra:
1785 3330 1990 3376 naturas

390 3429 666 3488 dissimilis
708 3442 814 3482 non
858 3425 975 3492 fuit,
1009 3421 1104 3479 sed
1146 3419 1275 3476 vitio
1324 3424 1508 3474 nostro
1549 3413 1824 3470 dissimilis
1867 3410 1987 3469 fuit.

390 3523 488 3580 ille
516 3523 713 3594 quippe
742 3521 861 3575 sine
889 3516 1017 3572 vitio
1045 3521 1203 3570 natus
1227 3519 1311 3569 est
1338 3511 1520 3576 homo,
1548 3507 1689 3579 quod
1717 3507 1993 3562 hominum

392 3631 576 3672 nemo.
609 3614 877 3681 Quantum
901 3619 1080 3664 autem
1104 3607 1174 3662 ad
1204 3607 1366 3661 vitam
1391 3602 1662 3675 pertinet,
1694 3616 1798 3672 qua
1835 3599 1994 3656 Chri-

394 3715 539 3772 stum
559 3705 819 3760 debemus
845 3699 1063 3766 imitari,
1093 3697 1196 3752 hoc
1222 3710 1437 3767 quoque
1458 3693 1526 3748 ad
1553 3692 1858 3748 distantiam
1879 3693 2000 3762 plu-

399 3798 597 3854 rimum
624 3794 784 3858 valet,
816 3790 960 3862 quod
1002 3787 1365 3859 unusquisque
1403 3793 1648 3841 nostrum
1692 3784 1855 3840 homo
1893 3794 1996 3853 est,

405 3891 502 3946 ille
530 3897 710 3944 autem
748 3888 908 3942 etiam
941 3886 1099 3941 Deus.
1147 3881 1334 3952 Neque
1385 3882 1530 3938 enim
1566 3889 1772 3936 tantum
1825 3888 2003 3952 potest

399 3984 577 4056 justus
627 3982 788 4036 homo
845 3994 966 4036 esse
1009 3977 1101 4049 qui
1147 3976 1311 4032 homo
1359 3985 1480 4042 est,
1529 3985 1790 4048 quantum
1839 3976 2003 4032 homo

402 4078 494 4148 qui
528 4086 583 4132 et
627 4075 763 4129 Deus
792 4081 896 4129 est.
947 4070 1079 4127 illud
1127 4085 1258 4125 sane
1296 4085 1548 4140 magnum
1591 4085 1886 4140 verumque
1924 4069 2006 4124 di-

403 4168 568 4236 xisti,
617 4184 738 4224 cum
789 4166 1062 4238 posuisses
1117 4165 1479 4220 testimonium
1529 4164 1762 4234 apostoli
1809 4163 2000 4231 Petri,

406 4260 654 4326 dicentis,
714 4258 812 4326 Qui
859 4267 1122 4329 peccatum
1163 4273 1266 4311 non
1311 4257 1428 4327 fecit
1477 4254 1709 4328 (lPetr.
1755 4272 1816 4325 ιι,
1857 4255 2006 4326 22);

408 4353 704 4410 notandum
746 4366 866 4407 esse
907 4350 1050 4421 quod
1088 4349 1406 4420 iudicaverit
1440 4351 1716 4421 apostolus
1761 4349 2009 4407 sufficere

409 4447 478 4502 ad
530 4443 920 4500 ostendendum
973 4443 1028 4497 in
1085 4442 1300 4498 Christo
1349 4443 1553 4498 nullum
1609 4443 1769 4499 fuisse
1815 4458 2010 4514 pecca-

411 4548 548 4606 tum,
594 4540 716 4610 quia
757 4537 891 4593 dixit
933 4537 1138 4593 nullum
1189 4553 1312 4592 eum
1357 4536 1548 4594 fecisse
1595 4547 1910 4609 peccatum:
1942 4538 2014 4595 Ut

420 4634 724 4700 «doceret,»
757 4632 954 4703 inquis,
976 4630 1128 4702 (quia
1147 4631 1238 4702 qui
1265 4645 1369 4686 non
1397 4630 1538 4697 fecit,
1560 4631 1755 4687 habere
1784 4647 1890 4687 non
1918 4646 2015 4702 po-

415 4726 539 4781 tuit.
571 4743 589 4777 ι
621 4724 852 4779 Omnino
880 4723 1226 4779 verissimum
1253 4730 1353 4779 est.
1383 4721 1634 4779 Profecto
1659 4722 1801 4778 enim
1833 4737 2018 4794 pecca-

416 4827 533 4874 tum
566 4818 730 4874 etiam
755 4818 930 4888 major
952 4816 1186 4883 fecisset,
1215 4816 1260 4871 si
1291 4830 1486 4887 parvus
1509 4814 1531 4847 ⁸
1561 4815 1855 4872 habuisset.
1881 4816 2015 4873 Nam

418 4920 703 4983 propterea
735 4909 910 4965 nullus
934 4917 1018 4964 est
1046 4907 1322 4964 hominum
1353 4917 1546 4978 praeter
1570 4908 1742 4979 ipsum
1772 4909 1862 4980 qui
1889 4924 2018 4979 pec-

421 5013 602 5060 catum
623 5017 730 5057 non
753 4998 944 5056 fecerit
965 4999 1266 5072 grandioris
1285 5000 1457 5057 (etatis
1479 5015 1721 5070 accessu,
1744 5002 1866 5072 quia
1893 5001 2018 5056 nul-

424 5097 510 5152 lus
541 5103 624 5151 est
675 5092 953 5148 hominum
997 5101 1194 5162 praeter
1235 5092 1409 5165 ipsum
1459 5093 1550 5165 qui
1593 5103 1868 5165 peccatum
1911 5110 2019 5150 non

425 5189 678 5246 habuerit
699 5187 956 5244 infantilis
974 5187 1146 5243 aetatis
1165 5197 1376 5244 exortu.

499 5283 589 5339 58.
630 5301 649 5335 ι
677 5281 849 5350 Tolle,
877 5300 897 5334 ι
928 5281 1124 5351 inquis,
1159 5297 1180 5333 ‹
1208 5278 1438 5352 exempli
1467 5295 1702 5349 causam,
1731 5278 1944 5335 tolletur
1967 5286 2023 5334 et

427 5375 589 5446 pretii
606 5374 650 5442 ⁸,
692 5373 838 5444 quod
867 5388 965 5444 pro
994 5373 1150 5429 nobis
1180 5371 1352 5430 factus
1378 5381 1482 5430 est.
1511 5393 1532 5427 ι
1578 5372 1695 5429 Non
1719 5380 1800 5429 est
1826 5371 2021 5428 mirum

495 5514 517 5546 ⁸
549 5518 685 5572 Lov.,
710 5516 910 5564 unitum.

494 5575 518 5607 ³
549 5573 867 5625 Floriacensis
885 5578 992 5634 κε..
1013 5571 1447 5624 subnecessitatem

498 5637 521 5669 ³
552 5635 685 5686 idem
705 5643 807 5696 Ms.,
830 5633 1156 5687 verumtamen
1176 5638 1223 5687 et
1240 5638 1434 5685 natura.
1458 5633 1654 5693 Quidam
1674 5633 1753 5684 alii
1770 5640 1877 5686 Mss.
1900 5669 1916 5698 ,
1949 5647 2026 5690 ve-

501 5823 524 5854 ⁸
555 5821 870 5890 Floriacensis
893 5821 973 5872 Ms.
993 5835 1005 5872 :
1024 5821 1167 5890 Tque,
1185 5822 1372 5890 mauis,
1382 5821 1666 5890 exemptam
1681 5859 1696 5884 ,
1722 5821 2027 5890 causa‘tolle-

436 5881 1225 6012 g’e‘top‘t’t’oemticanis
1249 5881 1267 5940 Ξ
1293 5881 1418 5942 Ioue
1431 5923 1448 5954 ,
1461 5881 1617 5956 tnq'uu
1631 5922 1648 5952 ,
1672 5881 1886 5953 exempli
1905 5899 1999 5943 catt

1173 421 1450 481 CONTRA
1486 409 1828 474 JULIANUM
1867 399 2340 470 PELAGIANUM,
2379 397 2440 457 S.
2478 389 2844 454 AUGUSTINI

2052 522 2193 596 quod
2209 521 2382 577 solum
2393 514 2696 586 exemplum
2713 509 2867 583 ponis
2890 507 2945 562 in
2973 502 3208 571 Christo,
3223 499 3316 573 qui
3332 498 3644 572 praesidium

2050 593 2255 688 gratiae,
2286 625 2393 684 quo
2418 618 2536 667 erat
2557 609 2751 681 plenus
2781 606 2821 672 ¹,
2849 612 3142 674 oppugnas.
3181 615 3201 650 ‹
3226 595 3354 667 Spe,
3389 614 3409 648 ι
3444 593 3644 666 inquis,

2058 729 2078 764 ι
2107 710 2254 766 malo
2279 705 2498 764 carendi
2541 703 2610 758 ad
2662 699 2787 756 fidei
2835 694 3079 768 praesidia
3121 689 3490 757 convolamus,
3538 703 3648 744 non

2052 810 2232 858 autem
2281 811 2530 856 caremus
2578 793 2775 850 innatis
2825 808 2841 845 :
2896 785 3156 859 siquidem
3207 791 3330 856 post
3377 781 3652 852 Baptisma

2057 895 2288 952 virilitas
2317 893 2429 962 ipsa
2456 888 2762 961 perdurat.»
2787 882 2890 950 Qui
2919 879 3189 937 virilitatis
3215 878 3433 933 nomine
3454 890 3656 932 concu-

2054 988 2368 1062 piscentiam
2421 982 2597 1039 carnis
2647 978 2914 1051 appellas;
2960 974 3213 1046 perdurat
3254 970 3440 1043 utique
3462 1012 3478 1039 ,
3509 968 3656 1041 quod

2055 1095 2255 1153 negare
2293 1093 2400 1134 non
2427 1082 2578 1146 potes
2604 1075 2627 1106 ³
2643 1113 2660 1140 ,
2687 1078 2874 1126 contra
2911 1066 3055 1139 quod
3093 1064 3253 1120 debet
3275 1062 3658 1132 concupiscere

2057 1173 2299 1245 spiritus,
2347 1183 2417 1224 ne
2464 1167 2628 1222 homo
2671 1164 2782 1234 jam
2824 1168 3042 1226 renatus
3087 1154 3520 1227 concupiscentia
3562 1167 3661 1208 sua

2058 1264 2305 1320 trahatur
2324 1262 2557 1316 illectus.
2589 1257 2659 1312 Et
2683 1255 2867 1325 utique
2890 1249 3320 1321 concupiscentia
3347 1263 3471 1318 qua:
3493 1261 3660 1316 repu-

2058 1367 2186 1430 gnat
2214 1365 2275 1411 ut
2302 1355 2513 1419 trahat,
2556 1350 2718 1406 etiam
2748 1347 2795 1401 si
2823 1345 3012 1416 spiritu
3039 1353 3226 1399 contra
3255 1355 3376 1397 eam
3399 1337 3662 1408 concupi-

2061 1457 2250 1505 scente
2279 1455 2335 1502 et
2360 1445 2645 1500 resistente
2665 1456 2770 1494 non
2793 1438 2988 1504 trahat,
3010 1451 3075 1490 ac
3102 1441 3383 1506 propterea
3407 1446 3509 1488 uec
3526 1445 3661 1486 con-

2063 1541 2224 1612 cipiat
2252 1539 2532 1610 pariatque
2562 1541 2842 1606 peccatum
2872 1528 3073 1601 (Jacobi
3099 1543 3138 1597 ι,
3172 1528 3260 1591 l4,
3296 1525 3410 1598 15),
3442 1540 3550 1581 non
3579 1531 3667 1580 est

2064 1633 2290 1688 bonum.
2318 1630 2386 1685 Et
2411 1629 2523 1699 ipsa
2551 1635 2657 1692 est,
2686 1624 2756 1679 de
2783 1638 2887 1695 qua
2911 1622 3042 1677 dicit
3061 1618 3370 1690 Apostolus,
3395 1617 3519 1674 Scio
3544 1615 3669 1688 quia

2066 1741 2170 1780 non
2197 1722 2392 1778 habitat
2415 1722 2468 1774 in
2497 1735 2596 1786 me,
2628 1719 2723 1772 hoc
2756 1725 2829 1771 est
2857 1715 2912 1769 in
2930 1729 3082 1770 carne
3107 1727 3242 1781 mea,
3275 1711 3458 1766 bonum
3487 1708 3667 1784 (Rom.

2069 1835 2162 1883 vn,
2191 1817 2306 1888 l8).
2339 1815 2454 1870 Hoc
2481 1821 2661 1866 autem
2687 1809 2830 1881 quod
2861 1823 2969 1863 non
2997 1815 3084 1863 est
3110 1806 3313 1862 bonum
3337 1803 3585 1860 Christus
3613 1802 3670 1858 in

2071 1921 2260 1968 natura
2286 1909 2332 1964 si
2358 1907 2583 1962 haberet
2608 1919 2734 1967 sua.
2761 1918 2870 1958 non
2898 1907 3116 1956 sanaret
3141 1899 3194 1953 in
3224 1906 3427 1954 nostra.

2143 2002 2369 2060 CAPUT
2398 1999 2518 2056 XVI
2532 1999 2703 2073 (a).—
2723 1994 3126 2065 59.1nterponis
3141 1991 3286 2048 aliud
3297 1990 3507 2046 delibro
3518 2003 3664 2055 meo,

2075 2095 2410 2168 etquoniam
2457 2093 2605 2159 dixi,
2643 2109 2663 2143 ‹
2698 2087 3033 2159 conjugalem
3061 2084 3424 2149 concubitum,
3471 2079 3562 2150 qui
3603 2081 3668 2134 iit

2077 2189 2377 2246 intentione
2403 2181 2692 2256 generandi
2718 2223 2734 2248 ,
2765 2195 2871 2235 non
2903 2179 3075 2248 ipsum
3104 2189 3226 2232 esse
3265 2181 3574 2245 peccatum,
3604 2183 3674 2225 eo

2078 2282 2223 2355 quod
2248 2281 2387 2336 bona
2415 2278 2660 2332 voluntas
2699 2273 2863 2329 animi
2888 2279 3200 2342 sequentem
3229 2268 3407 2335 ducat,
3435 2279 3543 2320 non
3571 2263 3675 2318 du-

2079 2384 2290 2432 centem
2321 2379 2576 2442 sequatur
2601 2367 2844 2438 corporis
2871 2365 3196 2434 voluptatem
3213 2381 3233 2416 )
3259 2360 3364 2433 (De
3388 2357 3602 2430 Nuptiis
3629 2364 3680 2412 et

2084 2463 2500 2536 Concupiscentia
2524 2503 2542 2528 ,
2595 2459 2683 2515 lib.
2734 2460 2788 2526 l,
2830 2474 2883 2512 η.
2943 2454 3034 2528 15)
3065 2473 3078 2510 :
3107 2463 3165 2511 tu
3226 2461 3412 2509 contra
3467 2450 3676 2516 refers,

2088 2575 2109 2611 ι
2144 2559 2221 2614 De
2246 2572 2311 2614 ea
2334 2571 2395 2611 re
2420 2570 2540 2626 qua:
2566 2569 2598 2608 a
2625 2559 2844 2624 peccato
2873 2550 3040 2606 libera
3070 2556 3174 2616 est,
3205 2556 3422 2619 peccata
3448 2561 3556 2602 non
3579 2559 3680 2600 na-

2083 2650 2201 2716 sci;
2231 2667 2252 2700 ι
2283 2647 2387 2702 isto
2412 2644 2574 2701 modo
2598 2644 2912 2700 existimans
2943 2650 2996 2698 te
3024 2655 3184 2712 posse
3211 2639 3488 2696 destruere
3515 2637 3682 2709 origi-

2085 2739 2208 2796 nale
2231 2745 2529 2809 peccatum,
2558 2733 2701 2805 quod
2720 2748 2827 2788 non
2857 2732 3087 2788 destruit
3106 2731 3212 2786 nisi
3231 2730 3496 2798 Salvator,
3521 2743 3686 2801 quem

2087 2830 2325 2903 parvulis
2351 2827 2621 2884 invidetis.
2652 2826 2890 2882 Destruit
2923 2833 3099 2881 autem
3130 2822 3391 2879 solvendo
3433 2821 3577 2892 quod
3606 2821 3689 2876 rei

2088 2933 2235 2991 sunt,
2254 2937 2361 2978 non
2382 2918 2647 2991 negando.
2672 2916 2796 2973 ideo
2817 2916 3015 2988 quippe
3039 2914 3353 2970 concubitus
3368 2910 3688 2983 conjugalis,

2091 3015 2183 3088 qui
2213 3013 2273 3069 fit
2300 3011 2597 3068 intentione
2633 3009 2958 3080 generandi,
2995 3022 3102 3062 non
3127 3011 3214 3062 est
3235 3012 3536 3078 peccatum,
3563 3002 3692 3073 quia

2091 3110 2230 3166 bene
2267 3107 2434 3162 utitur
2475 3106 2592 3177 lege
2631 3103 2857 3174 peccati,
2889 3100 2943 3156 id
2970 3109 3055 3156 est
3087 3098 3538 3170 concupiscentia,
3570 3109 3694 3166 quze

2094 3202 2236 3259 inest
2261 3201 2314 3256 in
2346 3197 2605 3254 membris
2633 3209 2936 3266 repugnans
2963 3192 3067 3264 legi
3088 3191 3304 3247 mentis.
3333 3189 3464 3256 Quae
3489 3188 3534 3243 si
3565 3202 3694 3258 pre-

2095 3303 2280 3364 pterea
2311 3304 2462 3347 reum
2508 3295 2785 3359 parentem
2829 3299 2937 3341 non
2979 3291 3156 3349 tenet,
3187 3283 3310 3354 quia
3350 3289 3697 3351 regeneratus

2097 3397 2216 3454 est;
2246 3385 2374 3458 quid
2403 3384 2598 3439 mirum
2628 3382 2672 3436 si
2703 3388 2982 3452 propterea
3009 3393 3162 3434 reum
3190 3384 3338 3432 tenet
3365 3383 3692 3442 nascentem,

2098 3480 2221 3551 quia
2252 3476 2377 3532 inde
2410 3481 2694 3547 generatus
2719 3471 2839 3529 est?
2869 3471 2937 3526 Et
2965 3470 3087 3526 ideo
3126 3485 3196 3525 ne
3235 3483 3361 3524 reus
3401 3473 3696 3534 remaneat,

2101 3573 2262 3629 etiam
2295 3571 2410 3641 ipse
2437 3565 2834 3639 regenerandus
2862 3571 2964 3620 est.
2998 3564 3124 3620 Haec
3149 3577 3279 3619 vero
3316 3561 3574 3618 sententia
3606 3568 3700 3614 tua

2103 3679 2210 3735 qua
2238 3660 2443 3729 dixisti,
2477 3678 2497 3712 ι
2529 3659 2606 3715 De
2633 3673 2697 3714 ea
2724 3672 2786 3713 re
2810 3671 2930 3728 qua:
2953 3671 2985 3711 a
3011 3663 3229 3727 peccato
3253 3654 3419 3710 libera
3445 3662 3549 3719 est,
3576 3666 3704 3723 pec-

2105 3765 2225 3811 cata
2254 3768 2360 3809 non
2390 3753 2559 3817 nasci,
2589 3770 2610 3804 »
2645 3758 2904 3820 quantum
2932 3747 3149 3818 adjuvet
3172 3745 3509 3811 Manichaeos,
3532 3743 3578 3798 si
3603 3758 3703 3798 co-

2105 3852 2244 3920 gites
2267 3891 2282 3917 ,
2310 3848 2460 3904 voles
2502 3861 2622 3901 eam
2661 3844 2846 3900 delere
2868 3842 2938 3898 de
2965 3842 3104 3897 libro
3132 3849 3247 3910 tuo,
3277 3850 3332 3897 et
3355 3839 3422 3895 de
3449 3837 3709 3894 cordibus

2108 3942 2347 3999 omnium
2375 3940 2396 3972 ³
2422 3939 2513 4011 qui
2541 3939 2789 4008 legerunt
2817 3936 3008 3991 librum
3034 3942 3207 3990 tuum.
3249 3933 3304 3989 Si
3331 3931 3473 3988 enim
3497 3944 3613 3986 non
3637 3929 3710 3984 de

2110 4051 2173 4092 ea
2203 4050 2264 4090 re
2288 4049 2407 4106 quas
2433 4047 2464 4088 a
2482 4039 2715 4104 peccato
2762 4029 2931 4086 libera
2974 4036 3080 4096 est,
3125 4038 3341 4098 peccata
3369 4033 3709 4090 nascuntur;

2111 4130 2313 4185 habent
2340 4128 2500 4183 aliam
2525 4134 2771 4182 naturam
2795 4138 2946 4180 suam
2968 4123 3012 4191 ‘-,
3045 4122 3338 4179 secundum
3365 4119 3708 4186 Manicbmos,

2112 4223 2258 4279 unde
2284 4230 2597 4277 nascuntur.
2625 4219 2771 4286 Quos
2797 4227 2852 4274 et
2875 4218 2996 4273 aliis
3019 4217 3280 4273 similibus
3300 4214 3577 4272 sententiis
3601 4213 3734 4268 tuis.

2115 4320 2370 4385 quantum
2398 4311 2681 4381 adjuvares
2710 4310 2754 4377 ⁸,
2777 4309 2888 4380 jam
2917 4310 2970 4364 in
2996 4309 3170 4380 primo
3197 4307 3354 4378 hujus
3379 4305 3550 4363 nostri
3574 4319 3714 4375 ope-

2115 4405 2192 4460 ris
2220 4403 2491 4460 volumine
2519 4403 2881 4459 demonstravi
2910 4393 3132 4474 (Supra
3151 4443 3164 4468 ,
3196 4401 3283 4456 lib.
3313 4417 3351 4469 ι,
3392 4418 3445 4455 n.
3474 4398 3650 4456 36-44
3668 4398 3714 4469 ).

2117 4497 2258 4553 Ecce
2283 4496 2370 4552 hic
2405 4503 2461 4551 et
2499 4495 2642 4566 quod
2682 4495 2862 4552 dixisti
2907 4495 3234 4551 tantumdem
3271 4495 3433 4550 valet.
3477 4492 3720 4550 Videsne

2119 4591 2276 4647 nobis
2299 4605 2520 4660 operam
2545 4589 2798 4656 dandam,
2823 4597 3016 4659 praeter
3037 4602 3278 4644 errorem
3303 4588 3576 4658 proprium
3607 4600 3723 4657 quo

2119 4683 2389 4754 Pelagiani
2415 4682 2567 4751 estis,
2596 4689 2657 4738 ut
2682 4681 2940 4754 quasdam
2967 4689 3086 4736 tuas
3113 4681 3437 4748 sententias,
3468 4679 3640 4750 qualis
3663 4684 3722 4738 et

2120 4779 2223 4836 ista
2243 4786 2346 4847 est,
2377 4786 2702 4844 evertamus,
2746 4777 2793 4832 si
2834 4775 3157 4832 Manichaaos
3184 4775 3398 4831 vincere
3433 4771 3725 4829 volumus?

2128 4888 2148 4922 ι
2182 4870 2258 4926 De
2287 4884 2352 4926 ea
2380 4885 2442 4925 re
2469 4883 2588 4940 qua:
2617 4883 2648 4923 a
2678 4877 2900 4938 peccato
2925 4867 3093 4923 libera
3121 4876 3206 4924 est
3233 4885 3252 4920 ι
3283 4866 3419 4922 dicis
3445 4884 3466 4919 ι
3499 4871 3725 4936 peccata

2122 4978 2232 5020 non
2261 4963 2431 5018 nasci.
2463 4979 2483 5014 ι
2513 4960 2620 5017 Sed
2645 4961 2844 5018 veritas
2869 4959 3206 5026 contradicit,
3238 4974 3357 5030 qua:
3386 4966 3439 5013 te
3467 4965 3522 5013 et
3547 4956 3725 5011 Mani-

2123 5059 2305 5114 chzeos
2327 5055 2542 5124 evertit,
2561 5071 2683 5111 cum
2704 5055 2898 5126 quibus
2917 5055 3014 5110 tibi
3034 5070 3136 5110 vox
3163 5054 3262 5109 ista
3290 5050 3590 5108 communis
3614 5056 3724 5106 est.

2126 5149 2364 5221 Angelus
2392 5163 2554 5218 quem
2580 5146 2781 5204 creavit
2806 5147 2969 5211 Deus,
2997 5161 3087 5202 res
3107 5160 3136 5200 a
3157 5153 3377 5216 peccato
3401 5144 3570 5199 libera
3591 5140 3728 5208 fuit;

2127 5239 2290 5296 homo
2309 5253 2470 5310 quem
2495 5239 2727 5310 primum
2754 5238 2956 5294 creavit
2974 5238 3136 5307 Deus,
3163 5252 3252 5294 res
3270 5251 3300 5291 a
3315 5243 3536 5309 peccato
3555 5235 3730 5290 libera

2127 5335 2244 5390 fuit.
2276 5334 2356 5391 De
2379 5334 2542 5390 rebus
2570 5334 2733 5405 igitur
2755 5349 2786 5388 a
2815 5341 3036 5404 peccato
3079 5332 3264 5389 liberis
3289 5339 3414 5387 nata
3442 5345 3566 5387 esse
3591 5343 3730 5400 pec-

2127 5439 2246 5486 cata
2269 5429 2363 5502 qui
2407 5437 2586 5500 negat,
2629 5437 2722 5483 aut
2770 5427 3095 5484 Manichacus
3139 5434 3224 5484 est
3266 5425 3602 5494 manifestus,
3633 5429 3736 5480 aut

2130 5523 2440 5580 Manichaeis
2466 5521 2789 5594 suffragatur
2816 5521 3082 5578 incautus.

2197 5643 2215 5674 ι
2250 5648 2374 5690 Tres
2396 5650 2428 5702 e
2450 5638 2599 5702 Vatic.
2625 5644 2752 5698 Mss,
2777 5650 2874 5701 qua
2893 5642 2999 5688 erat
3025 5635 3210 5702 plema.

2195 5705 2216 5736 ⁸
2248 5704 2320 5752 sic
2331 5701 2515 5751 habent
2528 5699 2696 5762 plures
2718 5698 2824 5750 Mss.
2840 5707 2896 5750 At
2905 5698 3041 5760 editi,
3057 5698 3226 5764 negari
3241 5710 3334 5750 non
3345 5700 3513 5764 potest.

2199 5765 2220 5797 ³
2254 5763 2422 5813 Plures
2445 5769 2572 5813 Mss..
2597 5761 2860 5812 hominum.

2196 5826 2220 5858 ι
2251 5797 2572 5888 ὲίὸἱιίῖιὲὲὶιέἒέ
2589 5797 2874 5888 ᾆῐξῗῖἁίἰὶῖίὶ
2893 5861 2909 5888 ,
2925 5839 3080 5880 suam.

2198 5888 2220 5921 ⁵
2255 5887 2386 5950 Apud
2409 5892 2540 5950 Low,
2564 5885 2828 5948 adjuven's.

2199 5951 2274 6019 (α)
2291 5948 2560 6024 'Apudam.
2576 5957 2640 6041 et
2660 5955 2760 6018 ει,
2787 5948 2863 6004 to.
