4022 6466
324 443 429 500 817

393 556 482 615 60.
526 554 732 612 Deinde
773 565 980 625 ponens
1019 550 1123 606 alia
1161 549 1324 607 verba
1351 561 1492 613 mea,
1520 546 1598 603 sic
1620 560 1907 618 argumen-

324 649 454 706 taris
473 647 625 719 quasi
655 660 754 717 ego
777 644 1021 709 dixerim,
1057 642 1186 698 Cum
1211 641 1363 698 servit
1388 637 1673 712 conjugatis
1697 636 1764 691 ad
1791 651 1911 706 pro-

323 742 612 817 pagandam
653 739 864 812 prolem,
897 747 1017 793 tunc
1044 736 1285 792 honorari
1322 733 1600 790 libidinem.
1646 732 1786 787 Dicis
1815 731 1909 788 tibi

319 837 436 907 ipse
462 833 606 905 quod
633 832 755 888 vis:
783 846 906 886 nam
950 845 1051 901 ego
1090 828 1194 884 hoc
1235 841 1338 884 nec
1377 825 1486 882 dixi
1530 824 1771 891 omnino,
1810 837 1910 880 nec

319 926 487 984 sensi.
516 923 798 994 Quomodo
837 923 981 979 enim
1021 921 1185 977 libido
1223 934 1345 976 cum
1387 921 1550 975 servit
1593 917 1904 984 honoratur,

318 1018 534 1091 quando
563 1033 632 1073 ne
675 1024 862 1088 pergat
903 1017 958 1070 in
1000 1015 1198 1070 liberos
1236 1027 1506 1077 excessus,
1548 1011 1908 1066 dominatione

319 1110 514 1166 mentis
545 1107 900 1178 opprimitur?
941 1105 1051 1162 Nos
1094 1107 1272 1176 itaque
1311 1119 1419 1160 non
1451 1103 1682 1159 diximus
1711 1119 1908 1172 semper

317 1201 385 1254 ad
412 1209 611 1255 reatum
655 1198 903 1266 pertinere
945 1197 1020 1250 uti
1070 1196 1296 1250 libidine.
1343 1194 1494 1264 Quod
1525 1195 1668 1250 velut
1707 1193 1905 1248 dixeri-

315 1306 458 1354 mus,
488 1290 560 1344 ita
589 1289 815 1359 colligis,
850 1289 1014 1342 minus
1055 1304 1262 1358 peccare
1285 1286 1540 1341 adulteros
1565 1302 1714 1357 quam
1744 1286 1903 1340 utari-

315 1393 428 1448 tos;
477 1382 597 1454 quia
641 1382 869 1446 maritis,
921 1380 1117 1452 inquis,
1169 1379 1324 1435 libido
1381 1379 1531 1434 servit
1576 1387 1630 1432 ut
1678 1386 1902 1448 peccent,

313 1475 562 1536 adulteris
606 1475 843 1544 imperat.
879 1472 985 1529 Sed
1028 1487 1148 1528 cum
1191 1486 1292 1543 ego
1339 1470 1471 1526 illud
1515 1485 1622 1526 non
1649 1469 1899 1536 dixerim,

314 1567 704 1638 qualecumque
726 1566 827 1620 hoc
851 1565 920 1618 sit
944 1573 1092 1619 tuum
1120 1562 1261 1634 quod
1296 1570 1542 1632 tanquam
1569 1574 1903 1630 consequens

312 1675 434 1716 esse
463 1657 700 1726 voluisti,
729 1657 861 1712 nihil
887 1655 955 1711 ad
982 1670 1069 1710 me
1097 1653 1304 1710 attinet.
1349 1654 1460 1724 Ego
1482 1652 1624 1707 enim
1655 1650 1795 1714 dico,
1825 1649 1904 1705 uti

309 1751 536 1807 libidine
562 1764 669 1806 non
695 1764 909 1819 semper
937 1763 1058 1804 esse
1083 1755 1389 1816 peccatum;
1429 1745 1552 1816 quia
1592 1745 1734 1798 maio
1764 1744 1902 1799 bene

311 1845 386 1899 uti
421 1858 527 1898 non
557 1850 641 1897 est
667 1849 962 1923 peccatum.
992 1839 1103 1894 Nec
1128 1852 1477 1909 quaecumque
1503 1850 1592 1892 res
1619 1836 1736 1890 ideo
1762 1835 1901 1890 bona

307 1944 414 2000 est,
447 1935 570 2005 quia
599 1949 662 1989 ea
691 1934 827 1990 bene
874 1932 1041 1988 utitur
1081 1930 1274 1986 bonus.
1305 1929 1437 1984 Nam
1483 1937 1538 1985 et
1582 1929 1649 1983 de
1695 1927 1900 1982 duobus

311 2027 620 2084 hominibus
663 2027 918 2098 scriptum
949 2035 1032 2081 est
1056 2043 1069 2079 :
1099 2023 1270 2080 Filius
1299 2023 1524 2077 eruditus
1553 2013 1754 2092 sapiens
1780 2021 1894 2087 erit,

307 2120 628 2192 imprudente
649 2130 820 2173 autent
840 2119 1070 2173 ministro
1099 2125 1270 2172 utetur
1294 2113 1472 2186 (Prov.
1497 2130 1552 2182 x,
1575 2130 1676 2168 sec.
1698 2110 1895 2184 LXX).

306 2212 573 2283 Numquid
627 2213 746 2268 ideo
790 2211 988 2266 bonum
1032 2219 1115 2267 est
1159 2224 1280 2265 esse
1325 2208 1738 2279 imprudentem,
1773 2206 1897 2276 quia

304 2305 446 2360 bene
472 2305 564 2359 illo
591 2304 758 2360 utitur
798 2303 1054 2375 sapiens?
1106 2301 1234 2356 inde
1263 2308 1318 2357 et
1364 2299 1636 2370 apostolus
1661 2298 1897 2352 Joannes

304 2410 414 2450 non
435 2395 530 2462 ait,
558 2394 736 2450 Nolite
763 2395 841 2450 uti
880 2394 1116 2459 mundo;
1157 2391 1273 2460 sed,
1306 2391 1484 2446 Nolite
1510 2390 1717 2462 diligere
1748 2407 1896 2444 mun-

304 2487 470 2541 dum:
499 2486 588 2540 ubi
629 2486 805 2557 posuit
841 2493 896 2542 et
922 2484 1405 2554 concupiscentiam
1437 2481 1615 2538 carnis
1658 2481 1709 2555 (l
1733 2479 1892 2536 Joan.

303 2593 364 2643 ιι,
393 2578 486 2644 l5,
533 2577 645 2650 i6).
691 2578 790 2647 Qui
821 2577 962 2633 enim
1002 2592 1108 2632 non
1140 2575 1366 2646 diligens
1393 2576 1578 2640 utitur,
1608 2574 1757 2644 quasi
1787 2589 1895 2628 non

303 2678 464 2726 utens
490 2671 687 2736 utitur;
717 2671 838 2741 quia
869 2686 977 2725 non
999 2669 1116 2740 ejus
1141 2669 1220 2723 rei
1248 2683 1409 2723 causa
1431 2667 1614 2734 utitur,
1639 2667 1732 2723 sed
1761 2667 1894 2722 alte-

303 2762 416 2817 rius
458 2776 616 2832 quam
661 2760 887 2832 diligens
930 2760 1184 2827 intuetur,
1232 2759 1476 2814 utetiam
1521 2772 1627 2812 non
1667 2757 1894 2827 diligens

303 2852 408 2910 hac
430 2861 629 2908 utatur.
653 2852 880 2922 Propter
898 2852 1041 2924 quod
1066 2851 1263 2907 Paulus
1287 2849 1624 2920 coapostolus
1647 2849 1794 2918 ejus:
1826 2846 1894 2902 Et

299 2946 391 3016 qui
434 2953 662 3008 utuntur,
713 2944 899 3016 inquit,
957 2945 1053 2998 hoc
1081 2942 1293 3008 mundo,
1343 2942 1489 3012 quasi
1538 2957 1639 2994 non
1685 2948 1893 2994 utantur

300 3036 354 3107 (Ι
374 3033 496 3092 Cor.
520 3051 613 3102 vn,
639 3033 754 3108 5i).
778 3034 913 3102 Quid
942 3043 1042 3101 est,
1071 3035 1216 3106 quasi
1238 3050 1338 3088 non
1363 3042 1602 3099 utantur;
1633 3032 1753 3096 nisi,
1777 3031 1892 3086 Non

299 3129 526 3200 diligant
550 3145 656 3199 quo
687 3136 927 3197 utuntur,
946 3128 1196 3200 quoniam
1229 3128 1334 3182 tale
1359 3135 1462 3194 est,
1489 3135 1548 3180 ut
1577 3125 1714 3180 bene
1740 3126 1894 3180 aliter

298 3234 410 3274 non
441 3218 696 3273 utantur?
727 3218 796 3272 Et
831 3217 934 3274 hoc
962 3217 1174 3289 quidem
1201 3217 1359 3272 etiam
1399 3217 1452 3271 in
1499 3216 1582 3271 his
1607 3215 1766 3271 rebus
1792 3215 1890 3272 ob-

297 3311 626 3366 servandum
654 3321 755 3376 est,
784 3327 902 3382 quae
934 3311 985 3364 in
1016 3310 1116 3365 hoc
1140 3309 1342 3365 mundo
1372 3310 1450 3364 sic
1477 3308 1630 3364 bona:
1660 3317 1802 3372 sunt,
1833 3313 1894 3362 ut

299 3411 484 3457 tamen
515 3417 606 3457 eas
627 3399 776 3472 diligi
808 3417 915 3456 non
942 3409 1203 3471 oporteat.
1220 3399 1352 3467 Quis
1376 3400 1517 3455 enim
1544 3399 1741 3453 malum
1772 3413 1892 3453 esse

300 3493 586 3564 pecuniam
635 3501 781 3548 recte
826 3491 1062 3547 dixerit?
1109 3491 1177 3545 Et
1223 3499 1397 3544 tamen
1448 3503 1606 3543 nemo
1647 3503 1708 3542 ea
1755 3487 1892 3543 bene

300 3586 471 3641 utitur
494 3586 585 3656 qui
610 3585 891 3642 dilexerit:
925 3592 1125 3655 quanto
1153 3583 1321 3655 magis
1348 3581 1604 3638 libidine?
1631 3581 1764 3637 Nam
1795 3597 1889 3650 pe-

297 3677 515 3733 cuniam
553 3677 728 3732 malus
764 3677 981 3748 quidem
1010 3675 1226 3746 spiritus
1255 3673 1612 3744 concupiscit;
1646 3673 1739 3728 sed
1778 3673 1891 3744 ipsa

299 3779 499 3826 contra
527 3770 725 3825 bonum
769 3770 1015 3840 spiritum
1044 3783 1150 3823 non
1174 3767 1520 3836 concupiscit,
1548 3765 1689 3835 quod
1727 3764 1890 3818 libido

295 3862 477 3918 facit:
518 3871 676 3932 atque
701 3861 823 3918 ideo
864 3872 918 3917 et
943 3861 1033 3932 qui
1065 3861 1164 3915 hoc
1204 3875 1322 3915 esse
1359 3859 1554 3914 malum
1581 3865 1738 3928 negat
1762 3871 1889 3926 pec-

297 3964 411 4024 cat,
435 3963 491 4010 et
518 3955 607 4024 qui
653 3954 754 4010 hoc
797 3955 938 4010 malo
980 3954 1119 4010 bene
1163 3954 1327 4008 utitur
1357 3968 1461 4006 non
1492 3959 1694 4022 peccat.
1728 3950 1890 4006 Recte

298 4047 467 4117 igitur
490 4046 958 4114 argumentareris,
995 4045 1197 4110 dicens,
1231 4045 1533 4106 Libidinem,
1561 4044 1607 4097 si
1631 4041 1767 4096 mala
1796 4051 1886 4110 est,

299 4137 494 4208 majori
530 4144 671 4190 reatu
723 4135 1029 4206 obstringere
1073 4135 1250 4205 quibus
1303 4135 1589 4204 obsequitur
1628 4135 1887 4205 conjuges,

299 4245 456 4298 quam
481 4229 659 4298 quibus
690 4228 977 4281 dominatur
1018 4227 1278 4281 adulteros
1296 4242 1315 4291 ;
1346 4226 1390 4281 si
1419 4225 1686 4280 diceretur
1730 4245 1758 4282 n
1795 4240 1892 4280 no-

302 4321 412 4389 bis,
431 4322 556 4377 eos‘
587 4321 842 4392 conjuch
866 4322 956 4393 qui
987 4320 1253 4377 serviente
1277 4319 1719 4390 concupiscentia:
1749 4320 1890 4374 malo

303 4413 373 4468 ad
404 4413 576 4468 solum
599 4412 891 4482 generandi
926 4420 1146 4468 utuntur
1172 4411 1424 4477 ofﬁcium,
1445 4410 1510 4464 ad
1547 4410 1720 4480 aliqua
1751 4411 1889 4464 mala

306 4520 468 4574 opera
491 4520 554 4559 eo
577 4505 696 4560 illos
716 4505 814 4570 uti,
832 4505 968 4559 sicut
988 4504 1053 4558 ad
1075 4503 1277 4558 facinus
1303 4503 1714 4573 perpetrandum
1736 4517 1890 4558 servo

306 4598 474 4650 utitur
500 4595 786 4650 homicida.
819 4594 949 4650 Cum
980 4605 1155 4650 autem
1182 4594 1426 4650 dicamus
1451 4594 1646 4650 bonum
1679 4610 1798 4650 esse
1836 4595 1890 4650 in

307 4688 622 4758 conjugibus
642 4685 874 4742 ofﬁcium
902 4687 1237 4756 procreandi,
1266 4686 1508 4757 quamvis
1533 4687 1725 4741 vulnus
1749 4687 1890 4757 quod

309 4781 365 4834 in
391 4791 576 4836 renato
615 4780 792 4835 sanari
837 4787 1029 4849 potest,
1059 4779 1234 4834 trahat
1278 4787 1432 4834 natus
1460 4779 1530 4835 de
1568 4780 1723 4850 primi
1762 4794 1891 4833 con-

310 4872 518 4941 tagione
548 4871 791 4941 peccati;
842 4879 1008 4926 restat
1045 4879 1106 4926 ut
1132 4871 1209 4926 sic
1236 4879 1453 4925 utantur
1479 4872 1732 4942 conjuges
1766 4871 1891 4927 boni

307 4965 448 5019 malo
486 4963 948 5034 concupiscentite,
991 4963 1126 5018 sicut
1160 4963 1372 5032 sapiens
1409 4962 1475 5017 ad
1517 4977 1679 5034 opera
1710 4963 1891 5033 utique

311 5054 448 5109 bona
478 5054 724 5110 ministro
753 5056 917 5108 lttitur
946 5053 1301 5124 imprudente.

381 5147 471 5201 6i.
515 5147 620 5200 Sed
673 5145 915 5202 homines
968 5147 1259 5201 acutissimi
1315 5145 1433 5201 ideo
1485 5161 1590 5201 non
1649 5147 1886 5213 modum,

311 5255 415 5294 non
435 5254 623 5309 genus,
652 5238 744 5293 sed
773 5254 1051 5294 excessum
1069 5239 1352 5308 voluptatis
1371 5239 1588 5308 arguitis
1617 5249 1669 5294 et
1693 5255 1886 5308 expro-

311 5331 571 5386 brandum
601 5333 830 5386 censetis
858 5333 1123 5402 obscenis,
1155 5333 1272 5403 quia
1301 5349 1415 5388 eum
1448 5333 1626 5400 nostis,
1655 5343 1710 5388 ut
1736 5334 1887 5402 dicis,

311 5423 443 5476 intra
469 5437 726 5477 concessas
749 5423 874 5490 ﬁnes
901 5425 1058 5478 animi
1083 5432 1323 5495 potestate
1356 5440 1501 5496 posse
1536 5425 1760 5478 retineri.
1785 5425 1888 5479 Fa-

312 5517 414 5571 ciat
443 5517 606 5570 animi
642 5524 897 5586 potestas,
924 5516 969 5570 si
1006 5525 1198 5588 potest,
1235 5525 1296 5572 ut
1330 5517 1395 5571 ad
1423 5516 1890 5588 transgrediendos

314 5609 464 5675 lines,
492 5624 522 5662 a
554 5608 748 5678 quibus
790 5610 1240 5680 transgrediendis
1274 5626 1391 5666 eam
1427 5619 1665 5679 revocat,
1695 5625 1800 5667 non
1831 5626 1891 5668 se

315 5698 478 5756 libido
504 5708 856 5756 commoveat.
885 5701 1038 5769 Quod
1069 5701 1115 5757 si
1143 5701 1316 5759 iacere
1357 5718 1464 5759 non
1505 5711 1712 5774 potest;
1763 5719 1889 5775 pro-

387 5880 407 5915 ⁶
431 5879 744 5933 Floriaeensis
761 5885 868 5943 his,
893 5879 968 5933 sic
989 5891 1086 5933 eos.

1695 427 1901 486 LIBER
1935 427 2253 498 QUINTUS.

2018 543 2161 650 recte
2183 557 2243 604 ut
2277 549 2411 650 lines
2441 567 2549 610 non
2583 561 3027 635 transgrediatur,
3055 565 3302 638 improbo
3336 568 3479 627 hosti
3515 588 3605 632 re-

2015 645 2244 710 sistitur,
2288 645 2377 714 qui
2422 661 2516 703 eos
2560 654 2856 724 transgredi
2904 656 3108 717 nititur.
3156 660 3264 718 Sed
3315 665 3601 723 universum

2012 920 2198 967 contra
2223 919 2712 988 concupiscentiam
2747 928 2922 983 carnis
2947 945 3053 986 non
3082 935 3354 1003 pugnant?
3381 935 3450 990 Et
3471 938 3599 1006 quid

2011 1009 2095 1096 est
2122 1013 2306 1060 contra
2342 1011 2485 1080 quod
2526 1025 2780 1073 exercent
2821 1019 2917 1074 abs
2959 1031 3014 1078 te
3055 1039 3267 1094 quoque
3315 1029 3599 1096 praedicata

2009 1091 2098 1147 illa
2152 1096 2384 1165 gloriosa
2422 1107 2746 1174 certamina,
2801 1119 2858 1165 ut
2905 1091 3261 1184 virginitatem
3315 1091 3598 1177 continen-

2011 1185 2244 1278 tiamque
2287 1193 2589 1252 custodiant
2618 1198 2847 1271 (Supra,
2890 1203 2980 1258 lib.
3012 1205 3068 1272 5,
3106 1224 3160 1262 n.
3195 1208 3284 1276 42,
3331 1220 3378 1264 et
3419 1210 3508 1267 lib.
3541 1214 3596 1278 4,

2009 1292 2062 1373 :1.
2091 1276 2188 1373 9)?
2237 1281 2294 1336 Si
2323 1299 2452 1355 ergo
2482 1300 2736 1360 pugnant,
2769 1295 2969 1349 malum
2991 1304 3075 1352 est
3101 1299 3242 1369 quod
3270 1276 3594 1373 expugnant.

2008 1367 2078 1424 Et
2122 1371 2208 1426 ubi
2235 1385 2316 1429 est
2344 1377 2445 1433 hoc
2465 1382 2685 1450 malum,
2707 1385 2808 1439 nisi
2835 1387 2888 1441 in
2912 1388 3086 1459 ipsis?
3107 1367 3270 1464 Ergo,
3302 1367 3438 1450 Non
3455 1396 3598 1451 habi—

2007 1469 2080 1554 tat
2109 1464 2161 1518 in
2187 1483 2284 1531 me,
2317 1471 2410 1524 hoc
2449 1481 2522 1527 est
2561 1474 2616 1528 in
2655 1492 2806 1532 carne
2831 1496 2964 1550 mea,
2990 1481 3198 1554 bonum,
3226 1488 3489 1544 veraciter
3516 1489 3599 1546 di-

2005 1553 2145 1610 citur
2171 1567 2226 1612 et
2250 1560 2319 1615 ab
2345 1561 2497 1632 ipsis.

2078 1649 2164 1702 62.
2209 1649 2362 1706 Nihil
2388 1655 2532 1710 aliud
2559 1657 2696 1716 dicis
2738 1677 2845 1717 esse
2887 1666 3112 1737 nuptias,
3143 1684 3294 1737 quam
3324 1687 3597 1742 corporum

2003 1742 2409 1799 commixtionem
2437 1763 2455 1801 :
2483 1756 2541 1804 et
2566 1749 2700 1806 dicis
2745 1762 2952 1824 postea,
2981 1757 3123 1828 quod
3167 1769 3222 1814 et
3265 1776 3450 1816 verum
3489 1772 3593 1830 est,

2003 1831 2110 1885 sine
2141 1837 2376 1906 appetitu
2412 1850 2586 1895 mutuo
2608 1850 2656 1896 et
2687 1844 2798 1898 sine
2818 1862 2969 1915 opere
3003 1851 3226 1905 naturali
3266 1855 3598 1924 prOpagatio-

2002 1936 2117 2014 nem
2143 1941 2250 1979 esse
2291 1944 2392 1982 non
2428 1946 2590 1998 posse.
2637 1932 2904 2006 Numquid
2942 1946 3120 1995 tamen
3168 1957 3353 2014 negas,
3382 1943 3598 2001 sibimet

2002 2013 2165 2069 etiam
2195 2016 2467 2076 adulteros
2502 2024 2742 2093 appetitu
2786 2035 2972 2083 mutuo
2997 2037 3051 2085 et
3078 2013 3253 2101 opere
3284 2034 3516 2089 naturali
3541 2043 3598 2091 et

2001 2117 2283 2199 corporum
2315 2114 2696 2172 commixtione
2725 2119 3014 2192 conjungi?
3060 2122 3180 2179 Non
3209 2135 3293 2181 est
3332 2141 3461 2199 ergo
3491 2127 3595 2184 ista

2007 2193 2248 2253 definitio
2297 2203 2626 2272 nuptiarum.
2675 2208 2832 2265 Aliud
2877 2221 2961 2266 est
3009 2214 3154 2270 enim
3200 2217 3344 2287 quod
3395 2193 3596 2290 nuptia:

2000 2296 2144 2354 sunt,
2172 2297 2226 2343 et
2254 2290 2397 2346 aliud
2429 2297 2651 2352 estsine
2681 2314 2787 2368 quo
2816 2301 2976 2357 etiam
3007 2306 3208 2374 nuptiae
3229 2306 3365 2362 ﬁlios
3392 2323 3592 2379 propa-

2000 2392 2128 2447 gare
2155 2396 2262 2436 non
2304 2394 2547 2453 possunt.
2574 2389 2704 2444 Nam
2730 2401 2784 2447 et
2811 2392 2927 2450 sine
2956 2399 3155 2466 nuptiis
3182 2410 3402 2469 possunt
3439 2404 3590 2458 nasci

2001 2470 2265 2544 homines,
2285 2486 2338 2531 et
2363 2480 2481 2536 sine
2506 2496 2790 2553 corporum
2817 2489 3198 2546 commixtione
3224 2501 3449 2562 possunt
3469 2509 3593 2551 esse

1998 2568 2301 2639 conjuges:
2345 2573 2579 2646 alioquin
2633 2592 2740 2632 non
2795 2590 2954 2635 erunt
3004 2583 3292 2655 conjuges,
3343 2596 3400 2641 ut
3453 2587 3590 2642 nihil

1999 2659 2142 2714 aliud
2188 2662 2380 2731 dicam,
2428 2675 2573 2722 certe
2622 2683 2744 2724 cum
2790 2673 3088 2741 senuerint,
3119 2675 3328 2746 sibique
3373 2677 3589 2732 misceri

1998 2752 2081 2807 vel
2113 2769 2218 2808 non
2262 2758 2553 2828 potuerint,
2582 2762 2666 2816 vel
2713 2762 2831 2818 sine
2873 2779 2970 2835 spe
3020 2766 3373 2836 suscipienda:
3419 2769 3588 2838 prolis

1998 2845 2308 2902 erubuerint
2335 2857 2494 2920 atque
2524 2852 2808 2909 noluerint.
2843 2855 3001 2912 Vides
3034 2872 3160 2929 ergo
3194 2860 3352 2929 q‘itam
3392 2861 3586 2916 incon-

1997 2937 2226 2994 siderate
2254 2943 2465 3011 nuptias
2495 2943 2784 3012 deﬁnieris,
2815 2947 3041 3003 dicendo
3070 2966 3157 3005 eas
3177 2951 3319 3004 aliud
3343 2967 3446 3006 non
3478 2968 3587 3008 esse

1997 3032 2096 3085 nisi
2128 3049 2395 3103 corporum
2433 3039 2858 3095 commixtionem.
2891 3039 3244 3098 Tolerabilius
3269 3042 3408 3099 forte
3432 3043 3583 3099 dice-

1998 3135 2107 3187 res,
2139 3137 2244 3177 non
2271 3139 2362 3179 eas
2388 3125 2631 3182 inchoari
2659 3129 2761 3183 nisi
2804 3145 2900 3201 per
2927 3145 3210 3203 corporum
3237 3133 3583 3190 commixtio-

1997 3229 2120 3270 nem
2151 3236 2166 3270 :
2195 3218 2318 3287 quia
2347 3217 2576 3276 ﬁliorum
2607 3224 3060 3292 procreandorum
3091 3243 3249 3282 causa
3277 3233 3458 3300 utique
3482 3229 3583 3287 du-

1995 3315 2188 3362 cuntur
2227 3324 2443 3376 uxores,
2473 3322 2526 3366 et
2564 3313 2717 3369 aliter
2752 3329 2855 3370 non
2884 3325 3106 3386 possunt
3152 3317 3246 3372 ﬁlii
3289 3320 3582 3388 procreari.

1993 3396 2098 3452 Sed
2147 3401 2462 3468 procreandi
2508 3417 2666 3457 causa
2717 3405 3026 3460 commixtio
3079 3422 3364 3477 corporum
3425 3408 3584 3464 aliter

1991 3504 2155 3560 quam
2203 3506 2344 3545 nunc
2389 3501 2470 3547 est
2517 3491 2725 3562 fuisset,
2772 3495 2818 3550 si
2869 3512 3027 3552 nemo
3080 3508 3373 3568 peccasset.
3428 3499 3586 3556 Absit

1993 3583 2136 3636 enim
2176 3592 2233 3637 ut
2275 3582 2650 3639 honestissima
2687 3585 2776 3640 illa
2817 3586 3039 3642 lelicitas
3068 3604 3120 3642 in
3150 3589 3398 3662 paradiso
3435 3605 3582 3646 com-

1993 3683 2154 3729 mota:
2185 3675 2384 3731 libidini
2411 3692 2625 3748 semper
2655 3678 3079 3750 obtemperaret:
3111 3681 3250 3736 absit
3277 3689 3336 3736 ut
3363 3682 3452 3736 illa
3477 3697 3582 3752 pax

1994 3765 2157 3820 animi
2195 3776 2248 3821 et
2274 3769 2514 3837 corporis
2553 3769 2772 3825 haberet
2813 3771 3030 3842 aliquid,
3059 3780 3276 3842 preptcr
3312 3773 3452 3844 quod
3483 3773 3581 3828 ad-

1993 3870 2182 3911 versus
2225 3872 2286 3913 se
2314 3859 2482 3928 ipsam
2533 3861 2735 3930 prima‘
2785 3862 3016 3918 hominis
3059 3874 3247 3918 natura
3297 3873 3578 3935 pugnaret.

1994 3943 2050 4000 Si
2089 3961 2217 4016 ergo
2257 3947 2330 4001 ibi
2381 3964 2480 4003 nec
2522 3950 2860 4005 serviendum
2904 3951 3130 4020 libidini,
3179 3967 3278 4008 nec
3319 3953 3579 4010 adversus

1995 4051 2112 4091 eam
2154 4038 2455 4092 bellandum
2498 4039 2624 4106 iuit;
2653 4050 2744 4097 aut
2783 4057 2887 4097 non
2915 4041 2987 4098 ibi
3031 4044 3149 4112 fuit,
3177 4053 3266 4099 aut
3308 4061 3417 4100 non
3459 4045 3580 4100 talis

1993 4127 2163 4197 qualis
2206 4143 2347 4183 nunc
2387 4137 2471 4184 est
2511 4130 2628 4185 iuit.
2660 4131 2811 4187 Nunc
2850 4134 2991 4188 enim
3021 4134 3223 4189 libidini
3252 4150 3472 4191 necesse
3497 4145 3581 4192 est

1995 4225 2053 4271 ut
2091 4227 2379 4288 repugnet,
2425 4220 2513 4289 qui
2563 4222 2766 4276 servire
2813 4223 3090 4279 noluerit:
3137 4239 3357 4281 necesse
3399 4234 3481 4280 est
3519 4235 3581 4281 ut

1994 4308 2210 4374 serviat,
2239 4309 2329 4379 qui
2359 4313 2686 4381 repugnare'
2731 4313 3041 4382 neglexerit.
3084 4314 3320 4382 Quorum
3349 4315 3575 4371 duorum

1997 4416 2160 4454 unum
2187 4410 2267 4456 est
2293 4401 2598 4468 molestum,
2630 4404 2730 4458 etsi
2759 4404 3022 4461 laudabile
3051 4423 3063 4458 :
3096 4407 3318 4461 alterum
3347 4417 3500 4480 turpe
3519 4418 3576 4465 et

1995 4492 2318 4547 miserabile.
2351 4493 2531 4564 itaque
2555 4495 2609 4548 in
2652 4494 2754 4550 hoc
2776 4496 2972 4550 saeculo
3011 4512 3175 4552 unum
3201 4496 3389 4552 horum
3411 4500 3574 4555 castis

1994 4592 2078 4639 est
2094 4585 2476 4655 necessarium,
2495 4586 2548 4641 in
2575 4587 2819 4658 paradiso
2841 4599 3017 4644 autem
3036 4599 3321 4662 utrumque
3346 4607 3377 4647 a
3403 4592 3573 4651 beatis

1995 4673 2167 4730 fuerat
2193 4676 2444 4730 alienum.

2069 4767 2155 4822 65.
2198 4766 2303 4822 Sed
2334 4767 2526 4822 iterum
2561 4782 2646 4822 me
2683 4767 2818 4824 dicis
2845 4769 3188 4841 mihimetipsi
3215 4787 3335 4829 esse
3363 4784 3575 4831 contra-

1995 4857 2155 4923 rium,
2187 4859 2476 4928 propositis
2514 4859 2759 4914 videlicet
2782 4861 2900 4916 aliis
2927 4863 3104 4918 verbis
3143 4866 3297 4934 meis,
3329 4867 3415 4922 ubi
3445 4883 3573 4938 pro-

1995 4948 2289 5018 pagationis
2309 4949 2540 5004 cilicium
2558 4966 2588 5005 a
2607 4952 2835 5007 carnalis
2858 4952 3226 5011 delectationis
3250 4958 3576 5028 appetitione

1994 5040 2326 5107 discernens,
2349 5043 2502 5096 Aliud
2520 5058 2625 5097 esse
2652 5043 2760 5098 dixi
2788 5061 2887 5099 non
2913 5050 3240 5102 concumbere
3266 5051 3365 5105 nisi
3392 5051 3573 5104 volun-

1997 5143 2098 5190 tate
2124 5136 2414 5207 generandi,
2440 5137 2574 5206 quod
2599 5153 2700 5191 non
2730 5138 2874 5193 habet
2901 5141 3141 5212 culpam;
3169 5143 3312 5196 aliud
3339 5158 3575 5197 concum-

1996 5227 2158 5282 bendo
2185 5229 2352 5282 carnis
2380 5237 2616 5300 appetere
2647 5231 2972 5303 voluptatem,
2999 5235 3088 5288 sed
3116 5251 3214 5288 non
3241 5246 3421 5303 praeter
3449 5253 3575 5290 con.

1987 5319 2183 5390 jugem,
2231 5319 2365 5388 quod
2407 5319 2651 5373 venialem
2703 5324 2849 5377 habet
2889 5325 3092 5395 culpam
3139 5323 3264 5392 (De
3285 5324 3494 5396 Nuptiis
3524 5339 3572 5381 ct

1995 5408 2428 5481 Concupiscentia,
2459 5413 2547 5467 lib.
2578 5415 2632 5481 i,
2660 5431 2712 5468 η.
2740 5416 2851 5486 i7).
2897 5415 3042 5471 Nihil
3071 5416 3270 5470 habent
3314 5416 3420 5473 duo
3447 5419 3570 5488 ista,

1996 5513 2249 5575 quantum
2297 5521 2502 5560 mecum
2553 5523 2742 5564 omnes
2777 5507 2958 5564 vident
2999 5509 3088 5579 qui
3136 5522 3320 5563 verum
3371 5510 3570 5579 vident,

1997 5595 2138 5650 unde
2163 5611 2247 5649 me
2271 5597 2519 5652 ostendas
2536 5599 2662 5652 mihi
2696 5614 2816 5654 esse
2842 5601 3186 5655 contrarium.
3218 5599 3351 5654 Audi
3398 5610 3573 5657 tamen

1997 5687 2283 5744 identidem
2312 5690 2452 5759 quod
2492 5706 2676 5746 eorum
2723 5692 2966 5747 sensibus
3007 5691 3319 5749 inculcatius
3361 5697 3573 5750 intime-

2065 5821 2083 5853 ι
2115 5827 2166 5869 in
2187 5820 2357 5870 decem
2380 5828 2508 5882 Mss,
2531 5820 2693 5884 primi.

2063 5883 2086 5916 ²
2117 5890 2216 5932 Am.
2237 5888 2307 5931 Er.
2337 5891 2388 5934 et
2406 5883 2538 5944 Mss,
2556 5895 2786 5946 pugnare.
