4022 6514
458 465 565 528 819

456 589 567 650 tur,
595 597 732 656 quos
764 583 952 644 fallere
990 589 1228 646 adeetas.
1259 589 1612 646 Calumniaris
1635 590 1802 659 enim,
1831 605 1926 645 nos
1949 606 2043 647 ex-

457 679 770 737 cusationem
813 683 1035 753 praebere
1079 685 1308 758 turpibus
1348 694 1396 740 et
1441 685 1709 758 ﬂagitiosis
1734 685 2039 752 hominibus,

452 780 512 825 stt
539 787 654 827 cum
679 771 895 845 infanda
921 776 1183 833 immunda
1210 779 1572 846 commiserint,
1602 788 1779 834 contra
1805 785 2040 834 volunta-

451 868 553 918 tem
576 879 630 918 se
655 863 826 922 dicant
866 868 1064 941 fecisse,
1093 879 1143 925 et
1164 871 1278 926 ideo
1307 871 1505 926 nullum
1542 870 1725 927 habere
1751 883 2004 943 peccatum
2021 889 2041 929 :

451 957 608 1030 quasi
665 973 767 1016 nos
813 977 920 1018 non
962 964 1129 1020 multo
1182 964 1419 1022 exertius
1459 963 1806 1022 adhortemur
1854 973 2041 1021 contra

447 1047 725 1109 libidinem
752 1067 875 1111 esse
908 1056 1272 1130 pugnandum.
1316 1056 1448 1114 Nam
1490 1059 1534 1113 si
1561 1071 1677 1126 vos,
1708 1072 1829 1112 cum
1856 1055 1907 1112 id
1939 1057 2040 1113 bo-

448 1155 579 1198 num
605 1156 728 1201 esse
762 1145 972 1214 dicatis,
1003 1163 1109 1204 non
1137 1150 1296 1205 vultis
1327 1159 1501 1206 tamen
1545 1157 1602 1205 ut
1627 1159 1806 1205 vestra
1851 1150 2041 1207 adver-

377 1312 379 1314 ,
447 1246 544 1291 sus
597 1235 773 1293 istud'
821 1238 1022 1295 bonum
1079 1240 1396 1312 frigescere,
1445 1241 1529 1296 vel
1577 1253 1723 1298 certe
1769 1251 2040 1314 tepescere

446 1323 591 1383 bella
629 1327 910 1387 credamus
939 1349 951 1386 :
981 1342 1180 1404 quanto
1206 1333 1510 1415 vigilantius
1534 1345 1588 1390 et
1613 1334 1888 1391 ardentius
1910 1350 2040 1392 con-

445 1425 530 1476 tra
578 1421 776 1478 malum
835 1437 933 1480 nos
979 1439 1262 1482 censemus
1315 1442 1435 1483 esse
1495 1427 1875 1499 pugnandum?
1927 1427 2038 1484 Nos

444 1510 672 1569 dicimus
713 1513 847 1571 illud
873 1531 994 1572 esse
1039 1526 1224 1572 contra
1270 1518 1620 1588 voluntatem,
1652 1527 1712 1574 ut
1754 1533 1880 1574 caro
1909 1533 2038 1574 con-

443 1606 684 1677 cupiscat
713 1608 972 1670 adversus
1015 1611 1297 1682 spiritum;
1359 1627 1462 1668 non
1525 1611 1675 1680 illud,
1717 1618 1776 1668 ut
1819 1612 2036 1683 spiritus

441 1696 701 1756 adversus
728 1716 968 1757 carnem.
1001 1701 1105 1760 Per
1130 1719 1290 1775 quam
1328 1705 1813 1780 concupiscentiam
1839 1705 2035 1762 bonam

439 1789 524 1860 ﬁt,
555 1799 614 1847 ut
667 1793 770 1848 nisi
820 1809 979 1850 causa
1018 1796 1307 1869 generandi
1361 1812 1468 1852 non
1518 1807 1737 1854 utantur
1782 1798 2035 1872 conjuges

441 1883 620 1940 carnis
640 1884 884 1955 libidine,
915 1904 979 1945 ac
1021 1888 1100 1944 sic
1140 1889 1282 1946 malo
1311 1897 1532 1946 utantur
1574 1891 1746 1958 bene;
1776 1893 1866 1966 qui
1908 1908 2032 1949 usus

440 1973 618 2031 bonus
644 1976 772 2033 mali
803 1977 929 2035 facit
970 1980 1254 2037 honestum
1296 1983 1637 2038 concubitum
1665 1998 1896 2054 vereque
1936 2000 2034 2040 nu-

437 2067 700 2142 ptialem:
733 2072 1022 2144 voluptatis
1066 2076 1242 2129 autem
1291 2089 1478 2142 causa,
1521 2090 1628 2130 non
1679 2075 1866 2148 prolis,
1909 2075 2035 2132 facit

437 2163 783 2219 concubitum
805 2165 1144 2244 culpabilem,
1164 2165 1259 2222 sed
1280 2166 1332 2222 in
1356 2166 1580 2238 conjuge
1597 2167 1884 2224 venialem.
1907 2168 2032 2226 ldeo

437 2261 619 2310 autem
662 2263 716 2310 et
756 2254 824 2312 de
861 2256 1087 2313 honesto
1125 2257 1411 2314 concubitu
1452 2260 1542 2330 qui
1585 2260 1839 2327 nascitur,
1869 2260 2033 2317 trahit

437 2347 583 2422 quod
627 2350 959 2406 renascvndo
985 2351 1258 2422 diluatur;
1301 2353 1424 2424 quia
1451 2360 1506 2408 et
1538 2351 1590 2408 in
1619 2354 1903 2409 concubitu
1929 2354 2028 2409 ho-

435 2449 592 2510 nesto
621 2441 760 2496 inest
789 2442 1009 2510 malum,
1039 2458 1145 2513 quo
1175 2443 1314 2498 bene
1359 2444 1524 2506 utitur
1565 2442 1776 2500 bonitas
1817 2445 2028 2516 nuptia-

435 2546 579 2588 rum.
614 2531 719 2590 Sed
750 2547 857 2589 non
884 2534 1035 2591 obest
1059 2535 1279 2604 renatis,
1303 2535 1445 2606 quod
1472 2535 1660 2592 oberat
1685 2538 1842 2592 natis.
1876 2536 2028 2594 Unde

434 2625 496 2695 tit
529 2640 886 2700 consequens,
911 2635 967 2683 ut
991 2628 1082 2700 qui
1115 2643 1181 2684 ex
1220 2627 1299 2684 eis
1328 2629 1586 2699 nascitur,
1617 2637 1671 2685 et
1699 2628 1779 2684 illi
1818 2629 1956 2686 obsit
1979 2629 2026 2684 si

433 2732 544 2774 non
568 2727 900 2775 renascatur.

506 2811 596 2868 64.
637 2810 720 2867 Tu
746 2826 875 2867 sane
905 2811 1043 2868 inter
1067 2811 1561 2883 argumentationes
1590 2819 1728 2880 tuas,
1757 2812 1947 2884 quibus
1971 2821 2026 2870 te

433 2901 666 2960 inaniter
703 2903 958 2961 adversus
999 2920 1118 2960 mea
1161 2903 1322 2962 verba
1349 2912 1692 2976 contorques,
1736 2905 2026 2962 identidem

432 3002 487 3052 te
514 2994 830 3054 Manichaeos
868 2998 1122 3068 adjuvare
1168 3013 1274 3054 non
1316 2998 1484 3054 vides.
1526 2997 1651 3053 ldeo
1689 2999 1884 3070 quippe
1929 2999 2025 3056 tibi

433 3092 648 3149 videtur
672 3102 828 3149 natus
855 3095 922 3151 de
941 3096 1226 3153 concubitu
1246 3095 1509 3168 conjugali
1550 3112 1655 3153 non
1679 3097 1888 3154 trahere
1917 3100 2026 3156 ori-

431 3185 610 3258 ginale
653 3196 950 3260 peccatum,
984 3189 1104 3262 quia
1143 3188 1206 3243 de
1248 3191 1343 3246 hoc
1381 3207 1530 3261 apere
1553 3192 1688 3262 quod
1730 3208 1832 3246 non
1877 3191 2025 3247 habet

431 3265 659 3348 culpam,
689 3280 848 3345 nasci,
877 3281 1013 3336 sicut
1042 3281 1196 3349 dicis,
1232 3282 1388 3352 culpa
1416 3299 1516 3336 non
1553 3289 1729 3354 potest.
1759 3281 1868 3338 Cur
1891 3298 2024 3355 ergo

429 3369 500 3424 de
520 3385 684 3440 opere
713 3371 806 3427 Dei
823 3372 964 3443 quod
992 3387 1097 3427 non
1126 3373 1353 3429 habebat
1373 3375 1604 3444 culpam,
1625 3382 1743 3430 nata
1767 3381 1851 3431 est
1867 3375 2023 3446 culpa

430 3464 628 3535 angeli,
656 3471 780 3520 nata
810 3465 965 3536 culpa
992 3465 1268 3534 hominis?
1306 3466 1495 3522 Cernis
1527 3475 1779 3538 quantum
1805 3467 1883 3522 eis
1906 3467 2020 3523 suf-

430 3553 675 3626 frageris,
703 3573 930 3628 quorum
960 3558 1312 3614 detestatione
1341 3559 1552 3615 conaris
1575 3560 1846 3631 obtegere,
1879 3559 2022 3630 quod

429 3647 687 3705 adversus
713 3650 1031 3705 catholicam
1073 3651 1229 3706 fidem
1269 3650 1694 3710 fundatissimam
1732 3653 1919 3709 sentis.
1963 3653 2021 3710 Si

431 3738 574 3794 enim
602 3740 892 3794 secundum
915 3739 1242 3796 deﬁnitivam
1271 3745 1472 3812 tuam',
1500 3743 1562 3797 de
1590 3744 1684 3798 hoc
1707 3760 1857 3814 apere
1883 3745 2020 3816 quod

432 3847 534 3886 non
571 3829 720 3885 habet
740 3831 964 3902 culpam,
996 3835 1136 3888 nasci
1164 3834 1315 3904 culpa
1341 3851 1442 3890 non
1480 3843 1677 3906 potest;
1708 3850 1835 3892 ecce
1873 3837 2019 3892 nulla

429 3939 594 3993 opera
619 3925 712 3980 Dei
735 3925 932 3981 habent
953 3927 1162 3996 culpam
1189 3943 1202 3979 :
1231 3927 1371 3984 unde
1399 3928 1555 3998 igitur
1573 3929 1727 3999 culpa
1755 3937 1876 3984 nata
1899 3931 2018 3985 est?

431 4014 529 4071 Hic
568 4015 910 4085 Manichacus,
944 4025 994 4071 te
1030 4016 1338 4086 adjuvante,
1377 4018 1534 4078 aliam
1575 4028 1840 4088 naturam,
1881 4020 2018 4077 sicut

429 4104 646 4174 desipit,
691 4106 883 4170 malam
925 4107 1141 4164 molitur
1187 4108 1459 4175 inducere,
1494 4119 1550 4166 ut
1589 4111 1658 4164 sit
1687 4111 1824 4166 unde
1862 4112 2017 4184 culpa

429 4207 552 4253 nata
587 4213 708 4256 e58e
734 4198 1020 4254 credatur:
1049 4200 1170 4269 quia
1198 4201 1260 4255 de
1285 4218 1434 4271 opere
1459 4201 1575 4269 Dei,
1607 4203 1899 4260 secundum
1927 4213 2015 4260 tua

429 4291 610 4356 verba,
630 4290 782 4364 culpa
811 4308 911 4347 non
938 4293 1179 4347 nascitur.
1199 4293 1462 4364 Numquid
1487 4304 1658 4364 potest
1689 4297 1825 4352 vinci
1850 4297 2018 4352 Mani-

429 4383 633 4450 chacus,
655 4386 754 4440 nisi
781 4401 901 4445 cum
929 4385 1020 4441 illo
1045 4395 1100 4441 et
1126 4387 1239 4458 ipse
1269 4387 1534 4442 vinceris?
1561 4389 1693 4456 Quia
1717 4397 1773 4444 et
1795 4391 2017 4461 angelus

432 4485 487 4532 et
510 4476 672 4536 homo
699 4478 790 4533 Dei
817 4486 942 4536 sunt
979 4493 1141 4548 opera
1171 4480 1286 4536 sine
1311 4479 1499 4550 culpa;
1531 4496 1597 4536 ex
1619 4481 1811 4550 quibus
1840 4491 2016 4539 tamen

430 4569 590 4640 culpa
632 4579 754 4625 nata
794 4579 897 4638 est,
921 4570 1045 4625 dum
1073 4571 1140 4627 ab
1178 4588 1243 4628 eo
1270 4572 1358 4643 qui
1387 4571 1543 4642 culpa
1570 4581 1737 4641 caret,
1763 4589 1858 4644 per
1887 4575 2017 4630 libe-

427 4677 550 4718 rum
574 4663 850 4719 arbitrium
884 4675 1257 4733 recesserunt,
1285 4667 1426 4737 quod
1465 4667 1544 4724 eis
1582 4667 1762 4724 datum
1792 4679 1875 4726 est
1901 4671 2016 4732 sine

429 4753 623 4825 culpa;
653 4766 709 4812 et
734 4757 854 4814 facti
888 4769 1013 4815 sunt
1032 4759 1179 4825 mali,
1204 4772 1308 4815 non
1339 4775 1435 4830 per
1457 4758 1839 4818 admixtionem
1866 4763 2011 4831 mali,

430 4846 526 4902 sed
566 4861 662 4916 per
689 4847 1038 4906 defectionem
1070 4850 1220 4906 boni.

501 4938 592 4995 65.
635 4941 792 5006 Dicis,
821 4940 881 4996 ob
909 4943 1004 4996 hoc
1032 4959 1064 4997 a
1091 4959 1170 4997 me
1193 4942 1455 5000 christiani
1492 4945 1730 5014 temporis
1757 4945 2016 5001 continen-

427 5033 554 5088 tiam
581 5033 738 5105 fuisse
765 5035 1045 5101 laudatam,
1075 5053 1174 5092 non
1204 5046 1258 5090 ut
1302 5037 1370 5090 ad
1395 5037 1732 5108 uirginitatem
1779 5040 2016 5095 incende:

427 5135 606 5181 rentur
635 5126 883 5193 homines,
911 5127 999 5182 sed
1025 5138 1078 5182 ut
1116 5127 1302 5184 bonum
1331 5130 1622 5199 nuptiarum
1663 5131 1800 5199 quod
1842 5149 1876 5186 a
1903 5133 2012 5188 Deo

441 5217 718 5273 mtitulum
745 5227 817 5272 est
842 5218 1184 5274 damnaretur.
1211 5219 1315 5275 Sed
1342 5235 1409 5276 ne
1439 5221 1639 5291 puteris
1664 5223 1921 5278 malevola
1947 5224 2015 5280 de

437 5307 608 5362 animo
650 5323 771 5364 meo
808 5309 1108 5380 suspicione
1147 5314 1414 5381 torqueri,
1465 5312 1608 5367 velut
1657 5313 1883 5382 probare
1929 5330 2015 5371 me

435 5401 636 5469 volens,
667 5403 800 5472 dicis
824 5403 953 5458 mihi
981 5420 997 5458 :
1027 5403 1088 5460 Si
1118 5403 1332 5472 ﬁdeliter
1356 5405 1536 5461 invitas
1571 5404 1794 5462 homines
1817 5406 1886 5460 ad
1907 5415 2013 5462 stu-

495 5541 509 5570 ί
546 5545 673 5598 Mss,
694 5537 868 5598 ipsum.

495 5603 516 5635 ι
548 5609 667 5652 'tres
692 5610 820 5663 Mss,
847 5599 1171 5666 delirationem
1193 5608 1340 5655 tuam.

954 474 1231 535 CONTRA
1265 473 1606 536 JULIANUM
1643 473 2106 547 PELAGIANUM,
2144 474 2206 536 Β.
2243 473 2612 535 AUGUSTINI
2656 474 2860 533 LIBER
2883 474 3196 545 QUINTUS.

2148 589 2289 645 dium
2329 589 2666 657 continentiae,
2710 579 2885 660 fateris
2913 607 3030 662 ergo
3058 591 3130 646 ita
3155 592 3386 647 uirtutem
3416 593 3678 664 pudicitia
3701 613 3734 654 α

2147 682 2422 738 volentibus
2449 698 2592 754 posse
2609 683 2818 749 servari,
2842 691 2897 737 ut
2915 683 3001 750 sit,
3026 683 3324 757 quicumque
3350 685 3586 755 voluerit,
3613 703 3733 744 cor-

2149 793 2271 849 pore
2291 783 2492 831 sanctus
2519 785 2565 830 et
2589 775 2787 848 spiritu.
2821 774 3159 847 Respondeo,
3187 791 3274 831 me
3300 775 3476 846 fateri,
3505 777 3603 834 sed
3626 794 3732 837 non

2148 870 2286 926 sicut
2311 885 2425 926 vos.
2454 867 2588 931 Nam
2617 883 2713 924 vos
2741 869 2906 940 ipsius
2932 868 3096 923 animi
3122 867 3324 924 vir-ibus
3343 867 3449 924 hoc
3469 869 3729 940 tribuitis;

2148 978 2268 1036 ego,
2299 964 2492 1034 adjutze
2521 979 2616 1034 per
2653 963 2749 1018 Dei
2786 963 3010 1034 gratiam
3037 961 3317 1018 voluntati.
3352 961 3732 1022 Verumtamen

2147 1054 2274 1127 quid
2314 1054 2684 1126 comprimitur
2723 1054 2886 1110 animi
2936 1053 3160 1124 imperio
3204 1069 3274 1110 ne
3315 1062 3585 1124 peccetur,
3631 1056 3732 1112 nisi

2146 1149 2346 1204 malum
2372 1163 2478 1220 quo
2507 1149 2753 1204 vincente
2783 1147 3070 1220 peccatur?
3109 1145 3263 1217 Quod
3302 1148 3499 1204 malum
3542 1163 3614 1205 ne
3649 1149 3729 1204 tli-

2146 1257 2328 1300 camus
2354 1259 2477 1300 cum
2503 1242 2808 1299 Manichaeis
2847 1249 3096 1314 tanquam
3126 1255 3194 1298 ex
3232 1240 3408 1297 aliena
3453 1241 3581 1298 mali
3632 1258 3729 1298 na-

2145 1342 2264 1391 tura
2313 1335 2467 1391 nobis
2518 1349 2639 1392 esse
2683 1334 3056 1401 commixtum,
3106 1341 3278 1390 restat
3317 1341 3379 1389 ut
3437 1336 3493 1389 in
3547 1343 3726 1390 nostra

2144 1435 2332 1482 natura
2373 1435 2623 1500 tanquam
2661 1427 2850 1483 vulnus
2902 1425 3117 1498 aliquod
3163 1424 3426 1482 fateamur
3469 1440 3593 1488 esse
3641 1441 3729 1482 sa-

2143 1520 2414 1591 nandum,
2455 1520 2605 1592 cujus
2657 1527 2863 1577 reatum
2906 1518 3018 1592 jam
3057 1518 3287 1576 fatemur
3320 1519 3727 1591 regeneratione

2143 1619 2389 1668 sanatum
2399 1654 2412 1668 .

2214 1705 2303 1761 66.
2335 1705 2477 1762 Ecce
2500 1705 2693 1762 frustra
2723 1703 3069 1770 enumerasti,
3093 1704 3284 1776 quibus
3308 1718 3395 1760 me
3418 1718 3719 1776 comparas,

2143 1799 2624 1856 tothzereticorum
2662 1797 2897 1868 fraudes,
2935 1813 3163 1870 quorum
3200 1798 3402 1853 utinam
3440 1813 3719 1854 numerum

2141 1905 2249 1946 non
2281 1905 2526 1961 augeres.
2561 1908 2580 1942 ‹
2610 1889 2916 1961 Apostolica
2955 1890 3238 1955 sententia,
3277 1905 3381 1961 qua
3419 1898 3570 1946 notat
3607 1891 3715 1946 bat-

2141 1984 2335 2040 reticos
2348 1983 2688 2056 prohibentes
2701 1983 2899 2039 nubere
2923 2002 2942 2037 ι
2962 1981 3004 2056 (1
3023 1982 3156 2038 Tim.
3185 1999 3258 2050 tv,
3277 1981 3355 2054 '5),
3375 2001 3394 2035 ι
3414 1984 3571 2039 etiam
3584 1998 3670 2039 me
3691 2002 3712 2037 ι

2139 2078 2338 2134 asseris
2353 2094 2372 2129 α
2401 2076 2546 2148 tangi
2570 2095 2582 2130 :
2610 2096 2629 2130 ι
2652 2077 2800 2150 quasi
2824 2075 3016 2142 dicam,
3032 2094 3053 2128 ‹
3082 2083 3202 2146 post
3216 2074 3494 2131 adventum
3512 2075 3710 2131 Christi

2141 2171 2312 2240 turpia
2347 2185 2467 2226 esse
2503 2169 2765 2241 conjugis.
2805 2187 2824 2222 ι
2867 2168 3002 2225 Audi
3042 2184 3170 2239 ergo
3197 2168 3337 2240 quod
3369 2169 3625 2234 dicimus,
3653 2177 3713 2224 ut

2137 2262 2241 2319 hoc
2268 2263 2441 2334 ipsum
2468 2261 2647 2317 multis
2672 2260 2845 2317 modis
2870 2275 2933 2316 ac
2957 2261 3152 2332 szepius
3172 2260 3454 2329 audiendo,
3477 2274 3587 2316 non
3605 2259 3712 2316 dis-

2137 2358 2354 2414 simules
2374 2357 2671 2421 veritatem,
2686 2355 2942 2412 simulans
2961 2355 3189 2426 quodam
3210 2354 3369 2410 modo
3383 2354 3712 2410 surditatem.

2137 2452 2251 2508 Non
2289 2450 2514 2507 dicimus
2544 2450 2714 2520 turpia
2740 2464 2859 2505 esse
2888 2449 3161 2521 coniugia;
3193 2447 3621 2520 quandoquidem
3650 2463 3714 2504 ne

2134 2542 2516 2598 incontinentia
2545 2542 2597 2596 in
2623 2539 2927 2596 damnabile
2957 2540 3114 2596 cadat
3139 2538 3421 2611 flagitium,
3451 2537 3711 2594 fulcienda

2134 2643 2218 2690 est
2244 2633 2525 2690 honestate
2554 2633 2879 2704 nuptiarum.
2913 2631 3018 2688 Sed
3049 2631 3193 2702 quod
3222 2644 3316 2687 vos
3346 2630 3543 2697 dicitis,
3574 2629 3714 2686 ebri-

2134 2727 2304 2782 stiana
2325 2725 2565 2782 doctrina
2589 2740 2692 2781 non
2714 2725 2862 2793 dicit,
2890 2723 2943 2780 id
2970 2729 3072 2791 est,
3101 2733 3159 2779 ut
3188 2723 3356 2780 verba
3383 2731 3471 2778 tua
3495 2737 3709 2794 ponam,

2139 2835 2160 2871 α
2204 2816 2474 2874 hominem
2514 2815 2761 2872 sufﬁcere
2790 2815 3039 2888 ingenitis
3077 2814 3176 2872 sibi
3214 2815 3450 2870 motibus
3475 2814 3605 2870 dare
3633 2814 3714 2868 le-

2132 2924 2226 2984 ges
2268 2928 2283 2965 :
2330 2928 2350 2962 »
2381 2908 2483 2965 hoc
2527 2925 2634 2964 non
2681 2905 2938 2974 dicimus;
2990 2905 3085 2964 sed
3131 2906 3358 2962 dicimus
3403 2905 3544 2976 quod
3587 2904 3715 2962 dixit

2132 3003 2439 3074 Apostolus,
2487 3018 2608 3058 cum
2648 3001 2773 3057 hinc
2813 3001 3140 3072 loqueretur,
3196 2997 3551 3069 Unusquisque
3593 3013 3712 3068 pro-

2135 3093 2303 3167 prium
2332 3095 2519 3148 donum
2540 3093 2686 3148 habet
2711 3109 2742 3147 a
2764 3091 2870 3147 Deo
2895 3091 2943 3162 (l
2958 3091 3077 3148 Cor.
3101 3107 3197 3158 vn,
3222 3090 3300 3163 7).
3337 3091 3404 3145 Et
3422 3089 3561 3160 quod
3581 3088 3712 3144 dixit

2134 3186 2410 3253 Dominus,
2441 3184 2566 3240 Sine
2590 3201 2666 3240 me
2705 3185 2832 3239 nihil
2875 3184 3079 3255 potestis
3131 3186 3297 3256 facere
3318 3181 3490 3255 (Joan.
3518 3196 3608 3249 xv,
3633 3178 3708 3252 5).

2131 3279 2219 3347 Et,
2254 3277 2377 3334 Non
2406 3295 2576 3333 omnes
2604 3279 2808 3349 capiunt
2833 3277 3034 3332 verbum
3069 3277 3184 3346 hoc,
3221 3276 3310 3331 sed
3331 3275 3508 3347 quibus
3537 3273 3710 3328 datum

2131 3381 2202 3428 est
2231 3370 2440 3446 (Matth.
2471 3387 2585 3435 χιχ,
2617 3369 2706 3442 Η)
2741 3387 2753 3422 :
2781 3385 2901 3424 cum
2929 3376 3112 3440 posset
3134 3368 3315 3424 dicere
3341 3407 3354 3431 ,
3377 3366 3494 3421 Non
3524 3377 3709 3420 omnes

2130 3466 2346 3535 capiunt
2369 3463 2587 3518 verbum
2610 3461 2733 3526 hoc,
2762 3461 2855 3517 sed
2881 3461 2969 3532 qui
2990 3460 3250 3526 voluerit;
3279 3458 3328 3516 si
3355 3472 3539 3514 verum
3565 3465 3708 3513 esset

2130 3559 2272 3632 quod
2299 3557 2477 3614 dicitis
2507 3571 2620 3613 vos.
2657 3555 2849 3625 Quaero
2875 3570 3001 3610 sane
3021 3596 3035 3620 ,
3063 3552 3311 3625 qualibus
3331 3550 3581 3624 ingenitis
3608 3548 3709 3605 sibi

2130 3651 2362 3706 motibus
2400 3649 2671 3704 hominem
2709 3647 2894 3703 dicatis
2933 3661 3054 3702 esse
3092 3646 3341 3702 idoneum
3369 3634 3501 3700 dare
3526 3641 3706 3714 leges?

2131 3750 2306 3797 utrum
2351 3740 2508 3796 bonis
2532 3783 2545 3807 ,
2576 3757 2643 3796 an
2687 3739 2877 3793 malis?
2905 3737 2960 3794 Si
2998 3737 3180 3804 bonis;
3221 3737 3476 3792 adversus
3506 3737 3707 3792 bonum

2128 3849 2256 3906 ergo
2272 3833 2488 3904 Spiritus
2503 3831 2828 3902 concupiscit
2852 3831 2891 3896 ί,
2907 3838 2959 3885 et
2974 3829 3079 3884 duo
3099 3829 3238 3884 bona
3255 3826 3477 3882 invicem
3495 3827 3596 3883 sibi
3617 3825 3709 3882 ad-

2127 3934 2408 3982 versantur
2434 3923 2486 3978 in
2513 3923 2748 3978 homine.
2777 3921 2926 3990 Quod
2953 3921 2998 3977 si
3029 3921 3098 3976 ita
3129 3929 3302 3987 esset,
3333 3919 3444 3988 ipsa
3477 3919 3708 3974 duorum

2126 4020 2389 4077 bonorum
2417 4021 2554 4073 inter
2573 4032 2630 4072 se
2657 4016 2952 4071 adversitas
2980 4015 3117 4070 bona
3137 4028 3253 4070 esse
3280 4026 3385 4074 non
3410 4019 3618 4082 posset.
3647 4011 3706 4066 Si

2126 4122 2304 4169 autem
2330 4111 2517 4178 malis;
2549 4108 2713 4165 fatere
2737 4109 2896 4179 igitur
2923 4107 3185 4178 ingenitos
3211 4119 3331 4161 esse
3357 4103 3559 4158 homini
3587 4117 3710 4156 mo-

2128 4210 2213 4261 tus
2237 4205 2426 4270 malos,
2453 4211 2637 4258 contra
2666 4216 2798 4272 quos
2824 4202 3039 4256 castitas
3065 4198 3300 4254 dimicat.
3332 4197 3396 4252 Et
3424 4210 3490 4250 ne
3523 4193 3711 4251 dicere

2095 4275 2249 4355 .cum
2291 4296 2597 4354 Manichaeis
2639 4295 2869 4368 cogaris,
2915 4294 3102 4350 alienm
3149 4291 3274 4347 mali
3318 4301 3523 4346 natura:
3552 4288 3710 4344 nobis

2125 4396 2306 4447 inesse
2349 4387 2784 4446 commixtionem
2810 4428 2826 4454 ,
2878 4393 3119 4443 nostrum
3169 4384 3347 4456 potius
3391 4382 3708 4455 originalem

2124 4483 2382 4542 confitere
2407 4484 2741 4554 languorem.
2769 4480 2938 4553 Cujus
2961 4478 3230 4552 languoris
3251 4478 3391 4533 malo
3412 4474 3708 4547 conjugalis

2125 4579 2262 4636 bene
2285 4579 2454 4632 utitur
2485 4576 2769 4647 pudicitia;
2795 4583 2980 4630 contra
3007 4573 3148 4644 quod
3189 4570 3461 4644 languoris
3503 4571 3705 4626 malum

2123 4669 2445 4726 adhibentur
2481 4668 2549 4723 ab
2586 4666 3036 4722 incontinentibus
3071 4664 3380 4734 nuptiarum
3421 4661 3654 4718 remedia
3682 4702 3698 4726 ,

2123 4771 2442 4820 exercentur
2469 4777 2499 4817 a
2530 4759 2924 4817 continentibus
2952 4756 3190 4828 gloriosa‘
3207 4756 3518 4812 certamina.
3550 4753 3709 4810 Arbi-

2123 4863 2237 4912 tror
2265 4853 2696 4925 pollicitationem
2735 4866 2944 4917 meam,
2985 4865 3050 4904 ex
3092 4865 3197 4920 quo
3225 4850 3244 4880 ²
3286 4847 3380 4903 tibi
3418 4847 3484 4901 ad
3525 4845 3706 4901 omnia

2121 4946 2450 5018 respondere
2489 4945 2623 5014 coepi
2649 4987 2665 5013 ,
2704 4943 2756 4997 in
2796 4941 2989 5013 quibus
3026 4937 3311 4995 solvendos
3348 4938 3708 5009 quaestionum

2122 5039 2292 5095 nodos
2313 5039 2518 5108 aliquos
2546 5035 2790 5103 attulisti,
2818 5032 3151 5090 commodius
3178 5030 3408 5104 impleri,
3441 5030 3483 5085 si
3513 5046 3707 5085 nume-

2120 5148 2239 5189 rum
2283 5141 2491 5186 tuorum
2529 5127 2856 5183 voluminum
2883 5141 2987 5181 non
3016 5139 3316 5181 excessero.
3348 5121 3428 5178 Sit
3464 5137 3592 5193 ergo
3617 5121 3709 5177 hic

2079 5207 2082 5209 Δ
2121 5227 2245 5284 finis
2273 5225 2431 5295 hujus
2460 5225 2598 5292 mei,
2625 5231 2683 5279 ut
2706 5223 3053 5279 novissimum
3081 5230 3230 5277 tuum
3253 5217 3320 5278 ab
3353 5219 3460 5275 alio
3489 5216 3706 5274 refella-

2121 5335 2239 5377 mus
2264 5319 2502 5376 exordio.

2186 5481 2203 5511 ί
2237 5479 2321 5544 Hic
2343 5485 2416 5544 Er.
2442 5481 2494 5528 et
2509 5483 2625 5544 μον.
2649 5474 2860 5544 addunt,
2883 5473 3113 5528 adversus
3130 5470 3355 5537 spiritum
3374 5482 3393 5523 .‘
3412 5468 3558 5522 male.

2184 5544 2204 5574 ³
2238 5540 2550 5592 Floriacensis
2574 5540 2676 5602 Ms,
2698 5551 2764 5591 ea:
2783 5551 2898 5604 qua.

1854 5764 2278 5832 Μὶν
