4022 6450
317 361 428 422 121

865 362 1139 423 CONTRA
1173 361 1514 423 JULIANUM
1552 360 2018 430 PELAGIANUM,
2057 361 2118 418 S.
2157 359 2525 419 AUGUSTINI
2566 359 2766 418 LIBER
2807 361 3095 420 SEXTUS.

3523 365 3628 426 8Ξῖ

1417 573 1891 684 LIBER
1956 487 2586 682 SEXTUS.

383 740 738 795 mnuum

944 775 962 802 ,
986 717 1192 805 ejusque
1214 743 1263 792 in
1284 741 1732 805 reliquamApartem
1756 740 1930 805 prioris
1949 737 2059 790 libri
2089 736 2155 788 de
2176 736 2358 805 Nuptiis
2397 744 2449 789 et
2467 738 2865 805 Conwplscentia
2885 737 3266 805 cavillationibus
3303 748 3354 794 et
3375 740 3630 795 calumniis

319 804 625 880 respondete
646 799 792 880 Em“
804 799 1179 880 δοφίιλςάιριῖω
1203 799 1674 880 necessumst
1697 799 1771 852 εί
1801 799 2369 880 maneamus}???
2384 799 2936 880 εμεθξέβιειξνεεῖιξεξ
2948 803 3270 880 9930199516
3286 805 3441 880 sua
3462 808 3626 880 corte-

319 861 487 932 tbios,
528 880 595 918 ex
619 861 717 932 ritu
740 866 996 932 exorcisml
1017 872 1070 916 et
1086 861 1434 932 exstillhtlonls
1455 877 1565 932 quae
1603 862 1656 914 ﬁt
1686 877 1797 914 cum
1835 861 2022 932 parvuli
2043 861 2359 932 baptizantur.
2381 861 2604 932 ostendit
2639 863 2766 913 oleae
2789 870 2842 918 et
2861 861 3060 915 oleastri
3103 866 3385 932 “emplum
3404 869 3627 932 apposite

317 926 498 1000 dahae
520 965 540 1000 ι
562 935 617 1000 ‘i
637 926 939 1000 ίιιιεξιιῖεαιω

959 927 1201 991 qumodo
1226 940 1306 991 ex
1329 923 1616 991 parentibus
1631 923 1942 991 regeneratus
1961 937 2018 991 ac
2045 924 2191 991 iustis
2212 931 2467 973 nascantur
2500 923 2587 991 tibi
2609 932 2892 991 pecmtores
2929 933 2982 978 et
3003 923 3347 991 regenerandi.
3374 923 3626 980 Peccatum

317 965 1721 1055 Effusiefmﬁﬁ‘iisﬁé'adﬁiotiﬁﬁn’ﬁﬁaﬁ
1727 965 2892 1055 ἷοῖἱίζὶῐυἶᾱθῖεἷείἱἷᾳῖιιῖιῇῗιῖόῥνίῖίέμίὸ”ἕὲῖῐόἷλίὲ,“
2912 965 3620 1055 ηᾙεῐῖιῗηῖ“ὦὶἱιξξῖὁόη”ὦῖεἷό“ιῖὃ

317 1048 632 1124 ννὲυειείηίει
649 1048 804 1124 liuius
819 1048 1002 1124 ρόοφιί
1021 1051 1196 1124 metite
1216 1049 1348 1124 ﬁeri:
1371 1056 1428 1124 ω
1451 1048 1680 1124 απυδ-ιι)
1702 1049 1900 1124 stantis.
1914 1048 2386 1124 φξξρηξεβξιετεψε
2394 1059 2558 1124 sese!
2576 1048 2835 1124 humanam
2851 1084 2888 1124 ν.
2906 1057 3062 1124 atque
3081 1051 3268 1124 μηπιιί
3289 1053 3398 1124 sine
3413 1048 3629 1124 reseae-

316 1109 536 1168 i'atihnis
1019 1109 1349 1176 excludantur,
1362 1123 1392 1162 ι
1412 1125 1569 1175 regno
1589 1113 1704 1176 Dei.
1717 1109 2143 1176 sancuﬂmtionem
2165 1120 2254 1171 per
2279 1109 2566 1172 Baptismum
2588 1123 2717 1176 nunc
2739 1117 2791 1162 et
2811 1109 2992 1166 animai
3008 1119 3060 1163 et
3081 1109 3173 1176 ipsi
3193 1115 3380 1176 corpori
3396 1109 3626 1172 coni'erri,

317 1187 426 1224 non
453 1171 628 1226 tamén
649 1173 829 1226 auferri
844 1175 935 1228 hac
955 1176 1006 1227 in
1027 1175 1125 1228 vita
1145 1171 1762 1238 corruptionem‘corporis,
1787 1185 1896 1238 quae
1916 1173 2067 1234 ipsam
2087 1182 2284 1238 quoque
2305 1171 2781 1238 aggravatanimam.
2806 1180 2954 1238 Docet
2970 1171 3208 1238 quomodo
3237 1171 3628 1238 concupiscentia

317 1244 532 1298 maneat
553 1243 681 1297 actu,
706 1243 968 1298 praetereat
1001 1243 1160 1287 reatu.
1186 1230 1314 1286 Pauli
1336 1234 1544 1298 apostoli
1560 1230 1855 1298 testimonia,
1873 1230 2163 1298 perverse}
2178 1230 2608 1298 Juliano'exposita
2625 1269 2640 1294 ,
2665 1243 2865 1298 revocat
2895 1235 2958 1288 ad
2987 1230 3279 1287 catholicum
3301 1237 3348 1287 in

3421 1235 3625 1288 lectum.

316 1297 390 1351 Ad
995 1298 1355 1360 auctoritatem,
1369 1292 1475 1361 'qua
1496 1296 1582 1348 ille
1597 1292 1917 1353 abutebatur,
1943 1293 2212 1346 secundum
2231 1292 2505 1358 legitimum
2520 1292 2721 1352 sensum
2744 1297 3112 1363 interpretatur.

1765 1404 2189 1463 om

398 1527 640 1588 CAPUT
678 1527 959 1588 PRIMUM.
991 1558 1064 1570 —
1092 1527 1141 1584 ί.
1167 1527 1504 1600 Responsum
1535 1535 1619 1583 est
1637 1527 1748 1598 jam
1790 1525 1928 1584 libro

315 1629 416 1677 tuo
443 1621 646 1689 tertio;
678 1620 1063 1692 respondeatur
1092 1628 1146 1676 et
1169 1629 1360 1694 quarto
1384 1636 1397 1674 :
1425 1617 1600 1674 aderit
1622 1618 1888 1673 Dominus
1907 1657 1925 1685 ,

316 1724 379 1770 ut
420 1730 539 1771 non
570 1714 744 1771 solum
777 1713 994 1781 veritas,
1025 1709 1120 1768 sed
1163 1712 1322 1767 etiam
1363 1709 1599 1766 charitas
1639 1708 1734 1764 tibi
1771 1706 1926 1764 exhi-

316 1807 524 1864 beatur
541 1822 573 1862 a
598 1805 775 1864 nobis.
789 1805 921 1876 Quae
941 1805 1047 1861 duo
1067 1805 1308 1878 quisquis
1330 1805 1579 1871 tenuerit,
1604 1818 1706 1860 nec
1728 1802 1923 1870 fatuus,

316 1916 426 1958 nec
457 1899 678 1956 invidus
700 1899 822 1954 erit.
857 1899 930 1954 De
955 1897 1151 1970 quibus
1176 1897 1317 1952 vitiis
1345 1897 1397 1951 in
1423 1895 1687 1968 principio
1716 1909 1926 1950 memo-

320 1991 432 2052 rati
480 1990 554 2046 tui
592 1988 712 2046 libri
742 1989 905 2045 multa
931 1988 1133 2046 dixisti.
1175 1987 1307 2043 Nam
1334 1997 1388 2043 et
1413 2002 1567 2044 error
1599 1988 1844 2055 veritate,
1872 1993 1928 2043 et

316 2083 469 2140 livor
489 2082 750 2138 charitate
776 2080 1057 2153 pellendus
1078 2089 1178 2138 est.
1212 2081 1269 2135 In
1298 2079 1398 2136 hac
1427 2089 1604 2136 autem
1627 2087 1714 2135 tua
1741 2078 1927 2150 dispu-

321 2175 538 2232 tatione
566 2190 686 2230 cum
708 2173 774 2230 de
799 2173 1018 2229 stultitia
1046 2173 1362 2244 loquereris,
1391 2171 1574 2228 dicens
1611 2190 1630 2225 ι
1665 2186 1783 2227 eam
1811 2186 1924 2226 ma.

322 2275 472 2330 trem
493 2283 614 2323 esse
635 2266 872 2322 omnium
896 2265 1165 2332 vitiorum,
1198 2283 1218 2318 ι
1243 2263 1532 2320 adhibuisti
1560 2263 1924 2319 testimonium

320 2359 393 2416 de
421 2359 729 2432 Scriptura,
760 2359 848 2416 ubi
873 2359 1100 2431 legitur,
1131 2357 1398 2414 Neminem
1437 2357 1600 2429 diligit
1634 2356 1803 2424 Deus,
1827 2357 1925 2412 nisi

322 2470 444 2509 eum
473 2454 695 2526 quicum
723 2452 974 2524 sapientia
1010 2450 1203 2508 habitat
1247 2451 1403 2522 (Sap.
1438 2466 1549 2518 vn,
1571 2448 1688 2522 28).
1730 2449 1924 2518 Quaere

327 2547 517 2620 itaque
540 2546 855 2618 diligenter,
876 2554 1056 2602 utrum
1082 2543 1323 2600 habitare
1348 2559 1470 2598 cum
1501 2543 1761 2614 sapie’ntia
1789 2559 1922 2614 pue-

325 2639 448 2696 rilis
477 2639 682 2695 vanitas
711 2639 900 2711 possit,
931 2653 1026 2710 per
1056 2652 1219 2710 quam
1247 2652 1468 2693 necesse
1500 2646 1582 2693 est
1609 2652 1675 2692 ex
1701 2635 1922 2692 infantia

325 2730 586 2801 parvulus
625 2737 880 2795 transeat,
920 2729 1010 2799 qui
1050 2736 1227 2784 tamen
1269 2728 1459 2783 transit
1499 2745 1514 2782 :
1555 2736 1610 2784 et
1639 2727 1921 2783 considera

325 2823 418 2894 qui
462 2822 665 2892 primus
693 2819 895 2876 fructus
921 2828 1170 2875 nascatur
1193 2817 1262 2875 de
1291 2818 1471 2875 radice
1501 2835 1662 2890 quam
1699 2818 1918 2885 laudas;

326 2922 383 2970 et
407 2919 605 2984 quanta
626 2911 680 2967 in
695 2910 1023 2967 contrarium
1041 2909 1338 2966 mutatione
1359 2925 1494 2980 opus
1513 2909 1704 2966 habeat
1720 2919 1777 2966 ut
1794 2909 1920 2965 dili-

325 3015 484 3075 gatur
506 3020 538 3060 a
565 3005 700 3073 Deo,
727 3004 818 3076 qui
856 3003 958 3060 nisi
997 3019 1118 3059 eum
1157 3003 1246 3075 qui
1278 3002 1480 3060 habitat
1515 3019 1636 3060 cum
1662 3004 1920 3076 sapientia

328 3095 603 3150 neminem
623 3094 821 3167 diligit;
843 3095 896 3150 in
915 3094 1306 3168 praedestinatis
1325 3095 1506 3167 utique
1527 3095 1760 3167 parvulis
1778 3098 1921 3167 quod

329 3188 447 3243 odit
465 3187 773 3256 absumens,
801 3195 858 3244 ut
878 3189 1034 3244 etiam
1058 3187 1202 3260 ipsos
1220 3202 1251 3244 a
1271 3188 1506 3245 vanitate
1527 3187 1780 3246 liberatos
1800 3204 1921 3245 cum

339 3279 604 3349 sapientia
633 3278 818 3352 diligat
853 3278 1154 3336 habitantes
1185 3295 1200 3334 :
1227 3293 1362 3352 quos
1387 3288 1534 3336 certe
1570 3279 1615 3334 si
1653 3278 1720 3335 ab
1758 3279 1923 3336 ubere

334 3378 520 3442 raptos
546 3370 827 3426 abstulerit
855 3371 1078 3427 ultimus
1107 3371 1221 3428 dies
1248 3370 1351 3445 (α),
1384 3371 1552 3427 miror
1574 3371 1620 3427 si
1649 3371 1810 3428 audes
1842 3369 1923 3427 di-

331 3476 458 3518 cere
494 3460 827 3518 habitaturus
864 3477 986 3518 cum
1015 3463 1273 3534 sapientia
1306 3471 1501 3532 praeter
1528 3477 1749 3535 regnum
1790 3463 1918 3529 Dei,

331 3567 442 3626 quo
469 3568 564 3610 eos
595 3571 614 3605 ‹
650 3551 878 3621 bonum,
914 3572 933 3606 ι
965 3553 1261 3609 secundum
1289 3563 1370 3620 te,
1405 3571 1425 3607 ι
1454 3553 1721 3609 inviolata:
1747 3554 1922 3609 incul-

334 3654 580 3718 pataeque
620 3653 822 3700 natura:
856 3663 876 3697 ι
905 3659 1011 3700 non
1051 3643 1311 3716 permittit
1347 3643 1627 3713 accedere,
1669 3644 1771 3700 nisi
1809 3645 1924 3700 veri

332 3733 632 3792 Salvatoris
661 3733 826 3806 gratia
855 3733 1166 3807 redemptos
1193 3735 1383 3791 liberet
1407 3751 1437 3790 a
1468 3733 1584 3790 falsi
1617 3734 1920 3806 insipientia

332 3825 648 3882 laudatoris.
681 3825 750 3884 Ut
779 3827 1020 3883 omittam
1052 3836 1242 3884 natura
1271 3827 1466 3896 fatuos,
1498 3827 1667 3884 multo
1695 3827 1923 3898 amplius

331 3917 596 3988 lugendus
625 3917 899 3989 Scriptura
929 3926 1064 3975 teste
1092 3934 1252 3990 quam
1279 3926 1518 3974 mortuos
1551 3917 1740 3988 (Eccli.
1774 3933 1884 3972 xxu
1903 3957 1920 3984 ,

333 4007 447 4077 15).
489 4007 636 4076 Quos
673 4007 888 4077 quidem
927 4019 980 4062 et
1017 4009 1084 4063 ab
1112 4008 1215 4063 isto
1255 4017 1404 4063 tanto
1442 4009 1584 4064 malo
1613 4016 1791 4080 potest
1829 4009 1923 4065 Dei

334 4097 500 4170 gratia
540 4111 637 4167 per
673 4096 986 4168 sanguinem
1026 4096 1331 4153 Mediatoris
1369 4114 1560 4156 eruere
1602 4117 1616 4155 :
1657 4099 1751 4155 sed
1783 4098 1924 4155 unde

338 4197 624 4258 potuerunt
652 4187 705 4242 in
736 4197 939 4242 tantum
970 4188 1171 4243 malum
1209 4204 1385 4258 ruere,
1427 4191 1473 4246 si
1509 4190 1690 4246 divino
1723 4191 1924 4263 judicio

337 4281 479 4336 nulla
506 4280 695 4353 origini
721 4279 944 4336 debetur
970 4297 1128 4353 poena
1154 4281 1391 4338 vitiatae?

406 4373 461 4427 2.
493 4373 633 4430 Ecce
657 4374 849 4430 merito
874 4373 1265 4445 reprehendisti
1292 4390 1386 4431 eos
1415 4383 1469 4432 et
1493 4376 1744 4449 graviter,
1778 4397 1798 4432 ι
1832 4381 1923 4451 qui

341 4464 425 4520 vel
452 4465 866 4536 supersederunt
891 4465 1108 4522 scienda
1133 4481 1478 4538 cognoscere,
1502 4467 1586 4524 vel
1607 4483 1711 4525 non
1739 4468 1926 4526 formi-

339 4555 465 4612 dant
489 4555 726 4628 ignorata
751 4557 985 4630 culpare.
1023 4577 1042 4611 ›
1078 4558 1343 4630 Numquid
1379 4560 1478 4615 hoc
1504 4557 1572 4616 de
1597 4559 1681 4616 his
1707 4562 1794 4632 qui
1826 4578 1924 4617 ex-

340 4648 527 4703 cordes
547 4650 656 4705 nati
682 4658 824 4717 sunt,
848 4658 999 4720 potes
1019 4649 1238 4707 dicere?
1257 4651 1368 4708 Nec
1393 4660 1568 4708 tamen
1592 4653 1670 4709 eis
1690 4654 1790 4710 sub
1809 4654 1924 4711 Deo

341 4737 484 4809 justo
509 4739 648 4796 unde
677 4740 727 4795 id
751 4740 994 4796 accidere
1013 4741 1245 4814 potuerit
1265 4740 1576 4799 inventurus
1600 4758 1658 4800 es
1675 4785 1691 4812 ,
1715 4745 1760 4799 si
1783 4745 1924 4801 nulla

342 4846 405 4885 ex
445 4832 755 4902 parentibus
782 4832 1062 4888 trahuntur
1089 4835 1275 4890 merita
1307 4835 1558 4891 filiorum.
1593 4855 1612 4889 ι
1642 4837 1745 4894 Sed
1785 4838 1923 4893 invi-

340 4919 518 4976 dendo
558 4922 686 4990 tibi,
727 4923 778 4977 in
817 4923 1044 4993 quadam
1090 4924 1312 4980 meridie
1356 4936 1644 4997 comperta:
1687 4930 1924 4984 veritatis

343 5013 459 5067 sine
486 5013 933 5069 obumbramento
963 5015 1329 5087 ignorationis,
1365 5033 1385 5069 ι
1421 5025 1477 5072 ut
1505 5017 1759 5088 loqueris,
1792 5037 1811 5070 ι
1846 5020 1926 5074 ἰη-

339 5104 596 5160 sanimus.
631 5123 652 5158 ι
688 5104 832 5160 Itane
864 5122 990 5162 vero
1017 5115 1162 5161 tanta
1197 5107 1247 5161 in
1279 5108 1513 5178 parvulis
1536 5109 1672 5164 mala
1695 5151 1710 5176 ,
1755 5120 1807 5164 tu
1835 5113 1924 5182 qui

341 5210 444 5250 non
483 5195 689 5250 invides
712 5237 729 5263 ,
769 5212 876 5251 non
903 5197 1091 5253 vides?
1117 5197 1293 5252 Bonus
1330 5207 1413 5252 est
1449 5194 1615 5266 Deus,
1640 5199 1816 5270 justus
1843 5211 1926 5257 est

341 5288 480 5344 Deus
509 5283 806 5346 {extranea
837 5305 1056 5361 prorsus
1084 5291 1208 5345 mali
1247 5300 1328 5346 est
1366 5291 1510 5346 nulla
1549 5300 1735 5348 natura
1759 5336 1775 5362 ,
1804 5310 1923 5365 quae

341 5389 539 5435 nostrae
583 5387 786 5436 natura
835 5381 1128 5438 secundum
1168 5380 1487 5437 Manichaeos
1531 5382 1779 5439 credatur
1820 5384 1923 5440 ad-

342 5473 506 5527 mixta
538 5489 553 5527 :
582 5473 723 5528 unde
751 5482 897 5541 sunt,
930 5490 1036 5531 non
1067 5475 1189 5531 dico
1218 5475 1270 5530 in
1303 5475 1560 5543 moribus,
1586 5476 1682 5532 sed
1712 5478 1764 5532 in
1796 5479 1924 5548 ipsis

341 5563 569 5634 ingeniis
589 5577 709 5619 cum
737 5566 929 5636 quibus
954 5577 1244 5623 nascuntur
1269 5577 1414 5623 tanta
1445 5567 1718 5625 hominum
1745 5569 1884 5625 mala
1902 5611 1920 5639 ,

349 5657 398 5711 si
422 5671 530 5712 non
550 5665 636 5712 est
663 5657 892 5714 humana
912 5660 1064 5732 origo
1090 5661 1292 5730 vitiata,
1323 5679 1433 5718 non
1463 5673 1545 5719 est
1569 5679 1742 5720 massa
1770 5663 1924 5719 dam-

344 5747 506 5804 nata?
525 5745 662 5815 Quid
679 5791 695 5817 ,
717 5749 860 5820 quod
881 5749 1042 5805 homo
1064 5750 1317 5809 fatuitatis
1337 5770 1528 5826 expers
1549 5763 1602 5810 et
1624 5755 1690 5811 ab
1711 5756 1925 5813 invidiae

407 5858 485 5924 (α)
515 5857 692 5914 Αιιυιιο
711 5859 772 5914 ad
793 5858 959 5926 Virgil.
981 5861 1170 5917 Alne“.
1194 5861 1278 5916 lib.
1297 5865 1349 5931 6,
1365 5878 1496 5921 vers.
1523 5866 1743 5920 426-429.

2036 1523 2264 1579 stimulis
2289 1524 2514 1590 alienus,
2545 1525 2716 1597 ipsam
2740 1525 2818 1583 sic
2853 1526 3111 1584 describis
3155 1529 3409 1586 invidiam
3431 1573 3446 1599 ,
3477 1539 3535 1588 ut
3566 1532 3623 1590 in

2037 1623 2126 1670 tua
2167 1615 2524 1687 descriptione
2553 1618 2655 1673 hoc
2692 1617 2874 1674 vitium
2905 1629 2958 1676 et
2989 1630 3263 1691 peccatum
3291 1630 3545 1695 appareat
3573 1621 3628 1682 et

2034 1722 2193 1780 pmna
2225 1709 2465 1779 peccati?
2503 1711 2695 1766 Annon
2727 1721 2808 1767 est
2835 1720 3107 1783 peccatum
3136 1714 3457 1772 diabolicum
3483 1717 3626 1773 invi-

2034 1797 2160 1853 dia?
2188 1813 2366 1855 annon
2395 1810 2477 1857 est
2502 1815 2657 1873 paena
2689 1802 2928 1873 peccati,
2960 1820 3078 1875 qum
3115 1823 3134 1858 ι
3171 1806 3416 1876 protinus
3447 1807 3628 1878 ipsum

2033 1887 2102 1945 de
2121 1905 2227 1961 quo
2251 1891 2420 1948 oritur
2444 1902 2600 1948 vexat
2627 1895 2935 1950 auctorem?
2964 1915 2982 1948 ι
3009 1895 3137 1953 Haec
3156 1898 3315 1954 verba
3337 1907 3425 1953 tua
3447 1907 3575 1955 sunt
3607 1916 3623 1954 :

2033 1988 2089 2037 et
2123 1991 2298 2038 tamen
2336 1983 2586 2040 diuturna
2615 1985 2934 2057 loquacitate
2963 1987 3108 2044 visus
3137 1989 3231 2044 tibi
3268 2003 3329 2046 es
3363 1991 3615 2048 acutissi-

2034 2089 2126 2131 me
2171 2074 2519 2147 disputasse,
2564 2095 2584 2130 ι
2630 2094 2794 2133 unum
2835 2077 3085 2151 idemque
3121 2081 3309 2136 vitium
3348 2091 3631 2153 peccatum

2032 2183 2353 2240 pmnamque
2378 2171 2581 2241 peccati
2619 2187 2739 2227 esse
2778 2187 2884 2228 non
2924 2187 3102 2244 posse.
3135 2192 3156 2228 ›
3184 2171 3291 2231 Sed
3330 2175 3468 2232 forte
3504 2173 3628 2247 quia

2030 2259 2240 2315 invidus
2267 2277 2372 2314 non
2400 2276 2460 2318 es
2481 2303 2496 2330 ,
2532 2263 2616 2316 vix
2641 2261 2854 2318 tandem
2883 2263 3136 2319 invidiam
3167 2265 3220 2320 in
3249 2265 3356 2320 alio
3385 2266 3522 2321 libro
3547 2266 3631 2322 vi-

2031 2350 2166 2408 dere
2191 2353 2405 2422 potuisti
2437 2352 2503 2410 de
2526 2368 2629 2424 qua
2660 2353 2773 2410 haec
2799 2353 3029 2422 diceres,
3056 2366 3111 2414 et
3141 2357 3234 2412 tibi
3264 2373 3362 2429 pro
3388 2374 3475 2415 me
3500 2359 3628 2432 quia

2030 2445 2163 2502 mihi
2197 2463 2302 2501 non
2330 2447 2533 2502 invides
2561 2448 2980 2506 contradiceres.

2101 2539 2326 2598 CAPUT
2357 2539 2421 2597 ll.
2443 2572 2514 2582 -—
2537 2541 2591 2596 3.
2623 2541 2798 2598 Finito
2825 2549 3004 2600 autem
3036 2543 3320 2614 prooemio,
3347 2544 3437 2601 ubi
3461 2542 3625 2600 etiam

2028 2629 2304 2700 laborasti,
2336 2634 2473 2689 sicut
2502 2635 2662 2702 soles,
2693 2634 2918 2705 probare
2945 2635 3086 2706 quod
3116 2636 3368 2707 praedico,
3406 2656 3426 2692 ι
3454 2638 3623 2694 Deum

2028 2737 2151 2780 esse
2179 2724 2454 2780 hominum
2480 2724 2850 2794 conditorem;
2881 2745 2900 2780 ι
2935 2743 3052 2784 mea
3079 2727 3274 2786 deinde
3305 2727 3462 2785 verba
3499 2745 3625 2801 pro-

2028 2814 2218 2885 ponis,
2249 2814 2336 2871 ubi
2363 2815 2508 2884 dixi,
2545 2835 2565 2869 s
2594 2816 2820 2886 Mundo,
2854 2834 2964 2875 non
2995 2819 3103 2876 Deo
3139 2819 3290 2876 nasci
3328 2820 3623 2891 hominem,

2029 2907 2121 2979 qui
2167 2907 2234 2965 de
2279 2909 2709 2981 concupiscentia
2755 2911 2931 2967 carnis
2983 2913 3248 2976 nascitur;
3290 2914 3401 2970 Deo
3445 2924 3623 2970 autem

2027 3000 2175 3058 nasci
2199 3016 2321 3057 cum
2345 3017 2411 3059 ex
2427 3018 2561 3074 aqua
2575 3003 2829 3076 etspiritu
2858 3005 3150 3061 renascitur
3175 3025 3195 3060 ι
3218 3005 3320 3079 (De
3341 3004 3550 3078 Nuptiis
3570 3017 3620 3062 et

2029 3089 2464 3163 Concupiscentia,
2488 3092 2575 3147 lib.
2601 3094 2654 3163 1,
2683 3112 2736 3148 η.
2775 3094 2892 3168 21).
2933 3096 3133 3164 Quibus
3172 3097 3306 3154 meis
3331 3098 3509 3154 verbis
3533 3097 3618 3154 sic

1976 3176 1980 3181 ’
2028 3181 2317 3250 insidiaris,
2349 3193 2406 3240 ut
2429 3200 2638 3243 asseras
2664 3185 2786 3242 hinc
2814 3188 3031 3259 intelligi
3063 3205 3149 3246 me
3173 3189 3371 3246 debere
3396 3189 3617 3256 dixisse,

2028 3274 2171 3346 quod
2217 3275 2284 3331 ad
2330 3275 2600 3332 diabolum
2645 3278 2908 3348 pertineat
2955 3279 3208 3350 quidquid
3251 3278 3318 3336 ad
3363 3281 3621 3336 mundum

2028 3367 2297 3440 pertinet:
2322 3368 2445 3438 quia
2467 3367 2671 3424 scilicet
2689 3368 2815 3424 alibi
2842 3369 3101 3440 dixeram,
3134 3389 3154 3423 ι
3184 3385 3278 3426 eos
3301 3371 3391 3443 qui
3415 3371 3483 3427 de
3503 3387 3625 3428 cor-

2029 3473 2219 3530 porum
2256 3459 2636 3516 commixtione
2664 3471 2954 3518 nascuntur
2991 3461 3056 3517 ad
3093 3461 3180 3533 jus
3216 3461 3415 3517 diaboli
3453 3463 3622 3534 perti-

2030 3566 2192 3618 nere;
2228 3570 2248 3604 ›
2279 3551 2570 3607 asserendo
2598 3552 2816 3623 utique,
2863 3571 2882 3604 ι
2911 3551 2976 3608 de
3016 3561 3277 3623 potestate
3314 3553 3431 3610 erui
3471 3562 3621 3610 tene-

2028 3641 2278 3710 brarum,
2317 3658 2436 3698 cum
2475 3650 2858 3714 regenerantur
2896 3643 2948 3698 in
2987 3642 3220 3700 Christo.
3250 3663 3269 3698 ι
3301 3644 3623 3714 Respondeo

2030 3751 2159 3808 ergo
2182 3736 2462 3792 calumnia;
2487 3745 2613 3792 tuae.
2642 3735 2717 3792 lla
2741 3736 2884 3793 enim
2908 3753 2996 3793 me
3020 3737 3100 3792 vis
3127 3738 3298 3808 putari
3323 3737 3624 3808 appellasse

2029 3825 2286 3882 mundum
2307 3826 2373 3882 ad
2396 3836 2713 3898 potestatem
2737 3827 2935 3884 diaboli
2962 3828 3338 3900 pertinentem,
3369 3837 3623 3900 tanquam

2030 3918 2225 3973 ctelum
2252 3926 2306 3973 et
2333 3927 2530 3974 terram
2560 3927 2614 3973 et
2638 3921 2816 3974 omnia
2846 3935 2965 3990 qua:
3002 3919 3055 3974 in
3091 3921 3169 3976 eis
3198 3930 3322 3976 sunt
3341 3963 3354 3984 ,
3387 3920 3474 3977 vel
3503 3919 3621 3977 dia-

2028 4006 2185 4064 bolus
2211 4009 2415 4073 fecerit,
2447 4011 2532 4066 vel
2559 4009 2803 4066 diabolus
2832 4019 3029 4067 teneat.
3061 4011 3172 4068 Iloc
3201 4027 3308 4069 non
3339 4012 3458 4070 dico
3477 4055 3493 4082 ,
3525 4013 3624 4070 sed

2030 4100 2287 4168 detestor,
2317 4102 2600 4174 redarguo,
2629 4111 2681 4157 et
2711 4101 2908 4158 damno
2937 4105 3026 4174 qui
3053 4103 3200 4160 dicit.
3235 4103 3340 4160 Sed
3371 4103 3475 4162 hoc
3503 4103 3623 4161 loco

2029 4192 2107 4248 sic
2135 4193 2392 4263 appellavi
2425 4193 2677 4248 mundum
2698 4235 2713 4258 ,
2746 4194 3191 4264 quemadmodum
3221 4195 3498 4262 Dominus,
3528 4196 3622 4251 ubi

2027 4285 2138 4352 ait,
2182 4283 2316 4339 Ecce
2358 4285 2487 4340 venit
2525 4287 2760 4358 princeps
2800 4286 2975 4340 mundi
3007 4285 3184 4358 (Joan.
3215 4303 3318 4352 xtv,
3351 4287 3462 4359 '50).
3502 4288 3622 4345 Non

2029 4377 2173 4432 enim
2201 4375 2321 4432 caeli
2353 4383 2409 4431 et
2437 4384 2594 4432 terrae
2624 4385 2677 4431 et
2702 4376 2939 4431 omnium
2969 4392 3087 4448 quae
3115 4391 3210 4448 per
3231 4375 3487 4445 Verbum,
3516 4375 3621 4434 hoc

2029 4477 2113 4526 est
2148 4484 2245 4540 per
2280 4469 2526 4526 eumdem
2564 4469 2736 4540 ipsum
2778 4470 3079 4539 Christum,
3107 4467 3248 4526 facta
3285 4479 3432 4537 sunt,
3477 4470 3622 4528 unde

2030 4562 2285 4632 scriptum
2314 4573 2395 4618 est
2414 4604 2428 4629 ,
2463 4562 2686 4618 Mundus
2715 4579 2805 4634 per
2833 4579 2946 4618 eum
2975 4567 3141 4636 factus
3169 4572 3242 4617 est
3280 4561 3390 4638 (Id.
3421 4578 3466 4630 ι,
3500 4563 3616 4636 10),

2030 4652 2325 4722 principem
2349 4653 2515 4710 voluit
2541 4653 2759 4726 intelligi
2788 4653 3055 4710 diabolum
3087 4673 3101 4710 :
3130 4653 3225 4711 sed
3250 4654 3389 4712 sicut
3416 4654 3620 4712 dictum

2031 4750 2134 4809 est,
2167 4741 2392 4798 Mundus
2422 4745 2474 4798 in
2504 4745 2725 4816 maligno
2754 4744 2946 4819 positus
2975 4756 3046 4800 est
3077 4744 3120 4818 (l
3143 4744 3300 4801 Joan.
3326 4761 3379 4812 ν,
3411 4744 3499 4817 19)
3523 4763 3538 4813 ;
3563 4755 3620 4803 et

2031 4834 2244 4901 iterum,
2274 4833 2458 4890 Omnia
2483 4853 2594 4907 qua:
2619 4837 2671 4890 in
2698 4836 2887 4892 mundo
2913 4845 3047 4904 sunt,
3078 4838 3478 4910 concupiscentia
3503 4854 3619 4892 car-

2031 4926 2110 4981 nis
2138 4936 2209 4981 est
2227 4968 2242 4991 ,
2275 4935 2322 4981 et
2350 4928 2752 4998 concupiscentia
2776 4929 3070 4996 oculorum,
3103 4938 3150 4983 et
3177 4929 3383 4984 ambitio
3406 4929 3579 4984 seculi
3594 4943 3619 4995 ,'

2031 5032 2143 5086 quia
2161 5034 2261 5072 non
2283 5027 2354 5072 est
2380 5035 2411 5071 α
2434 5016 2610 5088 Patre,
2637 5019 2727 5074 sed
2751 5036 2814 5074 ea:
2836 5020 3025 5075 mundo
3048 5029 3122 5074 est
3149 5017 3198 5094 (1
3206 5021 3258 5074 d.
3281 5037 3340 5087 ιι,
3365 5021 3476 5092 16).
3498 5019 3617 5075 Νοιι

2030 5108 2172 5164 enim
2213 5109 2407 5164 cmlum
2449 5117 2502 5164 et
2545 5118 2686 5166 terra
2726 5127 2831 5166 non
2868 5122 2992 5167 sunt
3017 5127 3048 5167 a
3076 5112 3234 5168 Patre
3260 5128 3357 5184 per
3384 5111 3614 5178 Filium;

2028 5209 2121 5256 aut
2144 5202 2326 5271 Augeli
2345 5243 2363 5270 ,
2394 5201 2603 5269 sidera,
2633 5202 2880 5272 arbusta,
2908 5205 3154 5260 animalia
3174 5246 3190 5273 ,
3230 5204 3473 5259 homines
3506 5217 3616 5258 non

2029 5302 2155 5348 sunt
2179 5309 2208 5348 a
2234 5295 2388 5348 Patre
2417 5309 2513 5366 per
2543 5295 2734 5351 Filium
2754 5336 2769 5362 ,
2800 5306 3053 5368 quantum
3082 5297 3297 5367 quidem
3333 5295 3520 5351 attinet
3547 5297 3614 5351 ad

2033 5385 2200 5457 ipsam
2221 5387 2568 5443 substantiam
2591 5405 2693 5460 qua
2716 5389 2959 5446 homines
2978 5399 3133 5446 sunt:
3157 5389 3253 5445 sed
3273 5389 3456 5445 mundi
3477 5391 3618 5462 prin-

2031 5495 2158 5550 ceps
2187 5489 2268 5535 est
2295 5480 2568 5550 diabolus,
2595 5491 2648 5538 et
2677 5482 2908 5539 mundus
2937 5483 2990 5538 in
3018 5483 3248 5554 maligno
3276 5481 3480 5553 positus
3509 5491 3613 5550 est,

2032 5585 2218 5626 omnes
2242 5571 2422 5642 utique
2448 5573 2688 5631 homines
2713 5575 2804 5646 qui
2829 5575 2904 5630 rei
2932 5582 3054 5628 sunt
3081 5573 3438 5630 damnationis
3460 5582 3618 5630 aiter-

2031 5678 2150 5732 nae,
2181 5663 2226 5718 si
2256 5678 2360 5718 non
2392 5664 2514 5721 inde
2543 5667 2866 5734 liberentur,
2896 5675 2954 5720 ut
2981 5665 2998 5697 ⁸
3030 5681 3134 5720 non
3173 5666 3282 5737 jam
3314 5667 3616 5737 pertineant

2032 5757 2097 5813 ad
2131 5758 2422 5829 principem
2453 5768 2826 5832 peccatorum,
2855 5758 3120 5832 redempti
3149 5774 3216 5817 eo
3241 5759 3498 5833 sanguine
3524 5758 3617 5830 qui

2097 5870 2114 5903 ι
2149 5877 2276 5933 uss,
2298 5872 2364 5923 et.
