4022 6506
415 379 418 384 ’
431 377 541 438 823

428 491 487 548 in
511 487 882 548 remissionem
904 487 1056 545 fusus
1073 492 1158 544 est
1177 494 1537 558 peccatorum.
1563 483 1696 539 Huic
1713 495 1840 552 ergo
1859 494 2015 535 mun-

428 583 502 640 do
521 623 539 651 ,
567 582 720 654 cujus
744 582 990 654 princeps
1014 588 1123 648 est,
1151 578 1219 635 de
1245 593 1352 650 quo
1379 579 1454 634 ait
1490 577 1580 649 qui
1607 577 1733 634 vicit
1755 573 2012 630 mundum

428 675 614 750 (Joan.
639 691 731 731 xvr
748 717 764 742 ,
792 675 918 746 33),
949 673 1081 729 Ecce
1114 671 1245 728 venit
1279 672 1513 744 princeps
1540 670 1747 737 mundi,
1774 678 1821 723 et
1853 668 1906 722 in
1934 683 2014 722 me

427 769 565 828 nihil
588 770 802 826 inveniet
827 784 849 825 :
872 768 1028 836 huic,
1060 767 1309 839 inquam,
1344 764 1542 820 mundo
1567 763 1802 819 nascitur
1828 761 2011 828 homo,

431 862 604 919 donec
629 867 940 917 renascatur
979 859 1034 915 in
1067 873 1134 914 eo
1157 858 1249 930 qui
1273 857 1402 914 vicit
1426 854 1682 912 mundum
1704 896 1720 922 ,
1749 862 1805 910 et
1828 854 1881 908 in
1906 866 2014 923 quo

337 965 340 967 ‘
429 952 565 1009 nihil
590 952 793 1010 invenit
827 953 1076 1024 princeps
1102 949 1308 1006 mundi.

499 1047 556 1103 4.
586 1045 717 1116 Quis
753 1055 836 1102 est
873 1045 1017 1104 enim
1054 1045 1318 1112 mundus,
1357 1043 1426 1099 de
1467 1056 1574 1113 quo
1610 1039 1738 1096 dicit
1772 1037 2014 1094 Salvator

345 1139 362 1160 ‘
430 1136 614 1194 mundi
637 1143 694 1194 et
715 1137 886 1193 victor
908 1135 1114 1203 mundi,
1145 1134 1270 1190 Non
1292 1141 1449 1206 potest
1471 1131 1690 1187 mundus
1714 1130 1878 1185 odisse
1895 1145 2014 1194 vos;

349 1230 371 1304 ρ
429 1244 511 1284 me
536 1236 702 1283 autem
729 1229 869 1295 odit,
898 1227 1018 1299 quia
1051 1243 1143 1298 ego
1177 1225 1514 1280 testimonium
1549 1221 1781 1295 perhibeo
1810 1220 1873 1275 de
1899 1218 2012 1285 illo,

428 1320 551 1392 quia
573 1337 729 1392 opera
751 1321 858 1391 ejus
883 1319 1020 1374 mala
1043 1327 1159 1374 sunt
1187 1315 1298 1390 (Id.
1322 1331 1417 1385 vn,
1444 1314 1543 1386 7)?
1569 1311 1835 1383 Numquid
1859 1320 2015 1366 terra:

431 1426 496 1467 ac
519 1412 704 1480 maris,
731 1411 855 1467 caeli
884 1425 948 1466 ac
975 1409 1208 1467 siderum
1237 1408 1376 1464 mala
1405 1415 1528 1463 sunt
1555 1405 1750 1476 Opera?
1777 1403 1884 1460 Sed
1913 1401 2017 1458 uti-

427 1519 537 1576 que
562 1503 792 1560 mundus
819 1504 920 1560 iste
947 1503 1193 1559 homines
1230 1508 1374 1558 sunt.
1410 1498 1524 1556 Nec
1564 1499 1632 1554 ab
1674 1499 1777 1554 isto
1815 1495 2016 1552 mundo

427 1597 709 1668 quisquam
739 1594 1043 1651 liberandus
1071 1594 1314 1666 eligitur,
1347 1592 1449 1650 nisi
1477 1591 1647 1663 gratia
1675 1590 1771 1645 Dei
1799 1603 1895 1659 per
1921 1587 2016 1643 Je-

431 1702 551 1744 sum
581 1687 853 1745 Christum
880 1688 1166 1744 Dominum
1193 1696 1436 1742 nostrum
1469 1701 1482 1737 :
1514 1685 1603 1754 qui
1630 1682 1776 1738 dedit
1799 1696 2018 1738 carnem

427 1792 583 1834 suam
612 1794 710 1849 pro
739 1778 925 1835 mundi
948 1779 1090 1845 vita;
1123 1777 1265 1850 quod
1304 1791 1412 1831 non
1451 1774 1700 1842 fecisset,
1728 1773 1830 1829 nisi
1859 1788 2016 1828 mun-

428 1869 560 1925 dum
603 1868 898 1926 invenisset
937 1869 995 1924 in
1036 1876 1228 1925 morte.
1257 1867 1387 1936 Quis
1426 1875 1509 1922 est
1543 1865 1774 1922 mundus
1808 1865 1875 1921 de
1911 1878 2019 1936 quo

431 1961 644 2018 dicebat
669 1962 868 2019 Judaeis
885 2005 900 2031 ,
935 1962 1039 2018 Vos
1067 1963 1130 2018 de
1153 1963 1247 2018 hoc
1270 1962 1460 2016 mundo
1484 1961 1638 2026 estis;
1664 1978 1752 2032 ego
1780 1977 1881 2014 non
1905 1975 2020 2013 sum

344 2107 348 2112 .
430 2052 498 2108 de
519 2052 614 2108 hoc
636 2055 824 2108 mundo
857 2052 966 2126 (Id.
989 2069 1103 2117 vnt,
1129 2052 1259 2125 23)?
1286 2054 1579 2118 Postremo,
1611 2051 1729 2123 quis
1754 2059 1836 2107 est
1859 2066 2019 2106 mun-

429 2140 536 2198 dus
572 2142 640 2198 de
678 2159 784 2214 quo
815 2143 976 2215 elegit
1006 2143 1164 2200 Jesus
1197 2143 1483 2214 discipulos
1513 2157 1671 2209 suos,
1715 2151 1772 2196 ut
1803 2143 1914 2212 jam
1952 2141 2022 2196 de

432 2233 636 2290 mundo
662 2249 766 2290 non
795 2243 992 2299 essent,
1024 2243 1078 2290 et
1103 2250 1198 2292 eos
1225 2236 1292 2290 de
1315 2249 1420 2306 quo
1441 2234 1552 2306 jam
1577 2248 1682 2290 non
1709 2243 1878 2301 erant,
1908 2232 2021 2304 ipse

429 2324 667 2380 mundus
694 2324 935 2381 odisset?
967 2324 1055 2381 Sic
1083 2327 1225 2381 enim
1264 2325 1496 2396 loquitur
1531 2323 1773 2380 Salvator
1815 2321 2019 2390 mundi,

438 2414 538 2470 lux
561 2414 779 2481 mundi;
809 2415 907 2482 sic,
935 2415 1170 2486 inquam,
1201 2415 1436 2487 loquitur
1463 2433 1476 2469 :
1505 2413 1633 2470 ch
1655 2413 1841 2468 mando
1862 2412 2018 2480 vobis,

433 2515 494 2558 ut
531 2506 754 2576 diligatis
791 2505 1020 2561 invicem.
1055 2506 1118 2562 Si
1153 2507 1372 2562 mundus
1406 2522 1492 2561 vos
1529 2507 1668 2572 odit,
1703 2507 1878 2561 scitote
1904 2507 2024 2575 quia

434 2612 518 2651 me
538 2598 756 2668 priorem
775 2597 910 2653 vobis
930 2598 1046 2654 odio
1068 2599 1260 2654 habuit.
1284 2598 1345 2654 Si
1368 2598 1431 2652 de
1451 2598 1640 2651 mundo
1661 2599 1850 2662 essetis,
1873 2615 2025 2653 mun-

433 2687 534 2742 dus
559 2687 694 2757 quod
727 2705 873 2742 suum
907 2698 1017 2744 erat
1043 2690 1273 2761 diligeret
1295 2705 1314 2743 :
1337 2689 1455 2755 quia
1482 2704 1594 2743 vero
1621 2689 1683 2743 de
1707 2690 1896 2744 mundo
1921 2706 2025 2744 non

435 2780 588 2846 estis,
630 2780 720 2836 sed
757 2798 846 2854 ego
881 2782 1007 2854 elegi
1040 2799 1126 2838 vos
1164 2782 1228 2837 de
1257 2782 1484 2850 mundo;
1513 2791 1776 2853 propterea
1803 2783 1910 2837 odit
1937 2799 2025 2838 vos

438 2871 660 2928 mundus
697 2873 811 2944 (Id.
841 2890 928 2940 xv,
962 2874 1170 2946 17-19).
1206 2873 1261 2930 Si
1295 2889 1399 2930 non
1427 2873 1748 2942 addidisset,
1781 2891 1871 2946 ego
1896 2873 2027 2946 elegi

436 2977 526 3017 vos
546 2963 610 3017 de
628 2964 853 3029 mundo;
881 2964 1049 3033 putari
1076 2974 1277 3035 posset,
1303 2964 1372 3019 ita
1393 2963 1610 3029 dixisse,
1634 2966 1696 3018 de
1715 2964 1902 3018 mundo
1923 2979 2026 3018 non

436 3052 577 3118 estis,
604 3053 1051 3122 quemadmodum
1075 3054 1142 3110 de
1165 3069 1224 3111 se
1249 3055 1363 3126 ipso
1391 3054 1620 3124 dixerat,
1650 3053 1765 3127 Ego
1789 3073 1890 3110 non
1911 3071 2027 3110 sum

440 3141 506 3196 de
531 3142 627 3196 hoc
653 3145 861 3198 mundo.
893 3144 1075 3215 Neque
1098 3145 1242 3201 enim
1271 3153 1325 3202 et
1351 3146 1466 3217 ipse
1496 3147 1591 3203 fuit
1621 3148 1689 3204 de
1717 3147 1945 3212 mundo,
1972 3157 2029 3204 et

437 3233 644 3290 electus
668 3243 751 3290 est
776 3234 898 3290 inde
923 3244 981 3289 ut
1007 3251 1112 3291 non
1137 3246 1282 3293 esset
1306 3237 1374 3294 de
1402 3238 1622 3294 mundo.
1649 3239 1779 3306 Quis
1813 3238 1913 3294 hoc
1941 3239 2026 3294 di-

441 3325 582 3381 xerit
629 3324 991 3381 christianos?
1034 3326 1144 3384 Nec
1193 3328 1487 3385 secundum
1538 3328 1640 3385 hoc
1690 3330 1832 3386 enim
1882 3329 2030 3401 quod

437 3416 605 3474 homo
646 3433 766 3475 esse
807 3419 1052 3491 dignatus
1094 3431 1196 3490 est,
1219 3421 1382 3478 Filius
1425 3423 1518 3478 Dei
1561 3422 1630 3479 de
1667 3421 1868 3479 mundo
1905 3423 2024 3479 fuit.

439 3511 579 3578 Quid
608 3512 712 3577 ita,
743 3511 843 3566 nisi
877 3514 1000 3583 quia
1040 3513 1094 3570 in
1135 3513 1229 3569 illo
1270 3523 1545 3586 peccatum
1593 3532 1862 3588 nunquam
1903 3516 2021 3584 fuit,

437 3611 659 3672 propter
689 3602 829 3674 quod
859 3605 1033 3659 omnis
1059 3604 1218 3661 homo
1246 3607 1393 3677 prius
1423 3607 1643 3676 mundo,
1659 3624 1763 3663 non
1791 3609 1902 3663 Deo
1929 3623 2028 3663 na-

440 3695 643 3762 scitur,
671 3703 725 3749 et
752 3705 808 3750 ut
833 3697 944 3751 Deo
971 3708 1219 3754 nascatur
1251 3699 1319 3755 de
1355 3701 1554 3756 mundo
1584 3701 1798 3772 eligitur
1824 3701 1914 3771 qui
1940 3717 2026 3758 re-

441 3787 680 3842 nascitur
705 3796 760 3842 ut
785 3788 895 3858 jam
933 3805 1040 3845 non
1079 3791 1148 3846 sit
1175 3791 1242 3846 de
1270 3792 1506 3848 mundo?
1538 3794 1762 3864 Propter
1791 3796 1932 3866 quod
1957 3796 2026 3853 ab

441 3892 512 3932 eo
545 3878 793 3949 princeps
822 3880 1006 3936 mundi
1034 3881 1244 3953 ejicitur
1271 3884 1441 3951 foras,
1473 3884 1611 3940 sicut
1638 3885 1750 3956 ipse
1780 3894 2023 3955 testatur,

441 3971 629 4026 dicens
652 3990 666 4025 :
691 3971 846 4027 Nunc
865 3973 1121 4046 judicium
1146 3984 1218 4029 est
1241 3977 1439 4042 mundi,
1460 3993 1594 4032 nunc
1617 3977 1850 4050 princeps
1871 3980 2026 4052 hujus

441 4062 622 4116 mundi
651 4063 873 4133 ejicietur
900 4065 1038 4135 foras
1068 4065 1178 4137 (Id.
1206 4081 1302 4134 xu,
1330 4067 1442 4139 3i).

515 4153 570 4207 5.
599 4151 711 4208 Nisi
739 4152 876 4209 forte
900 4169 965 4210 eo
995 4169 1162 4226 usque
1187 4164 1361 4212 vestra
1387 4157 1755 4228 progredietur
1784 4157 2024 4227 audacia,

441 4252 503 4300 ut
525 4244 712 4300 dicatis
744 4261 850 4300 non
878 4245 946 4302 de
973 4247 1173 4303 mundo
1202 4247 1324 4319 eligi
1365 4249 1641 4320 parvulos,
1680 4251 1892 4321 quando
1919 4251 2026 4307 Ba-

440 4338 638 4405 ptismo
663 4339 781 4406 ejus
808 4336 1092 4392 abluuntur
1112 4379 1126 4404 ,
1154 4337 1223 4394 de
1249 4353 1355 4410 quo
1383 4338 1580 4394 dictum
1608 4348 1690 4396 est
1707 4382 1724 4408 ,
1754 4339 1892 4396 Deus
1920 4352 2026 4396 erat

438 4426 496 4479 in
519 4424 739 4492 Christo,
768 4427 1012 4481 mundum
1036 4427 1368 4482 reconcilians
1395 4429 1508 4484 sibi.
1542 4429 1624 4484 Ad
1654 4430 1807 4486 istam
1833 4446 2026 4487 recon-

438 4515 766 4574 ciliationem
809 4517 854 4570 si
894 4517 1099 4588 negatis
1144 4518 1394 4588 parvulos
1439 4521 1740 4589 pertinere,
1771 4529 2026 4592 negantes

425 4604 534 4664 'eos
558 4623 679 4665 esse
705 4609 773 4664 de
797 4609 1026 4675 mundo;
1055 4625 1156 4680 qua
1182 4609 1359 4667 fronte
1382 4612 1564 4667 nescio
1582 4613 1771 4669 vivatis
1798 4615 1848 4669 in
1869 4631 2027 4671 mun-

439 4699 531 4754 do.
555 4699 724 4754 Porro
742 4701 786 4754 si
808 4715 902 4756 eos
923 4699 1182 4767 fatemini,
1204 4716 1325 4756 cum
1349 4701 1403 4757 in
1423 4717 1616 4773 corpus
1633 4703 1829 4760 Christi
1852 4714 2025 4763 trans-

440 4798 587 4854 eunt,
619 4791 685 4846 de
711 4791 909 4845 mundo
935 4791 1093 4862 eligi;
1125 4807 1346 4849 necesse
1366 4804 1448 4849 est
1471 4803 1533 4850 ut
1555 4796 1604 4851 ei
1630 4805 1934 4866 nascantur,
1957 4799 2025 4855 de

438 4897 547 4953 quo
589 4883 859 4953 eliguntur
902 4893 959 4938 ut
1000 4895 1364 4941 renascantur.
1411 4886 1710 4945 Nascuntur
1745 4891 1885 4946 enim
1930 4906 2026 4962 per

439 4973 617 5030 carnis
640 4975 1146 5045 concupiscentiam,
1167 4987 1520 5034 renascuntur
1544 4995 1640 5051 per
1657 4981 1884 5052 Spiritus
1904 4997 2024 5054 gra-

436 5065 588 5120 tiam.
619 5062 711 5120 Illa
736 5065 804 5120 de
829 5067 1026 5122 mundo
1051 5077 1153 5129 est.
1184 5068 1298 5125 haec
1321 5072 1468 5127 venit
1493 5073 1546 5127 in
1573 5073 1847 5142 mundum,
1874 5083 1935 5130 ut
1954 5073 2023 5132 de

437 5155 641 5211 mundo
665 5155 930 5228 eligantur
952 5159 1041 5228 qui
1068 5161 1425 5230 praedestinati
1453 5174 1576 5219 sunt
1598 5173 1720 5220 ante
1739 5165 2018 5222 mundum.

434 5245 571 5303 Cum
601 5257 781 5304 autem
810 5248 1038 5304 dixisset
1063 5251 1380 5321 Apostolus,
1411 5253 1548 5310 Deus
1573 5266 1680 5311 erat
1714 5258 1766 5312 in
1799 5258 2017 5328 Christo,

435 5339 681 5392 mundum
704 5340 1033 5395 reconcilians
1053 5341 1184 5406 sibi;
1210 5346 1473 5413 quomodo
1500 5347 1549 5402 id
1577 5350 1750 5416 faciat,
1779 5366 1903 5406 mox
1927 5351 2022 5408 ad-

430 5428 644 5501 iunxit,
676 5440 836 5502 atque
869 5433 976 5496 ait,
1023 5431 1146 5488 Non
1193 5446 1433 5506 reputans
1472 5440 1573 5496 illis
1619 5442 1804 5498 delicta
1849 5461 2020 5500 eorum

435 5519 514 5594 (ll
539 5520 658 5578 Cor.
687 5538 741 5592 v,
783 5523 896 5597 i9).
930 5524 1096 5582 Totus
1136 5541 1264 5599 ergo
1301 5529 1526 5586 mundus
1567 5550 1632 5589 ex
1661 5535 1830 5592 Adam
1859 5553 2014 5604 reus;

435 5613 548 5670 Deo
575 5628 683 5670 non
709 5626 938 5688 negante
965 5634 1181 5675 manum
1210 5621 1540 5681 formationis
1563 5629 1710 5699 operi
1736 5643 1832 5685 suo
1857 5631 1896 5696 ¹,
1927 5645 2015 5689 se-

497 5788 523 5824 ⁶
557 5796 657 5843 Am.
679 5796 754 5846 Er.
780 5800 834 5846 et
851 5800 1046 5859 septem
1066 5801 1198 5862 κει,
1218 5810 1362 5865 opere
1384 5811 1486 5853 suo.

1267 367 1539 428 CONTRA
1578 363 1916 426 JULlANUM
1939 359 2405 432 PELAGIANUH,
2431 360 2489 422 S.
2519 359 2887 422 AUGUSTINI

3313 254 3474 280 ,μὴν

3591 366 3707 426 εΞι

2120 475 2352 532 minibus
2405 477 2656 533 institutis
2701 475 2943 548 quamvis
2993 482 3212 547 paterna
3265 477 3707 546 praevaricatione

2118 569 2316 624 vitiatis
2347 587 2362 624 :
2391 579 2447 626 et
2473 586 2593 626 cum
2621 585 2719 640 per
2741 569 3010 626 Christum
3040 569 3414 625 reconciliatur
3447 573 3704 642 mundus,

2119 659 2188 716 de
2227 660 2424 716 mundo
2464 661 2752 727 liberatur;
2783 677 2849 718 eo
2878 662 3136 716 liberante
3171 661 3261 731 qui
3291 662 3435 717 venit
3463 663 3518 717 in
3546 679 3708 720 mun-

2119 751 2243 807 dum
2265 793 2279 818 ,
2311 740 2418 808 non
2460 752 2530 809 de
2571 752 2772 808 mundo
2805 751 3113 824 eligendus,
3141 752 3237 808 sed
3264 753 3569 821 electurus;
3595 770 3709 811 non

2117 845 2430 900 meritorum
2471 845 2763 912 electione,
2805 845 2900 902 sed
2929 845 3111 916 gratia:
3139 862 3153 898 :
3186 845 3308 916 quia
3341 847 3581 918 reliquias
3611 862 3712 918 per

2117 935 2432 992 electionem
2462 939 2646 1006 gratia:
2673 936 2834 992 salvae
2861 937 3012 990 facue
3036 944 3163 990 sunt
3194 935 3369 1008 (Rom.
3395 952 3450 992 xt
3471 979 3487 1004 ,
3513 938 3596 1010 5).

2187 1024 2416 1082 CAPUT
2444 1025 2530 1082 ill.
2554 1056 2628 1068 —-
2654 1027 2708 1083 6.
2741 1025 2944 1082 Deinde
2971 1026 3256 1097 propositis
3280 1026 3399 1082 aliis
3423 1028 3559 1084 meis
3585 1044 3709 1086 ver-

2118 1116 2234 1186 bis,
2260 1117 2351 1173 ubi
2379 1118 2523 1186 dixi,
2557 1137 2579 1172 s
2607 1118 2775 1190 Hujus
2811 1119 3259 1189 concupiscentiae
3296 1127 3502 1176 reatum
3547 1135 3709 1192 rege-

2119 1209 2325 1265 neratio
2365 1209 2481 1266 sola
2517 1209 2770 1276 dimittit,
2799 1225 2863 1266 ac
2899 1226 2996 1282 per
3028 1210 3130 1266 hoc
3155 1210 3430 1282 generatio
3455 1211 3650 1278 trahit;
3681 1231 3701 1264 ι

2120 1316 2350 1372 moxque
2392 1301 2673 1372 subjunxi,
2709 1321 2730 1355 ι
2758 1302 2898 1373 Ergo
2923 1302 3063 1373 quod
3091 1311 3403 1374 generatum
3441 1311 3524 1359 est
3548 1318 3707 1375 rege-

2120 1402 2366 1459 neretur,
2395 1400 2457 1447 ut
2483 1392 2761 1458 similiter,
2794 1393 2916 1464 quia
2958 1409 3065 1450 non
3105 1402 3284 1466 potest
3327 1394 3519 1462 aliter,
3563 1395 3710 1466 quod

2120 1491 2349 1539 tractum
2375 1491 2459 1539 est
2475 1483 2802 1539 remittatur»
2826 1483 2926 1558 (De
2955 1483 3165 1555 Nuptiis
3193 1494 3239 1540 et
3266 1485 3711 1558 Concupiscentia,

2121 1573 2209 1628 lib.
2239 1575 2305 1640 l,
2353 1591 2406 1628 η.
2451 1573 2515 1629 21
2546 1575 2566 1645 )
2595 1591 2608 1629 :
2638 1574 2832 1630 frustra
2871 1574 3160 1633 identidem
3205 1578 3416 1634 conaris
3457 1578 3715 1650 obtegere

2121 1664 2264 1736 quod
2293 1664 2618 1736 superﬂuum
2648 1665 2974 1737 Baptismum
3002 1667 3201 1739 putatis
3233 1668 3287 1722 in
3316 1670 3546 1739 parvulis
3565 1709 3582 1737 ,
3624 1669 3712 1725 di-

2121 1764 2305 1812 centes
2337 1775 2357 1810 t
2383 1757 2758 1828 mysteriorum
2785 1758 2983 1814 Christi
3009 1759 3233 1831 gratiam
3263 1761 3445 1817 multis
3472 1761 3714 1831 locuple-

2122 1860 2230 1906 tem
2252 1864 2371 1907 esse
2390 1851 2721 1907 muneribus.
2749 1870 2769 1906 ι
2794 1850 2983 1908 Velitis
3000 1853 3201 1922 nolitis,
3219 1853 3468 1924 parvulos
3486 1853 3712 1909 credere

2123 1942 2452 1998 conﬁtemini
2479 1944 2534 1998 in
2556 1943 2829 1999 Christum
2858 1959 2953 2015 per
2977 1943 3139 2000 corda
3165 1953 3220 2000 et
3244 1959 3336 2000 ora
3361 1945 3708 2016 gestantium.

2125 2033 2266 2104 Ergo
2288 2044 2342 2089 et
2363 2034 2429 2089 ad
2455 2034 2599 2106 ipsos
2623 2035 2854 2106 pertinet
2879 2035 3144 2091 dominica
3170 2035 3256 2091 illa
3276 2035 3532 2091 sententia
3556 2053 3571 2090 :
3598 2034 3708 2103 Qui

2124 2138 2228 2177 non
2268 2123 2566 2193 crediderit,
2605 2125 3016 2180 condemnabitur
3056 2125 3248 2200 (Marc.
3283 2141 3408 2194 xvi,
3445 2125 3556 2197 l6).
3586 2125 3709 2192 Qua

2126 2231 2318 2286 causa,
2347 2233 2452 2290 qua
2474 2218 2707 2289 justitia,
2739 2219 2786 2275 si
2814 2219 3018 2275 nullum
3049 2219 3264 2274 trahunt
3291 2217 3544 2289 originale
3577 2231 3712 2288 pec-

2126 2318 2301 2363 catum
2319 2310 2344 2362 ?
2371 2309 2522 2378 Quod
2550 2319 2728 2366 autem
2756 2311 2910 2379 dicis,
2947 2329 2965 2363 ι
2996 2311 3128 2366 Hinc
3157 2310 3332 2382 potius
3359 2324 3488 2365 suos
3520 2323 3716 2380 appro-

2126 2398 2250 2467 bat,
2291 2400 2432 2471 quod
2469 2411 2592 2458 ante
2621 2403 2893 2474 proprium
2921 2402 3204 2458 voluntatis
3231 2401 3543 2472 obsequium
3564 2441 3581 2467 ,
3611 2400 3714 2456 hoc

2127 2493 2271 2564 quod
2295 2493 2348 2548 in
2375 2493 2454 2548 eis
2479 2493 2604 2549 fecit
2631 2493 3010 2550 beneﬁciorum
3038 2493 3290 2549 sublimat
3317 2491 3654 2562 augmentis:
3687 2510 3707 2544 ο

2129 2585 2173 2640 si
2196 2599 2324 2655 ergo
2348 2584 2474 2641 hinc
2497 2600 2623 2640 suos
2648 2584 2780 2641 istos
2800 2584 3089 2656 approbat;
3118 2585 3358 2655 profecto
3381 2583 3501 2638 illos
3520 2581 3715 2653 quibus

2128 2676 2232 2733 hoc
2261 2691 2368 2732 non
2397 2676 2578 2746 donat,
2606 2693 2712 2733 non
2739 2677 2998 2749 approbat
3019 2693 3164 2732 suos.
3193 2676 3363 2732 Porro
3385 2691 3507 2732 cum
3533 2682 3588 2730 et
3611 2674 3714 2745 ipsi

2130 2770 2318 2826 eadem
2345 2785 2503 2826 causa
2529 2771 2637 2826 sint
2659 2771 2805 2841 ejus,
2831 2771 2956 2842 quia
2983 2768 3219 2826 condidit
3244 2783 3372 2835 eos;
3399 2783 3496 2824 cur
3528 2782 3634 2822 non
3659 2776 3716 2822 et

2130 2863 2277 2934 ipsos
2302 2862 2490 2920 eodem
2520 2862 2680 2918 modo
2707 2862 2967 2933 approbat
2989 2862 3154 2918 suos?
3181 2861 3316 2918 Hinc
3337 2862 3354 2893 ¹
3379 2859 3448 2917 de
3469 2859 3600 2928 fato,
3627 2858 3714 2915 vel

2131 2954 2198 3012 de
2237 2955 2544 3026 acceptione
2585 2969 2934 3026 personarum
2971 2953 3105 3010 nihil
3146 2955 3416 3024 negatis’.
3440 2953 3557 3009 iam
3585 2966 3716 3023 ergo

2131 3049 2408 3104 nobiscum
2438 3046 2662 3119 gratiam
2690 3047 3039 3104 conﬁtemini.
3080 3046 3219 3114 Quid
3255 3053 3338 3102 est
3375 3045 3518 3102 enim
3547 3043 3712 3111 aliud,

2130 3138 2220 3194 ubi
2247 3140 2378 3194 nihil
2406 3141 2614 3196 illorum
2639 3141 2760 3196 est?
2796 3140 2854 3194 ln
2890 3153 2994 3194 una
3028 3138 3186 3209 igitur
3217 3137 3508 3208 eademque
3531 3149 3710 3201 causa,

2131 3237 2268 3293 alius
2313 3238 2629 3309 relinquitur
2671 3237 2874 3309 justitia
2914 3235 3220 3307 iudicante,
3259 3249 3368 3290 non
3409 3232 3550 3299 lato;
3578 3230 3714 3286 alius

2131 3329 2422 3384 assumitur
2446 3331 2612 3402 gratia
2639 3338 2945 3400 prmstante,
2977 3344 3084 3384 non
3112 3327 3324 3384 merito.

2204 3420 2258 3475 7.
2279 3420 2498 3476 Frustra
2519 3421 2737 3476 omnino
2756 3420 3095 3484 contenditis,
3119 3435 3220 3476 nec
3243 3419 3312 3475 ab
3331 3417 3569 3492 originali
3589 3429 3711 3488 pec-

2130 3519 2251 3569 cato
2275 3513 2522 3582 parvulos
2550 3514 2954 3584 regeneratione
2980 3511 3245 3568 mundari.
3269 3511 3383 3567 Non
3410 3513 3511 3568 hoc
3537 3519 3713 3566 osteno

2130 3601 2240 3668 dit,
2271 3603 2362 3673 qui
2403 3603 2570 3671 dixit,
2605 3604 2914 3676 Quicumque
2940 3604 3182 3677 baptizati
3210 3621 3385 3660 sumus
3411 3604 3465 3658 in
3492 3602 3714 3669 Christo,

2130 3695 2185 3750 in
2209 3704 2368 3752 morte
2392 3697 2502 3768 ejus
2527 3696 2768 3769 baptizati
2791 3715 2985 3754 sumus.
3015 3696 3253 3752 Dicenda
3281 3697 3443 3762 enim,
3475 3696 3719 3762 Quicum-

2130 3805 2246 3860 que,
2277 3804 2386 3845 non
2414 3790 2594 3861 utique
2622 3790 2871 3860 parvulos
2897 3790 3024 3845 fecit
3049 3800 3318 3860 exceptos.
3346 3787 3481 3857 Quid
3506 3796 3592 3844 est
3616 3802 3718 3842 au-

2130 3887 2239 3936 tem
2279 3883 2331 3936 in
2369 3890 2542 3937 morte
2577 3880 2776 3938 Christi
2814 3881 3103 3953 baptizari,
3145 3881 3244 3936 nisi
3285 3887 3497 3951 peccato
3535 3878 3722 3934 mori?

2136 3971 2286 4028 Unde
2324 3973 2483 4028 etiam
2512 3972 2581 4029 de
2609 3973 2726 4044 ipso
2753 3973 2898 4029 idem
2925 3973 3032 4028 alio
3058 3973 3177 4029 loco
3204 3971 3323 4028 dicit
3347 4013 3359 4036 ,
3401 3970 3551 4036 Quod
3576 3971 3720 4026 enim

2131 4073 2358 4119 mortuus
2385 4074 2459 4120 est
2485 4075 2687 4136 peccato
2707 4106 2722 4129 ,
2763 4075 2989 4121 mortuus
3022 4074 3095 4120 est
3135 4063 3303 4119 semel.
3347 4061 3498 4131 Quod
3533 4061 3720 4133 utique

2131 4154 2334 4210 dictum
2358 4164 2438 4211 est
2459 4168 2676 4227 propter
2699 4155 3097 4212 similitudinem
3124 4156 3301 4212 carnis
3325 4154 3528 4226 peccati
3553 4171 3568 4210 :
3593 4169 3720 4226 pro-

2133 4257 2252 4320 pter
2277 4246 2418 4316 quod
2447 4257 2502 4304 et
2524 4263 2773 4320 magnum
2801 4249 3117 4316 mysterium
3146 4256 3230 4303 est
3255 4246 3429 4303 crucis
3458 4247 3597 4317 ejus,
3625 4246 3718 4302 ubi

2131 4353 2186 4400 et
2210 4352 2348 4398 vetus
2373 4342 2522 4398 homo
2543 4351 2710 4397 noster
2727 4342 2877 4398 simul
2902 4343 3175 4410 cruciﬁxus
3200 4350 3273 4396 est
3287 4383 3303 4409 ,
3333 4351 3388 4396 ut
3413 4351 3678 4396 evacuetur
3693 4341 3717 4373 ³

2132 4453 2315 4508 corpus
2339 4437 2548 4506 peccati.
2573 4435 2627 4491 Si
2657 4450 2785 4506 ergo
2810 4436 2863 4490 in
2888 4435 3100 4491 Christo
3126 4435 3330 4506 parvuli
3355 4435 3714 4507 baptizantur,

2131 4529 2188 4584 in
2214 4537 2384 4584 morte
2409 4527 2525 4598 ejus
2554 4526 2906 4598 baptizantur.
2931 4526 2985 4582 Si
3016 4527 3068 4582 in
3097 4536 3268 4583 morte
3297 4529 3412 4598 ejus
3437 4527 3716 4598 baptizan-

2131 4627 2247 4686 tur,
2276 4619 2462 4675 mortis
2491 4618 2606 4689 ejus
2633 4619 2964 4674 similitudini
2994 4619 3338 4689 complantati
3366 4629 3584 4689 peccato
3607 4620 3718 4675 uti-

2130 4728 2235 4784 quc
2262 4711 2578 4768 moriuntur.
2615 4711 2766 4779 Quod
2796 4712 2928 4767 enim
2957 4720 3182 4766 mortuus
3205 4721 3279 4767 est
3305 4721 3511 4783 peccato
3530 4752 3546 4778 ,
3575 4728 3716 4766 rnor-

2131 4813 2246 4858 tuus
2271 4813 2345 4860 est
2369 4802 2525 4860 semel
2549 4819 2568 4858 :
2591 4805 2725 4873 quod
2747 4813 2915 4859 autem
2941 4804 3076 4869 vivit,
3105 4804 3223 4859 vivit
3246 4803 3376 4858 Deo.
3402 4804 3470 4858 Et
3489 4803 3616 4875 quid
3637 4813 3721 4859 est

2128 4895 2479 4966 complantari
2506 4895 2838 4951 similitudini
2868 4897 3054 4950 mortis
3076 4896 3213 4964 ejus,
3242 4895 3343 4949 nisi
3369 4894 3513 4963 quod
3539 4893 3719 4965 sequi-

2131 4997 2249 5056 tur,
2283 4987 2373 5045 Sic
2409 4998 2458 5044 et
2492 5004 2578 5044 vos
2620 4989 2901 5044 existimate
2943 5003 3029 5042 vos
3071 4998 3293 5042 mortuos
3335 5003 3442 5041 esse
3485 4997 3716 5058 peccato,

2127 5079 2288 5136 vivere
2321 5088 2492 5135 autem
2529 5078 2638 5135 Deo
2674 5081 2728 5135 in
2767 5080 2965 5135 Christo
3000 5079 3127 5134 Jesu
3166 5080 3341 5152 (Rom.
3373 5095 3461 5146 v1,
3493 5080 3720 5150 3-“)?

2128 5174 2391 5246 Numquid
2421 5175 2612 5230 dicturi
2641 5189 2824 5229 sumus
2844 5215 2858 5240 ,
2891 5183 3111 5245 peccato
3136 5185 3401 5230 mortuum
3427 5175 3594 5230 fuisse
3622 5173 3721 5228 Je-
3780 5214 3787 5268 ’-

2128 5283 2244 5326 sum
2265 5312 2281 5338 ,
2313 5269 2454 5340 quod
2485 5268 2686 5324 nullum
2715 5267 2899 5325 habuit
2929 5267 3196 5339 unquam?
3221 5267 3392 5323 Absit.
3425 5267 3492 5321 Et
3537 5276 3716 5322 tamen
3767 5269 3783 5340 ξ

2126 5361 2268 5433 quod
2293 5369 2531 5416 mortuus
2556 5367 2638 5416 est
2661 5368 2911 5431 peccato,
2945 5368 3184 5414 mortuus
3221 5368 3304 5414 est
3335 5359 3522 5414 semel.
3566 5358 3714 5414 Mors

2125 5453 2268 5509 enim
2297 5453 2412 5522 ejus
2440 5461 2710 5523 peccatum
2739 5464 2979 5509 nostrum
3009 5451 3356 5523 signiﬁcavit,
3384 5465 3490 5521 quo
3526 5450 3713 5520 utique

2110 5547 2240 5618 .ipsa
2266 5561 2411 5603 mors
2437 5546 2665 5602 accidit:
2691 5547 2776 5602 cui
2801 5547 2959 5602 morti
2987 5556 3246 5613 mortuus,
3276 5545 3329 5602 id
3350 5551 3453 5612 est,
3480 5550 3539 5600 ut
3561 5557 3712 5598 mor-

2187 5683 2206 5715 ί
2241 5687 2340 5730 Am.
2365 5685 2441 5729 Er.
2467 5685 2518 5729 et
2539 5677 2762 5742 plerique
2784 5687 2911 5741 Mss,
2939 5679 3035 5730 hic.

2191 5746 2219 5808 Ἀ
2238 5750 2358 5792 Tres
2380 5755 2410 5791 e
2434 5743 2664 5791 Vaticanis
2688 5751 2813 5804 Mss.,
2837 5743 3052 5806 garritis.
3524 5776 3545 5802 π.
3628 5779 3652 5808 ,›

2203 5806 2225 5838 ³
2245 5813 2294 5854 ω
2315 5811 2441 5866 MSS...
2463 5810 2790 5855 evacuaretur.

3546 5893 3590 5922 εἴ

3763 5317 3785 5369 i
