4022 6466
259 503 383 560 talis
402 517 513 560 non
533 510 676 560 esset
695 503 934 572 ulterius,
957 512 1174 576 peccato
1193 504 1384 562 dicitur
1401 513 1660 562 mortuus.
1681 506 1835 575 Quod

256 611 386 667 ergo
415 596 532 666 ipse
561 596 878 666 signiﬁcavit
915 597 969 652 in
1009 597 1352 654 similitudine
1391 599 1567 654 carnis
1613 599 1834 670 peccati,

253 685 356 742 hoc
381 701 482 758 per
504 687 620 758 ejus
641 688 865 758 gratiam
889 703 987 743 nos
1014 689 1218 760 agimus
1247 689 1299 744 in
1325 704 1484 746 carne
1509 691 1708 761 peccati
1737 709 1751 745 :
1780 700 1840 745 ut

249 778 527 851 quomodo
561 779 654 835 ille
689 780 967 836 moriendo
1003 781 1336 836 similitudini
1379 782 1581 852 peccati
1621 791 1838 852 peccato

250 879 498 925 mortuus
528 870 876 940 praedicatur,
903 873 975 928 ita
1000 871 1317 943 quicumque
1345 873 1397 927 in
1428 873 1518 927 illo
1555 872 1713 928 fuerit
1737 873 1834 929 ba-

187 955 196 963 ’
246 961 481 1030 ptizatus
503 968 544 1029 ί,
571 961 744 1018 eidem
771 961 850 1016 rei
876 961 1028 1032 cujus
1056 961 1143 1017 illa
1181 961 1353 1018 fuerat
1390 962 1677 1018 similitudo
1715 979 1834 1018 mo-

244 1053 449 1118 riatur;
500 1061 554 1108 et
599 1053 868 1126 quomodo
912 1054 966 1109 in
1013 1054 1154 1110 illius
1192 1071 1315 1112 vera
1351 1071 1512 1112 carne
1537 1071 1663 1113 vera
1689 1073 1834 1113 mors

242 1145 362 1213 iuit,
395 1146 479 1204 sic
507 1146 600 1200 ﬁat
629 1147 683 1202 in
711 1147 850 1202 veris
878 1147 1110 1217 peccatis
1139 1163 1264 1203 vera
1291 1149 1552 1205 remissio.

309 1235 550 1292 CAPUT
591 1235 681 1291 1V.
713 1267 785 1276 —
807 1237 862 1293 8.
890 1237 1054 1292 Totus
1082 1237 1258 1308 itaque
1287 1238 1386 1294 iste
1413 1238 1662 1310 Epistolze
1700 1253 1831 1309 apo-

240 1327 452 1383 stolica:
479 1328 701 1384 locus-si
727 1338 778 1384 te
804 1328 872 1384 ab
892 1328 991 1384 ista
1012 1330 1270 1401 pravitate
1291 1345 1396 1386 non
1415 1332 1649 1403 corrigit,
1674 1331 1831 1387 nimis

238 1415 566 1476 obduruisti.
595 1422 850 1490 Quamvis
885 1423 1028 1478 enim
1076 1423 1179 1479 sibi
1224 1439 1462 1480 connexa
1504 1425 1612 1482 sint
1652 1425 1830 1481 omnia

238 1511 434 1581 quibus
460 1513 555 1580 ait,
585 1512 826 1569 scribens
854 1513 921 1568 ad
950 1514 1249 1583 Romanos,
1283 1524 1342 1571 ut
1366 1516 1536 1588 gratia
1563 1517 1655 1572 Dei
1683 1532 1830 1573 com-

235 1603 528 1659 mendetur
548 1620 644 1675 per
661 1605 844 1662 Jesum
865 1606 1132 1663 Christum
1158 1627 1171 1662 :
1197 1617 1371 1664 tamen
1394 1609 1516 1680 quia
1536 1610 1826 1682 Epistolam

238 1705 407 1752 totam
429 1697 518 1753 hic
539 1699 780 1755 recolere
804 1708 859 1756 et
884 1709 1206 1771 pertractare
1228 1718 1332 1758 non
1354 1718 1652 1773 possumus,
1674 1705 1828 1763 valde

235 1789 382 1844 enim
407 1789 626 1860 longum
653 1799 768 1856 est;
796 1806 860 1845 ex
891 1791 993 1846 isto
1017 1793 1190 1864 capite
1218 1793 1359 1863 quod
1386 1794 1558 1864 agitur
1582 1795 1824 1852 conside—

234 1893 449 1946 remus,
483 1879 572 1934 ubi
616 1880 722 1945 ait,
770 1879 1095 1936 Commendat
1138 1891 1304 1936 autem
1346 1899 1490 1936 suam
1534 1884 1825 1940 charitatem

233 1969 376 2026 Deus
403 1973 457 2026 in
483 1971 645 2040 nobis,
669 1974 908 2044 quoniam
935 1989 1051 2028 cum
1078 1975 1245 2029 adhuc
1273 1985 1555 2047 peccatores
1581 1994 1820 2046 essemus,

231 2061 469 2118 Christus
506 2080 598 2134 pro
634 2063 776 2120 nobis
796 2075 1020 2121 mortuus
1045 2075 1117 2121 est
1137 2065 1313 2140 (Rom.
1328 2084 1380 2135 ν,
1401 2067 1434 2123 8
1455 2077 1502 2123 et
1525 2066 1605 2140 9).
1627 2068 1738 2124 Hoc
1769 2079 1823 2125 tu

229 2153 434 2209 dictum
483 2155 721 2224 exceptis
761 2157 994 2226 parvulis
1040 2157 1119 2212 vis
1160 2158 1354 2227 putari.
1397 2157 1500 2214 Ubi
1544 2159 1592 2214 si
1637 2159 1730 2214 abs
1770 2169 1822 2214 te

226 2259 494 2314 quaeram,
523 2245 568 2300 si
597 2260 702 2301 non
729 2255 851 2301 sunt
877 2248 1016 2303 inter
1047 2257 1355 2318 peccatores
1383 2247 1645 2318 habendi,
1685 2265 1820 2320 quo-

226 2334 393 2389 modo
420 2350 519 2404 pro
545 2335 622 2390 eis
647 2345 887 2392 mortuus
912 2345 1015 2405 est,
1042 2338 1132 2408 qui
1163 2353 1258 2408 pro
1283 2339 1653 2408 peccatoribus
1679 2355 1821 2395 mor-

227 2431 350 2479 tuus
395 2425 520 2480 est?
566 2425 932 2496 Respondebis
982 2442 1089 2483 non
1137 2444 1235 2501 pro
1280 2429 1410 2486 solis
1453 2431 1819 2501 peccatoribus

225 2523 504 2571 mortuum
526 2555 542 2582 ,
579 2517 821 2586 quamvis
851 2517 920 2573 sit
946 2517 1104 2573 etiam
1138 2533 1235 2589 pro
1269 2519 1637 2590 peccatoribus
1671 2536 1818 2576 mor-

225 2613 374 2661 tuus.
403 2605 558 2674 Quod
585 2607 798 2683 quidem
827 2623 1088 2679 nusquam
1127 2609 1260 2680 ἰθύς
1286 2611 1338 2665 in
1366 2609 1558 2667 divinis
1582 2613 1817 2667 auctori-

221 2698 447 2766 tatibus,
477 2709 744 2755 mortuum
769 2701 976 2756 scilicet
998 2717 1116 2758 esse
1138 2701 1405 2759 Christum
1431 2705 1590 2759 etiam
1618 2720 1713 2776 pro
1737 2707 1816 2761 eis

217 2791 311 2861 qui
339 2791 550 2846 nullum
575 2791 876 2849 habuerunt
901 2794 1118 2851 omnino
1145 2805 1441 2866 peccatum.
1470 2797 1575 2853 Sed
1600 2798 1815 2855 attende

216 2897 384 2954 quam
414 2884 610 2939 validis
635 2885 954 2964 testynoniis
977 2889 1236 2959 urgearis.
1266 2889 1345 2944 Tu
1368 2890 1502 2946 dicis
1528 2891 1689 2946 etiam
1717 2906 1814 2962 pro

216 2976 595 3044 peccatoribus
632 2987 897 3033 mortuum
925 2997 939 3034 :
967 2994 1066 3050 ego
1090 2979 1209 3036 dico
1237 2983 1448 3036 nonnisi
1476 2997 1574 3053 pro
1613 2999 1803 3054 pecca-

215 3067 430 3124 toribus
455 3079 756 3135 mortuum;
785 3072 856 3126 ita
887 3079 944 3126 ut
970 3072 1294 3144 respondere
1320 3075 1525 3145 cogaris
1543 3117 1558 3144 ,
1587 3077 1633 3131 si
1659 3077 1810 3134 nullo

212 3167 448 3228 peccato
473 3161 678 3230 parvuli
705 3161 945 3217 obstricti
984 3171 1141 3228 sunt,
1169 3178 1273 3218 non
1303 3179 1420 3219 esse
1448 3180 1546 3236 pro
1574 3167 1809 3236 parvulis

208 3257 515 3305 mortuum.
543 3249 682 3306 Dicit
719 3251 865 3307 enim
905 3250 972 3306 ad
1011 3252 1317 3308 Corinthios
1350 3271 1363 3306 :
1398 3253 1648 3320 Quoniam
1676 3273 1810 3313 unus

207 3356 306 3411 pro
338 3339 577 3394 omnibus
602 3349 828 3397 mortuus
868 3351 978 3407 est;
1007 3359 1127 3415 ergo
1163 3359 1337 3399 omnes
1365 3346 1552 3399 mortui
1578 3355 1694 3400 sunt
1713 3388 1728 3415 ,
1760 3357 1809 3403 et

204 3449 305 3504 pro
333 3431 573 3487 omnibus
595 3443 818 3489 mortuus
842 3444 914 3490 est
937 3433 1003 3507 (ll
1028 3435 1146 3491 Cor.
1172 3452 1227 3504 v,
1257 3437 1344 3506 ll,
1373 3438 1485 3511 l5).
1513 3438 1669 3494 Nullo
1690 3455 1807 3496 mo-

200 3527 274 3584 do
302 3527 404 3584 hic
429 3541 625 3598 negare
651 3527 994 3598 permitteris,
1021 3528 1232 3583 nonnisi
1263 3544 1358 3599 pro
1384 3530 1468 3585 his
1492 3531 1582 3600 qui
1611 3533 1807 3587 mortui

197 3627 363 3686 sunt,
393 3627 664 3673 mortuum
691 3617 854 3673 fuisse
875 3617 1078 3673 Jesum.
1105 3619 1248 3685 Quos
1273 3619 1430 3690 igitur
1456 3620 1558 3676 hoc
1581 3621 1700 3677 loco
1725 3623 1809 3677 in-

197 3709 414 3780 telligis
445 3711 724 3765 mortuos?
763 3708 1019 3780 numquid
1059 3724 1154 3766 eos
1191 3711 1282 3781 qui
1309 3710 1376 3766 de
1403 3725 1627 3782 corpore
1654 3713 1804 3770 exie-

194 3809 334 3858 runt
352 3801 380 3858 ἲ
415 3799 548 3868 Quis
575 3801 646 3856 ita
670 3799 897 3871 desipiat
917 3809 978 3857 ut
996 3799 1098 3856 hoc
1117 3801 1325 3873 sapiat?
1350 3802 1428 3858 Eo
1448 3803 1609 3859 modo
1627 3803 1805 3876 itaque

191 3890 565 3962 intelligimus
588 3900 849 3959 mortuos,
879 3877 976 3962 pro
999 3892 1191 3963 quibus
1217 3893 1466 3949 omnibus
1495 3910 1630 3949 unus
1660 3910 1805 3950 mor»-

191 3993 327 4041 tuus
359 3991 450 4038 est
474 3981 751 4048 Christus,
792 3983 1061 4052 quomodo
1094 3984 1218 4039 alibi
1255 3985 1428 4041 dicit:
1456 3983 1526 4039 Et
1565 4001 1651 4041 vos
1687 4003 1803 4042 cum

188 4075 382 4132 essetis
413 4072 602 4125 mortui
632 4071 688 4125 in
717 4070 912 4126 delictis
937 4080 986 4125 et
1020 4072 1264 4143 praeputio
1293 4075 1460 4128 carnis
1485 4083 1662 4129 vestrae
1679 4115 1694 4140 ,
1728 4076 1804 4130 vi-

187 4165 434 4239 oiﬁcaoit
461 4179 578 4218 cum
617 4163 707 4218 illo
745 4161 962 4236 (Coloss.
989 4178 1062 4231 ll,
1091 4163 1206 4235 l3).
1241 4164 1319 4219 Ae
1351 4179 1447 4236 per
1474 4163 1605 4230 hoc,
1644 4181 1795 4233 unus,

186 4257 420 4330 inquit,
465 4270 556 4325 pro
595 4254 822 4308 omnibus
847 4265 1072 4309 mortuus
1097 4262 1206 4318 est;
1246 4271 1362 4326 ergo
1403 4271 1575 4310 omnes
1614 4257 1802 4311 mortui

182 4359 320 4408 sunt
352 4365 374 4403 :
401 4345 692 4402 ostendens
720 4343 838 4400 ﬁeri
866 4359 971 4399 non
1007 4344 1241 4414 potuisse
1279 4353 1338 4400 ut
1375 4355 1672 4402 moreretur
1696 4347 1799 4403 nisi

183 4460 296 4517 pro
328 4440 584 4498 mortuis.
613 4439 694 4495 Ex
732 4439 834 4493 hoc
872 4437 1012 4494 enim
1053 4437 1294 4508 probavit
1331 4453 1520 4495 omnes
1557 4448 1799 4498 mortuos

182 4552 324 4595 esse
348 4575 364 4600 ,
407 4531 530 4604 quia
572 4546 670 4601 pro
693 4531 941 4586 omnibus
969 4539 1212 4587 mortuus
1240 4538 1323 4587 est
1352 4547 1504 4588 unus.
1533 4531 1818 4606 Impinge,

181 4626 442 4691 inculco,
471 4622 691 4678 infercio
716 4621 981 4679 recusanti
1005 4622 1222 4694 :accipe
1241 4664 1256 4690 ,
1279 4623 1492 4680 salubre
1515 4635 1598 4680 est
1615 4667 1628 4692 ,
1669 4628 1795 4684 nolo

178 4716 479 4779 moriaris.
523 4715 666 4772 Unus
695 4733 786 4787 pro
815 4714 1042 4770 omnibus
1079 4724 1308 4771 mortuus
1343 4725 1454 4782 est;
1482 4734 1598 4789 ergo
1625 4735 1794 4776 omnes

177 4811 393 4870 mortui
420 4818 555 4864 sunt.
589 4808 722 4864 Vide
749 4808 870 4879 quia
901 4823 1235 4880 consequens
1260 4823 1378 4864 esse
1407 4810 1592 4878 voluit,
1621 4819 1678 4866 ut
1706 4813 1790 4869 in-

177 4906 516 4974 telligantur
542 4915 730 4955 omnes
758 4899 988 4968 mortui,
1031 4899 1078 4953 si
1125 4914 1223 4970 pro
1265 4901 1510 4956 omnibus
1549 4911 1790 4960 mortuus

173 5007 295 5056 est.
346 4992 482 5060 Quia
522 5007 646 5062 ergo
685 5005 790 5046 non
832 4990 884 5046 in
923 5004 1181 5061 corpore,
1211 4999 1376 5047 restat
1405 5001 1462 5046 ut
1491 4993 1543 5047 in
1572 5004 1790 5064 peccato

171 5103 318 5148 esse
344 5093 586 5140 mortuos
604 5098 810 5148 omnes,
833 5097 931 5153 pro
951 5083 1141 5154 quibus
1160 5081 1402 5138 Christus
1420 5092 1662 5140 mortuus
1680 5093 1784 5154 est,

171 5193 361 5238 nemo
389 5184 545 5247 neget
564 5217 579 5242 ,
609 5190 767 5231 nemo
791 5174 1028 5240 dubitet,
1060 5173 1148 5244 qui
1174 5188 1233 5229 se
1258 5188 1365 5229 non
1392 5184 1551 5245 negat
1575 5184 1666 5231 aut
1690 5177 1788 5233 du-

168 5275 335 5331 bitat
352 5282 478 5324 esse
500 5267 869 5322 christianum.
892 5265 1242 5337 Quapropter,
1269 5266 1316 5320 si
1343 5265 1544 5321 nullum
1568 5269 1786 5326 trahunt

170 5371 478 5440 peccatum
506 5361 730 5432 parvuli,
761 5375 866 5414 non
893 5367 1016 5416 sunt
1043 5359 1256 5414 mortui.
1285 5359 1341 5415 Si
1367 5375 1470 5414 non
1495 5349 1617 5416 sunt
1640 5376 1785 5418 mor-

168 5458 256 5514 tui
284 5497 303 5522 ,
356 5467 464 5507 non
506 5461 587 5507 est
630 5459 870 5507 mortuus
896 5465 994 5520 pro
1019 5451 1128 5517 eis,
1158 5450 1250 5520 qui
1286 5464 1392 5507 non
1431 5459 1513 5507 est
1539 5461 1781 5509 mortuus

167 5548 289 5605 nisi
332 5557 430 5614 pro
463 5543 705 5598 mortuis.
739 5541 815 5597 Tu
854 5549 1031 5596 autem
1063 5541 1172 5610 jam
1216 5541 1268 5596 in
1313 5542 1485 5612 primo
1524 5551 1614 5598 tuo
1643 5543 1780 5600 libro

241 5683 262 5714 ι
311 5683 372 5742 tu
392 5675 535 5742 editis
569 5682 704 5740 post,
750 5672 1042 5742 baptizatus,
1081 5672 1296 5742 delenda
1329 5675 1434 5742 haec
1454 5675 1624 5742 verba,
1645 5675 1777 5726 idem

167 5745 328 5807 (seu,
352 5737 408 5787 id
432 5739 521 5799 est)
546 5735 920 5807 p'c‘ccatOLCuius
951 5737 1014 5807 in
1036 5735 1223 5784 Christo
1246 5735 1534 5807 similitudo,
1557 5750 1674 5807 non
1696 5751 1774 5788 ve-

167 5798 318 5856 ritas
345 5813 362 5850 :
387 5798 526 5848 certe
546 5798 575 5847 ξι
598 5798 803 5862 librariis
823 5798 1115 5862 translaure
1148 5799 1364 5858 margine
1386 5801 1435 5862 in
1458 5806 1740 5852 contextum
1757 5835 1773 5862 ,

168 5868 270 5933 qui
297 5863 363 5915 iis
384 5862 578 5912 omnino
598 5867 732 5911 caret
755 5861 805 5910 in
821 5859 1168 5920 antiquioribus
1188 5860 1537 5923 manusuiptis.

1627 389 1831 449 LIBER
1865 387 2152 455 SEXTUS.

3416 417 3524 479 826

1946 522 2129 571 contra
2171 532 2271 575 nos
2304 519 2574 592 clamans,
2613 523 2826 596 dixisti,
2870 541 2892 580 ι
2917 525 3186 585 Christum
3223 531 3384 589 etiam
3419 549 3520 606 pro

1944 609 2175 678 parvulis
2201 623 2490 672 mortuum.
2521 637 2541 671 ι
2574 617 2728 674 Nullo
2767 620 2929 677 modo
2966 621 3124 693 igitur
3157 639 3352 695 negare
3391 642 3518 698 per-

1941 701 2166 760 mitteris
2189 719 2283 761 eos
2310 707 2524 765 trahere
2547 712 2801 783 originale
2828 722 3120 784 peccatum.
3156 717 3289 774 Nam
3320 721 3529 778 mortui

1942 795 2101 862 unde,
2131 798 2176 852 si
2201 813 2307 854 non
2334 800 2494 856 inde?
2522 813 2610 858 aut
2637 815 2851 876 propter
2877 823 3035 878 quam
3066 819 3292 866 mortem
3323 828 3514 882 parvu-

1941 885 2114 942 lorum
2141 900 2380 948 mortuus
2399 903 2500 960 est,
2522 896 2611 966 qui
2633 912 2739 952 non
2763 906 2846 954 est
2870 908 3108 956 mortuus
3130 901 3229 956 nisi
3255 919 3350 972 pro
3370 919 3515 961 mor-

1939 978 2082 1034 tuis?
2109 981 2350 1054 Eumque
2394 993 2451 1041 tu
2497 995 2764 1043 mortuum
2809 1004 2906 1060 pro
2950 991 3182 1060 parvulis
3219 993 3510 1052 conﬁteris.

1937 1068 2072 1126 Redi
2109 1087 2237 1144 ergo
2273 1090 2480 1132 mecum
2520 1077 2589 1136 ad
2626 1079 2753 1136 illud
2788 1080 2930 1152 quod
2957 1082 3026 1138 ad
3053 1083 3321 1143 Romanos
3343 1088 3360 1120 ί
3396 1102 3510 1145 cce—

1937 1176 2120 1233 peram
2147 1164 2348 1224 dicere.

2005 1255 2060 1312 9.
2100 1254 2455 1326 Commendat,
2505 1261 2706 1334 inquit,
2754 1281 2899 1320 suam
2939 1268 3234 1323 charitatem
3272 1269 3413 1326 Deus
3453 1270 3511 1325 in

1934 1345 2098 1416 nobis,
2125 1350 2359 1417 quoniam
2382 1368 2498 1408 cum
2520 1355 2688 1408 adhuc
2715 1367 2999 1426 peccatores
3023 1376 3260 1427 essemus,
3285 1361 3512 1418 Christus

1935 1454 2027 1508 pro
2070 1441 2211 1495 nobis
2251 1452 2476 1498 mortuus
2513 1455 2604 1501 est.
2651 1446 2776 1502 Cum
2817 1459 3122 1519 peccatores,
3151 1453 3348 1523 inquit,
3381 1469 3514 1517 esse-

1932 1549 2061 1600 mus,
2109 1533 2210 1590 hoc
2247 1545 2349 1603 est,
2404 1553 2526 1593 cum
2572 1542 2769 1597 mortui
2815 1557 3091 1612 essemus,
3143 1545 3371 1602 Christus
3415 1563 3509 1618 pro

1931 1625 2074 1679 nobis
2119 1636 2344 1683 mortuus
2386 1638 2459 1683 est
2495 1645 2515 1685 :
2556 1633 2714 1686 multo
2757 1634 2920 1705 magis
2955 1637 3225 1706 justi/icati
3272 1653 3406 1691 nunc
3452 1639 3508 1692 in

1929 1716 2174 1786 sanguine
2217 1717 2411 1786 ipsius,
2454 1720 2580 1774 salvi
2625 1722 2810 1778 erimus
2853 1723 2916 1777 ab
2953 1725 3032 1778 ira
3077 1742 3167 1797 per
3206 1727 3392 1798 ipsum.
3444 1726 3508 1782 Si

1929 1806 2062 1858 enim
2101 1822 2216 1860 cum
2243 1808 2431 1862 ininnci
2460 1827 2704 1876 essemus,
2733 1814 3042 1869 reconciliati
3079 1833 3252 1872 sumus
3279 1817 3387 1872 Deo
3416 1833 3507 1889 per

1930 1907 2138 1952 mortem
2165 1897 2291 1953 Filii
2313 1903 2464 1972 ejus;
2510 1903 2667 1956 multo
2693 1905 2854 1975 magis
2883 1908 3212 1972 reconciliati,
3244 1909 3371 1964 salvi
3408 1909 3507 1963 eri-

1929 2006 2041 2046 mus
2075 1991 2129 2046 in
2155 1993 2256 2045 vita
2293 1994 2472 2062 ipsius.
2518 1993 2630 2050 Hoc
2658 2004 2739 2050 est
2781 1997 2912 2051 illud
2955 1998 3098 2068 quod
3135 1999 3262 2054 alibi
3291 1999 3503 2066 dicitur,

1928 2078 2065 2134 Deus
2089 2093 2196 2136 erat
2219 2083 2270 2136 in
2296 2083 2514 2152 Christo,
2545 2087 2791 2141 mundum
2814 2089 3146 2144 reconcilians
3171 2090 3268 2144 sibi
3295 2090 3360 2163 (II
3383 2089 3502 2148 Cor.

1929 2187 1983 2240 ν,
2015 2172 2124 2245 19).
2159 2174 2356 2231 Deinde
2396 2176 2484 2232 hic
2521 2178 2760 2248 sequitur
2790 2196 2803 2233 :
2835 2177 2957 2234 Non
2994 2181 3160 2234 solum
3191 2190 3389 2249 autem,
3414 2182 3504 2236 sed

1925 2271 1974 2317 et
2017 2263 2290 2334 gloriantes
2335 2267 2388 2320 in
2430 2266 2560 2334 Deo,
2613 2285 2701 2337 per
2746 2267 3020 2323 Dominum
3065 2279 3288 2326 nostrum
3328 2272 3504 2326 Iesum

1925 2354 2196 2410 Christum.
2229 2355 2352 2410 Non
2393 2357 2585 2426 solum,
2626 2359 2824 2430 inquit,
2856 2361 3003 2428 salvi,
3021 2361 3109 2416 sed
3136 2371 3184 2416 et
3208 2363 3500 2432 gloriantes.

1929 2444 2030 2499 Per
2051 2463 2199 2517 quem
2225 2464 2359 2501 nunc
2387 2457 2432 2502 et
2461 2450 2916 2506 reconciliationem
2940 2452 3246 2524 accepimus.
3288 2453 3356 2509 Et
3383 2463 3503 2510 tan-

1922 2553 2082 2608 quam
2129 2554 2288 2595 causa
2331 2551 2696 2610 quzereretur,
2724 2558 2888 2614 quare
2915 2559 3012 2614 per
3052 2559 3217 2599 unum
3247 2544 3502 2601 Mediato-

1922 2647 2036 2687 rem
2070 2632 2338 2688 hominem
2363 2635 2384 2665 ³
2415 2636 2506 2692 tiat
2550 2634 2649 2690 ista
2691 2636 3052 2692 reconciliatio
3090 2653 3106 2692 :
3135 2635 3356 2707 Propter
3381 2637 3498 2706 hoc,

1922 2723 2112 2794 inquit,
2159 2725 2287 2779 sicut
2333 2742 2422 2796 per
2466 2742 2622 2780 unum
2667 2727 2916 2782 hominem
2963 2737 3222 2800 peccatum
3267 2730 3322 2784 in
3367 2729 3501 2784 hunc

1921 2817 2165 2894 mundum
2207 2819 2442 2884 intravit,
2489 2827 2537 2873 et
2586 2837 2674 2890 per
2718 2830 2976 2890 peccatum
3023 2838 3157 2877 mors
3178 2839 3198 2890 ;
3243 2831 3291 2876 et
3329 2822 3404 2877 ita
3445 2823 3500 2878 in

1920 2925 2091 2963 omnes
2127 2909 2356 2964 homines
2386 2911 2706 2979 pertransiit,
2737 2913 2792 2965 in
2817 2928 2915 2982 quo
2951 2928 3122 2968 onmes
3147 2923 3497 2985 peccaverunt.

1920 3001 2057 3069 Quid
2081 3016 2208 3072 ergo
2231 3001 2338 3072 egit
2363 3002 2483 3057 lex?
2511 3002 2658 3059 ltane
2683 3003 2774 3059 illa
2801 2995 3146 3061 reconciliare
3165 3021 3270 3060 non
3293 3006 3500 3077 potuit?

1917 3093 2056 3158 Non,
2087 3094 2276 3165 inquit,
2309 3094 2477 3166 Usque
2501 3097 2634 3150 enim
2661 3097 2730 3150 ad
2755 3095 2956 3169 Legem,
2987 3107 3244 3168 peccatum
3268 3099 3323 3153 in
3348 3115 3496 3154 mun-

1917 3183 1983 3236 do
2018 3183 2115 3254 fuit
2141 3198 2160 3236 :
2185 3183 2296 3238 lloc
2329 3192 2442 3251 est,
2487 3200 2585 3242 nec
2623 3185 2706 3240 lex
2752 3186 2921 3256 potuit
2947 3185 3157 3242 auferre
3194 3197 3496 3258 peccatum.

1917 3273 2190 3328 Peccatum
2225 3282 2393 3329 autem
2430 3291 2530 3330 non
2569 3275 2902 3348 deputabatur
2931 3294 3045 3331 cum
3069 3276 3176 3332 Lex
3211 3295 3312 3334 non
3344 3290 3493 3334 esset.

1915 3364 2047 3421 Erat
2086 3366 2297 3436 quidem
2324 3376 2602 3438 peccatum
2623 3409 2636 3435 ,
2670 3369 2765 3424 sed
2805 3383 2912 3426 non
2942 3369 3331 3440 deputabatur,
3369 3370 3494 3441 quia

1913 3472 2021 3512 non
2044 3457 2480 3528 cognoscebatur.
2509 3457 2612 3514 Per
2625 3459 2808 3532 Legem
2831 3461 2981 3527 enim,
3010 3461 3146 3515 sicut
3171 3459 3224 3514 in
3248 3460 3351 3515 alio
3374 3461 3494 3517 loco

1913 3547 2060 3615 dicit,
2109 3549 2325 3621 cognitio
2371 3550 2561 3620 peccati
2603 3549 2793 3620 (Rom.
2822 3567 2914 3618 ιιι,
2943 3550 3076 3623 20).
3129 3551 3235 3606 Sed
3269 3552 3494 3623 regnavit

1911 3657 2048 3696 mors
2085 3640 2146 3695 ab
2171 3634 2358 3710 Adam,
2385 3659 2539 3712 usque
2563 3643 2629 3695 ad
2659 3642 2865 3714 Moysen
2894 3657 2915 3699 :
2942 3643 3067 3714 quia
3097 3659 3196 3700 nec
3222 3658 3316 3714 per
3343 3645 3491 3716 Moy-

1909 3746 2044 3799 sen,
2092 3732 2145 3787 id
2192 3741 2302 3798 est,
2353 3747 2452 3788 nec
2487 3748 2582 3803 per
2610 3733 2804 3804 Legem
2846 3748 3070 3806 regnum
3113 3734 3227 3805 ejus
3256 3733 3489 3789 ablatum

1909 3831 2012 3878 est.
2063 3824 2310 3895 Regnavit
2351 3833 2518 3878 autem
2561 3833 2609 3878 et
2651 3823 2704 3878 in
2753 3825 2829 3878 his
2873 3825 2959 3896 qui
2997 3841 3099 3902 non
3140 3833 3486 3896 peccaverunt.

1909 3915 2086 3984 Quare
2129 3915 2308 3987 igitur,
2356 3916 2401 3972 si
2430 3931 2537 3972 non
2562 3917 2961 3986 peccaverunt?
3002 3916 3141 3972 Audi
3183 3931 3345 3988 quare
3378 3934 3391 3970 :
3419 3916 3489 3972 In

1907 4007 2236 4062 similitudine
2276 4008 2329 4074 ³,
2378 4007 2573 4078 inquit,
2626 4009 3050 4079 praevaricationis
3089 4008 3244 4076 Adet,
3287 4008 3372 4081 qui
3414 4016 3488 4064 est

1907 4103 2076 4172 forma
2117 4099 2296 4172 futuri.
2350 4099 2506 4155 Dedit
2571 4101 2712 4156 enim
2764 4115 2829 4154 ex
2879 4114 2938 4156 se
2983 4099 3206 4154 formam
3259 4097 3488 4169 posteris

1905 4191 2056 4258 suis,
2097 4192 2339 4261 quamvis
2383 4200 2597 4260 peccata
2643 4191 2858 4262 propria
2900 4204 3008 4246 non
3053 4190 3396 4257 habentibus,
3427 4200 3487 4246 ut

1905 4282 2108 4351 peccati
2146 4281 2351 4351 paterni
2379 4281 2691 4350 contagione
2720 4291 3093 4347 morerentur,
3126 4281 3215 4351 qui
3245 4296 3340 4352 per
3367 4283 3485 4352 ejus

1903 4373 2175 4428 carnalem
2200 4372 2682 4443 concupiscentiam
2708 4372 3068 4444 gignerentur.
3101 4373 3210 4430 Sed
3230 4389 3330 4428 non
3355 4373 3483 4427 sicut

1903 4464 2176 4532 delictum,
2218 4463 2420 4532 inquit,
2468 4463 2542 4516 ita
2577 4471 2626 4517 et
2665 4463 2890 4517 donatio.
2948 4462 3010 4518 Si
3053 4463 3183 4517 enim
3226 4464 3287 4518 ob
3328 4463 3482 4519 unius

1901 4559 2144 4614 delictum
2171 4557 2318 4612 multi
2347 4557 2533 4610 mortui
2557 4565 2704 4625 sunt,
2735 4556 2894 4610 multo
2924 4557 3084 4625 magis
3112 4557 3276 4628 gratia
3303 4555 3404 4610 Dei
3432 4567 3480 4612 et

1900 4651 2092 4705 donum
2116 4649 2171 4704 in
2198 4647 2364 4720 gratia
2389 4647 2539 4702 unius
2566 4646 2782 4700 hominis
2809 4645 2933 4700 Jesu
2957 4645 3144 4700 Christi
3172 4646 3225 4699 in
3253 4645 3424 4701 multis
3453 4646 3476 4677 ⁸

1897 4738 2193 4795 abundauit.
2244 4736 2408 4792 Multo
2451 4737 2620 4807 magis
2670 4735 2851 4807 utique
2896 4733 3210 4803 abundavit,
3255 4733 3376 4806 quia
3421 4735 3476 4792 in

1895 4833 2087 4905 quibus
2111 4830 2362 4894 abundat,
2393 4828 2758 4898 temporaliter
2783 4827 3104 4894 moriuntur,
3135 4826 3189 4881 in
3217 4834 3474 4883 :eternum

1895 4924 2082 4980 victuri
2110 4931 2254 4979 sunt.
2303 4920 2372 4976 Et
2398 4936 2528 4987 non,
2557 4919 2754 4989 inquit,
2786 4919 2913 4972 sicut
2951 4935 3039 4990 per
3067 4935 3223 4972 unum
3257 4935 3473 4990 peccan-

1894 5025 2014 5081 tem,
2042 5016 2113 5069 ita
2138 5022 2208 5068 est
2230 5021 2274 5067 et
2295 5013 2502 5067 donum.
2533 5008 2670 5064 Nam
2697 5008 2950 5079 judicium
2985 5007 3185 5078 quidem
3207 5024 3267 5062 ea:
3286 5024 3388 5062 uno
3417 5009 3473 5063 in

1892 5109 2356 5167 condemnationem
2390 5123 2410 5161 :
2451 5106 2615 5177 gratia
2658 5113 2823 5159 autem
2864 5121 2927 5159 ea:
2969 5104 3138 5160 multis
3185 5104 3378 5158 delictis
3415 5103 3470 5158 in

1881 5202 2312 5274 justi/icationem.
2361 5198 2432 5254 Et
2458 5213 2622 5254 unum
2664 5195 2858 5268 quippe
2896 5193 3027 5250 illud
3055 5195 3122 5250 ad
3164 5194 3462 5250 damnatio-

1953 5365 1976 5434 ξ
2007 5361 2314 5434 Floriaeensis
2350 5357 2506 5408 codex
2543 5357 2739 5418 antiqua
2769 5365 2910 5403 manu
2935 5356 3210 5410 correctus,
3251 5349 3379 5434 quod
3402 5349 3465 5400 de

1887 5422 2097 5489 Epistola
2113 5420 2178 5472 ad
2197 5430 2446 5471 Romanos.
2619 5481 2628 5491 ι
2920 5478 2929 5488 ⁸
2957 5478 2968 5490 .
3129 5472 3141 5484 .
3353 5429 3357 5434 ·

1952 5489 1971 5518 ²
2003 5487 2074 5536 sic
2088 5493 2194 5533 Mss.
2220 5481 2441 5532 Gallicani
2465 5486 2517 5530 et
2531 5481 2755 5545 vaticani.
2776 5485 2832 5527 At
2855 5472 3272 5545 editi,
3320 5533 3330 5543 ⁸
3388 5531 3399 5542 '

1949 5532 2072 5620 {si};
2091 5532 2390 5608 antiquiores
2411 5549 2516 5591 Mss.
2547 5541 2685 5603 juxta
2707 5551 2936 5602 grzecum.
2965 5532 3019 5585 At
3042 5535 3186 5594 editi,
3214 5532 3265 5583 in
3287 5532 3461 5584 simil:-

1881 5610 2218 5719 ΜΞἪξιιιιιὶ
2250 5674 2356 5717 Mss.
2378 5702 2392 5728 ,
2429 5665 2673 5731 in_multos
2699 5677 2720 5731 _:
2741 5664 2878 5731 juxta
2899 5668 3106 5731 graecam
3144 5661 3196 5705 ct
3216 5655 3458 5731 vulgatam

1880 5734 2143 5794 lectionem
2165 5719 2495 5794 latinamfsed
2514 5719 2827 5794 Augustinum
2847 5719 3049 5794 legisse,
3140 5719 3324 5794 multis,
3342 5732 3458 5794 pro-

1878 5780 2231 5858 ἰῆςὶέοιιίεςυιιιΔ
2252 5780 2611 5850 ιογεωίειιεθδξ
2625 5786 2754 5858 quod
2789 5780 3037 5834 inde‘mox
3075 5780 3232 5841 dicat,
3271 5780 3384 5845 quia
3405 5780 3457 5835 in

1877 5856 2047 5920 quibus
2073 5856 2299 5910 abundat.
