4022 6486
559 531 686 576 nan
721 515 938 574 trahere
963 512 1135 586 potuit
1163 527 1180 568 :
1209 511 1304 569 sed
1345 513 1514 584 gratia
1538 527 1646 569 non
1688 512 1793 569 hoc
1823 525 1985 567 unum
2015 517 2134 565 tan-

560 618 677 669 tum
695 653 711 680 ,
738 623 921 666 verum
948 606 1107 664 etiam
1134 606 1284 678 plura
1302 647 1319 675 ,
1351 621 1472 678 quae
1497 603 1835 676 superaddita
1861 611 1987 659 sunt
2013 617 2140 673 pec-

559 712 678 762 cata
703 701 918 760 delevit.
953 701 1016 757 Si
1042 703 1176 756 enim
1203 700 1265 756 ob
1291 699 1441 754 unius
1467 699 1733 764 delictum,
1775 697 1975 768 inquit,
2003 711 2140 752 mors

558 796 787 869 regnavit
831 810 920 864 per
965 809 1166 859 unum;
1219 792 1380 848 multo
1429 793 1588 863 magis
1637 790 1724 862 qui
1772 788 2139 844 abundantiam

560 890 740 961 gratia:
763 897 808 943 et
825 887 1042 960 justitia:
1065 885 1336 956 accipiunt,
1362 884 1417 938 in
1441 884 1541 938 vita
1564 883 1842 955 regnabant
1869 898 1959 954 per
1981 896 2139 935 unum

557 979 736 1038 Iesum
759 979 1036 1036 Christum.
1072 977 1328 1048 Superior
1355 976 1610 1048 repetitus
1638 982 1722 1032 est
1749 989 1972 1040 sensus;
2016 973 2137 1044 quia

559 1075 729 1130 multo
759 1072 928 1144 magis
956 1073 1011 1127 in
1035 1071 1142 1127 vita
1169 1071 1498 1141 regnabant,
1529 1068 1619 1139 qui
1647 1067 1764 1124 sine
1801 1067 1907 1122 (ine
1945 1079 2140 1136 regna-

560 1167 732 1233 bunt;
785 1182 941 1237 quam
985 1179 1130 1221 mors
1176 1164 1229 1219 in
1274 1165 1354 1220 eis
1395 1163 1655 1233 regnavit,
1704 1176 1825 1232 qua:
1868 1174 1989 1215 cum
2035 1160 2178 1233 ﬂne‘

560 1259 820 1330 regnavit.
864 1257 1044 1329 Itaque
1068 1257 1196 1311 sicut
1232 1272 1321 1327 per
1363 1255 1544 1321 unists,
1589 1254 1778 1325 inquit,
1821 1253 2060 1308 delictum
2085 1252 2159 1307 in-

561 1365 738 1405 omnes
771 1349 998 1404 homines
1033 1349 1103 1403 ad
1137 1346 1622 1411 condemnationem,
1661 1346 1735 1400 ita
1773 1354 1822 1400 et
1863 1362 1952 1416 per
1990 1345 2140 1400 unius

560 1443 974 1512 iustiﬁcationem
1023 1443 1079 1496 in
1125 1457 1297 1497 omnes
1344 1440 1569 1495 homines
1611 1441 1680 1495 ad
1721 1440 2139 1511 justiﬁcationcm

560 1534 694 1589 vita.
727 1532 852 1588 Ideo
875 1543 930 1589 et
957 1532 1029 1588 ibi
1053 1548 1245 1600 omnes,
1277 1539 1331 1588 et
1359 1531 1446 1587 hic
1479 1546 1684 1598 omnes,
1716 1530 1836 1601 quia
1878 1545 2036 1586 nemo
2071 1528 2140 1584 ad

563 1633 790 1681 mortem
816 1623 919 1680 nisi
945 1638 1041 1694 per
1062 1624 1232 1692 illum,
1256 1637 1417 1690 nemo
1441 1621 1507 1677 ad
1528 1623 1687 1677 vitam
1713 1622 1814 1677 nisi
1839 1636 1934 1692 per
1958 1623 2137 1675 istum.

561 1715 707 1773 Sicut
729 1717 864 1772 enim
893 1731 983 1788 per
1009 1715 1395 1772 inobedieutiam
1421 1716 1570 1770 unius
1612 1715 1828 1770 hominis
1856 1724 2140 1785 peccatores

559 1809 814 1864 constituti
851 1817 967 1864 sunt
1005 1809 1152 1864 multi
1183 1810 1243 1876 i;
1283 1809 1357 1862 ita
1398 1816 1446 1862 et
1484 1825 1573 1879 per
1615 1808 1764 1862 unius
1807 1807 2140 1862 obedientiam

551 1900 681 1972 justi
727 1901 1086 1954 constituentur
1135 1899 1302 1954 multi.
1351 1899 1460 1954 Lex
1503 1909 1670 1954 autem
1709 1899 2024 1965 subintravit,
2080 1908 2138 1954 ut

561 1992 836 2048 abundaret
881 1992 1135 2049 delictum.
1193 1992 1292 2049 Ubi
1341 2001 1512 2048 autem
1555 1993 1829 2047 abundavit
1877 1992 2135 2061 delictum,

559 2082 983 2155 superabundavit
1008 2084 1173 2155 gratia
1199 2097 1220 2138 :
1246 2091 1302 2138 ut
1329 2083 1751 2155 quemadmodum
1777 2087 2000 2155 regnavit
2025 2100 2139 2156 pec-

559 2184 728 2230 catum
759 2175 815 2230 in
859 2184 1017 2230 morte
1042 2177 1065 2210 ’
1081 2217 1096 2243 ,
1129 2176 1202 2231 sic
1225 2185 1271 2231 et
1296 2177 1460 2247 gratia
1483 2185 1652 2248 regnet
1677 2193 1766 2247 per
1797 2178 2050 2248 justitiam
2077 2178 2132 2232 in

559 2265 711 2320 vitam
731 2273 992 2333 (sternam,
1014 2278 1104 2338 per
1117 2265 1294 2322 Iesum
1317 2267 1572 2322 Christum
1596 2266 1869 2321 Dominum
1889 2278 2136 2324 nostrum.

631 2356 719 2412 10.
763 2356 901 2425 Quid
943 2372 1062 2429 ergo
1103 2357 1359 2426 dicemus,
1401 2357 1611 2428 inquit?
1649 2359 2047 2430 permanebimus
2084 2361 2140 2415 in

561 2457 787 2519 peccato,
816 2457 873 2504 ut
898 2449 1062 2521 gratia
1087 2449 1346 2505 abundet?
1373 2451 1535 2505 Absit.
1566 2449 1704 2519 Quid
1726 2452 1867 2507 enim
1897 2452 2142 2522 praestitit

561 2541 763 2614 gratia,
812 2542 859 2597 si
900 2542 1320 2613 permanendum
1365 2551 1447 2598 est
1488 2543 1542 2598 in
1593 2543 1854 2614 peccato?
1900 2543 2141 2614 Denique

561 2635 801 2706 sequitur
825 2643 882 2692 et
907 2634 1036 2692 dicit
1063 2652 1077 2690 :
1113 2635 1213 2704 Qui
1239 2635 1425 2690 mortui
1447 2651 1619 2690 sumus
1644 2645 1865 2707 peccato,
1888 2636 2138 2705 quomodo

559 2730 779 2785 vivemus
805 2730 859 2784 in
886 2745 944 2786 eo
963 2731 990 2785 7
1023 2729 1159 2786 Hinc
1182 2743 1324 2785 nunc
1344 2729 1629 2800 diligenter
1653 2729 1887 2796 attende,
1915 2734 1972 2784 et
1997 2727 2141 2800 quod

563 2823 804 2894 sequitur
830 2825 890 2880 ut
910 2823 1174 2896 intelligas
1199 2824 1434 2880 intentus
1459 2821 1716 2878 ausculta.
1738 2821 1873 2878 Cum
1895 2822 2138 2889 dixisset,

564 2916 665 2985 Qui
705 2917 891 2971 mortui
926 2931 1099 2972 sumus
1139 2923 1376 2988 peccato,
1407 2914 1654 2986 quomodo
1691 2916 1911 2969 vivemus
1946 2915 2000 2968 in
2037 2929 2096 2969 eo
2116 2914 2143 2968 .9

563 3001 644 3062 An
697 3009 942 3081 ignoratis
962 3049 979 3078 ,
1029 3007 1230 3078 inquit,
1281 3007 1516 3077 quoniam
1561 3006 1856 3077 quicumque
1903 3005 2141 3077 ὀαριὶωί

562 3117 737 3156 sumus
759 3101 814 3155 in
833 3099 1032 3155 Christo
1049 3098 1195 3168 Iesu,
1221 3099 1278 3153 in
1300 3106 1459 3154 morte
1481 3099 1642 3169 ipsius
1671 3098 1908 3171 baptisati
1931 3098 2143 3154 sumus?

568 3191 665 3247 Hic
709 3201 833 3247 sunt
874 3191 1076 3263 parvuli
1120 3190 1210 3263 qui
1253 3191 1618 3262 baptizantur,
1645 3203 1712 3247 an
1736 3206 1844 3248 non
1879 3193 2044 3248 sunt?
2083 3191 2143 3249 Si

564 3299 671 3340 non
700 3283 788 3340 hic
828 3291 986 3352 sunt,
1017 3283 1208 3340 falsum
1245 3289 1329 3339 est
1370 3297 1499 3356 ergo
1540 3283 1682 3355 quod
1707 3284 1802 3350 ait,
1831 3283 2145 3356 Quicumque

563 3378 805 3450 baptizati
829 3395 1002 3434 sumus
1026 3379 1080 3434 in
1105 3377 1304 3435 Christo
1325 3377 1480 3445 Iesu,
1506 3381 1562 3433 in
1596 3386 1756 3434 morte
1790 3379 1949 3450 ipsius
1976 3378 2143 3449 bapti-

562 3471 665 3524 zari
708 3486 926 3537 sumus;
967 3471 1092 3542 quia
1139 3485 1247 3528 non
1295 3469 1353 3526 in
1401 3478 1574 3528 morte
1618 3469 1759 3526 illius
1809 3471 2144 3541 baptizantur

565 3564 793 3633 parvuli.
839 3561 944 3619 Sed
981 3564 1232 3634 quoniam
1271 3577 1459 3618 verum
1499 3561 1625 3618 dicit
1661 3563 1970 3633 Apostolus,
2013 3563 2144 3620 nulli

564 3652 930 3723 intelliguntur
972 3652 1201 3723 excepti.
1264 3651 1401 3708 Nam
1457 3650 1504 3706 si
1555 3651 1623 3707 de
1671 3652 1801 3707 solis
1853 3653 2144 3723 majoribus

565 3743 768 3799 dictum
797 3744 1012 3814 putatis,
1042 3745 1131 3815 qui
1153 3743 1262 3815 jam
1293 3751 1512 3798 utuntur
1545 3743 1717 3799 libero
1744 3742 1994 3814 arbitrio,
2022 3759 2143 3800 cum

562 3834 705 3890 dicat
741 3835 864 3905 ille,
907 3835 1255 3906 Quicumque;
1300 3835 1498 3892 frustra
1533 3851 1629 3892 vos
1666 3844 1833 3893 terret
1877 3837 2143 3894 dominica

565 3926 655 3982 illa
680 3927 965 3996 sententia,
995 3925 1116 3982 Nisi
1143 3934 1256 3998 quis
1283 3936 1490 3982 renatus
1527 3927 1680 4000 fuerit
1717 3945 1780 3983 ex
1803 3945 1934 3999 aqua
1961 3939 2010 3984 et
2035 3931 2144 4000 spi-

563 4018 686 4072 ritu.
716 4017 932 4075 llabetis
959 4019 1104 4075 enim
1130 4033 1380 4091 magnum
1407 4018 1778 4089 compendium
1804 4036 1817 4074 :
1843 4029 2146 4076 asseverate

565 4110 744 4166 ethoc
773 4110 840 4166 de
863 4109 992 4167 solis
1019 4109 1310 4182 majoribus
1334 4108 1556 4179 dictum,
1590 4125 1922 4182 nequaquam
1949 4126 2147 4182 parvu-

565 4201 648 4260 los
675 4203 775 4260 ista
799 4203 1145 4276 generalitate
1191 4203 1456 4260 concludi.
1505 4198 1575 4260 Et
1615 4204 1742 4276 quid
1770 4205 1920 4262 vobis
1959 4213 2040 4261 est
2077 4205 2147 4262 de

562 4295 858 4367 qumstione
878 4295 1215 4367 Baptismatis
1237 4295 1502 4363 laborare,
1525 4305 1702 4351 utrum
1730 4297 1800 4352 sit
1819 4296 1926 4353 vita
1946 4305 2147 4353 mterna

564 4395 764 4457 praeter
804 4403 1028 4458 regnum
1071 4389 1184 4456 Dei,
1231 4403 1300 4445 an
1344 4389 1453 4443 vita
1498 4397 1695 4444 aeterna
1733 4389 1975 4459 privandi
2015 4391 2144 4459 sint,

564 4477 875 4534 innocentes
902 4487 979 4536 tot
1003 4479 1260 4552 imagines
1282 4481 1396 4549 Dei,
1420 4495 1484 4537 ac
1509 4496 1606 4552 per
1625 4480 1728 4537 hoc
1751 4491 1949 4538 aeterna
1975 4491 2148 4540 morte

564 4569 902 4640 plectendze?
939 4570 996 4628 Si
1021 4580 1199 4627 autem
1244 4571 1347 4628 hoc
1385 4571 1564 4628 dicere
1605 4586 1715 4628 non
1751 4573 1980 4643 audetis,
2010 4589 2145 4644 quo-

569 4661 711 4716 niam
755 4663 1124 4719 universaliter
1165 4662 1370 4733 prolata
1415 4665 1678 4720 sententia
1722 4672 1826 4733 est,
1873 4665 1993 4720 Nisi
2033 4667 2146 4738 quis

565 4761 770 4808 renatus
798 4755 950 4825 fuerit
977 4770 1040 4810 ea:
1077 4771 1208 4824 aqua
1231 4763 1282 4809 et
1306 4756 1515 4826 spiritu,
1543 4773 1644 4812 non
1674 4767 1832 4828 potest
1869 4759 2058 4814 intrare
2092 4761 2149 4816 in

565 4859 775 4915 regnum
810 4843 909 4900 Dei
951 4843 1140 4917 (Ioan.
1168 4861 1260 4913 ιιι,
1289 4847 1359 4918 5)
1394 4863 1411 4903 :
1456 4847 1646 4904 eadem
1689 4863 1782 4904 vos
1827 4851 2148 4907 universitas

565 4939 906 5009 comprimit,
953 4939 1164 4996 dicente
1210 4939 1502 5011 Apostolo,
1551 4941 1863 5016 Quicumque
1909 4944 2150 5016 baptizati

566 5046 744 5087 sumus
773 5031 825 5085 in
851 5029 1049 5086 Christo
1072 5029 1228 5098 Iesu,
1254 5032 1308 5086 in
1334 5041 1491 5087 morte
1518 5033 1654 5088 illius
1680 5034 1920 5105 baptizati
1955 5051 2148 5089 sumus.

567 5122 713 5198 Ergo
745 5132 800 5180 et
834 5123 1039 5194 parvuli
1078 5125 1167 5196 qui
1192 5124 1528 5196 baptizantur
1555 5126 1607 5180 in
1631 5125 1874 5192 Christo,
1900 5128 2150 5198 quoniam

569 5213 623 5269 in
648 5221 824 5270 morte
855 5213 1024 5284 ipsius
1048 5215 1400 5284 baptizantur,
1425 5225 1642 5286 peccato
1671 5217 1988 5274 moriuntur.
2019 5215 2148 5274 Inde

565 5307 713 5364 enim
759 5321 1002 5366 connexa
1053 5317 1177 5372 sunt
1235 5307 1336 5364 ista
1383 5309 1682 5380 sequentia,
1738 5323 1858 5364 cum
1906 5309 2150 5380 superius

567 5399 769 5456 dictum
815 5407 991 5467 esset,
1037 5398 1139 5466 Qui
1177 5401 1364 5456 mortui
1408 5417 1584 5456 sumus
1625 5412 1859 5473 peccato,
1903 5401 2150 5473 quonde

569 5495 788 5559 vivant“
811 5496 866 5551 in
890 5493 990 5552 eo?
1031 5493 1164 5551 Nam
1191 5495 1337 5552 velut
1365 5503 1691 5566 quereretur
1708 5535 1725 5563 ,
1755 5495 1881 5568 quid
1906 5503 1989 5552 est
2013 5496 2151 5552 mori

571 5586 834 5662 peccato?
879 5588 960 5642 An
1003 5588 1284 5660 ignoratis,
1336 5588 1535 5660 inquit,
1579 5590 1818 5660 quoniam
1859 5589 2152 5663 quicumque

638 5742 661 5776 ι
695 5746 745 5791 tn
766 5747 895 5802 Mss,
917 5739 1266 5802 constituuntur
1287 5741 1444 5797 auriti.

638 5803 662 5874 ξ
691 5805 901 5874 Vaticani
1066 5811 1121 5859 et
1138 5801 1469 5874 Floriaceusts,
1491 5804 1543 5861 in
1563 5813 1779 5866 mortua.
1796 5815 1960 5865 Quae
1983 5814 2152 5865 tamen

581 5865 808 5928 mento
829 5864 1042 5919 thauma.
1301 5931 1306 5936 _

1368 417 1641 477 CONTRA
1675 411 2013 479 JULIANUM
2049 409 2526 482 PELAGIANUM,
2565 413 2626 471 S.
2665 415 3040 474 AUGUSTINI

2251 506 2490 578 baptizati
2515 524 2691 564 sumus
2713 510 2767 564 iu
2794 510 2992 567 Christo
3014 511 3140 567 Iesu
3156 553 3173 575 ,
3199 513 3256 568 in
3288 524 3448 572 uerte
3471 516 3613 574 illius
3654 521 3828 593 bapti-

2244 601 2346 654 sati
2370 617 2544 658 sumus
2563 601 2590 657 2
2635 603 2770 660 Hinc
2810 604 3046 676 probans
3085 607 3226 678 quod
3268 621 3431 679 supra
3469 611 3721 684 dixerat,
3766 616 3828 674 Si

2245 694 2431 748 mortui
2454 710 2627 749 sumus
2661 707 2882 766 peccato,
2907 700 3156 771 quomodo
3180 702 3398 758 vivemus
3421 704 3477 758 in
3505 721 3562 761 eo
3581 705 3610 761 .’
3652 717 3717 764 vlt
3739 710 3828 782 qui

2246 799 2304 841 se
2343 802 2450 842 non
2494 788 2799 859 ignorarent
2842 793 2895 847 in
2930 801 3104 849 morte
3124 793 3319 850 Christi
3359 797 3679 868 baptizatos,
3706 817 3827 859 cum

2245 882 2636 953 baptizarentur
2679 885 2730 939 in
2767 883 3000 950 Christo,
3041 888 3239 942 scirent
3281 889 3440 944 etiam
3484 905 3545 948 se
3586 902 3828 949 mortuos

2245 987 2365 1030 esse
2404 983 2655 1045 peccato;
2701 977 2823 1046 quia
2852 975 2984 1031 nihil
3025 984 3109 1032 est
3145 977 3289 1033 aliud
3333 980 3386 1034 in
3429 991 3603 1039 morte
3626 981 3826 1041 Christi

2245 1064 2538 1135 baptizari,
2573 1066 2673 1121 nisi
2715 1076 2934 1136 peccato
2964 1068 3119 1122 mori.
3163 1069 3275 1124 Hoc
3317 1070 3624 1142 diligentius
3662 1089 3827 1146 expo-

2246 1171 2380 1212 nens
2408 1157 2668 1228 adjungit,
2697 1167 2752 1213 et
2772 1158 2901 1213 dicit
2927 1176 2941 1213 :
2970 1157 3262 1230 Consepulti
3293 1177 3412 1233 ergo
3438 1179 3612 1218 smnus
3637 1165 3716 1219 illi
3741 1183 3828 1236 per

2243 1247 2562 1320 Baptismum
2586 1250 2638 1303 in
2664 1259 2893 1317 mortem,
2921 1258 2976 1303 ut
2999 1251 3418 1320 quemadmodum
3441 1256 3662 1310 surrexit
3682 1255 3826 1311 Chri-

2243 1351 2348 1396 stus
2371 1360 2404 1397 a
2432 1345 2640 1398 mortuis
2666 1360 2758 1413 per
2789 1343 3003 1415 gloriam
3029 1343 3223 1412 Patris,
3249 1346 3322 1400 ita
3343 1355 3390 1401 et
3414 1364 3507 1403 nos
3529 1349 3583 1403 in
3610 1351 3824 1406 novitate

2243 1434 2358 1488 vine
2392 1435 2722 1490 ambulemus.
2754 1435 2818 1490 Si
2852 1436 2985 1492 enim
3010 1437 3337 1507 complautati
3371 1455 3547 1495 sumus
3580 1440 3820 1496 similitu-

2243 1533 2352 1587 dini
2368 1534 2542 1588 mortis
2551 1535 2658 1604 ejus
2676 1552 2694 1600 ;
2717 1533 2788 1589 sic
2799 1542 2846 1589 et
2861 1533 2934 1606 (a)
2950 1535 3328 1590 resurrectionis
3343 1536 3528 1591 erimus
3547 1553 3568 1592 :
3593 1537 3688 1591 hoc
3723 1539 3820 1592 sci-

2242 1632 2400 1691 entes,
2435 1625 2554 1695 quia
2590 1634 2727 1679 vetus
2760 1625 2909 1680 homo
2937 1634 3104 1680 noster
3141 1625 3294 1680 simul
3325 1627 3601 1697 cruciﬁxus
3637 1637 3728 1695 est,
3768 1638 3822 1684 ut

2242 1725 2519 1771 mouetur.
2541 1732 2725 1787 corpus
2763 1717 2985 1788 peccati,
3011 1724 3064 1771 ut
3097 1719 3234 1772 ultra
3265 1733 3368 1772 non
3393 1719 3668 1774 serviamus
3706 1736 3820 1791 pec-

2243 1818 2373 1862 cato.
2407 1807 2507 1873 Qui
2546 1809 2678 1862 enim
2711 1818 2940 1863 mortuus
2973 1818 3075 1877 est,
3107 1809 3419 1879 ju’stiﬁcatus
3447 1820 3518 1866 est
3541 1827 3574 1866 α
3599 1820 3822 1882 peccato.

2245 1900 2309 1956 Si
2353 1909 2519 1956 autem
2561 1901 2747 1955 mortui
2790 1919 2964 1957 sumus
3007 1918 3118 1957 cum
3157 1901 3378 1971 Christo,
3422 1904 3669 1959 credimus
3705 1906 3825 1976 quia

2241 1993 2395 2046 simul
2424 1993 2642 2047 vivemus
2672 2009 2785 2046 cum
2808 1993 2898 2046 illo
2930 2008 2949 2047 :
2981 1994 3188 2048 scientes
3221 1995 3339 2064 quia
3368 1994 3595 2049 Christus
3613 2012 3826 2066 surgens

2243 2100 2306 2138 ea:
2329 2086 2536 2138 mortuis
2562 2087 2674 2156 jam
2700 2102 2801 2139 non
2825 2085 3066 2154 moritur,
3090 2103 3227 2140 mors
3260 2085 3334 2140 illi
3358 2087 3489 2140 ultra
3513 2102 3614 2140 non
3647 2086 3814 2140 domi-

2242 2175 2463 2229 nabitur.
2495 2175 2644 2243 Quod
2683 2177 2814 2231 enim
2849 2185 3075 2232 mortuus
3113 2187 3188 2231 est
3225 2187 3424 2249 peccato
3445 2218 3458 2242 ,
3485 2185 3710 2232 mortuus
3747 2187 3826 2232 est

2241 2267 2394 2322 semel
2418 2282 2438 2322 ,ο
2460 2269 2596 2338 quod
2619 2277 2786 2323 autem
2805 2270 2940 2336 vivit,
2967 2269 3083 2324 vivit
3105 2269 3232 2324 Deo.
3264 2268 3348 2324 Ita
3370 2279 3417 2323 et
3439 2285 3526 2323 vos
3549 2269 3826 2324 existimate

2244 2374 2330 2414 vos
2367 2370 2593 2416 mortuos
2624 2361 2826 2432 quidem
2854 2379 2960 2417 esse
2995 2373 3197 2434 peccato
3216 2405 3230 2430 ,
3259 2365 3422 2418 vivere
3447 2371 3610 2417 autem
3630 2361 3734 2416 Deo
3770 2363 3825 2416 in

2245 2451 2446 2507 Christo
2469 2451 2597 2508 Iesu
2627 2454 2800 2526 (Rom.
2844 2471 2898 2523 v,
2925 2455 3064 2522 8-vt,
3093 2455 3205 2528 11).
3236 2455 3292 2512 Si
3319 2471 3448 2528 ergo
3474 2463 3691 2528 peccato
3715 2470 3821 2512 non

2245 2545 2546 2601 moriuntur
2571 2546 2798 2617 parvuli,
2823 2547 3008 2617 procul
3032 2546 3192 2603 dubio
3217 2547 3269 2603 in
3294 2545 3494 2604 Christi
3520 2555 3690 2603 morte
3715 2562 3821 2604 non

2243 2637 2598 2708 baptizantur.
2644 2637 2701 2694 Si
2745 2639 2798 2694 in
2846 2638 3046 2696 Christi
3102 2649 3275 2696 morte
3317 2655 3424 2696 non
3471 2639 3820 2712 baptizantur,

2243 2733 2352 2786 non
2383 2731 2437 2786 in
2462 2730 2677 2787 Christo
2713 2732 3068 2804 baptizantur.
3100 2732 3411 2804 Quicumque
3433 2734 3564 2788 enim
3591 2733 3825 2804 baptisati

2243 2838 2419 2878 sumus
2444 2824 2497 2877 in
2524 2821 2721 2878 Christo
2743 2823 2890 2892 Iesu,
2917 2825 2972 2878 in
2998 2833 3158 2878 morte
3184 2825 3348 2896 ipsius
3369 2822 3612 2897 baptisati
3633 2839 3819 2879 sumus.

2246 2913 2305 2969 In
2331 2915 2541 2971 Christo
2574 2924 2750 2972 autem
2788 2917 3150 2986 baptizantur,
3194 2925 3415 2988 peccato
3441 2932 3568 2989 ergo
3594 2917 3823 2972 moriun-

2247 3015 2350 3060 tur.
2381 3005 2481 3064 Cui
2506 3016 2745 3077 peccato,
2773 3022 2954 3076 quaeso
2978 3011 3052 3076 te,
3078 3007 3179 3064 nisi
3205 3007 3348 3079 quod
3374 3007 3633 3078 originale
3657 3017 3824 3064 traxe-

2247 3096 2429 3152 runt?
2485 3098 2986 3169 Argumentationes
3029 3098 3308 3155 hominum
3352 3101 3371 3132 ³
3411 3099 3771 3156 conticescant
3806 3116 3821 3153 :

2221 3185 2506 3246 Dominus
2533 3191 2680 3245 novit
2706 3191 3060 3263 cogitationes
3082 3191 3379 3260 hominum,
3403 3191 3654 3263 quoniam
3679 3206 3827 3248 vana:

2248 3291 2374 3340 sunt
2411 3281 2580 3354 (Psat.
2604 3299 2758 3351 xcm,
2789 3282 2914 3354 11).
2954 3283 3253 3339 Abscondit
3280 3283 3396 3340 haec
3433 3299 3464 3339 a
3503 3284 3830 3356 sapientibus

2247 3383 2303 3429 et
2346 3374 2712 3444 prudentibus,
2741 3383 2795 3430 et
2839 3373 3095 3430 revelavit
3137 3389 3200 3430 ea
3243 3375 3478 3446 parvulis
3520 3373 3829 3452 (Παιὰν,

2237 3455 2374 3538 25).
2409 3464 2462 3521 Si
2502 3466 2596 3521 tibi
2625 3466 2914 3523 christiana
2940 3466 3071 3523 fldes
3099 3465 3379 3540 displicet,
3407 3463 3640 3539 apertius
3663 3465 3831 3524 conﬁ-

2249 3568 2363 3613 tere
2395 3576 2406 3612 :
2440 3574 2563 3613 nam
2592 3559 2934 3614 christianam
2980 3558 3136 3614 ﬁdem
3181 3560 3340 3615 aliam
3365 3574 3472 3615 non
3500 3563 3651 3630 potes"
3681 3558 3831 3614 inve-

2250 3649 2384 3704 nire.
2417 3649 2567 3705 Unus
2591 3649 2750 3705 homo
2776 3659 2857 3705 est
2890 3649 2957 3705 ad
2991 3658 3238 3717 mortem,
3267 3666 3402 3707 unus
3423 3650 3491 3707 ad
3517 3650 3701 3706 vitam.
3739 3647 3834 3705 llle

2250 3750 2452 3796 tantum
2502 3742 2682 3811 homo,
2730 3743 2830 3798 iste
2874 3743 3014 3798 Deus
3052 3749 3106 3798 et
3147 3742 3308 3798 homo
3332 3745 3375 3798 ⁸.
3419 3743 3524 3799 Per
3562 3743 3716 3798 illum
3752 3749 3837 3798 est

2250 3839 2479 3894 mundus
2513 3838 2760 3895 inimicus
2795 3837 2964 3896 factus
2989 3840 3102 3896 Deo
3130 3858 3143 3894 :
3173 3855 3269 3912 per
3303 3841 3459 3896 istum
3486 3838 3724 3896 mundus
3748 3853 3838 3895 re-

2249 3931 2562 3988 conciliatur
2603 3933 2713 3987 Deo
2759 3932 2961 3988 electus
3007 3949 3073 3989 ex
3121 3932 3333 3988 mundo.
3383 3931 3533 3986 Sicut
3583 3932 3743 3986 enim
3787 3931 3841 3985 in

2251 4019 2413 4074 Adam
2437 4037 2605 4077 omnes
2629 4023 2942 4089 moriuntur,
2971 4023 3043 4077 sic
3071 4031 3117 4077 et
3143 4023 3195 4078 in
3221 4023 3415 4078 Christo
3455 4037 3631 4077 omnes
3675 4020 3842 4091 viviﬁ-

2251 4112 2513 4167 cabuntur.
2564 4112 2708 4168 Sicut
2755 4115 3061 4185 portavimus
3101 4115 3370 4186 imaginem
3409 4111 3625 4178 terreni,
3672 4121 3845 4184 porte-

2251 4223 2365 4260 mus
2394 4205 2414 4236 ³
2451 4214 2496 4260 et
2537 4207 2804 4278 imaginem
2851 4207 2961 4278 ejus
3001 4207 3088 4278 qui
3127 4208 3190 4260 de
3233 4206 3357 4261 caelo
3394 4214 3465 4260 est
3511 4202 3562 4278 (1
3589 4203 3716 4260 Cor.
3751 4219 3841 4270 xv,

2251 4297 2345 4365 22,
2367 4297 2481 4370 49).
2510 4298 2638 4353 llaec
2660 4297 3076 4353 stabilitamenta
3106 4296 3226 4353 fidei
3257 4297 3561 4353 christiana:
3599 4297 3695 4368 qui
3719 4295 3846 4353 sub-

2251 4399 2465 4448 vertere
2491 4392 2696 4457 nititur,
2727 4390 2991 4446 stantibus
3018 4389 3095 4446 eis
3129 4391 3244 4461 ipse
3276 4389 3623 4446 subvertitur.

2323 4484 2549 4542 CAPUT
2575 4484 2619 4540 V
2644 4483 2813 4558 (b).—
2837 4484 2925 4539 11.
2955 4482 3182 4538 Prorsus
3195 4483 3337 4553 quod
3354 4483 3407 4538 in
3421 4482 3555 4538 libro
3571 4495 3701 4538 meo
3711 4479 3844 4550 dixi,

2252 4577 2338 4634 cui
2366 4577 2572 4632 resistis
2589 4617 2603 4642 ,
2631 4591 2814 4631 verum
2842 4584 2924 4631 est
2949 4593 2962 4629 :
2999 4592 3018 4626 ι
3045 4573 3178 4629 Nam
3202 4573 3345 4645 quod
3373 4571 3654 4629 dimissum
3678 4583 3765 4630 est
3792 4573 3850 4628 in

2254 4678 2508 4742 parente,
2539 4677 2597 4723 ut
2638 4668 2877 4724 trahatur
2917 4668 2970 4723 in
3000 4667 3152 4739 prole
3177 4708 3192 4734 ,
3233 4666 3384 4721 miris
3412 4663 3629 4736 quidem
3669 4663 3850 4720 modis

2254 4763 2342 4829 fit,
2388 4763 2482 4818 sed
2513 4771 2689 4818 tamen
2721 4761 2780 4815 fit
2807 4779 2819 4815 :
2853 4769 2906 4817 et
2932 4761 3050 4831 quia
3079 4759 3270 4815 modus
3297 4760 3411 4830 ipse
3449 4774 3554 4815 non
3579 4759 3732 4814 facili
3761 4772 3852 4813 ra-

2256 4855 2400 4910 tione
2425 4853 2736 4926 indagatur,
2770 4867 2870 4908 nec
2903 4865 3154 4908 sermone
3179 4849 3496 4922 explicatur,
3522 4847 3591 4906 ab
3616 4849 3856 4906 inﬁdeli-

2253 4949 2354 5006 bus
2384 4963 2490 5004 non
2518 4947 2752 5003 creditur
2786 4965 2803 4999 ι
2841 4944 2942 5020 (De
2967 4944 3176 5016 Nuptiis
3200 4953 3246 4999 et
3275 4943 3724 5015 Concupiscentia,
3751 4941 3850 4998 lib.

2257 5041 2306 5107 1,
2343 5058 2395 5094 n.
2423 5039 2538 5111 21).
2564 5038 2766 5106 Quibus
2795 5037 2970 5092 verbis
2997 5037 3131 5091 meis
3166 5035 3434 5091 insidiaris
3482 5035 3852 5101 mendaciter,

2255 5131 2406 5204 quasi
2418 5131 2662 5197 dixerim,
2687 5148 2706 5182 ‹
2732 5144 2831 5185 nec
2846 5130 3050 5184 ratione
3063 5127 3462 5199 comprehendi,
3479 5141 3577 5182 nec
3595 5141 3860 5182 sermone

2255 5223 2546 5296 explicnri;
2581 5241 2600 5276 ι
2645 5221 2966 5278 subtrahens
3000 5221 3121 5277 inde
3150 5221 3290 5292 quod
3315 5221 3444 5288 dixi,
3478 5236 3500 5272 ι
3529 5233 3642 5275 non
3663 5219 3861 5278 facilis

2255 5319 2371 5376 sive
2391 5337 2411 5373 ‹
2442 5319 2645 5373 ratione
2680 5336 2701 5370 ι
2740 5318 2854 5372 sive
2885 5335 2906 5369 ι
2933 5329 3198 5371 sermone.
3231 5334 3251 5368 ι
3279 5312 3435 5370 Aliud
3460 5321 3543 5368 est
3572 5330 3596 5366 ι
3628 5313 3808 5380 nulla,
3837 5330 3858 5364 ι

2258 5411 2402 5485 quod
2420 5422 2474 5467 tu
2501 5411 2665 5478 dicis;
2697 5407 2841 5465 aliud
2865 5418 2948 5465 est
2979 5427 3000 5462 ι
3029 5424 3134 5463 non
3160 5407 3319 5475 facili,
3352 5425 3371 5459 ι
3402 5405 3542 5478 quod
3559 5421 3674 5478 ego
3700 5404 3816 5461 dixi
3851 5423 3866 5460 :

2258 5508 2350 5566 ubi
2377 5506 2504 5579 quid
2530 5503 2673 5561 aliud
2699 5519 2859 5575 quam
2899 5503 3262 5559 calumniosus
3311 5497 3577 5572 appares?
3615 5499 3736 5557 Sed
3764 5498 3869 5555 etsi

2323 5623 2344 5656 ι
2375 5620 2693 5671 Floriacensis
2711 5623 2819 5690 Its.,

2321 5685 2344 5718 ί
2376 5691 2586 5718 mlnlnnr
2605 5687 2697 5718 “BS
2720 5713 2733 5718 -
2757 5684 2848 5718 me
2869 5685 2915 5718 ει
2938 5687 3061 5718 mm

2323 5685 2586 5794 :gatuor
2605 5687 2734 5740 llas,
2757 5682 3294 5750 isteetDeusethonto.
3549 5735 3562 5748 .

2442 5752 2512 5804 ιιι,
2530 5749 2600 5795 ua
2621 5748 2885 5806 ροῖιεηαις.
2907 5741 3075 5806 Abest,
3093 5746 3183 5806 ag,
3205 5752 3236 5791 ι
3255 5734 3618 5801 mutua-nm.

2344 5808 2397 5866 a)
2429 5803 2589 5866 Forte,
2610 5803 2696 5855 sed
2719 5810 2854 5863 et,nt
2871 5803 3013 5866 infra,
3037 5817 3089 5855 ιι.
3110 5804 3184 5855 15.

2344 5821 2377 5859 a
2429 5812 2589 5866 Forte,
2610 5808 2696 5855 sed
2719 5810 2784 5863 et,
2797 5811 2854 5853 ut
2871 5808 2949 5853 inti

2322 5808 2402 5935 ibi
2434 5867 2569 5936 Apud
2591 5875 2693 5919 Am.
2717 5871 2886 5929 etiam,
2901 5863 2949 5917 3.
