4022 6446
269 625 421 682 nulla
454 625 662 681 ratione
685 621 984 694 iudagetur,
1005 618 1152 676 nullo
1165 632 1412 675 sermone
1440 618 1878 691 expliceturzve-

268 740 396 780 rum
421 734 598 778 tamen
643 729 726 778 est
761 719 903 792 quod
950 719 1239 790 antiquitus
1267 717 1444 774 veraci
1473 717 1576 774 iide
1616 716 1878 773 catholica

267 813 600 885 prmdicatur
625 819 678 867 et
695 809 930 867 creditur
945 824 1041 880 per
1062 808 1356 866 Ecclesiam
1375 817 1537 864 totam
1558 825 1573 875 ;
1601 822 1720 879 qute
1740 805 1878 864 ﬁlios

267 906 514 961 ﬁdelium
541 919 642 960 nec
665 901 1012 972 exorcizaret,
1043 917 1145 959 nec
1185 901 1510 969 exsufflaret,
1552 900 1598 956 si
1636 915 1742 956 non
1782 914 1878 957 eos

275 997 351 1053 de
379 1005 646 1068 potestate
672 994 1038 1063 tenebrarum,
1068 1003 1122 1051 et
1150 1010 1181 1051 a
1207 994 1447 1066 principe
1486 993 1675 1051 mortis
1720 1009 1876 1050 erue-

271 1099 392 1156 ret;
445 1088 674 1164 quodin
717 1088 856 1144 libro
888 1102 1044 1154 meo,
1088 1087 1174 1144 cui
1198 1086 1345 1144 velut
1369 1086 1696 1158 respondes,
1729 1100 1761 1140 a
1789 1101 1875 1142 me

270 1191 509 1254 posutum
550 1191 633 1238 est
650 1180 751 1254 (De
777 1177 942 1252 Nupt.
966 1190 1014 1236 et
1041 1179 1288 1252 Concup.,
1309 1181 1458 1248 litui,
1476 1179 1668 1252 12.22):
1695 1179 1791 1236 sed
1818 1179 1873 1234 id

272 1283 334 1331 tu
360 1289 785 1331 commemorare
813 1273 1055 1342 timuisti,
1090 1284 1340 1346 tanquam
1367 1273 1484 1344 ipse
1507 1273 1575 1330 ab
1600 1272 1732 1329 orbe
1757 1279 1872 1328 toto

273 1367 644 1425 exsufﬂaudus
668 1382 814 1424 esses
832 1409 848 1435 ,
886 1367 932 1423 si
959 1367 1083 1424 huic
1107 1366 1467 1423 exsufﬂationi
1495 1381 1597 1438 qua
1622 1366 1871 1437 princeps

273 1460 464 1515 mundi
492 1467 546 1515 et
571 1475 600 1514 a
624 1459 857 1530 parvulis
895 1459 1106 1530 ejicitur
1147 1458 1326 1525 foras,
1370 1458 1734 1514 contradicere
1776 1471 1870 1513 vo-

268 1551 494 1608 luisses.
539 1549 761 1607 Frustra
803 1559 858 1607 te
900 1550 1175 1622 intorques
1201 1548 1750 1622 argumentationibus
1777 1563 1870 1604 va-

270 1645 362 1700 nis
380 1687 397 1714 ,
426 1661 536 1701 non
561 1645 817 1701 adversus
845 1659 954 1712 me,
985 1644 1081 1700 sed
1109 1643 1366 1699 adversus
1391 1657 1728 1698 communem
1753 1657 1869 1698 ma-

267 1745 410 1794 trem
457 1737 819 1809 spiritualem;
861 1753 981 1810 qua:
1005 1751 1114 1792 non
1157 1745 1209 1792 te
1235 1736 1392 1792 aliter
1433 1737 1673 1807 peperit,
1705 1750 1866 1806 quam

268 1831 416 1887 sicut
435 1829 547 1902 jam
569 1845 676 1886 non
697 1830 778 1886 vis
803 1838 861 1886 ut
887 1831 1088 1902 pariat;
1113 1837 1297 1885 contra
1323 1829 1474 1898 cujus
1503 1830 1708 1884 viscera
1734 1827 1864 1884 satis

269 1923 447 1980 acutis
485 1923 606 1980 telis
632 1922 728 1980 tibi
755 1922 956 1979 videris
978 1929 1217 1977 armatus
1237 1961 1252 1989 ,
1283 1921 1352 1976 de
1374 1920 1578 1991 justitia
1603 1920 1699 1976 Dei
1728 1935 1862 1978 cons

271 2028 354 2074 tra
393 2017 659 2090 justitiam
688 2017 822 2087 Dei,
871 2017 939 2074 de
965 2017 1137 2089 gratia
1163 2015 1259 2072 Dei
1297 2024 1482 2072 contra
1511 2015 1735 2088 gratiam
1766 2015 1862 2072 Dei

263 2111 530 2182 colligens
553 2117 889 2183 argumenta.
916 2108 1068 2165 Tunc
1087 2109 1231 2165 enim
1260 2119 1342 2166 est
1370 2108 1465 2164 Dei
1485 2123 1609 2164 vera
1634 2108 1856 2180 justitia,

261 2205 313 2261 si
361 2219 528 2276 grave
564 2203 754 2278 jugum
799 2219 961 2276 super
1006 2203 1148 2259 ﬁlios
1189 2201 1358 2258 Adam
1391 2219 1423 2258 a
1451 2203 1538 2259 die
1579 2203 1751 2260 exitus
1793 2201 1861 2260 de

261 2305 455 2352 ventre
475 2297 661 2352 matris
686 2309 873 2351 eorum
901 2293 1088 2369 (Eccli.
1117 2310 1188 2350 xi.
1207 2335 1225 2363 ,
1254 2292 1307 2366 1)
1343 2309 1449 2350 non
1477 2297 1546 2350 sit
1579 2294 1856 2365 injustum.

260 2387 548 2454 Quomodo
588 2394 766 2444 autem
803 2401 912 2442 non
946 2394 1029 2443 est
1069 2385 1326 2457 injustum
1359 2386 1544 2457 jugum
1573 2402 1768 2458 grave,
1811 2388 1858 2444 si

261 2463 473 2533 nullum
506 2487 588 2534 est
613 2478 668 2534 in
709 2477 944 2550 parvulis
976 2476 1215 2547 malum,
1262 2486 1485 2549 propter
1530 2477 1672 2550 quod
1711 2478 1859 2549 juste

257 2569 392 2643 jugo
422 2578 736 2642 premantur
772 2569 956 2641 gravi?
1002 2567 1154 2625 Tunc
1179 2577 1262 2625 est
1296 2584 1422 2626 vera
1453 2569 1546 2626 Dei
1575 2571 1742 2641 gratia
1765 2613 1781 2638 ,
1810 2572 1858 2627 si

262 2659 372 2716 hoc
414 2661 576 2717 rebus
617 2659 897 2729 exhibeat,
946 2659 1089 2733 quod
1133 2661 1310 2718 verbis
1351 2670 1526 2717 sonat.
1575 2661 1857 2729 Quomodo

259 2759 446 2807 autem
475 2750 580 2808 hoc
615 2751 780 2822 facit,
823 2751 870 2809 si
899 2767 1023 2809 eum
1051 2751 1304 2808 exsulilat
1347 2754 1401 2808 in
1440 2768 1547 2825 quo
1573 2753 1719 2810 novit
1749 2769 1856 2810 non

257 2859 386 2901 esse
416 2844 558 2918 quod
586 2845 752 2918 pellat
769 2847 866 2942 ‘si
893 2860 1017 2904 eum
1045 2845 1187 2903 lavat
1213 2847 1268 2904 in
1297 2861 1404 2919 quo
1429 2847 1577 2905 novit
1604 2863 1710 2904 non
1737 2863 1859 2907 esse

257 2938 408 3010 quod
431 2937 649 2993 abluat?

337 3029 428 3086 12.
453 3019 722 3101 Numquid
759 3031 847 3088 vel
876 3029 971 3088 tibi
997 3031 1083 3088 vel
1122 3031 1448 3106 quibuslibet
1488 3035 1857 3090 consectaneis

257 3118 371 3176 tuis
400 3120 417 3152 ί
445 3120 644 3192 aliquid
692 3121 873 3178 dicere
920 3121 1219 3192 videreris,
1266 3122 1312 3178 si
1359 3131 1616 3194 quantum
1659 3125 1728 3180 sit
1773 3124 1858 3198 (ut

261 3227 335 3269 ex
380 3227 444 3268 ea
482 3222 666 3270 natum
705 3229 926 3271 necesse
966 3214 1036 3270 sit
1075 3215 1319 3286 renasci,
1367 3231 1474 3271 non
1513 3224 1756 3272 renatum
1786 3218 1857 3275 sit

261 3318 494 3362 necesse
536 3305 777 3362 damnari
803 3305 858 3378 ¹)
902 3305 1103 3363 malum
1145 3308 1592 3380 concupiscentiae
1639 3310 1848 3378 carnis,

257 3398 545 3454 sanctitate
572 3399 766 3455 mentis
796 3398 1032 3470 cogitare
1060 3399 1289 3471 possetis
1324 3417 1338 3455 :
1367 3408 1421 3456 et
1448 3401 1574 3472 quid
1606 3401 1847 3458 conferat

257 3489 432 3561 gratia
458 3530 472 3555 ,
506 3503 624 3545 cum
651 3498 858 3546 reatum
887 3489 1002 3562 ejus
1038 3489 1303 3558 absolvit,
1346 3505 1452 3562 quo
1489 3489 1717 3546 faciebat
1743 3491 1852 3547 ori-

256 3582 511 3655 ginaliter
535 3583 804 3640 hominem
831 3599 982 3640 reum
1003 3624 1017 3652 ,
1046 3582 1258 3654 quando
1284 3583 1344 3638 lit
1381 3583 1434 3638 in
1466 3582 1556 3638 illo
1581 3583 1736 3655 plena
1766 3598 1854 3640 re-

257 3677 448 3732 missio
479 3687 817 3749 peccatorum
849 3677 871 3710 ⁸
895 3694 910 3744 ;
939 3677 1180 3749 quamvis
1211 3676 1324 3750 ipsa
1345 3683 1637 3743 remaneat,
1665 3683 1855 3733 contra

259 3783 420 3840 quam
448 3770 747 3840 regenerati
773 3769 993 3840 spiritus
1009 3768 1369 3840 concupiscat,
1385 3776 1477 3826 aut
1500 3767 1636 3824 bene
1655 3784 1853 3826 usurus

256 3861 362 3918 hoc
394 3861 536 3917 malo
560 3862 613 3917 in
643 3845 849 3918 minore
868 3862 1191 3930 certamine,
1224 3869 1316 3917 aut
1339 3860 1557 3916 omnino
1584 3876 1689 3917 non
1719 3876 1851 3917 usu-

255 3969 349 4009 rus
393 3953 450 4010 in
490 3953 697 4022 majore
742 3954 1079 4010 certamine?
1125 3953 1270 4009 Inest
1296 3953 1438 4009 enim
1471 3969 1660 4010 sensus
1691 3953 1853 4026 hujus

257 4043 424 4114 mali,
457 4041 585 4100 dum
616 4043 906 4099 reluctatur
934 4052 1093 4116 atque
1118 4044 1412 4099 cohibetur.
1445 4045 1644 4100 Beatus
1670 4029 1852 4103 autem

253 4134 368 4204 ille,
396 4135 488 4210 qui
511 4133 626 4191 sola
648 4135 1052 4207 regeneratione
1075 4134 1378 4203 dimittitur,
1399 4137 1850 4208 quemadmodum

251 4244 383 4284 cum
431 4227 635 4284 inesset
679 4242 786 4283 non
830 4227 1193 4293 sentiebatur;
1242 4228 1314 4283 ita
1352 4227 1470 4298 ejus
1504 4228 1702 4284 ablatio
1744 4229 1851 4286 fide

252 4319 512 4384 creditur.
546 4335 652 4375 non
677 4335 838 4376 carne
862 4318 944 4376 vel
972 4328 1150 4376 mente
1174 4321 1419 4376 sentitur.
1450 4319 1576 4376 ideo
1605 4321 1660 4376 in
1687 4321 1850 4394 hujus

251 4414 331 4469 rei
369 4412 694 4470 obscuritate
722 4419 776 4468 te
807 4411 980 4484 jactas
1005 4452 1020 4480 ,
1063 4419 1119 4468 et
1142 4411 1395 4469 adversus
1422 4413 1698 4470 veritatem
1727 4430 1848 4486 qua:

252 4506 467 4566 05tendi
513 4505 790 4562 hominum
834 4505 1066 4562 maxime
1110 4506 1406 4562 carnalium
1447 4506 1696 4562 sensibus
1739 4522 1849 4563 non

251 4607 455 4672 potest,
474 4607 672 4669 quanto
687 4597 857 4669 magis
885 4605 942 4654 ut
961 4605 1116 4671 putas
1140 4597 1357 4666 acriter,
1390 4604 1535 4654 tanto
1561 4597 1731 4670 magis
1759 4597 1846 4654 in-

253 4675 489 4748 ﬁdeliter
509 4706 733 4763 pugnas.

324 4785 416 4842 15.
448 4782 556 4840 Sed

316 4882 468 4928 Verte
491 4889 665 4927 omnes
687 4883 793 4928 tete
815 4876 866 4927 in
891 4874 1042 4938 facies
1058 4909 1074 4936 ,
1093 4879 1151 4938 et
1170 4873 1404 4925 contrahe
1425 4872 1661 4938 quidquid

318 4939 432 4990 sive
454 4939 653 5001 animis,
673 4941 779 4990 sive
799 4944 905 4990 arte
927 4935 1065 4989 vales
1083 4935 1156 5001 (a)
1181 4949 1196 4986 :

249 5023 572 5094 Quicumque
602 5023 843 5094 baptisati
868 5037 1042 5077 sumus
1082 5021 1137 5075 in
1168 5017 1371 5076 Christo
1395 5017 1523 5075 Iesu
1542 5061 1558 5089 ,
1595 5020 1652 5075 in
1687 5030 1848 5076 morte

250 5117 414 5189 ipsius
442 5115 681 5187 baptizati
707 5129 901 5170 sumus.
946 5114 1088 5185 Ergo
1119 5127 1303 5168 verum
1340 5121 1423 5168 est
1463 5126 1563 5168 nos
1605 5122 1848 5170 mortuos

251 5224 375 5266 esse
402 5219 624 5281 peccato
649 5208 701 5264 in
729 5215 903 5263 morte
926 5203 1148 5274 Christi,
1180 5220 1301 5277 quae
1328 5203 1428 5260 fuit
1453 5205 1566 5260 sine
1589 5214 1843 5275 peccato:

252 5320 319 5362 ac
343 5319 438 5376 per
480 5303 583 5358 hoc
622 5311 677 5358 et
702 5302 936 5373 majores
960 5310 1013 5357 et
1041 5301 1264 5371 parvuli.
1309 5299 1491 5370 Neque
1518 5298 1662 5354 enim
1691 5298 1767 5353 illi
1791 5309 1848 5356 et

255 5412 366 5453 non
393 5396 515 5464 isti,
547 5404 640 5451 aut
672 5394 760 5450 isti
789 5401 845 5450 et
874 5407 978 5450 non
1010 5393 1088 5449 illi
1120 5411 1134 5448 :
1164 5393 1260 5449 sed
1283 5393 1577 5464 quicumque
1604 5391 1845 5462 baptizati

251 5505 426 5546 sumus
451 5489 505 5542 in
529 5487 731 5543 Christo
758 5487 885 5543 Iesu
907 5527 923 5553 ,
950 5487 1005 5541 in
1029 5494 1185 5542 morte
1207 5485 1346 5541 illius
1375 5485 1618 5557 baptizati
1644 5501 1840 5541 sumus.

317 5626 335 5698 ξ
370 5623 592 5698 Quinque
633 5622 846 5674 Vaticani
883 5627 990 5672 Mss.
1034 5625 1087 5672 et
1136 5620 1233 5671 duo
1287 5617 1542 5682 Gallicani,
1602 5622 1846 5672 consenta-

399 5701 487 5734 1118.

246 5699 356 5782 ne?
372 5690 500 5799 iiiis
519 5747 840 5808 sententiam,
866 5744 1145 5810 parenthesi
1167 5745 1426 5810 inclusam,
1449 5745 1676 5805 omittunt
1696 5743 1847 5797 iidem

252 5811 457 5874 codices
477 5809 694 5874 quinque
717 5806 925 5859 Vaticani
960 5807 1128 5874 et_duo
1146 5806 1387 5857 Gallicani.
1412 5806 1418 5807 “
1569 5871 1574 5874 _

318 5876 339 5905 ³
374 5869 684 5942 ιτιυτὶξωεξιιὲῇε
718 5879 800 5942 his.
848 5870 1060 5929 secunda
1101 5882 1244 5919 manu
1263 5878 1539 5933 correctus,
1561 5871 1611 5922 ut
1641 5869 1725 5923 illo
1756 5885 1844 5936 per

245 5949 363 5990 eam
385 5932 603 5997 remissio
625 5938 948 5997 peccatorum.

316 5997 390 6063 (a)
423 5995 580 6064 verba
599 5993 799 6065 Virgilii,
824 5994 908 6054 lib.
936 5993 995 6054 ta
1015 5994 1225 6065 sum.
1247 6007 1390 6068 vers.
1402 5994 1514 6061 889.
1531 5994 1642 6053 890.

1753 6117 1846 6135 4“-

1661 501 1864 558 LIBER
1900 499 2188 561 SEXTUS.

1987 619 2278 695 Consepulti
2312 641 2432 698 ergo
2469 643 2641 685 sumus
2660 629 2742 685 illi
2769 647 2859 702 per
2896 629 3213 701 Baptismum
3248 634 3302 690 in
3329 646 3560 693 mortem.

1983 712 2101 770 Non
2127 717 2242 772 sine
2287 719 2516 788 parvulis
2547 738 2560 775 :
2591 723 2841 792 quoniam
2875 726 3168 798 quicumque
3203 727 3443 799 baptizati
3473 747 3561 784 su-

1982 824 2096 863 mus
2129 809 2183 862 in
2215 808 2412 866 Christo
2438 810 2562 868 Iesu
2587 853 2600 878 ,
2632 815 2686 868 in
2726 826 2883 871 morte
2917 815 3057 872 illius
3085 817 3324 889 baptizati
3364 837 3558 876 sumus.

1990 899 2059 958 Ut
2085 904 2507 976 quemadmodum
2545 909 2762 963 surrexit
2800 908 3026 965 Christus
3051 927 3083 966 a
3107 913 3316 968 mortuis
3341 930 3428 984 per
3448 915 3562 984 glo-

1979 993 2112 1048 riam
2137 993 2341 1063 Patris,
2372 997 2443 1052 ita
2475 1007 2522 1053 et
2548 1015 2640 1054 nos
2665 1000 2720 1054 in
2748 1002 2967 1056 novitate
2995 1003 3109 1058 vitae
3133 1003 3462 1059 ambulemus.
3495 1005 3558 1060 Si

1979 1087 2113 1142 enim
2139 1091 2468 1161 complantati
2504 1093 2693 1164 fuimus
2725 1095 3044 1150 similitudini
3084 1098 3259 1151 mortis
3286 1099 3424 1169 ejus,
3471 1098 3560 1153 sed

1979 1190 2027 1237 et
2054 1185 2432 1239 resurrectionis
2459 1187 2664 1242 erimus.
2707 1186 2806 1244 Hic
2835 1197 2957 1244 sunt
2977 1197 3029 1244 et
3055 1190 3258 1260 parvuli
3281 1191 3558 1261 complan-

1977 1274 2071 1329 tati
2115 1274 2448 1331 similitudini
2493 1279 2681 1334 mortis
2728 1279 2864 1350 ejus.
2917 1279 3030 1336 Hoc
3077 1281 3218 1337 enim
3261 1281 3329 1338 ad
3369 1288 3557 1338 omnes

1975 1365 2206 1435 pertinet
2244 1367 2564 1438 quicumque
2601 1367 2851 1440 baptizati
2880 1385 3063 1425 sumus
3091 1371 3146 1426 in
3170 1371 3384 1427 Christo
3410 1371 3556 1428 Jesu.

1976 1457 2092 1514 Hoc
2117 1460 2325 1516 scientes
2347 1504 2361 1527 ,
2409 1463 2528 1533 quia
2557 1471 2694 1519 vetus
2723 1463 2870 1518 homo
2910 1475 3080 1519 noster
3107 1465 3260 1520 simul
3283 1467 3556 1537 cruci/imus

1973 1561 2065 1607 est.
2111 1552 2348 1621 Quorum
2394 1564 2546 1610 vetus
2586 1553 2782 1621 homo,
2828 1554 2931 1612 nisi
2975 1556 3275 1629 quicumque
3317 1557 3560 1628 baptizati

1969 1663 2145 1702 sumus
2161 1647 2212 1702 in
2229 1646 2429 1704 Christo
2453 1648 2478 1702 7
2506 1647 2603 1704 Hic
2633 1648 2810 1720 itaque
2825 1663 3178 1720 agnoscamus
3205 1657 3258 1706 et
3283 1650 3556 1721 parvulos,

1970 1741 2094 1812 quia
2120 1750 2174 1796 et
2203 1741 2347 1812 ipsos
2387 1742 2681 1813 baptizatos
2711 1757 2816 1798 non
2856 1758 3110 1814 negamus
3135 1744 3189 1798 in
3217 1741 3448 1799 Christo.
3491 1743 3561 1800 Et

1970 1829 2154 1902 utquid
2180 1831 2334 1888 simul
2363 1833 2636 1902 cruciﬁxus
2661 1841 2733 1888 est
2765 1841 2900 1888 vetus
2924 1833 3073 1888 homo
3102 1834 3311 1888 noster?
3353 1831 3421 1890 Ut
3450 1849 3559 1888 eva-

1967 1933 2143 1978 cuetur
2162 1965 2177 1990 ,
2204 1924 2375 1995 inquit
2400 1967 2415 1992 ,
2454 1942 2637 1997 corpus
2663 1927 2853 1996 peccati
2875 1969 2891 1995 ,
2924 1936 2978 1981 ut
3002 1927 3138 1981 ultra
3159 1943 3259 1982 non
3284 1927 3557 1982 serviamus

1967 2027 2194 2090 peccato.
2229 2017 2452 2089 PrOpter
2473 2018 2576 2073 hoc
2600 2033 2795 2089 corpus
2833 2019 3068 2089 peccati,
3108 2019 3254 2074 misit
3292 2019 3430 2074 Deus
3469 2019 3560 2076 Fi-

1967 2107 2098 2164 lium
2128 2125 2282 2165 suum
2311 2110 2362 2164 in
2400 2110 2749 2166 similitudine
2792 2111 2967 2166 carnis
2995 2111 3200 2182 peccati
3227 2110 3404 2182 (Rom.
3434 2127 3552 2180 vm,

1966 2201 2046 2273 5).
2090 2201 2205 2269 Qua
2248 2202 2407 2273 igitur
2439 2201 2764 2274 impudentia
2801 2217 3058 2274 negamus
3095 2204 3256 2259 etiam
3298 2204 3549 2276 parvulos

1966 2307 2164 2364 corpus
2193 2292 2392 2350 habere
2420 2295 2623 2364 peccati
2647 2335 2663 2361 ,
2695 2310 2816 2349 cum
2848 2295 2951 2349 hoc
2971 2294 3112 2365 quod
3136 2295 3284 2362 dicit,
3314 2297 3555 2351 omnium

1965 2383 2037 2440 sit
2065 2385 2382 2454 quicumque
2420 2383 2670 2454 baptizati
2700 2399 2884 2440 sumus
2910 2385 2963 2440 in
2992 2385 3248 2440 Christo?
3297 2386 3395 2453 Qui
3421 2384 3556 2442 enim

1965 2484 2192 2529 mortuus
2218 2483 2292 2529 est
2313 2515 2328 2543 ,
2364 2476 2681 2547 justiﬁcatus
2707 2485 2782 2530 est
2811 2492 2843 2529 a
2873 2486 3094 2546 peccato.
3143 2474 3204 2532 Si
3227 2486 3392 2530 autem
3421 2493 3557 2532 mor-

1966 2568 2041 2620 tui
2067 2583 2239 2621 sumus
2267 2583 2382 2620 cum
2407 2565 2626 2631 Christe,
2655 2566 2904 2622 credimus
2927 2568 3045 2638 quia
3064 2568 3215 2622 simul
3236 2567 3388 2621 etiam
3413 2569 3547 2623 vive-

1965 2673 2080 2711 mus
2113 2673 2228 2710 cum
2269 2655 2510 2724 Christo;
2553 2665 2763 2712 scientes
2802 2659 2922 2728 quia
2967 2657 3197 2715 Christus
3237 2675 3452 2732 surgens
3491 2674 3556 2714 ea:

1965 2749 2176 2804 mortuis
2205 2750 2320 2820 jam
2349 2765 2451 2803 non
2485 2749 2731 2816 moritur,
2780 2765 2916 2804 mors
2943 2749 2990 2804 ei
3014 2751 3150 2804 ultra
3185 2766 3288 2804 non
3317 2751 3555 2806 domina-

1963 2843 2117 2897 bitur.
2147 2842 2297 2907 Quod
2326 2843 2458 2897 enim
2481 2852 2710 2898 mortuus
2740 2852 2813 2898 est
2849 2852 3082 2914 peccato,
3115 2853 3343 2900 mortuus
3368 2851 3438 2900 est
3468 2861 3553 2900 se-

1965 2935 2064 2989 mel
2091 2951 2110 2989 :
2134 2934 2270 3006 quod
2306 2945 2473 2990 autem
2497 2937 2652 3003 vivit,
2683 2935 2800 2991 vivit
2828 2934 2955 2993 Deo.
3002 2935 3090 2991 Ita
3116 2945 3161 2992 et
3197 2953 3283 2992 vos
3305 2978 3320 3005 ,
3358 2937 3550 3008 inquit,

1962 3027 2246 3082 existimate
2271 3044 2356 3082 vos
2403 3038 2628 3085 mortuos
2655 3046 2760 3085 esse
2791 3039 2992 3100 peccato
3008 3045 3030 3096 ;
3071 3031 3230 3084 vivere
3253 3039 3421 3084 autem
3450 3029 3556 3087 Deo

1963 3117 2020 3173 in
2045 3117 2245 3174 Christo
2282 3119 2428 3176 Jesu.
2475 3119 2680 3186 Quibus
2704 3120 2807 3177 hoc
2831 3121 2998 3178 dicit?
3040 3122 3333 3194 evigilasne
3350 3163 3367 3190 ,
3394 3128 3449 3178 et
3477 3129 3558 3177 at-

1963 3209 2180 3265 tendis?
2225 3209 2317 3266 Eis
2344 3211 2526 3282 utique
2553 3212 2746 3283 quibus
2773 3212 3015 3278 dicebat,
3061 3212 3124 3268 Si
3161 3222 3331 3269 autem
3367 3213 3556 3270 mortui

1960 3317 2138 3356 sumus
2158 3319 2274 3356 cum
2303 3301 2523 3359 Christo.
2569 3303 2642 3360 Et
2673 3305 2764 3376 qui
2789 3312 2914 3360 sunt
2937 3303 2992 3358 hi
3017 3345 3032 3371 ,
3061 3305 3164 3360 nisi
3190 3306 3382 3377 quibus
3405 3303 3556 3362 dixe-

1964 3402 2080 3459 rat,
2123 3391 2274 3448 Vetus
2304 3393 2454 3449 homo
2482 3404 2650 3450 noster
2677 3395 2828 3450 simul
2846 3396 3120 3466 cruciﬁxus
3145 3406 3235 3463 est,
3268 3405 3324 3451 ut
3349 3411 3556 3452 evacua-

1963 3491 2050 3538 tur
2076 3501 2260 3557 corpus
2288 3487 2526 3558 peccati?
2568 3486 2671 3542 nisi
2705 3487 2896 3558 quibus
2921 3486 3167 3557 dixerat,
3210 3487 3554 3562 Complantati

1962 3591 2141 3631 sumus
2186 3577 2508 3633 similitudini
2540 3579 2714 3634 mortis
2753 3579 2901 3650 ejus?
2940 3579 3042 3634 nisi
3087 3579 3280 3652 quibus
3321 3579 3551 3650 dixerat,

1961 3667 2260 3743 Consepulti
2293 3689 2469 3728 sumus
2509 3689 2628 3746 ergo
2654 3672 2730 3728 illi
2769 3689 2857 3743 per
2886 3671 3204 3744 Baptismum
3227 3673 3279 3728 in
3305 3675 3555 3730 mortem?

1963 3763 2034 3819 Et
2059 3765 2163 3821 hoc
2182 3766 2375 3838 quibus
2394 3809 2410 3836 ,
2438 3767 2523 3823 vel
2549 3766 2616 3823 de
2641 3763 2834 3838 quibus
2859 3765 3107 3836 dixerat,
3137 3767 3255 3839 lege
3275 3768 3552 3840 superiora

1963 3859 2147 3927 verba,
2171 3859 2364 3930 quibus
2391 3859 2508 3916 haec
2531 3867 2718 3916 cuncta
2744 3874 2985 3917 connexa
3010 3867 3164 3927 sunt,
3200 3868 3254 3916 et
3278 3859 3550 3916 invenies:

1963 3951 2046 4005 An
2093 3951 2338 4021 ignoratis
2389 3951 2629 4028 quoniam
2667 3951 2969 4022 quicumque
3006 3951 3248 4022 baptizati
3283 3968 3455 4007 sumus
3497 3951 3552 4008 in

1963 4040 2165 4098 Christo
2200 4039 2327 4096 Iesu
2350 4082 2366 4111 ,
2393 4041 2447 4097 in
2476 4051 2635 4098 morte
2655 4043 2793 4098 illius
2823 4042 3061 4115 haptizati
3087 4045 3305 4099 sumus?
3333 4043 3402 4099 Et
3428 4058 3551 4101 cum

1961 4133 2063 4191 hoc
2083 4135 2286 4192 diceret
2316 4135 2355 4204 ί,
2383 4136 2612 4208 probare
2637 4136 2762 4208 quid
2791 4136 2994 4192 voluit?
3035 4137 3175 4209 Lege
3198 4137 3370 4194 adhuc
3394 4139 3552 4208 paulo

1960 4229 2207 4302 superius
2228 4271 2243 4296 ,
2274 4237 2328 4285 et
2343 4230 2602 4287 invenies
2635 4247 2649 4285 :
2683 4229 2746 4286 Si
2766 4230 2952 4285 mortui
2980 4246 3151 4284 sumus
3172 4240 3396 4301 peccato,
3427 4247 3554 4302 quo-

1960 4322 2113 4378 modo
2146 4323 2366 4378 vivemus
2393 4323 2448 4378 in
2476 4324 2578 4379 eo?
2616 4323 2725 4381 Aut
2753 4339 2880 4396 ergo
2915 4322 3184 4395 agnoscite
3213 4323 3465 4395 parvulos
3494 4325 3549 4380 in

1960 4413 2284 4485 Baptismate
2300 4422 2542 4471 mortuos
2562 4429 2682 4471 esse
2704 4423 2942 4486 peccato,
2959 4423 3014 4471 et
3037 4414 3273 4471 fatemini
3295 4414 3551 4474 habuisse

1957 4505 2044 4561 cui
2072 4514 2409 4562 morerentur
2437 4507 2692 4579 originale
2715 4514 2991 4578 peccatum
3027 4525 3041 4562 :
3066 4514 3160 4563 aut
3182 4515 3368 4580 aperte
3388 4507 3550 4565 dicite

1958 4613 2068 4655 non
2099 4614 2194 4656 eos
2219 4599 2274 4655 in
2301 4611 2476 4656 morte
2501 4598 2697 4656 Christi
2718 4600 3036 4672 baptizatos,
3063 4614 3184 4656 cum
3211 4599 3550 4671 baptizaren-

1958 4698 2047 4747 tur
2081 4691 2135 4746 in
2168 4690 2417 4758 Christo;
2462 4700 2518 4748 et
2558 4692 2871 4762 Apostolum
2918 4691 3180 4748 mendacii
3221 4692 3546 4765 redarguite,

1958 4783 2224 4840 dicentem
2239 4826 2253 4852 ,
2287 4785 2602 4856 Quicumque
2625 4785 2865 4857 baptizati
2896 4801 3071 4841 sumus
3096 4784 3148 4840 in
3172 4784 3373 4842 Christo
3397 4785 3545 4857 Iesu,

1955 4878 2012 4934 in
2038 4889 2197 4934 morte
2214 4877 2356 4934 illius
2387 4879 2628 4949 baptizati
2655 4895 2845 4934 sumus.

2028 4972 2116 5028 14.
2159 4970 2273 5041 Ego
2307 4969 2424 5026 haec
2465 4985 2610 5026 arma
2645 4970 2883 5026 cmlestia
2905 5011 2922 5040 ,
2958 4986 3081 5043 quae
3116 4970 3338 5028 vincunt
3365 4970 3544 5031 Coale-

1955 5063 2115 5120 stium
2139 5107 2154 5134 ,
2193 5081 2300 5121 non
2335 5065 2546 5120 dimitto
2577 5081 2590 5118 :
2619 5064 2703 5119 bis
2736 5063 2894 5120 fidem
2931 5081 3105 5120 meam
3136 5080 3549 5140 sermonemque

1954 5157 2252 5213 committo.
2299 5159 2627 5228 Argumenta
2657 5171 2775 5226 qua:
2814 5155 3082 5226 profertis,
3122 5157 3352 5214 humana
3378 5167 3543 5215 sunt:

1954 5249 2072 5306 hcce
2112 5249 2440 5305 munimenta
2483 5249 2660 5318 divipa
2700 5256 2846 5304 sunt.
2899 5247 3106 5304 Delicta
3153 5251 3264 5322 quis
3311 5249 3548 5322 intelligit

1953 5339 2126 5412 (Psal.
2158 5356 2323 5408 xvut,
2358 5339 2491 5404 i5)?
2531 5337 2798 5412 Numquid
2835 5340 2958 5396 ideo
2996 5340 3188 5397 delicta
3235 5355 3342 5395 non
3379 5341 3545 5397 sunt?

1953 5433 2029 5489 Ita
2056 5441 2111 5489 et
2147 5431 2405 5503 originale
2433 5431 2687 5488 delictum
2713 5431 2855 5503 quod
2889 5432 2944 5487 in
2972 5439 3192 5503 parente
3226 5441 3546 5501 regenerato

1951 5525 2242 5582 remittitur
2261 5567 2275 5590 ,
2298 5533 2354 5580 et
2381 5535 2556 5581 tamen
2582 5525 2772 5580 transit
2797 5525 2850 5579 in
2877 5523 3116 5595 prolem,
3150 5531 3203 5578 et
3231 5533 3413 5586 manet
3439 5523 3544 5580 nisi

1951 5629 2007 5676 et
2049 5621 2162 5691 ipsa
2208 5627 2586 5692 regeneratur,
2637 5618 2756 5689 quis
2799 5615 3082 5686 intelligit?
3123 5614 3391 5687 Numquid
3421 5616 3544 5674 ideo

1951 5731 2060 5773 non
2086 5722 2169 5772 est
2194 5713 2487 5771 delictum?
2510 5710 2654 5768 Unus
2674 5726 2768 5784 pro
2795 5710 3023 5767 omnibus
3047 5718 3272 5766 mortuus
3295 5719 3389 5778 est,
3421 5727 3544 5784 ergo
3608 5707 3611 5710 ’

1951 5826 2123 5868 omnes
2151 5809 2335 5864 mortui
2373 5816 2507 5864 sunt.
2553 5806 2670 5876 Quo
2697 5803 2860 5862 corde
2878 5845 2895 5875 ,
2927 5818 3034 5876 quo
3060 5819 3153 5865 ore
3176 5846 3193 5878 ,
3223 5819 3326 5881 qua
3366 5805 3545 5864 fronte

2017 5979 2878 6077 ιωωωωιεδοιοιυιιεοοβενα.
3240 6053 3242 6055 >
3498 5973 3555 6081 ,ξ
