4022 6506
517 417 620 476 851

519 533 770 609 parvulos
797 533 1037 587 mortuos
1059 527 1283 599 negatis,
1315 541 1414 597 pro
1434 524 1626 596 quibus
1647 521 1918 577 Christum
1957 533 2107 572 mor-

525 635 672 682 tuum
699 639 804 681 non
830 621 1074 694 negatis?
1119 620 1176 676 Si
1201 635 1308 675 non
1344 627 1426 674 est
1464 631 1562 688 pro
1587 615 1664 670 eis
1693 613 1936 668 Christus
1962 625 2108 666 mor-

527 728 648 774 tuus
669 757 683 781 ,
713 713 896 786 utquid
936 711 1309 784 haptizantur?
1357 709 1669 777 Quicumque
1710 704 1840 760 enim
1869 701 2111 773 baptizati

524 824 696 864 simius
724 807 777 859 in
802 803 1000 861 Christo
1029 803 1157 858 Jesu
1176 845 1191 869 ,
1220 804 1274 856 in
1299 809 1458 854 morte
1480 799 1619 853 illius
1647 793 1888 866 baptizati
1913 808 2105 847 sumus.

523 901 581 956 Si
624 907 800 956 autem
840 899 1001 954 etiam
1031 913 1130 969 pro
1168 897 1248 951 eis
1276 902 1516 950 mortuus
1556 898 1674 956 est,
1723 888 1816 960 qui
1851 903 1988 942 unus
2015 899 2111 956 pro

523 993 772 1047 omnibus
806 999 1046 1047 mortuus
1084 997 1200 1056 est;
1245 1003 1371 1059 ergo
1408 985 1603 1042 mortui
1633 990 1757 1038 sunt
1780 989 1838 1036 et
1873 979 1959 1036 isti
1987 995 2110 1034 cum

526 1085 792 1140 omnibus.
821 1084 890 1138 Et
917 1084 1039 1153 quia
1071 1083 1122 1137 in
1163 1090 1380 1152 peccato
1409 1077 1602 1135 mortui
1631 1083 1788 1142 sunt,
1817 1074 2116 1129 moriuntur

529 1183 585 1230 et
610 1182 829 1245 peccato
851 1182 908 1228 ut
928 1173 1108 1227 vivant
1133 1173 1261 1238 Deo,
1288 1170 1499 1242 quando
1523 1175 1873 1224 renascuntur
1891 1181 1955 1221 ex
1979 1166 2110 1220 Deo.

529 1265 682 1333 Quod
712 1265 757 1319 si
783 1265 1048 1335 explicare
1082 1280 1188 1318 non
1232 1263 1428 1334 possim
1477 1259 1741 1332 quomodo
1767 1259 1918 1313 vivus
1948 1271 2114 1328 gene-

530 1364 616 1411 ret
638 1364 900 1411 mortuum
924 1357 1188 1425 (mortuus
1211 1353 1352 1408 enim
1375 1360 1594 1423 peccato
1617 1365 1830 1421 parens,
1852 1357 1908 1404 et
1930 1348 2116 1402 vivens

533 1448 675 1516 Deo,
702 1455 923 1518 generat
948 1455 1124 1502 tamen
1145 1447 1199 1500 in
1226 1452 1442 1516 peccato
1470 1451 1740 1498 mortuum
1761 1480 1777 1508 ,
1804 1440 1906 1495 nisi
1926 1449 1980 1494 et
2005 1440 2118 1509 ipse

533 1549 753 1612 peccato
777 1540 1180 1610 regeneratione
1203 1538 1480 1604 moriatur,
1509 1545 1565 1593 et
1596 1535 1738 1590 vivat
1766 1530 1934 1606 Deo);
1967 1547 2120 1587 num-

534 1630 661 1703 quid
706 1630 826 1686 ideo
865 1631 1058 1685 falsum
1098 1640 1215 1696 est,
1259 1631 1385 1700 quia
1424 1627 1682 1698 explicari
1708 1625 1885 1681 verbis
1905 1623 1988 1679 vel
2012 1637 2121 1678 non

535 1729 750 1794 potest,
795 1722 877 1776 vel
921 1720 1233 1776 difﬁcillime
1272 1720 1482 1791 potest?
1528 1718 1606 1772 Tu
1648 1732 1815 1788 nega,
1860 1715 1905 1770 si
1933 1712 2118 1777 audes,

535 1823 720 1871 natum
747 1823 1014 1870 mortuum
1035 1855 1050 1879 ,
1095 1829 1192 1884 pro
1220 1828 1326 1882 quo
1353 1812 1622 1868 Christum
1647 1825 1754 1864 non
1782 1822 1946 1878 negas
1971 1821 2120 1861 mor-

538 1913 709 1962 tuum.
742 1903 884 1961 Unus
914 1904 1054 1960 enim
1073 1922 1164 1975 pro
1185 1903 1414 1958 omnibus
1433 1912 1656 1957 mortuus
1677 1910 1748 1956 est
1770 1919 1790 1967 ;
1819 1916 1936 1971 ergo
1953 1914 2124 1953 omnes

541 1997 728 2051 mortui
765 2005 882 2050 sunt
912 1995 980 2067 (ll
1012 1994 1128 2049 Cor.
1152 2011 1186 2048 v
1208 2035 1221 2062 ,
1255 1993 1367 2065 14).
1419 1992 1596 2048 Verba
1638 2000 1762 2046 sunt
1795 1989 2122 2060 apostolica;

540 2089 634 2145 sed
678 2105 825 2144 arma
863 2097 987 2144 sunt
1028 2095 1207 2142 nostra
1231 2128 1245 2152 ,
1298 2086 1488 2156 quibus
1532 2093 1706 2138 tamen
1743 2083 1788 2137 si
1828 2095 2126 2152 repugnare

541 2180 711 2244 nolis,
764 2179 1018 2250 intelligis
1066 2177 1208 2248 quod
1257 2177 1374 2231 sine
1423 2174 1752 2232 dubitatione
1800 2171 2126 2228 credendum

544 2280 626 2327 est
652 2271 811 2324 etiam
837 2269 883 2324 si
905 2286 1009 2324 non
1040 2268 1322 2338 intelligas.
1356 2267 1526 2322 llomo
1552 2266 1694 2320 enim
1720 2265 1812 2335 qui
1838 2263 2128 2334 spirituali-

543 2370 626 2417 ter
662 2371 818 2416 natus
838 2402 854 2428 ,
880 2361 1164 2416 carnaliter
1189 2361 1388 2432 gignit,
1419 2368 1704 2429 utrumque
1734 2356 1896 2414 habet
1919 2371 2124 2424 semen,

544 2461 596 2508 et
624 2452 920 2506 immortale
945 2451 1086 2507 unde
1107 2467 1165 2507 se
1183 2451 1412 2522 gaudeat
1437 2449 1636 2516 vivum,
1663 2458 1718 2504 et
1742 2449 1966 2505 mortale
1989 2448 2130 2504 unde

543 2555 762 2615 generet
793 2557 1082 2599 mortuum.
1115 2545 1211 2600 Cui
1239 2543 1556 2600 vivificando
1578 2543 1724 2597 nullo
1754 2543 1914 2597 modo
1939 2557 2129 2597 neces-

543 2636 686 2692 saria
717 2635 914 2691 Christi
957 2651 1102 2690 mors
1141 2645 1316 2700 esset,
1361 2635 1462 2689 nisi
1510 2643 1752 2689 mortuus
1782 2640 1937 2689 natus
1961 2640 2128 2688 esset.

551 2724 698 2781 Unus
717 2725 858 2780 enim
881 2742 973 2797 pro
999 2725 1230 2780 omnibus
1257 2733 1481 2780 mortuus
1510 2734 1615 2790 est;
1651 2741 1769 2796 ergo
1791 2740 1961 2778 omnes
1988 2740 2129 2778 mor-

548 2819 623 2871 tui
651 2828 785 2872 sunt.
816 2817 925 2872 Nec
952 2833 1043 2874 eos
1077 2818 1143 2872 de
1172 2817 1272 2872 ista
1300 2826 1471 2872 morte
1501 2816 1774 2881 excitatis,
1808 2831 1943 2886 quos
1982 2831 2130 2870 mor-

546 2917 668 2965 tuos
710 2925 815 2964 non
851 2925 970 2966 esse
996 2909 1236 2964 clamatis
1270 2927 1282 2961 :
1315 2908 1409 2964 sed
1445 2923 1514 2963 ne
1551 2907 1731 2961 vivant
1755 2907 1930 2976 potius
1964 2906 2132 2976 impo-

554 3001 712 3068 ditis,
763 3001 973 3070 quando
1008 3001 1062 3055 in
1092 3015 1277 3055 eorum
1317 2998 1623 3070 parentibus
1651 2997 1809 3052 fidem
1831 3039 1846 3065 ,
1895 3013 1998 3068 qua
2027 3012 2133 3052 una

550 3100 777 3163 possunt
796 3091 1111 3147 reviviscere
1126 3132 1140 3157 ,
1179 3090 1460 3161 impiorum
1481 3098 1910 3160 argumentorum
1927 3089 2133 3144 machi-

549 3184 635 3240 nis
665 3184 1001 3254 oppugnatis.

623 3275 845 3332 CAPUT
860 3275 925 3330 Ἦ
941 3275 1112 3349 (a).-—
1134 3274 1219 3332 15.
1238 3274 1341 3332 Sed
1358 3275 1469 3346 jam
1481 3275 1757 3331 veniamus
1776 3274 1842 3330 ad
1871 3275 2134 3346 prolixam

557 3376 612 3423 ct
642 3383 922 3438 operosam
963 3367 1375 3438 disputationem
1406 3377 1587 3436 tuam,
1637 3383 1740 3438 qua
1784 3367 1946 3435 illud,
1992 3367 2136 3438 quod

553 3461 1053 3530 quantulaecumque
1098 3459 1458 3515 similitudinis
1497 3459 1665 3529 gratia
1705 3459 1759 3514 in
1801 3474 1860 3514 re
1899 3459 1966 3514 ad
2008 3475 2136 3529 per-

553 3551 884 3622 spiciendum
923 3551 1156 3616 diflicili,
1194 3549 1553 3606 adhibendum
1590 3549 1770 3619 putavi
1801 3547 1902 3619 (De
1924 3547 2137 3620 Nuptiis

553 3651 600 3696 et
621 3639 1056 3711 Concupisceutia,
1087 3640 1174 3694 lib.
1202 3641 1255 3706 1,
1286 3658 1340 3694 n.
1368 3640 1482 3712 21),
1513 3639 1581 3695 de
1599 3640 1715 3694 olea
1743 3639 1967 3705 scilicet,
1995 3639 2138 3711 quod

555 3739 672 3808 ejus
707 3753 890 3793 semen
918 3739 1204 3808 degeneret
1230 3737 1282 3792 in
1309 3737 1632 3803 oleastrum,
1662 3735 1895 3791 refutare
1924 3736 2138 3791 molitus

556 3847 617 3887 es
648 3849 660 3886 :
684 3832 831 3902 prius
851 3830 1140 3896 affirmans,
1178 3848 1196 3882 ‹
1226 3829 1366 3900 quod
1395 3829 1446 3885 ei
1472 3830 1548 3884 rei
1574 3845 1692 3898 quae
1722 3845 1816 3899 per
1844 3844 1902 3884 se
1927 3828 2139 3884 defendi

559 3940 667 3979 non
695 3931 908 3994 potest,
957 3923 1088 3977 nihil
1129 3921 1485 3993 suffragentur
1512 3922 1774 3994 exempla.
1808 3940 1829 3974 ›
1879 3921 1985 3976 Cur
2011 3936 2139 3993 ergo

555 4017 872 4086 Apostolus,
919 4031 1042 4072 mox
1072 4025 1128 4070 ut
1165 4015 1441 4087 proposuit
1480 4016 1828 4085 quaestionem
1873 4014 2140 4086 quomodo

560 4116 841 4178 resurgant
865 4107 1095 4170 mortui,
1141 4123 1247 4178 quo
1274 4116 1449 4162 autem
1479 4120 1704 4177 corpore
1738 4108 1982 4174 veniant,
2007 4121 2141 4161 con-

556 4198 704 4253 tinuo
747 4213 858 4252 rem
907 4197 1226 4267 incognitam
1268 4208 1322 4252 et
1364 4198 1696 4268 inexpertam
1729 4197 1979 4268 exemplo
2017 4211 2144 4267 pro-

555 4288 688 4344 bare
712 4289 960 4359 suscepit,
988 4289 1279 4359 adjungens
1297 4330 1311 4354 ,
1347 4289 1534 4356 Stulte,
1559 4298 1612 4342 tu
1631 4288 1766 4360 quod
1791 4291 2009 4344 seminas
2041 4304 2143 4342 non

555 4381 852 4450 vivi/icatur,
886 4383 982 4435 nisi
1005 4383 1022 4414 ¹
1050 4382 1295 4436 moriatur
1316 4381 1382 4454 (ll
1418 4382 1535 4437 Cor.
1559 4397 1656 4447 xv,
1679 4380 1794 4454 56),
1826 4382 1968 4436 etc.?
1989 4379 2144 4449 Quod

556 4473 768 4545 quidem
795 4473 1094 4544 exemplum
1115 4481 1167 4529 et
1193 4473 1314 4528 huic
1334 4474 1412 4528 rei
1443 4488 1543 4542 qua
1571 4472 1635 4528 de
1654 4473 1845 4544 agitur,
1875 4488 1979 4527 non
1997 4471 2144 4527 omni

558 4565 718 4620 modo
750 4571 833 4619 est
858 4565 1252 4620 inconveniens.
1292 4564 1557 4635 Purgatur
1584 4565 1725 4618 enim
1753 4579 1782 4618 a
1813 4565 1965 4634 palea
2005 4565 2141 4619 triti-

557 4672 701 4723 cum,
733 4657 869 4711 sicut
893 4657 1051 4711 homo
1077 4673 1106 4710 a
1127 4667 1367 4726 peccato,
1393 4667 1447 4712 et
1477 4666 1651 4711 tamen
1674 4656 1798 4712 inde
1828 4671 1949 4711 cum
1981 4655 2138 4726 palea

558 4749 794 4803 nascitur
816 4749 1062 4802 alterum.

632 4837 721 4892 16.
767 4836 902 4905 Quid
946 4846 1028 4891 est
1063 4845 1239 4891 autem
1269 4837 1410 4907 quod
1435 4837 1501 4893 de
1531 4837 1799 4893 crocodilo
1826 4837 2004 4892 dicere
2046 4853 2145 4892 vo-

559 4926 702 4981 luisti
729 4967 744 4993 ,
788 4944 806 4978 (
838 4927 1009 4982 solum
1035 4941 1155 4982 esse
1189 4926 1240 4980 in
1271 4928 1514 4983 omnibus
1540 4929 1857 4982 animalibus
1880 4970 1892 4993 ,
1927 4929 2014 4983 cui
2049 4945 2146 4984 su-

561 5018 806 5089 periores
852 5021 1188 5075 mandibulas
1240 5021 1441 5077 moveri
1489 5021 1714 5076 Albinus
1765 5020 2036 5086 afﬁrmat;
2091 5029 2147 5076 et

561 5111 759 5182 ignem,
790 5127 909 5165 cum
939 5112 1006 5166 sit
1035 5113 1281 5166 omnibus
1306 5112 1502 5180 exitio,
1527 5111 1878 5167 salamandrre
1908 5127 2026 5167 esse
2058 5113 2144 5167 lu-

562 5203 770 5258 dibrio?
804 5221 824 5256 ι
883 5203 1069 5259 Nonne
1113 5203 1214 5259 ista
1259 5213 1441 5258 contra
1490 5218 1586 5259 vos
1633 5204 1808 5274 potius
1853 5205 2143 5274 protulisti,

562 5293 773 5364 quando
799 5295 1066 5349 invenitur
1092 5293 1287 5364 aliquid
1317 5294 1456 5348 unde
1485 5303 1809 5349 monstretur
1833 5310 1953 5352 esse
1983 5298 2148 5365 possi-

563 5383 670 5439 bile
699 5385 838 5455 quod
859 5385 1176 5456 generaliter
1197 5385 1488 5456 negabatur
1507 5385 1532 5439 ?
1551 5385 1681 5440 Cum
1709 5401 1835 5456 ergo
1864 5401 1959 5440 vos
1984 5403 2148 5456 gene-

563 5476 748 5531 raliter
767 5477 1102 5548 negaveritis,
1125 5491 1284 5546 posse
1309 5477 1586 5547 gignentes
1610 5479 1663 5531 in
1681 5477 1881 5546 prolem
1902 5477 2146 5547 trajicere

563 5565 705 5636 quod
735 5582 839 5621 non
867 5567 1061 5622 habent
1089 5567 1226 5636 ipsi;
1273 5567 1317 5622 si
1346 5567 1501 5622 fuerit
1525 5569 1796 5623 inventum
1836 5569 1976 5639 quod
2017 5585 2145 5639 pos-

564 5659 634 5714 sit
658 5658 761 5714 hoc
790 5657 985 5724 facere,
1015 5659 1085 5712 ita
1109 5659 1458 5728 superamini,
1482 5660 1617 5714 sicut
1644 5659 1732 5715 ille
1756 5661 1843 5729 qui
1873 5661 2080 5715 dixerat
2097 5663 2141 5727 ¹,

627 5773 752 5841 {me
767 5771 882 5821 editi
899 5769 1098 5841 addunt,
1115 5769 1268 5841 prius.
1280 5775 1469 5841 abesta
1491 5775 1823 5841 manuscriptis
1846 5781 1898 5826 et
1914 5788 1942 5825 a
1963 5789 2140 5841 graeco.

628 5837 652 5868 ³
683 5834 878 5897 ΔΛιὶαιιρι
897 5839 1028 5894 uss,
1050 5831 1130 5883 hic
1151 5833 1366 5897 et_infra,
1388 5833 1588 5888 dixerit.

628 5895 701 5959 ta)
732 5894 864 5958 apud
884 5905 984 5946 Am.
1021 5900 1074 5946 et
1094 5901 1188 5959 an,
1206 5894 1253 5946 δ.

1328 404 1602 465 CONTRA
1637 400 1978 462 JULIANUM
2015 397 2480 465 PELACIANUM,
2511 397 2571 456 S.
2611 397 2974 457 AUGUSTINI

3691 400 3827 463 83!

2217 530 2323 571 non
2350 529 2506 586 posse
2525 513 2771 570 animalia
2793 515 2893 570 nisi
2910 512 3189 570 inferiores
3205 526 3420 570 movere
3438 513 3820 588 mandibulas,

2215 611 2430 666 invento
2458 610 2730 666 crocodilo
2758 611 2875 665 sine
2903 609 3247 680 ambiguitate
3275 619 3559 680 superatur
3586 628 3602 679 ;
3631 621 3688 668 et
3715 613 3824 683 qui

2215 703 2423 760 dixerat
2451 703 2655 759 nullum
2683 702 2878 758 animal
2919 703 2972 756 in
3017 702 3140 773 igne
3166 701 3350 758 vivere
3371 741 3388 770 ,
3437 701 3822 783 demonstrato

2217 795 2360 866 quod
2405 795 2474 852 de
2522 793 2860 851 salamandra
2907 793 3252 864 perhibetur,
3304 794 3423 850 sine
3464 795 3823 866 ambiguitate

2216 889 2568 945 convincitur.
2618 888 2755 945 Cum
2783 889 2940 959 igitur
2967 887 3161 942 delinis
3205 905 3226 940 ‹
3263 889 3523 944 naturalia
3543 905 3639 960 per
3665 890 3822 946 acci-

2217 980 2352 1038 dens
2374 998 2479 1038 non
2506 982 2782 1048 converti;
2819 1001 2838 1034 ι
2870 982 2918 1037 si
2943 980 3028 1037 vel
3057 996 3194 1037 unus
3231 982 3497 1052 quispiam
3538 982 3702 1038 fuerit
3725 984 3820 1038 in-

2218 1073 2444 1141 ventus,
2472 1075 2565 1144 qui
2595 1076 2815 1130 vitiatus
2833 1074 3011 1145 aliquo
3035 1089 3165 1130 msu
3185 1089 3308 1130 cum
3333 1074 3529 1130 eodem
3557 1075 3690 1132 vitio
3716 1092 3820 1146 ge-

2221 1167 2398 1224 nuerit
2447 1167 2650 1236 filium,
2707 1166 3012 1238 factumque
3064 1166 3137 1220 sit
3184 1166 3322 1236 proli
3378 1168 3620 1223 naturale
3671 1167 3822 1239 quod

2219 1259 2428 1330 parenti
2447 1259 2694 1315 accidens
2717 1258 2814 1313 fuit
2837 1275 2854 1324 ;
2883 1273 3076 1327 nempe
3097 1266 3185 1312 tua
3206 1256 3445 1313 deﬁnitio
3469 1258 3570 1314 ista
3599 1258 3820 1314 {rustra-

2219 1349 2384 1405 bitur.
2433 1349 2562 1405 Item
2593 1365 2713 1405 cum
2753 1349 2980 1416 definis,
3033 1366 3053 1400 ‹
3081 1357 3356 1419 parentem
3395 1349 3537 1420 quod
3567 1350 3686 1421 ipse
3709 1365 3820 1407 non

2224 1442 2428 1508 habet,
2478 1443 2530 1498 in
2577 1458 2728 1498 suam
2770 1443 2978 1512 prolem
3019 1457 3125 1497 non
3165 1457 3323 1512 posse
3368 1445 3755 1512 transmittere,
3788 1463 3814 1499 ι

2223 1551 2402 1590 nonne
2422 1535 2661 1590 deﬁnitio
2690 1535 2850 1590 etiam
2877 1534 2978 1590 ista
2999 1533 3323 1600 destruetur,
3353 1550 3478 1590 cum
3503 1536 3596 1590 tibi
3615 1535 3822 1592 fuerint

2225 1629 2575 1684 demonstrati
2598 1627 2705 1680 nati
2728 1626 2972 1681 homines
3001 1625 3361 1696 integerrimis
3384 1628 3636 1683 omnibus
3659 1643 3822 1684 mem-

2227 1721 2338 1776 bris
2366 1735 2433 1775 ex
2466 1721 2550 1774 his
2587 1718 2898 1789 parentibus
2924 1761 2939 1785 ,
2982 1719 3074 1789 qui
3117 1719 3374 1775 nonnulla
3413 1720 3655 1776 membra
3702 1735 3825 1790 per-

2224 1810 2502 1866 diderant?
2527 1810 2887 1865 Audiebamus
2915 1825 2943 1862 a
2971 1809 3264 1878 majoribus
3289 1811 3518 1877 nostris,
3557 1812 3650 1881 qui
3677 1825 3740 1866 se
3766 1810 3823 1867 id

2227 1918 2386 1960 nosse
2422 1919 2486 1959 ac
2515 1903 2709 1958 vidisse
2754 1903 3040 1970 dicebant,
3085 1902 3416 1958 Fundanium
3443 1905 3459 1936 ¹
3482 1903 3826 1976 Carthaginis

2227 1994 2522 2061 rhetorem,
2561 2009 2683 2050 cum
2717 1993 2830 2065 ipse
2876 1994 3135 2049 accidenti
3157 1994 3286 2049 vitio
3309 1995 3484 2050 luscus
3509 2003 3697 2061 esset,
3732 1996 3827 2052 lu-

2227 2101 2379 2142 scum
2415 2087 2578 2140 lilium
2619 2101 2948 2154 procreasse.
2994 2085 3110 2154 Quo
3151 2085 3388 2156 exemplo
3427 2085 3692 2142 evertitur
3725 2087 3828 2143 illa

2231 2186 2319 2233 tua
2349 2178 2633 2242 sententia,
2664 2193 2766 2248 qua
2791 2177 2941 2242 dicis,
2980 2195 3000 2230 ι
3038 2177 3297 2232 naturalia
3319 2192 3410 2246 per
3434 2175 3685 2233 accidens
3713 2193 3829 2233 non

2229 2272 2488 2328 converti.
2525 2289 2543 2324 ι
2589 2269 2852 2326 Accidens
2890 2271 3087 2342 quippe
3116 2271 3212 2324 fuit
3247 2271 3303 2325 in
3337 2277 3522 2340 patre,
3565 2269 3711 2341 quod
3746 2271 3830 2325 fa-

2230 2374 2375 2422 ctum
2403 2375 2486 2421 est
2523 2366 2575 2420 in
2615 2366 2722 2420 ﬁlio
2751 2365 3011 2420 naturale.
3059 2364 3207 2420 Illam
3245 2380 3373 2421 vero
3401 2365 3623 2419 alteram
3653 2405 3670 2431 ,
3721 2380 3828 2434 qua

2232 2456 2408 2511 dicitis
2435 2496 2450 2522 ,
2507 2473 2527 2507 ι
2560 2464 2808 2526 parentes
2854 2456 2907 2510 in
2937 2455 3077 2510 ﬁlios
3103 2471 3164 2510 ea
3195 2471 3315 2525 quae
3354 2470 3461 2511 non
3490 2453 3688 2510 habent
3723 2455 3828 2525 ipsi

2239 2563 2344 2604 non
2373 2564 2530 2618 posse
2559 2548 2950 2616 transfundere,
2981 2566 3000 2599 ι
3033 2548 3168 2604 alius
3197 2547 3457 2604 Fundanii
3485 2546 3654 2613 filius,
3683 2546 3826 2617 quod

2235 2641 2468 2696 maxime
2506 2641 2760 2696 usitatum
2796 2649 2910 2706 est,
2957 2654 3078 2695 cum
3108 2639 3314 2695 duobus
3357 2639 3526 2694 oculis
3565 2639 3635 2694 de
3678 2637 3828 2694 lusco

2234 2741 2391 2789 natus
2421 2733 2651 2800 evertit,
2691 2740 2748 2788 et
2789 2731 3203 2788 innumerabiles
3246 2731 3338 2802 qui
3379 2739 3671 2786 nascuntur
3697 2745 3827 2785 ocu-

2233 2823 2328 2880 lati
2349 2823 2418 2880 de
2445 2824 2754 2895 parentibus
2779 2824 2956 2879 catcis.
2979 2821 3413 2878 Transmittendo
3441 2823 3638 2893 quippe
3663 2822 3715 2876 in
3735 2836 3829 2877 eos

2237 2929 2374 2985 quos
2398 2916 2622 2986 gignunt
2647 2915 2789 2986 quod
2814 2915 2913 2984 ipsi
2943 2929 3050 2970 non
3081 2913 3312 2981 habent,
3344 2929 3441 2969 vos
3469 2915 3646 2984 potius
3671 2929 3828 2986 quam

2235 3020 2364 3060 suos
2404 3006 2541 3061 filios
2585 3005 2685 3061 sibi
2732 3006 2934 3061 similes
2978 3020 3100 3062 esse
3141 3004 3544 3074 demonstrant,
3591 3005 3687 3076 qui
3722 3015 3829 3060 tam

2240 3094 2420 3151 fuistis
2448 3097 2500 3150 in
2535 3095 2732 3151 vestris
2757 3095 3153 3152 deﬁnitionibus
3180 3096 3331 3152 (ζωοὶ.

2309 3185 2534 3244 CAPUT
2566 3188 2656 3243 νη
2680 3219 2751 3228 -
2777 3189 2864 3244 17.
2906 3189 3047 3244 Sane
3073 3204 3194 3243 cum
3225 3203 3288 3243 ea
3327 3203 3449 3260 quae
3475 3186 3544 3243 ad
3572 3203 3688 3244 rem
3717 3202 3824 3245 non

2237 3280 2509 3350 pertinent
2551 3281 2776 3335 multum
2819 3280 3086 3351 loqueris,
3117 3280 3298 3336 dixisti
3341 3280 3542 3351 aliquid
3573 3281 3714 3336 unde
3739 3295 3830 3337 me

2238 3371 2488 3442 quiddam
2518 3371 2657 3442 quod
2686 3372 2751 3426 ad
2781 3387 2893 3427 rem
2924 3373 3155 3442 pertinet
3182 3371 3524 3438 admoneres,
3556 3373 3642 3427 ubi
3667 3372 3825 3438 aisti,

2245 3480 2265 3514 ε
2303 3461 2679 3519 Curiositatem
2723 3462 2866 3534 quod
2910 3463 3411 3534 comprehenderit,
3442 3463 3618 3518 minus
3653 3463 3830 3520 solere

2240 3553 2456 3620 mirari;
2497 3564 2552 3609 et
2578 3553 2835 3610 adversus
2880 3569 2999 3610 eam
3040 3554 3294 3609 divinitus
3333 3554 3498 3609 fuisse
3525 3554 3826 3624 provisum,

2241 3655 2298 3700 ut
2339 3645 2502 3700 multa
2531 3645 2597 3700 de
2627 3652 2766 3700 terra
2810 3645 3103 3700 innumeris
3145 3646 3375 3701 discreta
3416 3645 3831 3716 proprietatibus

2239 3739 2604 3809 gignerentur.
2642 3757 2661 3789 ι
2697 3737 2765 3792 Ει
2793 3754 2979 3794 revera
3008 3739 3123 3794 haec
3157 3747 3240 3794 est
3271 3739 3468 3794 utilitas
3497 3739 3833 3795 occultorum

2241 3846 2463 3902 operum
2492 3831 2617 3895 Dei;
2666 3846 2733 3886 ne
2763 3841 3004 3902 prompta
3032 3832 3292 3888 vilescant
3311 3875 3326 3900 ,
3355 3849 3423 3888 ne
3447 3831 3836 3903 comprehensa

2241 3922 2374 3976 mira
2399 3937 2517 3977 esse
2539 3921 2814 3977 desistant.
2832 3922 2984 3980 Unde
2999 3933 3052 3979 et
3071 3923 3343 3994 Scriptura
3363 3925 3484 3978 dicit
3505 3941 3517 3978 :
3537 3923 3689 3979 Sicut
3713 3941 3832 3980 ossa

2241 4014 2296 4069 in
2319 4022 2485 4069 ventre
2521 4016 2850 4086 praegnantis,
2881 4016 2954 4069 ita
2991 4032 3091 4070 non
3121 4018 3350 4088 agnoscis
3379 4032 3531 4087 opera
3555 4014 3652 4069 Dei
3689 4025 3834 4087 qure-

2243 4123 2455 4178 cumque
2481 4108 2627 4179 faciet
2653 4108 2881 4162 universa
2908 4107 3104 4179 (Eccle.
3135 4125 3190 4164 ιι
3213 4149 3229 4175 ,
3262 4108 3347 4180 5).
3378 4109 3541 4162 Recte
3567 4108 3755 4180 itaque
3782 4117 3838 4165 et

2245 4199 2360 4270 ipse
2390 4199 2593 4267 dixisti,
2619 4210 2805 4256 contra
2829 4201 3192 4257 curiositatem
3217 4217 3336 4272 qua:
3362 4201 3540 4257 minus
3568 4201 3711 4258 solet
3739 4202 3839 4256 mi-

2243 4295 2354 4347 rari
2401 4291 2542 4364 quod
2587 4293 2819 4362 potuerit
2856 4293 3344 4363 comprehendere,
3378 4292 3838 4364 incomprehensi-

2244 4382 2369 4438 bilia
2408 4397 2527 4438 esse
2565 4398 2726 4456 opera
2770 4383 2892 4439 Dei.
2939 4383 3045 4438 Cur
3080 4399 3207 4455 ergo
3249 4383 3481 4438 humana
3530 4383 3838 4454 Opinatione

2245 4473 2458 4529 conaris
2487 4486 2726 4530 evertere
2747 4517 2762 4542 ,
2795 4475 2937 4544 quod
2967 4475 3141 4530 minus
3172 4475 3314 4530 vales
3339 4475 3392 4530 in
3418 4475 3596 4528 divina
3626 4473 3838 4528 ratione

2249 4563 2743 4635 comprehendere?
2764 4565 2877 4637 Ego
2897 4565 3128 4635 quidem,
3149 4581 3251 4620 non
3271 4563 3361 4638 (ut
3383 4573 3439 4619 tu
3456 4563 3837 4634 calumniaris)

2246 4655 2378 4722 dixi,
2415 4676 2433 4709 ‹
2471 4656 2613 4711 nulla
2640 4658 2845 4713 ratione
2873 4657 3253 4728 comprehendi
3283 4672 3476 4728 posse;
3519 4675 3538 4707 ›
3571 4656 3667 4711 sed
3698 4655 3834 4721 dixi,

2252 4766 2272 4800 ‹
2309 4747 2450 4803 facili
2478 4748 2685 4804 ratione
2713 4764 2820 4804 non
2848 4765 3027 4820 posse.
3074 4768 3095 4802 ι
3131 4748 3509 4803 Verumtamen
3555 4746 3682 4818 quid
3722 4749 3746 4779 ²
3793 4746 3839 4802 si

2247 4852 2431 4899 contra
2452 4830 2638 4897 vitium
2665 4844 2984 4899 curiositatis
3015 4843 3281 4910 humanm,
3309 4842 3395 4897 cui
3423 4841 3620 4906 solent,
3642 4849 3705 4894 ut
3728 4841 3842 4912 ipse

2248 4948 2658 5000 commemoras,
2677 4935 3060 5004 comprehensa
3077 4935 3354 4999 vilescere,
3369 4935 3528 4988 etiam
3547 4931 3650 4987 hoc
3667 4931 3841 5001 Deus,

2247 5023 2697 5094 quemadmodum
2719 5025 2904 5091 multa,
2930 5025 3008 5079 sic
3031 5025 3297 5080 occultare
3317 5024 3506 5092 voluit,
3528 5032 3589 5078 ut
3609 5023 3664 5079 id
3691 5025 3846 5081 inve

2247 5115 2443 5187 stigare
2465 5125 2624 5186 atque
2649 5115 3102 5186 comprehendere
3128 5114 3358 5170 humana
3387 5115 3702 5186 conjectura
3733 5132 3843 5172 non

2247 5209 2449 5278 possit?
2489 5207 2679 5264 ideone
2729 5215 2914 5264 contra
2973 5207 3268 5264 Eeclesiam
3330 5218 3555 5265 matrem
3597 5219 3846 5267 vestram

2248 5299 2562 5354 ratiunculis
2608 5299 2798 5354 vestris
2841 5299 2992 5370 quasi
3049 5299 3450 5368 parricidalibus
3495 5301 3846 5371 pugiunculis

2248 5389 2457 5445 debetis
2493 5390 2725 5457 armari,
2768 5397 2827 5445 ut
2853 5392 2958 5446 vim
3002 5391 3335 5448 Sacramenti
3375 5392 3490 5462 ejus
3523 5395 3802 5450 occultam
3824 5435 3843 5464 ,

2249 5497 2352 5553 qua
2373 5481 2676 5553 purgandos
2698 5483 2928 5554 concipit
2948 5483 3218 5556 parvulos,
3242 5484 3482 5556 quamvis
3502 5483 3570 5540 de
3592 5490 3842 5558 purgatis

2249 5574 2555 5645 parentibus
2582 5585 2756 5642 natos,
2782 5585 3026 5648 tanquam
3055 5591 3174 5634 ossa
3198 5577 3249 5631 in
3275 5588 3458 5633 ventre
3479 5581 3838 5648 praegnantis,

2249 5681 2354 5721 non
2373 5667 2773 5733 contrectando,
2801 5669 2894 5723 sed
2917 5668 3167 5724 laniando
3193 5668 3480 5740 quaeratis?
3504 5667 3620 5724 Nisi
3641 5681 3832 5727 autem

2311 5781 2507 5854 1IFdi‘tii,
2545 5781 2876 5854 amatorium;
2908 5781 3308 5832 dissentientibus
3329 5783 3670 5847 manuscriptis
3691 5780 3846 5834 Galli-

2248 5851 2380 5892 canis
2403 5851 2453 5892 et
2479 5851 2731 5894 Vaticanis.

2313 5905 2332 5936 ³
2368 5905 2482 5954 Editi
2502 5940 2515 5966 ,
2549 5908 2692 5968 quod.
2719 5904 2884 5956 Melius
2913 5903 3094 5967 aliquot
3117 5913 3244 5967 Mss,
3269 5903 3403 5968 qta'd.
