4022 6464
178 437 284 502 833

175 551 439 611 sermonis
466 548 798 624 longitudine
824 549 1024 606 nollem
1067 547 1289 621 fatigare
1328 546 1586 603 lectorem
1608 588 1623 612 ,
1655 546 1767 618 jam

178 652 231 702 te
249 643 398 699 mille
425 657 608 700 rerum
628 642 934 715 generibus,
963 656 1189 713 quarum
1216 637 1770 709 incomprehensibilis

185 738 324 792 ratio
365 744 556 793 contra
583 735 806 792 usitatas
850 743 1054 791 naturai
1081 734 1196 788 vias
1238 731 1388 804 quasi
1435 745 1532 803 per
1556 729 1770 785 deserta

179 843 349 900 opaca
373 828 539 899 repit,
566 827 879 893 obruerem;
909 826 962 882 in
988 825 1181 897 quibus
1210 823 1369 880 etiam
1390 821 1770 894 degenerantia

179 921 388 978 semina
410 959 430 988 ,
462 935 572 976 non
600 919 814 991 quidem
859 919 912 974 in
954 917 1377 974 dissimillimum
1406 930 1576 986 genus
1621 914 1773 985 (quia

179 1028 277 1070 nec
296 1012 541 1068 oleaster
564 1012 643 1068 sic
660 1022 743 1068 est
771 1013 840 1066 ab
865 1011 984 1067 olea
1013 1011 1276 1067 discretus
1306 1020 1363 1064 ut
1389 1009 1512 1063 vitis
1532 1008 1574 1078 ),
1603 1007 1698 1064 sed
1718 1008 1772 1063 in

178 1103 464 1176 quamdam
485 1146 501 1172 ,
531 1103 579 1159 si
605 1103 710 1159 dici
740 1111 951 1174 potest,
988 1101 1217 1158 similem
1246 1099 1730 1156 dissimilitudinem
1754 1141 1771 1168 ,

179 1197 330 1253 sicuti
358 1196 457 1252 viti
482 1205 566 1252 est
607 1196 851 1252 labrusca
881 1194 1160 1250 dissimilis
1183 1235 1199 1261 ,
1231 1208 1350 1263 quae
1380 1201 1558 1248 tamen
1587 1191 1655 1246 de
1683 1205 1774 1247 se-

180 1293 324 1346 mine
362 1291 488 1346 vitis
528 1289 798 1361 gignitur,
840 1289 1004 1344 multa
1037 1295 1413 1342 monstrarem.
1456 1285 1524 1340 Et
1547 1299 1644 1338 cur
1668 1297 1775 1339 non

186 1382 472 1440 credamus
492 1382 597 1438 hoc
619 1382 742 1440 ideo
754 1381 988 1437 voluisse
1007 1380 1338 1444 Creatorem,
1355 1387 1414 1433 ut
1434 1376 1778 1432 crederemus

180 1474 344 1530 etiam
387 1487 574 1529 semen
618 1471 854 1528 hominis
902 1485 1060 1542 posse
1107 1469 1295 1523 vitium
1335 1467 1403 1522 de
1441 1464 1779 1538 gignentibus

178 1564 422 1633 trahere,
447 1563 592 1636 quod
623 1563 679 1619 in
705 1563 784 1620 eis
807 1577 837 1617 a
861 1561 1054 1633 quibus
1081 1560 1314 1632 gignitur
1351 1573 1458 1613 non
1491 1558 1562 1613 sit
1587 1574 1600 1610 :
1628 1565 1686 1612 ut
1710 1555 1779 1611 ad

183 1658 301 1728 ejus
320 1657 572 1728 gratiam,
594 1670 701 1728 qua
724 1655 972 1710 homines
995 1661 1257 1709 eruuntur
1279 1666 1311 1706 a
1342 1657 1604 1721 potestate
1624 1655 1779 1704 tene-

188 1749 413 1804 brarum
431 1747 560 1803 etin
584 1761 806 1818 regnum
825 1745 966 1800 illius
985 1743 1403 1808 transferuntur,
1426 1739 1588 1796 ctiam
1604 1737 1780 1809 bapti-

183 1841 288 1898 sati
303 1857 430 1898 cum
454 1841 566 1897 suis
592 1838 830 1911 parvulis
856 1845 1164 1902 currerent;
1193 1835 1331 1890 sicut
1352 1843 1529 1889 tecum
1545 1831 1782 1888 cucurrit

193 1943 350 2005 pater
378 1931 459 2006 (α)
480 1939 699 1989 sanctus
719 1966 740 2000 ,
769 1929 1013 1986 nesciens
1041 1927 1214 1984 eidem
1241 1924 1424 1997 gratia:
1448 1937 1607 1994 quam
1633 1934 1782 1979 esses

195 2024 411 2081 futurus
438 2025 678 2095 ingratus
690 2022 716 2076 i

258 2139 348 2196 18.
390 2137 494 2196 Sed
537 2144 740 2192 naturae
785 2142 1050 2192 scrutator
1097 2130 1392 2188 acerrimus
1433 2127 1630 2184 limites
1667 2125 1783 2197 ejus

185 2232 420 2300 invenis,
445 2238 500 2288 et
518 2229 733 2302 regulas
757 2228 895 2300 ﬁgis,
921 2227 1125 2292 dicens,
1160 2243 1179 2278 ι
1219 2224 1322 2280 Per
1338 2237 1516 2279 rerum
1543 2228 1782 2276 naturam

188 2325 304 2382 ﬁeri
334 2341 440 2382 non
468 2339 628 2395 posse
649 2365 666 2390 ,
693 2331 752 2377 ut
776 2321 902 2378 illud
934 2321 1226 2392 probentur
1252 2315 1463 2372 tradere
1492 2322 1744 2385 parentes
1762 2351 1780 2380 ,

186 2432 294 2490 quo
321 2418 560 2474 caruisse
589 2415 900 2470 creduntur.
946 2411 1096 2481 Quod
1139 2411 1183 2466 si
1224 2408 1457 2473 tradunt,
1513 2425 1531 2459 ι
1577 2403 1776 2474 inquis,

194 2529 214 2563 ι
247 2526 359 2566 non
387 2509 720 2565 amiserunt.
760 2527 779 2560 ι
809 2506 926 2561 lstzc
955 2514 1076 2560 sunt
1102 2502 1400 2573 Pelagiana:
1425 2497 1784 2562 deﬁnitiones,

184 2617 324 2675 quas
352 2603 490 2659 lecto
515 2601 581 2657 ad
621 2600 885 2672 religiosa:
912 2597 1184 2654 memoria:
1215 2594 1574 2650 Marcellinum
1598 2635 1614 2660 ,
1643 2591 1787 2662 quod

184 2709 603 2762 commemoras,
631 2691 889 2764 opusculo
921 2699 1106 2746 nostro
1134 2687 1242 2762 (De
1264 2687 1595 2742 Peccatorum
1621 2684 1786 2741 Meri-

185 2787 287 2855 tis,
317 2785 408 2843 lib.
440 2786 504 2854 3,
545 2802 698 2856 capp.
734 2785 768 2841 5
789 2827 804 2853 ,
834 2783 930 2840 8et
965 2781 1066 2854 9),
1091 2782 1200 2853 jam
1246 2795 1499 2852 respuere
1537 2779 1787 2835 debuisti.

184 2877 344 2936 Prior
383 2878 528 2934 enim
579 2877 824 2948 Pelagius
875 2874 944 2932 de
991 2873 1298 2946 parentibus
1341 2871 1585 2927 ﬁdelibus
1625 2870 1786 2939 dixit,

191 2989 213 3024 ι
258 2984 367 3026 non
395 2984 489 3026 eos
533 2969 769 3040 potuisse
819 2968 870 3022 in
920 2975 1164 3038 posteros
1216 2963 1616 3031 transmittere,
1647 2957 1790 3033 quod

184 3062 291 3132 ipsi
313 3060 534 3116 minime
570 3059 888 3116 habuerunt.
929 3077 949 3112 ι
985 3058 1091 3114 Sed
1116 3072 1274 3128 quam
1292 3054 1590 3121 sitfalsum,
1611 3070 1792 3110 exem-

190 3153 297 3224 plis
320 3151 736 3209 evidentissimis
777 3150 1128 3222 perdocetur,
1163 3164 1387 3221 quorum
1422 3147 1594 3218 aliqua
1631 3161 1792 3217 supra

194 3223 311 3302 dixi
339 3287 355 3315 ,
379 3245 522 3302 unde
541 3253 624 3302 est
653 3254 708 3300 et
745 3243 848 3300 hoc
888 3242 1030 3315 quod
1059 3243 1218 3298 etiam
1248 3255 1391 3296 nunc
1430 3239 1624 3296 dicam.
1654 3223 1794 3306 Quid

187 3337 343 3394 enim
372 3336 621 3409 prmputii
650 3337 849 3392 retinet
877 3333 1260 3401 circumcisus,
1289 3333 1354 3388 de
1377 3347 1483 3404 quo
1512 3330 1796 3403 praeputia-

185 3438 281 3486 tus
299 3438 480 3485 tamen
500 3429 748 3501 gignitur,
772 3437 829 3484 et
848 3427 988 3499 quod
1003 3428 1113 3498 jam
1124 3443 1228 3483 non
1257 3436 1338 3483 est
1359 3425 1410 3480 in
1431 3425 1666 3493 homine,
1689 3434 1798 3480 tra-

186 3521 341 3577 hitur
362 3521 416 3576 in
442 3519 675 3577 hominis
701 3521 942 3576 semine?
966 3519 1076 3575 Nec
1093 3519 1162 3575 ob
1178 3519 1319 3574 aliud
1345 3516 1669 3574 credendum
1692 3525 1795 3587 est,

185 3616 434 3687 antiquis
462 3615 700 3686 patribus
734 3613 838 3670 hoc
863 3613 1116 3669 divinitus
1149 3612 1312 3668 fuisse
1342 3620 1692 3684 praeceptum,
1739 3618 1800 3668 ut

192 3713 398 3763 octavo
418 3705 506 3761 die
527 3706 970 3762 circumciderent
997 3706 1243 3776 parvulos
1268 3704 1334 3760 ad
1364 3704 1762 3776 signiﬁcandam
1778 3704 1797 3737 ¹

184 3796 660 3868 regenerationem
688 3813 807 3868 quae
833 3797 888 3852 ﬁt
913 3797 964 3852 in
979 3795 1212 3865 Christo,
1227 3796 1317 3865 qui
1335 3804 1457 3869 post
1471 3795 1610 3851 diem
1631 3795 1798 3868 septi-

186 3902 343 3944 mum
362 3887 589 3955 sabbati,
607 3902 712 3960 quo
723 3888 808 3944 die
815 3888 979 3960 jacuit
996 3890 1047 3943 in
1062 3888 1328 3961 sepulcro,
1349 3889 1570 3944 traditus
1585 3896 1801 3960 pr0pter

193 3971 402 4038 delicti
429 3990 632 4047 nostra,
660 3982 938 4051 sequenti,
973 3980 1025 4036 id
1054 3992 1170 4050 est,
1197 3991 1386 4037 octavo
1415 3982 1468 4036 in
1499 3981 1791 4037 hebdoma-

189 4073 358 4129 dibus
387 4071 480 4128 die
515 4072 807 4126 resurrexit
833 4079 1050 4141 propter
1090 4071 1534 4142 justiﬁcationem
1563 4081 1803 4144 nostram

194 4165 400 4240 (Rom.
431 4181 508 4232 tv,
537 4163 662 4237 25).
692 4164 844 4234 Quod
886 4174 1277 4220 sacramentum
1304 4165 1721 4222 circumcisionis
1749 4167 1804 4222 in

194 4259 378 4330 ﬁgura
408 4257 750 4328 praacessisse
778 4255 1120 4326 Baptismatis
1141 4298 1155 4324 ,
1201 4257 1320 4327 quis
1347 4256 1432 4311 vel
1462 4255 1805 4312 mediocriter

195 4350 378 4408 sacris
402 4347 620 4404 Litteris
657 4347 896 4404 eruditus
938 4348 1186 4418 ignoret;
1214 4363 1334 4403 cum
1376 4347 1712 4420 apertissime
1736 4347 1806 4407 de

197 4441 432 4499 Christo
484 4440 624 4497 dicat
651 4440 957 4511 Apostolus,
999 4440 1098 4508 Qui
1147 4450 1219 4496 cst
1258 4451 1407 4510 caput
1431 4441 1594 4496 omnis
1615 4440 1805 4510 princi-

199 4543 364 4605 patus
384 4541 432 4587 ct
457 4532 736 4604 potestatis,
758 4531 811 4586 in
837 4548 938 4603 quo
963 4533 1111 4586 etiam
1138 4532 1422 4587 circumcisi
1451 4532 1566 4586 estis
1587 4532 1806 4586 circum-

197 4625 403 4682 cisione
419 4640 519 4678 non
536 4641 690 4677 manu
718 4627 874 4694 facta,
904 4623 958 4676 in
988 4623 1351 4694 exspoliatione
1367 4623 1592 4693 corporis
1613 4624 1804 4689 carnis,

196 4718 268 4774 in
295 4716 678 4771 circumcisione
708 4714 895 4770 Christi
916 4729 937 4780 ,'
975 4715 1253 4788 consepulti
1281 4716 1326 4770 ei
1354 4716 1406 4770 in
1445 4714 1728 4787 Baptismo,
1758 4717 1811 4772 in

198 4823 314 4878 quo
338 4815 386 4860 et
410 4803 800 4860 consurrexistis
831 4821 920 4878 per
945 4805 1102 4875 ﬁdem
1131 4807 1438 4877 operationis
1459 4806 1576 4872 Dei,
1599 4809 1682 4877 qui
1701 4823 1814 4862 sus-

198 4898 386 4956 citauit
407 4898 552 4952 illum
571 4915 603 4952 a
631 4898 841 4954 mortuis
873 4915 892 4952 :
918 4906 964 4952 et
990 4915 1074 4952 vos
1099 4915 1214 4952 cum
1229 4915 1334 4954 esse
1353 4900 1415 4954 tis
1443 4900 1625 4954 mortui
1648 4900 1701 4954 in
1727 4900 1815 4956 de-

203 4990 352 5046 lictis
380 4998 428 5045 et
459 4990 707 5062 prtcputio
749 4990 918 5044 carnis
966 4998 1178 5058 vestrm,
1228 4990 1495 5059 viviﬁcavit
1539 5007 1651 5044 cum
1680 4989 1771 5044 illo
1794 5031 1810 5059 ,

203 5082 418 5138 donans
435 5081 577 5135 nobis
610 5081 780 5136 omnia
819 5081 1006 5136 delicta
1039 5079 1254 5154 (Coloss.
1281 5096 1353 5148 ιι,
1381 5081 1620 5154 10-15)2
1649 5081 1816 5152 ΗυῙιιε

204 5190 350 5246 ergo
378 5173 802 5230 circumcisionis
829 5190 936 5230 non
977 5172 1298 5230 manufactze
1321 5214 1336 5241 ,
1363 5188 1483 5243 qua:
1508 5188 1650 5228 nunc
1676 5172 1734 5227 ﬁt
1760 5174 1815 5229 in

207 5264 478 5330 Christo,
533 5264 828 5321 similitudo
873 5264 1150 5335 przemissa
1206 5271 1290 5320 est
1342 5263 1429 5320 illa
1480 5264 1817 5321 circumcisio

208 5373 392 5416 manu
418 5357 575 5426 facta,
605 5357 867 5429 quardata
893 5367 976 5414 est
1000 5357 1251 5414 Abrahaz.

295 5450 396 5508 19.
439 5449 578 5526 [Non
605 5452 749 5508 enim
779 5451 884 5508 dici
904 5459 1102 5522 potest,
1129 5451 1456 5524 Praeputium
1493 5464 1688 5522 corpus
1713 5459 1814 5520 est,

295 5606 320 5640 ι
356 5607 568 5658 vaticani
590 5614 696 5671 tres
716 5615 843 5671 Mss.,
1009 5603 1077 5657 ad
1095 5603 1822 5671 signiﬁcmdmn._Floriacensis

222 5679 342 5730 318.,
551 5672 627 5734 ad
1097 5665 1273 5718 V’éru'm
1298 5667 1528 5731 particula
1564 5666 1692 5728 nisi,
1735 5665 1823 5734 vel

221 5729 408 5798 quam,
431 5729 532 5781 illic
552 5729 734 5798 _add_it'a_
774 5729 978 5798 (sensum
996 5729 1260 5798 detorquet
1297 5729 1601 5798 superiorum
1644 5730 1821 5798 verbo-

220 5790 343 5844 rum
366 5790 575 5843 :Nccob
599 5791 734 5843 aliud
765 5791 1066 5844 credendwn
1101 5790 1209 5855 est;
1230 5790 1372 5855 _qu:e'
1398 5793 1670 5855 signiﬁcant
1708 5792 1823 5855 ideo

224 5861 528 5919 praeceptam
549 5855 965 5919 circumcisionem
982 5851 1176 5919 parvuli
1200 5851 1285 5919 de"
1319 5851 1598 5919 circumciso
1633 5854 1820 5919 geniti,

226 5915 475 5986 huiajpse
498 5916 563 5966 de
583 5917 849 5986 circumcisi
871 5915 1063 5986 semine
1079 5915 1235 5986 trahit
1257 5918 1556 5980 praeputium.

295 5977 373 6044 (a)
387 5975 659 6035 'Itemorius
675 5976 856 6046 Juliani
869 5983 1009 6042 pater
1023 5975 1130 6032 fuit.

1532 427 1732 492 LIBER
1768 429 2058 493 SEXTUS.

3349 428 3458 497 8⁸51

1878 544 1983 601 hoc
2008 552 2185 600 autem
2214 543 2356 616 quod
2399 545 2626 601 trahitur
2665 543 2718 600 in
2747 543 2985 618 origine,
3011 546 3197 604 vitium
3229 565 3243 604 :
3274 559 3329 606 et
3362 551 3458 607 illo

1876 635 2092 706 quidem
2129 635 2400 702 abscisso,
2441 638 2545 692 vim
2595 638 2710 708 ejus
2757 647 2934 694 tamen
2980 655 3311 712 nequaquam
3340 643 3456 700 tolli

1879 730 2114 800 potuisse
2142 729 2208 786 de
2237 732 2481 798 semine;
2512 731 2616 787 hoc
2661 748 2790 789 vero
2831 733 3015 788 vitium
3058 734 3200 804 quod
3241 750 3347 790 non
3375 742 3459 792 cst

1879 838 2094 894 corpus,
2123 826 2215 880 sed
2240 825 2487 882 accidens
2505 868 2520 892 ,
2547 842 2666 882 cum
2698 827 3024 900 indulgentia
3055 830 3124 884 sit
3150 831 3454 900 remissum,

1881 915 1935 972 in
1959 917 2161 974 semine
2180 935 2288 974 non
2311 920 2544 990 potuisse
2569 921 2802 977 residere
2827 941 2840 976 :
2863 921 2984 988 hoc,
3015 923 3250 994 inquam,
3277 939 3306 978 a
3326 939 3459 995 quo-

1878 1009 1960 1065 vis
1987 1009 2330 1066 callidissimo
2358 1011 2462 1068 dici
2493 1026 2599 1068 non
2642 1021 2854 1084 potest,
2883 1029 3002 1068 cum
3041 1015 3353 1071 auctoritate
3378 1015 3460 1071 di-

1879 1100 2002 1156 vina
2033 1110 2343 1173 superetur,
2374 1118 2474 1172 qua
2518 1103 2630 1174 ipsa
2662 1119 2784 1173 pars
2809 1105 3048 1174 corporis
3077 1105 3146 1160 ob
3184 1105 3287 1160 hoc
3310 1107 3458 1177 jussa

1881 1202 1964 1247 est
1991 1195 2378 1262 amputari,ut
2421 1193 2522 1250 hoc
2552 1195 2734 1249 vitium
2785 1207 3118 1267 purgaretur.
3163 1197 3313 1266 Quod
3357 1197 3461 1253 nisi

1881 1293 2024 1338 esset
2061 1283 2115 1338 in
2144 1284 2348 1340 semine
2371 1327 2386 1351 ,
2417 1285 2484 1339 ad
2525 1286 2774 1354 parvulos
2795 1329 2810 1354 ,
2843 1287 3032 1356 quibus
3058 1288 3462 1344 circumcisione

1883 1371 1972 1427 illa
2000 1372 2611 1447 corporisaulerendum
2641 1383 2725 1430 est
2743 1416 2757 1441 ,
2792 1376 3094 1433 nullatenus
3120 1379 3422 1448 perveniret
3447 1396 3462 1434 :

1883 1480 2057 1535 neque
2078 1465 2126 1520 si
2157 1465 2375 1523 minime
2402 1469 2750 1538 pervenisset,
2784 1469 3046 1540 indigeret
3071 1471 3334 1527 ullatenus
3363 1471 3464 1528 hac

1883 1557 2124 1630 corporis
2167 1559 2572 1615 circumcisione
2616 1561 2901 1618 scmoveri.
2947 1562 3080 1617 Cum
3123 1572 3300 1618 autem
3339 1579 3467 1634 par-

1883 1650 2040 1704 vulus
2069 1652 2346 1722 proprium
2393 1651 2599 1706 nullum
2645 1651 2838 1707 habeat
2886 1653 3105 1709 omnino
3148 1663 3467 1724 peccatum,

1883 1749 2051 1798 restat
2080 1752 2135 1797 ut
2160 1743 2361 1798 nullum
2393 1743 2568 1800 eidem
2597 1744 2740 1799 aliud
2767 1744 3038 1800 auferatur
3065 1746 3166 1801 nisi
3211 1748 3471 1815 originale

1885 1831 1978 1887 illo
1997 1833 2239 1889 remedio
2259 1835 2376 1890 sine
2397 1850 2501 1906 quo
2523 1836 2665 1905 perit
2687 1835 2865 1891 anima
2891 1836 3006 1906 ejus
3033 1836 3099 1892 de
3123 1838 3316 1908 populo
3333 1853 3468 1906 suo;

1885 1922 2030 1993 quod
2053 1923 2151 1979 sub
2185 1923 2330 1995 justo
2363 1925 2471 1980 Deo
2501 1941 2606 1980 non
2651 1925 2838 1994 ﬁeret,
2870 1927 2972 1982 nisi
3016 1936 3159 1983 esset
3182 1930 3336 1999 culpa
3367 1944 3473 2000 qua

1886 2015 2058 2072 ﬁeret.
2087 2017 2218 2084 Quae
2245 2017 2497 2089 quoniam
2531 2019 2746 2090 propria
2775 2020 2920 2075 nulla
2948 2030 3050 2088 est,
3083 2029 3251 2078 restat
3274 2031 3332 2078 ut
3358 2023 3472 2079 sola

1886 2109 2106 2180 originis
2132 2110 2332 2166 vitiatae
2361 2110 2433 2166 sit
2461 2111 2614 2181 culpa
2647 2109 2711 2184 ¹].

1957 2200 2049 2257 20.
2086 2201 2226 2258 Ecce
2265 2203 2611 2258 circumcisus
2659 2203 2817 2258 tradit
2861 2204 3098 2259 nascenti
3136 2204 3202 2261 de
3239 2207 3334 2274 se,
3368 2219 3477 2276 quo
3569 2195 3578 2204 ⁸

1869 2289 2058 2350 ’θειἪῆ
2085 2294 2136 2348 in
2165 2309 2224 2350 se
2249 2292 2346 2367 (a).
2367 2293 2506 2362 Quid
2534 2304 2616 2350 est
2635 2310 2762 2366 ergo
2788 2294 2927 2365 quod
2960 2295 3110 2360 dicis,
3141 2297 3272 2352 «Per
3292 2312 3474 2352 rerum

1888 2399 2132 2448 naturam
2161 2389 2276 2444 ﬁeri
2307 2404 2411 2443 non
2456 2403 2636 2458 posse,
2665 2397 2724 2442 ut
2754 2387 2880 2442 illud
2911 2388 3154 2445 homines
3181 2389 3474 2472 probentur
3499 2389 3506 2396 ’

1888 2480 2102 2537 tradere
2122 2521 2138 2548 ,
2164 2493 2272 2552 quo
2307 2480 2545 2536 caruisse
2584 2479 2914 2536 creduntur?
2947 2498 2967 2532 ι
2999 2479 3203 2536 Bonum
3231 2491 3308 2536 est
3335 2498 3476 2553 pra:-

1890 2573 2096 2644 putium
2121 2613 2136 2639 ,
2168 2587 2273 2628 non
2298 2580 2382 2627 est
2411 2572 2609 2626 malum
2635 2613 2649 2636 ,
2677 2573 2799 2642 quia
2829 2571 2970 2626 Deus
2996 2571 3119 2626 illud
3147 2571 3274 2628 fecit
3293 2615 3308 2641 ,
3339 2573 3479 2628 sicut

1891 2661 1960 2719 de
1977 2662 2209 2718 oleastro
2225 2661 2595 2732 copiosissime
2621 2661 2920 2734 disputasti.
2946 2663 3320 2735 Respondetur
3340 2663 3433 2718 tibi
3457 2678 3474 2719 :

1891 2753 2070 2811 Bonus
2095 2762 2177 2810 est
2206 2752 2436 2809 oleaster
2463 2754 2516 2808 in
2547 2768 2727 2809 rerum
2751 2761 2959 2820 natura,
2987 2755 3081 2810 sed
3105 2755 3160 2809 in
3191 2755 3481 2826 mysterio-

1893 2859 2011 2900 rum
2051 2845 2318 2916 scriptura
2365 2844 2565 2900 malum
2614 2845 2914 2915 signiﬁcat;
2963 2845 3101 2900 sicut
3145 2845 3292 2914 lupi,
3341 2845 3481 2900 sicut

1894 2936 2078 3006 vulpes
2098 2977 2113 3001 ,
2144 2935 2281 2991 sicut
2305 2950 2399 2993 sus
2426 2935 2532 2991 lota
2558 2937 2613 2991 in
2641 2935 2933 2992 volutabris
2957 2935 3098 2991 cteni
3121 2977 3137 3004 ,
3164 2937 3302 2998 sicut
3329 2935 3482 2993 cauis

1895 3041 2187 3083 conversus
2211 3027 2279 3082 ad
2309 3043 2465 3082 suum
2495 3026 2752 3083 vomitum
2783 3043 2798 3082 :
2831 3027 2884 3082 in
2911 3042 3090 3082 rerum
3119 3036 3310 3082 natura
3337 3027 3481 3084 bona

1895 3127 2018 3174 sunt
2041 3118 2242 3187 omnia,
2264 3121 2402 3174 sicut
2421 3134 2589 3186 oves;
2614 3121 2792 3174 omnia
2813 3120 3008 3190 quippe
3036 3120 3176 3176 Deus
3197 3120 3320 3176 fecit
3339 3121 3481 3178 bona

1897 3211 2052 3268 valde
2081 3209 2242 3282 (Gen.
2271 3227 2312 3280 ι,
2342 3212 2406 3268 51
2430 3210 2451 3285 )
2476 3229 2490 3266 :
2519 3211 2614 3268 sed
2657 3213 2709 3267 in
2749 3213 2947 3268 sanctis
2975 3209 3150 3270 Libris
3178 3214 3287 3284 lupi
3313 3214 3484 3271 malos

1898 3304 2225 3377 signiﬁcant,
2250 3319 2379 3362 oves
2400 3314 2579 3361 autem
2601 3304 2793 3361 bonos.
2820 3304 2928 3360 Nec
2952 3306 3245 3362 secundum
3269 3307 3322 3362 id
3341 3307 3485 3378 quod

1899 3404 2046 3465 sunt,
2074 3397 2168 3453 sed
2191 3397 2487 3453 secundum
2514 3397 2568 3452 id
2593 3397 2733 3469 quod
2759 3397 3079 3468 signiﬁcant,
3109 3397 3177 3454 de
3204 3398 3308 3453 illis
3336 3399 3486 3454 simi-

1900 3486 2151 3545 litudines
2191 3488 2420 3557 damus,
2451 3488 2663 3560 quando
2705 3489 2772 3544 de
2817 3489 3078 3544 bonorum
3119 3489 3488 3559 malorumque

1901 3581 2202 3639 differentia
2245 3581 2596 3654 diSputamus.
2647 3581 2736 3638 Sic
2777 3589 2832 3638 et
2877 3583 3193 3654 prtnputium
3233 3581 3487 3653 quoniam

1902 3675 2160 3746 particula
2188 3685 2270 3732 est
2297 3675 2516 3732 humani
2545 3674 2784 3746 cerporis
2808 3717 2822 3741 ,
2855 3675 2997 3746 quod
3030 3685 3198 3732 totum
3227 3684 3309 3731 est
3343 3675 3486 3734 bona

1904 3767 2248 3836 susbstantia,
2275 3769 2458 3839 utique
2486 3769 2682 3824 bonum
2712 3779 2793 3824 est
2830 3783 2928 3839 per
2951 3778 3226 3835 naturam;
3254 3768 3350 3824 sed
3375 3783 3493 3825 man

1905 3857 2013 3913 lum
2042 3859 2305 3930 signiﬁcat
2325 3876 2421 3931 per
2445 3860 2691 3932 ﬁguram,
2714 3875 2836 3916 cum
2858 3861 2946 3916 die
2966 3870 3153 3917 octavo
3179 3859 3492 3920 circumcidi

1905 3949 2214 4020 prascipitur
2241 3951 2509 4022 parvulus,
2536 3959 2753 4023 propter
2782 3949 3068 4018 Christum,
3102 3953 3156 4007 in
3185 3968 3312 4023 quo,
3345 3953 3486 4009 sicut
3510 3996 3514 4001 .

1906 4041 2195 4112 Apostolus
2220 4042 2384 4109 dicit,
2411 4043 2712 4100 circumcisi
2739 4060 2921 4102 sumus
2949 4045 3357 4107 circumcisione
3382 4061 3490 4103 non

1908 4151 2069 4192 manu
2086 4137 2243 4206 facta,
2263 4153 2420 4209 quam
2447 4140 2561 4194 sine
2590 4139 2752 4195 dubio
2775 4143 3135 4212 prmtiguravit
3155 4145 3494 4202 circumcisio

1908 4245 2070 4286 manu
2096 4231 2255 4287 facta.
2287 4232 2610 4303 Prmputium
2639 4233 2816 4303 itaque
2846 4250 2952 4288 non
2973 4243 3054 4290 est
3074 4245 3369 4304 peccatum,
3394 4237 3494 4294 sed

1910 4323 2176 4393 signiﬁcat
2212 4331 2486 4392 peccatum
2510 4364 2524 4388 ,
2569 4331 2624 4378 et
2652 4323 2883 4380 maxime
2922 4326 3213 4396 originale;
3245 4327 3365 4398 quia
3395 4341 3494 4398 per

1911 4413 2084 4485 ipsum
2132 4414 2429 4470 membrum
2478 4423 2560 4470 est
2607 4415 2758 4486 origo
2803 4418 3168 4486 nasccntium,
3213 4434 3310 4488 per
3349 4419 3493 4489 quod

1911 4515 2186 4579 peccatum
2213 4505 2340 4562 dicti
2363 4521 2547 4562 sumus
2575 4516 2762 4562 natura
2789 4508 2883 4563 ﬁlii
2929 4509 3022 4563 ira:
3052 4527 3064 4562 :
3096 4523 3216 4565 nam
3248 4509 3493 4580 etipsum

1914 4598 2212 4655 membrum
2233 4608 2421 4654 natura
2440 4600 2654 4670 proprie
2675 4599 2890 4655 dicitur.
2914 4600 3143 4658 Proinde
3159 4601 3494 4660 circumcisio

1914 4690 2090 4746 carnis
2116 4705 2223 4747 non
2253 4690 2425 4746 solum
2465 4691 2606 4745 illam
2635 4691 2785 4761 quasi
2825 4692 3128 4762 generalem
3172 4693 3494 4750 sententiam

1916 4791 2144 4838 vestram
2166 4783 2282 4838 sine
2307 4781 2651 4852 ambiguitate
2674 4781 2953 4850 subvertit,
2977 4798 3082 4853 qua
3107 4783 3303 4850 dicitis,
3334 4801 3354 4838 ι
3390 4785 3499 4842 Per

1916 4893 2095 4935 rerum
2123 4876 2366 4934 na’turam
2409 4876 2523 4934 ﬁeri
2549 4893 2655 4933 non
2693 4892 2884 4946 posse,
2926 4884 2984 4933 ut
3009 4893 3115 4949 quo
3153 4878 3268 4950 ipse
3292 4878 3497 4946 caruit,

1918 4970 2093 5026 tradat
2119 4969 2252 5040 proli
2281 4983 2474 5040 parens
2501 4985 2516 5022 :
2555 4986 2576 5021 ι
2607 4982 2791 5024 verum
2820 4968 2980 5023 etiam
3027 4967 3149 5039 quia
3180 4969 3498 5039 praeputium

1919 5074 2196 5135 peccatum
2225 5061 2523 5134 signiﬁcat,
2551 5069 2608 5117 et
2652 5060 2918 5116 invenitur
2940 5061 2993 5116 in
3034 5068 3287 5118 nascente
3311 5101 3326 5128 ,
3355 5059 3499 5131 quod

1917 5157 2026 5229 jam
2049 5173 2155 5212 non
2176 5164 2292 5214 erat
2313 5155 2367 5210 in
2390 5161 2610 5226 parente
2634 5169 2648 5219 ;
2679 5151 2922 5224 profecto
2941 5152 3200 5224 originale
3223 5159 3499 5222 peccatum

1921 5248 2063 5320 quod
2080 5248 2188 5319 jam
2214 5247 2500 5303 remissum
2520 5253 2604 5302 est
2627 5243 2934 5315 parentibus
2955 5242 3253 5313 baptizatis,
3281 5253 3502 5298 manere

1921 5340 2253 5397 demonstrat
2281 5339 2334 5394 in
2364 5337 2616 5412 parvulis,
2661 5335 2764 5392 nisi
2807 5344 2863 5392 et
2907 5335 3007 5406 ipsi
3049 5333 3415 5404 baptizentur,
3448 5329 3503 5388 id

1924 5443 2027 5501 est,
2054 5431 2314 5502 spirituali
2338 5429 2742 5486 circumcisione
2767 5427 3126 5484 mundentur:
3153 5437 3355 5494 vosque
3375 5438 3506 5479 con-

1924 5525 2092 5582 vincit
2109 5539 2230 5580 esse
2252 5523 2588 5580 verissimum
2612 5521 2753 5593 quod
2774 5520 3006 5592 negatis;
3028 5517 3149 5589 quia
3175 5523 3231 5571 et
3251 5515 3365 5586 ipse
3385 5529 3507 5584 par-

1926 5615 2102 5682 vulus,
2123 5614 2191 5672 de
2209 5630 2316 5686 quo
2344 5615 2541 5670 dictum
2565 5620 2668 5682 est,
2693 5611 2884 5667 Peribit
2907 5610 3079 5664 anima
3104 5609 3213 5681 ejus
3232 5608 3294 5662 de
3316 5604 3507 5677 populo

1990 5728 2009 5760 ι
2042 5727 2253 5778 Vaticani
2287 5732 2392 5777 tres
2428 5723 2737 5789 manuscripti
2761 5729 2814 5772 et
2873 5719 3033 5789 Gallici
3064 5721 3189 5782 duo,
3231 5720 3281 5789 in
3327 5716 3507 5789 quibus

1931 5790 2393 5852 estantiquissimus
2415 5780 2724 5836 Floriacensis
2767 5790 2920 5833 totum
2963 5783 3092 5833 hunc
3130 5780 3181 5833 ni
3224 5781 3284 5832 19
3321 5780 3510 5830 uncinis

1927 5850 2164 5903 inclusum
2189 5857 2501 5913 praetereunt.

1991 5900 2065 5976 (ιι)
2099 5900 2244 5976 Mor'el
2282 5910 2550 5976 legendum
2580 5914 2772 5972 censet,
2797 5921 2891 5973 quo
2925 5907 3081 5962 caruit
3100 5907 3219 5975 ipse.
3261 5903 3378 5961 γωο
3399 5900 3510 5956 Ele-

1931 5972 2084 6040 ment.
2101 5975 2286 6041 critic"
2307 5972 2419 6040 pag.
2440 5972 2545 6026 157.
2561 5977 2618 6022 st.

2861 6061 2902 6089 '3'”
2915 6061 3021 6088 ἒῒιης.
