2011 3229
273 187 329 222 835

273 256 337 282 suo,
349 248 372 276 si
384 251 478 276 octavo
488 246 533 276 die
545 253 598 274 non
616 244 695 274 fuerit
712 246 884 274 circumcisus
898 245 979 283 (Gen.
993 253 1062 274 xvn.

273 287 319 329 14,
332 294 395 331 12),
410 294 529 321 invenire
541 291 590 320 sub
600 292 672 328 justo
683 291 774 328 judice
787 300 834 320 cur
847 296 938 329 pereat
951 299 1004 320 non
1018 299 1066 328 po-

272 341 359 375 testis,
375 344 502 377 negantes
516 339 646 376 originale
657 344 807 376 peccatum.

306 386 352 415 21.
365 386 557 422 Relinquamus
567 386 649 414 silvas
663 386 851 419 oleastrorum,
866 389 894 413 et
906 389 1010 412 montes
1022 383 1065 413 vel

271 433 412 462 Africanos
438 433 481 461 vel
510 433 590 460 Italos
618 432 765 465 olivarum;
795 439 845 459 nec
871 431 1066 466 interrogemus

270 480 411 516 agricolas,
435 479 554 516 quicum
570 479 617 506 tibi
641 478 732 511 aliud,
755 477 820 505 mihi
842 476 913 504 aliud
935 476 1003 504 forte
1018 484 1064 504 re-

269 525 446 561 sponderint,
466 529 576 552 neutros
595 531 737 560 possumus
756 523 835 551 celeri
854 522 1037 558 exploratione
1055 520 1064 537 ¹

269 572 431 600 convincere
442 592 449 605 ,
463 572 485 599 si
500 571 533 599 ad
547 572 598 599 hoc
611 570 801 606 experiendum
816 570 962 598 seminetur
974 568 1062 602 arbor,

272 618 340 647 seris
357 618 456 647 factura
471 618 613 653 nepotibus
636 617 757 645 umbram
773 616 783 653 (
798 616 886 652 Virgil.
908 615 1001 650 Georg.
1018 615 1063 642 lib.

270 664 300 698 2,
316 673 380 692 vers.
398 664 464 701 58).
482 664 615 693 Habemus
629 664 714 691 oleam
727 684 735 697 ,
750 671 802 691 non
826 662 976 690 Africanam
986 683 994 697 ,
1010 669 1064 689 non

269 711 373 747 Italam,
387 712 432 740 sed
446 711 603 745 llcbrteam;
619 711 662 739 cui
687 718 736 739 nos
759 710 805 746 qui
827 710 923 737 fuimus
937 708 1063 743 oleaster,

269 758 365 787 insitos
380 766 439 787 esse
451 758 607 794 gaudemus.
623 757 661 785 Illi
675 757 742 785 olea:
754 756 815 784 data
829 761 870 785 est
882 755 1062 790 circumcisio,

268 812 328 841 quae
337 805 413 833 nobis
424 805 505 833 solvit
515 805 592 833 istam
604 804 661 832 sine
671 803 865 839 disceptatione
874 802 1061 838 quaestionem.

267 848 361 879 Trahit
371 851 530 887 praeputium
539 850 638 886 proles,
650 849 719 885 quod
728 849 783 885 jam
793 856 845 876 non
854 848 935 876 habet
947 855 1063 883 parcns;

267 898 362 931 caruit,
372 901 496 925 ettamen
508 896 630 929 tradidit;
645 895 744 929 amisit,
756 898 783 922 et
794 899 882 922 tamen
895 893 1059 922 transmisit:

267 940 357 970 ethoc
370 942 526 978 praeputium
540 946 679 977 peccatum
692 940 834 976 signiﬁcat.
849 939 921 975 Ergo
935 943 962 967 et
975 938 1061 973 ipsum

267 993 357 1025 potest
369 989 396 1016 in
411 989 565 1025 parentibus
577 988 687 1016 interire
700 1008 708 1022 ,
722 992 750 1016 et
765 992 854 1015 tamen
869 986 903 1013 ad
917 986 987 1013 ﬁlios
1000 993 1062 1021 per-

268 1036 393 1064 transire.
405 1037 552 1063 Attcstetur
563 1036 643 1063 etiam
652 1034 710 1070 ipse
718 1033 816 1068 infans,
828 1038 856 1061 et
868 1037 959 1061 tacens
969 1032 1040 1060 dicat
1053 1040 1061 1059 :

268 1082 389 1112 Peritura
405 1086 446 1110 est
458 1081 544 1109 anima
561 1088 621 1110 mea
636 1080 669 1109 de
683 1080 781 1116 populo
795 1086 867 1113 meo,
883 1079 905 1106 si
919 1085 972 1105 non
986 1078 1062 1105 fuero

267 1130 443 1158 circumcisus
458 1133 552 1157 octavo
565 1128 608 1157 die
623 1137 629 1155 :
645 1127 689 1163 qui
703 1134 767 1163 ergo
779 1131 807 1155 et
819 1126 949 1162 originale
961 1126 1062 1154 malum

267 1175 429 1208 difﬁtemini,
446 1180 474 1203 et
490 1175 592 1210 justum
605 1174 689 1202 Deum
704 1173 836 1207 fatemini,
851 1172 916 1208 quid
932 1179 1061 1207 peccave-

267 1222 320 1251 rim
334 1222 423 1250 dicite.
444 1221 511 1249 lluic
524 1220 619 1248 infanti
638 1220 716 1248 tacite
734 1219 859 1247 clamanti
878 1218 1003 1254 quoniam
1023 1217 1062 1245 lo-

266 1268 387 1306 quacitas
409 1273 498 1297 vestra
520 1269 530 1284 ³
550 1268 621 1296 nulla
645 1266 797 1295 rationabili
818 1273 885 1294 voce
907 1265 1061 1300 respondet,

265 1321 348 1344 voces
374 1315 464 1351 potius
487 1318 590 1342 vestras
614 1312 767 1348 apostolicis
791 1312 929 1340 nobiscum
952 1310 1061 1338 vocibus

265 1361 378 1398 lungite.
391 1361 455 1396 Quae
468 1361 521 1389 sint
533 1360 605 1389 enim
618 1367 654 1388 ex
671 1359 835 1395 parentibus,
849 1358 891 1386 vel
904 1361 993 1385 utrum
1006 1356 1061 1386 sint

266 1408 346 1437 etiam
367 1408 418 1435 alia
436 1406 557 1442 contagia
581 1411 751 1442 peccatorum
763 1426 771 1439 ,
787 1405 899 1433 liberant
922 1404 999 1432 nobis
1019 1407 1061 1432 est

266 1460 406 1490 quzercre;
418 1453 473 1481 sive
486 1453 520 1480 sit
532 1451 622 1486 facile,
633 1451 689 1480 sive
699 1451 818 1484 difﬁcile,
828 1451 884 1479 sive
896 1449 1061 1486 impossibile

265 1500 385 1535 reperire
401 1508 408 1526 :
425 1506 472 1534 per
484 1506 566 1527 unum
585 1502 673 1526 tamen
692 1497 827 1526 hominem
850 1497 877 1524 in
895 1496 967 1524 hunc
980 1504 1060 1524 mun-

261 1545 330 1576 dum
345 1546 458 1573 intrasse
470 1550 607 1580 peccatum
619 1564 627 1578 ,
643 1548 671 1572 et
683 1551 730 1579 per
740 1547 879 1579 peccatum
893 1547 1020 1577 mortem,
1032 1545 1061 1571 et

265 1591 302 1620 ita
326 1592 352 1619 in
372 1598 466 1619 omnes
489 1590 610 1619 homines
632 1591 826 1625 pertransisse,
842 1590 869 1617 in
892 1597 945 1625 quo
966 1597 1060 1618 omnes

265 1641 442 1674 peccaverunt
457 1636 555 1673 (Rom.
572 1644 599 1669 v,
617 1636 683 1672 l2);
697 1636 775 1663 aliter
790 1634 866 1664 nobis
878 1635 918 1664 fas
932 1643 992 1664 esse
1005 1643 1058 1664 non

265 1683 452 1711 existimemus
472 1682 610 1717 accipere,
625 1682 677 1710 nisi
700 1686 728 1710 ut
749 1689 843 1710 omnes
865 1687 984 1710 mortuos
999 1689 1060 1710 esse

265 1729 406 1758 credamus
419 1729 444 1756 in
458 1728 537 1764 primi
553 1728 670 1756 hominis
685 1733 804 1764 peccato,
819 1736 867 1764 pro
880 1728 976 1765 quibus
988 1736 1059 1756 mor-

265 1780 326 1808 tuus
338 1781 379 1804 est
394 1776 524 1807 Christus,
541 1779 568 1802 et
581 1782 675 1803 omnes
691 1774 759 1802 mori
775 1779 883 1810 peccato
899 1774 1059 1811 quicumque

265 1822 434 1859 baptizantur
450 1822 475 1849 in
490 1820 606 1849 Christo.

302 1867 413 1896 CAPUT
423 1867 477 1895 Vlll
489 1867 537 1903 (α).
547 1866 633 1894 -22,
642 1865 696 1894 Sed
704 1866 730 1893 in
739 1867 798 1894 aliis
812 1866 901 1896 verbis
913 1867 1059 1903 meis,quae

264 1914 339 1942 velut
351 1913 495 1941 relellenda
506 1912 652 1948 interponis
665 1912 837 1948 disputationi
848 1913 1059 1948 tuae,dicis,«me

265 1960 372 1995 vulgum
381 1959 427 1987 tibi
440 1959 685 1986 excitareconatum
698 1966 705 1991 ;
719 1968 728 1985 ι
739 1958 864 1994 quoniam
877 1959 930 1986 dixi
940 1959 992 1996 (De
1000 1959 1059 1987 Nu-

265 2006 326 2042 ptiis
339 2011 363 2033 et
375 2005 591 2042 Concupiscentia,
606 2005 649 2033 lib.
665 2005 691 2039 1,
706 2014 732 2032 η.
746 2004 801 2041 22),
819 2015 828 2032 ‹
844 2005 924 2034 ﬁdem
939 2014 993 2034 non
1007 2007 1058 2035 dl-

265 2052 352 2081 bitare
366 2052 556 2086 christianum,
582 2059 662 2087 quam
684 2052 746 2079 novi
766 2052 884 2080 htcrctici
906 2060 1059 2089 oppugnare

265 2102 404 2134 coeperunt
416 2119 423 2132 ,
438 2103 465 2126 et
478 2106 524 2126 eos
538 2098 582 2134 qui
598 2098 704 2126 lavacro
723 2099 933 2134 regenerationis
946 2099 1059 2127 abluun-

264 2148 320 2178 tur,
333 2144 428 2172 redimi
442 2144 475 2172 de
489 2144 586 2172 diaboli
601 2148 744 2179 potestate;
765 2149 792 2172 et
813 2152 859 2173 eos
874 2146 919 2181 qui
941 2146 1059 2175 nondum

264 2192 313 2220 tali
326 2191 529 2227 regenerationc
542 2191 673 2227 redempti
682 2195 753 2225 sunt,
766 2192 845 2219 etiam
857 2192 980 2227 parvulos
991 2193 1059 2221 ﬁlios

264 2237 480 2272 redemptorum,
507 2237 556 2265 sub
578 2237 699 2273 ejusdem
722 2237 820 2266 diaboli
843 2246 903 2266 esse
929 2243 1059 2274 potestate

264 2284 395 2320 Captivos,
411 2283 462 2311 nisi
475 2288 503 2312 et
515 2284 564 2319 ipsi
576 2284 669 2311 eadem
680 2284 764 2319 gratia
775 2285 948 2313 redimantur.
960 2296 969 2312 ι
982 2286 1059 2321 Quod

264 2334 296 2359 ut
310 2331 457 2365 apostolico
481 2330 633 2358 testimonio
653 2331 869 2366 comprobarent,
896 2332 951 2360 «ad
965 2341 1059 2362 omnes

265 2381 378 2405 anates»
395 2377 450 2405 dixi
468 2377 620 2412 (pertinere
641 2377 716 2411 illud,
737 2378 770 2406 de
782 2385 835 2413 quo
849 2379 991 2414 Apostolus
1017 2380 1058 2408 lo-

266 2423 367 2458 quitur,
393 2423 550 2451 beneﬁcium
576 2423 621 2451 Dei
635 2432 641 2451 :
655 2423 706 2457 Qui
726 2424 791 2451 eruit
816 2433 862 2452 nos
884 2425 916 2452 de
939 2430 1059 2460 potestate

267 2459 435 2503 tenebrarum,
449 2474 472 2496 at
485 2469 612 2497 transtulit
621 2470 647 2497 in
659 2478 764 2505 regnum
774 2470 836 2497 Filii
844 2459 975 2499 clmritelt's
981 2480 1034 2500 suae
1045 2482 1055 2499 ι

266 2514 377 2551 (Coloss.
391 2515 475 2551 1.13).
491 2515 518 2546 Si
534 2515 582 2543 hac
590 2515 721 2543 sententia
729 2520 821 2543 contra
828 2524 879 2544 vos
893 2517 987 2553 vulgus
1000 2525 1058 2547 mo-

266 2566 361 2595 vetur;
383 2569 471 2590 nonne
490 2561 553 2590 hinc
572 2568 599 2590 te
618 2562 707 2597 potius
725 2567 831 2598 oportet
844 2563 997 2599 advertere,
1022 2565 1058 2593 ita

267 2617 330 2639 esse
342 2609 475 2645 vulgatam
489 2613 517 2637 et
530 2608 598 2643 apud
613 2616 707 2637 omnes
721 2609 903 2638 conﬁrmatam
916 2610 993 2638 istam
1011 2618 1057 2639 ca-

267 2656 394 2685 tholicam
408 2655 487 2683 ﬁdem
500 2675 507 2689 ,
530 2659 559 2682 ut
573 2662 621 2682 nec
634 2655 754 2683 notitiam
770 2656 854 2690 possit
867 2656 958 2692 fugere
972 2664 1058 2693 popu-

267 2701 371 2730 larem?
389 2701 504 2731 Necesse
518 2701 617 2737 quippe
630 2700 734 2735 fuerat,
754 2702 881 2738 quidquid
895 2703 922 2731 in
942 2704 1058 2739 parvulis

266 2749 324 2778 suis
347 2747 464 2783 ageret',
486 2747 556 2784 quod
578 2748 674 2775 attinet
691 2747 724 2776 ad
746 2749 872 2784 mysteria
895 2749 1056 2787 christiana,

303 2827 311 2842 ι
330 2830 393 2856 Mss,
405 2827 531 2858 possimus.
674 2854 680 2860 ε

301 2858 312 2873 ²
329 2861 395 2889 μη,
407 2856 466 2889 quid
478 2855 612 2889 peccauerit
629 2855 703 2881 dicite
719 2855 775 2882 huic
785 2856 873 2889 iit/but
891 2857 1012 2886 ειαηιαπιὶ.
1031 2863 1059 2886 Et

267 2887 384 2920 quantam
553 2891 641 2921 vestro.
654 2890 691 2912 Er.
711 2891 779 2921 caret
797 2887 929 2920 partimla,
952 2895 993 2921 et;
1015 2891 1059 2916 scd

268 2918 323 2954 cum
340 2923 395 2945 Iov.
408 2918 492 2954 habet,
505 2918 648 2954 peccaverit.
659 2918 821 2954 [intendantur
837 2926 869 2954 ex
882 2918 1058 2954 mnuseriptis.

303 2951 314 2968 ³
330 2954 380 2976 Mn.
395 2953 421 2976 et
439 2949 524 2981 plina
551 2950 619 2981 Mss,
630 2949 751 2982 unid
772 2951 939 2980 "amttam
959 2949 1059 2987 ageret;

681 186 819 217 CONTRA
836 186 1007 217 JULIANUM
1024 184 1257 225 PELAGIANUII,
1276 190 1307 220 S.
1327 189 1511 221 AUGUSTINI

1108 244 1214 275 'omnes
1236 256 1316 278 nosse
1331 248 1507 279 Christianos.
1531 239 1585 280 Cur
1602 254 1692 281 autem
1712 252 1793 288 dicis,
1817 263 1830 282 ι
1843 256 1922 291 quod

1120 294 1275 322 certaminis
1296 295 1437 332 singularis
1449 296 1547 325 oblitus
1559 296 1588 325 in
1602 298 1710 334 vulgum
1724 299 1892 335 refugerim?
1909 311 1921 330 ι

1119 339 1184 373 Quis
1199 340 1248 368 tibi
1269 342 1391 377 promisit
1409 350 1499 370 meum
1519 342 1655 379 singulare
1675 347 1829 374 certamen?
1850 346 1922 382 Ubi,

1121 386 1242 421 quando,
1256 388 1390 423 quomodo
1400 410 1408 423 ,
1424 390 1521 424 quibus
1533 391 1719 425 prtesentibus.
1732 392 1832 427 quibus
1843 394 1922 422 arbi-

1121 433 1188 461 tris?
1213 434 1345 470 (Oblata,
1364 445 1375 463 ›
1394 436 1464 465 sicut
1487 437 1623 473 loqueris,
1651 447 1661 464 ι
1672 438 1771 474 placuit
1789 441 1920 476 componi

1119 477 1219 507 foedere
1233 480 1359 515 bellumt(
1370 480 1459 517 Virgil.
1467 482 1574 510 ιΕηεὶά.
1588 483 1633 511 lib.
1643 483 1687 517 12,
1696 485 1850 522 va09),
1864 496 1874 513 ι
1891 492 1922 515 ιιι

1120 531 1223 560 pugnas
1240 526 1359 554 omnium
1375 529 1513 555 contentio
1529 534 1619 557 nostra
1634 530 1792 559 dirimeret?
1808 542 1817 559 ι
1840 533 1920 564 Absit

1119 574 1149 597 ut
1163 570 1230 598 mihi
1243 571 1313 607 apud
1328 572 1480 601 Catholicos
1494 583 1634 610 arrogcm,
1650 577 1720 611 quod
1736 582 1763 606 te
1780 579 1826 605 tibi
1847 580 1919 614 apud

1119 614 1277 652 Pelagianos
1289 624 1415 654 arrogarc
1431 628 1483 647 non
1504 622 1593 655 pudet.
1609 622 1683 650 Unus
1703 631 1762 651 sum
1777 631 1792 651 c
1806 625 1916 658 multis,

1119 661 1165 696 qui
1188 662 1314 698 profanas
1333 669 1435 692 vestras
1460 667 1590 695 novitates
1612 673 1640 696 ut
1659 676 1801 703 possumus
1813 670 1915 698 refuta-

1117 713 1189 741 mus,
1204 707 1273 736 sicut
1285 709 1427 745 unicuiquc
1442 716 1562 739 nostrum
1575 713 1646 740 Deus
1657 715 1770 748 partitus
1784 720 1826 743 est
1840 724 1916 744 men-

1116 758 1209 794 suram
1229 753 1292 781 ﬁdei
1313 754 1401 790 (Rom.
1423 765 1476 790 xu,
1492 758 1530 793 5).
1555 759 1702 794 Antequam
1726 769 1815 790 essem
1838 767 1916 791 natus

1117 797 1181 827 huic
1192 800 1308 835 mundo,
1321 806 1349 829 et
1360 806 1501 837 antequam
1517 812 1603 832 essent
1619 810 1726 834 renatus
1742 807 1812 841 Deo,
1827 809 1913 836 multa

1116 844 1248 874 catholica
1256 845 1357 875 lumina
1371 852 1472 875 vestras
1486 849 1587 877 futuras
1597 851 1720 879 tenebras
1728 853 1915 888 redarguendo

1115 896 1327 927 praevenerunt:
1343 893 1376 921 dc
1399 895 1495 929 quibus
1521 895 1574 930 jam
1600 897 1704 925 duobus
1729 900 1914 934 superioribus

1117 937 1193 965 libris
1201 938 1268 966 meis
1274 943 1370 974 quanta
1382 940 1454 974 potui
1466 941 1680 971 manifestatione
1689 943 1812 972 disserui.
1822 945 1914 974 Habes

1116 989 1169 1017 quo
1183 987 1209 1011 te
1221 990 1327 1017 avoces,
1341 985 1364 1012 si
1379 990 1403 1012 te
1415 986 1543 1014 adversus
1557 987 1713 1016 catholicam
1726 990 1807 1018 ﬁdem
1819 991 1913 1019 adhuc

1116 1027 1233 1056 insanire
1247 1028 1371 1058 delectat.
1518 1065 1521 1066 ν

1151 1073 1196 1102 25.
1208 1074 1262 1103 Nec
1274 1077 1382 1105 nomine
1398 1086 1408 1103 ‹
1418 1078 1613 1107 sellulariorum
1628 1081 1749 1116 opiﬁcum
1759 1091 1769 1108 ›
1784 1081 1914 1111 derideas

1116 1120 1236 1148 membra
1250 1120 1349 1149 Christi
1363 1132 1369 1150 :
1381 1128 1517 1152 memento
1530 1126 1591 1160 quia
1608 1126 1712 1154 infirma
1725 1127 1818 1155 mundi
1830 1128 1913 1164 elegit

1115 1165 1197 1200 Deus,
1212 1170 1241 1194 ut
1255 1167 1400 1196 confundat
1413 1169 1490 1197 fortia
1502 1169 1522 1205 (Ι
1538 1170 1596 1198 Cor.
1613 1172 1645 1206 l,
1661 1171 1716 1207 27).
1728 1172 1796 1207 Quid
1809 1178 1851 1201 est
1863 1181 1911 1201 au-

1115 1215 1168 1239 tem
1181 1232 1189 1246 ,
1207 1222 1216 1239 ι
1226 1213 1297 1248 quod
1311 1214 1349 1241 eis
1368 1221 1428 1242 cum
1443 1215 1585 1245 ostendere
1598 1218 1723 1254 coeperis,
1739 1219 1765 1246 in
1779 1227 1821 1246 me
1835 1227 1912 1247 accr-

1113 1257 1203 1286 biores
1228 1259 1309 1287 ﬁent?
1324 1270 1334 1287 »
1360 1260 1465 1290 lllentiri
1487 1263 1526 1291 eis
1548 1264 1613 1296 noli,
1638 1270 1732 1293 etnon
1754 1265 1829 1294 ﬁent.
1853 1266 1911 1302 Ego

1113 1305 1185 1332 enim
1199 1312 1252 1333 non
1268 1315 1278 1333 ι
1290 1314 1347 1340 eos,
1363 1317 1373 1334 ›
1389 1307 1458 1336 sicut
1472 1309 1654 1344 calumniaris,
1672 1320 1681 1337 ι
1693 1319 1819 1339 assevero
1829 1319 1910 1347 pecu-

1113 1350 1178 1379 lium
1189 1351 1298 1387 diaboli,
1311 1363 1320 1380 I
1331 1361 1398 1389 quos
1409 1354 1563 1390 redemptos
1570 1356 1670 1384 Christi
1680 1358 1809 1393 sanguine
1819 1358 1891 1386 scio‘
1902 1367 1910 1388 :

1116 1407 1127 1425 ι
1139 1406 1188 1427 nec
1210 1399 1316 1428 diabolo
1332 1401 1463 1437 conjugia,
1478 1410 1488 1428 ι
1506 1402 1533 1429 in
1547 1408 1675 1439 quantum
1689 1404 1813 1441 conjugis
1829 1410 1910 1440 sunt,

1116 1452 1127 1472 α
1141 1446 1193 1473 ulla
1207 1447 1374 1481 transcribo;
1391 1457 1400 1475 ι
1417 1456 1468 1476 nec
1483 1458 1493 1475 ι
1503 1456 1563 1477 eum
1574 1450 1728 1486 genitalium
1743 1457 1912 1480 commentor

1112 1492 1259 1526 artiﬁcem;
1282 1503 1292 1520 ›
1309 1502 1358 1522 nec
1375 1504 1385 1520 ι
1399 1496 1573 1524 excitatorem
1589 1497 1706 1525 virorum
1729 1498 1778 1525 nisi
1802 1497 1837 1525 ad
1858 1498 1910 1526 illi-

1111 1538 1191 1572 cita,»
1207 1546 1256 1566 nec
1273 1549 1282 1566 ι
1294 1538 1493 1569 fecundatorem
1508 1542 1678 1576 mulierum,»
1696 1550 1745 1571 nec
1763 1552 1772 1569 ι
1785 1543 1910 1571 condito-

1111 1591 1169 1612 rem
1181 1593 1191 1611 ι
1205 1592 1299 1613 assero
1316 1594 1326 1611 ‹
1338 1587 1520 1621 parvulorum.
1533 1596 1543 1613 ι
1568 1587 1631 1615 Haec
1651 1596 1716 1624 ergo
1740 1597 1800 1624 qua:
1823 1597 1839 1617 a
1865 1597 1910 1618 me

1111 1631 1197 1659 aliena
1218 1636 1298 1667 sunt,
1322 1632 1345 1660 si
1367 1632 1406 1660 eis
1418 1632 1452 1660 de
1467 1641 1511 1661 me
1525 1632 1624 1661 dixeris
1636 1635 1657 1668 ',
1679 1635 1817 1663 mentieris
1829 1644 1835 1663 :
1847 1640 1875 1663 et
1886 1636 1909 1664 si

1111 1677 1251 1712 quisquam
1265 1685 1357 1705 eorum
1381 1677 1427 1705 tibi
1441 1678 1554 1706 credens
1574 1679 1695 1708 acerbior
1716 1680 1742 1707 in
1763 1689 1805 1708 me
1827 1680 1911 1709 fuerit

1110 1720 1207 1756 factus,
1221 1722 1348 1759 deceptus
1362 1724 1459 1759 poterit
1471 1732 1541 1759 esse,
1554 1733 1606 1753 non
1619 1726 1738 1755 doctus“.
1754 1726 1773 1754 li
1783 1735 1846 1755 vero
1859 1728 1909 1763 qui

1111 1774 1140 1798 et
1163 1774 1306 1806 utrumque
1329 1775 1449 1799 nostrum
1461 1793 1469 1805 ,
1490 1777 1517 1799 et
1533 1772 1611 1800 ﬁdem
1627 1773 1785 1801 catholicam
1799 1774 1906 1808 sciunt,

1111 1816 1214 1845 discere
1227 1817 1275 1845 abs
1288 1821 1313 1845 te
1326 1818 1425 1853 aliquid
1439 1818 1548 1852 nolunt;
1565 1819 1613 1847 sed
1633 1825 1730 1847 cavent
1743 1820 1850 1856 potius,
1873 1828 1910 1849 ne

1112 1862 1218 1890 auferas
1230 1863 1300 1899 quod
1316 1868 1458 1892 noverunt.
1474 1863 1547 1892 Multi
1563 1865 1659 1901 quippe
1674 1870 1736 1893 sunt
1751 1866 1777 1894 in
1791 1867 1848 1900 eis,
1863 1867 1910 1903 qui

1111 1916 1165 1936 non
1186 1909 1272 1936 solum
1287 1915 1385 1945 przeter
1399 1918 1459 1943 me,
1485 1918 1577 1938 verum
1591 1911 1670 1939 etiam
1683 1912 1787 1947 priores
1801 1919 1846 1940 me
1859 1913 1913 1941 ista

1111 1953 1281 1988 didicerunt,
1305 1963 1365 1991 qua:
1385 1960 1474 1984 vester
1493 1964 1578 1985 novus
1593 1965 1665 1984 error
1677 1962 1821 1993 oppugnat.
1837 1958 1911 1987 Cum

1111 2007 1176 2035 ergo
1190 2008 1243 2028 non
1256 2008 1302 2029 eos
1313 2001 1370 2038 ipsc
1384 2001 1503 2036 fecerim,
1517 2003 1564 2031 sed
1575 2003 1719 2031 invenerim
1733 2003 1814 2039 hujus
1826 2012 1911 2040 quam

1112 2048 1216 2082 negatis
1228 2049 1314 2076 socios
1326 2049 1448 2076 veritatis
1459 2070 1467 2083 ,
1481 2048 1615 2084 quomodo
1627 2050 1665 2079 eis
1678 2057 1727 2085 ego
1739 2057 1799 2078 sum
1813 2057 1911 2080 auctor

1112 2090 1191 2129 hujus
1205 2101 1283 2129 quem
1297 2095 1395 2129 putatis
1407 2095 1528 2123 erroris?

1147 2138 1259 2167 CAPUT
1275 2140 1319 2167 IX.
1331 2141 1419 2168 -21,
1440 2150 1449 2168 ι
1462 2142 1582 2177 Explica,
1596 2151 1605 2169 ι
1623 2143 1711 2179 inquis
1721 2163 1730 2178 ,
1749 2153 1759 2171 ‹
1771 2145 1909 2180 quomodo

1111 2189 1250 2220 peccatum
1266 2194 1387 2221 personae
1400 2187 1437 2214 illi
1450 2187 1522 2222 juste
1536 2188 1620 2223 possit
1634 2189 1748 2217 adscribi
1761 2211 1769 2224 ,
1783 2198 1843 2226 qua:
1857 2199 1909 2220 nec

1112 2232 1196 2260 voluit
1221 2240 1342 2267 peccare,
1367 2241 1417 2261 nec
1441 2235 1534 2269 potuit.
1548 2244 1558 2261 ι
1582 2235 1660 2263 Aliud
1682 2240 1722 2264 est
1744 2238 1908 2272 perpetratio

1111 2278 1279 2313 propriorum
1292 2299 1300 2312 ,
1323 2279 1394 2306 aliud
1417 2279 1563 2308 alienorum
1578 2282 1700 2317 contagio
1715 2287 1906 2317 peccatorum,

1111 2329 1238 2361 quantum
1253 2325 1358 2360 quidem
1373 2326 1405 2353 ad
1420 2334 1474 2353 sua:
1486 2327 1613 2363 cujusque
1624 2328 1685 2355 vita:
1696 2329 1811 2363 pertinet
1820 2330 1904 2356 actio-

1112 2380 1185 2400 nem.
1201 2372 1267 2399 Nam
1281 2372 1304 2400 si
1318 2380 1366 2400 vos
1381 2374 1539 2402 sententiam
1555 2378 1655 2402 rectam
1671 2375 1698 2402 in
1714 2381 1831 2403 vestrum
1847 2380 1904 2404 tor-

1111 2423 1169 2446 tum
1185 2426 1290 2447 sensum
1312 2424 1436 2455 torquere
1459 2421 1580 2455 nolletis,
1605 2422 1733 2450 audiretis
1744 2423 1906 2458 Apostolum

1111 2465 1163 2493 hoc
1183 2465 1300 2494 breviter
1314 2467 1493 2501 explicantem
1506 2488 1513 2501 ,
1537 2460 1582 2503 qui
1603 2476 1684 2496 unum
1700 2468 1767 2496 dixit
1780 2469 1863 2497 fuisse
1877 2470 1906 2499 in

1110 2519 1164 2548 quo
1187 2519 1281 2540 omnes
1305 2518 1490 2547 peccaverunt.
1519 2513 1548 2542 In
1570 2514 1617 2541 illo
1642 2522 1695 2542 uno
1719 2515 1818 2543 mortui
1841 2520 1907 2544 sum.

1111 2565 1222 2592 omnes,
1241 2562 1270 2586 ut
1289 2563 1437 2586 moreretur
1449 2559 1517 2587 alius
1535 2567 1604 2588 unus
1616 2567 1666 2596 pro
1678 2561 1811 2589 omnibus.
1829 2560 1906 2589 Unus

1111 2604 1182 2632 enim
1202 2612 1248 2640 pro
1271 2603 1385 2632 omnibus
1409 2609 1522 2633 mortuus
1545 2609 1581 2633 est
1597 2613 1678 2642 :ergo
1698 2615 1783 2635 omnes
1808 2608 1906 2635 mortui

1111 2657 1170 2680 lunt
1183 2651 1217 2688 (ll
1225 2652 1284 2680 Cor.
1303 2660 1326 2686 v,
1344 2651 1399 2689 M),
1414 2661 1461 2689 pro
1473 2654 1568 2689 quibus
1579 2653 1702 2686 Christus
1714 2660 1837 2684 mortuus
1849 2660 1905 2685 est.

1110 2698 1182 2734 Nega
1202 2698 1281 2734 igitur
1295 2697 1429 2726 Christum
1449 2700 1529 2728 etiam
1547 2707 1596 2736 pro
1617 2701 1733 2737 parvulis
1745 2706 1883 2731 mortuum
1895 2723 1905 2736 ,

1111 2768 1214 2797 omisso,
1236 2765 1270 2792 in.
1293 2770 1353 2792 ’t‘res
1364 2766 1505 2823 MSS.W
1523 2774 1579 2796 cum
1600 2768 1707 2801 parvulis
1724 2769 1775 2796 suis
1792 2773 1905 2803 egerant.

1111 2802 1185 2823 tinus.
1195 2798 1236 2823 συὶ
1246 2802 1301 2823 cum
1309 2793 1415 2823 servulis
1463 2804 1475 2823 ε
1486 2802 1593 2823 acerem.

1111 2793 1617 2847 ""Psénﬁffaﬁ'ﬁinsmﬁﬁb’aﬂﬁﬂgu
1642 2837 1700 2847 ..κιρ
1711 2830 1815 2847 κλμ-ιι
1830 2830 1895 2847 ιιι-ε

1144 2831 1153 2847 ι
1172 2828 1328 2866 Floriagensis
1338 2832 1390 2859 “5.,
1399 2828 1518 2861 peculiari:
1528 2829 1617 2856 diaboli
1625 2848 1632 2862 ,
1641 2837 1700 2864 quos
1711 2830 1815 2858 redemi!
1830 2830 1907 2858 Chri-

1111 2864 1161 2888 stus
1171 2866 1286 2888 sanatum
1296 2865 1347 2885 suo.

1144 2894 1155 2940 ί
1171 2891 1650 2954 Tﬂi‘kﬂﬁgﬁﬂﬁ:
1663 2927 1728 2958 Lam,
1738 2930 1787 2952 non
1798 2923 1908 2953 doctior.

1115 2958 1144 2982 At
1154 2954 1270 2981 meliores
1279 2957 1344 2982 Ias.
1355 2959 1403 2981 non
1414 2953 1506 2981 ἀοεαω.

1180 2954 1270 2981 charm
1279 2957 1344 2988 Ias,
1355 2953 1403 2981 vim
1414 2953 1506 2981 meo.
