4022 6466
211 449 312 509 837

208 569 268 626 ιιι
304 564 512 622 eximas
550 576 645 620 eos
671 559 740 620 de
767 573 995 640 numero
1022 565 1354 618 mortuorum
1378 601 1392 628 ,
1434 559 1538 618 hoc
1575 569 1686 630 est,
1731 560 1800 618 de

207 655 456 730 contagio
485 664 846 728 peccatorum.
882 675 901 710 ι
926 657 1028 724 Qui
1052 656 1167 714 ﬁeri
1193 664 1388 728 potest,
1418 675 1437 709 ι
1470 654 1666 726 inquis,
1701 673 1720 708 ι
1741 661 1802 709 ιιι

207 767 292 809 res
331 749 540 807 arbitrii
582 749 877 806 conditioni
907 749 1167 805 seminum
1196 747 1520 804 misceatur?
1550 767 1569 800 ι
1603 746 1659 803 Si
1687 745 1799 800 fieri

208 858 308 900 uon
339 848 544 912 posset,
573 856 684 896 non
707 849 852 897 esset
877 839 1021 897 unde
1047 841 1294 912 parvulos
1321 839 1556 895 nondum
1587 837 1654 892 de
1680 852 1801 892 cor-

205 948 333 1005 pore
375 947 626 1006 egressos
665 941 908 990 mortuos
937 932 1260 989 diceremus.
1288 930 1420 1000 Quia
1469 932 1514 986 si
1554 929 1800 986 Christus

204 1038 257 1086 et
283 1044 384 1099 pro
415 1029 548 1101 ipsis
573 1038 816 1085 mortuus
845 1037 962 1096 est,
1010 1042 1138 1100 ergo
1181 1036 1236 1084 et
1272 1028 1371 1098 ipsi
1416 1026 1610 1082 mortui
1633 1033 1796 1081 sunt:

205 1122 447 1192 quoniam
476 1122 521 1176 si
546 1138 676 1177 unus
705 1138 797 1192 pro
821 1121 1048 1177 omnibus
1088 1131 1315 1175 mortuus
1341 1129 1441 1189 est,
1483 1135 1602 1191 ergo
1630 1135 1799 1173 omnes

205 1213 390 1268 mortui
418 1222 556 1269 sunt.
579 1211 817 1270 Audisne
835 1255 850 1280 ,
897 1213 1142 1269 Juliane?
1183 1213 1296 1268 haec
1329 1211 1571 1283 Apostoli
1600 1210 1758 1266 verba
1781 1252 1796 1278 ,

207 1321 311 1362 non
345 1322 467 1361 mea
500 1315 642 1361 sunt.
675 1306 811 1375 Quid
851 1321 880 1360 a
910 1321 996 1362 me
1038 1303 1269 1376 quatris,
1323 1323 1341 1356 ι
1371 1320 1478 1376 quo
1506 1304 1575 1360 sit
1603 1303 1798 1358 factum

203 1397 388 1464 modo,
422 1414 442 1450 ι
475 1412 596 1452 cum
625 1397 805 1452 videas
851 1397 1047 1454 factum
1089 1411 1208 1453 esse
1235 1403 1573 1468 quecumque
1603 1394 1796 1463 modo,

202 1489 247 1545 si
274 1489 535 1560 Apostolo
558 1489 744 1545 credas
769 1489 950 1561 aliquo
988 1489 1168 1558 modo,
1202 1489 1289 1560 qui
1319 1487 1384 1544 de
1409 1487 1623 1543 Christo
1653 1496 1706 1543 et
1732 1485 1799 1543 de

202 1579 287 1637 his
315 1597 415 1652 pro
453 1582 643 1653 quibus
670 1592 911 1638 mortuus
941 1592 1020 1639 est
1047 1581 1319 1646 Christus,
1370 1583 1580 1638 mentiri
1627 1586 1800 1654 potuit

202 1673 353 1732 nullo
378 1675 580 1731 modo?

272 1765 369 1823 25.
401 1765 586 1823 Potest
627 1775 801 1822 autem
846 1767 950 1824 diei
993 1767 1131 1824 Deus
1159 1767 1226 1824 ab
1260 1768 1384 1834 alio,
1419 1769 1602 1838 quales
1632 1768 1797 1838 estis,

205 1873 501 1932 perverso,
554 1860 646 1918 sed
688 1876 870 1918 errore
915 1861 1160 1928 diverso;
1211 1871 1386 1934 potest
1428 1878 1647 1933 prorsus
1693 1863 1800 1919 dici

201 1952 370 2022 Deus,
402 1953 544 2025 quod
577 1969 673 2010 nos
700 1956 901 2012 sentire
925 1956 992 2011 de
1019 1957 1251 2026 parvulis
1278 1956 1428 2022 dicis,
1467 1976 1485 2010 ι
1510 1956 1576 2014 ad
1599 1957 1799 2013 inimici

199 2045 284 2101 sui
317 2045 526 2101 lucrum
555 2061 769 2118 semper
793 2045 1123 2114 industrius;
1153 2066 1171 2099 ι
1208 2048 1328 2119 quia
1353 2063 1446 2104 eos
1467 2065 1602 2120 quos
1627 2049 1797 2118 novit,

205 2153 318 2194 non
347 2137 413 2194 ad
463 2148 674 2210 tempus
720 2139 820 2194 sub
862 2139 1072 2196 diabolo
1116 2139 1361 2207 futuros,
1413 2139 1510 2197 sed
1555 2157 1676 2197 cum
1708 2140 1800 2197 illo

197 2245 419 2302 semper
445 2247 685 2297 arsuros,
719 2247 826 2286 non
863 2229 1060 2287 desinit
1088 2247 1292 2299 creare,
1324 2233 1549 2300 nutrire,
1578 2233 1795 2299 vestire,

198 2327 389 2397 eisque
438 2326 862 2398 pertinacissima
916 2325 1193 2398 iniquitate
1239 2329 1584 2399 peccantibus
1634 2330 1798 2386 vitam

198 2417 541 2490 salutemque
571 2417 996 2474 subministrare.
1042 2419 1152 2488 Sed
1190 2418 1315 2475 facit
1361 2419 1463 2476 hoc
1493 2422 1635 2478 Deus
1661 2437 1799 2494 quo-

195 2509 366 2567 modo
405 2511 580 2567 sciens
627 2507 766 2568 bene
797 2513 871 2567 uti
901 2521 955 2568 et
984 2511 1139 2571 bonis
1166 2523 1220 2568 et
1246 2515 1434 2582 malis;
1481 2515 1634 2585 cujus
1678 2531 1795 2572 ma-

193 2600 409 2673 iestatis
433 2601 637 2666 usibus,
671 2619 775 2657 non
810 2603 982 2659 solum
1025 2621 1116 2659 eos
1146 2620 1281 2676 quos
1312 2607 1505 2676 premit
1530 2616 1622 2662 aut
1650 2607 1797 2664 deci-

193 2692 297 2765 pit,
323 2693 418 2748 sed
451 2710 548 2749 nec
572 2709 630 2750 se
653 2695 825 2765 ipsum
857 2697 1200 2768 malignitatis
1229 2698 1386 2754 ullius
1410 2707 1526 2755 arte
1555 2699 1799 2756 diabolus

196 2785 492 2844 Subtrahit.
518 2790 596 2843 Ac
630 2805 722 2858 per
748 2789 850 2845 hoc
877 2805 980 2846 non
1012 2793 1278 2862 pertinent
1299 2793 1365 2848 ad
1391 2794 1681 2862 diabolum,
1705 2799 1797 2868 qui

193 2886 465 2933 eruuntur
489 2877 558 2934 de
589 2878 783 2935 diaboli
813 2891 1076 2952 potestate
1101 2901 1113 2937 :
1139 2885 1230 2956 qui
1267 2900 1396 2942 vero
1425 2885 1491 2941 ad
1520 2902 1640 2942 eum
1671 2903 1796 2958 per-

193 2970 393 3037 tinent,
428 2972 481 3026 in
511 2972 624 3039 Dei,
655 2974 792 3028 sicut
820 2975 954 3046 ipse,
982 2986 1106 3033 sunt
1136 2987 1419 3048 potestate.

271 3061 363 3118 26.
387 3063 557 3134 Quam
582 3081 776 3120 vanum
799 3077 879 3122 est
905 3068 1086 3138 igitur,
1115 3069 1255 3138 quod
1281 3072 1491 3127 acutule
1521 3082 1571 3128 te
1596 3072 1797 3130 dixisse

192 3153 515 3224 arbitraris,
557 3157 708 3226 quasi
755 3174 1094 3229 asseramus,
1146 3160 1291 3216 «hoc
1338 3162 1476 3218 inter
1517 3180 1577 3220 se
1622 3164 1796 3221 fwdus

192 3246 390 3305 iniisse
417 3245 689 3304 diabolum
717 3260 772 3306 et
803 3251 967 3307 Deum
994 3293 1009 3319 ,
1058 3261 1115 3307 ut
1143 3254 1401 3326 quidquid
1429 3255 1794 3328 perfunditur,

190 3338 384 3408 Deus;
436 3341 688 3414 quidquid
721 3345 990 3415 nascitur,
1033 3346 1275 3402 diabolus
1305 3348 1406 3404 sibi
1439 3350 1707 3406 vindicet:
1733 3365 1796 3407 ea

190 3442 383 3491 tamen
424 3435 560 3509 lege,
589 3458 607 3491 ι
652 3439 787 3494 sicut
812 3439 967 3509 dicis,
1014 3459 1032 3492 ι
1065 3450 1121 3496 ιιι
1149 3442 1316 3513 ipsam
1360 3445 1795 3500 commixtionem

188 3543 364 3599 quam
392 3521 637 3588 diabolus
666 3523 929 3601 instituit,
957 3533 1102 3590 Deus
1129 3535 1358 3591 obnoxia
1389 3537 1583 3594 virtute
1611 3537 1797 3594 fecun-

189 3619 338 3679 det?
371 3641 389 3674 ι
422 3621 650 3680 Prorsus
680 3641 778 3682 nec
806 3626 1035 3682 instituit
1063 3627 1306 3686 diabolus
1335 3632 1793 3704 commixtionem,

186 3715 458 3786 quoniam
486 3727 628 3773 esset
654 3728 707 3774 et
736 3719 780 3774 si
808 3735 966 3776 nemo
992 3707 1297 3792 peccasset;
1329 3723 1423 3779 sed
1455 3724 1525 3779 ita
1550 3733 1714 3791 esset,
1738 3734 1798 3782 ut

187 3813 287 3864 tua
339 3805 415 3862 ibi
459 3819 706 3880 suscepta
747 3811 834 3868 vel
877 3812 1020 3868 nulla
1067 3822 1230 3883 esset,
1281 3814 1362 3870 vel
1409 3815 1643 3886 inquieta
1687 3832 1795 3874 non

188 3911 345 3958 esset
371 3919 384 3956 :
411 3918 512 3959 nec
537 3902 766 3960 obnoxia
806 3907 1034 3974 virtute,
1067 3908 1162 3964 sed
1193 3908 1361 3965 libera
1391 3917 1446 3966 et
1483 3912 1795 3983 potentissi-

188 4007 286 4050 ma
332 3991 479 4048 Deus
527 3996 774 4050 fecundat
821 4007 1000 4052 uteros
1047 3998 1404 4068 feminarum,
1458 4003 1620 4058 etiam
1668 4018 1796 4060 vasa

187 4077 464 4142 diabolica
494 4085 780 4156 parituros.
814 4086 960 4144 Sicut
988 4089 1127 4144 enim
1166 4090 1470 4147 hominibus
1496 4093 1650 4148 malis
1673 4133 1690 4162 ,
1722 4096 1794 4150 ita

187 4189 256 4236 et
284 4178 580 4236 seminibus
601 4195 667 4236 ex
693 4181 894 4252 origine
921 4182 1139 4246 vitiatis,
1166 4183 1218 4238 in
1241 4184 1433 4256 quibus
1459 4186 1598 4242 bona
1626 4195 1709 4246 est
1729 4189 1796 4245 ab

187 4271 292 4329 illo
322 4284 503 4329 creata
533 4273 848 4340 substantia,
884 4275 1293 4344 incrementum,
1327 4279 1574 4348 formam,
1608 4280 1791 4349 vitam,

186 4367 537 4440 salutemque
564 4367 784 4438 largitur
813 4369 1039 4442 gratuita
1079 4370 1334 4437 bonitate,
1367 4372 1509 4427 nulla
1555 4374 1794 4430 necessi-

186 4455 332 4521 tate,
366 4447 711 4529 insuperabili
747 4468 1025 4530 potestate,
1056 4460 1514 4532 irreprehensibili
1547 4465 1791 4522 veritate.

187 4549 334 4607 Cum
367 4565 495 4621 ergo
538 4558 822 4624 utrumque
869 4553 923 4608 in
967 4562 1229 4625 potestate
1277 4556 1347 4612 sit
1393 4557 1510 4622 Dei,
1559 4566 1615 4614 et
1651 4559 1796 4629 quod

186 4629 537 4713 perfunditur
574 4642 798 4710 scilicet,
847 4653 900 4699 et
948 4645 1087 4716 quod
1133 4647 1392 4713 nascitur,
1437 4663 1468 4704 a
1511 4650 1664 4720 cujus
1696 4666 1796 4721 po-

187 4739 396 4788 testate
429 4732 634 4788 alienus
679 4750 778 4790 nec
821 4735 934 4806 ipse
981 4736 1226 4794 diabolus
1271 4741 1560 4811 invenitur,
1605 4753 1658 4799 tu
1687 4744 1795 4800 duo

186 4817 300 4883 ista
329 4813 598 4896 quomodo
641 4828 908 4897 posuisti?
955 4828 1143 4888 Utrum
1184 4832 1374 4890 melius
1419 4847 1538 4890 esse
1584 4835 1798 4893 voluisti

186 4915 352 4972 nasci
381 4931 539 4987 quam
590 4919 873 4988 perfundi?
902 4919 984 4976 An
1013 4921 1202 4976 melius
1225 4938 1345 4978 esse
1371 4925 1636 4996 perfundi,
1665 4928 1788 4998 quia

187 5009 272 5068 ibi
304 5018 390 5065 est
415 5020 471 5066 et
502 5012 685 5067 nasci?
711 5013 825 5069 Non
848 5017 990 5070 enim
1029 5017 1270 5086 perfundi
1298 5022 1494 5090 poterit
1519 5023 1610 5092 qui
1636 5033 1794 5082 natus

187 5119 309 5162 non
342 5103 519 5160 fuerit.
549 5107 630 5160 An
672 5115 954 5179 utrumque
1001 5126 1152 5179 requa
1195 5112 1348 5168 lanc'e
1387 5117 1711 5186 perpendis?
1737 5119 1794 5176 Si

189 5196 351 5254 nasci
380 5204 532 5265 putas
558 5213 682 5255 esse
705 5199 917 5268 melius,
952 5205 1341 5274 regenerationi
1371 5207 1634 5276 Spirituali
1661 5209 1793 5269 facis

189 5289 472 5360 iniuriam,
498 5289 582 5347 cui
609 5295 1010 5373 generationem
1031 5299 1299 5355 carnalem
1330 5301 1590 5373 sacrilego
1609 5317 1793 5362 errore

191 5381 493 5453 praeponis.
520 5381 635 5438 Non
666 5365 808 5440 ehim
841 5386 1032 5443 frustra
1065 5389 1306 5448 crederis
1329 5392 1564 5450 noluisse
1588 5395 1788 5466 dicere,

194 5472 360 5542 Quod
389 5475 724 5546 renascitur;-
768 5477 886 5544 sed,
915 5496 934 5531 ι
963 5481 1103 5550 quod
1125 5482 1493 5552 perfunditur:
1521 5505 1540 5540 ι
1567 5497 1626 5542 ιιι
1654 5505 1790 5560 quo-

191 5565 345 5622 niam
373 5564 649 5622 diabolum
690 5577 744 5624 et
771 5569 935 5625 Deum
961 5573 1114 5642 quasi
1139 5586 1318 5644 partes
1357 5577 1495 5634 inter
1518 5594 1578 5636 se
1601 5579 1793 5639 fecisse

190 5672 300 5730 per
325 5667 571 5715 nostrum
603 5674 818 5718 sensum
848 5662 1218 5726 demonstrare
1247 5669 1499 5742 cupiebas
1522 5713 1538 5739 ,
1583 5683 1790 5746 partem

192 5739 296 5808 Dei
341 5739 552 5809 faceres
589 5753 735 5810 verbi
767 5754 967 5812 vilitate
994 5757 1255 5815 viliorem.
1288 5739 1511 5819 Dotuisti
1540 5766 1681 5822 enim
1711 5767 1790 5823 di-

192 5856 345 5911 cere,
371 5845 525 5914 Quod
556 5848 888 5915 renascitur;
939 5850 1177 5922 potuisti,
1224 5853 1376 5921 Quod
1404 5869 1786 5928 regeneratur;

192 5938 422 6015 potuisti
464 5949 760 6014 postremo,
806 5941 959 6012 Quod
998 5943 1298 6027 baptizatur
1325 5965 1342 6004 ι
1367 5948 1470 6008 hoc
1494 5951 1635 6012 enim
1663 5969 1787 6014 ver-

1597 443 1801 505 LIBER
1837 437 2127 504 SEXTUS.

3389 452 3496 530 838

1907 555 2032 614 bum
2074 573 2140 614 ex
2187 572 2361 635 graeco
2405 558 2568 617 latina
2595 563 2929 622 consuetudo
2953 567 3031 624 sic
3059 565 3259 640 habet,
3303 581 3498 648 utnon

1908 651 2078 708 soleat
2094 652 2219 708 alibi
2241 653 2343 709 nisi
2364 653 2418 709 in
2440 653 2786 742 Sacramento
2808 663 3229 732 regenerationis
3248 652 3494 742 intelligi.

1906 741 2052 799 Nihil
2081 743 2272 800 horum
2302 745 2483 804 dicere
2507 738 2741 836 voluisti,
2785 753 2880 809 sed
2906 754 3112 827 elegisti
3142 759 3364 818 verbum
3389 738 3499 836 quo

1909 836 2061 894 fieret
2088 841 2491 911 contemptibile
2519 843 2659 915 quod
2687 834 2921 904 dicebas.
2948 848 3117 907 Nemo
3143 854 3286 909 enim
3314 834 3498 928 legen-

1905 928 2036 984 tium
2075 930 2332 1002 przeferre
2373 943 2553 1004 posset
2583 943 2764 993 natum
2794 947 3000 1009 renato,
3049 942 3134 998 vel
3161 957 3496 1018 regenerato,

1904 1020 1992 1076 vel
2016 1021 2315 1093 baptizato;
2349 1027 2444 1080 sed
2473 1025 2629 1083 facile
2654 1033 2847 1100 putasti
2873 1042 3054 1090 natum
3079 1034 3318 1107 prmferri
3339 1055 3501 1111 posse

1904 1113 2140 1182 perfuso.
2193 1115 2251 1171 Si
2295 1126 2473 1174 autem
2518 1130 2773 1191 quantum
2819 1125 2980 1182 distat
3026 1129 3221 1186 coelum
3251 1149 3283 1188 a
3315 1142 3451 1191 terra
3477 1177 3497 1206 ,

1904 1213 2053 1261 tanto
2081 1208 2274 1264 melius
2303 1217 2386 1265 est
2415 1211 2662 1282 perfundi
2707 1223 2763 1270 ut
2793 1227 3034 1288 portetur
3063 1221 3295 1281 hominis
3324 1225 3500 1300 imago

1907 1297 2162 1366 caelestis,
2205 1315 2369 1371 quam
2398 1305 2545 1359 nasci
2574 1313 2630 1360 ut
2659 1317 2900 1377 portetur
2929 1309 3161 1370 hominis
3192 1315 3366 1388 imago
3395 1297 3500 1374 ter-

1903 1389 2018 1444 reni
2049 1388 2109 1459 (Ι
2139 1389 2258 1447 Cor.
2293 1409 2382 1462 xv,
2413 1395 2543 1466 49);
2593 1400 2809 1455 evanuit
2846 1401 2957 1471 jam
2992 1413 3078 1458 tua
3107 1405 3209 1460 ista
3241 1406 3499 1465 invidiosa

1903 1480 2139 1550 partitio.
2170 1480 2356 1554 Neque
2395 1485 2538 1542 enim
2579 1487 2882 1546 mirandum
2915 1502 2998 1549 est
3021 1536 3034 1562 ,
3065 1496 3110 1550 si
3137 1497 3374 1554 caelestis
3398 1500 3499 1557 ho-

1903 1571 2065 1627 minis
2109 1572 2418 1645 imaginem,
2467 1594 2586 1648 qua:
2637 1595 2789 1637 sacra
2836 1581 3143 1654 perfusione
3191 1592 3498 1664 suscipitur,

1904 1662 2005 1718 sibi
2033 1662 2264 1721 vindicat
2309 1667 2485 1736 Deus;
2533 1670 2817 1744 imaginem
2859 1693 2987 1734 vero
3029 1683 3225 1738 terreni
3266 1662 3500 1742 hominis

1906 1762 2119 1812 terrena
2147 1757 2266 1815 labe
2293 1759 2598 1819 sordentem
2626 1766 2752 1821 sinit
2780 1783 2900 1825 esse
2925 1769 3025 1826 sub
3051 1772 3264 1830 diabolo
3288 1794 3301 1831 :
3326 1777 3499 1836 donec

1905 1846 1971 1902 ad
2001 1850 2400 1920 suscipiendam
2422 1854 2659 1914 cmlestis
2681 1857 2918 1918 hominis
2940 1863 3229 1938 imaginem
3252 1885 3500 1928 renasca-

1906 1948 1993 1995 tur
2018 1941 2072 1996 in
2098 1939 2336 2002 Christo.

1973 2031 2063 2087 27.
2104 2031 2271 2091 Porro
2305 2036 2349 2092 si
2387 2038 2628 2108 perfundi
2655 2049 2710 2097 et
2747 2045 2892 2100 nasci
2932 2047 3124 2118 mquali
3161 2049 3258 2107 abs
3288 2058 3340 2109 te
3363 2068 3500 2125 pen-

1903 2133 2088 2180 santur
2114 2128 2386 2210 examine,
2418 2139 2476 2186 ut
2520 2132 2641 2190 ideo
2677 2137 2882 2207 parvuli
2912 2141 3147 2198 nondum
3189 2146 3360 2203 renati
3389 2164 3502 2207 non

1903 2215 2190 2273 credantur
2214 2236 2334 2278 esse
2363 2223 2462 2279 sub
2488 2223 2702 2282 diabolo
2720 2269 2735 2296 ,
2766 2246 2832 2286 ne
2857 2242 3038 2302 partes
3081 2238 3315 2308 aequales
3358 2241 3502 2300 inter

1903 2323 1962 2366 se
2012 2311 2150 2367 Deus
2189 2322 2244 2368 et
2281 2315 2524 2374 diabolus
2565 2320 2740 2377 facere
2777 2323 3088 2396 videantur,
3133 2329 3177 2385 si
3217 2331 3359 2390 Deus
3396 2334 3501 2392 sibi

1902 2399 2166 2470 perfusos,
2211 2404 2456 2463 diabolus
2497 2417 2674 2466 autem
2724 2413 2957 2472 vindicat
3006 2427 3204 2477 natos:
3258 2425 3502 2494 profecto

1901 2494 2026 2565 quia
2077 2497 2371 2554 secundum
2429 2501 2588 2558 istum
2645 2520 2861 2563 sensum
2918 2519 3123 2568 tantum
3176 2515 3316 2574 valet
3370 2534 3498 2589 per-

1902 2587 2052 2643 fundi
2095 2601 2350 2661 quantum
2393 2595 2534 2651 valet
2579 2599 2760 2668 nasci,
2803 2603 3130 2673 superﬂuum
3165 2587 3500 2680 persuadetis

1901 2693 2022 2735 esse
2051 2679 2329 2752 perfundi;
2361 2688 2637 2758 quoniam,
2669 2691 2811 2762 quod
2840 2679 3177 2755 tantumdem
3197 2701 3356 2771 valet,
3389 2705 3501 2760 suf-

1901 2770 2014 2825 lleit
2053 2773 2218 2827 nasci.
2250 2775 2316 2830 Et
2361 2785 2539 2834 tamen
2580 2781 2786 2851 agimus
2821 2786 3040 2857 gratias,
3083 2792 3206 2862 quia
3249 2770 3355 2849 non
3392 2795 3500 2854 hoc

1900 2863 2120 2934 putatis.
2153 2863 2269 2920 Non
2297 2867 2437 2923 enim
2467 2869 2535 2924 ad
2565 2887 2787 2944 regnum
2811 2875 2907 2932 Dei
2938 2890 3112 2951 natos,
3145 2884 3248 2940 nisi
3275 2887 3494 2956 perfun-

1901 2951 2097 3012 dantur
2120 2998 2135 3024 ,
2177 2958 2455 3017 admittitis
2484 2981 2497 3017 :
2546 2973 2705 3037 atque
2730 2967 2802 3023 ita
2832 2971 3080 3042 perfundi
3104 2951 3498 3040 multovmelius

1896 3045 2146 3119 iudicatis
2175 3066 2296 3107 esse
2322 3069 2480 3124 quam
2509 3058 2673 3112 nasci.
2703 3058 2822 3115 Jam
2849 3063 3029 3135 itaque
3062 3067 3212 3125 vobis
3236 3068 3341 3141 ipsi
3365 3072 3494 3129 red-

1901 3138 2009 3196 dite
2039 3142 2325 3212 rationem,
2356 3163 2425 3203 ne
2450 3152 2647 3219 putetis
2669 3153 2964 3226 indignum,
2991 3162 3155 3232 utqui
3177 3138 3281 3218 non
3303 3164 3499 3222 admit-

1901 3239 2086 3288 tuntur
2132 3235 2184 3290 in
2242 3253 2465 3310 regnum
2512 3243 2640 3308 Dei,
2670 3245 2778 3300 sint
2805 3248 2904 3304 sub
2947 3249 3039 3306 illo
3076 3254 3166 3324 qui
3206 3255 3399 3312 cecidit
3427 3258 3499 3316 de

1900 3339 2066 3395 regno
2093 3325 2217 3394 Dei;
2246 3338 2300 3385 et
2329 3332 2417 3403 qui
2447 3349 2552 3388 non
2581 3333 2778 3393 habent
2807 3340 2966 3396 vitam
2984 3383 3000 3410 ,
3030 3344 3137 3402 sint
3161 3346 3260 3403 sub
3288 3349 3382 3405 illo
3405 3352 3499 3424 qui

1899 3417 2133 3488 perdidit
2183 3421 2367 3480 vitam.
2412 3423 2529 3482 Non
2571 3436 2748 3484 autem
2790 3431 2987 3490 habere
3027 3438 3281 3506 parvulos
3306 3417 3493 3514 vitain,

1898 3509 2001 3565 nisi
2047 3510 2275 3569 habeant
2311 3514 2578 3574 Christum
2635 3521 2832 3593 (quem
2870 3527 3053 3596 procul
3094 3530 3257 3588 dubio
3297 3509 3497 3592 habere

1898 3617 2006 3658 non
2033 3615 2288 3678 possunt,
2321 3611 2420 3666 nisi
2450 3612 2721 3670 induerint
2747 3632 2868 3672 eum
2895 3661 2910 3687 ,
2943 3636 3008 3677 eo
3039 3623 3200 3682 modo
3227 3642 3333 3699 quo
3361 3631 3496 3687 scri—

1899 3701 2048 3764 ptum
2080 3704 2178 3765 est,
2213 3697 2464 3772 Quotquot
2491 3704 2542 3758 in
2571 3705 2769 3763 Christo
2796 3710 3037 3782 baptizati
3061 3716 3209 3784 estis,
3239 3697 3494 3778 Christum

1898 3784 2134 3842 iuduistis
2159 3786 2354 3860 [Galat.
2389 3809 2473 3862 Ill,
2503 3793 2620 3870 27])
2641 3815 2654 3852 :
2676 3814 2782 3854 non
2809 3815 2936 3872 ergo
2962 3819 3054 3860 eos
3081 3804 3278 3866 habere
3306 3810 3492 3884 vitam,

1899 3877 2000 3932 nisi
2031 3878 2253 3937 habeant
2286 3883 2581 3955 Christum,
2611 3887 2847 3949 Joannes
2876 3899 3200 3969 evangelista
3231 3877 3492 3976 testatur,

1899 3969 2084 4026 dicens
2124 3974 2174 4028 in
2213 3975 2446 4047 Epistola
2474 3997 2598 4050 sua,
2635 3982 2737 4052 Qui
2770 3987 2917 4042 habet
2955 3987 3185 4060 Filium,
3226 3995 3372 4052 habet
3413 3969 3492 4056 vi;

1901 4074 2046 4131 tant;
2079 4069 2166 4139 qui
2193 4087 2292 4124 non
2321 4072 2467 4127 habet
2503 4073 2726 4144 Filium,
2756 4079 2909 4136 vitam
2937 4099 3040 4139 non
3078 4085 3225 4142 habet
3268 4089 3306 4160 (1
3331 4090 3490 4148 Joan.

1899 4174 1936 4250 v
1960 4201 1974 4226 ,
2007 4159 2118 4232 12).
2153 4161 2339 4217 Merito
2369 4182 2496 4239 ergo
2526 4169 2891 4242 intelliguntur
2916 4179 3113 4232 mortui
3143 4181 3232 4250 qui
3264 4159 3369 4238 non
3397 4185 3494 4241 ha-

1898 4249 2028 4306 bent
2066 4252 2262 4322 vitam,
2297 4271 2393 4326 pro
2431 4259 2622 4329 quibus
2647 4271 2729 4317 est
2753 4263 2995 4324 Christus
3023 4249 3266 4328 mortuus
3306 4282 3362 4329 ut
3390 4275 3491 4332 ha-

1899 4343 2080 4400 beant.
2110 4345 2255 4403 Unus
2279 4349 2422 4405 enim
2445 4370 2537 4423 pro
2561 4357 2790 4413 omnibus
2811 4370 3037 4418 mortuus
3057 4373 3150 4433 est,
3179 4382 3297 4438 ergo
3319 4383 3491 4427 omnes

1899 4441 2088 4492 mortui
2112 4449 2244 4494 sunt.
2274 4442 2398 4498 ldeo
2428 4453 2604 4502 autem
2643 4461 2885 4508 mortuus
2915 4465 3017 4525 est,
3047 4457 3184 4514 sicut
3210 4459 3400 4532 legitur
3422 4465 3491 4521 ad

1899 4529 2154 4588 llebrmos
2179 4574 2193 4598 ,
2226 4543 2278 4588 ut
2308 4553 2396 4608 per
2417 4548 2624 4594 mortem
2651 4555 2914 4600 evacuarct
2941 4562 3054 4602 eum
3083 4551 3168 4620 qui
3193 4529 3490 4622 potestatem

1905 4622 2118 4678 habebat
2147 4629 2351 4696 mortis,
2385 4630 2438 4684 id
2462 4641 2564 4698 est,
2597 4633 2852 4690 diabolum
2891 4637 3074 4710 (Hebr.
3103 4658 3138 4698 ιι
3158 4683 3174 4711 ,
3208 4645 3317 4716 14).
3349 4645 3492 4714 Quid

1900 4730 2028 4788 ergo
2054 4718 2282 4789 mirum,
2311 4723 2354 4777 si
2383 4725 2621 4794 parvuli,
2654 4729 2904 4799 quamdiu
2931 4734 3127 4790 mortui
3151 4746 3312 4807 sunt,
3340 4749 3492 4799 anto-

1899 4826 2056 4882 quam
2086 4814 2340 4886 incipiant
2364 4833 2486 4874 eum
2512 4819 2714 4878 habere
2741 4825 2830 4895 qui
2857 4836 3098 4885 mortuus
3118 4840 3200 4886 est
3224 4847 3327 4904 pro
3348 4844 3494 4893 mor-

1898 4907 2027 4976 tuis,
2061 4908 2159 4964 sub
2188 4925 2252 4966 eo
2282 4922 2407 4968 sunt
2433 4913 2524 4984 qui
2554 4925 2874 4986 potestatem
2901 4920 3061 4979 habet
3084 4925 3312 4983 mortis?

1970 5000 2196 5058 CAPUT
2233 5001 2302 5059 X.
2330 5035 2396 5044 —
2419 5006 2508 5062 28.
2550 5008 2845 5068 Ennmeras
2873 5029 2992 5085 qua:
3024 5017 3154 5076 fides
3184 5036 3310 5078 vere
3334 5024 3350 5055 ¹
3382 5039 3487 5080 non

1896 5089 2104 5150 dubitet
2132 5093 2453 5165 christiana;
2498 5100 2548 5154 in
2589 5102 2781 5172 quibus
2811 5120 2871 5161 ea
2901 5121 3326 5180 commemoras,
3367 5131 3488 5186 quae

1897 5199 2034 5255 pene
2058 5187 2234 5242 omnia
2277 5190 2628 5259 praedicamus
2671 5204 2726 5250 et
2753 5211 2884 5266 nos,
2915 5209 2970 5258 et
3007 5201 3075 5259 de
3113 5205 3303 5274 quibus
3337 5206 3488 5262 nullo

1896 5276 2057 5332 modo
2096 5279 2444 5338 dubitandum
2485 5300 2604 5342 esse
2649 5302 2967 5360 censemus;
3017 5310 3184 5366 usque
3234 5295 3370 5352 adeo
3425 5307 3485 5354 ut

1897 5365 2060 5424 etiam
2107 5369 2235 5425 illud
2267 5373 2407 5444 quod
2451 5374 2604 5444 dicis,
2655 5397 2676 5432 ι
2710 5378 2840 5438 Sine
2885 5399 3046 5453 opere
3088 5365 3241 5442 liberi
3275 5385 3483 5444 arbitrii

1898 5461 2103 5516 nullum
2133 5462 2361 5521 hominis
2392 5481 2511 5524 esse
2540 5484 2699 5539 posse
2738 5482 3012 5545 peccatum
3034 5517 3050 5542 ,
3096 5494 3117 5528 ι
3151 5492 3333 5532 verum
3363 5493 3486 5536 esse

1896 5551 2179 5610 fateamur.
2206 5555 2321 5612 Non
2349 5559 2490 5615 enim
2513 5569 2565 5617 et
2591 5561 2695 5619 hoc
2720 5575 2863 5622 esset
2884 5575 3178 5637 peceatum,
3207 5569 3348 5640 quod
3377 5574 3478 5626 ori-

1896 5644 2070 5717 ginale
2098 5647 2398 5707 traheretur
2421 5694 2434 5719 ,
2466 5654 2582 5711 sine
2611 5672 2776 5728 opere
2803 5659 2956 5714 liberi
2989 5659 3216 5729 arbitrii,
3239 5677 3346 5732 quo
3372 5664 3480 5734 pri-

1895 5751 2017 5794 mus
2045 5739 2205 5798 homo
2242 5746 2516 5815 peccavit,
2545 5763 2643 5818 per
2669 5764 2826 5819 quem
2871 5761 3144 5821 peccatum
3183 5753 3400 5812 intravit
3428 5756 3484 5812 in

1893 5831 2185 5902 mundum,
2237 5835 2368 5891 etin
2407 5853 2596 5896 omnes
2651 5841 2893 5899 homines
2935 5846 3240 5918 pertransiit
3283 5846 3478 5920 (Rom.

1962 5967 1982 6004 ¹
2016 5957 2242 6032 Plerique
2264 5979 2404 6034 διεδ..
2419 5987 2549 6029 vera.

2889 6031 3029 6064 "1;qu
3073 6039 3094 6049 ⁵
