4022 6540
297 437 390 497 941

357 551 448 608 35.
478 548 538 605 Si
563 563 690 618 ergo
712 555 855 602 recte
881 545 959 600 vis
985 557 1195 612 sapere,
1217 540 1374 596 etiam
1395 538 1461 594 de
1487 535 1721 608 parvulis
1739 550 1870 606 sape

286 640 428 714 quod
457 639 532 696 ait
577 636 864 708 Apostolus
899 635 967 690 de
996 635 1107 688 Deo
1148 633 1340 696 Patre,
1382 629 1482 696 Qui
1519 627 1646 682 eruit
1689 641 1780 679 nos
1808 624 1873 679 de

289 740 534 801 potestate
559 729 907 793 tenebrarum,
937 734 984 778 et
1009 721 1262 776 transtulit
1288 721 1341 773 in
1367 735 1575 789 regnum
1601 715 1726 769 Filii
1750 715 1873 768 cita-

287 822 450 876 ritatis
479 835 586 874 sua:
613 817 832 888 (Coloss.
864 832 914 882 ι,
944 815 1032 884 15)
1063 831 1076 866 :
1115 823 1169 867 et
1196 810 1323 866 illud
1353 810 1580 863 alterum
1606 849 1620 871 ,
1656 805 1874 859 Fuimus

288 913 419 968 enim
462 919 510 964 et
552 925 644 963 nos
680 904 952 976 aliquando
983 912 1164 957 natura
1197 900 1293 969 ﬁlii
1319 901 1429 968 ira,
1461 899 1589 953 sicut
1617 905 1664 950 et
1707 893 1874 949 ceteri

289 1003 505 1076 (Ephcs.
533 1017 592 1066 ιι,
614 1001 693 1070 5).
721 1000 920 1053 Omnes
938 996 1080 1051 enim
1117 1001 1376 1050 eruuntur
1397 991 1465 1046 de
1487 996 1749 1060 potestate
1794 995 1872 1040 te.

287 1093 578 1149 nebrarum
607 1089 895 1145 etﬁliiira:
940 1094 1111 1149 erant,
1142 1083 1233 1153 qui
1283 1088 1500 1151 peccato
1551 1076 1868 1132 moriuntur.

287 1185 490 1238 Omnes
515 1190 692 1236 autem
721 1187 778 1234 ut
809 1179 916 1233 Deo
943 1177 1159 1240 vivant,
1187 1181 1404 1244 peccato
1433 1168 1748 1233 moriuntur,
1781 1164 1871 1235 qui

289 1275 340 1329 in
368 1281 543 1328 tnorte
579 1270 776 1326 Christi
803 1268 1158 1338 baptizantur.
1202 1263 1397 1322 Omnes
1424 1275 1582 1331 porro
1619 1259 1673 1313 in
1702 1263 1873 1311 morte

288 1367 406 1436 ejus
434 1364 769 1434 baptizantur
787 1403 802 1428 ,
834 1361 1151 1431 quicumque
1177 1355 1510 1426 baptizantur
1551 1353 1608 1406 in
1634 1348 1890 1423 Christoa

290 1457 435 1525 Ergo
463 1455 587 1525 quia
612 1464 666 1508 et
708 1450 910 1523 parvuli
933 1449 1266 1520 baptizantur
1291 1447 1343 1500 in
1368 1443 1616 1509 Christo,
1654 1448 1873 1511 peccan

289 1546 615 1610 moriuntur,
638 1553 692 1598 et
719 1558 750 1596 a
773 1551 1037 1612 potestate
1063 1537 1420 1600 tenebrarum,
1452 1532 1541 1587 ubi
1569 1538 1756 1586 natura
1779 1529 1872 1583 lilii

290 1639 384 1694 ira:
418 1636 664 1702 fuerant,
709 1643 986 1690 eruuntur.
1027 1628 1178 1698 Quod
1221 1637 1398 1682 autem
1427 1623 1579 1688 dicis,
1613 1641 1631 1674 ι
1660 1621 1762 1678 Ubi
1799 1620 1875 1674 ait

290 1729 601 1800 Apostolus,
626 1735 809 1779 natura
833 1724 928 1792 ﬁlii
954 1723 1063 1789 ine,
1088 1732 1242 1792 posse
1267 1715 1504 1785 intelligi,
1533 1713 1758 1768 Prorsus
1779 1707 1873 1762 lilii

290 1820 424 1875 inn:
456 1837 475 1870 ι
511 1831 686 1871 nonne
712 1815 834 1869 hinc
860 1811 1134 1867 admoneri
1161 1806 1410 1871 debuisti,
1441 1803 1711 1873 antiquam
1740 1815 1872 1854 con-

291 1921 372 1968 tra
401 1925 496 1965 vos
521 1907 731 1964 delendi
756 1905 1069 1962 catholicam
1097 1902 1288 1964 iidem;
1317 1899 1437 1969 quia
1464 1911 1568 1950 non
1594 1894 1708 1950 fere
1728 1894 1876 1946 inve-

291 2002 436 2056 nitur
480 1999 674 2054 latinus
721 1995 925 2060 codex,
976 1993 1021 2047 si
1061 2006 1164 2046 non
1208 2005 1240 2044 a
1283 1987 1432 2042 vobis
1473 1999 1613 2040 nunc
1659 1981 1876 2051 incipiat

291 2090 592 2157 emendari,
613 2089 695 2144 vel
723 2087 894 2157 potius
921 2086 976 2139 in
1006 2081 1257 2138 mendum
1283 2078 1497 2143 mutari,
1530 2077 1615 2130 ubi
1642 2089 1748 2128 non
1775 2090 1872 2126 na-

293 2193 410 2236 tura
437 2183 510 2237 sit
535 2180 788 2250 scriptum
820 2178 892 2247 (a)
916 2177 938 2230 ?
962 2173 1115 2243 Quod
1144 2173 1323 2242 utique
1350 2185 1537 2225 cavere
1578 2166 1760 2221 debuit
1787 2165 1873 2218 in-

293 2281 589 2342 terpretum
613 2269 894 2340 antiquitas
915 2307 930 2332 ,
963 2266 1062 2320 nisi
1087 2265 1247 2320 etiam
1274 2261 1396 2316 lidei
1425 2260 1540 2314 haec
1565 2267 1705 2314 esset
1733 2256 1873 2310 anti-

293 2363 490 2433 quitas,
522 2361 608 2416 cui
633 2369 808 2414 vestra
834 2356 996 2426 erepit
1016 2355 1266 2410 resistere
1295 2351 1522 2406 novitas.

365 2451 594 2509 CAPUT
621 2450 799 2505 XL—
825 2449 912 2504 54.
943 2445 1050 2501 Sed
1079 2445 1239 2498 homo
1288 2439 1556 2512 egregius,
1605 2437 1659 2491 in
1715 2448 1879 2507 grege

295 2559 406 2601 non
430 2544 512 2598 vis
540 2558 660 2598 esse
687 2539 909 2610 vulgari.
934 2537 1142 2592 Rursus
1185 2533 1328 2590 enim
1374 2529 1690 2586 sententiam
1740 2527 1879 2597 vulgi

296 2635 529 2705 respuis,
560 2642 677 2704 post
699 2627 1076 2700 tanta,quibus
1105 2641 1226 2682 eum
1276 2621 1483 2678 reddita
1528 2619 1738 2674 ratione
1787 2616 1880 2671 ad-

296 2739 490 2779 versus
541 2739 625 2778 me
664 2722 1024 2777 c0ncitaveras
1057 2716 1292 2788 gravius,
1336 2727 1496 2784 quam
1535 2711 1588 2765 in
1619 2719 1669 2763 te
1713 2709 1884 2763 fuerat

296 2814 621 2869 concitatus.
651 2809 759 2868 Sed
788 2810 1036 2864 nimirum
1091 2816 1178 2860 tua
1221 2805 1486 2874 disputata
1516 2798 1879 2865 considerans,

296 2905 436 2961 nihil
467 2913 518 2958 te
545 2902 734 2957 talibus
754 2899 1081 2972 argumentis
1107 2895 1245 2966 apud
1266 2893 1518 2965 populum
1535 2892 1589 2946 in
1609 2888 1884 2945 catholica:

297 2995 431 3051 ﬁdei
460 2995 684 3049 veritate
711 3001 766 3048 et
795 2991 1106 3061 antiquitate
1136 2987 1413 3042 fundatum
1462 2998 1620 3054 agere
1651 2981 1886 3052 potuisse

297 3086 388 3142 vel
417 3099 576 3156 posse
605 3083 840 3138 sensisti.
873 3080 1023 3136 Unde
1043 3079 1108 3134 ad
1135 3094 1256 3134 eum
1295 3075 1658 3148 spernendum
1699 3080 1887 3127 contu-

295 3178 479 3234 macia
505 3191 692 3232 rursus
730 3189 824 3229 ora
852 3172 1138 3237 convertis,
1193 3170 1415 3240 ejusque
1462 3173 1640 3238 partes
1693 3165 1887 3235 quibus

295 3272 536 3337 constat,
569 3286 674 3326 non
697 3267 963 3324 immerito
990 3265 1138 3321 vobis
1186 3263 1606 3318 Christianorum
1639 3258 1888 3313 inl‘ensisc

294 3365 443 3418 sima
467 3359 770 3427 multitudo,
794 3356 1099 3429 singillatim
1132 3349 1486 3408 describendo
1513 3358 1567 3405 et
1593 3346 1888 3403 derideudo

294 3455 601 3528 percurris,
643 3454 697 3508 in
728 3452 919 3523 quibus
961 3459 1017 3504 et
1048 3467 1067 3500 ι
1100 3444 1440 3502 auditoriales
1480 3441 1827 3498 scholasticos
1863 3457 1883 3492 ι

296 3547 500 3618 tangis,
533 3553 590 3601 et
608 3544 742 3600 dicis
771 3550 958 3598 contra
997 3554 1085 3594 me
1116 3537 1461 3600 clamaturos,
1496 3550 1515 3583 ι
1547 3531 1591 3586 0
1619 3539 1886 3600 tempora,

295 3653 337 3694 ο
360 3617 544 3694 mores
564 3654 584 3688 ι
616 3634 830 3705 (Cicero,
861 3627 1149 3686 Orationel
1179 3628 1232 3680 in
1249 3625 1401 3680 Catil.
1429 3631 1476 3678 et
1495 3630 1594 3676 act.
1623 3620 1656 3676 6
1679 3621 1733 3674 in
1766 3617 1891 3674 Ver-

295 3726 500 3800 rem)!
548 3736 604 3782 et
660 3736 833 3780 tamen
882 3721 1023 3792 vulgi
1085 3718 1341 3789 judicium
1409 3712 1742 3776 reformidas,
1800 3709 1889 3765 ubi

296 3830 420 3878 tam
449 3820 712 3874 clamosus
743 3815 835 3870 tibi
860 3812 1235 3882 suffragatores
1261 3806 1501 3863 invenire
1537 3802 1776 3875 potuisti,
1800 3800 1892 3872 qui

296 3912 574 3970 Tullianis
593 3925 682 3965 me
706 3909 921 3964 vocibus
949 3905 1225 3969 territent;
1255 3900 1398 3974 quod
1434 3917 1453 3951 ι
1484 3895 1700 3953 aliunde
1731 3909 1889 3966 quam

295 4004 456 4062 unde
483 4012 651 4057 totum
676 4009 778 4064 est,
805 4013 927 4054 esse
960 4007 1139 4066 putem
1175 3991 1455 4063 genitalem
1498 3987 1739 4058 corporis
1774 4001 1893 4056 par-

297 4106 441 4153 tem.
480 4112 501 4145 ι
529 4090 730 4158 Quibus
759 4103 857 4158 ego
883 4102 1005 4140 cum
1032 4085 1283 4146 retulero,
1312 4081 1427 4136 Non
1453 4079 1558 4133 hoc
1582 4078 1724 4144 dico,
1743 4092 1892 4130 men-

298 4191 442 4244 titur
469 4201 480 4236 :
511 4180 786 4237 libidinem
811 4177 990 4246 culpo,
1019 4189 1124 4229 non
1151 4171 1424 4234 membra;
1449 4168 1634 4222 vitium
1663 4167 1884 4230 denoto,

298 4292 424 4334 non
447 4281 687 4328 naturam
721 4285 736 4324 :
765 4267 865 4322 iste
900 4275 1078 4319 autem
1105 4262 1194 4332 qui
1241 4259 1371 4314 mihi
1397 4257 1536 4329 apud
1569 4271 1663 4312 vos
1693 4255 1895 4310 calum-

299 4367 513 4430 niatur,
545 4359 704 4416 audet
743 4359 796 4413 in
822 4355 1059 4412 Ecclesia
1103 4350 1302 4407 Christi
1351 4357 1476 4403 ante
1501 4345 1807 4416 magistrum
1838 4344 1891 4397 in

300 4458 455 4516 calo
481 4453 756 4510 sedentem
776 4449 1001 4504 recitare
1026 4443 1260 4500 libidinis
1288 4441 1532 4506 laudem;
1565 4437 1707 4508 quod
1727 4436 1775 4492 ei
1804 4450 1893 4491 re-

302 4545 612 4607 citandum,
641 4543 686 4597 si
720 4539 998 4594 vobiscum
1031 4534 1292 4596 studeret,
1325 4531 1700 4600 magistrorum
1736 4540 1894 4581 nemo

302 4640 662 4711 proponeret,
696 4646 764 4686 ne
779 4628 1072 4684 offenderet
1088 4623 1327 4680 omnium
1349 4630 1584 4676 vestrum
1603 4616 1890 4688 pudorem:

302 4707 498 4787 nonne
535 4725 642 4779 alia
685 4722 738 4778 in
772 4731 823 4776 te
855 4719 1094 4774 Tulliana
1147 4730 1277 4771 vere
1321 4709 1691 4768 convenientia
1732 4707 1893 4762 verba

304 4825 657 4883 converterit,
714 4815 952 4869 dicentes
989 4809 1104 4875 tibi,
1189 4826 1209 4859 ‹
1237 4807 1318 4862 Ex
1362 4804 1464 4858 hac
1525 4811 1672 4872 parte
1726 4799 1896 4870 pudor

305 4918 542 4985 pugnat,
575 4909 669 4962 abs
734 4915 788 4961 te
836 4901 1158 4974 petulantia;
1188 4898 1312 4951 hinc
1365 4892 1708 4960 continentia,
1749 4889 1896 4945 illinc

306 5003 487 5062 libido
529 5019 550 5054 ι
584 4997 772 5071 (Idem,
808 4994 1048 5050 Oratione
1071 4991 1109 5044 2
1133 4992 1186 5044 in
1209 4985 1528 5058 Catilinam).

388 5093 482 5148 35.
511 5089 702 5146 Nescio
737 5100 870 5157 quos
909 5085 1069 5140 etiam
1093 5079 1243 5152 quasi
1286 5078 1590 5134 desertores
1635 5073 1897 5144 dogmatis

306 5182 487 5240 vestri
523 5180 589 5235 ad
623 5179 780 5234 (idem
810 5174 1126 5231 catholicam
1163 5183 1454 5227 conversos
1483 5164 1662 5236 arguis
1700 5162 1783 5218 vel
1808 5176 1896 5217 re-

307 5288 530 5331 versos.
580 5272 723 5339 Qnos
770 5278 946 5324 tamen
994 5262 1301 5336 signiﬁcasti
1331 5261 1404 5316 ita
1435 5269 1488 5315 te
1535 5265 1792 5321 metuere,
1839 5262 1900 5309 ut

306 5377 509 5422 eorum
536 5359 751 5415 nomina
794 5357 1094 5427 exprimere
1117 5369 1224 5409 non
1253 5351 1511 5415 auderes;
1540 5362 1608 5402 ne
1647 5346 1782 5400 forte
1805 5359 1902 5398 au—

241 5494 246 5497 -
309 5456 538 5512 dientes
563 5451 656 5505 abs
686 5458 738 5505 te
778 5462 874 5503 sua
920 5446 1050 5500 falsa
1097 5444 1340 5505 crimina.
1388 5454 1513 5496 mox
1558 5437 1671 5502 tibi,
1716 5436 1760 5490 si
1792 5450 1896 5489 non

311 5573 434 5630 ptos
459 5566 508 5630 in
532 5569 816 5630 contextum
833 5559 1020 5630 transiit
1042 5553 1458 5630 marginalisubiec
1478 5550 1752 5630 adnotatigf
1768 5547 1899 5630 fire

310 5611 590 5689 'coniplcxis
609 5611 864 5689 apostolus
885 5611 1174 5687 testimoniis
1187 5614 1356 5689 asserit
1372 5611 1752 5689 parmtlosget‘de
1767 5616 1899 5689 grite:

309 5669 799 5739 Eii'ﬁl’brarm
839 5677 945 5742 erui
965 5691 1096 5742 Δειιιιι
1121 5676 1309 5728 cwtcris
1324 5711 1357 5742 ,_
1372 5669 1419 5726 'et
1443 5680 1617 5724 natura
1653 5685 1753 5742 esse
1768 5669 1901 5742 ﬁlios

307 5736 417 5810 ira:
435 5783 448 5806 ,
473 5746 595 5810 sicut
619 5751 662 5810 cl
686 5741 871 5810 caueri,
895 5739 1006 5810 quia
1028 5746 1221 5810 peccato
1236 5738 1521 5798 moriuntur,
1547 5745 1655 5786 cum
1678 5736 1729 5783 in
1751 5736 1901 5782 morte

313 5800 508 5860 thristi
530 5805 831 5867 baptizantur
854 5800 915 5852 in’
926 5800 1131 5867 Christo.

391 5871 463 5934 (a)
499 5858 612 5917 vide
631 5871 967 5927 Hieronymum
991 5865 1037 5910 in
1063 5863 1216 5922 ipsum
1240 5858 1415 5909 locum.

605 5950 830 6011 Sacr.
884 5947 1155 6005 AUGUST.
1194 5943 1276 6001 Χ.

1652 410 1852 470 LIBER
1884 407 2180 467 SEXTUS.

3449 419 3550 472 8H

1983 548 2127 598 vera,
2158 542 2307 590 certe
2346 533 2680 592 credibilium
2730 543 3069 607 reponerent.
3133 537 3286 604 Quod
3335 537 3548 608 quidem

1977 625 2294 696 quicumque
2321 637 2446 681 sunt
2467 627 2572 692 isti,
2592 628 2636 681 si
2656 628 2890 698 graviter
2903 627 3134 696 sapiunt,
3157 644 3262 683 non
3288 627 3546 692 facerent,

1976 728 2030 773 et
2055 730 2334 788 parcerent
2360 722 2452 776 tibi
2472 721 2762 776 secundum
2785 721 3106 791 apostolum,
3137 737 3237 774 non
3278 721 3544 776 reddente:

1977 811 2296 866 maledictum
2336 828 2427 882 pro
2473 813 2738 866 maledicto
2787 811 2830 884 (ι
2853 811 2996 866 Petr.
3025 827 3103 878 ιιι,
3130 811 3210 880 9).
3240 811 3319 866 Tu
3368 819 3547 866 autem

1976 903 2164 957 saltem
2191 903 2340 957 illum
2368 911 2671 958 monentem
2702 919 2768 958 ne
2793 903 3096 974 dedigneris
3121 903 3323 970 audire,
3352 903 3422 958 de
3445 919 3543 958 cu-
3583 911 3592 924 ‘

1971 991 2060 1062 jus
2088 993 2278 1047 litteris
2304 993 2604 1048 exclamare
2631 1003 2682 1050 te
2727 994 2897 1060 libuit,
2933 1013 2953 1046 ι
2989 992 3034 1049 0
3069 1003 3328 1063 tempora,
3357 1008 3392 1048 o
3432 1009 3548 1048 mo-

1977 1088 2097 1141 res!
2137 1105 2155 1138 ι
2184 1086 2405 1150 Saltem,
2439 1087 2675 1157 inquam,
2720 1088 2892 1158 ipsum
2919 1087 3062 1153 audi,
3101 1104 3122 1138 ‹
3153 1096 3208 1141 ιιι
3235 1094 3489 1156 quantum
3515 1102 3546 1141 a

1976 1191 2154 1232 rerum
2185 1177 2508 1247 turpitudine
2541 1178 2668 1234 abes
2695 1197 2715 1231 ι
2738 1179 2784 1234 si
2811 1187 2984 1234 tamen
3015 1178 3410 1246 abes,¢tantum
3442 1188 3493 1233 te
3515 1195 3546 1230 a

1977 1269 2260 1324 verborum
2288 1270 2531 1326 libertate
2560 1271 2842 1341 sejungas;
2886 1279 2940 1325 et
2968 1285 3028 1325 ea
3061 1269 3113 1324 in
3151 1269 3345 1323 alteros
3371 1284 3439 1323 ne
3461 1267 3551 1322 di-

1976 1375 2086 1427 cas,
2115 1376 2234 1430 quze
2258 1376 2380 1416 cum
2407 1362 2500 1416 tibi
2522 1360 2656 1416 falso
2683 1363 2890 1431 objecta
2905 1362 3032 1427 sint,
3060 1361 3365 1416 erubescas.
3405 1379 3424 1413 ι
3448 1361 3552 1414 Ta.

1979 1451 2046 1505 lia
2073 1460 2124 1506 te
2143 1464 2273 1507 sane
2295 1453 2348 1508 in
2373 1453 2503 1507 istos
2553 1452 2734 1507 nescio
2775 1465 2910 1522 quos
2957 1451 3155 1505 dixisse
3200 1454 3292 1522 qui
3341 1451 3548 1520 legunt,

1976 1543 2147 1597 sciant
2174 1543 2214 1610 ι,
2255 1543 2430 1614 qualia
2471 1543 2524 1597 in
2568 1543 2835 1613 aliquibus
2881 1543 3098 1597 omnino
3125 1557 3231 1597 non
3284 1543 3549 1605 novimus,

1975 1647 2110 1702 quos
2137 1633 2188 1687 in
2218 1634 2491 1704 proposito
2538 1634 2875 1688 continentia:
2913 1634 3204 1689 recessisse
3243 1648 3274 1688 a
3312 1634 3551 1704 Pelagia-

1978 1725 2060 1780 nis
2105 1724 2372 1782 bzereticis
2413 1726 2680 1782 novimus.
2709 1726 2806 1781 Tui
2837 1741 2968 1781 vero
2985 1726 3067 1782 vel
3093 1733 3196 1780 tua:
3221 1726 3410 1796 quales
3441 1726 3551 1780 sint

1977 1816 2108 1870 nihil
2135 1832 2254 1872 mea
2281 1817 2525 1885 interest,
2552 1831 2686 1888 quos
2726 1826 2782 1871 tu
2809 1817 2892 1872 vel
2921 1831 3054 1886 quas
3093 1824 3148 1870 tu
3178 1815 3258 1871 sic
3284 1815 3441 1880 fallis,
3490 1827 3551 1871 ut

1976 1904 2124 1961 dicas
2151 1922 2236 1961 me
2256 1906 2497 1972 delinire,
2536 1926 2556 1960 ι
2593 1923 2692 1963 nec
2720 1909 2772 1962 in
2803 1908 3010 1962 carioso
3059 1906 3272 1977 quidem
3325 1921 3552 1978 corpore

1979 1996 2252 2052 libidinem
2280 2012 2435 2068 posse
2461 1997 2676 2052 frenari.
2705 2017 2724 2050 ι
2759 1999 2872 2052 lmo
2898 1998 3020 2067 quia
3059 1996 3255 2052 frenari
3299 2012 3460 2067 posse
3497 2009 3554 2054 et

1978 2085 2175 2141 frenari
2197 2095 2445 2156 Oportere
2469 2087 2719 2154 decerno,
2743 2087 2865 2143 ideo
2885 2087 3083 2157 malum
3111 2087 3367 2158 intelligo.
3397 2087 3552 2156 Quod

1978 2177 2068 2246 qui
2096 2187 2251 2247 negat
2296 2178 2512 2243 malum,
2555 2176 2748 2232 viderit
2793 2177 3058 2247 quomodo
3095 2177 3288 2233 habeat
3331 2179 3546 2240 bonum,

1979 2269 2065 2321 cui
2089 2276 2489 2338 repugnantem,
2519 2269 2644 2323 velit
2673 2268 2823 2332 nolit,
2863 2267 3056 2322 fatetur
3082 2252 3402 2323 frenandanf
3428 2283 3552 2325 esst:

1981 2356 2272 2411 libidinem.
2302 2356 2414 2426 Ego
2443 2358 2617 2426 itaque
2645 2371 2750 2412 non
2776 2357 2948 2412 solum
2979 2373 3009 2410 a
3035 2358 3271 2424 senibus,
3289 2374 3475 2413 verum
3497 2369 3554 2414 et

1981 2461 2012 2500 a
2034 2446 2320 2516 juvenibus
2343 2447 2463 2501 dico
2488 2446 2756 2502 libidinem
2781 2461 2935 2516 posse
2952 2447 3146 2502 frenari
3168 2465 3181 2502 :
3204 2449 3297 2503 sed
3327 2449 3550 2504 multum

1984 2535 2149 2590 miror
2174 2554 2204 2590 a
2229 2535 2622 2591 continentibus
2648 2537 2923 2591 libidinem
2949 2551 3109 2606 posse
3137 2537 3361 2592 laudari.

2055 2626 2146 2681 56.
2171 2626 2301 2692 Quis
2330 2638 2506 2681 autem
2524 2636 2762 2682 nostrum
2803 2626 2953 2691 dicit,
2987 2645 3007 2680 ‹
3039 2627 3233 2682 Malum
3273 2627 3374 2682 hoc
3411 2629 3552 2697 quod

1987 2720 2195 2791 parvuli
2223 2719 2550 2789 originaliter
2587 2719 2825 2786 trahunt,
2865 2720 2982 2774 sine
3019 2720 3312 2774 substantia
3361 2719 3414 2774 in
3441 2707 3548 2790 qua

1985 2821 2086 2878 est,
2114 2821 2204 2868 aut
2227 2826 2344 2866 esse
2371 2826 2544 2881 posse,
2586 2820 2677 2866 aut
2702 2827 2933 2882 unquam
2961 2811 3160 2867 fuisse?
3189 2831 3208 2864 ι
3241 2812 3394 2880 Quod
3426 2821 3552 2869 tan-

1986 2917 2145 2973 quam
2171 2903 2428 2969 dicamus,
2462 2903 2534 2956 ita
2560 2903 2754 2972 qumris
2783 2902 3089 2958 dialecticos
3121 2903 3350 2974 judiccs,
3402 2911 3458 2960 et
3484 2904 3559 2959 ir.

1987 2993 2130 3049 rides
2157 2995 2388 3064 vulgum,
2419 2992 2567 3063 quasi
2598 2992 2665 3046 ad
2691 2994 2860 3063 ipsum
2901 3002 2952 3046 te
2987 2993 3216 3062 judicem
3268 2994 3546 3058 adducam,

1989 3098 2020 3138 a
2049 3098 2154 3153 quo
2171 3083 2396 3153 judicari
2423 3083 2522 3138 ista
2552 3097 2658 3137 non
2689 3090 2909 3152 possunt
2937 3100 2951 3136 :
2979 3098 3098 3153 qua:
3129 3093 3181 3137 tu
3211 3084 3254 3136 si
3284 3099 3389 3138 non
3415 3083 3558 3138 didi-

1990 3177 2176 3240 cisses,
2209 3174 2475 3244 Pelagiani
2495 3173 2758 3244 dogmatis
2808 3172 3053 3228 machina
3105 3174 3222 3228 sine
3265 3175 3559 3231 architecto

1991 3265 2294 3320 necessario
2324 3264 2693 3319 remansisset.
2719 3263 2776 3320 Si
2800 3265 2880 3319 vis
2895 3264 3092 3330 vivere,
3116 3265 3223 3318 noli
3255 3280 3436 3320 amare
3469 3281 3561 3320 sa-

1993 3355 2246 3425 pientiam
2275 3354 2444 3420 verbi,
2487 3369 2592 3424 qua
2618 3365 2904 3409 evacuatur
2943 3368 3073 3409 crux
3116 3353 3313 3408 Christi
3360 3354 3407 3424 (ι
3431 3353 3555 3408 Cor.

1992 3463 2031 3514 ι,
2065 3445 2176 3519 l7).
2193 3445 2470 3513 Quomodo
2493 3444 2561 3501 de
2587 3444 2706 3500 aliis
2731 3445 3038 3500 substantiis
3063 3445 3118 3499 in
3148 3445 3280 3500 alias
3309 3445 3562 3500 substan-

1994 3538 2096 3594 tias
2116 3537 2198 3592 vel
2227 3537 2380 3592 bonae
2409 3536 2493 3590 vel
2520 3535 2673 3589 malm
2697 3543 2970 3589 transeant
2996 3536 3300 3604 qualitates,
3333 3551 3439 3590 non
3462 3535 3563 3590 mi-

1992 3628 2213 3700 grando,
2238 3627 2332 3683 sed
2351 3624 2654 3692 efﬁciendo,
2693 3625 2804 3695 jam
2834 3624 2968 3679 libro
2989 3626 3264 3694 superiore
3301 3627 3556 3680 tractavi-

1995 3739 2114 3779 mus
2152 3721 2370 3793 (Supra,
2414 3719 2504 3774 tib.
2550 3719 2606 3785 5,
2636 3736 2690 3772 η.
2721 3717 2836 3788 5i).
2885 3717 2942 3772 Si
2986 3717 3131 3788 vulgi
3175 3717 3383 3786 spernis
3416 3716 3564 3788 judio

2000 3817 2164 3884 cium,
2192 3815 2312 3871 illos
2347 3813 2554 3884 judiccs
2600 3811 2828 3879 intuere,
2858 3825 2992 3881 quos
3027 3809 3120 3864 tibi
3147 3809 3356 3864 duobus
3377 3809 3567 3878 priori-

1995 3914 2094 3968 bus
2145 3912 2280 3968 meis
2321 3911 2472 3966 lihris
2511 3905 2932 3963 luculentissima
2991 3905 3045 3960 in
3085 3903 3324 3960 Ecclesia
3369 3902 3566 3959 Christi

1995 4005 2249 4078 prazditos
2273 3986 2585 4058 auctoritate
2610 4001 2882 4070 proposui.

2065 4095 2290 4152 CAPUT
2311 4094 2427 4150 Xll.
2458 4122 2529 4133 —
2555 4093 2644 4148 57.
2676 4091 2843 4157 Quale
2863 4097 2945 4145 est
2967 4097 3167 4155 autem,
3215 4087 3358 4158 quod
3397 4087 3568 4142 beata!

1997 4187 2269 4242 memoria:
2328 4184 2594 4239 Zosimum
2662 4180 2986 4250 Apostolica:
3038 4178 3193 4233 Sedis
3233 4178 3566 4246 episcopum.

1997 4277 2128 4331 utin
2149 4283 2238 4329 tua
2259 4273 2514 4343 pravitate
2542 4270 2818 4340 persistas,
2839 4265 3288 4337 praevaricationis
3312 4267 3569 4319 accusas?

1995 4366 2100 4434 Qui
2127 4380 2234 4421 non
2265 4363 2531 4418 recessita
2561 4375 2658 4415 suo
2671 4371 2997 4433 prmeessore
3013 4358 3034 4388 '
3058 4355 3384 4430 Innocentio,
3411 4370 3570 4425 quem

1999 4470 2054 4516 tu
2080 4458 2356 4514 nominare
2406 4453 2652 4518 timuisti;
2701 4451 2797 4508 sed
2835 4448 3069 4504 maluisti
3112 4447 3407 4513 Zosimum,
3447 4447 3570 4517 quia

1998 4553 2107 4624 egit
2134 4549 2378 4620 primitus
2424 4547 2596 4602 lenius
2621 4561 2742 4600 cum
2790 4541 3049 4599 Coalestio
3077 4558 3090 4593 :
3120 4539 3369 4611 quoniam
3403 4553 3466 4594 se
3513 4539 3568 4594 in

2001 4643 2083 4699 his
2103 4641 2350 4697 sensibus
2376 4637 2566 4693 vestris
2594 4635 2638 4692 si
2667 4633 2794 4705 quid
2813 4631 3141 4702 displiceret,
3181 4638 3421 4700 paratum
3449 4644 3572 4684 esse

1998 4733 2215 4788 dixerat
2253 4729 2470 4799 corrigi,
2512 4736 2567 4783 et
2616 4723 2909 4781 Innocentii
2948 4721 3141 4778 litteris
3180 4734 3568 4776 consensui-um

1999 4839 2118 4881 esse
2134 4822 2469 4893 promiserat.

2069 4914 2159 4972 58.
2182 4914 2447 4969 Memento
2467 4925 2598 4967 sane
2622 4905 3063 4980 quemadmodum
3091 4903 3160 4960 de
3200 4904 3574 4960 constituendo

1999 5009 2250 5078 episcopo
2284 5004 2674 5061 dissensionem
2699 4999 2880 5072 populi
2913 4996 3140 5053 Romani
3155 4994 3570 5055 insultabundus

2001 5100 2234 5169 objectas
2264 5097 2363 5171 (a).
2395 5094 2548 5164 Quod
2566 5094 2664 5148 abs
2689 5104 2741 5152 te
2765 5105 2968 5171 quaero,
2997 5098 3175 5146 utrum
3201 5089 3448 5147 homines
3476 5104 3572 5146 sua

2002 5188 2225 5246 fecerint
2248 5169 2539 5242 voluntate.
2567 5181 2721 5252 Quod
2747 5169 2794 5237 sl
2809 5195 2999 5252 negas,
3045 5180 3314 5252 quomodo
3349 5180 3572 5236 liberum

2068 5360 2084 5390 ι
2121 5365 2219 5406 Am.
2244 5360 2318 5403 Er.
2345 5359 2398 5414 et
2433 5351 2614 5414 aliquot
2633 5357 2761 5414 Mss,
2784 5346 2955 5414 sciunt.
2995 5346 3214 5397 Meliores
3257 5346 3570 5414 maniiseripti

2003 5405 2268 5475 cumtum,
2290 5413 2459 5465 sciant.
2484 5405 2581 5462 N'on
2603 5411 2709 5475 vult
2737 5405 3031 5475 Augustinus
3048 5446 3060 5467 ,
3085 5413 3142 5456 ut
3164 5418 3228 5475 ea
3245 5405 3446 5475 erimina
3461 5405 3573 5475 quae

2003 5433 2114 5470 cum
2136 5425 2268 5475 Lov.,
2290 5418 2459 5465 sciant.
2484 5421 2581 5462 Non
2603 5418 2709 5462 vult
2737 5418 3031 5474 Augustinus
3048 5446 3060 5467 ,
3085 5418 3142 5456 ut
3164 5418 3224 5455 ea
3245 5418 3573 5514 crimmaaum

2003 5483 2122 5531 {also
2142 5478 2267 5526 forte
2304 5477 2605 5536 objectantur
2624 5509 2639 5534 ,
2662 5473 2740 5522 hic
2761 5485 2849 5536 per
2887 5472 3043 5534 ipsum
3063 5467 3286 5517 noverint
3305 5466 3388 5527 qui
3425 5472 3448 5513 ,ι
3503 5467 3573 5516 ia-

2005 5554 2120 5592 num
2150 5552 2245 5588 non
2266 5537 2454 5599 legunt.
2771 5594 2781 5599 _
3053 5597 3064 5599 4
3251 5543 3282 5599 __'

2067 5605 2088 5635 ³
2122 5607 2195 5649 Er.
2233 5607 2285 5648 et
2307 5592 2447 5656 Cov.,
2471 5610 2502 5646 a
2523 5608 2609 5647 suo
2643 5594 2996 5659 praedecessore
3044 5592 3327 5639 mmccntio.
3375 5595 3477 5636 Am.
3519 5595 3571 5638 et

2005 5673 2140 5834 Hbin)
2157 5671 2598 5771 scilicet
2617 5717 2773 5781 quod,
2806 5716 2989 5765 Dosimo
3028 5711 3086 5760 ad
3107 5709 3255 5758 ﬁnem
3275 5709 3385 5758 anni
3406 5709 3577 5760 Christi

2006 5788 2060 5834 41
2121 5792 2309 5834 mortuo
2323 5817 2337 5834 .
2369 5783 2618 5834 subortum
2644 5787 2744 5834 est,
2763 5790 2872 5825 cum
2893 5774 3127 5834 adversus
3148 5771 3432 5820 Bonifacium
3455 5770 3577 5834 legi-

2006 5770 2309 5835 41§inoi~tuo
2323 5817 2337 5841 ,
2369 5783 2618 5841 subortum
2637 5770 2744 5834 'est,
2760 5770 2872 5841 cum
2893 5774 3127 5841 adversus
3148 5771 3432 5820 Bonifacium
3455 5770 3579 5836 legi-

2008 5832 2358 5900 timeelectum
2380 5832 2827 5892 contenderent'alii
2847 5848 2932 5899 pro
2955 5832 3152 5883 Eulalio.

2802 5915 3256 6000 (Vingt—aept.)
