  <div class='ocr_page' id='page_1' title='image "/cluster/home/n/w/nwhite01/storage/ocr_20150623/44/hvd.32044015706336/427.png"; bbox 0 0 4022 6488; ppageno 0'>
   <div class='ocr_carea' id='block_1_1' title="bbox 451 385 554 442">
    <p class='ocr_par' dir='ltr' id='par_1_1' title="bbox 451 385 554 442">
     <span class='ocr_line' id='line_1_1' title="bbox 451 385 554 442; baseline -0.01 0"><span class='ocrx_word' id='word_1_1' title='bbox 451 385 554 442; x_wconf 66' lang='grc' dir='ltr'>διδ</span> 
     </span>
    </p>
   </div>
   <div class='ocr_carea' id='block_1_2' title="bbox 454 495 2022 568">
    <p class='ocr_par' dir='ltr' id='par_1_2' title="bbox 454 495 2022 568">
     <span class='ocr_line' id='line_1_2' title="bbox 454 495 2022 568; baseline -0.006 -10"><span class='ocrx_word' id='word_1_2' title='bbox 454 501 696 558; x_wconf 86' lang='lat' dir='ltr'><strong>defendis</strong></span> <span class='ocrx_word' id='word_1_3' title='bbox 717 497 1031 556; x_wconf 71' lang='lat' dir='ltr'><strong>arbitrium?</strong></span> <span class='ocrx_word' id='word_1_4' title='bbox 1056 496 1112 552; x_wconf 92' lang='lat' dir='ltr'><strong>Si</strong></span> <span class='ocrx_word' id='word_1_5' title='bbox 1141 505 1336 552; x_wconf 88' lang='lat' dir='ltr'><strong>autem</strong></span> <span class='ocrx_word' id='word_1_6' title='bbox 1360 496 1564 564; x_wconf 90' lang='lat' dir='ltr'><strong>fateris,</strong></span> <span class='ocrx_word' id='word_1_7' title='bbox 1595 495 1862 568; x_wconf 87' lang='lat' dir='ltr'><strong>quomodo</strong></span> <span class='ocrx_word' id='word_1_8' title='bbox 1903 511 2022 550; x_wconf 89' lang='lat' dir='ltr'><strong>eam</strong></span> 
     </span>
    </p>
   </div>
   <div class='ocr_carea' id='block_1_3' title="bbox 453 589 2025 660">
    <p class='ocr_par' dir='ltr' id='par_1_3' title="bbox 453 589 2025 660">
     <span class='ocr_line' id='line_1_3' title="bbox 453 589 2025 660; baseline -0.006 -9"><span class='ocrx_word' id='word_1_9' title='bbox 453 608 614 651; x_wconf 76' lang='lat' dir='ltr'><strong>vocas</strong></span> <span class='ocrx_word' id='word_1_10' title='bbox 637 611 657 646; x_wconf 78' lang='grc' dir='ltr'><strong>ι</strong></span> <span class='ocrx_word' id='word_1_11' title='bbox 686 593 938 648; x_wconf 72' lang='lat' dir='ltr'><strong>ultionem</strong></span> <span class='ocrx_word' id='word_1_12' title='bbox 965 591 1080 657; x_wconf 86' lang='lat' dir='ltr'><strong>Dei,</strong></span> <span class='ocrx_word' id='word_1_13' title='bbox 1108 609 1128 643; x_wconf 74' lang='grc' dir='ltr'><strong>ι</strong></span> <span class='ocrx_word' id='word_1_14' title='bbox 1153 599 1312 660; x_wconf 88' lang='lat' dir='ltr'><strong>atque</strong></span> <span class='ocrx_word' id='word_1_15' title='bbox 1337 606 1368 645; x_wconf 91' lang='lat' dir='ltr'><strong>a</strong></span> <span class='ocrx_word' id='word_1_16' title='bbox 1396 599 1576 646; x_wconf 86' lang='lat' dir='ltr'><strong>vestro</strong></span> <span class='ocrx_word' id='word_1_17' title='bbox 1595 589 1846 660; x_wconf 85' lang='lat' dir='ltr'><strong>dogmate</strong></span> <span class='ocrx_word' id='word_1_18' title='bbox 1869 603 2025 642; x_wconf 84' lang='lat' dir='ltr'><strong>exor—</strong></span> 
     </span>
    </p>
   </div>
   <div class='ocr_carea' id='block_1_4' title="bbox 453 678 2020 752">
    <p class='ocr_par' dir='ltr' id='par_1_4' title="bbox 453 678 2020 752">
     <span class='ocr_line' id='line_1_4' title="bbox 453 678 2020 752; baseline -0.005 -13"><span class='ocrx_word' id='word_1_19' title='bbox 453 685 612 749; x_wconf 78' lang='lat' dir='ltr'><strong>bitas,</strong></span> <span class='ocrx_word' id='word_1_20' title='bbox 638 682 763 738; x_wconf 92' lang='lat' dir='ltr'><strong>dum</strong></span> <span class='ocrx_word' id='word_1_21' title='bbox 805 681 976 752; x_wconf 90' lang='lat' dir='ltr'><strong>putari</strong></span> <span class='ocrx_word' id='word_1_22' title='bbox 1017 679 1267 735; x_wconf 86' lang='lat' dir='ltr'><strong>divinitus</strong></span> <span class='ocrx_word' id='word_1_23' title='bbox 1294 681 1591 735; x_wconf 73' lang='lat' dir='ltr'><strong>vindicatus</strong></span> <span class='ocrx_word' id='word_1_24' title='bbox 1615 680 1632 712; x_wconf 81' lang='grc'>¹</span> <span class='ocrx_word' id='word_1_25' title='bbox 1659 679 1914 734; x_wconf 82' lang='lat' dir='ltr'><strong>all‘eetas‘!</strong></span> <span class='ocrx_word' id='word_1_26' title='bbox 1941 678 2020 731; x_wconf 76' lang='lat' dir='ltr'><strong>An</strong></span> 
     </span>
    </p>
   </div>
   <div class='ocr_carea' id='block_1_5' title="bbox 454 769 2020 844">
    <p class='ocr_par' dir='ltr' id='par_1_5' title="bbox 454 769 2020 844">
     <span class='ocr_line' id='line_1_5' title="bbox 454 769 2020 844; baseline -0.006 -14"><span class='ocrx_word' id='word_1_27' title='bbox 454 775 666 830; x_wconf 86' lang='lat' dir='ltr'><strong>tandem</strong></span> <span class='ocrx_word' id='word_1_28' title='bbox 710 773 995 844; x_wconf 84' lang='lat' dir='ltr'><strong>aliquando</strong></span> <span class='ocrx_word' id='word_1_29' title='bbox 1055 771 1348 837; x_wconf 81' lang='lat' dir='ltr'><strong>concedis,</strong></span> <span class='ocrx_word' id='word_1_30' title='bbox 1420 771 1562 842; x_wconf 93' lang='lat' dir='ltr'><strong>quod</strong></span> <span class='ocrx_word' id='word_1_31' title='bbox 1606 769 2020 826; x_wconf 73' lang='lat' dir='ltr'><strong>obstinatissima</strong></span> 
     </span>
    </p>
   </div>
   <div class='ocr_carea' id='block_1_6' title="bbox 452 860 2024 933">
    <p class='ocr_par' dir='ltr' id='par_1_6' title="bbox 452 860 2024 933">
     <span class='ocr_line' id='line_1_6' title="bbox 452 860 2024 933; baseline -0.004 -14"><span class='ocrx_word' id='word_1_32' title='bbox 452 865 794 920; x_wconf 81' lang='lat' dir='ltr'><strong>contentione</strong></span> <span class='ocrx_word' id='word_1_33' title='bbox 840 877 1151 933; x_wconf 84' lang='lat' dir='ltr'><strong>ncgaveras,</strong></span> <span class='ocrx_word' id='word_1_34' title='bbox 1179 863 1391 918; x_wconf 88' lang='lat' dir='ltr'><strong>occulto</strong></span> <span class='ocrx_word' id='word_1_35' title='bbox 1422 862 1514 918; x_wconf 89' lang='lat' dir='ltr'><strong>Dei</strong></span> <span class='ocrx_word' id='word_1_36' title='bbox 1538 861 1740 932; x_wconf 87' lang='lat' dir='ltr'><strong>judicio</strong></span> <span class='ocrx_word' id='word_1_37' title='bbox 1786 860 1920 922; x_wconf 90' lang='lat' dir='ltr'><strong>licri,</strong></span> <span class='ocrx_word' id='word_1_38' title='bbox 1967 867 2024 913; x_wconf 91' lang='lat' dir='ltr'><strong>ut</strong></span> 
     </span>
    </p>
   </div>
   <div class='ocr_carea' id='block_1_7' title="bbox 452 949 2016 1024">
    <p class='ocr_par' dir='ltr' id='par_1_7' title="bbox 452 949 2016 1024">
     <span class='ocr_line' id='line_1_7' title="bbox 452 949 2016 1024; baseline -0.004 -16"><span class='ocrx_word' id='word_1_39' title='bbox 452 956 506 1009; x_wconf 88' lang='lat' dir='ltr'><strong>in</strong></span> <span class='ocrx_word' id='word_1_40' title='bbox 542 955 673 1024; x_wconf 89' lang='lat' dir='ltr'><strong>ipsis</strong></span> <span class='ocrx_word' id='word_1_41' title='bbox 713 954 990 1009; x_wconf 84' lang='lat' dir='ltr'><strong>hominum</strong></span> <span class='ocrx_word' id='word_1_42' title='bbox 1043 953 1406 1008; x_wconf 90' lang='lat' dir='ltr'><strong>voluntatibus</strong></span> <span class='ocrx_word' id='word_1_43' title='bbox 1453 952 1753 1006; x_wconf 77' lang='lat' dir='ltr'><strong>inveniatur</strong></span> <span class='ocrx_word' id='word_1_44' title='bbox 1799 949 2016 1018; x_wconf 86' lang='lat' dir='ltr'><strong>aliquid,</strong></span> 
     </span>
    </p>
   </div>
   <div class='ocr_carea' id='block_1_8' title="bbox 451 1039 2020 1115">
    <p class='ocr_par' dir='ltr' id='par_1_8' title="bbox 451 1039 2020 1115">
     <span class='ocr_line' id='line_1_8' title="bbox 451 1039 2020 1115; baseline -0.004 -16"><span class='ocrx_word' id='word_1_45' title='bbox 451 1045 592 1115; x_wconf 90' lang='lat' dir='ltr'><strong>quod</strong></span> <span class='ocrx_word' id='word_1_46' title='bbox 619 1054 674 1101; x_wconf 90' lang='lat' dir='ltr'><strong>et</strong></span> <span class='ocrx_word' id='word_1_47' title='bbox 699 1055 970 1114; x_wconf 82' lang='lat' dir='ltr'><strong>peccatum</strong></span> <span class='ocrx_word' id='word_1_48' title='bbox 996 1044 1068 1100; x_wconf 90' lang='lat' dir='ltr'><strong>sit</strong></span> <span class='ocrx_word' id='word_1_49' title='bbox 1085 1053 1140 1099; x_wconf 92' lang='lat' dir='ltr'><strong>et</strong></span> <span class='ocrx_word' id='word_1_50' title='bbox 1165 1057 1322 1112; x_wconf 60' lang='lat' dir='ltr'><strong>paena</strong></span> <span class='ocrx_word' id='word_1_51' title='bbox 1351 1040 1591 1113; x_wconf 82' lang='lat' dir='ltr'><strong>peccati?</strong></span> <span class='ocrx_word' id='word_1_52' title='bbox 1617 1042 1728 1096; x_wconf 90' lang='lat' dir='ltr'><strong>lloe</strong></span> <span class='ocrx_word' id='word_1_53' title='bbox 1751 1040 1892 1095; x_wconf 91' lang='lat' dir='ltr'><strong>enim</strong></span> <span class='ocrx_word' id='word_1_54' title='bbox 1922 1039 2020 1093; x_wconf 89' lang='lat' dir='ltr'><strong>nisi</strong></span> 
     </span>
    </p>
   </div>
   <div class='ocr_carea' id='block_1_9' title="bbox 451 1131 2026 1205">
    <p class='ocr_par' dir='ltr' id='par_1_9' title="bbox 451 1131 2026 1205">
     <span class='ocr_line' id='line_1_9' title="bbox 451 1131 2026 1205; baseline -0.005 -13"><span class='ocrx_word' id='word_1_55' title='bbox 451 1138 502 1192; x_wconf 86' lang='lat' dir='ltr'><strong>in</strong></span> <span class='ocrx_word' id='word_1_56' title='bbox 526 1137 622 1192; x_wconf 87' lang='lat' dir='ltr'><strong>ista</strong></span> <span class='ocrx_word' id='word_1_57' title='bbox 650 1146 734 1191; x_wconf 92' lang='lat' dir='ltr'><strong>tua</strong></span> <span class='ocrx_word' id='word_1_58' title='bbox 763 1136 1024 1191; x_wconf 91' lang='lat' dir='ltr'><strong>sententia</strong></span> <span class='ocrx_word' id='word_1_59' title='bbox 1051 1135 1342 1205; x_wconf 83' lang='lat' dir='ltr'><strong>sapuisses,</strong></span> <span class='ocrx_word' id='word_1_60' title='bbox 1361 1135 1506 1188; x_wconf 91' lang='lat' dir='ltr'><strong>nullo</strong></span> <span class='ocrx_word' id='word_1_61' title='bbox 1524 1132 1683 1188; x_wconf 92' lang='lat' dir='ltr'><strong>modo</strong></span> <span class='ocrx_word' id='word_1_62' title='bbox 1708 1132 1899 1187; x_wconf 85' lang='lat' dir='ltr'><strong>factum</strong></span> <span class='ocrx_word' id='word_1_63' title='bbox 1931 1131 2026 1184; x_wconf 90' lang='lat' dir='ltr'><strong>ho-</strong></span> 
     </span>
    </p>
   </div>
   <div class='ocr_carea' id='block_1_10' title="bbox 452 1222 2024 1293">
    <p class='ocr_par' dir='ltr' id='par_1_10' title="bbox 452 1222 2024 1293">
     <span class='ocr_line' id='line_1_10' title="bbox 452 1222 2024 1293; baseline -0.003 -14"><span class='ocrx_word' id='word_1_64' title='bbox 452 1229 652 1281; x_wconf 87' lang='lat' dir='ltr'><strong>minum</strong></span> <span class='ocrx_word' id='word_1_65' title='bbox 677 1227 932 1280; x_wconf 75' lang='lat' dir='ltr'><strong>ultionem</strong></span> <span class='ocrx_word' id='word_1_66' title='bbox 962 1225 1054 1281; x_wconf 87' lang='lat' dir='ltr'><strong>Dei</strong></span> <span class='ocrx_word' id='word_1_67' title='bbox 1082 1240 1201 1280; x_wconf 87' lang='lat' dir='ltr'><strong>esse</strong></span> <span class='ocrx_word' id='word_1_68' title='bbox 1231 1224 1480 1280; x_wconf 79' lang='lat' dir='ltr'><strong>dixisses.</strong></span> <span class='ocrx_word' id='word_1_69' title='bbox 1513 1223 1617 1278; x_wconf 85' lang='lat' dir='ltr'><strong>Sed</strong></span> <span class='ocrx_word' id='word_1_70' title='bbox 1649 1222 1861 1293; x_wconf 89' lang='lat' dir='ltr'><strong>quando</strong></span> <span class='ocrx_word' id='word_1_71' title='bbox 1900 1232 2024 1275; x_wconf 85' lang='lat' dir='ltr'><strong>ante</strong></span> 
     </span>
    </p>
   </div>
   <div class='ocr_carea' id='block_1_11' title="bbox 451 1315 2024 1386">
    <p class='ocr_par' dir='ltr' id='par_1_11' title="bbox 451 1315 2024 1386">
     <span class='ocr_line' id='line_1_11' title="bbox 451 1315 2024 1386; baseline 0 -19"><span class='ocrx_word' id='word_1_72' title='bbox 451 1333 620 1372; x_wconf 86' lang='lat' dir='ltr'><strong>annos</strong></span> <span class='ocrx_word' id='word_1_73' title='bbox 651 1319 906 1385; x_wconf 81' lang='lat' dir='ltr'><strong>plurimus</strong></span> <span class='ocrx_word' id='word_1_74' title='bbox 928 1318 1031 1372; x_wconf 82' lang='lat' dir='ltr'><strong>tale</strong></span> <span class='ocrx_word' id='word_1_75' title='bbox 1060 1317 1130 1370; x_wconf 88' lang='lat' dir='ltr'><strong>ibi</strong></span> <span class='ocrx_word' id='word_1_76' title='bbox 1161 1316 1410 1386; x_wconf 84' lang='lat' dir='ltr'><strong>quiddam</strong></span> <span class='ocrx_word' id='word_1_77' title='bbox 1433 1316 1498 1371; x_wconf 91' lang='lat' dir='ltr'><strong>de</strong></span> <span class='ocrx_word' id='word_1_78' title='bbox 1523 1315 1680 1370; x_wconf 90' lang='lat' dir='ltr'><strong>beato</strong></span> <span class='ocrx_word' id='word_1_79' title='bbox 1707 1315 1932 1369; x_wconf 88' lang='lat' dir='ltr'><strong>Damaso</strong></span> <span class='ocrx_word' id='word_1_80' title='bbox 1969 1323 2024 1368; x_wconf 89' lang='lat' dir='ltr'><strong>et</strong></span> 
     </span>
    </p>
   </div>
   <div class='ocr_carea' id='block_1_12' title="bbox 452 1404 2024 1478">
    <p class='ocr_par' dir='ltr' id='par_1_12' title="bbox 452 1404 2024 1478">
     <span class='ocr_line' id='line_1_12' title="bbox 452 1404 2024 1478; baseline -0.004 -14"><span class='ocrx_word' id='word_1_81' title='bbox 452 1407 701 1464; x_wconf 81' lang='lat' dir='ltr'><strong>Ursicino</strong></span> <span class='ocrx_word' id='word_1_82' title='bbox 741 1411 760 1440; x_wconf 81' lang='lat'><strong>’</strong></span> <span class='ocrx_word' id='word_1_83' title='bbox 795 1409 1040 1475; x_wconf 75' lang='lat' dir='ltr'><strong>conligit,</strong></span> <span class='ocrx_word' id='word_1_84' title='bbox 1064 1408 1294 1462; x_wconf 88' lang='lat' dir='ltr'><strong>uondmn</strong></span> <span class='ocrx_word' id='word_1_85' title='bbox 1319 1407 1624 1478; x_wconf 74' lang='lat' dir='ltr'><strong>Pelagianos</strong></span> <span class='ocrx_word' id='word_1_86' title='bbox 1661 1406 1894 1462; x_wconf 86' lang='lat' dir='ltr'><strong>Ecclesia</strong></span> <span class='ocrx_word' id='word_1_87' title='bbox 1919 1404 2024 1458; x_wconf 82' lang='lat' dir='ltr'><strong>Ro-</strong></span> 
     </span>
    </p>
   </div>
   <div class='ocr_carea' id='block_1_13' title="bbox 449 1500 998 1556">
    <p class='ocr_par' dir='ltr' id='par_1_13' title="bbox 449 1500 998 1556">
     <span class='ocr_line' id='line_1_13' title="bbox 449 1500 998 1556; baseline 0.002 -5"><span class='ocrx_word' id='word_1_88' title='bbox 449 1515 604 1554; x_wconf 85' lang='lat' dir='ltr'><strong>mana</strong></span> <span class='ocrx_word' id='word_1_89' title='bbox 636 1500 998 1556; x_wconf 71' lang='lat' dir='ltr'><strong>damnaverat.</strong></span> 
     </span>
    </p>
   </div>
   <div class='ocr_carea' id='block_1_14' title="bbox 518 1590 2019 1660">
    <p class='ocr_par' dir='ltr' id='par_1_14' title="bbox 518 1590 2019 1660">
     <span class='ocr_line' id='line_1_14' title="bbox 518 1590 2019 1660; baseline -0.001 -16"><span class='ocrx_word' id='word_1_90' title='bbox 518 1590 602 1644; x_wconf 78' lang='lat'><strong>59.</strong></span> <span class='ocrx_word' id='word_1_91' title='bbox 667 1591 825 1652; x_wconf 87' lang='lat' dir='ltr'><strong>Dicis,</strong></span> <span class='ocrx_word' id='word_1_92' title='bbox 880 1606 1005 1646; x_wconf 74' lang='lat' dir='ltr'><strong>imo</strong></span> <span class='ocrx_word' id='word_1_93' title='bbox 1045 1606 1256 1660; x_wconf 89' lang='lat' dir='ltr'><strong>quoque</strong></span> <span class='ocrx_word' id='word_1_94' title='bbox 1302 1591 1474 1660; x_wconf 89' lang='lat' dir='ltr'><strong>ipsum</strong></span> <span class='ocrx_word' id='word_1_95' title='bbox 1516 1591 1796 1644; x_wconf 86' lang='lat' dir='ltr'><strong>innovasse</strong></span> <span class='ocrx_word' id='word_1_96' title='bbox 1830 1602 2019 1643; x_wconf 87' lang='lat' dir='ltr'><strong>sensus</strong></span> 
     </span>
    </p>
   </div>
   <div class='ocr_carea' id='block_1_15' title="bbox 444 1681 2019 1753">
    <p class='ocr_par' dir='ltr' id='par_1_15' title="bbox 444 1681 2019 1753">
     <span class='ocr_line' id='line_1_15' title="bbox 444 1681 2019 1753; baseline 0.001 -18"><span class='ocrx_word' id='word_1_97' title='bbox 444 1697 610 1745; x_wconf 90' lang='lat' dir='ltr'><strong>meos,</strong></span> <span class='ocrx_word' id='word_1_98' title='bbox 632 1693 687 1737; x_wconf 90' lang='lat' dir='ltr'><strong>et</strong></span> <span class='ocrx_word' id='word_1_99' title='bbox 721 1683 870 1737; x_wconf 89' lang='lat' dir='ltr'><strong>initio</strong></span> <span class='ocrx_word' id='word_1_100' title='bbox 899 1685 1263 1739; x_wconf 86' lang='lat' dir='ltr'><strong>conversionis</strong></span> <span class='ocrx_word' id='word_1_101' title='bbox 1306 1699 1439 1739; x_wconf 70' lang='lat' dir='ltr'><strong>mea:</strong></span> <span class='ocrx_word' id='word_1_102' title='bbox 1467 1682 1569 1739; x_wconf 88' lang='lat' dir='ltr'><strong>hoc</strong></span> <span class='ocrx_word' id='word_1_103' title='bbox 1615 1683 1848 1738; x_wconf 83' lang='lat' dir='ltr'><strong>sensisse</strong></span> <span class='ocrx_word' id='word_1_104' title='bbox 1877 1681 2019 1753; x_wconf 88' lang='lat' dir='ltr'><strong>quod</strong></span> 
     </span>
    </p>
   </div>
   <div class='ocr_carea' id='block_1_16' title="bbox 447 1773 2021 1841">
    <p class='ocr_par' dir='ltr' id='par_1_16' title="bbox 447 1773 2021 1841">
     <span class='ocr_line' id='line_1_16' title="bbox 447 1773 2021 1841; baseline -0.001 -13"><span class='ocrx_word' id='word_1_105' title='bbox 447 1788 562 1828; x_wconf 66' lang='lat' dir='ltr'><strong>tu.»</strong></span> <span class='ocrx_word' id='word_1_106' title='bbox 593 1775 700 1830; x_wconf 82' lang='lat' dir='ltr'><strong>Sed</strong></span> <span class='ocrx_word' id='word_1_107' title='bbox 754 1775 909 1841; x_wconf 88' lang='lat' dir='ltr'><strong>fallis,</strong></span> <span class='ocrx_word' id='word_1_108' title='bbox 941 1786 1033 1830; x_wconf 90' lang='lat' dir='ltr'><strong>aut</strong></span> <span class='ocrx_word' id='word_1_109' title='bbox 1080 1775 1307 1841; x_wconf 88' lang='lat' dir='ltr'><strong>falleris,</strong></span> <span class='ocrx_word' id='word_1_110' title='bbox 1353 1777 1465 1831; x_wconf 89' lang='lat' dir='ltr'><strong>sive</strong></span> <span class='ocrx_word' id='word_1_111' title='bbox 1515 1774 1886 1830; x_wconf 88' lang='lat' dir='ltr'><strong>calumniando</strong></span> <span class='ocrx_word' id='word_1_112' title='bbox 1939 1773 2021 1827; x_wconf 87' lang='lat' dir='ltr'><strong>his</strong></span> 
     </span>
    </p>
   </div>
   <div class='ocr_carea' id='block_1_17' title="bbox 443 1866 2015 1938">
    <p class='ocr_par' dir='ltr' id='par_1_17' title="bbox 443 1866 2015 1938">
     <span class='ocr_line' id='line_1_17' title="bbox 443 1866 2015 1938; baseline 0 -21"><span class='ocrx_word' id='word_1_113' title='bbox 443 1882 560 1934; x_wconf 72' lang='lat' dir='ltr'><strong>quae</strong></span> <span class='ocrx_word' id='word_1_114' title='bbox 590 1881 727 1920; x_wconf 90' lang='lat' dir='ltr'><strong>nunc</strong></span> <span class='ocrx_word' id='word_1_115' title='bbox 747 1866 887 1931; x_wconf 90' lang='lat' dir='ltr'><strong>dico,</strong></span> <span class='ocrx_word' id='word_1_116' title='bbox 917 1867 1028 1921; x_wconf 84' lang='lat' dir='ltr'><strong>sive</strong></span> <span class='ocrx_word' id='word_1_117' title='bbox 1057 1882 1161 1920; x_wconf 89' lang='lat' dir='ltr'><strong>non</strong></span> <span class='ocrx_word' id='word_1_118' title='bbox 1190 1866 1555 1938; x_wconf 85' lang='lat' dir='ltr'><strong>intelligendo,</strong></span> <span class='ocrx_word' id='word_1_119' title='bbox 1584 1867 1670 1922; x_wconf 91' lang='lat' dir='ltr'><strong>vel</strong></span> <span class='ocrx_word' id='word_1_120' title='bbox 1700 1866 1877 1934; x_wconf 79' lang='lat' dir='ltr'><strong>potius</strong></span> <span class='ocrx_word' id='word_1_121' title='bbox 1906 1879 2015 1919; x_wconf 91' lang='lat' dir='ltr'><strong>non</strong></span> 
     </span>
    </p>
   </div>
   <div class='ocr_carea' id='block_1_18' title="bbox 446 1957 2017 2029">
    <p class='ocr_par' dir='ltr' id='par_1_18' title="bbox 446 1957 2017 2029">
     <span class='ocr_line' id='line_1_18' title="bbox 446 1957 2017 2029; baseline 0 -19"><span class='ocrx_word' id='word_1_122' title='bbox 446 1957 668 2027; x_wconf 84' lang='lat' dir='ltr'><strong>legendo</strong></span> <span class='ocrx_word' id='word_1_123' title='bbox 695 1973 755 2011; x_wconf 87' lang='lat' dir='ltr'><strong>ea</strong></span> <span class='ocrx_word' id='word_1_124' title='bbox 781 1973 901 2027; x_wconf 65' lang='lat' dir='ltr'><strong>quae</strong></span> <span class='ocrx_word' id='word_1_125' title='bbox 933 1967 1058 2012; x_wconf 91' lang='lat' dir='ltr'><strong>tunc</strong></span> <span class='ocrx_word' id='word_1_126' title='bbox 1080 1959 1212 2012; x_wconf 86' lang='lat' dir='ltr'><strong>dixi.</strong></span> <span class='ocrx_word' id='word_1_127' title='bbox 1239 1958 1370 2012; x_wconf 87' lang='lat' dir='ltr'><strong>Nam</strong></span> <span class='ocrx_word' id='word_1_128' title='bbox 1394 1974 1494 2029; x_wconf 85' lang='lat' dir='ltr'><strong>ego</strong></span> <span class='ocrx_word' id='word_1_129' title='bbox 1521 1974 1616 2029; x_wconf 87' lang='lat' dir='ltr'><strong>per</strong></span> <span class='ocrx_word' id='word_1_130' title='bbox 1645 1975 1806 2013; x_wconf 91' lang='lat' dir='ltr'><strong>unum</strong></span> <span class='ocrx_word' id='word_1_131' title='bbox 1847 1957 2017 2012; x_wconf 88' lang='lat' dir='ltr'><strong>homi-</strong></span> 
     </span>
    </p>
   </div>
   <div class='ocr_carea' id='block_1_19' title="bbox 444 2047 2016 2119">
    <p class='ocr_par' dir='ltr' id='par_1_19' title="bbox 444 2047 2016 2119">
     <span class='ocr_line' id='line_1_19' title="bbox 444 2047 2016 2119; baseline 0.002 -21"><span class='ocrx_word' id='word_1_132' title='bbox 444 2063 564 2102; x_wconf 88' lang='lat' dir='ltr'><strong>nem</strong></span> <span class='ocrx_word' id='word_1_133' title='bbox 595 2047 645 2100; x_wconf 91' lang='lat' dir='ltr'><strong>in</strong></span> <span class='ocrx_word' id='word_1_134' title='bbox 676 2047 930 2102; x_wconf 89' lang='lat' dir='ltr'><strong>mundum</strong></span> <span class='ocrx_word' id='word_1_135' title='bbox 959 2048 1186 2102; x_wconf 86' lang='lat' dir='ltr'><strong>intrasse</strong></span> <span class='ocrx_word' id='word_1_136' title='bbox 1215 2059 1512 2117; x_wconf 89' lang='lat' dir='ltr'><strong>peccatum,</strong></span> <span class='ocrx_word' id='word_1_137' title='bbox 1544 2057 1598 2103; x_wconf 90' lang='lat' dir='ltr'><strong>et</strong></span> <span class='ocrx_word' id='word_1_138' title='bbox 1617 2063 1713 2118; x_wconf 88' lang='lat' dir='ltr'><strong>per</strong></span> <span class='ocrx_word' id='word_1_139' title='bbox 1738 2057 2016 2119; x_wconf 86' lang='lat' dir='ltr'><strong>peccatum</strong></span> 
     </span>
    </p>
   </div>
   <div class='ocr_carea' id='block_1_20' title="bbox 443 2138 2016 2209">
    <p class='ocr_par' dir='ltr' id='par_1_20' title="bbox 443 2138 2016 2209">
     <span class='ocr_line' id='line_1_20' title="bbox 443 2138 2016 2209; baseline 0.002 -20"><span class='ocrx_word' id='word_1_140' title='bbox 443 2146 690 2201; x_wconf 84' lang='lat' dir='ltr'><strong>mortem,</strong></span> <span class='ocrx_word' id='word_1_141' title='bbox 736 2148 788 2193; x_wconf 91' lang='lat' dir='ltr'><strong>et</strong></span> <span class='ocrx_word' id='word_1_142' title='bbox 845 2139 913 2192; x_wconf 89' lang='lat' dir='ltr'><strong>ita</strong></span> <span class='ocrx_word' id='word_1_143' title='bbox 941 2138 995 2192; x_wconf 91' lang='lat' dir='ltr'><strong>in</strong></span> <span class='ocrx_word' id='word_1_144' title='bbox 1037 2153 1226 2193; x_wconf 91' lang='lat' dir='ltr'><strong>omnes</strong></span> <span class='ocrx_word' id='word_1_145' title='bbox 1270 2139 1514 2194; x_wconf 90' lang='lat' dir='ltr'><strong>homines</strong></span> <span class='ocrx_word' id='word_1_146' title='bbox 1560 2139 1930 2209; x_wconf 79' lang='lat' dir='ltr'><strong>pertransisse,</strong></span> <span class='ocrx_word' id='word_1_147' title='bbox 1965 2139 2016 2192; x_wconf 92' lang='lat' dir='ltr'><strong>in</strong></span> 
     </span>
    </p>
   </div>
   <div class='ocr_carea' id='block_1_21' title="bbox 441 2228 2014 2302">
    <p class='ocr_par' dir='ltr' id='par_1_21' title="bbox 441 2228 2014 2302">
     <span class='ocr_line' id='line_1_21' title="bbox 441 2228 2014 2302; baseline 0 -20"><span class='ocrx_word' id='word_1_148' title='bbox 441 2246 544 2298; x_wconf 90' lang='lat' dir='ltr'><strong>quo</strong></span> <span class='ocrx_word' id='word_1_149' title='bbox 569 2239 924 2300; x_wconf 86' lang='lat' dir='ltr'><strong>peccaverunt</strong></span> <span class='ocrx_word' id='word_1_150' title='bbox 944 2245 1131 2285; x_wconf 90' lang='lat' dir='ltr'><strong>omnes</strong></span> <span class='ocrx_word' id='word_1_151' title='bbox 1151 2228 1333 2300; x_wconf 84' lang='lat' dir='ltr'><strong>(Rom.</strong></span> <span class='ocrx_word' id='word_1_152' title='bbox 1357 2245 1408 2296; x_wconf 89' lang='lat' dir='ltr'><strong>v,</strong></span> <span class='ocrx_word' id='word_1_153' title='bbox 1435 2228 1546 2302; x_wconf 74' lang='lat'><strong>12);</strong></span> <span class='ocrx_word' id='word_1_154' title='bbox 1591 2229 1660 2284; x_wconf 89' lang='lat' dir='ltr'><strong>ab</strong></span> <span class='ocrx_word' id='word_1_155' title='bbox 1692 2230 1845 2284; x_wconf 89' lang='lat' dir='ltr'><strong>initio</strong></span> <span class='ocrx_word' id='word_1_156' title='bbox 1884 2245 2014 2283; x_wconf 86' lang='lat' dir='ltr'><strong>con-</strong></span> 
     </span>
    </p>
   </div>
   <div class='ocr_carea' id='block_1_22' title="bbox 442 2321 2014 2390">
    <p class='ocr_par' dir='ltr' id='par_1_22' title="bbox 442 2321 2014 2390">
     <span class='ocr_line' id='line_1_22' title="bbox 442 2321 2014 2390; baseline 0.003 -20"><span class='ocrx_word' id='word_1_157' title='bbox 442 2321 701 2376; x_wconf 88' lang='lat' dir='ltr'><strong>versionis</strong></span> <span class='ocrx_word' id='word_1_158' title='bbox 726 2336 860 2375; x_wconf 77' lang='lat' dir='ltr'><strong>mea:</strong></span> <span class='ocrx_word' id='word_1_159' title='bbox 885 2321 962 2376; x_wconf 91' lang='lat' dir='ltr'><strong>sic</strong></span> <span class='ocrx_word' id='word_1_160' title='bbox 1013 2321 1155 2375; x_wconf 90' lang='lat' dir='ltr'><strong>tenui</strong></span> <span class='ocrx_word' id='word_1_161' title='bbox 1195 2335 1429 2390; x_wconf 87' lang='lat' dir='ltr'><strong>semper,</strong></span> <span class='ocrx_word' id='word_1_162' title='bbox 1476 2330 1534 2375; x_wconf 90' lang='lat' dir='ltr'><strong>ut</strong></span> <span class='ocrx_word' id='word_1_163' title='bbox 1566 2329 1740 2375; x_wconf 87' lang='lat' dir='ltr'><strong>teneo.</strong></span> <span class='ocrx_word' id='word_1_164' title='bbox 1799 2321 2014 2375; x_wconf 80' lang='lat' dir='ltr'><strong>Exstant</strong></span> 
     </span>
    </p>
   </div>
   <div class='ocr_carea' id='block_1_23' title="bbox 441 2410 2016 2481">
    <p class='ocr_par' dir='ltr' id='par_1_23' title="bbox 441 2410 2016 2481">
     <span class='ocr_line' id='line_1_23' title="bbox 441 2410 2016 2481; baseline 0.001 -18"><span class='ocrx_word' id='word_1_165' title='bbox 441 2411 556 2464; x_wconf 88' lang='lat' dir='ltr'><strong>libri</strong></span> <span class='ocrx_word' id='word_1_166' title='bbox 588 2426 721 2481; x_wconf 90' lang='lat' dir='ltr'><strong>quos</strong></span> <span class='ocrx_word' id='word_1_167' title='bbox 745 2410 920 2466; x_wconf 87' lang='lat' dir='ltr'><strong>adhuc</strong></span> <span class='ocrx_word' id='word_1_168' title='bbox 939 2411 1105 2467; x_wconf 90' lang='lat' dir='ltr'><strong>laicus</strong></span> <span class='ocrx_word' id='word_1_169' title='bbox 1133 2411 1503 2466; x_wconf 87' lang='lat' dir='ltr'><strong>recentissima</strong></span> <span class='ocrx_word' id='word_1_170' title='bbox 1527 2427 1646 2467; x_wconf 90' lang='lat' dir='ltr'><strong>mea</strong></span> <span class='ocrx_word' id='word_1_171' title='bbox 1665 2410 2016 2466; x_wconf 85' lang='lat' dir='ltr'><strong>conversione</strong></span> 
     </span>
    </p>
   </div>
   <div class='ocr_carea' id='block_1_24' title="bbox 437 2504 2015 2575">
    <p class='ocr_par' dir='ltr' id='par_1_24' title="bbox 437 2504 2015 2575">
     <span class='ocr_line' id='line_1_24' title="bbox 437 2504 2015 2575; baseline -0.001 -17"><span class='ocrx_word' id='word_1_172' title='bbox 437 2505 872 2574; x_wconf 87' lang='lat' dir='ltr'><strong>eonscripsi,ctsi</strong></span> <span class='ocrx_word' id='word_1_173' title='bbox 899 2504 1135 2559; x_wconf 87' lang='lat' dir='ltr'><strong>nondum</strong></span> <span class='ocrx_word' id='word_1_174' title='bbox 1173 2504 1313 2560; x_wconf 89' lang='lat' dir='ltr'><strong>sicut</strong></span> <span class='ocrx_word' id='word_1_175' title='bbox 1359 2512 1540 2575; x_wconf 86' lang='lat' dir='ltr'><strong>postea</strong></span> <span class='ocrx_word' id='word_1_176' title='bbox 1590 2505 1758 2559; x_wconf 85' lang='lat' dir='ltr'><strong>sacris</strong></span> <span class='ocrx_word' id='word_1_177' title='bbox 1801 2504 2015 2559; x_wconf 85' lang='lat' dir='ltr'><strong>Litteris</strong></span> 
     </span>
    </p>
   </div>
   <div class='ocr_carea' id='block_1_25' title="bbox 443 2594 2011 2666">
    <p class='ocr_par' dir='ltr' id='par_1_25' title="bbox 443 2594 2011 2666">
     <span class='ocr_line' id='line_1_25' title="bbox 443 2594 2011 2666; baseline 0.002 -21"><span class='ocrx_word' id='word_1_178' title='bbox 443 2595 700 2655; x_wconf 69' lang='lat' dir='ltr'><strong>eruditus,</strong></span> <span class='ocrx_word' id='word_1_179' title='bbox 732 2605 908 2649; x_wconf 91' lang='lat' dir='ltr'><strong>tamen</strong></span> <span class='ocrx_word' id='word_1_180' title='bbox 944 2595 1075 2649; x_wconf 91' lang='lat' dir='ltr'><strong>nihil</strong></span> <span class='ocrx_word' id='word_1_181' title='bbox 1102 2594 1170 2650; x_wconf 92' lang='lat' dir='ltr'><strong>de</strong></span> <span class='ocrx_word' id='word_1_182' title='bbox 1194 2595 1292 2650; x_wconf 91' lang='lat' dir='ltr'><strong>hac</strong></span> <span class='ocrx_word' id='word_1_183' title='bbox 1339 2611 1398 2650; x_wconf 90' lang='lat' dir='ltr'><strong>re</strong></span> <span class='ocrx_word' id='word_1_184' title='bbox 1439 2595 1547 2666; x_wconf 88' lang='lat' dir='ltr'><strong>jam</strong></span> <span class='ocrx_word' id='word_1_185' title='bbox 1579 2603 1706 2651; x_wconf 91' lang='lat' dir='ltr'><strong>tunc</strong></span> <span class='ocrx_word' id='word_1_186' title='bbox 1754 2594 2011 2657; x_wconf 87' lang='lat' dir='ltr'><strong>sentiens,</strong></span> 
     </span>
    </p>
   </div>
   <div class='ocr_carea' id='block_1_26' title="bbox 435 2685 2013 2756">
    <p class='ocr_par' dir='ltr' id='par_1_26' title="bbox 435 2685 2013 2756">
     <span class='ocr_line' id='line_1_26' title="bbox 435 2685 2013 2756; baseline 0.001 -17"><span class='ocrx_word' id='word_1_187' title='bbox 435 2695 490 2739; x_wconf 86' lang='lat' dir='ltr'><strong>et</strong></span> <span class='ocrx_word' id='word_1_188' title='bbox 516 2685 602 2740; x_wconf 88' lang='lat' dir='ltr'><strong>ubi</strong></span> <span class='ocrx_word' id='word_1_189' title='bbox 629 2685 933 2755; x_wconf 89' lang='lat' dir='ltr'><strong>disputandi</strong></span> <span class='ocrx_word' id='word_1_190' title='bbox 955 2687 1092 2741; x_wconf 88' lang='lat' dir='ltr'><strong>ratio</strong></span> <span class='ocrx_word' id='word_1_191' title='bbox 1125 2695 1443 2756; x_wconf 90' lang='lat' dir='ltr'><strong>p0poscerat</strong></span> <span class='ocrx_word' id='word_1_192' title='bbox 1471 2685 1678 2751; x_wconf 90' lang='lat' dir='ltr'><strong>dicens,</strong></span> <span class='ocrx_word' id='word_1_193' title='bbox 1723 2686 1824 2740; x_wconf 86' lang='lat' dir='ltr'><strong>nisi</strong></span> <span class='ocrx_word' id='word_1_194' title='bbox 1873 2685 2013 2756; x_wconf 90' lang='lat' dir='ltr'><strong>quod</strong></span> 
     </span>
    </p>
   </div>
   <div class='ocr_carea' id='block_1_27' title="bbox 435 2776 2015 2846">
    <p class='ocr_par' dir='ltr' id='par_1_27' title="bbox 435 2776 2015 2846">
     <span class='ocr_line' id='line_1_27' title="bbox 435 2776 2015 2846; baseline 0.003 -18"><span class='ocrx_word' id='word_1_195' title='bbox 435 2776 724 2846; x_wconf 87' lang='lat' dir='ltr'><strong>antiquitus</strong></span> <span class='ocrx_word' id='word_1_196' title='bbox 769 2777 936 2833; x_wconf 89' lang='lat' dir='ltr'><strong>discit</strong></span> <span class='ocrx_word' id='word_1_197' title='bbox 975 2777 997 2809; x_wconf 85' lang='grc'><em>³</em></span> <span class='ocrx_word' id='word_1_198' title='bbox 1023 2786 1078 2833; x_wconf 90' lang='lat' dir='ltr'><strong>et</strong></span> <span class='ocrx_word' id='word_1_199' title='bbox 1119 2777 1281 2833; x_wconf 89' lang='lat' dir='ltr'><strong>docet</strong></span> <span class='ocrx_word' id='word_1_200' title='bbox 1315 2777 1490 2832; x_wconf 89' lang='lat' dir='ltr'><strong>omnis</strong></span> <span class='ocrx_word' id='word_1_201' title='bbox 1535 2778 1769 2833; x_wconf 88' lang='lat' dir='ltr'><strong>Ecclesia</strong></span> <span class='ocrx_word' id='word_1_202' title='bbox 1796 2778 1881 2832; x_wconf 92' lang='lat' dir='ltr'><strong>:in</strong></span> <span class='ocrx_word' id='word_1_203' title='bbox 1920 2777 2015 2832; x_wconf 88' lang='lat' dir='ltr'><strong>has</strong></span> 
     </span>
    </p>
   </div>
   <div class='ocr_carea' id='block_1_28' title="bbox 435 2869 2017 2942">
    <p class='ocr_par' dir='ltr' id='par_1_28' title="bbox 435 2869 2017 2942">
     <span class='ocr_line' id='line_1_28' title="bbox 435 2869 2017 2942; baseline 0.001 -20"><span class='ocrx_word' id='word_1_204' title='bbox 435 2870 684 2925; x_wconf 81' lang='lat' dir='ltr'><strong>videlicet</strong></span> <span class='ocrx_word' id='word_1_205' title='bbox 728 2885 948 2941; x_wconf 80' lang='lat' dir='ltr'><strong>magnas</strong></span> <span class='ocrx_word' id='word_1_206' title='bbox 989 2871 1404 2942; x_wconf 87' lang='lat' dir='ltr'><strong>manifestasque</strong></span> <span class='ocrx_word' id='word_1_207' title='bbox 1447 2869 1715 2936; x_wconf 85' lang='lat' dir='ltr'><strong>miserias,</strong></span> <span class='ocrx_word' id='word_1_208' title='bbox 1744 2872 1796 2925; x_wconf 92' lang='lat' dir='ltr'><strong>in</strong></span> <span class='ocrx_word' id='word_1_209' title='bbox 1826 2870 2017 2942; x_wconf 85' lang='lat' dir='ltr'><strong>quibus</strong></span> 
     </span>
    </p>
   </div>
   <div class='ocr_carea' id='block_1_29' title="bbox 434 2962 2016 3033">
    <p class='ocr_par' dir='ltr' id='par_1_29' title="bbox 434 2962 2016 3033">
     <span class='ocr_line' id='line_1_29' title="bbox 434 2962 2016 3033; baseline 0.001 -17"><span class='ocrx_word' id='word_1_210' title='bbox 434 2963 594 3017; x_wconf 90' lang='lat' dir='ltr'><strong>homo</strong></span> <span class='ocrx_word' id='word_1_211' title='bbox 642 2964 857 3018; x_wconf 83' lang='lat' dir='ltr'><strong>vanitati</strong></span> <span class='ocrx_word' id='word_1_212' title='bbox 900 2964 1088 3018; x_wconf 84' lang='lat' dir='ltr'><strong>similis</strong></span> <span class='ocrx_word' id='word_1_213' title='bbox 1125 2963 1292 3018; x_wconf 88' lang='lat' dir='ltr'><strong>factus</strong></span> <span class='ocrx_word' id='word_1_214' title='bbox 1345 2971 1448 3029; x_wconf 90' lang='lat' dir='ltr'><strong>est,</strong></span> <span class='ocrx_word' id='word_1_215' title='bbox 1483 2970 1542 3017; x_wconf 90' lang='lat' dir='ltr'><strong>ut</strong></span> <span class='ocrx_word' id='word_1_216' title='bbox 1577 2962 1696 3018; x_wconf 89' lang='lat' dir='ltr'><strong>dies</strong></span> <span class='ocrx_word' id='word_1_217' title='bbox 1733 2962 1851 3033; x_wconf 84' lang='lat' dir='ltr'><strong>ejus</strong></span> <span class='ocrx_word' id='word_1_218' title='bbox 1879 2963 2016 3018; x_wconf 89' lang='lat' dir='ltr'><strong>sicut</strong></span> 
     </span>
    </p>
   </div>
   <div class='ocr_carea' id='block_1_30' title="bbox 435 3053 2014 3126">
    <p class='ocr_par' dir='ltr' id='par_1_30' title="bbox 435 3053 2014 3126">
     <span class='ocr_line' id='line_1_30' title="bbox 435 3053 2014 3126; baseline 0 -19"><span class='ocrx_word' id='word_1_219' title='bbox 435 3056 620 3110; x_wconf 89' lang='lat' dir='ltr'><strong>umbra</strong></span> <span class='ocrx_word' id='word_1_220' title='bbox 649 3063 970 3126; x_wconf 76' lang='lat' dir='ltr'><strong>praetereant</strong></span> <span class='ocrx_word' id='word_1_221' title='bbox 997 3054 1168 3124; x_wconf 87' lang='lat' dir='ltr'><strong>(Psal.</strong></span> <span class='ocrx_word' id='word_1_222' title='bbox 1198 3069 1379 3121; x_wconf 81' lang='lat' dir='ltr'><strong>cxun,</strong></span> <span class='ocrx_word' id='word_1_223' title='bbox 1417 3053 1500 3126; x_wconf 77' lang='grc'>4),</span> <span class='ocrx_word' id='word_1_224' title='bbox 1549 3062 1604 3110; x_wconf 91' lang='lat' dir='ltr'><strong>et</strong></span> <span class='ocrx_word' id='word_1_225' title='bbox 1654 3053 1723 3109; x_wconf 85' lang='lat' dir='ltr'><strong>sit</strong></span> <span class='ocrx_word' id='word_1_226' title='bbox 1765 3053 2014 3108; x_wconf 88' lang='lat' dir='ltr'><strong>universa</strong></span> 
     </span>
    </p>
   </div>
   <div class='ocr_carea' id='block_1_31' title="bbox 436 3145 2018 3218">
    <p class='ocr_par' dir='ltr' id='par_1_31' title="bbox 436 3145 2018 3218">
     <span class='ocr_line' id='line_1_31' title="bbox 436 3145 2018 3218; baseline 0.001 -18"><span class='ocrx_word' id='word_1_227' title='bbox 436 3148 642 3202; x_wconf 82' lang='lat' dir='ltr'><strong>vanitas</strong></span> <span class='ocrx_word' id='word_1_228' title='bbox 684 3147 859 3201; x_wconf 90' lang='lat' dir='ltr'><strong>omnis</strong></span> <span class='ocrx_word' id='word_1_229' title='bbox 885 3146 1045 3202; x_wconf 90' lang='lat' dir='ltr'><strong>homo</strong></span> <span class='ocrx_word' id='word_1_230' title='bbox 1070 3147 1442 3218; x_wconf 88' lang='lat' dir='ltr'><strong>vivens(Psal.</strong></span> <span class='ocrx_word' id='word_1_231' title='bbox 1479 3163 1700 3213; x_wconf 86' lang='lat' dir='ltr'><strong>xxxvut,</strong></span> <span class='ocrx_word' id='word_1_232' title='bbox 1734 3145 1813 3218; x_wconf 87' lang='lat'><strong>6),</strong></span> <span class='ocrx_word' id='word_1_233' title='bbox 1855 3146 2018 3202; x_wconf 92' lang='lat' dir='ltr'><strong>meri-</strong></span> 
     </span>
    </p>
   </div>
   <div class='ocr_carea' id='block_1_32' title="bbox 439 3237 2017 3310">
    <p class='ocr_par' dir='ltr' id='par_1_32' title="bbox 439 3237 2017 3310">
     <span class='ocr_line' id='line_1_32' title="bbox 439 3237 2017 3310; baseline -0.001 -17"><span class='ocrx_word' id='word_1_234' title='bbox 439 3253 493 3295; x_wconf 91' lang='lat' dir='ltr'><strong>to</strong></span> <span class='ocrx_word' id='word_1_235' title='bbox 545 3239 744 3310; x_wconf 80' lang='lat' dir='ltr'><strong>peccati</strong></span> <span class='ocrx_word' id='word_1_236' title='bbox 784 3239 1054 3309; x_wconf 83' lang='lat' dir='ltr'><strong>originalis</strong></span> <span class='ocrx_word' id='word_1_237' title='bbox 1103 3254 1270 3309; x_wconf 82' lang='lat' dir='ltr'><strong>genus</strong></span> <span class='ocrx_word' id='word_1_238' title='bbox 1305 3237 1592 3293; x_wconf 89' lang='lat' dir='ltr'><strong>humanum</strong></span> <span class='ocrx_word' id='word_1_239' title='bbox 1647 3237 1809 3292; x_wconf 89' lang='lat' dir='ltr'><strong>fuisse</strong></span> <span class='ocrx_word' id='word_1_240' title='bbox 1850 3237 2017 3292; x_wconf 85' lang='lat' dir='ltr'><strong>colla-</strong></span> 
     </span>
    </p>
   </div>
   <div class='ocr_carea' id='block_1_33' title="bbox 436 3327 2019 3403">
    <p class='ocr_par' dir='ltr' id='par_1_33' title="bbox 436 3327 2019 3403">
     <span class='ocr_line' id='line_1_33' title="bbox 436 3327 2019 3403; baseline 0.001 -19"><span class='ocrx_word' id='word_1_241' title='bbox 436 3349 607 3401; x_wconf 81' lang='lat' dir='ltr'><strong>psum;</strong></span> <span class='ocrx_word' id='word_1_242' title='bbox 624 3332 762 3388; x_wconf 91' lang='lat' dir='ltr'><strong>unde</strong></span> <span class='ocrx_word' id='word_1_243' title='bbox 774 3347 878 3387; x_wconf 92' lang='lat' dir='ltr'><strong>non</strong></span> <span class='ocrx_word' id='word_1_244' title='bbox 897 3332 1081 3388; x_wconf 89' lang='lat' dir='ltr'><strong>liberat</strong></span> <span class='ocrx_word' id='word_1_245' title='bbox 1096 3332 1193 3387; x_wconf 90' lang='lat' dir='ltr'><strong>nisi</strong></span> <span class='ocrx_word' id='word_1_246' title='bbox 1212 3333 1298 3403; x_wconf 91' lang='lat' dir='ltr'><strong>qui</strong></span> <span class='ocrx_word' id='word_1_247' title='bbox 1317 3331 1466 3395; x_wconf 89' lang='lat' dir='ltr'><strong>dixit,</strong></span> <span class='ocrx_word' id='word_1_248' title='bbox 1486 3329 1677 3385; x_wconf 86' lang='lat' dir='ltr'><strong>Veritas</strong></span> <span class='ocrx_word' id='word_1_249' title='bbox 1692 3327 1917 3384; x_wconf 88' lang='lat' dir='ltr'><strong>liberabit</strong></span> <span class='ocrx_word' id='word_1_250' title='bbox 1934 3345 2019 3386; x_wconf 82' lang='lat' dir='ltr'><strong>vos</strong></span> 
     </span>
    </p>
   </div>
   <div class='ocr_carea' id='block_1_34' title="bbox 439 3419 2014 3493">
    <p class='ocr_par' dir='ltr' id='par_1_34' title="bbox 439 3419 2014 3493">
     <span class='ocr_line' id='line_1_34' title="bbox 439 3419 2014 3493; baseline -0.002 -18"><span class='ocrx_word' id='word_1_251' title='bbox 439 3422 617 3492; x_wconf 72' lang='lat' dir='ltr'><strong>(Joan.</strong></span> <span class='ocrx_word' id='word_1_252' title='bbox 648 3438 740 3478; x_wconf 84' lang='lat' dir='ltr'><strong>vnt</strong></span> <span class='ocrx_word' id='word_1_253' title='bbox 761 3464 776 3487; x_wconf 91' lang='lat'><strong>,</strong></span> <span class='ocrx_word' id='word_1_254' title='bbox 807 3422 923 3491; x_wconf 77' lang='lat'><strong>5‘2);</strong></span> <span class='ocrx_word' id='word_1_255' title='bbox 951 3431 1024 3489; x_wconf 90' lang='lat' dir='ltr'><strong>et,</strong></span> <span class='ocrx_word' id='word_1_256' title='bbox 1057 3420 1167 3493; x_wconf 85' lang='lat' dir='ltr'><strong>Ego</strong></span> <span class='ocrx_word' id='word_1_257' title='bbox 1192 3438 1302 3475; x_wconf 82' lang='lat' dir='ltr'><strong>sum</strong></span> <span class='ocrx_word' id='word_1_258' title='bbox 1332 3420 1513 3475; x_wconf 72' lang='lat' dir='ltr'><strong>ueritas</strong></span> <span class='ocrx_word' id='word_1_259' title='bbox 1543 3419 1652 3492; x_wconf 79' lang='lat' dir='ltr'><strong>(Id.</strong></span> <span class='ocrx_word' id='word_1_260' title='bbox 1674 3436 1783 3488; x_wconf 82' lang='lat' dir='ltr'><strong>xtv,</strong></span> <span class='ocrx_word' id='word_1_261' title='bbox 1813 3419 1893 3492; x_wconf 86' lang='lat'><strong>6);</strong></span> <span class='ocrx_word' id='word_1_262' title='bbox 1939 3430 2014 3486; x_wconf 83' lang='lat' dir='ltr'><strong>et,</strong></span> 
     </span>
    </p>
   </div>
   <div class='ocr_carea' id='block_1_35' title="bbox 436 3509 2013 3582">
    <p class='ocr_par' dir='ltr' id='par_1_35' title="bbox 436 3509 2013 3582">
     <span class='ocr_line' id='line_1_35' title="bbox 436 3509 2013 3582; baseline -0.004 -13"><span class='ocrx_word' id='word_1_263' title='bbox 436 3513 496 3569; x_wconf 84' lang='lat' dir='ltr'><strong>Si</strong></span> <span class='ocrx_word' id='word_1_264' title='bbox 521 3530 606 3569; x_wconf 76' lang='lat' dir='ltr'><strong>vos</strong></span> <span class='ocrx_word' id='word_1_265' title='bbox 644 3513 812 3568; x_wconf 84' lang='lat' dir='ltr'><strong>Filius</strong></span> <span class='ocrx_word' id='word_1_266' title='bbox 860 3513 1162 3579; x_wconf 70' lang='lat' dir='ltr'><strong>liberaverit,</strong></span> <span class='ocrx_word' id='word_1_267' title='bbox 1222 3522 1339 3565; x_wconf 88' lang='lat' dir='ltr'><strong>tunc</strong></span> <span class='ocrx_word' id='word_1_268' title='bbox 1379 3527 1493 3566; x_wconf 80' lang='lat' dir='ltr'><strong>uere</strong></span> <span class='ocrx_word' id='word_1_269' title='bbox 1534 3510 1679 3566; x_wconf 86' lang='lat' dir='ltr'><strong>liberi</strong></span> <span class='ocrx_word' id='word_1_270' title='bbox 1723 3511 1858 3564; x_wconf 85' lang='lat' dir='ltr'><strong>eritis</strong></span> <span class='ocrx_word' id='word_1_271' title='bbox 1905 3509 2013 3582; x_wconf 85' lang='lat' dir='ltr'><strong>(Id.</strong></span> 
     </span>
    </p>
   </div>
   <div class='ocr_carea' id='block_1_36' title="bbox 435 3600 2016 3673">
    <p class='ocr_par' dir='ltr' id='par_1_36' title="bbox 435 3600 2016 3673">
     <span class='ocr_line' id='line_1_36' title="bbox 435 3600 2016 3673; baseline -0.003 -15"><span class='ocrx_word' id='word_1_272' title='bbox 435 3605 816 3673; x_wconf 80' lang='lat' dir='ltr'><strong>vm,&#39;56).Non</strong></span> <span class='ocrx_word' id='word_1_273' title='bbox 856 3605 996 3658; x_wconf 92' lang='lat' dir='ltr'><strong>enim</strong></span> <span class='ocrx_word' id='word_1_274' title='bbox 1027 3619 1056 3658; x_wconf 90' lang='lat' dir='ltr'><strong>a</strong></span> <span class='ocrx_word' id='word_1_275' title='bbox 1077 3604 1311 3657; x_wconf 87' lang='lat' dir='ltr'><strong>vanitate</strong></span> <span class='ocrx_word' id='word_1_276' title='bbox 1339 3603 1436 3656; x_wconf 90' lang='lat' dir='ltr'><strong>nisi</strong></span> <span class='ocrx_word' id='word_1_277' title='bbox 1463 3602 1660 3656; x_wconf 89' lang='lat' dir='ltr'><strong>veritas</strong></span> <span class='ocrx_word' id='word_1_278' title='bbox 1675 3601 1896 3665; x_wconf 87' lang='lat' dir='ltr'><strong>liberat;</strong></span> <span class='ocrx_word' id='word_1_279' title='bbox 1923 3600 2016 3654; x_wconf 88' lang='lat' dir='ltr'><strong>sed</strong></span> 
     </span>
    </p>
   </div>
   <div class='ocr_carea' id='block_1_37' title="bbox 436 3692 2018 3765">
    <p class='ocr_par' dir='ltr' id='par_1_37' title="bbox 436 3692 2018 3765">
     <span class='ocr_line' id='line_1_37' title="bbox 436 3692 2018 3765; baseline -0.003 -16"><span class='ocrx_word' id='word_1_280' title='bbox 436 3695 726 3750; x_wconf 79' lang='lat' dir='ltr'><strong>secundum</strong></span> <span class='ocrx_word' id='word_1_281' title='bbox 751 3695 1000 3765; x_wconf 82' lang='lat' dir='ltr'><strong>gratiam,</strong></span> <span class='ocrx_word' id='word_1_282' title='bbox 1026 3709 1129 3748; x_wconf 92' lang='lat' dir='ltr'><strong>non</strong></span> <span class='ocrx_word' id='word_1_283' title='bbox 1153 3695 1444 3748; x_wconf 88' lang='lat' dir='ltr'><strong>secundum</strong></span> <span class='ocrx_word' id='word_1_284' title='bbox 1472 3692 1732 3756; x_wconf 85' lang='lat' dir='ltr'><strong>debitum;</strong></span> <span class='ocrx_word' id='word_1_285' title='bbox 1776 3707 1870 3760; x_wconf 89' lang='lat' dir='ltr'><strong>per</strong></span> <span class='ocrx_word' id='word_1_286' title='bbox 1915 3693 2018 3745; x_wconf 90' lang='lat' dir='ltr'><strong>mi-</strong></span> 
     </span>
    </p>
   </div>
   <div class='ocr_carea' id='block_1_38' title="bbox 435 3780 2018 3852">
    <p class='ocr_par' dir='ltr' id='par_1_38' title="bbox 435 3780 2018 3852">
     <span class='ocr_line' id='line_1_38' title="bbox 435 3780 2018 3852; baseline -0.002 -14"><span class='ocrx_word' id='word_1_287' title='bbox 435 3784 799 3845; x_wconf 84' lang='lat' dir='ltr'><strong>sericordiam,</strong></span> <span class='ocrx_word' id='word_1_288' title='bbox 859 3800 964 3836; x_wconf 89' lang='lat' dir='ltr'><strong>non</strong></span> <span class='ocrx_word' id='word_1_289' title='bbox 1005 3798 1100 3852; x_wconf 88' lang='lat' dir='ltr'><strong>per</strong></span> <span class='ocrx_word' id='word_1_290' title='bbox 1149 3783 1416 3838; x_wconf 89' lang='lat' dir='ltr'><strong>meritum.</strong></span> <span class='ocrx_word' id='word_1_291' title='bbox 1458 3781 1605 3836; x_wconf 88' lang='lat' dir='ltr'><strong>Sicut</strong></span> <span class='ocrx_word' id='word_1_292' title='bbox 1649 3780 1790 3835; x_wconf 92' lang='lat' dir='ltr'><strong>enim</strong></span> <span class='ocrx_word' id='word_1_293' title='bbox 1836 3780 2018 3850; x_wconf 88' lang='lat' dir='ltr'><strong>judicii</strong></span> 
     </span>
    </p>
   </div>
   <div class='ocr_carea' id='block_1_39' title="bbox 439 3869 2018 3942">
    <p class='ocr_par' dir='ltr' id='par_1_39' title="bbox 439 3869 2018 3942">
     <span class='ocr_line' id='line_1_39' title="bbox 439 3869 2018 3942; baseline -0.003 -12"><span class='ocrx_word' id='word_1_294' title='bbox 439 3876 538 3930; x_wconf 85' lang='lat' dir='ltr'><strong>fuit</strong></span> <span class='ocrx_word' id='word_1_295' title='bbox 562 3885 618 3929; x_wconf 92' lang='lat' dir='ltr'><strong>ut</strong></span> <span class='ocrx_word' id='word_1_296' title='bbox 638 3874 853 3929; x_wconf 87' lang='lat' dir='ltr'><strong>vanitati</strong></span> <span class='ocrx_word' id='word_1_297' title='bbox 883 3873 1298 3942; x_wconf 75' lang='lat' dir='ltr'><strong>snlijiccremur;</strong></span> <span class='ocrx_word' id='word_1_298' title='bbox 1329 3873 1399 3927; x_wconf 89' lang='lat' dir='ltr'><strong>ita</strong></span> <span class='ocrx_word' id='word_1_299' title='bbox 1428 3869 1812 3927; x_wconf 77' lang='lat' dir='ltr'><strong>misericordia:</strong></span> <span class='ocrx_word' id='word_1_300' title='bbox 1849 3881 1930 3926; x_wconf 90' lang='lat' dir='ltr'><strong>est</strong></span> <span class='ocrx_word' id='word_1_301' title='bbox 1959 3882 2018 3926; x_wconf 91' lang='lat' dir='ltr'><strong>ut</strong></span> 
     </span>
    </p>
   </div>
   <div class='ocr_carea' id='block_1_40' title="bbox 438 3963 2016 4034">
    <p class='ocr_par' dir='ltr' id='par_1_40' title="bbox 438 3963 2016 4034">
     <span class='ocr_line' id='line_1_40' title="bbox 438 3963 2016 4034; baseline 0 -18"><span class='ocrx_word' id='word_1_302' title='bbox 438 3967 662 4020; x_wconf 86' lang='lat' dir='ltr'><strong>veritate</strong></span> <span class='ocrx_word' id='word_1_303' title='bbox 686 3965 996 4030; x_wconf 84' lang='lat' dir='ltr'><strong>liberemur,</strong></span> <span class='ocrx_word' id='word_1_304' title='bbox 1023 3973 1077 4019; x_wconf 91' lang='lat' dir='ltr'><strong>et</strong></span> <span class='ocrx_word' id='word_1_305' title='bbox 1108 3964 1219 4034; x_wconf 87' lang='lat' dir='ltr'><strong>ipsa</strong></span> <span class='ocrx_word' id='word_1_306' title='bbox 1243 3964 1380 4018; x_wconf 88' lang='lat' dir='ltr'><strong>bona</strong></span> <span class='ocrx_word' id='word_1_307' title='bbox 1432 3963 1622 4017; x_wconf 84' lang='lat' dir='ltr'><strong>merita</strong></span> <span class='ocrx_word' id='word_1_308' title='bbox 1653 3972 1834 4018; x_wconf 87' lang='lat' dir='ltr'><strong>nostra</strong></span> <span class='ocrx_word' id='word_1_309' title='bbox 1877 3977 2016 4017; x_wconf 83' lang='lat' dir='ltr'><strong>non-</strong></span> 
     </span>
    </p>
   </div>
   <div class='ocr_carea' id='block_1_41' title="bbox 443 4054 1286 4113">
    <p class='ocr_par' dir='ltr' id='par_1_41' title="bbox 443 4054 1286 4113">
     <span class='ocr_line' id='line_1_41' title="bbox 443 4054 1286 4113; baseline -0.005 -1"><span class='ocrx_word' id='word_1_310' title='bbox 443 4059 543 4113; x_wconf 90' lang='lat' dir='ltr'><strong>nisi</strong></span> <span class='ocrx_word' id='word_1_311' title='bbox 576 4057 666 4112; x_wconf 88' lang='lat' dir='ltr'><strong>Dei</strong></span> <span class='ocrx_word' id='word_1_312' title='bbox 687 4056 826 4111; x_wconf 86' lang='lat' dir='ltr'><strong>dona</strong></span> <span class='ocrx_word' id='word_1_313' title='bbox 853 4070 973 4111; x_wconf 89' lang='lat' dir='ltr'><strong>esse</strong></span> <span class='ocrx_word' id='word_1_314' title='bbox 1005 4054 1286 4110; x_wconf 80' lang='lat' dir='ltr'><strong>fateamur.</strong></span> 
     </span>
    </p>
   </div>
   <div class='ocr_carea' id='block_1_42' title="bbox 507 4144 2019 4218">
    <p class='ocr_par' dir='ltr' id='par_1_42' title="bbox 507 4144 2019 4218">
     <span class='ocr_line' id='line_1_42' title="bbox 507 4144 2019 4218; baseline -0.003 -15"><span class='ocrx_word' id='word_1_315' title='bbox 507 4145 734 4204; x_wconf 83' lang='lat' dir='ltr'><strong>CAPUT</strong></span> <span class='ocrx_word' id='word_1_316' title='bbox 758 4145 873 4202; x_wconf 81' lang='lat' dir='ltr'><strong>Xlll</strong></span> <span class='ocrx_word' id='word_1_317' title='bbox 904 4145 1076 4218; x_wconf 83' lang='lat' dir='ltr'><strong>(a).—-</strong></span> <span class='ocrx_word' id='word_1_318' title='bbox 1095 4145 1320 4201; x_wconf 72' lang='lat' dir='ltr'><strong>40.1am</strong></span> <span class='ocrx_word' id='word_1_319' title='bbox 1343 4159 1484 4200; x_wconf 92' lang='lat' dir='ltr'><strong>nunc</strong></span> <span class='ocrx_word' id='word_1_320' title='bbox 1510 4145 1651 4199; x_wconf 89' lang='lat' dir='ltr'><strong>illam</strong></span> <span class='ocrx_word' id='word_1_321' title='bbox 1681 4153 1822 4200; x_wconf 83' lang='lat' dir='ltr'><strong>tuam</strong></span> <span class='ocrx_word' id='word_1_322' title='bbox 1843 4144 2019 4201; x_wconf 89' lang='lat' dir='ltr'><strong>discn-</strong></span> 
     </span>
    </p>
   </div>
   <div class='ocr_carea' id='block_1_43' title="bbox 440 4238 2020 4310">
    <p class='ocr_par' dir='ltr' id='par_1_43' title="bbox 440 4238 2020 4310">
     <span class='ocr_line' id='line_1_43' title="bbox 440 4238 2020 4310; baseline -0.002 -15"><span class='ocrx_word' id='word_1_323' title='bbox 440 4242 633 4295; x_wconf 89' lang='lat' dir='ltr'><strong>tiamus</strong></span> <span class='ocrx_word' id='word_1_324' title='bbox 647 4239 985 4304; x_wconf 89' lang='lat' dir='ltr'><strong>calumniam,</strong></span> <span class='ocrx_word' id='word_1_325' title='bbox 1013 4254 1116 4310; x_wconf 90' lang='lat' dir='ltr'><strong>qua</strong></span> <span class='ocrx_word' id='word_1_326' title='bbox 1138 4255 1224 4296; x_wconf 91' lang='lat' dir='ltr'><strong>me</strong></span> <span class='ocrx_word' id='word_1_327' title='bbox 1251 4239 1448 4294; x_wconf 77' lang='lat' dir='ltr'><strong>dixisse</strong></span> <span class='ocrx_word' id='word_1_328' title='bbox 1463 4239 1780 4302; x_wconf 88' lang='lat' dir='ltr'><strong>criminaris,</strong></span> <span class='ocrx_word' id='word_1_329' title='bbox 1805 4256 1824 4290; x_wconf 78' lang='grc' dir='ltr'><strong>ι</strong></span> <span class='ocrx_word' id='word_1_330' title='bbox 1849 4238 2020 4309; x_wconf 87' lang='lat' dir='ltr'><strong>bapti-</strong></span> 
     </span>
    </p>
   </div>
   <div class='ocr_carea' id='block_1_44' title="bbox 439 4329 2012 4402">
    <p class='ocr_par' dir='ltr' id='par_1_44' title="bbox 439 4329 2012 4402">
     <span class='ocr_line' id='line_1_44' title="bbox 439 4329 2012 4402; baseline 0 -17"><span class='ocrx_word' id='word_1_331' title='bbox 439 4342 586 4386; x_wconf 78' lang='lat' dir='ltr'><strong>zatos</strong></span> <span class='ocrx_word' id='word_1_332' title='bbox 628 4345 698 4386; x_wconf 84' lang='lat' dir='ltr'><strong>ex</strong></span> <span class='ocrx_word' id='word_1_333' title='bbox 719 4339 878 4402; x_wconf 81' lang='lat' dir='ltr'><strong>parte</strong></span> <span class='ocrx_word' id='word_1_334' title='bbox 905 4330 1171 4385; x_wconf 88' lang='lat' dir='ltr'><strong>mundari.</strong></span> <span class='ocrx_word' id='word_1_335' title='bbox 1207 4329 1358 4398; x_wconf 83' lang='lat' dir='ltr'><strong>Quod</strong></span> <span class='ocrx_word' id='word_1_336' title='bbox 1393 4331 1581 4384; x_wconf 89' lang='lat' dir='ltr'><strong>melius</strong></span> <span class='ocrx_word' id='word_1_337' title='bbox 1613 4349 1632 4382; x_wconf 70' lang='grc' dir='ltr'><strong>ι</strong></span> <span class='ocrx_word' id='word_1_338' title='bbox 1661 4329 1796 4385; x_wconf 89' lang='lat' dir='ltr'><strong>dicis</strong></span> <span class='ocrx_word' id='word_1_339' title='bbox 1829 4348 1850 4382; x_wconf 78' lang='grc' dir='ltr'><strong>ι</strong></span> <span class='ocrx_word' id='word_1_340' title='bbox 1877 4331 2012 4386; x_wconf 82' lang='lat' dir='ltr'><strong>meis</strong></span> 
     </span>
    </p>
   </div>
   <div class='ocr_carea' id='block_1_45' title="bbox 440 4421 2016 4493">
    <p class='ocr_par' dir='ltr' id='par_1_45' title="bbox 440 4421 2016 4493">
     <span class='ocr_line' id='line_1_45' title="bbox 440 4421 2016 4493; baseline 0.002 -20"><span class='ocrx_word' id='word_1_341' title='bbox 440 4421 775 4482; x_wconf 86' lang='lat' dir='ltr'><strong>sermonibus</strong></span> <span class='ocrx_word' id='word_1_342' title='bbox 798 4435 1054 4491; x_wconf 86' lang='lat' dir='ltr'><strong>apparere</strong></span> <span class='ocrx_word' id='word_1_343' title='bbox 1082 4437 1096 4474; x_wconf 91' lang='lat'><strong>:</strong></span> <span class='ocrx_word' id='word_1_344' title='bbox 1129 4439 1148 4473; x_wconf 72' lang='grc' dir='ltr'><strong>ι</strong></span> <span class='ocrx_word' id='word_1_345' title='bbox 1169 4429 1374 4491; x_wconf 85' lang='lat' dir='ltr'><strong>eosque</strong></span> <span class='ocrx_word' id='word_1_346' title='bbox 1395 4436 1671 4476; x_wconf 90' lang='lat' dir='ltr'><strong>sermones</strong></span> <span class='ocrx_word' id='word_1_347' title='bbox 1703 4435 1874 4489; x_wconf 84' lang='lat' dir='ltr'><strong>mecs,</strong></span> <span class='ocrx_word' id='word_1_348' title='bbox 1897 4425 2016 4493; x_wconf 84' lang='lat' dir='ltr'><strong>qui-</strong></span> 
     </span>
    </p>
   </div>
   <div class='ocr_carea' id='block_1_46' title="bbox 441 4511 2018 4582">
    <p class='ocr_par' dir='ltr' id='par_1_46' title="bbox 441 4511 2018 4582">
     <span class='ocr_line' id='line_1_46' title="bbox 441 4511 2018 4582; baseline 0.002 -17"><span class='ocrx_word' id='word_1_349' title='bbox 441 4513 540 4566; x_wconf 89' lang='lat' dir='ltr'><strong>bus</strong></span> <span class='ocrx_word' id='word_1_350' title='bbox 571 4513 672 4566; x_wconf 86' lang='lat' dir='ltr'><strong>hoc</strong></span> <span class='ocrx_word' id='word_1_351' title='bbox 698 4525 956 4582; x_wconf 74' lang='lat' dir='ltr'><strong>apparere</strong></span> <span class='ocrx_word' id='word_1_352' title='bbox 987 4523 1144 4580; x_wconf 83' lang='lat' dir='ltr'><strong>posse</strong></span> <span class='ocrx_word' id='word_1_353' title='bbox 1170 4524 1465 4576; x_wconf 88' lang='lat' dir='ltr'><strong>asseveras,</strong></span> <span class='ocrx_word' id='word_1_354' title='bbox 1506 4511 1919 4568; x_wconf 85' lang='lat' dir='ltr'><strong>considerandos</strong></span> <span class='ocrx_word' id='word_1_355' title='bbox 1963 4512 2018 4569; x_wconf 90' lang='lat' dir='ltr'><strong>in</strong></span> 
     </span>
    </p>
   </div>
   <div class='ocr_carea' id='block_1_47' title="bbox 443 4601 2018 4674">
    <p class='ocr_par' dir='ltr' id='par_1_47' title="bbox 443 4601 2018 4674">
     <span class='ocr_line' id='line_1_47' title="bbox 443 4601 2018 4674; baseline 0.003 -19"><span class='ocrx_word' id='word_1_356' title='bbox 443 4612 530 4656; x_wconf 91' lang='lat' dir='ltr'><strong>tua</strong></span> <span class='ocrx_word' id='word_1_357' title='bbox 552 4602 910 4672; x_wconf 90' lang='lat' dir='ltr'><strong>disputatione</strong></span> <span class='ocrx_word' id='word_1_358' title='bbox 954 4601 1226 4671; x_wconf 88' lang='lat' dir='ltr'><strong>proponis.</strong></span> <span class='ocrx_word' id='word_1_359' title='bbox 1260 4602 1376 4672; x_wconf 81' lang='lat' dir='ltr'><strong>Ago</strong></span> <span class='ocrx_word' id='word_1_360' title='bbox 1417 4602 1641 4672; x_wconf 75' lang='lat' dir='ltr'><strong>gratias,</strong></span> <span class='ocrx_word' id='word_1_361' title='bbox 1687 4617 1884 4674; x_wconf 87' lang='lat' dir='ltr'><strong>nempe</strong></span> <span class='ocrx_word' id='word_1_362' title='bbox 1931 4604 2018 4660; x_wconf 90' lang='lat' dir='ltr'><strong>isti</strong></span> 
     </span>
    </p>
   </div>
   <div class='ocr_carea' id='block_1_48' title="bbox 441 4694 2020 4765">
    <p class='ocr_par' dir='ltr' id='par_1_48' title="bbox 441 4694 2020 4765">
     <span class='ocr_line' id='line_1_48' title="bbox 441 4694 2020 4765; baseline 0.003 -18"><span class='ocrx_word' id='word_1_363' title='bbox 441 4704 566 4748; x_wconf 86' lang='lat' dir='ltr'><strong>sunt</strong></span> <span class='ocrx_word' id='word_1_364' title='bbox 589 4713 608 4746; x_wconf 45' lang='grc' dir='ltr'><strong>λε</strong></span> <span class='ocrx_word' id='word_1_365' title='bbox 643 4714 662 4745; x_wconf 75' lang='grc' dir='ltr'><strong><em>ο</em></strong></span> <span class='ocrx_word' id='word_1_366' title='bbox 695 4694 905 4756; x_wconf 82' lang='lat' dir='ltr'><strong>Carnis,</strong></span> <span class='ocrx_word' id='word_1_367' title='bbox 945 4713 962 4746; x_wconf 77' lang='grc' dir='ltr'><strong>ι</strong></span> <span class='ocrx_word' id='word_1_368' title='bbox 993 4695 1230 4764; x_wconf 87' lang='lat' dir='ltr'><strong>inquam,</strong></span> <span class='ocrx_word' id='word_1_369' title='bbox 1287 4712 1306 4746; x_wconf 78' lang='grc' dir='ltr'><strong>ι</strong></span> <span class='ocrx_word' id='word_1_370' title='bbox 1335 4695 1765 4765; x_wconf 84' lang='lat' dir='ltr'><strong>concupiscentia</strong></span> <span class='ocrx_word' id='word_1_371' title='bbox 1803 4712 1908 4751; x_wconf 91' lang='lat' dir='ltr'><strong>non</strong></span> <span class='ocrx_word' id='word_1_372' title='bbox 1935 4707 2020 4752; x_wconf 90' lang='lat' dir='ltr'><strong>est</strong></span> 
     </span>
    </p>
   </div>
   <div class='ocr_carea' id='block_1_49' title="bbox 446 4784 2015 4854">
    <p class='ocr_par' dir='ltr' id='par_1_49' title="bbox 446 4784 2015 4854">
     <span class='ocr_line' id='line_1_49' title="bbox 446 4784 2015 4854; baseline 0.003 -14"><span class='ocrx_word' id='word_1_373' title='bbox 446 4785 642 4854; x_wconf 89' lang='lat' dir='ltr'><strong>nuptiis</strong></span> <span class='ocrx_word' id='word_1_374' title='bbox 671 4784 998 4854; x_wconf 83' lang='lat' dir='ltr'><strong>imputanda,</strong></span> <span class='ocrx_word' id='word_1_375' title='bbox 1044 4785 1134 4840; x_wconf 86' lang='lat' dir='ltr'><strong>sed</strong></span> <span class='ocrx_word' id='word_1_376' title='bbox 1167 4785 1459 4841; x_wconf 88' lang='lat' dir='ltr'><strong>toleranda.</strong></span> <span class='ocrx_word' id='word_1_377' title='bbox 1487 4786 1602 4841; x_wconf 87' lang='lat' dir='ltr'><strong>Non</strong></span> <span class='ocrx_word' id='word_1_378' title='bbox 1644 4789 1784 4842; x_wconf 90' lang='lat' dir='ltr'><strong>enim</strong></span> <span class='ocrx_word' id='word_1_379' title='bbox 1829 4797 1912 4844; x_wconf 88' lang='lat' dir='ltr'><strong>est</strong></span> <span class='ocrx_word' id='word_1_380' title='bbox 1947 4805 2015 4844; x_wconf 88' lang='lat' dir='ltr'><strong>ex</strong></span> 
     </span>
    </p>
   </div>
   <div class='ocr_carea' id='block_1_50' title="bbox 445 4876 2017 4951">
    <p class='ocr_par' dir='ltr' id='par_1_50' title="bbox 445 4876 2017 4951">
     <span class='ocr_line' id='line_1_50' title="bbox 445 4876 2017 4951; baseline 0.002 -19"><span class='ocrx_word' id='word_1_381' title='bbox 445 4876 670 4932; x_wconf 88' lang='lat' dir='ltr'><strong>naturali</strong></span> <span class='ocrx_word' id='word_1_382' title='bbox 695 4877 960 4932; x_wconf 90' lang='lat' dir='ltr'><strong>connubio</strong></span> <span class='ocrx_word' id='word_1_383' title='bbox 983 4878 1200 4932; x_wconf 88' lang='lat' dir='ltr'><strong>veniens</strong></span> <span class='ocrx_word' id='word_1_384' title='bbox 1216 4877 1430 4943; x_wconf 90' lang='lat' dir='ltr'><strong>bonum,</strong></span> <span class='ocrx_word' id='word_1_385' title='bbox 1449 4879 1540 4933; x_wconf 84' lang='lat' dir='ltr'><strong>sed</strong></span> <span class='ocrx_word' id='word_1_386' title='bbox 1562 4893 1628 4934; x_wconf 84' lang='lat' dir='ltr'><strong>ex</strong></span> <span class='ocrx_word' id='word_1_387' title='bbox 1651 4881 1869 4951; x_wconf 90' lang='lat' dir='ltr'><strong>antiquo</strong></span> <span class='ocrx_word' id='word_1_388' title='bbox 1890 4896 2017 4951; x_wconf 88' lang='lat' dir='ltr'><strong>pec-</strong></span> 
     </span>
    </p>
   </div>
   <div class='ocr_carea' id='block_1_51' title="bbox 445 4967 2018 5041">
    <p class='ocr_par' dir='ltr' id='par_1_51' title="bbox 445 4967 2018 5041">
     <span class='ocr_line' id='line_1_51' title="bbox 445 4967 2018 5041; baseline 0.001 -16"><span class='ocrx_word' id='word_1_389' title='bbox 445 4978 568 5025; x_wconf 87' lang='lat' dir='ltr'><strong>cato</strong></span> <span class='ocrx_word' id='word_1_390' title='bbox 582 4967 830 5024; x_wconf 87' lang='lat' dir='ltr'><strong>accidens</strong></span> <span class='ocrx_word' id='word_1_391' title='bbox 853 4968 1067 5022; x_wconf 88' lang='lat' dir='ltr'><strong>malum.</strong></span> <span class='ocrx_word' id='word_1_392' title='bbox 1099 4969 1324 5038; x_wconf 86' lang='lat' dir='ltr'><strong>Pr0pler</strong></span> <span class='ocrx_word' id='word_1_393' title='bbox 1351 4971 1485 5023; x_wconf 88' lang='lat' dir='ltr'><strong>hanc</strong></span> <span class='ocrx_word' id='word_1_394' title='bbox 1510 4984 1640 5041; x_wconf 88' lang='lat' dir='ltr'><strong>ergo</strong></span> <span class='ocrx_word' id='word_1_395' title='bbox 1668 4970 1746 5038; x_wconf 88' lang='lat' dir='ltr'><strong>ﬁt,</strong></span> <span class='ocrx_word' id='word_1_396' title='bbox 1775 4981 1832 5027; x_wconf 92' lang='lat' dir='ltr'><strong>ut</strong></span> <span class='ocrx_word' id='word_1_397' title='bbox 1859 4973 2018 5027; x_wconf 90' lang='lat' dir='ltr'><strong>etiam</strong></span> 
     </span>
    </p>
   </div>
   <div class='ocr_carea' id='block_1_52' title="bbox 445 5057 2018 5130">
    <p class='ocr_par' dir='ltr' id='par_1_52' title="bbox 445 5057 2018 5130">
     <span class='ocr_line' id='line_1_52' title="bbox 445 5057 2018 5130; baseline 0.002 -17"><span class='ocrx_word' id='word_1_398' title='bbox 445 5060 513 5114; x_wconf 89' lang='lat' dir='ltr'><strong>de</strong></span> <span class='ocrx_word' id='word_1_399' title='bbox 534 5059 773 5130; x_wconf 85' lang='lat' dir='ltr'><strong>justiset</strong></span> <span class='ocrx_word' id='word_1_400' title='bbox 801 5057 1046 5128; x_wconf 83' lang='lat' dir='ltr'><strong>legitimis</strong></span> <span class='ocrx_word' id='word_1_401' title='bbox 1094 5059 1295 5129; x_wconf 87' lang='lat' dir='ltr'><strong>nuptiis</strong></span> <span class='ocrx_word' id='word_1_402' title='bbox 1337 5061 1566 5114; x_wconf 89' lang='lat' dir='ltr'><strong>ﬁliorum</strong></span> <span class='ocrx_word' id='word_1_403' title='bbox 1613 5061 1725 5127; x_wconf 92' lang='lat' dir='ltr'><strong>Dei,</strong></span> <span class='ocrx_word' id='word_1_404' title='bbox 1767 5076 1873 5116; x_wconf 90' lang='lat' dir='ltr'><strong>non</strong></span> <span class='ocrx_word' id='word_1_405' title='bbox 1925 5061 2018 5118; x_wconf 84' lang='lat' dir='ltr'><strong>lilii</strong></span> 
     </span>
    </p>
   </div>
   <div class='ocr_carea' id='block_1_53' title="bbox 449 5147 2019 5224">
    <p class='ocr_par' dir='ltr' id='par_1_53' title="bbox 449 5147 2019 5224">
     <span class='ocr_line' id='line_1_53' title="bbox 449 5147 2019 5224; baseline 0.003 -19"><span class='ocrx_word' id='word_1_406' title='bbox 449 5150 563 5216; x_wconf 88' lang='lat' dir='ltr'><strong>Dei,</strong></span> <span class='ocrx_word' id='word_1_407' title='bbox 588 5147 685 5204; x_wconf 86' lang='lat' dir='ltr'><strong>sed</strong></span> <span class='ocrx_word' id='word_1_408' title='bbox 711 5148 803 5204; x_wconf 85' lang='lat' dir='ltr'><strong>lilii</strong></span> <span class='ocrx_word' id='word_1_409' title='bbox 830 5149 1007 5204; x_wconf 80' lang='lat' dir='ltr'><strong>saeculi</strong></span> <span class='ocrx_word' id='word_1_410' title='bbox 1035 5159 1393 5219; x_wconf 80' lang='lat' dir='ltr'><strong>generentur:</strong></span> <span class='ocrx_word' id='word_1_411' title='bbox 1437 5153 1558 5222; x_wconf 89' lang='lat' dir='ltr'><strong>quia</strong></span> <span class='ocrx_word' id='word_1_412' title='bbox 1577 5160 1632 5207; x_wconf 91' lang='lat' dir='ltr'><strong>et</strong></span> <span class='ocrx_word' id='word_1_413' title='bbox 1660 5152 1711 5206; x_wconf 89' lang='lat' dir='ltr'><strong>hi</strong></span> <span class='ocrx_word' id='word_1_414' title='bbox 1745 5153 1835 5223; x_wconf 89' lang='lat' dir='ltr'><strong>qui</strong></span> <span class='ocrx_word' id='word_1_415' title='bbox 1858 5167 2019 5224; x_wconf 84' lang='lat' dir='ltr'><strong>gene-</strong></span> 
     </span>
    </p>
   </div>
   <div class='ocr_carea' id='block_1_54' title="bbox 446 5241 2023 5315">
    <p class='ocr_par' dir='ltr' id='par_1_54' title="bbox 446 5241 2023 5315">
     <span class='ocr_line' id='line_1_54' title="bbox 446 5241 2023 5315; baseline 0.003 -18"><span class='ocrx_word' id='word_1_416' title='bbox 446 5251 588 5310; x_wconf 87' lang='lat' dir='ltr'><strong>rant,</strong></span> <span class='ocrx_word' id='word_1_417' title='bbox 633 5243 678 5298; x_wconf 89' lang='lat' dir='ltr'><strong>si</strong></span> <span class='ocrx_word' id='word_1_418' title='bbox 719 5241 830 5313; x_wconf 89' lang='lat' dir='ltr'><strong>jam</strong></span> <span class='ocrx_word' id='word_1_419' title='bbox 887 5241 1181 5314; x_wconf 73' lang='lat' dir='ltr'><strong>regenerati</strong></span> <span class='ocrx_word' id='word_1_420' title='bbox 1223 5252 1364 5308; x_wconf 90' lang='lat' dir='ltr'><strong>sunt,</strong></span> <span class='ocrx_word' id='word_1_421' title='bbox 1399 5258 1505 5299; x_wconf 92' lang='lat' dir='ltr'><strong>non</strong></span> <span class='ocrx_word' id='word_1_422' title='bbox 1537 5259 1600 5298; x_wconf 89' lang='lat' dir='ltr'><strong>ex</strong></span> <span class='ocrx_word' id='word_1_423' title='bbox 1631 5243 1734 5298; x_wconf 87' lang='lat' dir='ltr'><strong>hoc</strong></span> <span class='ocrx_word' id='word_1_424' title='bbox 1762 5255 2023 5315; x_wconf 79' lang='lat' dir='ltr'><strong>generant</strong></span> 
     </span>
    </p>
   </div>
   <div class='ocr_carea' id='block_1_55' title="bbox 518 5347 2018 5414">
    <p class='ocr_par' dir='ltr' id='par_1_55' title="bbox 518 5347 2018 5414">
     <span class='ocr_line' id='line_1_55' title="bbox 518 5347 2018 5414; baseline 0.004 -14"><span class='ocrx_word' id='word_1_425' title='bbox 518 5354 647 5414; x_wconf 64' lang='grc' dir='ltr'>ιβιδ.</span> <span class='ocrx_word' id='word_1_426' title='bbox 687 5358 739 5404; x_wconf 91' lang='lat' dir='ltr'><strong>et</strong></span> <span class='ocrx_word' id='word_1_427' title='bbox 774 5355 886 5402; x_wconf 72' lang='grc' dir='ltr'><strong>ιον.</strong></span> <span class='ocrx_word' id='word_1_428' title='bbox 927 5385 945 5412; x_wconf 91' lang='grc'><strong>,</strong></span> <span class='ocrx_word' id='word_1_429' title='bbox 993 5347 1301 5414; x_wconf 68' lang='lat' dir='ltr'><strong>tjt&#39;ndicattuu.</strong></span> <span class='ocrx_word' id='word_1_430' title='bbox 1345 5359 1400 5404; x_wconf 80' lang='lat' dir='ltr'><strong>At.</strong></span> <span class='ocrx_word' id='word_1_431' title='bbox 1443 5361 1542 5403; x_wconf 77' lang='lat' dir='ltr'><strong>Am.</strong></span> <span class='ocrx_word' id='word_1_432' title='bbox 1592 5361 1645 5406; x_wconf 88' lang='lat' dir='ltr'><strong>et</strong></span> <span class='ocrx_word' id='word_1_433' title='bbox 1680 5367 1852 5404; x_wconf 88' lang='lat' dir='ltr'><strong>omnes</strong></span> <span class='ocrx_word' id='word_1_434' title='bbox 1893 5362 2018 5414; x_wconf 66' lang='lat' dir='ltr'><strong>Mss,</strong></span> 
     </span>
    </p>
   </div>
   <div class='ocr_carea' id='block_1_56' title="bbox 449 5411 2017 5475">
    <p class='ocr_par' dir='ltr' id='par_1_56' title="bbox 449 5411 2017 5475">
     <span class='ocr_line' id='line_1_56' title="bbox 449 5411 2017 5475; baseline 0 -10"><span class='ocrx_word' id='word_1_435' title='bbox 449 5413 734 5475; x_wconf 49' lang='lat' dir='ltr'><strong>uindicatae</strong></span> <span class='ocrx_word' id='word_1_436' title='bbox 825 5411 955 5475; x_wconf 80' lang='lat' dir='ltr'><strong>Hane</strong></span> <span class='ocrx_word' id='word_1_437' title='bbox 1007 5411 1268 5475; x_wconf 82' lang='lat' dir='ltr'><strong>lectionem</strong></span> <span class='ocrx_word' id='word_1_438' title='bbox 1327 5415 1598 5474; x_wconf 88' lang='lat' dir='ltr'><strong>improbant</strong></span> <span class='ocrx_word' id='word_1_439' title='bbox 1664 5411 2017 5475; x_wconf 81' lang='lat' dir='ltr'><strong>Lovanicnses,</strong></span> 
     </span>
    </p>
   </div>
   <div class='ocr_carea' id='block_1_57' title="bbox 451 5473 2046 5542">
    <p class='ocr_par' dir='ltr' id='par_1_57' title="bbox 451 5473 2046 5542">
     <span class='ocr_line' id='line_1_57' title="bbox 451 5473 2046 5542; baseline 0.002 -16"><span class='ocrx_word' id='word_1_440' title='bbox 451 5489 547 5526; x_wconf 94' lang='lat' dir='ltr'><strong>non</strong></span> <span class='ocrx_word' id='word_1_441' title='bbox 570 5477 636 5525; x_wconf 90' lang='lat' dir='ltr'><strong>ob</strong></span> <span class='ocrx_word' id='word_1_442' title='bbox 658 5474 804 5535; x_wconf 89' lang='lat' dir='ltr'><strong>aliud,</strong></span> <span class='ocrx_word' id='word_1_443' title='bbox 831 5474 924 5542; x_wconf 85' lang='lat' dir='ltr'><strong>nisi</strong></span> <span class='ocrx_word' id='word_1_444' title='bbox 936 5473 1077 5542; x_wconf 73' lang='lat' dir='ltr'><strong>quod</strong></span> <span class='ocrx_word' id='word_1_445' title='bbox 1103 5474 1199 5524; x_wconf 91' lang='lat' dir='ltr'><strong>illic</strong></span> <span class='ocrx_word' id='word_1_446' title='bbox 1220 5476 1299 5542; x_wconf 80' lang='lat' dir='ltr'><strong>agi</strong></span> <span class='ocrx_word' id='word_1_447' title='bbox 1321 5473 1496 5542; x_wconf 75' lang='lat' dir='ltr'><strong>putent</strong></span> <span class='ocrx_word' id='word_1_448' title='bbox 1525 5476 1590 5524; x_wconf 90' lang='lat' dir='ltr'><strong>de</strong></span> <span class='ocrx_word' id='word_1_449' title='bbox 1604 5478 1871 5542; x_wconf 78' lang='lat' dir='ltr'><strong>schismate</strong></span> <span class='ocrx_word' id='word_1_450' title='bbox 1897 5473 2022 5529; x_wconf 78' lang='lat' dir='ltr'><strong>inter</strong></span> <span class='ocrx_word' id='word_1_451' title='bbox 2041 5535 2046 5542; x_wconf 50' lang='grc'><strong>,</strong></span> 
     </span>
    </p>
   </div>
   <div class='ocr_carea' id='block_1_58' title="bbox 453 5535 2020 5600">
    <p class='ocr_par' dir='ltr' id='par_1_58' title="bbox 453 5535 2020 5600">
     <span class='ocr_line' id='line_1_58' title="bbox 453 5535 2020 5600; baseline 0.003 -14"><span class='ocrx_word' id='word_1_452' title='bbox 453 5547 706 5600; x_wconf 80' lang='lat' dir='ltr'><strong>Damasum</strong></span> <span class='ocrx_word' id='word_1_453' title='bbox 729 5544 782 5600; x_wconf 83' lang='lat' dir='ltr'><strong>et.</strong></span> <span class='ocrx_word' id='word_1_454' title='bbox 803 5535 1088 5595; x_wconf 82' lang='lat' dir='ltr'><strong>Ursicinum,</strong></span> <span class='ocrx_word' id='word_1_455' title='bbox 1120 5535 1458 5600; x_wconf 69' lang='lat' dir='ltr'><strong>quod&#39;ae&#39;eidit,</strong></span> <span class='ocrx_word' id='word_1_456' title='bbox 1483 5535 1723 5600; x_wconf 85' lang='lat' dir='ltr'><strong>inquiunt,</strong></span> <span class='ocrx_word' id='word_1_457' title='bbox 1748 5546 1863 5589; x_wconf 87' lang='lat' dir='ltr'><strong>ante</strong></span> <span class='ocrx_word' id='word_1_458' title='bbox 1885 5542 2020 5592; x_wconf 85' lang='lat' dir='ltr'><strong>audi-</strong></span> 
     </span>
    </p>
   </div>
   <div class='ocr_carea' id='block_1_59' title="bbox 453 5597 972 5649">
    <p class='ocr_par' dir='ltr' id='par_1_59' title="bbox 453 5597 972 5649">
     <span class='ocr_line' id='line_1_59' title="bbox 453 5597 972 5649; baseline -0.01 0"><span class='ocrx_word' id='word_1_459' title='bbox 453 5610 555 5649; x_wconf 86' lang='lat' dir='ltr'><strong>tum</strong></span> <span class='ocrx_word' id='word_1_460' title='bbox 577 5597 749 5648; x_wconf 85' lang='lat' dir='ltr'><strong>Juliani</strong></span> <span class='ocrx_word' id='word_1_461' title='bbox 771 5611 972 5647; x_wconf 89' lang='lat' dir='ltr'><strong>nomen.</strong></span> 
     </span>
    </p>
   </div>
   <div class='ocr_carea' id='block_1_60' title="bbox 512 5656 2019 5728">
    <p class='ocr_par' dir='ltr' id='par_1_60' title="bbox 512 5656 2019 5728">
     <span class='ocr_line' id='line_1_60' title="bbox 512 5656 2019 5728; baseline 0.004 -20"><span class='ocrx_word' id='word_1_462' title='bbox 512 5663 532 5692; x_wconf 75' lang='grc'>³</span> <span class='ocrx_word' id='word_1_463' title='bbox 557 5662 696 5728; x_wconf 59' lang='lat' dir='ltr'><strong>Mod</strong></span> <span class='ocrx_word' id='word_1_464' title='bbox 723 5669 821 5709; x_wconf 77' lang='lat' dir='ltr'><strong>Am.</strong></span> <span class='ocrx_word' id='word_1_465' title='bbox 840 5663 914 5708; x_wconf 83' lang='lat' dir='ltr'><strong>Er.</strong></span> <span class='ocrx_word' id='word_1_466' title='bbox 944 5666 996 5709; x_wconf 91' lang='lat' dir='ltr'><strong>et</strong></span> <span class='ocrx_word' id='word_1_467' title='bbox 1015 5656 1277 5711; x_wconf 84' lang='lat' dir='ltr'><strong>Gallicanos</strong></span> <span class='ocrx_word' id='word_1_468' title='bbox 1297 5665 1406 5710; x_wconf 71' lang='lat' dir='ltr'><strong>uss.</strong></span> <span class='ocrx_word' id='word_1_469' title='bbox 1443 5672 1714 5724; x_wconf 84' lang='lat' dir='ltr'><strong>omnesque</strong></span> <span class='ocrx_word' id='word_1_470' title='bbox 1756 5663 2019 5725; x_wconf 80' lang='lat' dir='ltr'><strong>\‘aticanos,</strong></span> 
     </span>
    </p>
   </div>
   <div class='ocr_carea' id='block_1_61' title="bbox 457 5727 646 5771">
    <p class='ocr_par' dir='ltr' id='par_1_61' title="bbox 457 5727 646 5771">
     <span class='ocr_line' id='line_1_61' title="bbox 457 5727 646 5771; baseline 0.011 -6"><span class='ocrx_word' id='word_1_471' title='bbox 457 5727 646 5771; x_wconf 70' lang='lat' dir='ltr'><strong>Ursino.</strong></span> 
     </span>
    </p>
   </div>
   <div class='ocr_carea' id='block_1_62' title="bbox 516 5777 1228 5842">
    <p class='ocr_par' dir='ltr' id='par_1_62' title="bbox 516 5777 1228 5842">
     <span class='ocr_line' id='line_1_62' title="bbox 516 5777 1228 5842; baseline 0.008 -15"><span class='ocrx_word' id='word_1_472' title='bbox 516 5794 537 5813; x_wconf 76' lang='grc' dir='ltr'><strong>ι</strong></span> <span class='ocrx_word' id='word_1_473' title='bbox 569 5793 745 5829; x_wconf 79' lang='lat' dir='ltr'><strong>mones</strong></span> <span class='ocrx_word' id='word_1_474' title='bbox 769 5792 918 5842; x_wconf 87' lang='lat' dir='ltr'><strong>prope</strong></span> <span class='ocrx_word' id='word_1_475' title='bbox 939 5786 1070 5841; x_wconf 64' lang='lat' dir='ltr'><strong>Mss,</strong></span> <span class='ocrx_word' id='word_1_476' title='bbox 1093 5777 1228 5833; x_wconf 67' lang='lat' dir='ltr'><strong>dicit.</strong></span> 
     </span>
    </p>
   </div>
   <div class='ocr_carea' id='block_1_63' title="bbox 512 5842 1125 5905">
    <p class='ocr_par' dir='ltr' id='par_1_63' title="bbox 512 5842 1125 5905">
     <span class='ocr_line' id='line_1_63' title="bbox 512 5842 1125 5905; baseline 0 -14"><span class='ocrx_word' id='word_1_477' title='bbox 512 5843 584 5903; x_wconf 70' lang='grc' dir='ltr'><strong>(α)</strong></span> <span class='ocrx_word' id='word_1_478' title='bbox 620 5842 745 5903; x_wconf 72' lang='lat' dir='ltr'><strong>Apud</strong></span> <span class='ocrx_word' id='word_1_479' title='bbox 771 5851 868 5891; x_wconf 77' lang='grc' dir='ltr'>Αιιι.</span> <span class='ocrx_word' id='word_1_480' title='bbox 891 5850 940 5891; x_wconf 83' lang='lat' dir='ltr'><strong>et</strong></span> <span class='ocrx_word' id='word_1_481' title='bbox 965 5848 1057 5905; x_wconf 45' lang='grc' dir='ltr'>Ρη,</span> <span class='ocrx_word' id='word_1_482' title='bbox 1079 5843 1125 5891; x_wconf 75' lang='grc' dir='ltr'><strong>ὅ.</strong></span> 
     </span>
    </p>
   </div>
   <div class='ocr_carea' id='block_1_64' title="bbox 1263 380 2911 450">
    <p class='ocr_par' dir='ltr' id='par_1_64' title="bbox 1263 380 2911 450">
     <span class='ocr_line' id='line_1_64' title="bbox 1263 380 2911 450; baseline 0.002 -14"><span class='ocrx_word' id='word_1_483' title='bbox 1263 382 1534 437; x_wconf 66' lang='lat' dir='ltr'><strong>CONTRA</strong></span> <span class='ocrx_word' id='word_1_484' title='bbox 1571 380 1907 438; x_wconf 79' lang='lat' dir='ltr'><strong>JULIANUM</strong></span> <span class='ocrx_word' id='word_1_485' title='bbox 1948 381 2406 450; x_wconf 75' lang='lat' dir='ltr'><strong>PELAGMNUM,</strong></span> <span class='ocrx_word' id='word_1_486' title='bbox 2447 384 2505 444; x_wconf 72' lang='lat'><strong>5.</strong></span> <span class='ocrx_word' id='word_1_487' title='bbox 2549 385 2911 442; x_wconf 79' lang='lat' dir='ltr'><strong>AUGUSTINI</strong></span> 
     </span>
    </p>
   </div>
   <div class='ocr_carea' id='block_1_65' title="bbox 3595 399 3707 459">
    <p class='ocr_par' dir='ltr' id='par_1_65' title="bbox 3595 399 3707 459">
     <span class='ocr_line' id='line_1_65' title="bbox 3595 399 3707 459; baseline 0.036 -4"><span class='ocrx_word' id='word_1_488' title='bbox 3595 399 3707 459; x_wconf 69' lang='lat' dir='ltr'><strong>8M</strong></span> 
     </span>
    </p>
   </div>
   <div class='ocr_carea' id='block_1_66' title="bbox 2130 495 3702 572">
    <p class='ocr_par' dir='ltr' id='par_1_66' title="bbox 2130 495 3702 572">
     <span class='ocr_line' id='line_1_66' title="bbox 2130 495 3702 572; baseline 0.011 -25"><span class='ocrx_word' id='word_1_489' title='bbox 2130 508 2236 564; x_wconf 88' lang='lat' dir='ltr'><strong>quo</strong></span> <span class='ocrx_word' id='word_1_490' title='bbox 2263 495 2355 549; x_wconf 85' lang='lat' dir='ltr'><strong>lilii</strong></span> <span class='ocrx_word' id='word_1_491' title='bbox 2389 496 2481 550; x_wconf 88' lang='lat' dir='ltr'><strong>Dei</strong></span> <span class='ocrx_word' id='word_1_492' title='bbox 2505 507 2647 561; x_wconf 90' lang='lat' dir='ltr'><strong>sunt,</strong></span> <span class='ocrx_word' id='word_1_493' title='bbox 2677 500 2772 554; x_wconf 84' lang='lat' dir='ltr'><strong>sed</strong></span> <span class='ocrx_word' id='word_1_494' title='bbox 2801 517 2865 556; x_wconf 84' lang='lat' dir='ltr'><strong>ex</strong></span> <span class='ocrx_word' id='word_1_495' title='bbox 2892 515 2996 572; x_wconf 90' lang='lat' dir='ltr'><strong>quo</strong></span> <span class='ocrx_word' id='word_1_496' title='bbox 3017 500 3187 558; x_wconf 88' lang='lat' dir='ltr'><strong>adhuc</strong></span> <span class='ocrx_word' id='word_1_497' title='bbox 3224 503 3317 558; x_wconf 89' lang='lat' dir='ltr'><strong>ﬁlii</strong></span> <span class='ocrx_word' id='word_1_498' title='bbox 3360 507 3564 564; x_wconf 70' lang='lat' dir='ltr'><strong>saeculi.</strong></span> <span class='ocrx_word' id='word_1_499' title='bbox 3596 510 3702 564; x_wconf 83' lang='lat' dir='ltr'><strong>Do-</strong></span> 
     </span>
    </p>
   </div>
   <div class='ocr_carea' id='block_1_67' title="bbox 2133 587 3707 672">
    <p class='ocr_par' dir='ltr' id='par_1_67' title="bbox 2133 587 3707 672">
     <span class='ocr_line' id='line_1_67' title="bbox 2133 587 3707 672; baseline 0.012 -35"><span class='ocrx_word' id='word_1_500' title='bbox 2133 587 2322 640; x_wconf 80' lang='lat' dir='ltr'><strong>minica</strong></span> <span class='ocrx_word' id='word_1_501' title='bbox 2353 589 2547 658; x_wconf 85' lang='lat' dir='ltr'><strong>quippe</strong></span> <span class='ocrx_word' id='word_1_502' title='bbox 2574 592 2834 647; x_wconf 88' lang='lat' dir='ltr'><strong>sententia</strong></span> <span class='ocrx_word' id='word_1_503' title='bbox 2863 601 2946 648; x_wconf 91' lang='lat' dir='ltr'><strong>est</strong></span> <span class='ocrx_word' id='word_1_504' title='bbox 2975 611 2990 649; x_wconf 91' lang='lat'><strong>:</strong></span> <span class='ocrx_word' id='word_1_505' title='bbox 3017 593 3143 648; x_wconf 82' lang='lat' dir='ltr'><strong>Filii</strong></span> <span class='ocrx_word' id='word_1_506' title='bbox 3170 596 3320 668; x_wconf 80' lang='lat' dir='ltr'><strong>hujus</strong></span> <span class='ocrx_word' id='word_1_507' title='bbox 3357 601 3527 654; x_wconf 67' lang='lat' dir='ltr'><strong>surculi</strong></span> <span class='ocrx_word' id='word_1_508' title='bbox 3553 617 3707 672; x_wconf 79' lang='lat' dir='ltr'><strong>gene-</strong></span> 
     </span>
    </p>
   </div>
   <div class='ocr_carea' id='block_1_68' title="bbox 2133 681 3709 761">
    <p class='ocr_par' dir='ltr' id='par_1_68' title="bbox 2133 681 3709 761">
     <span class='ocr_line' id='line_1_68' title="bbox 2133 681 3709 761; baseline 0.012 -33"><span class='ocrx_word' id='word_1_509' title='bbox 2133 687 2245 730; x_wconf 85' lang='lat' dir='ltr'><strong>rant</strong></span> <span class='ocrx_word' id='word_1_510' title='bbox 2271 686 2314 730; x_wconf 83' lang='lat' dir='ltr'><strong>et</strong></span> <span class='ocrx_word' id='word_1_511' title='bbox 2333 691 2631 748; x_wconf 70' lang='lat' dir='ltr'><strong>generantur</strong></span> <span class='ocrx_word' id='word_1_512' title='bbox 2657 699 2677 732; x_wconf 82' lang='grc'><strong>›</strong></span> <span class='ocrx_word' id='word_1_513' title='bbox 2699 681 2848 752; x_wconf 85' lang='lat' dir='ltr'><strong>(Luc.</strong></span> <span class='ocrx_word' id='word_1_514' title='bbox 2872 699 2966 750; x_wconf 88' lang='lat' dir='ltr'><strong>xx,</strong></span> <span class='ocrx_word' id='word_1_515' title='bbox 2991 684 3101 758; x_wconf 68' lang='lat' dir='ltr'><strong>Si).</strong></span> <span class='ocrx_word' id='word_1_516' title='bbox 3141 687 3248 742; x_wconf 66' lang='lat' dir='ltr'><strong>«Ex</strong></span> <span class='ocrx_word' id='word_1_517' title='bbox 3279 705 3384 758; x_wconf 88' lang='lat' dir='ltr'><strong>quo</strong></span> <span class='ocrx_word' id='word_1_518' title='bbox 3409 690 3585 761; x_wconf 86' lang='lat' dir='ltr'><strong>itaque</strong></span> <span class='ocrx_word' id='word_1_519' title='bbox 3609 706 3709 746; x_wconf 85' lang='lat' dir='ltr'><strong>su-</strong></span> 
     </span>
    </p>
   </div>
   <div class='ocr_carea' id='block_1_69' title="bbox 2133 769 3705 842">
    <p class='ocr_par' dir='ltr' id='par_1_69' title="bbox 2133 769 3705 842">
     <span class='ocr_line' id='line_1_69' title="bbox 2133 769 3705 842; baseline 0.01 -21"><span class='ocrx_word' id='word_1_520' title='bbox 2133 783 2248 822; x_wconf 91' lang='lat' dir='ltr'><strong>mus</strong></span> <span class='ocrx_word' id='word_1_521' title='bbox 2269 769 2442 824; x_wconf 89' lang='lat' dir='ltr'><strong>adhuc</strong></span> <span class='ocrx_word' id='word_1_522' title='bbox 2471 771 2561 824; x_wconf 88' lang='lat' dir='ltr'><strong>ﬁlii</strong></span> <span class='ocrx_word' id='word_1_523' title='bbox 2591 772 2743 842; x_wconf 88' lang='lat' dir='ltr'><strong>hujus</strong></span> <span class='ocrx_word' id='word_1_524' title='bbox 2780 776 2982 841; x_wconf 66' lang='grc' dir='ltr'><strong>εωουιί,</strong></span> <span class='ocrx_word' id='word_1_525' title='bbox 3029 781 3268 833; x_wconf 84' lang='lat' dir='ltr'><strong>exterior</strong></span> <span class='ocrx_word' id='word_1_526' title='bbox 3310 780 3471 836; x_wconf 87' lang='lat' dir='ltr'><strong>homo</strong></span> <span class='ocrx_word' id='word_1_527' title='bbox 3514 794 3705 839; x_wconf 82' lang='lat' dir='ltr'><strong>noster</strong></span> 
     </span>
    </p>
   </div>
   <div class='ocr_carea' id='block_1_70' title="bbox 2131 861 3708 941">
    <p class='ocr_par' dir='ltr' id='par_1_70' title="bbox 2131 861 3708 941">
     <span class='ocr_line' id='line_1_70' title="bbox 2131 861 3708 941; baseline 0.011 -30"><span class='ocrx_word' id='word_1_528' title='bbox 2131 861 2505 929; x_wconf 87' lang='lat' dir='ltr'><strong>corrumpitur,</strong></span> <span class='ocrx_word' id='word_1_529' title='bbox 2521 877 2584 916; x_wconf 92' lang='lat' dir='ltr'><strong>ex</strong></span> <span class='ocrx_word' id='word_1_530' title='bbox 2607 862 2708 918; x_wconf 93' lang='lat' dir='ltr'><strong>hoc</strong></span> <span class='ocrx_word' id='word_1_531' title='bbox 2728 873 2780 918; x_wconf 89' lang='lat' dir='ltr'><strong>et</strong></span> <span class='ocrx_word' id='word_1_532' title='bbox 2801 864 2958 934; x_wconf 87' lang='lat' dir='ltr'><strong>hujus</strong></span> <span class='ocrx_word' id='word_1_533' title='bbox 2983 869 3159 922; x_wconf 67' lang='lat' dir='ltr'><strong>seculi</strong></span> <span class='ocrx_word' id='word_1_534' title='bbox 3185 870 3272 923; x_wconf 83' lang='lat' dir='ltr'><strong>lilii</strong></span> <span class='ocrx_word' id='word_1_535' title='bbox 3295 883 3618 941; x_wconf 82' lang='lat' dir='ltr'><strong>generantur</strong></span> <span class='ocrx_word' id='word_1_536' title='bbox 3649 877 3667 906; x_wconf 74' lang='grc'>³</span> <span class='ocrx_word' id='word_1_537' title='bbox 3695 892 3708 928; x_wconf 91' lang='lat'><strong>:</strong></span> 
     </span>
    </p>
   </div>
   <div class='ocr_carea' id='block_1_71' title="bbox 2132 953 3713 1023">
    <p class='ocr_par' dir='ltr' id='par_1_71' title="bbox 2132 953 3713 1023">
     <span class='ocr_line' id='line_1_71' title="bbox 2132 953 3713 1023; baseline 0.013 -21"><span class='ocrx_word' id='word_1_538' title='bbox 2132 965 2194 1003; x_wconf 89' lang='lat' dir='ltr'><strong>ex</strong></span> <span class='ocrx_word' id='word_1_539' title='bbox 2221 966 2326 1020; x_wconf 90' lang='lat' dir='ltr'><strong>quo</strong></span> <span class='ocrx_word' id='word_1_540' title='bbox 2352 965 2536 1007; x_wconf 88' lang='lat' dir='ltr'><strong>sumus</strong></span> <span class='ocrx_word' id='word_1_541' title='bbox 2563 953 2656 1008; x_wconf 87' lang='lat' dir='ltr'><strong>ﬁlii</strong></span> <span class='ocrx_word' id='word_1_542' title='bbox 2686 955 2800 1023; x_wconf 91' lang='lat' dir='ltr'><strong>Dei,</strong></span> <span class='ocrx_word' id='word_1_543' title='bbox 2835 956 3056 1012; x_wconf 87' lang='lat' dir='ltr'><strong>interior</strong></span> <span class='ocrx_word' id='word_1_544' title='bbox 3079 971 3364 1015; x_wconf 89' lang='lat' dir='ltr'><strong>renovatur</strong></span> <span class='ocrx_word' id='word_1_545' title='bbox 3416 963 3484 1020; x_wconf 88' lang='lat' dir='ltr'><strong>de</strong></span> <span class='ocrx_word' id='word_1_546' title='bbox 3535 965 3623 1020; x_wconf 89' lang='lat' dir='ltr'><strong>die</strong></span> <span class='ocrx_word' id='word_1_547' title='bbox 3655 967 3713 1020; x_wconf 89' lang='lat' dir='ltr'><strong>in</strong></span> 
     </span>
    </p>
   </div>
   <div class='ocr_carea' id='block_1_72' title="bbox 2131 1040 3711 1126">
    <p class='ocr_par' dir='ltr' id='par_1_72' title="bbox 2131 1040 3711 1126">
     <span class='ocr_line' id='line_1_72' title="bbox 2131 1040 3711 1126; baseline 0.012 -35"><span class='ocrx_word' id='word_1_548' title='bbox 2131 1040 2269 1095; x_wconf 87' lang='lat' dir='ltr'><strong>diem</strong></span> <span class='ocrx_word' id='word_1_549' title='bbox 2300 1060 2318 1093; x_wconf 69' lang='grc' dir='ltr'><strong>ι</strong></span> <span class='ocrx_word' id='word_1_550' title='bbox 2344 1043 2412 1112; x_wconf 93' lang='grc' dir='ltr'><strong>(ΙΙ</strong></span> <span class='ocrx_word' id='word_1_551' title='bbox 2436 1043 2554 1098; x_wconf 90' lang='lat' dir='ltr'><strong>Cor.</strong></span> <span class='ocrx_word' id='word_1_552' title='bbox 2577 1062 2648 1113; x_wconf 81' lang='lat' dir='ltr'><strong>tv,</strong></span> <span class='ocrx_word' id='word_1_553' title='bbox 2678 1047 2785 1118; x_wconf 85' lang='lat' dir='ltr'><strong>l6).</strong></span> <span class='ocrx_word' id='word_1_554' title='bbox 2819 1065 2840 1101; x_wconf 76' lang='grc' dir='ltr'><strong>ι</strong></span> <span class='ocrx_word' id='word_1_555' title='bbox 2871 1049 3120 1114; x_wconf 88' lang='lat' dir='ltr'><strong>Quamvis</strong></span> <span class='ocrx_word' id='word_1_556' title='bbox 3137 1060 3191 1106; x_wconf 91' lang='lat' dir='ltr'><strong>et</strong></span> <span class='ocrx_word' id='word_1_557' title='bbox 3215 1052 3330 1123; x_wconf 88' lang='lat' dir='ltr'><strong>ipse</strong></span> <span class='ocrx_word' id='word_1_558' title='bbox 3353 1055 3587 1110; x_wconf 76' lang='lat' dir='ltr'><strong>exterior</strong></span> <span class='ocrx_word' id='word_1_559' title='bbox 3611 1071 3711 1126; x_wconf 87' lang='lat' dir='ltr'><strong>per</strong></span> 
     </span>
    </p>
   </div>
   <div class='ocr_carea' id='block_1_73' title="bbox 2132 1131 3710 1210">
    <p class='ocr_par' dir='ltr' id='par_1_73' title="bbox 2132 1131 3710 1210">
     <span class='ocr_line' id='line_1_73' title="bbox 2132 1131 3710 1210; baseline 0.011 -27"><span class='ocrx_word' id='word_1_560' title='bbox 2132 1131 2395 1187; x_wconf 81' lang='lat' dir='ltr'><strong>lavacrum</strong></span> <span class='ocrx_word' id='word_1_561' title='bbox 2415 1137 2774 1193; x_wconf 87' lang='lat' dir='ltr'><strong>sanetilicatus</strong></span> <span class='ocrx_word' id='word_1_562' title='bbox 2817 1140 2906 1207; x_wconf 89' lang='lat' dir='ltr'><strong>sit,</strong></span> <span class='ocrx_word' id='word_1_563' title='bbox 2944 1149 2996 1195; x_wconf 90' lang='lat' dir='ltr'><strong>et</strong></span> <span class='ocrx_word' id='word_1_564' title='bbox 3041 1155 3186 1210; x_wconf 88' lang='lat' dir='ltr'><strong>spem</strong></span> <span class='ocrx_word' id='word_1_565' title='bbox 3238 1144 3423 1198; x_wconf 79' lang='lat' dir='ltr'><strong>lnturzc</strong></span> <span class='ocrx_word' id='word_1_566' title='bbox 3461 1145 3710 1200; x_wconf 60' lang='lat' dir='ltr'><strong>incomta</strong></span> 
     </span>
    </p>
   </div>
   <div class='ocr_carea' id='block_1_74' title="bbox 2133 1223 3712 1302">
    <p class='ocr_par' dir='ltr' id='par_1_74' title="bbox 2133 1223 3712 1302">
     <span class='ocr_line' id='line_1_74' title="bbox 2133 1223 3712 1302; baseline 0.012 -29"><span class='ocrx_word' id='word_1_567' title='bbox 2133 1223 2325 1290; x_wconf 90' lang='lat' dir='ltr'><strong>ptionis</strong></span> <span class='ocrx_word' id='word_1_568' title='bbox 2354 1229 2636 1295; x_wconf 89' lang='lat' dir='ltr'><strong>acceperit,</strong></span> <span class='ocrx_word' id='word_1_569' title='bbox 2668 1238 2882 1299; x_wconf 86' lang='lat' dir='ltr'><strong>propter</strong></span> <span class='ocrx_word' id='word_1_570' title='bbox 2893 1229 3032 1300; x_wconf 89' lang='lat' dir='ltr'><strong>quod</strong></span> <span class='ocrx_word' id='word_1_571' title='bbox 3049 1240 3103 1285; x_wconf 89' lang='lat' dir='ltr'><strong>et</strong></span> <span class='ocrx_word' id='word_1_572' title='bbox 3119 1233 3370 1302; x_wconf 90' lang='lat' dir='ltr'><strong>templum</strong></span> <span class='ocrx_word' id='word_1_573' title='bbox 3393 1235 3485 1290; x_wconf 90' lang='lat' dir='ltr'><strong>Dei</strong></span> <span class='ocrx_word' id='word_1_574' title='bbox 3511 1238 3712 1292; x_wconf 86' lang='lat' dir='ltr'><strong>merito</strong></span> 
     </span>
    </p>
   </div>
   <div class='ocr_carea' id='block_1_75' title="bbox 2125 1313 3710 1398">
    <p class='ocr_par' dir='ltr' id='par_1_75' title="bbox 2125 1313 3710 1398">
     <span class='ocr_line' id='line_1_75' title="bbox 2125 1313 3710 1398; baseline 0.013 -34"><span class='ocrx_word' id='word_1_575' title='bbox 2125 1313 2322 1377; x_wconf 75' lang='lat' dir='ltr'><strong>dicitur</strong></span> <span class='ocrx_word' id='word_1_576' title='bbox 2349 1334 2369 1366; x_wconf 67' lang='grc' dir='ltr'><strong>ι</strong></span> <span class='ocrx_word' id='word_1_577' title='bbox 2396 1315 2437 1387; x_wconf 95' lang='lat' dir='ltr'><strong>(l</strong></span> <span class='ocrx_word' id='word_1_578' title='bbox 2457 1317 2572 1371; x_wconf 87' lang='lat' dir='ltr'><strong>Cor.</strong></span> <span class='ocrx_word' id='word_1_579' title='bbox 2605 1334 2684 1383; x_wconf 82' lang='grc' dir='ltr'>ιιι,</span> <span class='ocrx_word' id='word_1_580' title='bbox 2711 1320 2794 1392; x_wconf 85' lang='lat' dir='ltr'><strong>l6)</strong></span> <span class='ocrx_word' id='word_1_581' title='bbox 2821 1339 2840 1373; x_wconf 77' lang='grc' dir='ltr'><strong>ι</strong></span> <span class='ocrx_word' id='word_1_582' title='bbox 2878 1339 2890 1374; x_wconf 93' lang='lat'><strong>:</strong></span> <span class='ocrx_word' id='word_1_583' title='bbox 2917 1322 3006 1376; x_wconf 86' lang='lat' dir='ltr'><strong>scd</strong></span> <span class='ocrx_word' id='word_1_584' title='bbox 3039 1324 3136 1376; x_wconf 93' lang='lat' dir='ltr'><strong>hoc</strong></span> <span class='ocrx_word' id='word_1_585' title='bbox 3161 1339 3264 1378; x_wconf 90' lang='lat' dir='ltr'><strong>non</strong></span> <span class='ocrx_word' id='word_1_586' title='bbox 3292 1325 3461 1379; x_wconf 88' lang='lat' dir='ltr'><strong>solum</strong></span> <span class='ocrx_word' id='word_1_587' title='bbox 3486 1337 3710 1398; x_wconf 86' lang='lat' dir='ltr'><strong>propter</strong></span> 
     </span>
    </p>
   </div>
   <div class='ocr_carea' id='block_1_76' title="bbox 2131 1411 3710 1490">
    <p class='ocr_par' dir='ltr' id='par_1_76' title="bbox 2131 1411 3710 1490">
     <span class='ocr_line' id='line_1_76' title="bbox 2131 1411 3710 1490; baseline 0.012 -34"><span class='ocrx_word' id='word_1_588' title='bbox 2131 1415 2445 1472; x_wconf 71' lang='lat' dir='ltr'><strong>praeacutam</strong></span> <span class='ocrx_word' id='word_1_589' title='bbox 2463 1411 2954 1479; x_wconf 86' lang='lat' dir='ltr'><strong>sanctiﬁcationem,</strong></span> <span class='ocrx_word' id='word_1_590' title='bbox 2983 1415 3076 1470; x_wconf 91' lang='lat' dir='ltr'><strong>sed</strong></span> <span class='ocrx_word' id='word_1_591' title='bbox 3094 1425 3310 1486; x_wconf 83' lang='lat' dir='ltr'><strong>prepter</strong></span> <span class='ocrx_word' id='word_1_592' title='bbox 3337 1420 3360 1451; x_wconf 76' lang='grc'><strong><em>³</em></strong></span> <span class='ocrx_word' id='word_1_593' title='bbox 3389 1420 3532 1473; x_wconf 91' lang='lat' dir='ltr'><strong>illam</strong></span> <span class='ocrx_word' id='word_1_594' title='bbox 3553 1435 3710 1490; x_wconf 88' lang='lat' dir='ltr'><strong>spem</strong></span> 
     </span>
    </p>
   </div>
   <div class='ocr_carea' id='block_1_77' title="bbox 2131 1495 3709 1580">
    <p class='ocr_par' dir='ltr' id='par_1_77' title="bbox 2131 1495 3709 1580">
     <span class='ocr_line' id='line_1_77' title="bbox 2131 1495 3709 1580; baseline 0.012 -31"><span class='ocrx_word' id='word_1_595' title='bbox 2131 1495 2330 1551; x_wconf 91' lang='lat' dir='ltr'><strong>dictum</strong></span> <span class='ocrx_word' id='word_1_596' title='bbox 2353 1509 2455 1565; x_wconf 89' lang='lat' dir='ltr'><strong>est,</strong></span> <span class='ocrx_word' id='word_1_597' title='bbox 2482 1499 2549 1555; x_wconf 92' lang='lat' dir='ltr'><strong>de</strong></span> <span class='ocrx_word' id='word_1_598' title='bbox 2595 1517 2695 1572; x_wconf 91' lang='lat' dir='ltr'><strong>qua</strong></span> <span class='ocrx_word' id='word_1_599' title='bbox 2727 1503 2939 1570; x_wconf 90' lang='lat' dir='ltr'><strong>dicitur,</strong></span> <span class='ocrx_word' id='word_1_600' title='bbox 2990 1505 3051 1560; x_wconf 85' lang='lat' dir='ltr'><strong>Et</strong></span> <span class='ocrx_word' id='word_1_601' title='bbox 3082 1525 3172 1561; x_wconf 88' lang='lat' dir='ltr'><strong>nos</strong></span> <span class='ocrx_word' id='word_1_602' title='bbox 3215 1510 3314 1579; x_wconf 83' lang='lat' dir='ltr'><strong>ipsi</strong></span> <span class='ocrx_word' id='word_1_603' title='bbox 3339 1513 3587 1580; x_wconf 82' lang='lat' dir='ltr'><strong>primitias</strong></span> <span class='ocrx_word' id='word_1_604' title='bbox 3612 1515 3709 1567; x_wconf 84' lang='lat' dir='ltr'><strong>ha-</strong></span> 
     </span>
    </p>
   </div>
   <div class='ocr_carea' id='block_1_78' title="bbox 2129 1588 3709 1672">
    <p class='ocr_par' dir='ltr' id='par_1_78' title="bbox 2129 1588 3709 1672">
     <span class='ocr_line' id='line_1_78' title="bbox 2129 1588 3709 1672; baseline 0.012 -32"><span class='ocrx_word' id='word_1_605' title='bbox 2129 1588 2294 1642; x_wconf 85' lang='lat' dir='ltr'><strong>bentes</strong></span> <span class='ocrx_word' id='word_1_606' title='bbox 2332 1590 2535 1658; x_wconf 77' lang='lat' dir='ltr'><strong>spiritus</strong></span> <span class='ocrx_word' id='word_1_607' title='bbox 2584 1593 2972 1664; x_wconf 84' lang='lat' dir='ltr'><strong>ingemiscimus,</strong></span> <span class='ocrx_word' id='word_1_608' title='bbox 3027 1599 3348 1669; x_wconf 79' lang='lat' dir='ltr'><strong>adeptionem</strong></span> <span class='ocrx_word' id='word_1_609' title='bbox 3372 1602 3709 1672; x_wconf 60' lang='lat' dir='ltr'><strong>“exspectan—</strong></span> 
     </span>
    </p>
   </div>
   <div class='ocr_carea' id='block_1_79' title="bbox 2129 1681 3706 1768">
    <p class='ocr_par' dir='ltr' id='par_1_79' title="bbox 2129 1681 3706 1768">
     <span class='ocr_line' id='line_1_79' title="bbox 2129 1681 3706 1768; baseline 0.013 -37"><span class='ocrx_word' id='word_1_610' title='bbox 2129 1687 2210 1742; x_wconf 82' lang='lat' dir='ltr'><strong>tes,</strong></span> <span class='ocrx_word' id='word_1_611' title='bbox 2241 1681 2630 1752; x_wconf 85' lang='lat' dir='ltr'><strong>redemptionem</strong></span> <span class='ocrx_word' id='word_1_612' title='bbox 2650 1687 2873 1756; x_wconf 85' lang='lat' dir='ltr'><strong>corporis</strong></span> <span class='ocrx_word' id='word_1_613' title='bbox 2899 1690 3057 1742; x_wconf 79' lang='lat' dir='ltr'><strong>nostri</strong></span> <span class='ocrx_word' id='word_1_614' title='bbox 3085 1709 3103 1741; x_wconf 72' lang='grc' dir='ltr'><strong>ι</strong></span> <span class='ocrx_word' id='word_1_615' title='bbox 3124 1691 3300 1760; x_wconf 83' lang='lat' dir='ltr'><strong>(Rom.</strong></span> <span class='ocrx_word' id='word_1_616' title='bbox 3323 1709 3432 1759; x_wconf 81' lang='lat' dir='ltr'><strong>vin,</strong></span> <span class='ocrx_word' id='word_1_617' title='bbox 3461 1694 3613 1768; x_wconf 65' lang='lat'><strong>25).:</strong></span> <span class='ocrx_word' id='word_1_618' title='bbox 3644 1697 3706 1751; x_wconf 85' lang='lat' dir='ltr'><strong>Si</strong></span> 
     </span>
    </p>
   </div>
   <div class='ocr_carea' id='block_1_80' title="bbox 2127 1772 3703 1854">
    <p class='ocr_par' dir='ltr' id='par_1_80' title="bbox 2127 1772 3703 1854">
     <span class='ocr_line' id='line_1_80' title="bbox 2127 1772 3703 1854; baseline 0.013 -31"><span class='ocrx_word' id='word_1_619' title='bbox 2127 1785 2253 1840; x_wconf 80' lang='lat' dir='ltr'><strong>ergo</strong></span> <span class='ocrx_word' id='word_1_620' title='bbox 2279 1772 2578 1844; x_wconf 89' lang='lat' dir='ltr'><strong>redemptio</strong></span> <span class='ocrx_word' id='word_1_621' title='bbox 2608 1779 2848 1846; x_wconf 88' lang='lat' dir='ltr'><strong>corporis</strong></span> <span class='ocrx_word' id='word_1_622' title='bbox 2872 1781 3034 1834; x_wconf 89' lang='lat' dir='ltr'><strong>nostri</strong></span> <span class='ocrx_word' id='word_1_623' title='bbox 3067 1783 3358 1838; x_wconf 90' lang='lat' dir='ltr'><strong>secundum</strong></span> <span class='ocrx_word' id='word_1_624' title='bbox 3388 1788 3703 1854; x_wconf 79' lang='lat' dir='ltr'><strong>Apostolum</strong></span> 
     </span>
    </p>
   </div>
   <div class='ocr_carea' id='block_1_81' title="bbox 2126 1867 3700 1948">
    <p class='ocr_par' dir='ltr' id='par_1_81' title="bbox 2126 1867 3700 1948">
     <span class='ocr_line' id='line_1_81' title="bbox 2126 1867 3700 1948; baseline 0.013 -34"><span class='ocrx_word' id='word_1_625' title='bbox 2126 1871 2482 1932; x_wconf 85' lang='lat' dir='ltr'><strong>exspectatur,</strong></span> <span class='ocrx_word' id='word_1_626' title='bbox 2509 1867 2749 1935; x_wconf 88' lang='lat' dir='ltr'><strong>profecto</strong></span> <span class='ocrx_word' id='word_1_627' title='bbox 2775 1871 2913 1939; x_wconf 92' lang='lat' dir='ltr'><strong>quod</strong></span> <span class='ocrx_word' id='word_1_628' title='bbox 2939 1883 3280 1941; x_wconf 89' lang='lat' dir='ltr'><strong>exspectatur</strong></span> <span class='ocrx_word' id='word_1_629' title='bbox 3304 1875 3480 1933; x_wconf 87' lang='lat' dir='ltr'><strong>adhuc</strong></span> <span class='ocrx_word' id='word_1_630' title='bbox 3509 1892 3700 1948; x_wconf 80' lang='lat' dir='ltr'><strong>spera-</strong></span> 
     </span>
    </p>
   </div>
   <div class='ocr_carea' id='block_1_82' title="bbox 2128 1955 3696 2036">
    <p class='ocr_par' dir='ltr' id='par_1_82' title="bbox 2128 1955 3696 2036">
     <span class='ocr_line' id='line_1_82' title="bbox 2128 1955 3696 2036; baseline 0.011 -30"><span class='ocrx_word' id='word_1_631' title='bbox 2128 1961 2230 2017; x_wconf 89' lang='lat' dir='ltr'><strong>tur,</strong></span> <span class='ocrx_word' id='word_1_632' title='bbox 2258 1955 2491 2010; x_wconf 91' lang='lat' dir='ltr'><strong>nondum</strong></span> <span class='ocrx_word' id='word_1_633' title='bbox 2539 1966 2777 2013; x_wconf 72' lang='lat' dir='ltr'><strong>tenetur)</strong></span> <span class='ocrx_word' id='word_1_634' title='bbox 2811 1959 2912 2032; x_wconf 89' lang='lat' dir='ltr'><strong>(De</strong></span> <span class='ocrx_word' id='word_1_635' title='bbox 2942 1961 3149 2032; x_wconf 79' lang='lat' dir='ltr'><strong>Nuptiis</strong></span> <span class='ocrx_word' id='word_1_636' title='bbox 3186 1973 3233 2018; x_wconf 90' lang='lat' dir='ltr'><strong>et</strong></span> <span class='ocrx_word' id='word_1_637' title='bbox 3261 1963 3696 2036; x_wconf 82' lang='lat' dir='ltr'><strong>Concupiscentia,</strong></span> 
     </span>
    </p>
   </div>
   <div class='ocr_carea' id='block_1_83' title="bbox 2125 2045 3686 2122">
    <p class='ocr_par' dir='ltr' id='par_1_83' title="bbox 2125 2045 3686 2122">
     <span class='ocr_line' id='line_1_83' title="bbox 2125 2045 3686 2122; baseline 0.011 -24"><span class='ocrx_word' id='word_1_638' title='bbox 2125 2045 2210 2099; x_wconf 80' lang='lat' dir='ltr'><strong>tib.</strong></span> <span class='ocrx_word' id='word_1_639' title='bbox 2238 2048 2287 2110; x_wconf 88' lang='lat' dir='ltr'><strong>l,</strong></span> <span class='ocrx_word' id='word_1_640' title='bbox 2327 2065 2414 2101; x_wconf 89' lang='lat' dir='ltr'><strong>nn.</strong></span> <span class='ocrx_word' id='word_1_641' title='bbox 2448 2049 2537 2114; x_wconf 87' lang='lat' dir='ltr'><strong>l9,</strong></span> <span class='ocrx_word' id='word_1_642' title='bbox 2573 2050 2688 2122; x_wconf 77' lang='grc'><strong>20).</strong></span> <span class='ocrx_word' id='word_1_643' title='bbox 2751 2052 2892 2107; x_wconf 87' lang='lat' dir='ltr'><strong>Nihil</strong></span> <span class='ocrx_word' id='word_1_644' title='bbox 2939 2054 3138 2110; x_wconf 84' lang='lat' dir='ltr'><strong>habent</strong></span> <span class='ocrx_word' id='word_1_645' title='bbox 3199 2057 3308 2112; x_wconf 75' lang='lat' dir='ltr'><strong>hzce</strong></span> <span class='ocrx_word' id='word_1_646' title='bbox 3349 2059 3500 2113; x_wconf 85' lang='lat' dir='ltr'><strong>verba</strong></span> <span class='ocrx_word' id='word_1_647' title='bbox 3563 2075 3686 2114; x_wconf 85' lang='lat' dir='ltr'><strong>mea</strong></span> 
     </span>
    </p>
   </div>
   <div class='ocr_carea' id='block_1_84' title="bbox 2122 2137 3696 2218">
    <p class='ocr_par' dir='ltr' id='par_1_84' title="bbox 2122 2137 3696 2218">
     <span class='ocr_line' id='line_1_84' title="bbox 2122 2137 3696 2218; baseline 0.01 -29"><span class='ocrx_word' id='word_1_648' title='bbox 2122 2137 2261 2206; x_wconf 90' lang='lat' dir='ltr'><strong>quod</strong></span> <span class='ocrx_word' id='word_1_649' title='bbox 2281 2153 2384 2193; x_wconf 91' lang='lat' dir='ltr'><strong>non</strong></span> <span class='ocrx_word' id='word_1_650' title='bbox 2416 2141 2468 2194; x_wconf 91' lang='lat' dir='ltr'><strong>in</strong></span> <span class='ocrx_word' id='word_1_651' title='bbox 2492 2156 2550 2197; x_wconf 91' lang='lat' dir='ltr'><strong>se</strong></span> <span class='ocrx_word' id='word_1_652' title='bbox 2578 2142 2874 2212; x_wconf 89' lang='lat' dir='ltr'><strong>baptizatus</strong></span> <span class='ocrx_word' id='word_1_653' title='bbox 2896 2156 3168 2215; x_wconf 82' lang='lat' dir='ltr'><strong>agnoscat.</strong></span> <span class='ocrx_word' id='word_1_654' title='bbox 3189 2149 3412 2218; x_wconf 84' lang='lat' dir='ltr'><strong>quicum</strong></span> <span class='ocrx_word' id='word_1_655' title='bbox 3433 2148 3696 2218; x_wconf 78' lang='lat' dir='ltr'><strong>Apostolo</strong></span> 
     </span>
    </p>
   </div>
   <div class='ocr_carea' id='block_1_85' title="bbox 2122 2231 3701 2310">
    <p class='ocr_par' dir='ltr' id='par_1_85' title="bbox 2122 2231 3701 2310">
     <span class='ocr_line' id='line_1_85' title="bbox 2122 2231 3701 2310; baseline 0.008 -26"><span class='ocrx_word' id='word_1_656' title='bbox 2122 2231 2251 2284; x_wconf 87' lang='lat' dir='ltr'><strong>dicit</strong></span> <span class='ocrx_word' id='word_1_657' title='bbox 2279 2249 2292 2286; x_wconf 89' lang='lat'><strong>:</strong></span> <span class='ocrx_word' id='word_1_658' title='bbox 2324 2231 2392 2286; x_wconf 86' lang='lat' dir='ltr'><strong>Et</strong></span> <span class='ocrx_word' id='word_1_659' title='bbox 2419 2233 2517 2301; x_wconf 83' lang='lat' dir='ltr'><strong>ipsi</strong></span> <span class='ocrx_word' id='word_1_660' title='bbox 2555 2235 2609 2289; x_wconf 87' lang='lat' dir='ltr'><strong>in</strong></span> <span class='ocrx_word' id='word_1_661' title='bbox 2633 2237 3001 2308; x_wconf 84' lang='lat' dir='ltr'><strong>nobismetipsis</strong></span> <span class='ocrx_word' id='word_1_662' title='bbox 3027 2239 3415 2310; x_wconf 86' lang='lat' dir='ltr'><strong>ingemiscimus.</strong></span> <span class='ocrx_word' id='word_1_663' title='bbox 3457 2239 3615 2297; x_wconf 87' lang='lat' dir='ltr'><strong>Unde</strong></span> <span class='ocrx_word' id='word_1_664' title='bbox 3642 2250 3701 2296; x_wconf 84' lang='lat' dir='ltr'><strong>et</strong></span> 
     </span>
    </p>
   </div>
   <div class='ocr_carea' id='block_1_86' title="bbox 2122 2322 3703 2404">
    <p class='ocr_par' dir='ltr' id='par_1_86' title="bbox 2122 2322 3703 2404">
     <span class='ocr_line' id='line_1_86' title="bbox 2122 2322 3703 2404; baseline 0.007 -29"><span class='ocrx_word' id='word_1_665' title='bbox 2122 2322 2246 2376; x_wconf 90' lang='lat' dir='ltr'><strong>alibi</strong></span> <span class='ocrx_word' id='word_1_666' title='bbox 2267 2324 2341 2379; x_wconf 92' lang='lat' dir='ltr'><strong>ait</strong></span> <span class='ocrx_word' id='word_1_667' title='bbox 2374 2342 2388 2380; x_wconf 90' lang='lat'><strong>:</strong></span> <span class='ocrx_word' id='word_1_668' title='bbox 2421 2324 2621 2380; x_wconf 84' lang='lat' dir='ltr'><strong>Etenim</strong></span> <span class='ocrx_word' id='word_1_669' title='bbox 2649 2328 2733 2398; x_wconf 85' lang='lat' dir='ltr'><strong>qui</strong></span> <span class='ocrx_word' id='word_1_670' title='bbox 2753 2345 2925 2381; x_wconf 88' lang='lat' dir='ltr'><strong>sumus</strong></span> <span class='ocrx_word' id='word_1_671' title='bbox 2965 2331 3014 2383; x_wconf 86' lang='lat' dir='ltr'><strong>in</strong></span> <span class='ocrx_word' id='word_1_672' title='bbox 3043 2330 3137 2383; x_wconf 85' lang='lat' dir='ltr'><strong>hac</strong></span> <span class='ocrx_word' id='word_1_673' title='bbox 3183 2331 3505 2396; x_wconf 84' lang='lat' dir='ltr'><strong>habitatione,</strong></span> <span class='ocrx_word' id='word_1_674' title='bbox 3553 2331 3703 2404; x_wconf 82' lang='lat' dir='ltr'><strong>inge-</strong></span> 
     </span>
    </p>
   </div>
   <div class='ocr_carea' id='block_1_87' title="bbox 2122 2413 3697 2489">
    <p class='ocr_par' dir='ltr' id='par_1_87' title="bbox 2122 2413 3697 2489">
     <span class='ocr_line' id='line_1_87' title="bbox 2122 2413 3697 2489; baseline 0.007 -24"><span class='ocrx_word' id='word_1_675' title='bbox 2122 2413 2378 2468; x_wconf 80' lang='lat' dir='ltr'><strong>iniscimus</strong></span> <span class='ocrx_word' id='word_1_676' title='bbox 2405 2417 2600 2485; x_wconf 79' lang='lat' dir='ltr'><strong>gravati</strong></span> <span class='ocrx_word' id='word_1_677' title='bbox 2621 2416 2687 2486; x_wconf 90' lang='lat' dir='ltr'><strong>(ll</strong></span> <span class='ocrx_word' id='word_1_678' title='bbox 2709 2417 2824 2471; x_wconf 87' lang='lat' dir='ltr'><strong>Cor.</strong></span> <span class='ocrx_word' id='word_1_679' title='bbox 2845 2434 2897 2484; x_wconf 89' lang='lat' dir='ltr'><strong>v,</strong></span> <span class='ocrx_word' id='word_1_680' title='bbox 2921 2420 2999 2489; x_wconf 75' lang='grc'><strong>4).</strong></span> <span class='ocrx_word' id='word_1_681' title='bbox 3027 2419 3141 2485; x_wconf 87' lang='lat' dir='ltr'><strong>Quo</strong></span> <span class='ocrx_word' id='word_1_682' title='bbox 3169 2421 3406 2489; x_wconf 89' lang='lat' dir='ltr'><strong>pertinet</strong></span> <span class='ocrx_word' id='word_1_683' title='bbox 3424 2421 3583 2476; x_wconf 88' lang='lat' dir='ltr'><strong>etiam</strong></span> <span class='ocrx_word' id='word_1_684' title='bbox 3625 2422 3697 2476; x_wconf 86' lang='lat' dir='ltr'><strong>il-</strong></span> 
     </span>
    </p>
   </div>
   <div class='ocr_carea' id='block_1_88' title="bbox 2121 2502 3698 2580">
    <p class='ocr_par' dir='ltr' id='par_1_88' title="bbox 2121 2502 3698 2580">
     <span class='ocr_line' id='line_1_88' title="bbox 2121 2502 3698 2580; baseline 0.005 -24"><span class='ocrx_word' id='word_1_685' title='bbox 2121 2502 2233 2570; x_wconf 91' lang='lat' dir='ltr'><strong>lud,</strong></span> <span class='ocrx_word' id='word_1_686' title='bbox 2274 2503 2415 2572; x_wconf 90' lang='lat' dir='ltr'><strong>quod</strong></span> <span class='ocrx_word' id='word_1_687' title='bbox 2444 2505 2496 2559; x_wconf 92' lang='lat' dir='ltr'><strong>in</strong></span> <span class='ocrx_word' id='word_1_688' title='bbox 2527 2506 2664 2560; x_wconf 90' lang='lat' dir='ltr'><strong>libro</strong></span> <span class='ocrx_word' id='word_1_689' title='bbox 2711 2506 2996 2577; x_wconf 72' lang='lat' dir='ltr'><strong>Sapientia:</strong></span> <span class='ocrx_word' id='word_1_690' title='bbox 3040 2509 3264 2580; x_wconf 84' lang='lat' dir='ltr'><strong>legimus</strong></span> <span class='ocrx_word' id='word_1_691' title='bbox 3293 2509 3525 2580; x_wconf 87' lang='lat' dir='ltr'><strong>:Corpus</strong></span> <span class='ocrx_word' id='word_1_692' title='bbox 3560 2511 3698 2564; x_wconf 84' lang='lat' dir='ltr'><strong>enim</strong></span> 
     </span>
    </p>
   </div>
   <div class='ocr_carea' id='block_1_89' title="bbox 2120 2591 3700 2668">
    <p class='ocr_par' dir='ltr' id='par_1_89' title="bbox 2120 2591 3700 2668">
     <span class='ocr_line' id='line_1_89' title="bbox 2120 2591 3700 2668; baseline 0.006 -24"><span class='ocrx_word' id='word_1_693' title='bbox 2120 2591 2446 2662; x_wconf 85' lang='lat' dir='ltr'><strong>corruptibile</strong></span> <span class='ocrx_word' id='word_1_694' title='bbox 2464 2606 2706 2666; x_wconf 83' lang='lat' dir='ltr'><strong>aggrauat</strong></span> <span class='ocrx_word' id='word_1_695' title='bbox 2733 2597 2975 2664; x_wconf 78' lang='lat' dir='ltr'><strong>animum,</strong></span> <span class='ocrx_word' id='word_1_696' title='bbox 2998 2608 3045 2651; x_wconf 93' lang='lat' dir='ltr'><strong>et</strong></span> <span class='ocrx_word' id='word_1_697' title='bbox 3072 2599 3304 2668; x_wconf 83' lang='lat' dir='ltr'><strong>deprimit</strong></span> <span class='ocrx_word' id='word_1_698' title='bbox 3329 2609 3524 2652; x_wconf 86' lang='lat' dir='ltr'><strong>terrena</strong></span> <span class='ocrx_word' id='word_1_699' title='bbox 3548 2599 3700 2653; x_wconf 79' lang='lat' dir='ltr'><strong>inita-</strong></span> 
     </span>
    </p>
   </div>
   <div class='ocr_carea' id='block_1_90' title="bbox 2123 2683 3700 2759">
    <p class='ocr_par' dir='ltr' id='par_1_90' title="bbox 2123 2683 3700 2759">
     <span class='ocr_line' id='line_1_90' title="bbox 2123 2683 3700 2759; baseline 0.004 -24"><span class='ocrx_word' id='word_1_700' title='bbox 2123 2683 2295 2738; x_wconf 89' lang='lat' dir='ltr'><strong>bitatio</strong></span> <span class='ocrx_word' id='word_1_701' title='bbox 2319 2700 2521 2738; x_wconf 88' lang='lat' dir='ltr'><strong>sensum</strong></span> <span class='ocrx_word' id='word_1_702' title='bbox 2542 2685 2702 2739; x_wconf 90' lang='lat' dir='ltr'><strong>multa</strong></span> <span class='ocrx_word' id='word_1_703' title='bbox 2730 2688 3029 2757; x_wconf 83' lang='lat' dir='ltr'><strong>cogitantem</strong></span> <span class='ocrx_word' id='word_1_704' title='bbox 3056 2687 3210 2759; x_wconf 86' lang='lat' dir='ltr'><strong>(Sap.</strong></span> <span class='ocrx_word' id='word_1_705' title='bbox 3239 2704 3314 2751; x_wconf 88' lang='lat' dir='ltr'><strong>tx,</strong></span> <span class='ocrx_word' id='word_1_706' title='bbox 3351 2690 3460 2758; x_wconf 71' lang='lat'><strong>15).</strong></span> <span class='ocrx_word' id='word_1_707' title='bbox 3490 2689 3595 2744; x_wconf 90' lang='lat' dir='ltr'><strong>Sed</strong></span> <span class='ocrx_word' id='word_1_708' title='bbox 3639 2697 3700 2744; x_wconf 87' lang='lat' dir='ltr'><strong>tu</strong></span> 
     </span>
    </p>
   </div>
   <div class='ocr_carea' id='block_1_91' title="bbox 2123 2776 3702 2849">
    <p class='ocr_par' dir='ltr' id='par_1_91' title="bbox 2123 2776 3702 2849">
     <span class='ocr_line' id='line_1_91' title="bbox 2123 2776 3702 2849; baseline 0.005 -21"><span class='ocrx_word' id='word_1_709' title='bbox 2123 2783 2370 2845; x_wconf 87' lang='lat' dir='ltr'><strong>tanquam</strong></span> <span class='ocrx_word' id='word_1_710' title='bbox 2413 2776 2465 2830; x_wconf 93' lang='lat' dir='ltr'><strong>in</strong></span> <span class='ocrx_word' id='word_1_711' title='bbox 2490 2777 2626 2831; x_wconf 76' lang='lat' dir='ltr'><strong>emlo</strong></span> <span class='ocrx_word' id='word_1_712' title='bbox 2640 2777 2748 2846; x_wconf 90' lang='lat' dir='ltr'><strong>jam</strong></span> <span class='ocrx_word' id='word_1_713' title='bbox 2785 2778 2924 2833; x_wconf 88' lang='lat' dir='ltr'><strong>inter</strong></span> <span class='ocrx_word' id='word_1_714' title='bbox 2946 2780 3177 2849; x_wconf 82' lang='lat' dir='ltr'><strong>Angelos</strong></span> <span class='ocrx_word' id='word_1_715' title='bbox 3206 2780 3580 2835; x_wconf 85' lang='lat' dir='ltr'><strong>immortaliter</strong></span> <span class='ocrx_word' id='word_1_716' title='bbox 3601 2780 3702 2835; x_wconf 84' lang='lat' dir='ltr'><strong>ha-</strong></span> 
     </span>
    </p>
   </div>
   <div class='ocr_carea' id='block_1_92' title="bbox 2121 2865 3702 2935">
    <p class='ocr_par' dir='ltr' id='par_1_92' title="bbox 2121 2865 3702 2935">
     <span class='ocr_line' id='line_1_92' title="bbox 2121 2865 3702 2935; baseline 0.004 -16"><span class='ocrx_word' id='word_1_717' title='bbox 2121 2865 2316 2932; x_wconf 84' lang='lat' dir='ltr'><strong>bitans,</strong></span> <span class='ocrx_word' id='word_1_718' title='bbox 2345 2867 2503 2922; x_wconf 89' lang='lat' dir='ltr'><strong>verba</strong></span> <span class='ocrx_word' id='word_1_719' title='bbox 2533 2868 2849 2922; x_wconf 90' lang='lat' dir='ltr'><strong>inﬁrmitatis</strong></span> <span class='ocrx_word' id='word_1_720' title='bbox 2877 2878 2930 2924; x_wconf 85' lang='lat' dir='ltr'><strong>et</strong></span> <span class='ocrx_word' id='word_1_721' title='bbox 2959 2870 3295 2925; x_wconf 88' lang='lat' dir='ltr'><strong>mortalitatis</strong></span> <span class='ocrx_word' id='word_1_722' title='bbox 3315 2871 3532 2935; x_wconf 89' lang='lat' dir='ltr'><strong>irrides;</strong></span> <span class='ocrx_word' id='word_1_723' title='bbox 3559 2882 3614 2926; x_wconf 91' lang='lat' dir='ltr'><strong>et</strong></span> <span class='ocrx_word' id='word_1_724' title='bbox 3636 2887 3702 2926; x_wconf 84' lang='lat' dir='ltr'><strong>ea</strong></span> 
     </span>
    </p>
   </div>
   <div class='ocr_carea' id='block_1_93' title="bbox 2120 2958 3704 3026">
    <p class='ocr_par' dir='ltr' id='par_1_93' title="bbox 2120 2958 3704 3026">
     <span class='ocr_line' id='line_1_93' title="bbox 2120 2958 3704 3026; baseline 0.005 -18"><span class='ocrx_word' id='word_1_725' title='bbox 2120 2969 2394 3025; x_wconf 85' lang='lat' dir='ltr'><strong>exponens</strong></span> <span class='ocrx_word' id='word_1_726' title='bbox 2416 2972 2520 3011; x_wconf 90' lang='lat' dir='ltr'><strong>non</strong></span> <span class='ocrx_word' id='word_1_727' title='bbox 2563 2958 2856 3013; x_wconf 90' lang='lat' dir='ltr'><strong>secundum</strong></span> <span class='ocrx_word' id='word_1_728' title='bbox 2893 2975 3071 3014; x_wconf 90' lang='lat' dir='ltr'><strong>meum</strong></span> <span class='ocrx_word' id='word_1_729' title='bbox 3117 2975 3353 3026; x_wconf 88' lang='lat' dir='ltr'><strong>sensum,</strong></span> <span class='ocrx_word' id='word_1_730' title='bbox 3384 2961 3475 3016; x_wconf 90' lang='lat' dir='ltr'><strong>sed</strong></span> <span class='ocrx_word' id='word_1_731' title='bbox 3507 2977 3704 3016; x_wconf 86' lang='lat' dir='ltr'><strong>secun-</strong></span> 
     </span>
    </p>
   </div>
   <div class='ocr_carea' id='block_1_94' title="bbox 2122 3044 3704 3123">
    <p class='ocr_par' dir='ltr' id='par_1_94' title="bbox 2122 3044 3704 3123">
     <span class='ocr_line' id='line_1_94' title="bbox 2122 3044 3704 3123; baseline 0.004 -25"><span class='ocrx_word' id='word_1_732' title='bbox 2122 3044 2245 3099; x_wconf 91' lang='lat' dir='ltr'><strong>dum</strong></span> <span class='ocrx_word' id='word_1_733' title='bbox 2267 3045 2449 3100; x_wconf 90' lang='lat' dir='ltr'><strong>dolum</strong></span> <span class='ocrx_word' id='word_1_734' title='bbox 2475 3057 2639 3114; x_wconf 90' lang='lat' dir='ltr'><strong>tuum,</strong></span> <span class='ocrx_word' id='word_1_735' title='bbox 2673 3048 2870 3104; x_wconf 87' lang='lat' dir='ltr'><strong>dixisse</strong></span> <span class='ocrx_word' id='word_1_736' title='bbox 2900 3066 2986 3105; x_wconf 90' lang='lat' dir='ltr'><strong>me</strong></span> <span class='ocrx_word' id='word_1_737' title='bbox 3033 3050 3285 3113; x_wconf 87' lang='lat' dir='ltr'><strong>afﬁrmas,</strong></span> <span class='ocrx_word' id='word_1_738' title='bbox 3323 3069 3342 3102; x_wconf 79' lang='grc' dir='ltr'><strong>ι</strong></span> <span class='ocrx_word' id='word_1_739' title='bbox 3366 3053 3504 3121; x_wconf 85' lang='lat' dir='ltr'><strong>quod</strong></span> <span class='ocrx_word' id='word_1_740' title='bbox 3531 3052 3704 3123; x_wconf 85' lang='lat' dir='ltr'><strong>gratia</strong></span> 
     </span>
    </p>
   </div>
   <div class='ocr_carea' id='block_1_95' title="bbox 2122 3136 3698 3206">
    <p class='ocr_par' dir='ltr' id='par_1_95' title="bbox 2122 3136 3698 3206">
     <span class='ocr_line' id='line_1_95' title="bbox 2122 3136 3698 3206; baseline 0.005 -17"><span class='ocrx_word' id='word_1_741' title='bbox 2122 3151 2229 3190; x_wconf 91' lang='lat' dir='ltr'><strong>non</strong></span> <span class='ocrx_word' id='word_1_742' title='bbox 2251 3136 2483 3206; x_wconf 82' lang='lat' dir='ltr'><strong>perfecte</strong></span> <span class='ocrx_word' id='word_1_743' title='bbox 2511 3139 2776 3194; x_wconf 90' lang='lat' dir='ltr'><strong>hominem</strong></span> <span class='ocrx_word' id='word_1_744' title='bbox 2795 3155 2988 3195; x_wconf 87' lang='lat' dir='ltr'><strong>novum</strong></span> <span class='ocrx_word' id='word_1_745' title='bbox 3011 3140 3186 3194; x_wconf 84' lang='lat' dir='ltr'><strong>faciat.</strong></span> <span class='ocrx_word' id='word_1_746' title='bbox 3219 3161 3237 3192; x_wconf 76' lang='grc' dir='ltr'><strong>ι</strong></span> <span class='ocrx_word' id='word_1_747' title='bbox 3264 3141 3375 3195; x_wconf 85' lang='lat' dir='ltr'><strong>Non</strong></span> <span class='ocrx_word' id='word_1_748' title='bbox 3409 3138 3510 3195; x_wconf 92' lang='lat' dir='ltr'><strong>hoc</strong></span> <span class='ocrx_word' id='word_1_749' title='bbox 3527 3141 3652 3196; x_wconf 88' lang='lat' dir='ltr'><strong>dico</strong></span> <span class='ocrx_word' id='word_1_750' title='bbox 3684 3162 3698 3197; x_wconf 90' lang='lat'><strong>:</strong></span> 
     </span>
    </p>
   </div>
   <div class='ocr_carea' id='block_1_96' title="bbox 2129 3226 3703 3300">
    <p class='ocr_par' dir='ltr' id='par_1_96' title="bbox 2129 3226 3703 3300">
     <span class='ocr_line' id='line_1_96' title="bbox 2129 3226 3703 3300; baseline 0.006 -20"><span class='ocrx_word' id='word_1_751' title='bbox 2129 3226 2345 3282; x_wconf 88' lang='lat' dir='ltr'><strong>attende</strong></span> <span class='ocrx_word' id='word_1_752' title='bbox 2362 3227 2503 3297; x_wconf 92' lang='lat' dir='ltr'><strong>quod</strong></span> <span class='ocrx_word' id='word_1_753' title='bbox 2533 3229 2672 3284; x_wconf 91' lang='lat' dir='ltr'><strong>dico.</strong></span> <span class='ocrx_word' id='word_1_754' title='bbox 2704 3231 2882 3285; x_wconf 86' lang='lat' dir='ltr'><strong>Gratia</strong></span> <span class='ocrx_word' id='word_1_755' title='bbox 2923 3231 3157 3300; x_wconf 88' lang='lat' dir='ltr'><strong>perfecte</strong></span> <span class='ocrx_word' id='word_1_756' title='bbox 3201 3232 3470 3287; x_wconf 90' lang='lat' dir='ltr'><strong>hominem</strong></span> <span class='ocrx_word' id='word_1_757' title='bbox 3505 3246 3703 3288; x_wconf 82' lang='lat' dir='ltr'><strong>novum</strong></span> 
     </span>
    </p>
   </div>
   <div class='ocr_carea' id='block_1_97' title="bbox 2122 3315 3701 3392">
    <p class='ocr_par' dir='ltr' id='par_1_97' title="bbox 2122 3315 3701 3392">
     <span class='ocr_line' id='line_1_97' title="bbox 2122 3315 3701 3392; baseline 0.006 -21"><span class='ocrx_word' id='word_1_758' title='bbox 2122 3315 2267 3382; x_wconf 87' lang='lat' dir='ltr'><strong>facit;</strong></span> <span class='ocrx_word' id='word_1_759' title='bbox 2315 3316 2742 3388; x_wconf 89' lang='lat' dir='ltr'><strong>quandoquidem</strong></span> <span class='ocrx_word' id='word_1_760' title='bbox 2771 3328 2824 3375; x_wconf 88' lang='lat' dir='ltr'><strong>et</strong></span> <span class='ocrx_word' id='word_1_761' title='bbox 2871 3321 2938 3376; x_wconf 90' lang='lat' dir='ltr'><strong>ad</strong></span> <span class='ocrx_word' id='word_1_762' title='bbox 2985 3322 3223 3392; x_wconf 88' lang='lat' dir='ltr'><strong>corporis</strong></span> <span class='ocrx_word' id='word_1_763' title='bbox 3249 3323 3701 3380; x_wconf 86' lang='lat' dir='ltr'><strong>immortalitatem</strong></span> 
     </span>
    </p>
   </div>
   <div class='ocr_carea' id='block_1_98' title="bbox 2122 3407 3700 3485">
    <p class='ocr_par' dir='ltr' id='par_1_98' title="bbox 2122 3407 3700 3485">
     <span class='ocr_line' id='line_1_98' title="bbox 2122 3407 3700 3485; baseline 0.006 -25"><span class='ocrx_word' id='word_1_764' title='bbox 2122 3407 2439 3478; x_wconf 84' lang='lat' dir='ltr'><strong>plenamque</strong></span> <span class='ocrx_word' id='word_1_765' title='bbox 2463 3409 2764 3466; x_wconf 88' lang='lat' dir='ltr'><strong>felicitatem</strong></span> <span class='ocrx_word' id='word_1_766' title='bbox 2791 3412 2903 3483; x_wconf 88' lang='lat' dir='ltr'><strong>ipsa</strong></span> <span class='ocrx_word' id='word_1_767' title='bbox 2927 3414 3188 3484; x_wconf 89' lang='lat' dir='ltr'><strong>perducit.</strong></span> <span class='ocrx_word' id='word_1_768' title='bbox 3207 3413 3359 3469; x_wconf 83' lang='lat' dir='ltr'><strong>Nunc</strong></span> <span class='ocrx_word' id='word_1_769' title='bbox 3388 3416 3549 3470; x_wconf 89' lang='lat' dir='ltr'><strong>etiam</strong></span> <span class='ocrx_word' id='word_1_770' title='bbox 3573 3429 3700 3485; x_wconf 85' lang='lat' dir='ltr'><strong>per-</strong></span> 
     </span>
    </p>
   </div>
   <div class='ocr_carea' id='block_1_99' title="bbox 2124 3499 3705 3576">
    <p class='ocr_par' dir='ltr' id='par_1_99' title="bbox 2124 3499 3705 3576">
     <span class='ocr_line' id='line_1_99' title="bbox 2124 3499 3705 3576; baseline 0.006 -23"><span class='ocrx_word' id='word_1_771' title='bbox 2124 3499 2262 3554; x_wconf 87' lang='lat' dir='ltr'><strong>fecte</strong></span> <span class='ocrx_word' id='word_1_772' title='bbox 2287 3500 2506 3557; x_wconf 87' lang='lat' dir='ltr'><strong>innovat</strong></span> <span class='ocrx_word' id='word_1_773' title='bbox 2533 3504 2825 3570; x_wconf 88' lang='lat' dir='ltr'><strong>hominem,</strong></span> <span class='ocrx_word' id='word_1_774' title='bbox 2877 3513 3133 3576; x_wconf 91' lang='lat' dir='ltr'><strong>quantum</strong></span> <span class='ocrx_word' id='word_1_775' title='bbox 3163 3507 3354 3562; x_wconf 90' lang='lat' dir='ltr'><strong>attinet</strong></span> <span class='ocrx_word' id='word_1_776' title='bbox 3392 3507 3458 3562; x_wconf 89' lang='lat' dir='ltr'><strong>ad</strong></span> <span class='ocrx_word' id='word_1_777' title='bbox 3501 3507 3705 3562; x_wconf 86' lang='lat' dir='ltr'><strong>libera-</strong></span> 
     </span>
    </p>
   </div>
   <div class='ocr_carea' id='block_1_100' title="bbox 2124 3593 3728 3669">
    <p class='ocr_par' dir='ltr' id='par_1_100' title="bbox 2124 3593 3728 3669">
     <span class='ocr_line' id='line_1_100' title="bbox 2124 3593 3728 3669; baseline 0.003 -22"><span class='ocrx_word' id='word_1_778' title='bbox 2124 3593 2325 3649; x_wconf 91' lang='lat' dir='ltr'><strong>tionem</strong></span> <span class='ocrx_word' id='word_1_779' title='bbox 2351 3594 2418 3649; x_wconf 90' lang='lat' dir='ltr'><strong>ab</strong></span> <span class='ocrx_word' id='word_1_780' title='bbox 2446 3596 2694 3652; x_wconf 90' lang='lat' dir='ltr'><strong>omnibus</strong></span> <span class='ocrx_word' id='word_1_781' title='bbox 2735 3598 2953 3654; x_wconf 91' lang='lat' dir='ltr'><strong>omnino</strong></span> <span class='ocrx_word' id='word_1_782' title='bbox 2995 3600 3250 3668; x_wconf 86' lang='lat' dir='ltr'><strong>peccatis,</strong></span> <span class='ocrx_word' id='word_1_783' title='bbox 3292 3615 3396 3654; x_wconf 91' lang='lat' dir='ltr'><strong>non</strong></span> <span class='ocrx_word' id='word_1_784' title='bbox 3441 3603 3728 3669; x_wconf 82' lang='lat' dir='ltr'><strong>quantum</strong></span> 
     </span>
    </p>
   </div>
   <div class='ocr_carea' id='block_1_101' title="bbox 2123 3685 3706 3758">
    <p class='ocr_par' dir='ltr' id='par_1_101' title="bbox 2123 3685 3706 3758">
     <span class='ocr_line' id='line_1_101' title="bbox 2123 3685 3706 3758; baseline 0.003 -20"><span class='ocrx_word' id='word_1_785' title='bbox 2123 3685 2188 3739; x_wconf 91' lang='lat' dir='ltr'><strong>ad</strong></span> <span class='ocrx_word' id='word_1_786' title='bbox 2211 3685 2578 3743; x_wconf 88' lang='lat' dir='ltr'><strong>liberationem</strong></span> <span class='ocrx_word' id='word_1_787' title='bbox 2609 3689 2797 3744; x_wconf 89' lang='lat' dir='ltr'><strong>attinet</strong></span> <span class='ocrx_word' id='word_1_788' title='bbox 2819 3690 2888 3744; x_wconf 91' lang='lat' dir='ltr'><strong>ab</strong></span> <span class='ocrx_word' id='word_1_789' title='bbox 2905 3689 3150 3745; x_wconf 90' lang='lat' dir='ltr'><strong>omnibus</strong></span> <span class='ocrx_word' id='word_1_790' title='bbox 3181 3691 3356 3758; x_wconf 86' lang='lat' dir='ltr'><strong>malis,</strong></span> <span class='ocrx_word' id='word_1_791' title='bbox 3379 3701 3433 3746; x_wconf 89' lang='lat' dir='ltr'><strong>et</strong></span> <span class='ocrx_word' id='word_1_792' title='bbox 3453 3691 3522 3746; x_wconf 91' lang='lat' dir='ltr'><strong>ab</strong></span> <span class='ocrx_word' id='word_1_793' title='bbox 3549 3691 3706 3744; x_wconf 86' lang='lat' dir='ltr'><strong>omni</strong></span> 
     </span>
    </p>
   </div>
   <div class='ocr_carea' id='block_1_102' title="bbox 2124 3777 3696 3852">
    <p class='ocr_par' dir='ltr' id='par_1_102' title="bbox 2124 3777 3696 3852">
     <span class='ocr_line' id='line_1_102' title="bbox 2124 3777 3696 3852; baseline 0.002 -22"><span class='ocrx_word' id='word_1_794' title='bbox 2124 3777 2467 3847; x_wconf 91' lang='lat' dir='ltr'><strong>corruptione</strong></span> <span class='ocrx_word' id='word_1_795' title='bbox 2511 3779 2867 3846; x_wconf 88' lang='lat' dir='ltr'><strong>mortalitatis,</strong></span> <span class='ocrx_word' id='word_1_796' title='bbox 2898 3795 3000 3850; x_wconf 84' lang='lat' dir='ltr'><strong>qua</strong></span> <span class='ocrx_word' id='word_1_797' title='bbox 3047 3795 3188 3836; x_wconf 89' lang='lat' dir='ltr'><strong>nunc</strong></span> <span class='ocrx_word' id='word_1_798' title='bbox 3221 3795 3415 3851; x_wconf 90' lang='lat' dir='ltr'><strong>corpus</strong></span> <span class='ocrx_word' id='word_1_799' title='bbox 3442 3790 3696 3852; x_wconf 71' lang='lat' dir='ltr'><strong>aggravet</strong></span> 
     </span>
    </p>
   </div>
   <div class='ocr_carea' id='block_1_103' title="bbox 2124 3853 3732 3941">
    <p class='ocr_par' dir='ltr' id='par_1_103' title="bbox 2124 3853 3732 3941">
     <span class='ocr_line' id='line_1_103' title="bbox 2124 3853 3732 3941; baseline 0.003 -21"><span class='ocrx_word' id='word_1_800' title='bbox 2124 3867 2374 3921; x_wconf 89' lang='lat' dir='ltr'><strong>animam.</strong></span> <span class='ocrx_word' id='word_1_801' title='bbox 2401 3865 2556 3924; x_wconf 89' lang='lat' dir='ltr'><strong>Unde</strong></span> <span class='ocrx_word' id='word_1_802' title='bbox 2575 3877 2657 3924; x_wconf 91' lang='lat' dir='ltr'><strong>est</strong></span> <span class='ocrx_word' id='word_1_803' title='bbox 2674 3871 2924 3940; x_wconf 81' lang='lat' dir='ltr'><strong>gemitus,</strong></span> <span class='ocrx_word' id='word_1_804' title='bbox 2953 3886 3110 3941; x_wconf 91' lang='lat' dir='ltr'><strong>quem</strong></span> <span class='ocrx_word' id='word_1_805' title='bbox 3153 3886 3306 3926; x_wconf 90' lang='lat' dir='ltr'><strong>suum</strong></span> <span class='ocrx_word' id='word_1_806' title='bbox 3335 3885 3542 3940; x_wconf 88' lang='lat' dir='ltr'><strong>quoque</strong></span> <span class='ocrx_word' id='word_1_807' title='bbox 3567 3853 3732 3925; x_wconf 28' lang='lat' dir='ltr'><strong>cono.</strong></span> 
     </span>
    </p>
   </div>
   <div class='ocr_carea' id='block_1_104' title="bbox 2127 3955 3728 4032">
    <p class='ocr_par' dir='ltr' id='par_1_104' title="bbox 2127 3955 3728 4032">
     <span class='ocr_line' id='line_1_104' title="bbox 2127 3955 3728 4032; baseline 0.002 -22"><span class='ocrx_word' id='word_1_808' title='bbox 2127 3955 2304 4011; x_wconf 83' lang='lat' dir='ltr'><strong>litetur</strong></span> <span class='ocrx_word' id='word_1_809' title='bbox 2331 3958 2617 4028; x_wconf 86' lang='lat' dir='ltr'><strong>Apostolus</strong></span> <span class='ocrx_word' id='word_1_810' title='bbox 2635 3959 2838 4027; x_wconf 86' lang='lat' dir='ltr'><strong>dicens,</strong></span> <span class='ocrx_word' id='word_1_811' title='bbox 2867 3959 2935 4013; x_wconf 83' lang='lat' dir='ltr'><strong>Et</strong></span> <span class='ocrx_word' id='word_1_812' title='bbox 2953 3961 3054 4032; x_wconf 83' lang='lat' dir='ltr'><strong>ipsi</strong></span> <span class='ocrx_word' id='word_1_813' title='bbox 3077 3962 3130 4014; x_wconf 88' lang='lat' dir='ltr'><strong>in</strong></span> <span class='ocrx_word' id='word_1_814' title='bbox 3157 3961 3513 4029; x_wconf 85' lang='lat' dir='ltr'><strong>nobismetipsis</strong></span> <span class='ocrx_word' id='word_1_815' title='bbox 3544 3961 3728 4031; x_wconf 58' lang='grc' dir='ltr'><strong>ἔκαε-ν’</strong></span> 
     </span>
    </p>
   </div>
   <div class='ocr_carea' id='block_1_105' title="bbox 2125 4047 3732 4124">
    <p class='ocr_par' dir='ltr' id='par_1_105' title="bbox 2125 4047 3732 4124">
     <span class='ocr_line' id='line_1_105' title="bbox 2125 4047 3732 4124; baseline 0.004 -24"><span class='ocrx_word' id='word_1_816' title='bbox 2125 4049 2402 4103; x_wconf 67' lang='lat' dir='ltr'><strong>mist-imus.</strong></span> <span class='ocrx_word' id='word_1_817' title='bbox 2437 4049 2544 4104; x_wconf 91' lang='lat' dir='ltr'><strong>Sed</strong></span> <span class='ocrx_word' id='word_1_818' title='bbox 2581 4050 2647 4104; x_wconf 89' lang='lat' dir='ltr'><strong>ad</strong></span> <span class='ocrx_word' id='word_1_819' title='bbox 2695 4051 2856 4106; x_wconf 85' lang='lat' dir='ltr'><strong>illam</strong></span> <span class='ocrx_word' id='word_1_820' title='bbox 2900 4067 3113 4124; x_wconf 89' lang='lat' dir='ltr'><strong>quoque</strong></span> <span class='ocrx_word' id='word_1_821' title='bbox 3161 4053 3535 4124; x_wconf 88' lang='lat' dir='ltr'><strong>perfectionem</strong></span> <span class='ocrx_word' id='word_1_822' title='bbox 3581 4047 3732 4123; x_wconf 55' lang='lat' dir='ltr'><strong>quae’</strong></span> 
     </span>
    </p>
   </div>
   <div class='ocr_carea' id='block_1_106' title="bbox 2125 4141 3708 4213">
    <p class='ocr_par' dir='ltr' id='par_1_106' title="bbox 2125 4141 3708 4213">
     <span class='ocr_line' id='line_1_106' title="bbox 2125 4141 3708 4213; baseline 0.003 -20"><span class='ocrx_word' id='word_1_823' title='bbox 2125 4149 2386 4208; x_wconf 88' lang='lat' dir='ltr'><strong>speratur,</strong></span> <span class='ocrx_word' id='word_1_824' title='bbox 2410 4141 2601 4196; x_wconf 92' lang='lat' dir='ltr'><strong>eodem</strong></span> <span class='ocrx_word' id='word_1_825' title='bbox 2630 4142 2976 4212; x_wconf 88' lang='lat' dir='ltr'><strong>Baptismate,</strong></span> <span class='ocrx_word' id='word_1_826' title='bbox 3006 4144 3148 4213; x_wconf 88' lang='lat' dir='ltr'><strong>quod</strong></span> <span class='ocrx_word' id='word_1_827' title='bbox 3169 4143 3257 4198; x_wconf 85' lang='lat' dir='ltr'><strong>hic</strong></span> <span class='ocrx_word' id='word_1_828' title='bbox 3276 4144 3550 4212; x_wconf 86' lang='lat' dir='ltr'><strong>accipitur,</strong></span> <span class='ocrx_word' id='word_1_829' title='bbox 3573 4158 3708 4212; x_wconf 86' lang='lat' dir='ltr'><strong>per-</strong></span> 
     </span>
    </p>
   </div>
   <div class='ocr_carea' id='block_1_107' title="bbox 2125 4228 3708 4288">
    <p class='ocr_par' dir='ltr' id='par_1_107' title="bbox 2125 4228 3708 4288">
     <span class='ocr_line' id='line_1_107' title="bbox 2125 4228 3708 4288; baseline 0.003 -5"><span class='ocrx_word' id='word_1_830' title='bbox 2125 4228 2356 4285; x_wconf 89' lang='lat' dir='ltr'><strong>venitur.</strong></span> <span class='ocrx_word' id='word_1_831' title='bbox 2381 4229 2498 4286; x_wconf 86' lang='lat' dir='ltr'><strong>Non</strong></span> <span class='ocrx_word' id='word_1_832' title='bbox 2525 4241 2706 4288; x_wconf 89' lang='lat' dir='ltr'><strong>autem</strong></span> <span class='ocrx_word' id='word_1_833' title='bbox 2735 4247 2922 4287; x_wconf 88' lang='lat' dir='ltr'><strong>omnes</strong></span> <span class='ocrx_word' id='word_1_834' title='bbox 2945 4233 3035 4288; x_wconf 88' lang='lat' dir='ltr'><strong>lilii</strong></span> <span class='ocrx_word' id='word_1_835' title='bbox 3065 4234 3246 4288; x_wconf 57' lang='lat' dir='ltr'><strong>saeculi</strong></span> <span class='ocrx_word' id='word_1_836' title='bbox 3294 4234 3386 4287; x_wconf 88' lang='lat' dir='ltr'><strong>lilii</strong></span> <span class='ocrx_word' id='word_1_837' title='bbox 3417 4243 3540 4287; x_wconf 84' lang='lat' dir='ltr'><strong>sunt</strong></span> <span class='ocrx_word' id='word_1_838' title='bbox 3584 4233 3708 4288; x_wconf 80' lang='lat' dir='ltr'><strong>dia—</strong></span> 
     </span>
    </p>
   </div>
   <div class='ocr_carea' id='block_1_108' title="bbox 2127 4321 3710 4392">
    <p class='ocr_par' dir='ltr' id='par_1_108' title="bbox 2127 4321 3710 4392">
     <span class='ocr_line' id='line_1_108' title="bbox 2127 4321 3710 4392; baseline 0.004 -17"><span class='ocrx_word' id='word_1_839' title='bbox 2127 4321 2256 4389; x_wconf 90' lang='lat' dir='ltr'><strong>boli,</strong></span> <span class='ocrx_word' id='word_1_840' title='bbox 2282 4324 2524 4392; x_wconf 89' lang='lat' dir='ltr'><strong>quamvis</strong></span> <span class='ocrx_word' id='word_1_841' title='bbox 2547 4338 2734 4379; x_wconf 90' lang='lat' dir='ltr'><strong>omnes</strong></span> <span class='ocrx_word' id='word_1_842' title='bbox 2757 4325 2848 4379; x_wconf 91' lang='lat' dir='ltr'><strong>ﬁlii</strong></span> <span class='ocrx_word' id='word_1_843' title='bbox 2870 4324 3069 4381; x_wconf 88' lang='lat' dir='ltr'><strong>diaboli</strong></span> <span class='ocrx_word' id='word_1_844' title='bbox 3099 4327 3188 4382; x_wconf 90' lang='lat' dir='ltr'><strong>ﬁlii</strong></span> <span class='ocrx_word' id='word_1_845' title='bbox 3207 4328 3317 4381; x_wconf 90' lang='lat' dir='ltr'><strong>sint</strong></span> <span class='ocrx_word' id='word_1_846' title='bbox 3341 4327 3540 4381; x_wconf 69' lang='lat' dir='ltr'><strong>smeuli.</strong></span> <span class='ocrx_word' id='word_1_847' title='bbox 3566 4325 3710 4383; x_wconf 86' lang='lat' dir='ltr'><strong>Sunt</strong></span> 
     </span>
    </p>
   </div>
   <div class='ocr_carea' id='block_1_109' title="bbox 2125 4413 3710 4487">
    <p class='ocr_par' dir='ltr' id='par_1_109' title="bbox 2125 4413 3710 4487">
     <span class='ocr_line' id='line_1_109' title="bbox 2125 4413 3710 4487; baseline 0.004 -20"><span class='ocrx_word' id='word_1_848' title='bbox 2125 4413 2266 4468; x_wconf 92' lang='lat' dir='ltr'><strong>enim</strong></span> <span class='ocrx_word' id='word_1_849' title='bbox 2288 4413 2448 4468; x_wconf 90' lang='lat' dir='ltr'><strong>etiam</strong></span> <span class='ocrx_word' id='word_1_850' title='bbox 2476 4413 2569 4469; x_wconf 91' lang='lat' dir='ltr'><strong>ﬁlii</strong></span> <span class='ocrx_word' id='word_1_851' title='bbox 2600 4415 2720 4482; x_wconf 90' lang='lat' dir='ltr'><strong>Dei,</strong></span> <span class='ocrx_word' id='word_1_852' title='bbox 2767 4417 2855 4487; x_wconf 91' lang='lat' dir='ltr'><strong>qui</strong></span> <span class='ocrx_word' id='word_1_853' title='bbox 2900 4426 3074 4472; x_wconf 89' lang='lat' dir='ltr'><strong>tamen</strong></span> <span class='ocrx_word' id='word_1_854' title='bbox 3116 4417 3290 4472; x_wconf 85' lang='lat' dir='ltr'><strong>adhuc</strong></span> <span class='ocrx_word' id='word_1_855' title='bbox 3318 4418 3408 4472; x_wconf 91' lang='lat' dir='ltr'><strong>ﬁlii</strong></span> <span class='ocrx_word' id='word_1_856' title='bbox 3433 4427 3558 4472; x_wconf 86' lang='lat' dir='ltr'><strong>sunt</strong></span> <span class='ocrx_word' id='word_1_857' title='bbox 3597 4434 3710 4473; x_wconf 72' lang='lat' dir='ltr'><strong>ste-</strong></span> 
     </span>
    </p>
   </div>
   <div class='ocr_carea' id='block_1_110' title="bbox 2128 4504 3710 4582">
    <p class='ocr_par' dir='ltr' id='par_1_110' title="bbox 2128 4504 3710 4582">
     <span class='ocr_line' id='line_1_110' title="bbox 2128 4504 3710 4582; baseline 0.004 -24"><span class='ocrx_word' id='word_1_858' title='bbox 2128 4504 2266 4568; x_wconf 90' lang='lat' dir='ltr'><strong>enli;</strong></span> <span class='ocrx_word' id='word_1_859' title='bbox 2305 4515 2524 4574; x_wconf 87' lang='lat' dir='ltr'><strong>propter</strong></span> <span class='ocrx_word' id='word_1_860' title='bbox 2545 4505 2688 4576; x_wconf 91' lang='lat' dir='ltr'><strong>quod</strong></span> <span class='ocrx_word' id='word_1_861' title='bbox 2713 4517 2765 4562; x_wconf 91' lang='lat' dir='ltr'><strong>et</strong></span> <span class='ocrx_word' id='word_1_862' title='bbox 2789 4507 3035 4579; x_wconf 90' lang='lat' dir='ltr'><strong>conjugio</strong></span> <span class='ocrx_word' id='word_1_863' title='bbox 3057 4509 3373 4582; x_wconf 87' lang='lat' dir='ltr'><strong>copulantur</strong></span> <span class='ocrx_word' id='word_1_864' title='bbox 3397 4527 3411 4564; x_wconf 90' lang='lat'>:</span> <span class='ocrx_word' id='word_1_865' title='bbox 3435 4509 3528 4565; x_wconf 88' lang='lat' dir='ltr'><strong>sed</strong></span> <span class='ocrx_word' id='word_1_866' title='bbox 3569 4509 3710 4565; x_wconf 84' lang='lat' dir='ltr'><strong>ﬁlios</strong></span> 
     </span>
    </p>
   </div>
   <div class='ocr_carea' id='block_1_111' title="bbox 2129 4587 3716 4671">
    <p class='ocr_par' dir='ltr' id='par_1_111' title="bbox 2129 4587 3716 4671">
     <span class='ocr_line' id='line_1_111' title="bbox 2129 4587 3716 4671; baseline 0.006 -22"><span class='ocrx_word' id='word_1_867' title='bbox 2129 4596 2219 4650; x_wconf 89' lang='lat' dir='ltr'><strong>Dei</strong></span> <span class='ocrx_word' id='word_1_868' title='bbox 2250 4611 2410 4652; x_wconf 89' lang='lat' dir='ltr'><strong>carne</strong></span> <span class='ocrx_word' id='word_1_869' title='bbox 2435 4614 2541 4654; x_wconf 93' lang='lat' dir='ltr'><strong>non</strong></span> <span class='ocrx_word' id='word_1_870' title='bbox 2565 4600 2809 4670; x_wconf 83' lang='lat' dir='ltr'><strong>gignunt,</strong></span> <span class='ocrx_word' id='word_1_871' title='bbox 2854 4602 2976 4671; x_wconf 91' lang='lat' dir='ltr'><strong>quia</strong></span> <span class='ocrx_word' id='word_1_872' title='bbox 3017 4609 3072 4656; x_wconf 90' lang='lat' dir='ltr'><strong>et</strong></span> <span class='ocrx_word' id='word_1_873' title='bbox 3120 4601 3222 4671; x_wconf 90' lang='lat' dir='ltr'><strong>ipsi</strong></span> <span class='ocrx_word' id='word_1_874' title='bbox 3271 4613 3329 4657; x_wconf 88' lang='lat' dir='ltr'><strong>ut</strong></span> <span class='ocrx_word' id='word_1_875' title='bbox 3377 4611 3567 4658; x_wconf 90' lang='lat' dir='ltr'><strong>essent</strong></span> <span class='ocrx_word' id='word_1_876' title='bbox 3601 4587 3716 4658; x_wconf 85' lang='lat' dir='ltr'><strong>lilii</strong></span> 
     </span>
    </p>
   </div>
   <div class='ocr_carea' id='block_1_112' title="bbox 2130 4678 3786 4762">
    <p class='ocr_par' dir='ltr' id='par_1_112' title="bbox 2130 4678 3786 4762">
     <span class='ocr_line' id='line_1_112' title="bbox 2130 4678 3786 4762; baseline 0.005 -22"><span class='ocrx_word' id='word_1_877' title='bbox 2130 4687 2242 4753; x_wconf 91' lang='lat' dir='ltr'><strong>Dei,</strong></span> <span class='ocrx_word' id='word_1_878' title='bbox 2270 4701 2376 4743; x_wconf 93' lang='lat' dir='ltr'><strong>non</strong></span> <span class='ocrx_word' id='word_1_879' title='bbox 2404 4703 2468 4742; x_wconf 88' lang='lat' dir='ltr'><strong>ex</strong></span> <span class='ocrx_word' id='word_1_880' title='bbox 2491 4703 2674 4756; x_wconf 91' lang='lat' dir='ltr'><strong>carne,</strong></span> <span class='ocrx_word' id='word_1_881' title='bbox 2699 4705 2806 4746; x_wconf 87' lang='lat' dir='ltr'><strong>non</strong></span> <span class='ocrx_word' id='word_1_882' title='bbox 2831 4706 2896 4746; x_wconf 90' lang='lat' dir='ltr'><strong>ex</strong></span> <span class='ocrx_word' id='word_1_883' title='bbox 2923 4693 3202 4762; x_wconf 82' lang='lat' dir='ltr'><strong>sanguine,</strong></span> <span class='ocrx_word' id='word_1_884' title='bbox 3231 4708 3339 4746; x_wconf 91' lang='lat' dir='ltr'><strong>non</strong></span> <span class='ocrx_word' id='word_1_885' title='bbox 3393 4707 3460 4748; x_wconf 88' lang='lat' dir='ltr'><strong>ex</strong></span> <span class='ocrx_word' id='word_1_886' title='bbox 3508 4692 3706 4748; x_wconf 87' lang='lat' dir='ltr'><strong>volun-</strong></span> <span class='ocrx_word' id='word_1_887' title='bbox 3781 4678 3786 4680; x_wconf 38' lang='grc'>⁷</span> 
     </span>
    </p>
   </div>
   <div class='ocr_carea' id='block_1_113' title="bbox 2129 4779 3713 4852">
    <p class='ocr_par' dir='ltr' id='par_1_113' title="bbox 2129 4779 3713 4852">
     <span class='ocr_line' id='line_1_113' title="bbox 2129 4779 3713 4852; baseline 0.003 -20"><span class='ocrx_word' id='word_1_888' title='bbox 2129 4787 2234 4835; x_wconf 89' lang='lat' dir='ltr'><strong>tate</strong></span> <span class='ocrx_word' id='word_1_889' title='bbox 2260 4779 2381 4847; x_wconf 91' lang='lat' dir='ltr'><strong>viri,</strong></span> <span class='ocrx_word' id='word_1_890' title='bbox 2412 4794 2585 4852; x_wconf 89' lang='lat' dir='ltr'><strong>neque</strong></span> <span class='ocrx_word' id='word_1_891' title='bbox 2609 4795 2677 4837; x_wconf 87' lang='lat' dir='ltr'><strong>ex</strong></span> <span class='ocrx_word' id='word_1_892' title='bbox 2705 4782 2978 4838; x_wconf 87' lang='lat' dir='ltr'><strong>voluntate</strong></span> <span class='ocrx_word' id='word_1_893' title='bbox 3002 4781 3201 4850; x_wconf 88' lang='lat' dir='ltr'><strong>carnis,</strong></span> <span class='ocrx_word' id='word_1_894' title='bbox 3250 4783 3343 4838; x_wconf 88' lang='lat' dir='ltr'><strong>sed</strong></span> <span class='ocrx_word' id='word_1_895' title='bbox 3370 4799 3436 4838; x_wconf 86' lang='lat' dir='ltr'><strong>ex</strong></span> <span class='ocrx_word' id='word_1_896' title='bbox 3464 4784 3576 4839; x_wconf 87' lang='lat' dir='ltr'><strong>Deo</strong></span> <span class='ocrx_word' id='word_1_897' title='bbox 3595 4783 3713 4838; x_wconf 86' lang='lat' dir='ltr'><strong>nati</strong></span> 
     </span>
    </p>
   </div>
   <div class='ocr_carea' id='block_1_114' title="bbox 2127 4869 3712 4945">
    <p class='ocr_par' dir='ltr' id='par_1_114' title="bbox 2127 4869 3712 4945">
     <span class='ocr_line' id='line_1_114' title="bbox 2127 4869 3712 4945; baseline 0.004 -23"><span class='ocrx_word' id='word_1_898' title='bbox 2127 4879 2249 4925; x_wconf 90' lang='lat' dir='ltr'><strong>sunt</strong></span> <span class='ocrx_word' id='word_1_899' title='bbox 2277 4869 2454 4942; x_wconf 82' lang='lat' dir='ltr'><strong>(Joun.</strong></span> <span class='ocrx_word' id='word_1_900' title='bbox 2479 4887 2521 4939; x_wconf 87' lang='lat' dir='ltr'><strong>l,</strong></span> <span class='ocrx_word' id='word_1_901' title='bbox 2547 4871 2658 4944; x_wconf 79' lang='lat' dir='ltr'><strong>l5).</strong></span> <span class='ocrx_word' id='word_1_902' title='bbox 2687 4873 3049 4929; x_wconf 89' lang='lat' dir='ltr'><strong>Sanctiﬁcatio</strong></span> <span class='ocrx_word' id='word_1_903' title='bbox 3078 4889 3207 4945; x_wconf 82' lang='lat' dir='ltr'><strong>ergo</strong></span> <span class='ocrx_word' id='word_1_904' title='bbox 3249 4890 3346 4945; x_wconf 86' lang='lat' dir='ltr'><strong>per</strong></span> <span class='ocrx_word' id='word_1_905' title='bbox 3374 4875 3712 4944; x_wconf 89' lang='lat' dir='ltr'><strong>Baptismum</strong></span> 
     </span>
    </p>
   </div>
   <div class='ocr_carea' id='block_1_115' title="bbox 2126 4961 3713 5034">
    <p class='ocr_par' dir='ltr' id='par_1_115' title="bbox 2126 4961 3713 5034">
     <span class='ocr_line' id='line_1_115' title="bbox 2126 4961 3713 5034; baseline 0.004 -21"><span class='ocrx_word' id='word_1_906' title='bbox 2126 4962 2284 5014; x_wconf 90' lang='lat' dir='ltr'><strong>etiam</strong></span> <span class='ocrx_word' id='word_1_907' title='bbox 2333 4976 2474 5017; x_wconf 92' lang='lat' dir='ltr'><strong>nunc</strong></span> <span class='ocrx_word' id='word_1_908' title='bbox 2500 4961 2775 5018; x_wconf 88' lang='lat' dir='ltr'><strong>confertur</strong></span> <span class='ocrx_word' id='word_1_909' title='bbox 2799 4973 2854 5019; x_wconf 91' lang='lat' dir='ltr'><strong>et</strong></span> <span class='ocrx_word' id='word_1_910' title='bbox 2899 4964 3131 5034; x_wconf 89' lang='lat' dir='ltr'><strong>corpori,</strong></span> <span class='ocrx_word' id='word_1_911' title='bbox 3183 4981 3291 5019; x_wconf 89' lang='lat' dir='ltr'><strong>non</strong></span> <span class='ocrx_word' id='word_1_912' title='bbox 3340 4975 3518 5020; x_wconf 82' lang='lat' dir='ltr'><strong>tamen</strong></span> <span class='ocrx_word' id='word_1_913' title='bbox 3565 4980 3713 5020; x_wconf 87' lang='lat' dir='ltr'><strong>nunc</strong></span> 
     </span>
    </p>
   </div>
   <div class='ocr_carea' id='block_1_116' title="bbox 2127 5055 3714 5128">
    <p class='ocr_par' dir='ltr' id='par_1_116' title="bbox 2127 5055 3714 5128">
     <span class='ocr_line' id='line_1_116' title="bbox 2127 5055 3714 5128; baseline 0.002 -20"><span class='ocrx_word' id='word_1_914' title='bbox 2127 5055 2402 5124; x_wconf 91' lang='lat' dir='ltr'><strong>corruptio</strong></span> <span class='ocrx_word' id='word_1_915' title='bbox 2428 5055 2543 5125; x_wconf 91' lang='lat' dir='ltr'><strong>ejus</strong></span> <span class='ocrx_word' id='word_1_916' title='bbox 2563 5055 2821 5123; x_wconf 87' lang='lat' dir='ltr'><strong>aufertur,</strong></span> <span class='ocrx_word' id='word_1_917' title='bbox 2849 5072 2966 5127; x_wconf 60' lang='lat' dir='ltr'><strong>quae</strong></span> <span class='ocrx_word' id='word_1_918' title='bbox 3001 5057 3169 5127; x_wconf 91' lang='lat' dir='ltr'><strong>ipsam</strong></span> <span class='ocrx_word' id='word_1_919' title='bbox 3209 5073 3420 5128; x_wconf 88' lang='lat' dir='ltr'><strong>quoque</strong></span> <span class='ocrx_word' id='word_1_920' title='bbox 3455 5069 3714 5128; x_wconf 81' lang='lat' dir='ltr'><strong>aggravat</strong></span> 
     </span>
    </p>
   </div>
   <div class='ocr_carea' id='block_1_117' title="bbox 2127 5147 3710 5220">
    <p class='ocr_par' dir='ltr' id='par_1_117' title="bbox 2127 5147 3710 5220">
     <span class='ocr_line' id='line_1_117' title="bbox 2127 5147 3710 5220; baseline 0.001 -19"><span class='ocrx_word' id='word_1_921' title='bbox 2127 5150 2378 5202; x_wconf 88' lang='lat' dir='ltr'><strong>animam.</strong></span> <span class='ocrx_word' id='word_1_922' title='bbox 2404 5147 2473 5204; x_wconf 88' lang='lat' dir='ltr'><strong>Et</strong></span> <span class='ocrx_word' id='word_1_923' title='bbox 2501 5147 2622 5204; x_wconf 82' lang='lat' dir='ltr'><strong>ideo</strong></span> <span class='ocrx_word' id='word_1_924' title='bbox 2670 5150 2912 5220; x_wconf 90' lang='lat' dir='ltr'><strong>quamvis</strong></span> <span class='ocrx_word' id='word_1_925' title='bbox 2949 5159 3094 5204; x_wconf 88' lang='lat' dir='ltr'><strong>easta</strong></span> <span class='ocrx_word' id='word_1_926' title='bbox 3144 5149 3250 5203; x_wconf 91' lang='lat' dir='ltr'><strong>sint</strong></span> <span class='ocrx_word' id='word_1_927' title='bbox 3286 5163 3534 5218; x_wconf 90' lang='lat' dir='ltr'><strong>corpora,</strong></span> <span class='ocrx_word' id='word_1_928' title='bbox 3583 5164 3710 5203; x_wconf 91' lang='lat' dir='ltr'><strong>cum</strong></span> 
     </span>
    </p>
   </div>
   <div class='ocr_carea' id='block_1_118' title="bbox 2128 5238 3764 5311">
    <p class='ocr_par' dir='ltr' id='par_1_118' title="bbox 2128 5238 3764 5311">
     <span class='ocr_line' id='line_1_118' title="bbox 2128 5238 3764 5311; baseline 0 -19"><span class='ocrx_word' id='word_1_929' title='bbox 2128 5240 2406 5296; x_wconf 86' lang='lat' dir='ltr'><strong>desideriis</strong></span> <span class='ocrx_word' id='word_1_930' title='bbox 2431 5242 2633 5311; x_wconf 87' lang='lat' dir='ltr'><strong>peccati</strong></span> <span class='ocrx_word' id='word_1_931' title='bbox 2664 5241 2901 5296; x_wconf 88' lang='lat' dir='ltr'><strong>membra</strong></span> <span class='ocrx_word' id='word_1_932' title='bbox 2923 5257 3027 5296; x_wconf 92' lang='lat' dir='ltr'><strong>non</strong></span> <span class='ocrx_word' id='word_1_933' title='bbox 3043 5242 3301 5307; x_wconf 89' lang='lat' dir='ltr'><strong>serviunt,</strong></span> <span class='ocrx_word' id='word_1_934' title='bbox 3323 5250 3546 5311; x_wconf 91' lang='lat' dir='ltr'><strong>propter</strong></span> <span class='ocrx_word' id='word_1_935' title='bbox 3566 5238 3710 5310; x_wconf 87' lang='lat' dir='ltr'><strong>quod</strong></span> <span class='ocrx_word' id='word_1_936' title='bbox 3758 5245 3764 5250; x_wconf 84' lang='grc'><em>’</em></span> 
     </span>
    </p>
   </div>
   <div class='ocr_carea' id='block_1_119' title="bbox 2129 5325 3716 5402">
    <p class='ocr_par' dir='ltr' id='par_1_119' title="bbox 2129 5325 3716 5402">
     <span class='ocr_line' id='line_1_119' title="bbox 2129 5325 3716 5402; baseline 0.002 -21"><span class='ocrx_word' id='word_1_937' title='bbox 2129 5329 2192 5384; x_wconf 85' lang='lat' dir='ltr'><strong>ad</strong></span> <span class='ocrx_word' id='word_1_938' title='bbox 2223 5332 2475 5402; x_wconf 90' lang='lat' dir='ltr'><strong>templum</strong></span> <span class='ocrx_word' id='word_1_939' title='bbox 2499 5331 2591 5387; x_wconf 90' lang='lat' dir='ltr'><strong>Dei</strong></span> <span class='ocrx_word' id='word_1_940' title='bbox 2619 5331 2885 5401; x_wconf 88' lang='lat' dir='ltr'><strong>pertinere</strong></span> <span class='ocrx_word' id='word_1_941' title='bbox 2913 5341 3190 5402; x_wconf 67' lang='lat' dir='ltr'><strong>coeperunt</strong></span> <span class='ocrx_word' id='word_1_942' title='bbox 3220 5350 3232 5386; x_wconf 91' lang='lat'>:</span> <span class='ocrx_word' id='word_1_943' title='bbox 3263 5339 3344 5386; x_wconf 89' lang='lat' dir='ltr'><strong>est</strong></span> <span class='ocrx_word' id='word_1_944' title='bbox 3367 5339 3543 5386; x_wconf 89' lang='lat' dir='ltr'><strong>tamen</strong></span> <span class='ocrx_word' id='word_1_945' title='bbox 3565 5325 3716 5398; x_wconf 78' lang='lat' dir='ltr'><strong>quod</strong></span> 
     </span>
    </p>
   </div>
   <div class='ocr_carea' id='block_1_120' title="bbox 2195 5535 3695 5600">
    <p class='ocr_par' dir='ltr' id='par_1_120' title="bbox 2195 5535 3695 5600">
     <span class='ocr_line' id='line_1_120' title="bbox 2195 5535 3695 5600; baseline -0.003 -10"><span class='ocrx_word' id='word_1_946' title='bbox 2195 5540 2208 5570; x_wconf 86' lang='grc'>¹</span> <span class='ocrx_word' id='word_1_947' title='bbox 2246 5539 2374 5600; x_wconf 16' lang='grc' dir='ltr'><strong>υἱοίθ</strong></span> <span class='ocrx_word' id='word_1_948' title='bbox 2397 5538 2584 5589; x_wconf 78' lang='lat' dir='ltr'><strong>.tuliano</strong></span> <span class='ocrx_word' id='word_1_949' title='bbox 2609 5539 2982 5600; x_wconf 72' lang='lat' dir='ltr'><strong>przetermissum</strong></span> <span class='ocrx_word' id='word_1_950' title='bbox 2999 5572 3016 5597; x_wconf 93' lang='lat'><strong>,</strong></span> <span class='ocrx_word' id='word_1_951' title='bbox 3059 5550 3145 5588; x_wconf 84' lang='lat' dir='ltr'><strong>nec</strong></span> <span class='ocrx_word' id='word_1_952' title='bbox 3165 5535 3259 5600; x_wconf 78' lang='lat' dir='ltr'><strong>filii</strong></span> <span class='ocrx_word' id='word_1_953' title='bbox 3283 5535 3371 5587; x_wconf 87' lang='lat' dir='ltr'><strong>Dei</strong></span> <span class='ocrx_word' id='word_1_954' title='bbox 3387 5535 3489 5600; x_wconf 3' lang='lat' dir='ltr'><strong>quisi</strong></span> <span class='ocrx_word' id='word_1_955' title='bbox 3515 5548 3695 5599; x_wconf 67' lang='lat' dir='ltr'><strong>regem:</strong></span> 
     </span>
    </p>
   </div>
   <div class='ocr_carea' id='block_1_121' title="bbox 2131 5598 3723 5710">
    <p class='ocr_par' dir='ltr' id='par_1_121' title="bbox 2131 5598 3723 5710">
     <span class='ocr_line' id='line_1_121' title="bbox 2131 5598 3723 5710; baseline -0.003 -61"><span class='ocrx_word' id='word_1_956' title='bbox 2131 5599 2432 5710; x_wconf 58' lang='lat' dir='ltr'><strong>renturlﬁmtt</strong></span> <span class='ocrx_word' id='word_1_957' title='bbox 2459 5598 2617 5710; x_wconf 49' lang='lat' dir='ltr'><strong>:ngd.</strong></span> <span class='ocrx_word' id='word_1_958' title='bbox 2630 5601 2743 5649; x_wconf 82' lang='lat' dir='ltr'><strong>\‘ide</strong></span> <span class='ocrx_word' id='word_1_959' title='bbox 2762 5600 2935 5649; x_wconf 86' lang='lat' dir='ltr'><strong>librum</strong></span> <span class='ocrx_word' id='word_1_960' title='bbox 2953 5598 3242 5662; x_wconf 42' lang='lat' dir='ltr'><strong>primum&#39;de</strong></span> <span class='ocrx_word' id='word_1_961' title='bbox 3261 5598 3444 5660; x_wconf 70' lang='lat' dir='ltr'><strong>Nuptiis</strong></span> <span class='ocrx_word' id='word_1_962' title='bbox 3465 5605 3514 5648; x_wconf 91' lang='lat' dir='ltr'><strong>et</strong></span> <span class='ocrx_word' id='word_1_963' title='bbox 3531 5605 3723 5646; x_wconf 73' lang='lat' dir='ltr'><strong>Conco-</strong></span> 
     </span>
     <span class='ocr_line' id='line_1_122' title="bbox 2131 5675 2556 5710; baseline -0.005 0"><span class='ocrx_word' id='word_1_964' title='bbox 2131 5675 2294 5710; x_wconf 82' lang='lat' dir='ltr'><strong>mscen</strong></span> <span class='ocrx_word' id='word_1_965' title='bbox 2319 5676 2378 5710; x_wconf 86' lang='lat' dir='ltr'><strong>ta.</strong></span> <span class='ocrx_word' id='word_1_966' title='bbox 2405 5677 2455 5710; x_wconf 90' lang='lat' dir='ltr'><strong>n.</strong></span> <span class='ocrx_word' id='word_1_967' title='bbox 2483 5699 2508 5710; x_wconf 91' lang='lat'><strong>..</strong></span> <span class='ocrx_word' id='word_1_968' title='bbox 2546 5698 2556 5708; x_wconf 93' lang='lat'><strong>.</strong></span> 
     </span>
    </p>
   </div>
   <div class='ocr_carea' id='block_1_122' title="bbox 2130 5670 3722 5785">
    <p class='ocr_par' dir='ltr' id='par_1_122' title="bbox 2130 5670 3722 5785">
     <span class='ocr_line' id='line_1_123' title="bbox 2130 5670 3722 5785; baseline 0.009 -25"><span class='ocrx_word' id='word_1_969' title='bbox 2130 5670 2455 5772; x_wconf 43' lang='lat' dir='ltr'><strong>&quot;‘saci&#39;ﬁ‘iiiﬁ&#39;</strong></span> <span class='ocrx_word' id='word_1_970' title='bbox 2469 5670 2621 5785; x_wconf 54' lang='lat' dir='ltr'><strong>Eiiino</strong></span> <span class='ocrx_word' id='word_1_971' title='bbox 2644 5721 2708 5770; x_wconf 88' lang='lat' dir='ltr'><strong>de</strong></span> <span class='ocrx_word' id='word_1_972' title='bbox 2730 5721 2911 5782; x_wconf 54' lang='lat' dir='ltr'><strong>amittis</strong></span> <span class='ocrx_word' id='word_1_973' title='bbox 2935 5729 2984 5771; x_wconf 90' lang='lat' dir='ltr'><strong>et</strong></span> <span class='ocrx_word' id='word_1_974' title='bbox 3005 5721 3418 5783; x_wconf 84' lang='lat' dir='ltr'><strong>concupiscentia,</strong></span> <span class='ocrx_word' id='word_1_975' title='bbox 3441 5718 3534 5770; x_wconf 82' lang='lat' dir='ltr'><strong>sed</strong></span> <span class='ocrx_word' id='word_1_976' title='bbox 3549 5730 3722 5770; x_wconf 61' lang='lat' dir='ltr'><strong>man-</strong></span> 
     </span>
    </p>
   </div>
   <div class='ocr_carea' id='block_1_123' title="bbox 2190 5797 2208 5818">
    <p class='ocr_par' dir='ltr' id='par_1_123' title="bbox 2190 5797 2208 5818">
     <span class='ocr_line' id='line_1_124' title="bbox 2190 5797 2208 5818; baseline 0 0"><span class='ocrx_word' id='word_1_977' title='bbox 2190 5797 2208 5818; x_wconf 77' lang='lat'><strong><em>7</em></strong></span> 
     </span>
    </p>
   </div>
   <div class='ocr_carea' id='block_1_124' title="bbox 2131 5791 3373 5909">
    <p class='ocr_par' dir='ltr' id='par_1_124' title="bbox 2131 5791 3373 5909">
     <span class='ocr_line' id='line_1_125' title="bbox 2131 5791 2446 5845; baseline -0.013 -10"><span class='ocrx_word' id='word_1_978' title='bbox 2131 5797 2208 5835; x_wconf 72' lang='lat' dir='ltr'><strong>me</strong></span> <span class='ocrx_word' id='word_1_979' title='bbox 2238 5791 2446 5845; x_wconf 81' lang='lat' dir='ltr'><strong>propter.</strong></span> 
     </span>
     <span class='ocr_line' id='line_1_126' title="bbox 2199 5842 3373 5909; baseline -0.005 -12"><span class='ocrx_word' id='word_1_980' title='bbox 2199 5847 2219 5879; x_wconf 84' lang='grc'>³</span> <span class='ocrx_word' id='word_1_981' title='bbox 2252 5853 2352 5897; x_wconf 75' lang='lat' dir='ltr'><strong>Am.</strong></span> <span class='ocrx_word' id='word_1_982' title='bbox 2401 5851 2471 5893; x_wconf 80' lang='lat' dir='ltr'><strong>Er.</strong></span> <span class='ocrx_word' id='word_1_983' title='bbox 2517 5852 2567 5894; x_wconf 89' lang='lat' dir='ltr'><strong>et</strong></span> <span class='ocrx_word' id='word_1_984' title='bbox 2612 5851 2714 5895; x_wconf 77' lang='lat' dir='ltr'><strong>Mss.</strong></span> <span class='ocrx_word' id='word_1_985' title='bbox 2759 5845 3015 5906; x_wconf 86' lang='lat' dir='ltr'><strong>omittunt,</strong></span> <span class='ocrx_word' id='word_1_986' title='bbox 3063 5842 3373 5909; x_wconf 79' lang='lat' dir='ltr'><strong>adaptionem.</strong></span> 
     </span>
    </p>
   </div>
  </div>
