4022 6538
195 481 290 546 815

193 597 350 668 gratia
383 594 438 650 in
465 601 572 650 tota
599 593 698 648 iSIa
720 589 1072 647 aediﬁcatione
1093 587 1354 660 perﬁciat,
1376 585 1628 658 quamdiu
1648 599 1775 641 caro

193 683 524 753 concupiscit
571 681 832 736 adversus
875 679 1123 749 spiritum
1173 685 1231 732 ut
1269 685 1445 731 motus
1487 675 1660 730 malos
1685 673 1776 744 qui

191 775 494 834 refrenandi
520 783 646 829 sunt
679 773 892 839 incitet,
919 781 976 826 et
1019 769 1240 842 spiritus
1266 769 1524 825 adversus
1562 783 1778 824 carnem

189 865 386 939 (Galat.
413 881 467 931 v,
501 859 592 936 17)
615 873 674 918 ut
695 863 953 918 sanctitas
983 869 1309 932 perseveret.

255 957 486 1014 CAPUT
506 953 647 1024 XIV.
665 983 740 996 -
759 954 846 1010 41.
871 953 1000 1021 Quis
1025 961 1202 1006 autem
1232 949 1402 1006 nescit
1428 949 1446 981 ι
1467 947 1610 1020 quod
1629 946 1782 1002 nobis

193 1049 434 1120 egregius
458 1047 644 1103 doctor
661 1045 920 1110 inculcas,
957 1063 977 1098 ‹
1012 1044 1132 1100 ideo
1153 1043 1256 1098 dici
1287 1057 1503 1100 carnem
1532 1039 1786 1109 concupi-

195 1155 357 1204 scere,
385 1139 506 1210 quia
529 1137 816 1193 carnaliter
837 1137 1011 1190 anima
1035 1135 1361 1206 concupiscit
1385 1134 1410 1188 ’ἔ
1448 1152 1468 1186 ι
1493 1131 1609 1188 Non
1637 1131 1780 1188 enim

195 1231 302 1285 sine
317 1231 498 1284 anima
517 1230 622 1284 ulla
649 1239 824 1300 potest
845 1243 964 1284 esse
981 1227 1156 1282 carnis
1171 1224 1625 1297 concupiscentia.
1647 1222 1779 1278 Nam

192 1321 370 1392 utique
393 1321 773 1390 concupiscere
793 1319 1019 1373 viventis
1040 1317 1424 1386 sentientisque
1444 1323 1646 1369 naturae
1664 1321 1744 1370 est
1768 1329 1780 1366 :

195 1409 260 1460 ita
287 1414 348 1460 ut
375 1420 482 1460 non
505 1405 642 1460 desit
661 1403 1119 1474 concupiscentia,
1149 1417 1307 1472 quam
1332 1400 1628 1470 spadonum
1653 1413 1782 1468 quo-

193 1512 292 1568 que
327 1497 552 1552 castitas
589 1496 803 1561 frenet;
843 1496 1020 1548 minus
1055 1493 1271 1564 quidem
1317 1491 1583 1546 laboriosa
1605 1532 1620 1556 ,
1662 1490 1784 1560 quia

199 1587 280 1641 ubi
321 1587 602 1640 materiam
655 1585 724 1640 de
763 1600 864 1655 qua
901 1593 1151 1654 operetur
1189 1597 1294 1636 non
1333 1581 1570 1646 invenit,
1613 1581 1786 1635 minus

195 1678 448 1732 adversus
489 1693 604 1732 eam
643 1675 806 1732 libido
829 1676 1112 1746 consurgit
1145 1693 1159 1730 :
1202 1683 1286 1729 est
1315 1683 1532 1741 tamen,
1562 1673 1784 1743 pudice-

193 1783 292 1838 que
337 1767 744 1836 comprimitur,
785 1781 854 1821 ne
892 1764 1281 1821 concumbeudi
1325 1765 1571 1834 quamvis
1607 1763 1786 1817 irritus

197 1860 304 1930 ipse
331 1868 560 1914 conatus
587 1901 602 1924 ,
650 1859 701 1911 iu
733 1873 850 1912 eam
893 1856 1280 1926 turpitudinem
1319 1855 1539 1921 veniat,
1571 1863 1788 1922 propter

195 1965 348 2021 quam
399 1949 734 2018 Calligonum
793 1947 1150 2004 Valentiniani
1195 1947 1425 2018 junioris
1481 1946 1784 2001 eunuchum

193 2043 364 2112 gladio
413 2043 661 2096 novimus
697 2041 872 2096 ultore
899 2041 1177 2112 punitum,
1222 2037 1521 2094 meretricis
1563 2037 1788 2093 confes-

195 2137 340 2189 sione
367 2135 698 2190 convictum.
729 2133 916 2202 Neque
945 2133 1088 2188 enim
1116 2141 1171 2186 et
1197 2132 1249 2188 in
1281 2131 1418 2186 libro
1445 2129 1785 2186 Ecclesiasti-

197 2241 256 2280 co
279 2225 626 2280 adhiberetur
654 2223 777 2278 inde
801 2222 1096 2278 similitudo
1113 2261 1127 2285 ,
1157 2229 1317 2291 atque
1342 2221 1616 2277 diceretur
1633 2261 1650 2284 ,
1693 2217 1753 2273 Vi
1767 2249 1786 2259 -

195 2317 314 2369 deus
331 2317 496 2369 oculis
517 2325 564 2368 et
584 2315 934 2385 ingemiscens,
965 2313 1114 2382 quasi
1137 2311 1301 2383 spado
1321 2313 1656 2382 complectens
1681 2311 1785 2364 vir-

195 2409 356 2478 ginem
376 2417 426 2462 et
449 2407 714 2478 suspirans
741 2407 760 2478 (
785 2405 948 2460 Eccli.
976 2421 1112 2470 xxx,
1141 2403 1206 2459 21
1231 2405 1250 2476 )
1283 2422 1298 2468 ;
1331 2403 1432 2458 nisi
1459 2413 1514 2458 et
1541 2403 1640 2473 ipsi
1669 2418 1788 2457 mo-

195 2506 450 2553 verentur
472 2497 924 2568 concupiscentia:
951 2495 1182 2552 carnalis
1207 2495 1507 2560 all'ectibus,
1541 2495 1665 2550 licet
1695 2493 1789 2548 de-

194 2589 362 2642 stituti
415 2588 594 2642 carnis
637 2587 936 2642 ell'cctibus.
981 2583 1208 2640 Motibus
1250 2583 1410 2654 igitur
1455 2583 1568 2640 suis
1613 2583 1788 2638 anima

194 2691 327 2746 quos
359 2677 524 2732 habet
549 2677 843 2732 secundum
866 2675 1110 2748 spiritum
1134 2716 1150 2740 ,
1183 2673 1503 2730 adversatur
1527 2673 1646 2730 aliis
1675 2689 1791 2729 mo-

197 2767 338 2821 tibus
378 2768 492 2822 suis
525 2783 662 2838 quos
689 2767 849 2822 habet
889 2765 1182 2822 secundum
1211 2779 1468 2830 carnem;
1500 2773 1556 2819 et
1581 2780 1786 2830 rursus,

198 2859 436 2914 motibus
461 2859 570 2912 suis
598 2873 734 2928 quos
757 2857 918 2913 habet
955 2857 1248 2912 secundum
1270 2871 1509 2921 carnem,
1535 2855 1789 2912 adversa-

193 2957 282 3002 tur
303 2949 424 3003 aliis
447 2949 679 3004 motibus
701 2949 811 3004 suis
841 2965 975 3020 quos
995 2947 1156 3004 habet
1177 2947 1468 3003 secundum
1497 2947 1742 3018 spiritum
1773 2967 1788 3004 :

193 3054 250 3098 et
277 3043 398 3098 ideo
423 3043 616 3098 dicitur
635 3085 648 3107 ,
679 3057 804 3098 caro
831 3042 1214 3112 concupiscere
1237 3039 1493 3096 adversus
1517 3041 1788 3109 Spiritum,

193 3146 252 3190 ct
281 3135 497 3204 spiritus
523 3137 780 3191 adversus
823 3149 1060 3190 carnem.
1109 3133 1214 3189 Sed
1253 3141 1470 3204 propter
1506 3133 1609 3187 hoc
1638 3141 1693 3188 et
1724 3133 1792 3188 de

195 3227 306 3298 ipsa
329 3226 503 3280 anima
531 3225 728 3280 dictum
743 3234 847 3290 est,
870 3223 1162 3279 Renovatur
1182 3223 1244 3278 de
1263 3223 1344 3277 die
1361 3223 1415 3278 in
1435 3221 1568 3277 diem
1587 3222 1653 3294 (ll
1669 3221 1790 3277 Cor.

195 3333 277 3384 iv,
308 3317 431 3388 16).
463 3317 644 3388 Neque
672 3317 814 3372 enim
846 3317 958 3388 ipsa
987 3317 1042 3372 in
1080 3315 1362 3372 sanctitate
1405 3329 1510 3370 non
1547 3315 1754 3384 proﬁcit
1774 3355 1789 3382 ,

193 3425 318 3464 cum
339 3410 510 3480 magis
538 3411 810 3480 magisque
840 3409 1028 3463 minuit
1051 3423 1143 3463 eas
1165 3447 1181 3474 ,
1211 3405 1402 3478 quibus
1429 3421 1534 3460 non
1563 3421 1796 3460 censeo.

193 3502 300 3564 tit,
327 3499 572 3556 carnales
605 3501 939 3570 cupiditates.
975 3499 1094 3554 Jam
1127 3497 1404 3566 baptizatis
1431 3497 1627 3566 quippe
1652 3501 1797 3550 dico-

193 3591 289 3646 bat
327 3590 618 3659 Apostolus
639 3631 658 3656 ,
704 3587 1012 3658 Mortiﬁcate
1061 3585 1283 3642 membra
1323 3595 1488 3641 uestra
1524 3601 1636 3655 qua:
1680 3593 1797 3638 sunt

193 3695 354 3749 super
377 3689 582 3734 terram.
615 3679 691 3734 lbi
719 3687 774 3734 et
803 3678 1116 3744 fornicatio,
1156 3685 1210 3732 et
1235 3677 1374 3731 mala
1409 3675 1796 3744 concupiscen-

195 3771 271 3826 tia
292 3813 305 3838 ,
333 3781 389 3826 et
411 3771 632 3826 avaritia
677 3771 983 3826 nominatur
1013 3765 1244 3840 (Colon.
1285 3783 1373 3834 ut,
1400 3763 1489 3838 5).
1517 3765 1799 3832 Quomodo

195 3877 329 3932 ergo
361 3861 649 3916 mortiﬁcat
687 3861 796 3932 jam
829 3860 1123 3931 baptizatus
1159 3857 1595 3924 fornicationem,
1637 3872 1798 3928 quam

195 3965 308 4005 non
344 3951 458 4020 jam
490 3957 794 4020 perpetrat,
827 3959 884 4005 et
915 3949 1206 4006 secundum
1236 3959 1290 4003 te
1323 3966 1343 4000 ι
1385 3963 1488 4006 nec
1515 3946 1678 4003 habet
1701 3947 1800 4002 ali-

197 4041 326 4111 quid
373 4041 518 4110 quod
547 4040 882 4094 mortiﬁcet?
919 4059 938 4092 ι
974 4039 1272 4105 Quomodo,
1307 4039 1519 4108 inquam
1544 4079 1559 4104 ,
1591 4039 1800 4093 obtem-

197 4139 355 4200 perat
383 4127 645 4197 Apostolo
670 4127 892 4192 dicenti,
922 4125 1227 4195 Mortiﬁcate
1245 4125 1629 4196 fornicationem
1655 4141 1676 4191 ;
1699 4125 1800 4180 nisi

199 4237 324 4277 cum
367 4218 638 4276 desideria
681 4219 798 4288 ejus
825 4217 1014 4288 quibus
1059 4233 1164 4271 non
1203 4216 1798 4287 consentitexpugnat,

197 4331 322 4384 quia
371 4315 426 4368 in
473 4313 614 4368 bene
642 4309 1042 4381 proﬁcientibus
1070 4311 1090 4342 ²
1113 4352 1127 4376 ,
1174 4317 1230 4365 ct
1258 4308 1474 4362 omnino
1503 4323 1608 4362 non
1641 4309 1802 4362 torni-

197 4403 484 4466 cantibus,
533 4415 632 4455 nec
661 4400 1048 4464 consensione,
1087 4413 1188 4454 nec
1215 4413 1376 4467 opere
1396 4441 1412 4465 ,
1444 4399 1544 4452 etsi
1575 4413 1679 4452 non
1709 4397 1805 4453 de-

199 4503 352 4558 sunt,
401 4501 579 4547 tamen
605 4490 842 4560 quotidie
865 4489 1177 4544 minuuntur
1203 4488 1228 4541 ?
1253 4487 1364 4543 lloc
1387 4488 1560 4558 agitur
1579 4487 1632 4544 in
1663 4497 1804 4544 tem-

201 4587 296 4657 plo
335 4583 436 4640 Dei
463 4625 478 4650 ,
521 4581 734 4654 quando
758 4581 1046 4653 adjuvante
1073 4583 1182 4636 Deo
1210 4581 1384 4652 agitur
1410 4581 1552 4654 quod
1603 4597 1804 4652 prazce-

201 4677 286 4746 pit
329 4675 494 4730 Deus.
549 4671 722 4744 Opera
773 4674 994 4743 Spiritus
1051 4673 1362 4742 eriguntur,
1417 4687 1578 4740 Opera
1628 4673 1804 4728 carnis

203 4765 618 4822 mortiﬁcamur.
652 4763 715 4820 Si
751 4764 884 4818 enim
907 4763 1180 4817 secundum
1204 4777 1407 4816 carnem
1433 4763 1654 4817 vixeritis
1678 4805 1692 4822 .
1725 4763 1807 4818 in-

203 4859 324 4928 quit
345 4895 368 4924 ,
391 4855 676 4910 moriemini
697 4869 718 4908 :
743 4855 786 4908 si
815 4863 980 4908 autem
1013 4855 1198 4920 spiritu
1232 4853 1370 4924 facta
1400 4855 1568 4908 carnis
1595 4855 1810 4924 mortiﬁ-

205 4947 448 5004 taueritis
467 4985 484 5011 ,
521 4945 712 5000 vivatis.
742 4943 808 4998 Et
843 4951 904 5000 ut
925 4945 1126 5000 scirent
1150 4957 1210 4998 se
1245 4944 1345 4998 hoc
1371 4959 1475 4997 non
1503 4943 1676 5000 facere
1705 4945 1806 4999 nisi

205 5039 385 5110 gratia
417 5037 514 5094 Dei
539 5078 554 5102 ,
582 5037 836 5093 continuo
865 5037 1102 5091 subdidit
1131 5053 1142 5088 :
1176 5033 1432 5107 Quotquot
1468 5037 1598 5090 enim
1627 5039 1807 5106 spiritu

205 5129 308 5184 Dei
331 5137 597 5199 aguntur,
627 5127 680 5182 hi
707 5127 804 5196 ﬁlii
823 5135 940 5181 sunt
959 5125 1056 5181 Dei
1078 5125 1098 5200 (
1123 5125 1278 5182 Rom.
1301 5141 1413 5190 vni,
1449 5127 1537 5192 13,
1571 5125 1698 5200 14).
1731 5131 1808 5183 Ac

207 5239 306 5292 per
339 5222 450 5277 hoc
493 5221 812 5290 quicumque
852 5227 1081 5290 aguntur
1121 5219 1216 5274 Dei
1262 5217 1486 5288 spiritu,
1533 5219 1632 5288 ipsi
1673 5219 1807 5274 facta

275 5360 292 5390 ι
336 5361 480 5416 Ante,
511 5354 616 5416 quis
638 5357 796 5404 autem
819 5353 1182 5416 nescit,h_:ecln
1207 5352 1367 5416 editis,
1384 5359 1484 5416 am.
1511 5357 1586 5400 Er.
1625 5359 1676 5403 et
1697 5359 1805 5402 Lov.

211 5420 368 5483 verba
393 5411 609 5483 delenda
643 5423 788 5483 sunt;
819 5415 930 5464 Ideo
947 5413 1096 5483 dicis,
1120 5411 1368 5483 (νει,ῤίσὶ
1383 5415 1401 5476 )
1422 5425 1618 5483 carnem
1640 5425 1811 5483 concu-

207 5479 422 5540 piscere,
452 5475 566 5538 quia
589 5476 851 5540 carnaliter
873 5475 1038 5526 anima
1062 5475 1382 5540 cottcupiscat.
1419 5475 1466 5524 Si
1489 5475 1682 5540 quidem
1708 5475 1810 5525 sine

209 5535 382 5604 intima
405 5535 523 5588 caro
545 5551 632 5604 nec
654 5537 842 5588 sentiat.
888 5535 1235 5604 ςοηωψὶδεενὲ
1279 5543 1441 5604 autem
1479 5535 1810 5604 ιίίιιιιηιὶςιδθη-

209 5600 472 5664 licntisque
493 5603 681 5664 natura
719 5605 790 5648 est
809 5634 824 5660 ,
865 5597 1082 5664 sinequo
1115 5611 1252 5647 ‘ensu
1281 5598 1498 5664 membra
1519 5597 1694 5648 moueri
1716 5610 1810 5647 non

211 5659 448 5724 possim},
487 5659 541 5710 id
579 5666 680 5721 est,
706 5659 1072 5724 persentetipsq
1106 5659 1442 5724 concupisce-re
1463 5667 1702 5724 nequeunt
1733 5671 1746 5684 ·
1765 5665 1811 5710 ct

265 5725 326 5773 iis
350 5719 518 5774 sensus
539 5719 834 5784 concupiscit
857 5719 1004 5784 etiam
1029 5720 1132 5784 sine
1155 5719 1382 5771 membris
1396 5753 1410 5778 ,
1435 5729 1486 5784 ut
1507 5719 1558 5784 in
1581 5721 1810 5784 smdont-

255 5799 327 5858 us.
366 5791 426 5858 tta
447 5785 632 5858 quippe
653 5781 830 5834 absunt
861 5796 888 5831 a
910 5782 1194 5832 melioribus
1210 5783 1543 5844 manuscriptis
1564 5781 1812 5832 Gallicanis

213 5855 276 5894 et
295 5853 545 5896 vaticauts.

291 5909 312 5936 ¹
341 5911 414 5956 sic
429 5913 536 5958 uss.
557 5913 614 5956 At
633 5905 766 5966 editi,
791 5904 844 5962 its
863 5907 978 5956 bene
995 5905 1294 5966 fttCiEﬂltbtts.

1557 469 1760 528 LIBER
1797 465 2088 527 SEXTUS.

3369 469 3472 528 816

1893 581 2069 638 carnis
2097 581 2412 638 mortiﬁcant
2435 582 2640 654 spiritu.

1957 671 2049 727 42.
2082 672 2288 728 Habent
2342 687 2470 744 ergo
2508 673 2616 744 jam
2657 671 2904 744 baptizati
2949 672 3075 743 quid
3107 681 3266 743 agant
3307 673 3362 728 in
3414 687 3476 729 sc

1887 765 2046 834 ipsis,
2093 765 2196 820 hoc
2225 774 2338 834 est,
2385 767 2436 820 in
2472 751 2566 820 Dei
2603 765 2829 836 templo,
2857 765 2998 836 quod
3037 765 3332 821 aediﬁcatur
3367 763 3473 820 hoc

1887 865 2128 924 tempore
2152 898 2165 920 ,
2190 865 2248 910 ut
2267 855 2542 910 dedicetur
2571 855 2620 910 in
2655 856 2780 912 ﬁne.
2810 855 3128 912 Ediﬁcatur
3152 865 3332 912 autem
3359 867 3480 926 pos:

1885 944 2244 1012 captivitatem
2261 944 2300 1011 ⁸,
2324 943 2460 1000 sicut
2479 944 2635 1014 hujus
2660 945 2738 1000 rei
2765 953 2847 1000 est
2873 943 3029 1000 index
3057 945 3238 999 titulus
3263 945 3477 1014 psalmi,

1888 1037 2059 1106 ejecto
2087 1037 2288 1092 scilicet
2331 1036 2474 1092 foras
2497 1039 2588 1108 qui
2629 1037 2989 1108 captivaverat
3025 1038 3274 1096 inimico.~
3300 1037 3358 1094 In
3388 1053 3480 1093 or-

1887 1127 2014 1183 dine
2041 1129 2238 1200 quippc
2263 1128 2595 1184 Psatmorum
2623 1170 2636 1196 ,
2669 1127 2810 1198 quod
2837 1130 3030 1184 mirum
3065 1129 3232 1185 videri
3261 1138 3477 1200 potest,

1891 1218 2036 1286 prior
2083 1227 2168 1272 est
2211 1217 2453 1287 psalmus
2489 1218 2837 1276 dedicationis
2879 1220 3068 1276 domus
3091 1261 3106 1288 ,
3137 1229 3192 1276 et
3219 1221 3483 1291 posterior

1889 1307 2273 1364 aedilicationis.
2305 1309 2410 1365 Sed
2441 1309 2791 1366 dedicationis
2821 1311 2942 1368 ideo
2964 1313 3111 1383 prior
3133 1322 3233 1380 est,
3259 1313 3384 1386 quia
3411 1314 3480 1368 il-

1891 1399 1992 1454 lam
2020 1400 2233 1454 domum
2259 1409 2472 1468 cantat,
2503 1399 2570 1456 de
2594 1417 2696 1472 qua
2727 1402 2843 1471 ejus
2872 1402 3191 1459 architectus
3217 1403 3324 1472 ait,
3357 1402 3483 1459 Sol-

1891 1491 1986 1542 vite
2020 1489 2259 1561 templum
2300 1489 2394 1544 hoc
2413 1531 2427 1556 ,
2459 1499 2506 1545 et
2543 1491 2596 1546 in
2624 1491 2780 1545 tribus
2807 1493 2981 1548 diebus
3019 1494 3328 1548 ersuscitabo
3354 1493 3484 1548 illud

1891 1577 2084 1648 (loan.
2112 1596 2146 1634 ιι
2164 1622 2180 1648 ,
2211 1579 2334 1653 19).
2365 1581 2470 1638 iste
2495 1591 2669 1637 autem
2715 1585 2982 1652 posterior
3009 1627 3024 1647 ,
3053 1584 3265 1654 quando
3291 1585 3482 1640 domus

1891 1671 2252 1726 :cdiﬁeabatur
2279 1681 2401 1742 post
2429 1673 2786 1742 captivitatem
2813 1713 2826 1736 ,
2861 1675 3149 1729 Ecclesium
3192 1675 3480 1746 prephcta-

1891 1761 1984 1816 vit.
2011 1763 2249 1833 Denique
2275 1773 2328 1818 et
2365 1765 2443 1819 sic
2477 1763 2662 1834 incipit
2689 1785 2704 1818 :
2731 1764 2944 1822 Caritate
2978 1765 3194 1821 Domino
3231 1767 3483 1822 canticum

1891 1869 2074 1908 novum
2098 1871 2118 1920 ;
2149 1864 2348 1909 cantate
2365 1853 2606 1924 Domino,
2630 1859 2793 1911 omnis
2814 1867 2944 1912 terra
2967 1857 3138 1929 (Psal.
3167 1873 3290 1926 xcv,
3321 1859 3371 1924 1,
3400 1859 3479 1930 2).

1891 1943 2062 1998 Nemo
2106 1945 2266 2016 igitur
2291 1948 2360 2000 ita
2395 1947 2656 2018 desipiat,
2687 1959 2746 2004 ut
2775 1965 3206 2021 unumquemque
3245 1951 3482 2020 baptiza‘

1893 2043 2004 2091 tum
2034 2037 2153 2094 ideo
2183 2040 2453 2094 existimet
2477 2041 2586 2110 jam
2617 2055 2736 2096 esse
2764 2040 3060 2112 perfectum
3079 2084 3092 2104 ,
3122 2043 3244 2112 quia
3281 2042 3480 2096 dictum

1891 2136 1970 2182 est
1993 2170 2009 2194 ,
2037 2129 2304 2201 Templum
2331 2129 2428 2186 Dei
2465 2139 2694 2186 sanctum
2733 2143 2806 2186 est
2823 2173 2839 2200 ,
2869 2134 3004 2204 quod
3029 2134 3150 2187 estis
3172 2149 3255 2188 vos
3282 2133 3332 2204 (1
3361 2133 3480 2190 Cor.

1891 2234 1968 2284 nt,
1995 2219 2100 2287 17)
2133 2229 2244 2285 :et,
2275 2219 2494 2274 Nescitis
2541 2222 2658 2292 quia
2691 2238 2910 2292 corpora
2937 2231 3098 2277 vestra
3143 2223 3385 2292 templum
3429 2224 3483 2276 in

1892 2313 2028 2366 vobis
2067 2321 2138 2366 est
2165 2313 2394 2382 Spiritus
2421 2313 2582 2368 sancti
2604 2355 2618 2378 ,
2660 2330 2807 2384 quem
2839 2313 3028 2368 habetis
3052 2331 3084 2367 a
3111 2313 3218 2367 Dco
3243 2312 3268 2388 (
3291 2313 3375 2368 Id.
3409 2330 3478 2380 vt,

1894 2401 1962 2456 19
1989 2404 2004 2472 )
2027 2403 2050 2456 ?
2077 2411 2130 2458 et
2157 2403 2208 2458 in
2236 2403 2340 2459 alio
2375 2405 2492 2460 loco
2522 2446 2536 2472 ,
2571 2401 2684 2458 Nos
2716 2405 2848 2458 enim
2877 2405 3118 2476 tcutplum
3147 2405 3242 2460 Dei
3264 2406 3360 2460 vici
3395 2423 3483 2460 su-

1894 2510 2006 2548 mus
2044 2491 2133 2564 (ll
2159 2493 2277 2548 Cor.
2314 2511 2404 2561 vt,
2447 2493 2552 2564 16)
2595 2512 2609 2550 :
2651 2503 2706 2550 et
2745 2503 2938 2550 cmtera
2990 2495 3317 2566 lmjusmodi.
3362 2495 3480 2552 Jam

1893 2585 2035 2640 enim
2066 2587 2168 2640 hoc
2191 2595 2412 2642 vocatur
2444 2603 2458 2652 ;
2484 2595 2537 2642 et
2559 2601 2680 2640 eum
2707 2585 3022 2652 aediﬁcatur,
3051 2587 3440 2642 mortiﬁcamur
3459 2589 3482 2620 '

1895 2675 1980 2730 hic
2020 2677 2257 2732 membra
2289 2685 2469 2732 nostra
2493 2719 2510 2744 ,
2533 2692 2650 2747 quae
2685 2685 2808 2731 sunt
2834 2693 2995 2746 super
3034 2685 3248 2732 terram.
3289 2677 3483 2746 Quatu-

1893 2767 1975 2823 vis
2009 2767 2151 2822 enim
2184 2767 2294 2838 jam
2329 2779 2548 2838 peccato
2586 2769 2813 2836 mortui,
2842 2769 2953 2826 Deo
2983 2770 3222 2826 vivamus
3252 2790 3264 2826 :
3299 2781 3382 2826 est
3408 2781 3484 2842 ta-_

1895 2875 2018 2916 men
2049 2862 2190 2932 quod
2215 2863 2265 2916 in
2294 2861 2448 2918 nobis
2473 2861 2860 2919 mortiﬁcemus
2884 2904 2898 2928 ,
2923 2871 2981 2917 ut
3009 2879 3116 2918 non
3147 2874 3332 2934 regnet
3361 2879 3485 2934 pec~

1895 2963 2071 3008 catum
2119 2954 2170 3008 in
2221 2963 2404 3010 nostro
2452 2954 2664 3009 mortali
2706 2969 2964 3026 corpore,
3011 2954 3076 3008 ad
3129 2955 3505 3010 obcdiendum.

1893 3043 2338 3114 concupiscentiis
2364 3045 2478 3115 ejus
2510 3043 2697 3118 (Rom.
2730 3061 2816 3112 vt,
2865 3045 2923 3100 11
2955 3055 2999 3099 et
3031 3045 3134 3116 1?.)
3167 3061 3182 3110 ;
3226 3061 3253 3100 a
3283 3047 3480 3116 quibus

1898 3149 1998 3189 nos
2022 3135 2214 3200 solvit,
2247 3150 2314 3190 ne
2343 3133 2426 3188 his
2450 3149 2692 3192 essemus
2718 3135 2968 3200 obnoxii,
3007 3135 3160 3204 plena
3190 3145 3348 3206 atque
3375 3151 3490 3206 pcr-

1897 3225 2030 3280 fccta
2070 3225 2316 3282 remissio
2343 3235 2716 3296 peccatorum,
2748 3233 2804 3282 et
2841 3211 3213 3280 remanserunt
3243 3227 3294 3280 in
3330 3227 3485 3282 nobis

1897 3330 2019 3371 cum
2056 3315 2250 3386 quibus
2291 3323 2542 3386 gerantur
2579 3315 2717 3371 bella
2757 3324 3043 3372 castorum.
3075 3315 3152 3371 Ex
3188 3317 3270 3371 his
3307 3329 3391 3372 est
3433 3326 3490 3373 ct

1899 3405 1986 3461 illa
2038 3421 2142 3476 qua
2193 3407 2414 3478 pudicus
2455 3405 2592 3462 bene
2621 3407 2788 3460 utitur
2813 3407 3128 3476 conjugatus
3171 3423 3186 3462 :
3229 3407 3322 3462 scd
3366 3421 3488 3463 cum

1901 3495 2036 3554 bene
2063 3497 2140 3565 ﬁt,
2177 3498 2243 3554 de
2269 3499 2409 3552 malo
2432 3499 2666 3552 nascitur
2695 3499 2890 3554 bonum
2925 3514 3030 3553 non
3060 3497 3176 3553 sine
3215 3499 3358 3553 malo
3391 3515 3405 3567 ;
3433 3509 3488 3556 e‘.

1901 3585 2021 3643 ideo
2049 3591 2366 3656 renascitur,
2397 3599 2452 3644 ut
2477 3589 2733 3645 liberetur
2755 3605 2782 3643 a
2811 3590 2971 3644 malo.
3002 3589 3154 3657 Quod
3175 3592 3318 3646 enim
3353 3593 3491 3648 Deus

1902 3689 2050 3735 creat
2079 3687 2133 3734 et
2171 3679 2332 3736 homo
2352 3689 2569 3752 generat
2595 3723 2612 3750 ,
2645 3680 2884 3752 profecto
2911 3683 3108 3738 bomuu
3137 3694 3220 3738 est
3249 3683 3299 3738 in
3327 3701 3492 3754 quau-

1904 3778 2014 3825 tum
2041 3771 2201 3826 homo
2227 3779 2310 3826 est
2338 3790 2352 3827 :
2380 3771 2474 3827 sed
2505 3771 2624 3828 ideo
2651 3789 2758 3828 non
2787 3773 2902 3828 sine
2931 3773 3094 3842 malo,
3121 3775 3242 3846 quia
3269 3775 3379 3830 sola
3402 3792 3488 3830 re-

1901 3865 2176 3932 generatio
2226 3863 2384 3918 solvit
2438 3879 2470 3920 a
2525 3865 2704 3933 malo,
2735 3866 2878 3936 quod
2921 3867 3080 3922 trahit
3121 3869 3394 3938 generatio
3423 3869 3492 3924 de

1905 3952 2077 4022 primo
2103 3969 2400 4023 magnoque
2432 3965 2670 4022 peccato.

1975 4043 2066 4098 45.
2109 4043 2196 4098 Sic
2247 4051 2424 4097 autem
2473 4043 2786 4100 incredibile
2832 4045 2913 4100 vis
2959 4045 3166 4114 videri,
3203 4067 3220 4100 ι
3255 4047 3396 4120 quod
3437 4047 3490 4102 in

1905 4148 2059 4194 utero
2089 4138 2365 4208 baptizata:
2388 4181 2402 4206 ,
2430 4139 2579 4208 cujus
2608 4155 2804 4210 corpus
2831 4151 2914 4194 est
2936 4143 3188 4210 templum
3221 4143 3348 4208 Dei,
3379 4143 3493 4198 for-

1907 4240 2082 4285 matur
2101 4231 2263 4284 homo
2287 4229 2495 4284 futurus
2519 4231 2619 4285 sub
2645 4231 2877 4294 diabolo,
2909 4231 3010 4286 uisi
3041 4231 3152 4286 Deo
3183 4243 3494 4288 renascatur

1907 4337 1974 4376 ex
2007 4321 2115 4377 Deo
2151 4339 2164 4377 :
2201 4340 2225 4373 θ
2261 4321 2410 4392 quasi
2441 4336 2544 4374 non
2577 4321 2794 4389 majoris
2828 4321 3194 4376 admirationis
3221 4323 3310 4390 sit,
3349 4325 3492 4392 quod

1908 4415 2050 4470 Deus
2078 4421 2134 4468 et
2159 4413 2248 4467 ubi
2295 4429 2400 4466 non
2443 4412 2638 4467 habitat
2668 4422 2936 4482 operatur.
2975 4413 3090 4468 Non
3121 4414 3262 4470 enim
3293 4413 3498 4470 habitat

1908 4508 1964 4562 in
1987 4521 2211 4576 corpore
2257 4505 2471 4562 subdito
2514 4507 2741 4578 peccatis
2767 4505 2786 4576 (
2815 4506 2944 4578 Snp.
2977 4523 3014 4572 ι,
3045 4505 3121 4582 4)
3158 4527 3171 4564 :
3217 4524 3271 4564 et
3319 4518 3493 4564 tamen

1908 4607 2162 4670 operatur
2186 4597 2458 4653 hominem
2491 4599 2544 4653 in
2583 4606 2736 4654 utero
2765 4599 3082 4654 meretricis.
3112 4599 3330 4670 Attingit
3356 4601 3495 4656 enim

1910 4693 2106 4761 ubique
2140 4699 2358 4762 propter
2387 4707 2535 4745 suam
2565 4691 2899 4758 munditiam,
2933 4701 2984 4746 ct
3011 4691 3137 4746 nihil
3167 4693 3495 4763 inquinatum

1911 4783 1964 4838 in
1995 4799 2116 4838 eum
2140 4783 2359 4837 incurrit
2386 4781 2496 4852 (id.
2521 4798 2612 4846 vn,
2641 4781 2712 4836 9.4
2726 4781 2904 4852 et25).
2935 4781 3000 4838 Et
3023 4783 3165 4854 quod
3211 4784 3378 4840 multo
3417 4799 3499 4840 est

1911 4872 2223 4936 mirabilius,
2254 4871 2538 4944 aliquando
2566 4873 2783 4943 adoptat
2814 4873 2863 4926 in
2909 4873 3088 4939 ﬁlium,
3123 4890 3281 4944 quem
3309 4876 3500 4932 ﬁirtnat

1914 4967 1965 5020 in
2007 4978 2158 5021 utero
2193 4965 2628 5022 immundissima:
2673 4965 2926 5032 feminae;
2968 4976 3022 5021 et
3063 4967 3352 5038 aliquando
3391 4985 3498 5026 non

1913 5059 2026 5113 vult
2052 5074 2170 5113 esse
2198 5073 2351 5112 suum
2379 5057 2544 5112 ﬁlium
2567 5098 2580 5124 ,
2622 5073 2778 5128 quem
2814 5055 3005 5110 format
3035 5058 3084 5112 in
3113 5069 3265 5114 utero
3293 5075 3404 5116 sua:
3435 5063 3496 5112 ti—

1915 5153 2018 5207 lim.
2049 5151 2142 5207 lllc
2168 5151 2361 5222 quippe
2390 5150 2454 5204 ad
2487 5149 2806 5220 baptismum
2837 5151 3019 5206 nescio
3056 5166 3158 5220 qua
3199 5151 3498 5220 provisione

1979 5292 1996 5321 ι
2009 5295 2110 5360 Huc
2121 5285 2814 5360 inquihttsdammampcriptis
2831 5291 2881 5360 et
2899 5285 2945 5332 in
2961 5285 3314 5360 antiquioribus
3328 5283 3502 5360 editio-

1916 5350 2060 5416 nihus
2083 5344 2344 5416 immissum
2370 5344 2883 5416 eratistud_gltis51;xiia
2909 5355 3023 5416 τρε
3049 5344 3235 5416 (ςξιιιῃρ
3257 5344 3342 5408 qui
3365 5345 3498 5416 prius

1917 5409 2266 5474 dedicationem
2305 5409 2477 5474 domus
2498 5405 2733 5470 pra'dicat
2749 5413 2801 5474 Δ(ἐ
2843 5411 2945 5474 post
2979 5405 3375 5474 wrtiﬁeqtion'enu
3410 5409 3498 5454 ml

1915 5471 2158 5536 dedicatio
2177 5473 2264 5536 ad_
2285 5475 2426 5534 caput
2445 5468 2614 5520 (tensus
2637 5468 2869 5536 pertinet,
2895 5469 2983 5536 lto;
3004 5468 3092 5530 est,
3115 5469 3180 5536 att
3218 5468 3468 5536 Christum
3485 5483 3498 5522 ;

1915 5532 2176 5596 aediﬁcatio
2199 5532 2264 5596 ad
2289 5527 2461 5596 corpus
2496 5527 2644 5580 totum
2667 5527 2863 5596 domum,
2880 5591 2890 5596 _
2907 5528 2961 5580 id
2981 5527 3087 5596 est,
3114 5529 3179 5578 ad
3215 5527 3495 5596 ﬁcclcsumi.

1923 5590 2032 5645 Ideo
2056 5595 2186 5658 prior
2211 5590 2469 5652 dedicatio,
2495 5606 2639 5658 quam
2657 5590 2916 5658 wdiﬁcqtio
2946 5595 3031 5658 est.
3057 5591 3380 5639 tovanicnses
3405 5607 3496 5639 non

1915 5657 2008 5706 hoc
2041 5653 2196 5706 Solum
2237 5653 2629 5716 exiunxert'tnt,
2651 5653 2927 5716 sod'etiam
2959 5653 3344 5716 subsequentem
3385 5665 3498 5700 ver-

1915 5732 2053 5778 sum,
2095 5717 2218 5768 sicut
2253 5711 2398 5780 hujus
2419 5717 2491 5768 rei
2513 5723 2582 5768 est
2599 5711 2764 5768 iudex
2785 5713 2950 5764 titulus
2967 5711 3153 5780 [’salnii
3171 5749 3201 5780 ,_
3227 5715 3308 5776 qui
3335 5718 3499 5762 ulmea

1917 5780 1975 5829 ad
2023 5775 2327 5828 contextum'
2360 5781 2605 5841 pertinet,
2662 5783 2924 5836 exstatque
2967 5775 3016 5824 iu
3060 5775 3285 5824 omnibus
3327 5786 3498 5822 manu-

1915 5842 2120 5891 scribtis.

1985 5855 2166 5961 :prgud
2189 5909 2299 5952 ιον.
2328 5902 2405 5950 hic
2428 5901 2634 5956 additur,
2661 5909 2786 5947 cum.
