4022 6512
235 367 328 429 819

235 483 376 552 plum
407 477 523 550 ejus
544 477 668 532 facit
697 475 940 546 iniuriam
964 486 1206 544 magnam
1227 471 1376 529 Dco?
1398 470 1532 549 Quid
1557 471 1810 541 tergiver-

237 571 362 624 saris
383 611 396 632 ,
442 568 568 639 quid
610 566 875 620 cunctaris
911 565 1144 633 apertius
1169 562 1453 617 confiteri?
1485 560 1614 615 Illud
1641 559 1816 630 profe-

234 672 347 724 cto,
391 657 517 712 illud
561 665 643 711 cst
679 654 818 725 quod
856 655 954 708 iste
977 696 994 716 ,
1021 654 1170 723 cujus
1201 653 1418 707 livorem
1447 651 1817 720 pzedoremque

233 748 523 820 przedicas,
570 748 622 801 in
667 762 760 799 sua
811 761 969 799 carne
1020 745 1388 815 persequitur,
1439 743 1579 796 unde
1606 742 1816 796 diccbat

237 839 558 909 Aposmlus,
610 835 729 890 Scio
772 835 889 905 quia
933 851 1032 886 non
1078 834 1266 886 habitat
1309 835 1360 886 in
1403 849 1518 898 me,
1548 832 1640 885 hoc
1667 840 1736 884 est
1766 831 1819 883 in

235 945 384 982 carne
409 944 546 990 mea,
579 926 762 978 bonum
789 923 962 995 (Rom.
995 939 1085 986 vtt,
1116 923 1222 993 18).
1248 923 1415 990 Quam
1439 937 1622 976 vocem
1650 921 1820 990 bapti-

236 1021 334 1074 zati
376 1033 497 1072 esse
535 1031 631 1070 cur
657 1030 850 1086 negas,
882 1031 1000 1070 cum
1031 1031 1190 1085 opera
1214 1016 1360 1069 vocis
1388 1015 1544 1082 hujus
1574 1015 1625 1068 in
1657 1013 1824 1069 livore

235 1109 475 1179 corporis
516 1118 569 1164 et
610 1108 970 1161 membrorum
1013 1107 1227 1175 predore
1263 1107 1602 1177 cognoscas?
1640 1106 1824 1177 Neque

235 1201 374 1254 enim
404 1199 516 1252 tunc
544 1199 738 1262 sancti,
771 1198 851 1251 vel
886 1198 974 1250 Dei
1005 1197 1256 1266 ﬂagellis,
1288 1197 1370 1251 vel
1399 1198 1466 1251 ab
1493 1198 1719 1252 inimicis
1743 1206 1826 1251 to-

235 1293 409 1348 lerant
437 1290 719 1360 patiendo,
749 1289 842 1344 sed
875 1289 972 1358 ipsi
996 1290 1092 1344 sibi
1123 1290 1366 1359 ingerunt
1387 1290 1730 1344 continuando.
1758 1289 1828 1343 Et

239 1380 424 1452 utquid
465 1380 601 1444 hoc,
648 1380 746 1434 nisi
788 1388 971 1436 contra
1013 1380 1188 1434 carnis
1212 1381 1694 1449 concupiscentiam
1722 1380 1830 1449 spi-

237 1473 337 1526 ritu
374 1470 845 1541 concupiscendo?
888 1471 1037 1536 Quod
1077 1472 1329 1525 nimirum
1365 1481 1419 1525 et
1450 1471 1563 1541 ipse
1591 1471 1826 1526 sensisti.

237 1563 370 1618 Cum
417 1563 557 1618 enim
603 1563 913 1617 describens
941 1562 1242 1618 felicitatem
1272 1564 1462 1618 futura:
1488 1565 1612 1619 vitae
1636 1606 1650 1628 ,
1683 1563 1833 1619 addi-

237 1654 412 1710 disses
455 1664 615 1725 atque
650 1654 875 1710 dixisses
902 1696 917 1720 ,
954 1674 972 1706 ι
1013 1654 1182 1709 Nemo
1209 1655 1464 1711 conviciis
1492 1655 1698 1711 felicem
1731 1654 1832 1710 ini-

239 1743 583 1816 pudentiam,
627 1759 786 1798 nemo
830 1744 1072 1800 maxillas
1115 1745 1338 1815 palmis,
1387 1761 1546 1799 nemo
1587 1745 1830 1814 subjiciet

241 1844 389 1906 terga
439 1835 787 1901 verberibus;
838 1851 938 1892 nec
971 1836 1207 1891 conﬂare
1248 1836 1481 1892 studebit
1518 1836 1585 1892 de
1615 1837 1833 1893 inﬁrmi-

244 1938 353 1984 tate
395 1930 684 1994 virtutem;
737 1945 834 1983 nec
878 1945 998 1983 cum
1039 1929 1212 2000 inapia
1245 1929 1553 2000 frugalitas,
1586 1945 1685 1985 nec
1713 1945 1832 1986 cum

245 2020 569 2075 maeroribus
607 2019 1015 2090 magnanimitas
1056 2039 1070 2076 :
1117 2041 1135 2074 ι
1183 2037 1345 2092 quare
1373 2021 1551 2077 dicere
1581 2022 1832 2086 noluisti,

245 2110 353 2165 Nec
395 2125 518 2164 cum
564 2110 740 2164 carnis
781 2111 1206 2180 concupiscentia
1236 2112 1452 2166 castitas
1481 2113 1531 2178 ¹;
1563 2112 1656 2168 sed
1687 2112 1832 2166 festi-

247 2201 383 2254 nasti
408 2215 626 2254 sensum
655 2198 972 2254 concludere
995 2241 1010 2264 ,
1037 2209 1196 2270 atque
1217 2198 1424 2265 dixisti,
1461 2219 1481 2253 ί
1517 2217 1616 2257 nec
1638 2201 1838 2270 patien-

247 2292 319 2346 tia
347 2307 469 2346 cum
496 2291 681 2346 dolore
705 2291 1022 2356 luctabitur;
1058 2311 1076 2344 ι
1098 2291 1232 2346 nihil
1251 2291 1391 2346 aliud
1412 2309 1839 2349 commemorans

248 2386 353 2441 nisi
397 2384 540 2454 quod
587 2383 884 2440 forinsecus
931 2385 1140 2441 irruens
1185 2386 1496 2443 fortitudine
1547 2389 1838 2456 toleratur,

250 2493 358 2532 non
387 2476 530 2547 quod
557 2477 698 2531 intus
725 2492 781 2532 se
808 2492 1151 2533 commovens
1177 2478 1418 2535 castitate
1438 2481 1840 2550 comprimitur?

251 2569 335 2624 An
379 2568 513 2622 forte
558 2582 655 2621 nos
699 2568 877 2638 arguis
917 2569 1218 2637 tarditatis,
1261 2569 1349 2640 qui
1380 2587 1484 2626 non
1515 2571 1842 2628 intellexeri-

251 2674 374 2713 mus
400 2702 415 2725 ,
449 2659 551 2713 hoc
577 2666 627 2714 te
648 2659 756 2728 jam
784 2659 1114 2731 significasse
1137 2662 1383 2734 superius
1401 2705 1416 2730 ,
1439 2679 1563 2718 cum
1583 2664 1651 2720 de
1676 2665 1842 2722 livore

253 2754 496 2820 corporis
539 2750 741 2806 diceres
785 2760 838 2805 et
883 2753 1063 2808 labore
1103 2769 1166 2810 ac
1194 2755 1406 2825 pmdore
1435 2757 1842 2815 membrorum?

253 2841 480 2910 Quando
523 2843 663 2896 enim
707 2858 812 2897 non
855 2843 923 2898 ab
966 2844 1156 2913 hoste,
1203 2846 1298 2901 sed
1340 2863 1372 2903 a
1417 2863 1476 2904 se
1509 2849 1625 2919 ipso
1649 2849 1840 2922 afﬂigi-

256 2940 346 2988 tur
393 2932 568 3000 fortis,
602 2935 651 2986 in
681 2935 795 3004 ipso
838 2935 980 2989 intus
1000 2945 1081 2990 est
1107 2937 1193 3006 qui
1224 2937 1514 2994 vincendus
1539 2949 1619 2994 est
1650 2940 1838 2996 hostis.

326 3025 419 3079 47.
449 3024 711 3079 Memento
737 3040 866 3080 sane
893 3041 996 3080 non
1031 3035 1081 3081 te
1107 3029 1417 3096 exposuisse
1436 3044 1532 3084 cur
1558 3030 1844 3100 Apostolus

256 3114 493 3182 dixerit,
539 3116 859 3187 adoptionem
897 3128 1234 3188 exspectantes
1278 3119 1392 3190 (Id.
1430 3136 1549 3187 vm,
1586 3121 1714 3192 25),
1752 3123 1842 3193 qui

255 3207 364 3278 jam
411 3207 463 3261 in
505 3208 717 3262 lavacro
752 3209 1165 3278 regenerationis
1205 3209 1375 3266 fuerat
1407 3212 1707 3282 adoptatus.
1739 3213 1842 3270 Ite-

258 3315 380 3354 rum
412 3298 546 3355 dicis
570 3343 584 3368 ,
623 3319 642 3354 ι
679 3302 817 3371 quod
842 3316 1055 3358 carnem
1079 3319 1230 3358 suam
1257 3305 1436 3362 nullus
1456 3305 1649 3362 oderit.
1678 3325 1698 3360 ι
1717 3307 1846 3377 Quis

260 3390 406 3446 enim
439 3391 538 3446 hoc
569 3393 766 3463 negat?
787 3393 890 3449 Sed
924 3404 1097 3450 tamen
1128 3395 1421 3468 disciplina:
1447 3399 1622 3470 rigore
1651 3399 1844 3458 asserit

265 3485 666 3540 conterendam.
711 3486 903 3542 Iterum
944 3503 1070 3558 ergo
1111 3505 1208 3559 pro
1242 3490 1462 3546 veritate
1499 3493 1760 3565 loqueris,
1790 3502 1846 3552 et

263 3575 453 3631 audire
498 3587 548 3631 te
579 3592 680 3632 non
713 3579 809 3632 vis.
839 3579 945 3634 Cur
972 3581 1114 3634 enim
1142 3596 1268 3636 caro
1297 3583 1590 3639 conteritur
1613 3600 1642 3638 a
1673 3585 1846 3645 fideli-

261 3664 366 3720 bus
389 3709 405 3733 ,
429 3667 474 3722 si
502 3667 630 3723 nihil
657 3670 909 3723 remansit
931 3670 982 3724 in
1007 3671 1275 3740 Baptismo
1295 3673 1435 3743 quod
1462 3675 1718 3732 adversus
1737 3679 1848 3749 spi-

261 3759 427 3814 ritum
475 3761 856 3831 concupiscat?
899 3777 1026 3828 cur,
1080 3762 1292 3832 inquam
1319 3805 1333 3829 ,
1381 3767 1674 3822 conteritur
1716 3784 1745 3822 a
1791 3783 1850 3825 se

261 3849 384 3920 ipso
411 3850 664 3921 templum
690 3850 818 3916 Dei,
849 3851 891 3906 si
920 3852 1047 3906 nihil
1073 3853 1141 3908 ibi
1168 3862 1250 3908 est
1275 3854 1416 3922 quod
1442 3857 1656 3913 resistat
1679 3857 1852 3929 Spiri-

262 3941 339 3996 tui
379 3941 516 3995 Dei?
550 3941 662 3995 Non
691 3950 864 3997 autem
897 3952 1097 3998 tantum
1125 3945 1355 4011 inesset,
1385 3963 1567 4002 verum
1596 3956 1650 4003 ct
1673 3949 1853 4020 gravi-

263 4040 349 4088 ter
381 4033 633 4096 obesset,
671 4033 769 4085 nisi
814 4044 992 4088 reatus
1034 4051 1138 4104 quo
1167 4037 1186 4065 ¹
1210 4052 1308 4090 nos
1334 4037 1694 4094 obstrinxerat
1716 4081 1731 4104 ,
1761 4056 1856 4110 per

263 4120 635 4178 remissionem
681 4130 1016 4190 peccatorum
1044 4123 1247 4179 solutus
1276 4135 1438 4180 esset.
1470 4125 1705 4182 Solvitur
1729 4143 1855 4199 ergo

265 4229 364 4284 per
401 4211 779 4281 indulgentiam
801 4253 815 4277 ,
859 4213 981 4282 quia
1027 4213 1240 4268 tenebat
1268 4215 1320 4269 in
1352 4231 1486 4270 noxa
1521 4219 1858 4274 :contcritur

267 4317 364 4373 per
400 4302 781 4356 continentiam
807 4344 821 4367 ,
852 4319 920 4357 ne
947 4303 1124 4359 vincat
1159 4304 1208 4358 in
1243 4320 1435 4376 pugna.
1468 4306 1656 4378 Agitur
1682 4309 1860 4379 itaque

267 4409 338 4448 ne
369 4392 540 4460 obsit,
564 4393 735 4448 donec
764 4393 833 4447 ita
861 4402 1078 4450 sanetur
1099 4404 1155 4450 ut
1173 4410 1278 4450 non
1306 4397 1395 4450 sit.
1422 4396 1758 4469 Quapropter
1779 4399 1861 4455 di-

268 4485 554 4539 mittuntur
579 4485 630 4538 in
657 4485 976 4554 Baptismate
1005 4495 1190 4541 cuncta
1223 4497 1440 4558 peccata
1461 4531 1475 4556 ,
1507 4499 1562 4546 et
1585 4491 1858 4562 originali-

269 4583 354 4629 ter
400 4582 602 4642 tracta,
649 4585 700 4629 et
741 4575 1047 4644 ignoranter
1095 4577 1177 4632 vel
1229 4579 1458 4636 scienter
1495 4579 1722 4651 adjecta.
1755 4583 1860 4638 Sed

271 4682 390 4720 eum
433 4666 562 4720 dicit
595 4668 880 4736 Apostolus
905 4667 1134 4724 Jacobus
1155 4711 1168 4736 ,
1206 4669 1556 4744 Unusquisque
1587 4683 1808 4729 tentatur
1831 4693 1863 4730 a

272 4757 674 4825 concupiscentia
709 4775 802 4811 sua
827 4758 1104 4814 abstractus
1127 4771 1173 4815 et
1199 4760 1394 4816 illectus
1425 4779 1445 4818 :
1471 4764 1652 4820 deinde
1675 4783 1861 4821 concu-

274 4843 517 4914 piscentia
540 4863 654 4899 cum
681 4850 998 4917 conceperit,
1033 4852 1164 4919 parit
1195 4862 1453 4922 peccatum
1485 4853 1684 4926 (Jacobi
1703 4872 1742 4925 t,
1773 4859 1860 4928 M,

275 4935 363 5007 15)
388 4951 404 5001 ;
438 4937 674 5007 proiecto
705 4939 755 4992 in
798 4939 883 4994 his
912 4939 1090 4995 verbis
1119 4951 1300 5011 partus
1326 4958 1354 4997 a
1387 4945 1628 5013 pariente
1657 4946 1860 5002 discer-

275 5029 436 5083 nitur.
467 5029 685 5086 Pariens
711 5033 852 5087 enim
876 5041 959 5088 est
982 5036 1412 5106 concupiscentia
1433 5079 1448 5105 ,
1476 5049 1658 5108 partus
1678 5055 1858 5110 pecca-

276 5129 405 5172 tum.
450 5118 554 5175 Sed
590 5123 1020 5193 concupiscentia
1051 5140 1155 5180 non
1187 5127 1356 5196 parit,
1389 5129 1488 5183 nisi
1516 5131 1860 5200 conceperit;

272 5226 367 5267 nec
407 5211 671 5284 concipit,
704 5215 802 5268 nisi
837 5214 1068 5272 illexerit
1089 5258 1103 5283 ,
1137 5217 1239 5273 hoc
1264 5227 1346 5274 est
1368 5261 1384 5286 ,
1415 5219 1481 5274 ad
1512 5222 1710 5276 malum
1744 5237 1864 5293 pcr-

272 5303 589 5370 pctrandum
637 5305 927 5363 obtinuerit
969 5310 1194 5365 volentis
1230 5326 1528 5368 assensum.
1560 5314 1709 5380 Quod
1737 5331 1864 5386 ergo

271 5393 527 5449 adversus
556 5411 672 5450 cam
700 5395 1010 5466 dimicatur,
1034 5399 1137 5456 hoc
1162 5402 1338 5472 agitur
1355 5443 1370 5469 ,
1396 5419 1464 5458 ne
1483 5405 1744 5474 concipiat
1766 5421 1861 5476 pa-

275 5485 480 5553 riatque
504 5496 797 5554 peccatum.
831 5488 1071 5545 Dimissis
1097 5492 1274 5562 itaque
1301 5493 1354 5549 in
1383 5495 1652 5566 Baptismo
1672 5513 1863 5567 pecca-

338 5577 350 5607 ⁸
391 5577 528 5637 aliti,
552 5590 639 5648 nec
660 5592 772 5650 curn
806 5578 966 5643 inopia
988 5581 1350 5650 frugalitatem,
1390 5600 1477 5638 nec
1501 5601 1614 5638 cum
1635 5590 1863 5650 maerori-

277 5633 358 5703 bus
376 5633 914 5700 magnanimitatem...1.
933 5633 1020 5693 nec
1051 5633 1163 5694 citat
1382 5633 1866 5703 ἐῶσῦὖὲεὲἦῶἶᾶ-

514 5707 618 5750 Duo
630 5703 792 5774 .vatic.
811 5711 936 5762 Mss,
962 5695 1233 5770 frugalitas,
1257 5695 1760 5774 alii.

338 5761 355 5790 ³
389 5761 533 5823 Editi,
558 5761 655 5826 qui.
685 5771 736 5813 At
760 5772 882 5826 Mss,
907 5761 1017 5828 quo.

1590 351 1790 409 LIBER
1829 355 2117 414 SEXTUS.

3390 352 3496 412 850

1918 471 1986 525 tis
2023 471 2271 527 omnibus
2291 515 2304 540 ,
2338 472 2390 528 id
2419 478 2502 527 est
2525 471 2770 527 omnibus
2796 470 3240 544 concupiscentia:
3268 468 3494 532 fetibus,

1918 561 1961 613 si
2013 560 2120 615 illic
2165 562 2323 616 etiam
2366 562 2478 631 ipsa
2526 573 2835 632 consumpta
2873 571 2986 629 est,
3018 559 3284 632 quomodo
3312 567 3497 614 contra

1919 669 2035 708 eam
2078 669 2146 709 ne
2185 655 2480 724 concipiat,
2511 655 2762 710 dimicant
2785 655 2950 709 sancti
2979 673 2998 706 ι
3033 654 3200 708 livore
3223 651 3497 722 corporis,

1921 744 2134 814 predore
2157 747 2513 800 membrorum
2539 787 2552 811 ,
2577 747 2892 800 contritione
2911 744 3085 799 carnis
3104 744 3129 796 ?
3157 764 3176 797 ι
3202 758 3320 815 qua)
3340 742 3501 798 verba

1923 844 2008 888 tua
2055 846 2198 890 sunt.
2239 834 2516 902 Quomodo
2537 879 2551 904 ,
2584 837 2799 906 inquam
2822 878 2836 899 ,
2867 826 3301 905 livore,‘paadore
3323 873 3339 901 ,
3370 848 3500 888 con-

1924 924 2139 980 tritione
2165 926 2346 996 templi
2375 926 2467 981 Dei
2488 935 2672 982 contra
2701 941 2817 982 eam
2843 925 3190 994 belligeratur
3221 939 3250 978 a
3280 924 3503 992 sanctis,

1925 1020 1974 1075 si
2015 1031 2071 1076 et
2109 1021 2221 1092 ipsa
2261 1029 2343 1077 est
2381 1022 2556 1077 ablata
2583 1021 2947 1093 Baptismate?
2972 1021 3148 1076 Manet
3174 1020 3374 1091 igitur:
3408 1034 3509 1074 nec

1925 1129 1988 1169 ea
2019 1114 2432 1185 regenerationis
2461 1117 2673 1171 lavacro
2697 1115 2965 1170 caruimus
2983 1154 2999 1178 ,
3025 1113 3072 1168 si
3097 1129 3204 1187 non
3235 1113 3306 1167 ibi
3330 1111 3509 1168 carui-

1928 1219 2047 1260 mus
2071 1220 2232 1261 sensu
2254 1248 2269 1272 ,
2300 1221 2408 1277 quo
2435 1221 2552 1262 eam
2579 1221 2798 1262 manere
2827 1206 3104 1262 sentimus.

2000 1297 2089 1352 48.
2119 1297 2248 1366 Quis
2273 1307 2450 1352 autem
2481 1297 2551 1352 ita
2576 1297 2646 1352 sit
2674 1296 2982 1367 imprudens
3007 1305 3166 1367 atque
3190 1293 3469 1364 impudens
3493 1335 3508 1357 ,

1931 1386 2001 1440 ita
2032 1401 2224 1457 procax
2244 1428 2260 1455 ,
2294 1386 2534 1456 pertinax
2553 1427 2568 1454 ,
2595 1386 2842 1458 pervicax
2864 1428 2878 1451 ,
2908 1387 2980 1442 ita
3003 1396 3274 1456 postremo
3298 1385 3515 1438 insanus

1930 1485 1986 1532 et
2015 1476 2235 1532 demens
2255 1519 2270 1543 ,
2297 1477 2387 1548 qui
2412 1492 2533 1532 cum
2555 1486 2771 1547 peccata
2805 1477 2942 1532 mala
2970 1491 3090 1531 esse
3120 1476 3347 1530 fateatur
3370 1515 3384 1538 ,
3413 1489 3508 1528 ne-

1933 1574 2022 1636 get
2041 1582 2158 1623 esse
2181 1568 2375 1622 malum
2399 1569 2884 1638 concupiscentiam
2915 1577 3275 1638 peccatorum,
3304 1565 3515 1621 etiamsi

1935 1658 2188 1714 adversus
2229 1675 2345 1714 eam
2388 1659 2799 1730 concupiscente
2827 1659 3015 1729 spiritu
3039 1699 3054 1724 ,
3087 1665 3303 1727 peccata
3333 1656 3520 1710 conci-

1937 1765 2062 1821 pere
2102 1766 2166 1805 ac
2207 1766 2394 1821 parere
2431 1767 2537 1807 non
2566 1751 2806 1807 siuatur?
2839 1750 2966 1805 Tale
2993 1765 3150 1820 porro
3174 1763 3237 1804 ac
3267 1757 3373 1802 tam
3400 1761 3518 1801 ma-

1935 1859 2096 1915 gnum
2140 1844 2336 1898 malum
2361 1885 2376 1909 ,
2427 1850 2629 1898 tantum
2659 1843 2781 1914 quia
2813 1841 2986 1908 inest,
3015 1839 3282 1912 quomodo
3309 1854 3422 1894 non
3444 1847 3522 1891 te-

1938 1940 2088 1988 neret
2114 1931 2168 1986 in
2188 1941 2356 1987 morte
2377 1942 2430 1986 et
2457 1932 2786 2001 pertraheret
2806 1932 2857 1986 in
2882 1931 3119 1985 ultimam
3139 1941 3385 1994 mortem,
3417 1927 3525 1982 nisi

1939 2031 1991 2078 et
2014 2023 2130 2093 ejus
2158 2023 2424 2077 vinculum
2457 2023 2507 2077 in
2534 2023 2620 2076 illa
2641 2038 2759 2094 qua:
2792 2023 2850 2076 tit
2879 2023 2931 2076 in
2953 2023 3228 2091 Baptismo
3253 2019 3528 2075 remissio.

1943 2129 2011 2170 ne
2031 2123 2371 2185 peccatorum
2395 2114 2630 2168 omnium
2651 2112 2991 2169 solveretur?
3017 2113 3244 2183 Propter
3263 2110 3365 2166 hoc
3385 2111 3528 2165 enim

1942 2205 2208 2260 vinculum
2235 2206 2371 2276 quod
2402 2205 2735 2260 connectitur
2761 2220 2826 2260 ex
2856 2204 3028 2274 primo
3056 2203 3222 2257 Adam
3242 2244 3258 2269 ,
3291 2216 3390 2257 nec
3417 2202 3529 2258 sol-

1942 2297 1991 2350 vi
2036 2305 2212 2366 potest
2257 2295 2358 2349 nisi
2401 2296 2456 2349 in
2497 2294 2732 2350 secundo
2771 2295 2980 2358 Adam;
3025 2302 3242 2363 propter
3268 2293 3409 2359 hoc,
3451 2293 3532 2346 in-

1943 2400 2102 2456 quam
2128 2426 2143 2450 ,
2174 2383 2441 2439 vinculum
2463 2384 2652 2439 mortis
2671 2425 2686 2451 ,
2711 2384 2903 2440 mortui
2925 2383 3261 2453 reperiuntur
3281 2381 3530 2446 infantes,

1945 2493 2051 2535 non
2087 2476 2188 2532 ista
2223 2484 2396 2531 morte
2425 2475 2700 2530 notissima
2729 2491 2846 2546 qua:
2873 2492 2903 2531 a
2933 2489 3160 2545 corpore
3185 2475 3416 2529 animam
3443 2488 3532 2529 se-

1949 2575 2103 2639 parat
2128 2609 2142 2634 ,
2169 2565 2266 2622 sed
2288 2582 2350 2622 ea
2381 2574 2554 2622 morte
2584 2582 2686 2637 qua
2715 2565 3030 2621 tenebantur
3048 2579 3236 2621 omnes
3254 2606 3268 2629 ,
3302 2579 3400 2634 pro
3418 2563 3535 2634 qui-

1949 2661 2048 2716 bus
2090 2669 2331 2715 mortuus
2359 2668 2442 2714 est
2467 2658 2731 2714 Christus.
2763 2657 2965 2714 Scimus
2990 2657 3130 2713 enim
3162 2699 3176 2724 ,
3207 2659 3281 2714 ait
3310 2657 3537 2728 Aposto-

1946 2752 2027 2807 lus
2054 2749 2221 2822 (quod
2242 2765 2272 2804 a
2292 2749 2445 2806 nobis
2465 2749 2760 2820 saepissime
2779 2748 3125 2820 repetendum
3149 2746 3275 2820 est),
3297 2748 3535 2820 quoniam

1952 2861 2082 2898 unus
2107 2860 2200 2914 pro
2221 2842 2450 2897 omnibus
2477 2850 2705 2896 mortuus
2724 2849 2833 2908 est;
2855 2857 2971 2912 ergo
2991 2856 3162 2895 omnes
3185 2840 3368 2894 mortui
3385 2847 3502 2893 sunt
3521 2854 3538 2892 :

1952 2945 2000 2990 et
2045 2951 2135 3006 pro
2175 2934 2404 2989 omnibus
2445 2941 2673 2986 mortuus
2710 2940 2815 3000 est,
2856 2941 2912 2986 ut
2950 2932 3036 2999 qui
3072 2931 3278 2998 vivunt,
3301 2931 3415 3002 jam
3438 2946 3539 2983 non

1953 3027 2048 3081 sibi
2085 3027 2281 3091 vivant,
2328 3023 2417 3080 sed
2445 3024 2490 3078 ei
2513 3023 2598 3094 qui
2629 3039 2722 3095 pro
2750 3021 2980 3078 omnibus
3006 3028 3232 3075 mortuus
3260 3028 3365 3086 est,
3391 3029 3438 3074 et
3460 3036 3542 3073 re-

1951 3119 2167 3174 surrexit
2196 3115 2262 3192 (II
2293 3115 2412 3172 Cor.
2441 3131 2476 3170 v
2495 3158 2510 3183 ,
2541 3115 2608 3170 14
2629 3157 2644 3183 ,
2676 3114 2788 3187 15).
2814 3113 2893 3169 Illi
2915 3129 3042 3186 ergo
3069 3116 3248 3168 vivunt
3268 3153 3283 3179 ,
3311 3126 3408 3182 pro
3425 3112 3543 3181 qui-

1948 3209 2046 3265 bus
2073 3216 2134 3263 ut
2159 3209 2360 3274 vivant,
2389 3216 2626 3262 mortuus
2652 3215 2734 3261 est
2765 3207 2853 3276 qui
2877 3205 3110 3260 vivebat.
3133 3204 3283 3271 Quod
3305 3204 3542 3274 apertius

1950 3299 2020 3354 ita
2058 3298 2251 3354 dicitur
2295 3315 2308 3351 :
2357 3296 2435 3351 Illi
2477 3303 2602 3352 sunt
2638 3310 2668 3350 a
2711 3296 2900 3350 mortis
2929 3294 3141 3350 vinculo
3171 3294 3321 3350 liberi
3351 3294 3367 3326 ¹
3389 3335 3406 3362 ,
3437 3309 3536 3364 pro

1951 3392 2142 3462 quibus
2167 3401 2410 3448 mortuus
2431 3402 2510 3449 est
2534 3393 2672 3448 inter
2692 3400 2931 3449 mortuos
2952 3392 3086 3448 liber
3108 3390 3277 3464 (Psat.
3304 3406 3540 3456 Lxxxvn,

1953 3483 2031 3555 6).
2080 3483 2177 3540 Vel
2221 3484 2300 3540 sic
2346 3484 2514 3539 multo
2553 3483 2829 3554 apertius:
2864 3483 2944 3538 Illi
2982 3491 3106 3538 sunt
3129 3481 3333 3537 liberati
3359 3496 3390 3535 a
3417 3495 3543 3551 pee-

1953 3584 2073 3630 cato
2093 3615 2109 3643 ,
2155 3590 2250 3646 pro
2289 3575 2480 3646 quibus
2506 3585 2746 3632 mortuus
2775 3583 2858 3632 est
2881 3575 2972 3646 qui
2997 3589 3266 3644 nunquam
3292 3573 3466 3629 fuerat
3489 3573 3541 3628 in

1954 3677 2194 3741 peccato.
2241 3668 2456 3725 Etcum
2484 3669 2650 3726 semel
2678 3669 2745 3724 sit
2770 3678 3045 3734 mortuus,
3080 3677 3254 3723 tamen
3289 3681 3383 3737 pro
3410 3680 3546 3721 uno-

1956 3777 2169 3836 quoque
2207 3771 2334 3818 tunc
2375 3762 2602 3818 moritur
2621 3803 2636 3830 ,
2669 3761 2880 3834 quando
2911 3762 2962 3816 in
2992 3761 3108 3831 ejus
3134 3770 3306 3816 morte
3328 3802 3343 3827 ,
3370 3774 3552 3830 quam

1962 3856 2162 3912 taclibet
2183 3857 2355 3911 mtatis
2382 3854 2577 3921 fuerit,
2607 3854 2902 3926 baptizatur
2930 3872 2942 3908 :
2977 3853 3027 3909 id
3053 3861 3134 3908 est
3153 3893 3168 3916 ,
3200 3860 3326 3907 tunc
3350 3850 3401 3906 ei
3425 3865 3549 3920 pre-

1959 3947 2098 4002 derit
2131 3963 2276 4002 mors
2302 3947 2417 4017 ejus
2441 3947 2530 4018 qui
2563 3946 2661 4001 fuit
2688 3947 2804 4002 sine
2829 3955 3081 4016 peccato,
3113 3941 3325 4014 quando
3349 3941 3402 3996 in
3430 3940 3562 4012 ejus-

1960 4047 2133 4094 morte
2178 4039 2474 4108 baptizatus
2512 4045 2753 4093 mortuus
2780 4038 2934 4093 fuerit
2961 4037 3119 4093 etiam
3149 4035 3264 4105 ipse
3293 4041 3568 4105 peccato,.

1961 4129 2049 4200 qui
2078 4137 2318 4184 mortuus
2345 4129 2512 4183 fuerat
2539 4128 2592 4184 in
2623 4137 2861 4198 peccato.

2033 4219 2257 4275 CAPUT
2279 4218 2420 4274 XVI.
2450 4249 2521 4259 ——
2546 4220 2635 4274 49.
2663 4218 2864 4290 Ingeris
2891 4215 3131 4287 Apostoli
3155 4215 3512 4271 testimonium
3529 4255 3546 4280 ,

1964 4308 2054 4364 ubi
2083 4309 2192 4375 ait,
2224 4307 2398 4362 Nolite
2426 4324 2628 4373 errare;
2655 4323 2812 4378 neque
2839 4305 3131 4378 fornicarii,
3160 4321 3316 4369 neque
3337 4305 3550 4358 simulav

1964 4398 2064 4452 eris
2093 4397 2380 4464 servientes,
2409 4406 2462 4453 et
2490 4406 2705 4464 caetera,
2731 4396 2922 4468 quibus
2943 4395 3396 4461 commemoratis,
3424 4409 3568 4449 con-.

1965 4489 2130 4546 cludit
2170 4489 2310 4560 quod
2345 4507 2552 4562 regnum
2581 4489 2676 4544 Dei
2702 4507 2802 4544 non
2831 4488 3151 4561 possidebunt
3181 4489 3224 4540 ’.
3255 4486 3369 4542 Sed
3388 4497 3553 4556 agunt.

1970 4581 2090 4636 talia
2133 4581 2222 4652 qui
2261 4581 2705 4652 concupiscentia:
2730 4622 2744 4646 ,
2785 4595 2942 4651 quam
2981 4578 3200 4643 laudas,
3231 4577 3462 4632 motibus
3485 4577 3549 4630 ad

1967 4673 2105 4726 mala
2151 4680 2206 4728 et
2246 4674 2420 4742 turpia
2464 4688 2684 4743 quaeque
2721 4671 3082 4726 consentiunt.
3114 4668 3264 4738 Quod
3291 4683 3418 4739 ergo
3443 4668 3551 4731 ait,
3604 4716 3606 4718 ,

1968 4765 2035 4819 Et
2075 4767 2181 4822 licet:
2206 4767 2405 4834 quidem
2433 4767 2598 4838 fuistis
2617 4807 2632 4832 ,
2661 4766 2748 4821 sed
2773 4765 2933 4819 abluti
2958 4763 3075 4818 estis
3094 4804 3108 4827 ,
3136 4762 3226 4817 sed
3250 4760 3554 4830 sanctiﬁcati

1968 4859 2084 4913 estis
2127 4858 2170 4930 (Ι
2211 4856 2329 4914 Cor.
2363 4873 2417 4912 vt
2443 4857 2632 4930 ,l9-II)
2666 4875 2680 4912 :
2713 4863 2942 4911 mutatos
2969 4869 3063 4910 eos
3092 4852 3225 4910 dixit
3249 4851 3301 4907 in
3329 4851 3517 4907 melius
3557 4895 3571 4914 .

1969 4965 2074 5007 non
2097 4959 2154 5006 ut
2172 4966 2232 5007 ea
2256 4959 2538 5017 carerent,
2564 4949 2704 5021 quod
2732 4950 2783 5005 in
2811 4949 2912 5004 hac
2934 4949 3038 5003 vita
3063 4947 3178 5003 fieri
3205 4962 3309 5002 non
3339 4955 3512 5016 potest

1970 5043 2063 5098 sed
2093 5051 2150 5098 ut
2176 5043 2224 5097 ei
2255 5058 2360 5096 non
2391 5042 2669 5097 obedirent
2690 5082 2706 5108 ,
2733 5041 2872 5112 quod
2898 5039 2951 5095 in
2973 5040 2994 5071 ³
3021 5039 3159 5094 bona
3184 5038 3294 5094 vita
3322 5037 3436 5092 fieri
3461 5050 3554 5105 po-

1973 5144 2109 5203 test;
2143 5144 2299 5206 atque
2325 5145 2381 5189 ut
2407 5134 2474 5188 ab
2502 5149 2566 5190 eo
2585 5176 2600 5202 ,
2627 5149 2733 5205 quo
2757 5140 2908 5189 erant
2928 5131 3140 5187 vinculo
3161 5129 3276 5200 ejus
3299 5126 3510 5183 obnoxii
3537 5167 3552 5189 ,

1972 5229 2222 5285 liberatos
2264 5243 2323 5283 se
2366 5242 2486 5282 esse
2519 5236 2942 5298 cognoscerent,
2972 5224 3115 5296 quod
3141 5223 3242 5279 nisi
3269 5233 3554 5290 regenera-

1973 5321 2115 5376 tione
2153 5319 2266 5375 fieri
2304 5335 2410 5375 non
2437 5328 2632 5390 potest.
2663 5317 2742 5374 Tu
2771 5327 2946 5374 autem
2969 5359 2984 5384 ,
3018 5316 3104 5387 qui
3131 5323 3317 5385 putas,
3354 5329 3373 5363 ‹
3412 5309 3551 5380 quod

1971 5412 2016 5464 si
2054 5409 2249 5464 malum
2279 5417 2421 5465 esset
2445 5407 2869 5479 concupiscentia
2889 5449 2905 5475 ,
2941 5412 3150 5462 careret
3175 5417 3236 5458 ea
3267 5401 3354 5471 qui
3383 5399 3554 5469 bapti‘

1972 5509 2147 5564 zatur,
2184 5518 2201 5551 ι
2230 5499 2451 5554 multum
2474 5515 2642 5556 erras.
2665 5499 2821 5554 Omni
2848 5498 2988 5553 enim
3018 5500 3234 5565 peccato
3255 5499 3422 5550 caret,
3449 5506 3554 5542 non

2037 5593 2052 5656 ξ
2090 5590 2679 5656 ριιθιιξοιῄλιδε.,μιίὺενριὶ.
2981 5652 2990 5656 _
3029 5644 3059 5656 η

2034 5653 2056 5716 ξ
2088 5644 2171 5716 tiic
2193 5644 2503 5702 Floriaceiisis
2518 5655 2670 5703 codex
2697 5651 2840 5706 addit.
2871 5661 2948 5716 qui
2973 5644 3090 5696 talia
3115 5651 3279 5716 agunt.
3325 5703 3334 5713 .

2035 5714 2064 5784 '_
2090 5713 2217 5782 Idem
2257 5722 2335 5762 MS.
2377 5715 2716 5770 l’loriacensis,
2755 5705 2893 5775 quati
2931 5710 3047 5758 bona
3088 5705 3188 5760 vita
3225 5705 3556 5768 [iet-iamest;

1973 5788 2148 5824 omisso
2162 5811 2174 5835 ,
2193 5788 2258 5826 τη.

3553 4959 3568 5008 ἓ
