4022 6496
473 345 572 400 851

474 464 621 520 omni
664 463 827 521 malo.
870 460 1024 532 Quod
1066 461 1275 534 planius
1313 463 1383 516 ita
1420 461 1615 518 dicitur
1654 475 1670 516 :
1710 457 1869 515 Omni
1909 464 2061 513 reatu

474 555 714 613 omnium
760 554 1021 610 malorum
1065 562 1243 621 caret,
1284 568 1388 607 non
1419 551 1666 609 omnibus
1694 549 1869 606 malis.
1898 547 2062 604 Num—

475 646 604 716 quid
627 647 766 702 enim
790 654 938 702 caret
958 644 1299 716 corruptione
1318 642 1602 715 corporis?
1626 645 1822 697 Annon
1840 649 1925 715 est
1944 653 2061 694 ma-

475 739 585 793 lum
613 738 753 809 quod
779 747 1029 808 aggravat
1052 736 1320 792 animam?
1348 746 1403 792 et
1421 737 1619 792 erravit
1638 736 1726 806 qui
1750 734 1912 801 dixit,
1937 733 2063 789 Cor-

477 850 572 902 pus
613 834 744 887 enim
783 831 1105 904 corruptibile
1128 841 1367 903 aggravat
1391 831 1614 885 animam
1645 828 1800 903 (Sap.
1826 844 1901 895 ιι,
1930 828 2063 897 l5)?

473 923 737 996 Numquid
761 934 906 979 caret
932 924 1243 994 ignorantia:
1271 924 1412 978 malo
1428 964 1444 989 ,
1474 938 1572 994 per
1595 921 1737 993 quod
1759 936 1791 976 a
1818 921 2067 978 nescieno

477 1015 619 1075 tibus
655 1015 1060 1071 innumerabilia
1104 1023 1479 1086 perpetrantur
1516 1014 1697 1070 mala?
1732 1015 1814 1069 An
1840 1028 2061 1084 parvum

474 1107 672 1162 malum
709 1116 830 1175 est,
872 1122 967 1177 per
1008 1106 1150 1178 quod
1192 1106 1352 1162 homo
1386 1121 1493 1162 non
1533 1104 1757 1176 percipit
1795 1121 1915 1176 qua:
1939 1112 2066 1159 sunt

474 1195 701 1266 Spiritus
729 1197 858 1252 Dei?
891 1198 1263 1269 De-baptizatis
1284 1213 1476 1268 nempe
1496 1197 1707 1254 dicebat
1730 1196 2016 1266 Apostolus
2046 1213 2060 1249 :

479 1289 729 1344 Auimulis
771 1290 920 1345 Itonia
968 1307 1069 1345 non
1116 1290 1329 1363 percipit
1375 1304 1490 1361 qua
1524 1298 1643 1344 sunt
1672 1288 1898 1359 Spiritus
1928 1285 2068 1352 Dei;

474 1381 688 1439 stultitia
719 1393 791 1438 est
821 1387 953 1438 enim
977 1385 1055 1439 illi
1076 1426 1089 1449 ,
1123 1394 1169 1438 et
1197 1401 1298 1439 non
1323 1393 1484 1456 potest
1508 1383 1667 1451 scire,
1695 1382 1934 1452 quoniam
1952 1380 2064 1452 spi-

476 1471 729 1526 ritualiter
760 1472 1067 1543 dijudicatur
1092 1472 1139 1544 (1
1164 1472 1279 1529 Cor.
1312 1490 1378 1540 tl,
1412 1474 1478 1530 Η
1498 1516 1514 1540 ,
1543 1472 1645 1545 15).
1685 1472 1884 1528 Deinde
1907 1471 2067 1542 paulo

478 1573 599 1630 post
646 1580 659 1616 :
703 1562 768 1618 Et
811 1581 930 1634 rgo,
970 1566 1173 1636 inquit,
1216 1570 1436 1637 fratres,
1462 1581 1565 1620 non
1595 1566 1736 1636 potui
1765 1565 1901 1635 loqui
1927 1562 2065 1618 vobis

473 1655 621 1721 quasi
645 1656 1012 1725 spiritualibus,
1040 1656 1129 1711 sed
1149 1659 1293 1729 quasi
1318 1657 1621 1713 carnalibus.
1658 1656 1818 1725 Quasi
1840 1656 2065 1726 parvulis

473 1747 529 1801 in
567 1746 764 1802 Clu-isto
785 1790 799 1812 ,
829 1747 910 1801 lac
939 1747 1075 1803 vobis
1104 1759 1277 1819 potum
1300 1748 1450 1812 dedi,
1480 1764 1581 1803 non
1608 1745 2066 1812 escamfnondum

475 1838 609 1892 enim
648 1841 886 1911 poteratis
916 1856 935 1894 ε
961 1840 1049 1894 sed
1086 1857 1175 1895 nec
1204 1840 1371 1896 adhuc
1398 1842 1597 1911 quidem
1625 1840 1869 1911 potestis;
1898 1838 2065 1892 adhuc

475 1933 609 1984 enim
632 1932 748 1985 estis
772 1932 1023 1987 carnales.
1052 1932 1178 1987 Cum
1199 1934 1328 1988 enim
1359 1935 1456 1988 sint
1479 1932 1608 1987 inter
1635 1932 1998 1987 vos'temulatio
2015 1941 2067 1985 et

475 2024 727 2076 contentio
746 2064 761 2088 ,
799 2026 964 2077 nonne
999 2023 1229 2079 carnales
1255 2023 1372 2080 estis
1391 2066 1406 2090 ,
1434 2034 1482 2078 et
1510 2026 1789 2079 secundum
1813 2024 2066 2079 hominem

476 2113 788 2169 ambulatis?
828 2114 962 2170 Vide
999 2131 1119 2186 quae
1157 2115 1298 2172 dicat
1328 2117 1465 2172 mala
1491 2116 1560 2172 de
1584 2117 1898 2188 ignorantiae
1922 2117 2071 2174 malo

476 2206 762 2262 venientia.
809 2207 877 2262 Et
922 2218 1051 2278 puto
1085 2209 1227 2279 quod
1264 2224 1370 2265 non
1412 2209 1482 2265 de
1518 2210 1919 2267 catechumenis
1964 2211 2067 2267 ista

475 2298 706 2357 dicebat.
742 2300 955 2355 Parvuli
992 2302 1189 2373 quippe
1229 2303 1281 2360 in
1312 2302 1534 2358 Christo
1554 2302 1822 2374 quomodo
1850 2313 2063 2368 essent,

474 2390 577 2446 nisi
630 2391 740 2463 jam
790 2394 960 2449 renati
1011 2392 1236 2452 essent?
1289 2395 1440 2466 Quod
1491 2396 1537 2451 si
1576 2396 1813 2451 nondum
1849 2396 2062 2465 credis,

475 2481 604 2551 quid
654 2484 735 2540 eis
785 2494 904 2554 post
948 2500 1116 2555 pauca
1163 2486 1339 2553 dicat,
1383 2482 1596 2541 attende
1637 2504 1652 2542 :
1692 2485 1915 2542 Nescitis
1949 2489 2067 2558 quia

476 2574 719 2644 templum
752 2576 852 2630 Dei
876 2579 992 2632 estis
1010 2620 1024 2642 ,
1050 2587 1099 2633 et
1127 2577 1350 2652 Spiritus
1378 2578 1476 2634 Dei
1499 2578 1690 2634 habitat
1713 2581 1766 2633 in
1793 2579 1929 2635 vobis
1953 2579 2065 2653 (Id.

476 2682 567 2732 Ill,
600 2668 665 2734 l,
697 2667 760 2733 2,
793 2667 924 2743 16)?
948 2671 1028 2724 An
1056 2670 1540 2739 adhuedubitabis,
1569 2670 1655 2728 vel
1683 2671 1936 2742 negabis,
1960 2686 2066 2727 non

474 2771 569 2810 eos
622 2758 861 2827 potuisse
905 2774 1026 2816 esse
1079 2761 1334 2831 templum
1387 2761 1517 2827 Dei,
1566 2763 1619 2816 in
1659 2777 1765 2832 quo
1802 2761 2068 2818 habitaret

473 2846 707 2916 Spiritus
746 2850 870 2919 Dei,
912 2852 1015 2907 nisi
1051 2852 1388 2921 baptizatos?
1426 2852 1627 2914 Saltem
1664 2867 1795 2929 ergo
1818 2853 1948 2914 illud
1974 2871 2064 2913 re-

475 2940 624 3009 spice
659 2941 802 3012 quod
838 2943 918 2998 eis
954 2942 1088 3003 dixit
1128 2967 1142 3001 :
1185 2944 1452 3020 Numquid
1487 2948 1541 3003 in
1568 2949 1770 3004 nomine
1795 2947 1953 3004 Pauli
1976 2950 2066 3006 ba-

470 3028 654 3103 ptizati
687 3033 807 3091 estis
843 3034 954 3106 (Id.
994 3053 1013 3091 ι
1038 3080 1053 3105 ,
1096 3039 1233 3109 15)?
1270 3039 1387 3094 Non
1426 3039 1587 3110 igitur
1610 3050 1893 3096 caruerant
1918 3048 2065 3097 tanto

474 3126 787 3195 ignorantiae
808 3128 948 3183 malo
975 3129 1029 3184 in
1056 3129 1267 3185 lavacro
1286 3131 1706 3202 regenerationis
1720 3173 1735 3199 ,
1770 3131 1856 3186 ubi
1883 3140 2064 3188 tamen

473 3219 729 3275 onmibus
761 3230 1042 3277 caruerunt
1081 3222 1198 3278 sine
1238 3221 1566 3279 dubitatione
1593 3228 1843 3295 peccatis.
1872 3225 1943 3281 Et
1969 3240 2065 3295 per

473 3312 578 3368 hoc
616 3313 928 3383 ignorantiae
958 3313 1156 3369 malum
1188 3315 1386 3386 templo
1417 3315 1547 3383 Dei,
1580 3316 1633 3370 in
1658 3332 1765 3387 quo
1793 3316 2064 3372 habitabat

473 3402 701 3474 Spiritus
724 3403 835 3468 Dei,
868 3404 1084 3459 stultitia
1110 3413 1266 3460 erant
1287 3420 1405 3475 qute
1425 3414 1549 3461 sunt
1570 3405 1797 3476 Spiritus
1821 3405 1936 3463 Dei.
1958 3406 2063 3466 Sed

473 3497 541 3552 de
565 3496 653 3553 die
676 3496 727 3551 in
754 3497 893 3551 diem
921 3497 964 3552 si
993 3497 1344 3566 proficerent,
1374 3506 1428 3554 et
1452 3499 1505 3553 in
1534 3498 1677 3569 quod
1702 3507 2065 3568 pervenerant

471 3589 526 3643 in
564 3603 631 3644 eo
668 3588 1036 3654 ambularent,
1082 3604 1209 3643 sana
1250 3588 1484 3658 proiecto
1510 3589 1796 3646 accedente
1820 3590 2063 3645 doctrina

473 3680 805 3736 minueretur
844 3682 944 3735 hoc
969 3682 1186 3735 malum.
1213 3680 1510 3737 Credamus
1536 3682 1696 3739 etiam
1724 3697 1829 3738 non
1856 3691 2062 3739 tantum

472 3769 676 3837 minui,
718 3785 897 3825 verum
932 3772 1092 3825 etiam
1132 3774 1184 3827 in
1211 3773 1311 3828 hac
1340 3774 1445 3829 vita
1483 3788 1640 3843 posse
1664 3775 1902 3830 consumi
1934 3790 1950 3829 :
1982 3784 2063 3832 ta-

472 3876 597 3917 men
620 3871 742 3932 post
766 3861 1094 3931 Baptismum
1116 3879 1131 3929 ;
1164 3863 1418 3934 numquid
1446 3864 1497 3918 in
1518 3863 1791 3933 Baptismo
1809 3864 1832 3919 ?
1850 3863 2062 3921 Concu-

474 3954 788 4028 piscentiam
813 3969 941 4010 vero
965 3954 1087 4026 quis
1112 3955 1348 4028 ambigat
1368 3959 1420 4012 in
1443 3957 1546 4013 hac
1570 3957 1674 4013 vita
1695 3973 1853 4029 posse
1870 3960 2059 4027 minui,

472 4061 581 4103 non
608 4061 765 4116 posse
788 4048 1075 4104 consumi?

545 4138 635 4194 50.
677 4138 874 4194 Horum
912 4140 1093 4211 itaque
1121 4141 1381 4198 malorum
1410 4142 1713 4214 praeteritus
1739 4146 1916 4203 omnis
1939 4162 2067 4204 rea-

475 4238 560 4285 tus
596 4244 752 4285 sacro
780 4230 925 4287 fonte
963 4231 1199 4288 diluitur.
1244 4234 1608 4292 Remittuntur
1633 4252 1763 4310 ergo
1804 4239 1861 4295 in
1898 4255 2061 4297 rena-

473 4322 766 4390 scentibus,
788 4325 1165 4381 minuunturin
1181 4327 1600 4398 proficientibus.
1626 4328 1929 4401 Ignorantia
1957 4334 2060 4388 ini-

474 4416 656 4471 nuitur
671 4417 896 4472 veritate
906 4418 1075 4489 magis
1090 4419 1361 4490 magisque
1375 4420 1586 4478 lucente
1602 4440 1615 4477 :
1629 4426 2061 4496 concupiscentia

473 4505 730 4560 minuitur
776 4505 1034 4563 cbaritate
1082 4508 1253 4579 magis
1306 4511 1580 4582 magisque
1621 4513 1878 4571 fervente.
1918 4516 2061 4573 Nihil

472 4597 601 4651 boni
649 4597 838 4653 horum
862 4596 1095 4654 duorum
1120 4600 1139 4633 ⁸
1164 4611 1250 4656 est
1286 4616 1317 4656 a
1346 4602 1520 4658 nobis.
1577 4602 1699 4660 Non
1729 4607 1872 4663 enim
1900 4609 2060 4680 spiri-

471 4696 581 4742 tum
624 4688 776 4759 hujus
811 4680 1451 4762 mundi-accepimusﬁcd
1473 4696 1709 4767 spiritum
1732 4702 1822 4771 qui
1847 4717 1910 4755 ea:
1950 4700 2060 4759 Deo

471 4788 568 4843 est,
599 4789 652 4832 ut
671 4781 886 4835 sciamus
898 4798 1010 4852 quas
1035 4799 1067 4835 a
1091 4780 1200 4837 Deo
1225 4782 1415 4840 donata
1434 4795 1552 4841 sunt
1576 4788 1718 4844 nobis
1744 4788 1853 4863 (Id.
1881 4792 2061 4862 n,l2).

476 4871 553 4925 Ex
575 4871 675 4926 hoc
686 4880 860 4927 autem
873 4876 1299 4944 concupiscentia
1314 4877 1459 4949 pejor
1474 4888 1558 4935 est
1569 4896 1727 4952 quam
1740 4882 2031 4953 ignorantia
2041 4930 2057 4953 ,

476 4962 599 5032 quia
649 4961 944 5032 ignorantia
988 4966 1104 5021 sine
1144 4969 1574 5040 concupiscentia
1618 4973 1794 5029 minus
1841 4989 2058 5046 peccat;

474 5055 903 5124 concupiscentia
941 5073 1069 5114 vero
1111 5059 1231 5115 sine
1257 5059 1555 5131 ignorantia
1594 5065 1806 5135 gravius
1852 5079 2054 5137 peccat.

473 5144 544 5198 Et
580 5144 788 5200 nescire
812 5146 1033 5212 malum,
1062 5163 1166 5204 non
1193 5164 1407 5220 semper
1430 5161 1511 5207 est
1537 5153 1733 5208 malum
1762 5174 1776 5210 :
1808 5159 2057 5230 concupi.

473 5249 626 5292 scere
670 5244 848 5292 antem
900 5238 1123 5307 malum,
1177 5256 1391 5311 semper
1436 5254 1518 5298 est
1573 5245 1792 5302 malum.
1852 5248 2060 5305 Bonum

475 5342 687 5398 quoque
714 5329 886 5399 ipsum
916 5330 1112 5386 utiliter
1140 5331 1425 5405 aliquando
1455 5336 1749 5406 ignoratur,
1780 5349 1839 5395 ut
1865 5356 2059 5411 oppor-

475 5430 602 5475 tunc
623 5420 856 5476 sciatur:
880 5422 1028 5477 nullo
1053 5433 1231 5479 autem
1256 5426 1418 5481 modo
1444 5427 1556 5482 fieri
1581 5440 1757 5500 potest
1777 5440 1836 5486 ut
1857 5434 2055 5489 carnali

474 5515 902 5584 concupiscentia
931 5518 1133 5592 bonum
1160 5516 1393 5574 hominis
1412 5522 1853 5592 concupiscatur:
1884 5540 2061 5595 quan-

474 5604 759 5675 doquidem
802 5622 901 5663 nec
926 5609 1039 5680 ipsa
1081 5609 1260 5678 proles
1287 5610 1508 5667 libidine
1535 5615 1793 5683 corporis,
1820 5616 1915 5672 sed
1957 5632 2056 5674 vo-

539 5719 556 5750 ι
594 5724 694 5785 nuo
714 5719 920 5785 vatiqni
939 5726 1047 5771 Mss.
1066 5735 1080 5770 :
1100 5719 1227 5785 nihil
1247 5720 1477 5774 bonorum
1497 5723 1669 5778 horum
1691 5728 1915 5782 duorum.
1956 5731 2057 5785 Flo-

472 5780 706 5831 Itaccusis
725 5779 874 5834 nihil
892 5782 1063 5834 horum
1085 5782 1334 5835 donorum.
1740 5824 1741 5827 η

1257 343 1533 402 CONTRA
1570 338 1907 400 multum:
1948 335 2418 419 PELAGIANUM,
2457 348 2517 420 s,
2558 346 2929 407 AUGUSTINI

3649 354 3772 413 852

2166 457 2370 519 luntate
2387 462 2551 519 animi
2569 462 2982 534 concupiscitur,
3005 463 3249 535 quamvis
3272 481 3378 522 non
3395 468 3511 526 sine
3529 471 3765 530 libidine

2164 553 2403 622 corporis
2428 554 2740 610 seminetur.
2780 554 2859 611 De
2885 554 2987 611 hae
3014 555 3211 627 quippe
3246 558 3454 628 agimus
3492 566 3763 636 concupi-

2165 646 2384 711 scentia,
2413 661 2516 716 qua
2542 661 2675 702 caro
2693 647 3018 718 concupiscit
3044 648 3303 707 adversus
3327 653 3570 722 spiritum
3596 673 3612 724 ;
3645 674 3763 714 non

2166 733 2234 790 de
2273 735 2365 790 illa
2406 736 2569 806 bona,
2609 753 2712 807 qua
2740 740 2957 810 spiritus
2983 742 3313 814 concupiscit
3348 745 3607 805 adversus
3636 765 3765 806 car-

2165 841 2287 882 nem
2319 825 2513 900 (Galat.
2541 844 2594 896 v,
2630 829 2742 902 l7),
2773 838 2829 885 et
2853 846 2957 902 qua
2998 833 3398 904 concupiscitur
3423 840 3763 898 continentia

2166 933 2265 989 per
2301 934 2461 990 quam
2487 903 2919 992 concupiscentia
2958 926 3219 990 vincatur.
3260 926 3373 983 Hac
3396 944 3527 1000 ergo
3555 945 3764 989 concu-

2166 1009 2424 1081 piscentia
2490 1014 2669 1069 carnis
2734 1030 3009 1085 nunquam
3066 1018 3463 1089 concupiscitur
3524 1022 3765 1081 hominis

2167 1099 2332 1156 ullum
2361 1101 2583 1170 bonum,
2614 1103 2659 1159 si
2685 1104 2930 1175 voluptas
2954 1107 3135 1162 carnis
3158 1122 3271 1162 non
3291 1118 3375 1164 est
3399 1109 3634 1168 hominis
3664 1115 3762 1171 bo-

2168 1206 2316 1247 num.
2362 1193 2418 1250 Si
2448 1203 2649 1262 autem,
2694 1205 2753 1250 ut
2798 1196 2975 1267 aliquo
3004 1196 3124 1254 loco
3164 1198 3492 1270 significasti,
3528 1222 3550 1256 ι
3585 1206 3766 1274 placet

2169 1281 2264 1337 tibi
2292 1292 2437 1340 secta
2458 1284 2793 1351 Dinomachi,
2817 1286 3152 1344 honestatem
3174 1290 3610 1364 voluptatemque
3624 1311 3759 1352 con-

2164 1371 2393 1443 jungens
2430 1393 2449 1427 ι
2493 1373 2730 1446 (Supra,
2760 1377 2849 1432 lib.
2878 1378 2933 1445 4,
2964 1395 3019 1433 n.
3060 1378 3203 1453 76);
3259 1383 3404 1452 quod
3453 1385 3762 1458 philosophi

2168 1479 2380 1536 quoque
2429 1465 2589 1537 hujus
2642 1468 2826 1523 mundi
2870 1469 2962 1540 qui
3013 1471 3350 1531 honestiores
3394 1476 3754 1548 videbantur,

2168 1555 2450 1629 Scyllaeum
2479 1557 2677 1614 bonum
2724 1574 2845 1616 esse
2886 1560 3152 1630 dixerunt,
3181 1579 3251 1620 ex
3295 1565 3529 1624 humana
3555 1571 3764 1628 scilicet

2168 1657 2359 1704 natura
2373 1649 2712 1722 belluinaque
2731 1660 3065 1723 compactum
3085 1671 3100 1711 :
3118 1655 3166 1711 si
3190 1653 3294 1713 hoc
3306 1672 3437 1729 ergo
3457 1671 3757 1719 monstrum

2172 1746 2261 1793 tua
2281 1739 2534 1810 opinione
2558 1742 2784 1797 sectaris
2807 1759 2823 1809 ;
2854 1743 2990 1801 satis
3009 1752 3095 1800 est
3117 1746 3292 1814 nobis,
3321 1750 3464 1819 quod
3486 1754 3759 1810 conﬁteris

2171 1829 2331 1884 aliam
2373 1846 2492 1887 esse
2538 1831 2799 1899 illicitum,
2848 1834 3007 1890 aliam
3037 1835 3236 1893 licitam
3275 1841 3626 1911 voluptatem.
3676 1850 3765 1903 Ae

2173 1934 2269 1990 per
2310 1919 2414 1978 hoc
2453 1921 2591 1977 mala
2635 1933 2719 1980 est
2759 1928 3194 1997 concupiscentia
3234 1946 3356 2001 qua:
3397 1933 3761 1994 indiderenter

2173 2018 2456 2083 utrumque
2483 2014 2706 2083 appetit.
2736 2015 2839 2070 nisi
2866 2016 2936 2072 ab
2959 2017 3145 2073 illicita
3178 2020 3451 2092 voluptate
3483 2024 3620 2080 licita
3654 2042 3752 2082 vo-

2171 2102 2373 2174 luptate
2408 2102 2647 2161 frenetur
2674 2107 2715 2161 ¹.
2754 2106 2869 2164 Hoc
2908 2118 3087 2165 autem
3115 2112 3312 2167 malum
3342 2115 3527 2171 nonin
3564 2116 3753 2187 Bapti-

2170 2204 2344 2252 smate
2369 2197 2586 2266 ponitur
2612 2199 2633 2230 ²
2665 2215 2680 2252 :
2712 2198 2808 2255 sed
2835 2199 3117 2271 baptizatis
3145 2217 3241 2272 per
3264 2204 3487 2274 gratiam
3528 2223 3756 2278 regene-

2169 2286 2392 2343 rationis
2420 2287 2487 2343 ab
2513 2288 2628 2358 ejus
2657 2290 2981 2362 obligatione
3001 2292 3109 2364 jam
3135 2295 3340 2363 liberis,
3371 2312 3442 2354 ne
3467 2299 3535 2355 ad
3576 2301 3758 2358 illicita

2172 2378 2464 2447 pertrahat,
2487 2380 2772 2437 salubriter
2792 2384 3036 2439 vincitur.
3061 2384 3322 2443 Utautem
3345 2393 3765 2451 resurrectionis

2172 2476 2410 2539 tempore
2454 2485 2560 2527 non
2604 2472 2675 2528 sit
2700 2474 2919 2531 omnino
2949 2476 3007 2531 in
3034 2477 3245 2536 vivente
3269 2495 3500 2553 corpore
3524 2499 3623 2540 nec
3660 2485 3759 2541 do-

2170 2558 2334 2628 lente,
2386 2563 2662 2632 prazmium
2702 2577 3002 2624 esteorum
3039 2571 3128 2640 qui
3171 2582 3359 2629 contra
3387 2589 3510 2631 eam
3537 2576 3765 2635 ﬁdeliter

2169 2660 2508 2709 certaverunt
2529 2695 2549 2722 ,
2611 2657 2703 2727 qui
2750 2658 3005 2730 languore
3056 2671 3243 2718 sanato
3306 2664 3708 2725 immortalitate
3732 2669 3766 2702 "

2169 2741 2481 2801 beatissima
2509 2750 2823 2806 vestientur.
2866 2752 2925 2807 In
2970 2753 3050 2809 eis
3079 2770 3209 2811 vero
3249 2759 3340 2829 qui
3366 2774 3475 2815 non
3501 2761 3568 2816 ad
3596 2762 3764 2818 vitam

2168 2846 2470 2913 resurgant,
2519 2855 2625 2902 non
2670 2843 2919 2913 feliciter,
2967 2847 3061 2903 sed
3092 2851 3376 2919 pmnaliter
3423 2868 3530 2910 non
3556 2855 3661 2911 erit
3688 2856 3757 2913 ιε

2168 2945 2275 2986 non
2303 2934 2424 3003 quia
2452 2943 2581 2990 tunc
2606 2937 2676 2992 ab
2704 2952 2769 2993 ea
2793 2941 3070 3012 quisquam
3096 2939 3475 3015 mandabitur;
3506 2944 3604 3006 sed
3636 2946 3758 3020 quia

2171 3032 2295 3080 tunc
2322 3026 2477 3082 malis
2519 3043 2623 3083 non
2669 3029 2727 3087 in
2752 3030 3143 3091 delectamenta
3190 3038 3534 3111 excitabitur,
3578 3043 3674 3099 sed
3705 3043 3761 3101 in

2169 3123 2434 3174 tormenta
2471 3128 2725 3177 vertetur.

2237 3206 2463 3265 CAPUT
2498 3208 2641 3266 XVII
2658 3211 2756 3283 (a).
2774 3242 2843 3253 —
2864 3214 2953 3269 51.
2976 3216 3092 3273 lam
3122 3218 3401 3279 videamus
3420 3224 3549 3281 illud
3576 3227 3757 3283 excel-

2166 3298 2520 3357 lentissimum
2534 3316 2759 3360 acumen
2781 3313 2950 3374 tuum,
2973 3323 3082 3379 quo
3102 3311 3277 3368 vidisti
3299 3317 3751 3385 quemadmodum

2167 3389 2436 3447 refelleres
2473 3392 2617 3463 quod
2646 3409 2676 3449 a
2720 3410 2809 3451 me
2834 3396 3033 3454 dictum
3074 3411 3178 3469 est,
3213 3421 3235 3457 ι
3269 3402 3465 3462 dimitti
3508 3411 3758 3481 concupi-

2166 3481 2425 3565 scentiam
2452 3485 2628 3542 carnis
2666 3486 2720 3542 in
2746 3487 3041 3559 Baptismo,
3068 3508 3180 3550 non
3218 3504 3275 3552 ut
3304 3513 3413 3554 non
3455 3502 3546 3569 sit,
3578 3504 3672 3559 sed
3698 3515 3762 3561 ut

2168 3571 2220 3628 in
2264 3585 2540 3643 peccatum
2585 3593 2693 3636 non
2734 3581 3066 3653 imputetur;
3098 3590 3344 3658 quamvis
3381 3603 3561 3650 autem
3606 3606 3762 3653 reatu

2166 3679 2265 3719 suo
2287 3664 2400 3735 jam
2425 3665 2617 3736 soluto,
2650 3680 2831 3727 manet
2859 3682 3037 3730 tamen
3072 3696 3093 3730 ι
3128 3678 3230 3749 (De
3257 3680 3465 3753 Nuptiis
3486 3695 3536 3739 et
3561 3685 3765 3742 Concu-

2169 3761 2430 3829 piscentia,
2459 3762 2547 3817 lib.
2578 3764 2630 3831 1,
2657 3781 2712 3819 n.
2739 3763 2857 3838 28).
2898 3762 3169 3827 Adversus
3191 3772 3306 3831 haec
3329 3789 3445 3832 mea
3490 3780 3648 3835 verba
3676 3782 3763 3837 sie

2166 3853 2556 3921 argumentaris
2617 3854 2782 3912 homo
2834 3859 3215 3931 acutissimus,
3280 3874 3523 3936 tanquam
3580 3869 3756 3937 ipsam

2166 3946 2650 4016 concupiscentiam
2677 3949 2909 4006 dixerim
2937 3968 3036 4023 per
3062 3954 3386 4027 Baptismnm
3410 3968 3560 4015 reatu
3600 3962 3749 4017 libe-

2165 4038 2311 4105 rari;
2338 4039 2589 4109 quoniam
2613 4040 2747 4109 dixi,
2778 4059 2798 4093 ι
2835 4054 2986 4099 reatu
3015 4060 3114 4101 suo
3136 4048 3248 4118 jam
3290 4050 3466 4105 soluto
3497 4067 3512 4104 :
3552 4070 3573 4104 ι
3608 4053 3763 4108 velut-

2171 4146 2190 4179 i
2227 4144 2325 4185 suo
2362 4148 2383 4181 ι
2413 4129 2661 4196 dixerim,
2691 4148 2798 4202 quo
2843 4132 2955 4204 ipsa
2984 4152 3075 4192 rea
3111 4147 3216 4207 est,
3246 4154 3417 4210 eoque
3440 4141 3617 4198 soluto
3663 4144 3766 4199 illa

2165 4231 2474 4290 permaneat
2500 4223 2763 4280 absoluta.
2804 4225 2957 4294 Quod
2986 4230 3168 4301 utique
3199 4231 3245 4286 si
3287 4232 3594 4300 sensissem,
3628 4251 3755 4305 ιιι-ος

2165 4312 2304 4369 fecto
2328 4329 2446 4370 eam
2476 4316 2669 4371 malam
2702 4331 2953 4374 essenon
3000 4319 3253 4387 dicerem,
3304 4322 3400 4378 sed
3439 4323 3624 4382 fuisse.
3678 4330 3757 4382 Ae

2165 4418 2262 4474 per
2290 4405 2412 4472 hoc,
2460 4406 2753 4462 secundum
2792 4408 3089 4467 mirabilem
3118 4412 3519 4483 intelligentiam
3565 4426 3751 4485 tuam,

2165 4495 2378 4565 quando
2423 4496 2576 4552 audis
2618 4498 2672 4552 in
2702 4499 2882 4570 aliquo
2910 4500 3181 4557 homicidii
3223 4514 3432 4561 reatum
3475 4508 3708 4565 solutum
3733 4553 3757 4576 ,
3798 4572 3806 4579 ι

2165 4600 2270 4640 non
2302 4586 2593 4652 hominem,
2624 4587 2719 4644 sed
2753 4588 2927 4659 ipsum
2955 4590 3298 4648 homicidium
3329 4611 3360 4650 a
3385 4605 3538 4653 reatu
3567 4600 3754 4655 existi.

2163 4690 2280 4731 mas
2328 4677 2651 4733 absolutum.
2707 4679 2796 4736 Sic
2846 4682 3109 4754 intelligat
3155 4685 3297 4756 quis,
3352 4687 3453 4742 nisi
3506 4692 3596 4760 qui
3647 4707 3755 4747 non

2164 4767 2430 4825 erubescit
2456 4769 2692 4837 laudare,
2724 4787 2846 4828 cum
2873 4790 2974 4843 qua
3003 4776 3342 4846 compellitur
3360 4779 3659 4837 dimicare?
3691 4784 3763 4838 Et

2163 4858 2431 4928 quomodo
2471 4870 2523 4916 te
2541 4860 2714 4932 iactas
2748 4873 2802 4919 et
2829 4866 3066 4921 exsultas
3109 4871 3167 4923 in
3192 4870 3562 4939 redarguendo
3595 4874 3747 4929 istam

2163 4950 2505 5017 sententiam,
2556 4968 2661 5006 non
2715 4966 2889 5009 meam
2942 4955 3117 5025 plane,
3173 4958 3270 5015 sed
3321 4971 3466 5015 tuam
3495 4961 3569 5016 ’Ὺ
3608 4963 3754 5020 Talia

2231 5062 2247 5138 ξ
2279 5061 2818 5138 ’ξὶξςΑΡΙῃι-εετριεδηβάᾕὶ
2842 5080 2980 5138 vero,
3007 5068 3140 5138 licita
3163 5071 3399 5138 voluntate
3417 5077 3657 5138 frenatur.

2226 5125 2246 5154 ²
2265 5123 2416 5233 ἷΔίιί,
2440 5125 2652 5188 punitur.
2683 5129 2854 5178 Verius
2870 5123 3072 5181 Vaticani
3094 5139 3222 5194 Mss,
3245 5123 3629 5209 ponitui'ﬂdest
3646 5123 3761 5200 ,dc-

2226 5198 2277 5233 in
2300 5199 2373 5233 ur.

2166 5198 2373 5246 ponitur.

2228 5247 2250 5318 ἦ
2282 5247 2363 5296 ttic
2397 5253 2496 5320 an}.
2531 5248 2679 5320 addit,
2715 5257 2883 5320 sanata
2902 5259 2970 5320 et.
3005 5258 3081 5303 Er.
3109 5262 3163 5305 et
3189 5263 3319 5320 Lov.,
3346 5273 3467 5310 sana
3487 5267 3550 5311 et.
3588 5263 3636 5311 td
3667 5276 3759 5312 no-

2162 5308 2253 5375 stri
2278 5307 2583 5375 nouhabent
2603 5313 2931 5375 manuscripti.

2225 5368 2246 5399 ι
2279 5369 2522 5434 ῌᾱὶιίηεεά
2541 5372 2793 5434 ρωῃαιὶιεν
2812 5368 2923 5424 erit.
2951 5383 3007 5426 At
3028 5383 3132 5427 Mss.
3156 5381 3364 5430 Vaticani
3386 5396 3559 5433 omnes
3574 5393 3628 5434 et
3651 5382 3745 5434 Gal.

2162 5428 2320 5506 limiti,
2345 5422 2431 5480 sed
2442 5422 2807 5506 .pwt'tatiternon
2827 5422 2921 5506 crit
2946 5422 3131 5506 {lectio
3145 5422 3757 5506 méii'uEEiJa'ii'r'ii'cinh'Z-b

2161 5490 2566 5567 quodsequitur,
2590 5507 2683 5544 non
2696 5495 2810 5567 quia
2833 5502 2944 5567 tunc
2964 5499 3026 5549 ab
3047 5513 3106 5551 ea
3127 5490 3385 5567 quisqmrit
3402 5490 3755 5566 inuitauit};-

2163 5553 2209 5622 id
2235 5553 2450 5622 est,_nbn
2472 5553 2772 5622 quiat-catus
2788 5559 3039 5611 auferetur
3055 5597 3069 5622 ,
3094 5553 3181 5622 sed
3208 5553 3754 5620 tantumactuseoniat;

2160 5615 2411 5691 piscemur;
2428 5649 2449 5691 ,ί
2468 5615 2566 5691 quo
2583 5618 2796 5691 jucunde
2820 5634 3021 5691 movere
3044 5615 3171 5691 solet
3192 5626 3252 5675 ad
3273 5615 3593 5691 voluptatein:

2223 5676 2251 5752 ᾖ
2277 5682 2373 5752 εξ
2394 5676 2541 5752 pugil.
2583 5676 2702 5752 ven,
2728 5687 2860 5742 Lov.,
2886 5681 2937 5734 in
2971 5676 3329 5752 redarguenda

2160 5748 2255 5800 nou
2272 5750 2377 5788 mea
2392 5737 2549 5800 plane,
2574 5738 2662 5790 sed
2684 5746 2783 5790 tua.
2846 5737 2907 5794 tu.
3068 5764 3075 5765 ν

2227 5798 2302 5862 (α)
2334 5798 2464 5863 apud
2487 5812 2585 5851 am.
2614 5809 2665 5852 et
2688 5804 2853 5866 [πφδ.
