4022 6500
289 509 668 585 quippealicis,
689 509 868 580 qualia
893 507 1116 563 dicenda
1155 516 1280 563 suut
1307 508 1358 562 in
1388 521 1504 574 eos,
1531 508 1620 577 qui
1649 522 1742 576 per
1769 507 1871 560 Ba-

288 605 542 675 ptismum
562 599 942 657 sanctificatam
963 607 1019 654 et
1035 598 1248 654 fidelem
1277 597 1469 653 factam
1489 598 1872 667 concupiscen-

285 699 412 751 tiam
437 695 618 750 carnis
666 692 934 748 affirmant
988 689 1041 745 in
1082 690 1181 755 eis,
1213 688 1264 744 in
1305 689 1498 759 quibus
1543 689 1870 759 regeneratis

282 793 466 842 manet
511 794 708 839 tamen.
746 782 853 838 Sed
903 781 1006 837 hoc
1035 781 1128 836 tibi
1168 782 1342 852 potius
1389 781 1478 852 qui
1517 795 1634 836 eam
1676 781 1868 835 bonam

283 877 564 947 pradicas.
595 875 844 928 convenit
870 873 1070 940 dicere,
1107 889 1126 924 ι
1164 879 1222 927 ut
1249 872 1390 928 bono
1417 872 1535 942 ejus
1564 871 1811 936 naturali,
1845 889 1864 921 ι

280 971 420 1026 sicut
459 969 530 1026 de
569 968 863 1024 infantibus
890 967 1086 1036 dicitis,
1136 985 1157 1018 ι
1189 966 1388 1021 bonum
1433 963 1869 1019 sanctificationis

278 1061 522 1130 accedat,
579 1080 598 1114 ι
632 1070 684 1117 et
727 1060 798 1116 sit
846 1059 1024 1114 carnis
1073 1057 1500 1127 concupiscentia
1543 1063 1725 1110 sancta
1775 1054 1867 1107 Dei

230 1146 232 1148 ’
277 1155 409 1210 tilia.
449 1153 560 1209 Nos
587 1162 764 1209 autem
791 1153 884 1222 qui
913 1166 1030 1207 eam
1056 1151 1248 1205 malam
1297 1149 1542 1214 dicimus,
1570 1158 1624 1202 et
1653 1160 1870 1201 manere

281 1256 462 1300 tamen
507 1246 560 1299 in
591 1244 889 1313 baptizatis,
939 1241 1181 1312 quamvis
1206 1250 1384 1295 reatus
1425 1242 1562 1308 ejus,
1614 1252 1718 1292 nou
1761 1251 1869 1305 quo

280 1343 397 1407 ipsa
433 1346 550 1393 erat
587 1351 678 1392 rea
709 1335 904 1408 (neque
941 1335 1082 1388 enim
1125 1334 1300 1403 aliqua
1347 1347 1573 1403 persona
1616 1329 1744 1402 est),
1776 1329 1867 1384 sed

278 1443 390 1497 quo
437 1443 589 1483 reum
621 1427 890 1482 hominem
933 1424 1265 1495 originaliter
1309 1421 1554 1488 faciebat,
1601 1419 1759 1475 fuerit
1783 1434 1870 1473 re-

279 1522 482 1576 missus
507 1529 664 1590 atque
690 1526 982 1583 vacuatus;
1011 1517 1150 1571 absit
1175 1524 1232 1570 ut
1259 1516 1497 1569 dicamus
1523 1512 1865 1575 sanctificari,

279 1627 403 1666 cum
429 1626 533 1680 qua
557 1624 778 1665 necesse
797 1609 995 1663 habent
1021 1607 1336 1678 regenerati,
1366 1605 1409 1659 si
1435 1620 1538 1658 non
1569 1604 1621 1657 in
1645 1617 1867 1657 vacuum

282 1703 378 1757 Dei
407 1701 632 1772 gratiam
657 1709 1025 1769 susceperunt,
1057 1697 1314 1753 intestino
1338 1694 1567 1766 quodam
1594 1693 1734 1748 bello
1747 1701 1869 1758 tan-

275 1808 443 1861 quam
467 1807 590 1848 cum
619 1792 771 1847 hoste
799 1790 1107 1862 conﬂigere,
1129 1797 1184 1844 et
1207 1787 1276 1843 ab
1303 1803 1365 1843 ea
1391 1795 1539 1857 peste
1561 1783 1870 1841 desiderare

276 1894 442 1954 atque
470 1892 657 1953 optare
679 1883 879 1938 sanari.

349 1973 444 2029 δί.
481 1971 615 2028 Nam
644 1972 690 2028 si
720 1981 998 2042 propterea
1042 1968 1196 2034 dicis,
1233 1968 1378 2023 nulla
1422 1967 1560 2021 mala
1589 1979 1869 2022 remanere

280 2069 333 2122 in
361 2066 662 2136 baptizatis,
694 2079 763 2120 ne
807 2065 919 2134 ipsa
965 2062 1106 2117 mala
1154 2061 1417 2131 baptizata
1445 2067 1499 2115 et
1539 2057 1867 2112 sanctificata

275 2159 608 2223 credantur;
653 2157 775 2213 vide
820 2165 1014 2226 quanta
1061 2165 1113 2209 te
1153 2161 1406 2224 sequatur
1445 2150 1762 2206 absurditas.
1811 2147 1867 2205 Si

277 2252 425 2307 enim
463 2247 717 2320 quidquid
745 2247 911 2303 estin
936 2245 1152 2300 homine
1177 2241 1390 2314 quando
1433 2240 1748 2310 baptizatur,
1778 2239 1869 2293 ba-

279 2341 472 2413 ptizari
511 2348 564 2396 et
605 2338 925 2394 sanctificari
965 2335 1254 2407 putandum
1283 2343 1404 2399 est;
1451 2333 1688 2387 dicturus
1728 2345 1788 2386 es
1817 2339 1871 2382 et

279 2435 399 2504 ipsa
432 2434 486 2488 in
514 2433 604 2488 illo
630 2429 888 2501 baptizari
915 2439 970 2485 et
990 2425 1331 2492 sanctificari,
1363 2439 1482 2493 quae
1511 2424 1562 2478 in
1603 2422 1870 2478 intestinis

278 2535 337 2582 et
378 2526 556 2581 vesica
599 2533 726 2579 sunt
773 2537 870 2592 per
927 2520 1252 2592 digestiones
1299 2515 1540 2586 corporis
1581 2513 1865 2585 egerenda.

282 2619 538 2673 Dicturus
571 2630 631 2670 es
657 2612 912 2684 baptizari
939 2622 994 2667 et
1017 2608 1339 2666 sanctificari
1383 2607 1652 2663 hominem
1681 2607 1736 2660 in
1759 2619 1871 2659 ma-

281 2710 382 2765 tris
410 2716 562 2763 utero
588 2705 955 2770 constitutum,
979 2703 1024 2757 si
1052 2701 1119 2756 ad
1162 2703 1264 2754 hoc
1299 2699 1700 2754 Sacramentum
1725 2695 1869 2750 acci-

281 2797 539 2871 piendum
565 2796 836 2868 gravidam
867 2793 1159 2849 necessitas
1183 2798 1374 2860 cogat;
1405 2798 1460 2844 et
1476 2788 1596 2844 ideo
1615 2787 1871 2858 baptizari

279 2892 391 2963 jam
423 2905 532 2944 non
571 2889 772 2944 debere
811 2887 902 2956 qui
931 2885 1189 2940 nascitur.
1227 2882 1506 2937 Postremo
1549 2878 1787 2935 dicturus
1812 2894 1872 2934 es

280 2983 507 3052 et-ipsas
533 2980 782 3050 baptizari
809 2988 864 3033 et
889 2975 1206 3032 sanctificari
1237 2973 1432 3039 febres,
1456 2971 1668 3042 quando
1693 2970 1870 3041 bapti-

282 3083 475 3131 zantur
514 3073 737 3144 aegroti;
782 3085 845 3126 ac
892 3085 985 3140 per
1031 3069 1132 3122 hoc
1163 3066 1415 3136 baptizari
1461 3073 1516 3120 et
1553 3061 1874 3119 sanctifleari

282 3168 448 3223 etiam
476 3181 635 3235 opera
657 3163 854 3218 diaboli
886 3180 898 3216 :
933 3162 1078 3216 velut
1103 3161 1148 3215 si
1176 3159 1369 3213 mulier
1397 3157 1486 3211 illa
1513 3155 1874 3225 baptizaretr

283 3267 574 3328 antequam
597 3263 896 3320 curaretur,
920 3266 1078 3322 quam
1103 3257 1316 3304 satanas
1342 3247 1397 3301 in
1427 3246 1733 3300 infirmitate
1756 3245 1873 3299 alli-

281 3355 504 3420 gaverat
526 3362 622 3417 per
640 3346 824 3400 decem
849 3353 905 3399 et
928 3353 1049 3397 octo
1069 3355 1240 3396 annos
1267 3338 1420 3411 (Luc.
1446 3353 1562 3404 xm,
1592 3337 1703 3407 Il).
1734 3336 1872 3404 Quid

283 3441 357 3495 de
384 3439 538 3493 malis
569 3437 736 3506 ipsius
777 3434 940 3490 animi
972 3431 1196 3503 loquar?
1239 3429 1422 3501 Cogita
1448 3436 1704 3499 quantum
1748 3427 1874 3482 mali

285 3530 377 3594 sit,
401 3527 677 3582 stultitiam
706 3535 889 3596 putare
913 3538 1033 3594 quae
1054 3530 1181 3578 sunt
1199 3521 1428 3591 Spiritus
1455 3519 1545 3574 Dei
1570 3534 1586 3585 ;
1619 3526 1676 3573 et
1698 3526 1873 3573 tamen

288 3621 426 3675 tales
468 3628 619 3675 erant
645 3633 781 3688 quos
825 3615 1112 3686 Apostolus
1155 3613 1331 3668 alebat
1377 3612 1533 3676 lacte,
1582 3625 1687 3666 non
1732 3610 1872 3666 cibo.

286 3711 552 3779 Numquid
580 3719 636 3765 et
663 3709 900 3765 stultitiae
921 3707 1062 3762 illius
1092 3716 1197 3761 tam
1222 3717 1472 3775 magnum
1503 3703 1724 3771 malum,
1745 3703 1873 3773 quia

285 3816 397 3864 non
430 3800 602 3856 fuerat
629 3801 953 3868 Baptismate
977 3797 1236 3860 ablatum,
1269 3793 1591 3864 baptizatum
1637 3792 1874 3848 sanctifi-

283 3901 573 3962 catumque
617 3890 860 3945 dicturus
899 3889 999 3944 es?
1037 3888 1128 3944 Sic
1149 3900 1276 3956 ergo
1316 3893 1372 3940 et
1391 3883 1834 3954 concupiscentia
1859 3923 1873 3948 ,

284 3999 410 4055 qua:
436 3991 620 4037 manet
658 3981 1005 4050 oppugnanda
1050 3989 1209 4048 atque
1254 3976 1510 4040 sananda,
1556 3975 1798 4046 quamvis
1823 3975 1874 4029 in

288 4077 566 4148 Baptismo
601 4073 820 4127 dimissa
867 4073 974 4125 sint
1014 4078 1202 4125 cuncta
1241 4069 1462 4123 omnino
1500 4077 1738 4138 peccata,
1768 4081 1874 4122 non

287 4170 468 4225 solum
512 4180 618 4221 non
662 4163 1044 4229 sanctificatur,
1087 4160 1181 4216 sed
1209 4161 1382 4230 potius
1425 4174 1494 4214 ne
1519 4158 1878 4214 sanctifica-tos

289 4269 510 4315 ceterum
554 4255 713 4310 morti
758 4253 1017 4309 obnoxios
1072 4251 1241 4321 possit
1289 4258 1494 4312 tenere,
1545 4257 1873 4304 evacuatur:

288 4350 418 4421 quia
447 4356 502 4403 et
538 4347 613 4402 illi
655 4345 746 4416 qui
788 4345 925 4399 lacte
959 4341 1255 4404 alebantur,
1301 4353 1408 4394 non
1437 4338 1611 4394 solido
1653 4337 1793 4403 cibo,
1825 4347 1879 4391 et

291 4442 470 4497 adhuc
509 4447 682 4494 erant.
705 4435 984 4499 animales,
1041 4447 1146 4487 non
1195 4430 1548 4501 percipientes
1593 4443 1714 4498 qua:
1756 4435 1879 4482 sunt

291 4532 524 4600 Spiritus
552 4529 664 4595 Dei,
711 4526 959 4596 quoniam
992 4521 1214 4578 stultitia
1241 4519 1348 4575 illis
1373 4518 1550 4574 adhuc
1573 4527 1722 4582 erat;
1753 4517 1799 4572 si
1825 4517 1878 4570 in

229 4631 232 4635 '
294 4623 383 4676 illa
411 4620 604 4675 mentis
627 4627 802 4681 tet-ate,
833 4630 937 4670 non
965 4615 1164 4678 carnis,
1196 4612 1263 4666 de
1291 4624 1514 4680 corpore
1543 4610 1796 4674 exissent,
1826 4609 1878 4662 in

295 4730 400 4784 qua
445 4721 602 4768 aetate
637 4711 757 4766 novi
802 4708 1044 4763 homines
1084 4704 1488 4774 appellabantur
1525 4703 1543 4735 ⁸
1579 4701 1780 4772 parvuli
1827 4701 1878 4756 in

295 4804 528 4868 Christo,
559 4801 704 4856 nullo
731 4807 880 4854 reatu
927 4796 1164 4851 stultitim
1191 4795 1334 4849 illius
1365 4801 1676 4848 tenerentur
1713 4808 1727 4844 :
1758 4791 1879 4860 quia

300 4894 401 4949 hoc
430 4893 512 4948 eis
542 4891 859 4947 beneficium
890 4887 1065 4943 fuerat
1089 4885 1490 4956 regeneratione
1518 4884 1790 4946 collatum,
1825 4893 1884 4937 ut

297 4983 536 5038 omnium
581 4981 866 5044 malorum,
917 4977 1113 5048 quibus
1156 4987 1211 5032 et
1253 4983 1433 5045 postea
1481 4974 1566 5028 vel
1607 4973 1884 5028 moriendo

301 5075 382 5130 vel
409 5072 738 5146 proficiendo
767 5071 975 5125 fuerant
1003 5067 1250 5130 exuendi,
1285 5075 1464 5122 reatus
1492 5065 1746 5120 continuo
1771 5065 1882 5120 sol-

301 5173 517 5221 veretur
567 5162 881 5217 remissione
928 5167 1268 5229 peccatorum
1318 5155 1588 5222 omnium,
1646 5153 1883 5208 nondum

301 5256 541 5312 omnium
569 5254 795 5308 sanitate
822 5252 1153 5305 morborum.
1185 5247 1285 5314 Qui
1309 5256 1482 5300 tamen
1505 5254 1683 5301 reatus
1708 5253 1886 5302 teneat

303 5360 526 5404 necesse
568 5352 650 5399 est
675 5359 816 5407 eum,
849 5341 938 5411 qui
971 5339 1262 5396 secundum
1306 5352 1520 5391 carnem
1559 5344 1880 5404 generatur;

301 5439 424 5508 quia
463 5449 570 5490 non
601 5434 701 5488 nisi
741 5433 789 5486 ei
816 5431 1124 5494 remittitur,
1174 5429 1260 5498 qui
1311 5425 1600 5481 secundum
1641 5425 1883 5494 spiritum

304 5536 670 5600 regeneratur.
706 5525 746 5581 A
775 5532 949 5578 morte
983 5522 1176 5591 quippe
1202 5518 1510 5590 justissima:
1535 5517 1886 5571 damnationis

367 5642 380 5670 ¹
423 5638 576 5695 Istud,
621 5635 671 5686 in
709 5647 804 5694 qua
841 5637 980 5696 (etate
1020 5643 1125 5679 nom
1171 5627 1380 5696 homines
1401 5632 1791 5696 appellabantur,
1823 5639 1886 5696 ,ιιι

307 5702 452 5750 editis
483 5692 822 5759 tranSpositum
844 5695 932 5742 fuit
963 5692 1348 5759 antesuperiora
1373 5692 1550 5759 verba,
1582 5702 1675 5737 mm
1695 5692 1884 5759 {IIII-tis,

307 5749 590 5823 decerpere
617 5749 852 5810 exissent.
900 5749 1176 5806 Restituitur
1202 5751 1248 5801 in
1273 5765 1410 5800 suum
1457 5749 1612 5800 locum
1651 5749 1708 5798 ad
1745 5749 1887 5798 fidem

308 5829 414 5872 lxi.

1639 393 1836 449 LIBER
1875 390 2166 449 SEXTUS.

3459 401 3560 458 εει

1980 521 2074 575 per
2103 519 2264 560 unum
2295 507 2636 563 Mcdiatorcm
2669 509 2761 565 Dei
2788 519 2842 565 et
2876 511 3146 567 hominum
3175 512 3430 568 liberatur
3461 531 3556 585 ge-

1980 613 2080 651 nus
2125 598 2433 666 humanum,
2465 615 2569 655 non
2612 617 2642 656 a
2673 614 2842 658 morte
2867 606 3108 674 corporis
3146 615 3370 672 tantum,
3409 607 3501 662 sed
3525 624 3555 661 a

1979 698 2148 750 morte
2185 704 2286 759 qua
2336 692 2526 745 mortui
2575 702 2719 756 sunt,
2767 709 2862 762 pro
2902 695 3094 764 quibus
3137 711 3274 753 unus
3313 708 3555 753 mortuus

1977 789 2077 833 cst.
2129 781 2196 836 Et
2221 783 2340 852 quia
2381 798 2476 851 pro
2519 786 2763 841 omnibus
2806 798 3045 842 mortuus
3083 797 3184 856 est,
3212 803 3338 861 ergo
3369 805 3554 847 omnes

1976 871 2171 925 mortui
2197 881 2338 927 sunt.

2045 961 2273 1017 CAPUT
2310 963 2497 1019 XVIII.
2542 995 2612 1005 —-
2651 967 2740 1023 55.
2781 967 2932 1034 Quod
2982 985 3108 1024 vero
3157 979 3208 1026 te
3252 969 3406 1026 libuit
3444 982 3552 1026 tam

1976 1050 2199 1104 multum
2225 1051 2294 1107 de
2319 1053 2632 1123 qualitatum
2661 1055 2957 1112 differentia
2990 1059 3281 1130 disputare,
3307 1062 3427 1132 quia
3455 1076 3554 1130 ego

1975 1142 2141 1198 semel
2171 1144 2435 1200 nominavi
2461 1147 2792 1218 qualitatem,
2819 1148 3020 1217 dicens,
3052 1171 3070 1204 ι
3104 1167 3208 1206 non
3234 1153 3552 1207 subatantia-

1977 1236 2096 1293 liter
2121 1253 2338 1296 manere
2379 1243 2863 1314 concupiscentiam
2894 1287 2909 1311 ,
2944 1245 3080 1299 sicut
3106 1260 3297 1315 corpus
3338 1246 3548 1316 aliquod
3589 1261 3592 1264 ’

1973 1337 2064 1384 aut
2105 1331 2390 1401 spiritum;
2421 1333 2516 1388 sed
2556 1348 2675 1390 esse
2701 1333 3035 1390 affectionem
3075 1335 3357 1405 quamdam
3401 1336 3552 1390 malze

1973 1422 2261 1491 qualitatis,
2307 1423 2443 1479 sicut
2487 1433 2570 1480 est
2597 1425 2817 1496 languor
2849 1443 2870 1478 ι
2909 1426 3011 1498 (De
3052 1425 3258 1496 Nuptiis
3285 1435 3329 1481 et
3355 1425 3552 1481 Coum-

1931 1508 1938 1512 ’
1976 1514 2234 1582 piscenu'a,
2263 1515 2349 1569 lib.
2380 1516 2432 1578 1,
2463 1531 2516 1568 ιι.
2546 1514 2639 1586 28)
2672 1535 2687 1572 :
2715 1516 2857 1570 itane
2884 1517 3013 1570 nihil
3043 1516 3108 1569 ad
3141 1531 3252 1572 rem
3280 1518 3550 1586 pertinere

1976 1621 2079 1660 non
2108 1607 2318 1662 sentis?
2345 1607 2524 1662 Primo
2545 1609 2687 1664 enim
2718 1607 2872 1674 dicis,
2909 1627 2928 1661 ι
2967 1625 3053 1664 me
3079 1617 3312 1664 mutasse
3337 1619 3553 1664 senten.

1975 1699 2120 1764 tiam,
2149 1708 2205 1754 et
2222 1701 2588 1756 immemorem
2619 1700 2780 1755 totius
2806 1699 2927 1756 libri
2948 1702 3051 1756 mei
3076 1701 3368 1770 professum
3390 1700 3552 1755 fuisse

1973 1793 2321 1848 substantiam
2371 1808 2490 1849 esse
2547 1793 2840 1849 libidinem.
2895 1808 2917 1846 ι
2975 1792 3182 1848 Revera
3238 1792 3451 1846 eVoluto
3497 1802 3552 1847 et

1972 1884 2248 1938 enucleate
2285 1883 2421 1939 libro
2451 1898 2571 1938 meo
2599 1899 2705 1939 non
2732 1898 2790 1938 es
2816 1892 3123 1954 reperturus
3163 1898 3247 1936 me
3277 1881 3548 1936 libidinem

1972 1975 2318 2029 substantiam
2345 1975 2549 2031 dixisse
2574 1975 2656 2030 vel
2681 1975 2864 2030 semel.
2899 1975 3153 2030 Dixerunt
3177 1989 3294 2029 eam
3335 1975 3548 2045 quidam

1973 2065 2271 2136 philosOphi
2299 2075 2500 2136 partem
2524 2065 2687 2120 animi
2715 2079 2835 2121 esse
2857 2065 3098 2120 vitiosam
3119 2082 3132 2118 :
3151 2073 3206 2120 et
3221 2065 3399 2135 utique
3429 2080 3552 2135 pars

1971 2159 2132 2212 animi
2183 2158 2473 2213 substantia
2508 2167 2613 2226 est,
2661 2159 2780 2228 quia
2824 2158 3115 2213 substantia
3157 2165 3240 2213 est
3281 2157 3393 2228 ipse
3439 2157 3552 2212 ani-

1973 2265 2109 2304 mus.
2139 2249 2243 2306 Sed
2268 2265 2370 2321 ego
2398 2251 2566 2321 ipsum
2594 2249 2801 2317 vitium,
2824 2265 2932 2320 quo
2958 2250 3165 2304 animus
3188 2249 3268 2303 vel
3294 2250 3396 2303 ulla
3428 2265 3550 2320 pars

1972 2341 2089 2411 ejus
2140 2342 2240 2396 isto
2275 2341 2434 2396 modo
2463 2341 2651 2395 vitiosa
2696 2350 2798 2406 est,
2829 2341 3106 2396 libidinem
3136 2341 3276 2404 dico,
3320 2350 3375 2393 ut
3403 2339 3548 2394 omni

1974 2433 2101 2486 vitio
2145 2441 2332 2486 sanato
2377 2431 2520 2485 salva
2568 2430 2638 2487 sit
2685 2440 2793 2486 tota
2841 2430 3156 2487 substantia.
3206 2430 3339 2499 Quia
3389 2441 3440 2484 ct
3477 2430 3550 2486 illi

1975 2522 2270 2592 philosophi
2314 2523 2580 2577 locutione
2607 2522 2806 2591 tropica
2840 2522 2966 2576 mihi
3013 2521 3261 2577 videntur
3307 2523 3549 2576 vitiosam

1975 2621 2177 2683 partem
2206 2614 2365 2668 animi
2409 2614 2705 2683 appellasse
2734 2613 3026 2679 libidinem,
3061 2615 3112 2667 in
3144 2631 3243 2684 qua
3275 2625 3424 2684 parte
3469 2625 3551 2668 est

1975 2707 2162 2763 vitium
2191 2706 2330 2779 quod
2360 2715 2578 2763 vocatur
2621 2707 2801 2776 libido,
2852 2708 2988 2763 sicut
3019 2708 3315 2779 appellatur
3357 2711 3550 2764 domus

1977 2813 2071 2869 pro
2097 2798 2174 2854 eis
2194 2799 2282 2868 qui
2307 2807 2430 2854 sunt
2458 2799 2509 2853 in
2539 2798 2716 2854 domo.

2044 2889 2134 2944 54.
2173 2889 2373 2945 Deinde
2411 2897 2462 2943 te
2507 2890 2664 2945 nimis
2687 2890 2856 2945 acutis
2888 2889 3283 2945 dialecticorum
3309 2889 3430 2946 telis
3459 2891 3544 2944 iu-

1974 2979 2181 3034 cautius
2203 2980 2523 3047 exercendo,
2554 2994 2755 3051 nosque
2781 2981 3069 3050 jactantius
3099 2982 3412 3047 territando,
3459 2997 3552 3038 se-

1974 3078 2114 3126 ctam
2145 3082 2378 3127 vestram
2415 3071 2682 3127 lethaliter
2719 3072 3027 3130 vulnerasti.
3062 3073 3310 3129 Dividens
3355 3075 3551 3145 quippe

1974 3170 2134 3232 atque
2181 3162 2443 3218 definiens
2494 3163 2579 3218 vel
2639 3164 2800 3218 etiam
2864 3164 3171 3221 describens
3228 3165 3554 3222 differentias

1975 3253 2310 3325 qualitatum,
2343 3255 2482 3309 inter
2506 3263 2697 3310 caetera
2724 3271 2738 3309 :
2772 3271 2792 3307 ι
2823 3254 3002 3310 Tertia
3049 3256 3259 3326 species
3285 3255 3558 3326 qualitatis

1976 3353 2078 3410 est,
2110 3363 2130 3397 ι
2161 3343 2358 3414 inquis,
2394 3361 2413 3397 ι
2442 3342 2651 3399 aﬂ'ectio
2676 3353 2731 3398 et
2759 3343 3108 3400 afl‘ectionalis
3138 3346 3379 3415 qualitas.
3408 3344 3554 3401 Affe-

1976 3436 2084 3491 ctie
2109 3442 2285 3490 autem
2331 3435 2385 3490 in
2409 3435 2666 3506 qualitate
2693 3437 2763 3491 ob
2793 3437 2894 3491 hoc
2929 3437 3163 3508 ponitur,
3195 3456 3214 3490 ι
3249 3438 3348 3502 ais,
3383 3456 3402 3490 ι
3435 3440 3554 3508 quia

1978 3526 2293 3598 principium
2320 3527 2628 3596 qualitatum
2672 3535 2789 3591 est;
2836 3529 2918 3581 cui
2946 3527 3106 3582 etiam
3152 3535 3463 3598 reputantur
3490 3527 3556 3582 ad

1979 3624 2305 3673 momentum
2332 3617 2648 3673 accedentes
2687 3617 3104 3687 recedentesque
3142 3627 3233 3673 aut
3275 3619 3434 3673 animi
3465 3631 3558 3672 aut

1978 3709 2220 3780 corporis
2257 3709 2553 3777 passiones.
2589 3707 2955 3764 Affectionalis
2980 3723 3108 3763 vero
3135 3708 3383 3779 qualitas,
3416 3727 3436 3762 ι
3471 3709 3555 3763 in-

1978 3800 2119 3870 quis,
2161 3818 2180 3852 t
2209 3800 2459 3854 omnibus
2485 3799 2676 3869 quibus
2717 3800 2977 3866 evenerit,
3025 3813 3090 3855 ex
3125 3799 3414 3869 majoribus
3442 3809 3555 3855 orta

1979 3891 2155 3946 causis
2179 3887 2250 3944 ita
2275 3889 2597 3952 inhaerescit,
2627 3897 2800 3944 utaut
2829 3891 3035 3960 magnis
3063 3889 3444 3952 molitionibns,
3469 3899 3559 3944 aut

1980 3981 2140 4035 nullis
2179 3981 2400 4035 omnino
2438 3989 2734 4049 separetur.
2767 3999 2786 4032 ι
2819 3981 2942 4036 Hmc
2967 3979 3179 4050 quidem
3223 3981 3351 4035 satis
3392 3981 3560 4050 expli-

1981 4069 2112 4125 casti
2133 4069 2422 4124 scientibus
2449 4085 2464 4124 :
2488 4068 2582 4122 sed
2610 4068 2732 4138 quia
2757 4068 3129 4124 contemnendi
3159 4085 3262 4122 non
3287 4079 3430 4134 sunt,
3463 4070 3551 4139 qui

1980 4161 2165 4218 lecturi
2207 4161 2370 4216 libros
2414 4169 2625 4216 nostros
2647 4160 2943 4228 disciplinae
2981 4160 3139 4229 hujus
3182 4161 3350 4229 ignari
3395 4170 3553 4218 sunt;

1981 4253 2121 4323 quod
2140 4252 2330 4307 deesse
2357 4251 2530 4316 video,
2560 4251 2747 4306 faciam
2769 4261 2827 4305 ut
2853 4267 2883 4306 a
2913 4267 2998 4306 me
3029 4253 3359 4306 illustrantur
3376 4265 3560 4307 exem-‘

1985 4345 2102 4414 plis.
2147 4343 2411 4411 Quantum
2455 4342 2522 4397 ad
2571 4343 2808 4396 animum
2853 4343 3061 4407 attinet,
3118 4342 3328 4397 affectio
3366 4351 3448 4398 est
3495 4343 3562 4398 tia

1984 4451 2163 4503 mere;
2211 4434 2558 4492 at'fectioaalis
2602 4435 2830 4504 qualitas
2855 4477 2872 4502 ,
2921 4435 3162 4490 timidum
3228 4448 3348 4490 esse
3380 4476 3392 4490 .
3425 4435 3560 4489 sicut

1984 4527 2123 4584 aliud
2153 4537 2238 4583 est
2269 4527 2460 4592 iratus,
2484 4526 2634 4580 aliud.
2663 4526 2978 4588 iracundus;
3004 4527 3143 4582 aliud
3176 4527 3382 4594 ebrius,
3416 4527 3558 4582 aliud

1984 4619 2226 4674 ebriosus
2252 4635 2266 4671 :
2290 4617 2395 4673 illa:
2420 4616 2746 4682 affectiones,
2777 4616 2892 4672 ista:
2917 4615 3277 4672 aﬂ'ectionales
3297 4626 3422 4672 sunt
3441 4632 3562 4687 qua-

1987 4709 2187 4764 litates.
2229 4708 2494 4775 Quantum
2543 4715 2720 4761 autem
2765 4706 2830 4760 ad
2875 4721 3089 4776 corpus,
3137 4706 3272 4761 sicut
3301 4707 3442 4761 aliud
3481 4715 3563 4763 est

1988 4801 2219 4880 pallens,
2239 4799 2380 4854 aliud
2405 4797 2667 4869 pallidus;
2695 4797 2839 4852 aliud
2875 4797 3094 4866 rubens,
3127 4797 3268 4854 aliud
3305 4800 3561 4854 rubicun-

1987 4892 2123 4947 dus:
2153 4901 2208 4946 et
2241 4891 2285 4946 si
2314 4905 2414 4961 qua
2459 4889 2781 4959 bujusmodi,
2819 4903 3044 4958 quorum
3085 4889 3327 4960 plurimis
3366 4889 3556 4945 desunt

1990 4983 2179 5037 usitata
2211 4982 2486 5036 vocabula.
2513 4979 2644 5035 Cum
2675 4979 2850 5049 itaque
2872 4979 3093 5042 dixeris.
3123 4998 3142 5032 ι
3170 4981 3560 5037 afl‘ectionalem

1989 5072 2294 5143 qualitatem
2319 5079 2490 5125 ortam
2519 5085 2582 5124 ex
2611 5069 2902 5139 majoribus
2928 5069 3123 5137 uitreis,
3167 5079 3328 5141 atque
3363 5071 3434 5124 ita
3477 5070 3530 5124 in
3550 5101 3574 5112 -

1992 5163 2306 5225 bmrescere,
2337 5169 2391 5214 ut
2413 5170 2504 5214 aut
2533 5160 2737 5229 magnis
2761 5159 3140 5222 molitionibns,
3177 5170 3266 5215 aut
3291 5160 3447 5216 nullis
3471 5173 3530 5213 se
3547 5187 3567 5197 -

1993 5261 2250 5324 paretur:
2287 5254 2309 5304 »⁷
2361 5251 2573 5322 quando
2623 5251 2912 5306 secundum
2953 5268 3070 5307 eam
3117 5253 3308 5308 dicitur
3353 5251 3558 5304 animus

1993 5347 2184 5410 malus,
2215 5344 2298 5399 vel
2329 5343 2504 5412 potius
2525 5342 2687 5398 homo
2713 5342 2916 5409 malus;
2940 5358 3118 5399 nonne
3137 5343 3346 5407 metuis,
3375 5357 3442 5395 ne
3472 5357 3562 5393 vo-

1995 5436 2168 5490 luntas
2195 5435 2332 5489 bona
2362 5443 2453 5487 aut
2488 5448 2593 5487 non
2623 5433 2692 5487 ibi
2735 5447 2858 5488 esse
2887 5434 3073 5503 possit,
3105 5441 3197 5486 aut
3225 5433 3400 5488 valere
3428 5431 3558 5486 nihil

1994 5525 2196 5596 possit?
2225 5524 2412 5578 Nonne
2441 5522 2711 5589 concedis,
2736 5523 3003 5578 hominem
3027 5521 3300 5587 miserum,
3326 5521 3560 5588 quicum-

1995 5633 2097 5690 que
2121 5616 2214 5670 ille
2252 5615 2322 5671 sit
2351 5614 2432 5670 vel
2460 5613 2639 5677 fuerit,
2661 5622 2806 5670 certe
2833 5611 3085 5667 adversus
3115 5610 3272 5665 talem
3303 5610 3562 5664 clamasse

1997 5710 2322 5780 qualitatem,
2353 5705 2492 5762 Velle
2517 5706 2714 5778 adjacet
2737 5703 2896 5767 mihi;
2926 5703 3164 5772 perﬁcere
3193 5713 3360 5756 autem
3381 5701 3564 5755 bonum

1999 5816 2095 5853 non
2125 5798 2358 5851 invenio?
2383 5796 2682 5870 llicsulfcm
2714 5792 2949 5849 fatemini
2967 5806 3099 5859 ,esse
3127 5792 3346 5847 istorum
3372 5791 3563 5848 verbo.
