4022 6474
475 350 582 408 865

471 485 592 522 ram
623 468 876 539 gemitum
916 467 1273 524 necessarium
1305 486 1319 522 :
1348 468 1470 534 Quis
1497 485 1573 521 me
1597 467 1822 522 liberabit
1848 471 1914 522 de
1935 483 2053 522 cor-

471 575 594 627 pore
613 560 790 614 mortis
817 559 1012 630 hujus?
1038 558 1216 613 Gratia
1240 557 1331 612 Dei
1358 577 1445 628 per
1463 557 1496 611 J
1502 576 1639 612 esum
1659 557 1914 613 Christum
1943 555 2055 612 Do-

470 651 664 703 minum
692 659 916 704 nostrum
945 647 1120 720 (Rom.
1149 664 1240 715 νη,
1278 649 1364 714 18,
1391 649 1483 714 2i,

539 743 629 797 55.
669 741 1024 810 Quapropter,
1071 740 1404 810 quantolibet
1459 750 1510 794 te
1566 739 1825 793 adversus
1867 737 2052 791 oculos

470 832 839 903 imperitorum
869 831 1150 886 dialectico
1197 831 1430 901 tegmine
1468 830 1729 896 involvas,
1770 827 2051 884 manifesta

465 923 688 980 veritate
717 922 1026 978 nudaberis.
1056 923 1170 993 Ego
1197 931 1446 992 tanquam
1475 920 1831 976 valetudinem
1859 920 2049 974 malam

464 1032 529 1069 ex
558 1014 766 1085 origine
792 1015 970 1069 vitiata
1001 1014 1291 1085 ingenitum
1322 1028 1442 1068 esse
1470 1011 1672 1068 homini
1697 1011 1818 1066 dico
1842 1011 2049 1077 vitium,

461 1121 568 1176 quo
593 1120 718 1160 caro
755 1105 1084 1174 concupiscit
1107 1105 1362 1159 adversus
1381 1103 1624 1184 Spiritum
1652 1118 1668 1166 ;
1700 1111 1755 1158 et
1784 1102 1883 1156 hoc
1913 1102 2052 1155 malo

463 1197 600 1252 bene
626 1196 699 1250 uti
732 1197 921 1266 pudica
950 1195 1216 1266 conjugia,
1246 1209 1368 1250 cum
1405 1209 1472 1249 eo
1511 1202 1732 1248 utuntur
1761 1192 2050 1264 generandi

459 1302 658 1351 causa;
693 1287 784 1342 sed
825 1287 926 1342 isto
957 1287 1081 1341 mali
1123 1301 1219 1341 usu
1247 1285 1389 1340 bono
1425 1285 1626 1340 laudari
1656 1292 1913 1346 utentem,
1946 1299 2050 1337 non

464 1382 638 1452 ipsum
682 1381 900 1436 malum.
931 1380 1116 1450 Neque
1161 1380 1304 1435 enim
1345 1380 1541 1434 malum
1570 1380 1740 1449 ipsum
1773 1387 1858 1435 est
1899 1379 2054 1434 inno-

461 1491 613 1540 cens,
645 1475 740 1533 scd
779 1478 961 1542 homo,
994 1477 1082 1546 qui
1111 1475 1235 1531 facit
1258 1483 1318 1530 ιιι
1351 1475 1547 1530 malum
1577 1489 1754 1540 suum,
1778 1488 1886 1544 quo
1914 1473 2051 1528 bene

465 1567 632 1621 utitur
657 1569 706 1622 ei
739 1582 930 1622 nocere
961 1582 1067 1620 non
1100 1566 1288 1636 possit.
1317 1565 1466 1621 Sicut
1489 1579 1655 1632 mors,
1683 1579 1806 1620 cum
1831 1565 1902 1618 sit
1926 1578 2054 1634 sup—

463 1658 679 1726 plicium
707 1658 1026 1729 peccatoris,
1057 1658 1200 1712 bono
1229 1658 1354 1712 mali
1391 1673 1490 1713 usu
1528 1656 1818 1713 accedente
1847 1657 1907 1712 fit
1934 1671 2050 1712 me-

464 1751 625 1804 ritum
688 1749 957 1821 martyris.
1022 1749 1326 1820 Percipitur
1375 1758 1554 1804 autem
1610 1749 1661 1803 in
1726 1749 2053 1819 Baptismate

464 1840 757 1894 christiano
782 1839 1016 1910 perfecta
1047 1839 1274 1905 novitas,
1310 1847 1365 1895 et
1390 1839 1623 1909 perfecta
1649 1839 1850 1894 sanitas
1871 1838 1940 1893 ab
1972 1837 2052 1893 eis

467 1931 622 1985 malis
669 1931 870 1985 nostris
909 1929 1104 2000 quibus
1144 1945 1358 1986 eramus
1402 1930 1512 1997 rei;
1553 1945 1661 1985 non
1701 1929 1769 1985 ab
1810 1929 1889 1984 eis
1928 1944 2050 1984 eum

461 2023 654 2093 quibus
678 2021 854 2078 adhuc
891 2021 1284 2094 confligendum
1313 2030 1395 2078 est
1421 2037 1489 2078 ne
1517 2023 1685 2078 simus
1709 2021 1824 2085 rei;
1855 2037 1976 2076 cum
1999 2030 2055 2078 et

465 2113 578 2182 ipsa
607 2113 658 2168 in
679 2113 834 2169 nobis
859 2113 985 2179 sint,
1009 2128 1111 2169 nec
1140 2113 1335 2180 aliena,
1363 2112 1456 2168 sed
1481 2121 1662 2167 nostra
1689 2112 1815 2167 sint.
1843 2111 1973 2167 Nam
1999 2120 2047 2166 et

466 2203 771 2260 rinolentiae
797 2203 1170 2261 consuetudini
1207 2205 1393 2275 utique
1422 2205 1598 2268 make,
1626 2219 1784 2274 quam
1826 2204 1927 2259 sibi
1956 2203 2053 2259 ho-

463 2295 636 2351 mines
665 2293 933 2362 fecerunt,
986 2312 1096 2350 non
1141 2296 1410 2351 nascendo
1455 2305 1752 2361 traxerunt,
1797 2296 2054 2351 resistunt

466 2395 585 2456 post
606 2387 956 2458 Baptismum,
987 2403 1054 2444 ne
1075 2403 1168 2444 eos
1197 2388 1265 2444 ad
1309 2389 1447 2443 mala
1475 2388 1626 2443 solita
1656 2389 1927 2458 pertrahat
1957 2406 1970 2443 :
1997 2397 2052 2443 et

465 2488 642 2534 tamen
670 2478 810 2533 malo
833 2479 1121 2545 resistitur,
1151 2479 1277 2533 dum
1323 2480 1770 2549 concupiscentiae
1811 2495 1904 2549 per
1931 2495 2050 2534 con-

461 2555 737 2625 tineutiam
761 2569 1077 2640 denegatur,
1101 2570 1242 2641 quod
1269 2586 1364 2641 per
1387 2571 1827 2627 consuetudinem
1853 2586 2052 2626 concu-

458 2661 702 2729 piscitur.
733 2661 887 2718 Unde
922 2663 1082 2717 etiam
1109 2671 1291 2717 contra
1322 2662 1476 2717 istam
1506 2662 1816 2732 genitalium
1847 2677 2048 2717 concu-

461 2752 794 2819 piscentiam,
823 2768 942 2824 quae
965 2753 1196 2822 ingenita
1230 2753 1386 2808 nobis
1409 2762 1490 2808 est
1511 2768 1606 2820 per
1634 2752 1894 2820 originale
1922 2767 2048 2822 pec-

462 2851 660 2909 catum,
693 2844 1061 2900 vehementius
1089 2844 1246 2899 vidua
1273 2860 1431 2915 quam
1467 2845 1644 2914 virgo;
1671 2844 2039 2901 vehementius

463 2937 717 2992 meretrix
747 2937 959 3006 quando
991 2947 1135 2992 casta
1167 2953 1286 2992 esse
1313 2937 1561 3001 voluerit,
1589 2953 1745 3008 quam
1767 2953 1885 3007 qua:
1908 2953 2050 2994 sem-

465 3042 562 3096 per
587 3027 684 3082 fuit
712 3037 881 3094 casta,
909 3028 1144 3099 confligit
1173 3045 1187 3084 :
1219 3038 1272 3084 et
1300 3036 1444 3083 tanto
1472 3028 1697 3098 amplius
1725 3028 1776 3082 in
1797 3044 1859 3084 ea
1886 3043 2047 3100 supev

463 3117 632 3174 randa
659 3119 902 3174 voluntas
929 3119 1210 3186 laborabit,
1241 3128 1439 3189 quanto
1468 3120 1701 3190 majores
1743 3121 1791 3176 ei
1832 3135 2050 3176 consue-

463 3210 594 3265 tudo
622 3211 762 3266 vires
788 3211 955 3267 dedit.
990 3211 1069 3266 Ex
1109 3211 1210 3266 isto
1253 3219 1309 3266 et
1349 3226 1471 3266 cum
1503 3212 1606 3268 isto
1633 3211 1863 3266 hominis
1907 3212 2050 3267 malo

465 3302 701 3364 nascitur
735 3302 931 3356 homo:
961 3302 1101 3373 quod
1142 3303 1338 3357 malum
1377 3317 1474 3374 per
1497 3318 1556 3358 se
1580 3303 1753 3372 ipsum
1794 3314 1901 3356 tam
1929 3319 2048 3357 ma-

462 3409 626 3464 gnum
651 3403 756 3461 est,
790 3403 844 3449 ct
869 3394 935 3448 ad
967 3393 1200 3450 hominis
1226 3393 1620 3450 damnationem
1646 3405 1805 3463 atque
1827 3409 1857 3448 a
1883 3409 2049 3464 regno

463 3485 558 3540 Dei
575 3486 964 3556 separationem
983 3493 1185 3540 tantum
1205 3485 1363 3540 habet
1378 3485 1738 3556 obligationis,
1759 3494 1814 3539 ut
1837 3485 2047 3540 etiamsi

463 3576 533 3632 de
558 3577 866 3646 parentibus
885 3579 1216 3648 regeneratis
1239 3577 1498 3641 trahatur,
1527 3577 1761 3642 nonnisi,
1793 3577 2051 3646 quemad-

464 3671 681 3726 modum
721 3670 773 3724 in
818 3671 945 3734 illis,
992 3671 1102 3725 sola
1147 3669 1554 3740 regeneratione
1591 3671 1848 3734 solvatur,
1890 3679 2049 3740 atque

463 3765 568 3819 isto
601 3764 758 3818 unico
787 3763 1022 3819 remedio
1058 3765 1374 3833 praepositus
1411 3765 1600 3819 mortis
1625 3779 1656 3817 a
1700 3763 1850 3832 prole
1879 3764 2047 3833 pella-

464 3864 571 3916 tur,
613 3869 720 3924 quo
767 3867 798 3907 a
842 3854 1152 3924 parentibus
1188 3862 1272 3909 est
1297 3853 1484 3926 pulsus
1503 3855 1543 3908 ⁸.
1586 3854 1826 3921 Qualitas
1869 3861 2045 3911 autem

465 3946 590 4000 mali
628 3962 732 4001 non
770 3946 822 4001 in
862 3946 1214 4002 substantiam
1247 3945 1316 4001 de
1358 3945 1652 4001 substantia
1691 3956 1939 4016 tanquam
1981 3946 2049 4003 de

462 4038 584 4094 loco
606 4037 656 4092 in
692 4037 865 4094 locum
896 4039 1107 4108 migrat,
1131 4047 1188 4092 ut
1212 4038 1425 4094 deserat
1449 4038 1537 4093 ubi
1569 4047 1703 4103 erat,
1734 4047 1926 4108 etquae
1953 4038 2050 4094 fuit

463 4130 560 4196 ibi,
588 4131 700 4200 ipsa
739 4129 810 4186 sit
838 4130 998 4196 alibi;
1028 4129 1124 4186 sed
1153 4131 1257 4186 alia
1282 4131 1518 4200 ejusdem
1555 4132 1789 4202 generis,
1816 4131 2045 4200 quodam

463 4229 716 4290 operante
735 4220 1002 4292 contagio,
1034 4219 1176 4290 quod
1199 4221 1361 4276 etiam
1383 4221 1450 4276 de
1477 4221 1737 4278 morbidis
1768 4232 2047 4292 parentum

461 4313 774 4382 corporibus
795 4313 931 4368 solet
957 4312 1176 4367 evenire
1201 4312 1564 4367 nascentibus.

533 4403 624 4458 56.
663 4402 798 4470 Quid
816 4410 991 4457 autem
1013 4402 1192 4457 dicere
1210 4402 1444 4468 voluisti,
1465 4402 1615 4472 quasi
1637 4420 1658 4454 ι
1676 4402 1936 4458 claudens
1955 4404 1999 4466 ',
2022 4421 2042 4456 ι

465 4503 524 4549 ιιι
543 4493 799 4564 loqueris,
832 4511 852 4546 ι
882 4492 1181 4547 Aristotelis
1205 4492 1529 4561 palaestram,
1559 4501 1617 4546 ut
1643 4492 1765 4548 inde
1779 4492 1844 4546 ad
1868 4507 2048 4547 sacras

468 4587 696 4643 Litteras
739 4587 1113 4644 revertaris?»
1150 4589 1243 4642 Ais
1279 4587 1460 4641 enim:
1494 4603 1514 4638 ι
1545 4585 1746 4642 Sensus
1777 4594 1861 4642 est
1889 4586 2049 4655 igitur

463 4679 932 4746 concupiscentia,
984 4687 1041 4733 et
1091 4679 1228 4733 mala
1282 4677 1506 4748 qualitas
1556 4691 1661 4730 non
1709 4676 1834 4732 est'
1871 4691 2047 4747 :ergo

464 4769 679 4837 quando
708 4771 966 4825 minuitur
991 4769 1444 4840 concupiscentia,
1485 4782 1676 4823 sensus
1714 4767 1990 4822 minuitur.
2021 4785 2040 4820 ι

467 4863 659 4914 Annon
697 4876 796 4931 per
822 4860 1309 4930 concupiscentiam
1336 4859 1593 4914 castitatis
1617 4866 1673 4914 et
1705 4858 2048 4914 continentia:

465 4951 703 5019 quotidie
739 4953 915 5007 carnis
957 4952 1385 5022 concupiscentia
1428 4951 1596 5022 magis
1631 4951 1903 5022 magisque
1947 4951 2044 5005 mi-

462 5045 684 5100 nuitur?
711 5045 914 5100 Vellem
954 5044 1132 5115 itaque
1161 5045 1289 5098 mihi
1312 5044 1540 5110 diceres,
1564 5053 1742 5099 utrum
1779 5060 1810 5098 a
1855 5044 2046 5100 morbo

528 5202 542 5232 ¹
581 5208 682 5250 nuc
717 5213 748 5249 e
780 5201 998 5258 margine
1023 5199 1250 5249 translata
1283 5197 1600 5248 fuerantharc
1622 5199 1807 5246 verba:
1836 5197 2047 5258 (molitus

460 5259 774 5328 aﬂ'ectionafis
788 5253 974 5328 melius
985 5259 1247 5311 substantia
1256 5262 1322 5310 ad
1336 5258 1645 5328 substantiam
1659 5272 1749 5308 non
1765 5257 2048 5328 emigrando

461 5319 633 5387 transit
647 5362 660 5382 ,
683 5324 768 5374 sed
791 5323 1000 5387 quodam
1014 5329 1248 5387 operante
1262 5322 1494 5387 contagio,
1520 5319 1573 5387 id
1596 5328 1682 5377 est,
1708 5319 2046 5387 concupiscen-

460 5384 544 5438 tia!
561 5387 738 5448 affectu
755 5421 770 5446 ,
805 5381 938 5448 sicut
960 5381 1320 5448 de'pamuibus
1337 5381 1574 5448 marbidis
1595 5381 1840 5448 morbida
1861 5381 2047 5448 soboles

458 5443 765 5510 procreatur.
787 5447 1000 5510 Delenda
1025 5443 1074 5494 in
1099 5454 1213 5495 ante
1233 5445 1404 5505 editis,
1449 5457 1559 5494 cum
1595 5443 1670 5493 his
1707 5450 1904 5492 careant
1922 5444 2046 5492 anti-

459 5509 665 5571 quiores
684 5509 1011 5571 manusa'ipti.

529 5573 548 5600 ¹
584 5570 756 5633 Plures
776 5577 904 5627 Its.
928 5569 1181 5633 plaudens.

533 5635 552 5663 ³
571 5626 1014 5702 _Apud_Am._et't_:r.
1043 5630 1166 5694 p'ost,
1205 5634 1418 5702 non‘est,
1446 5627 1744 5702 addebatur,
1778 5626 1895 5702 dum
1934 5639 2046 5702 con:

467 5689 765 5756 cuptseeutia
798 5689 1058 5756 minuitur;
1081 5703 1246 5756 settsus
1283 5690 1476 5741 dicatur
1497 5689 1733 5739 imminui.
1781 5689 1827 5736 td
1852 5689 2040 5756 nonnisi

463 5751 720 5815 pauciores
739 5755 1048 5817 manuscripti
1083 5754 1298 5810 habent,
1325 5758 1746 5817 etgexptutxernnt
1783 5751 2045 5798 Invenien-

467 5813 550 5863 ξοδ
572 5823 620 5864 ιιι
645 5818 860 5876 ineptum
883 5813 1124 5876 glossema
1151 5830 1211 5863 ex
1245 5815 1460 5875 margine
1486 5813 1733 5862 adscitum.

1263 348 1532 406 CONTRA
1573 345 1910 406 JUIJANUM
1948 337 2413 414 PELACIANUII,
2453 348 2509 404 S.
2552 347 2917 408 AUGUSTINI

3636 363 3747 424 836

2165 463 2535 522 fornicationis
2563 467 2744 522 sanior
2782 483 2887 524 non
2935 470 3046 534 tiat,
3077 483 3236 539 quem
3281 467 3532 526 fornicari
3571 475 3752 529 minus

2163 556 2445 626 minusque
2485 557 2744 621 delectat;
2783 561 3026 629 quamvis
3062 574 3199 628 opus
3240 560 3370 614 illud
3399 563 3600 617 malum
3642 580 3749 618 una

2161 648 2514 702 conversione
2539 649 2638 702 sibi
2655 651 3029 717 amputaverit,
3060 665 3158 704 nec
3184 665 3414 720 unquam
3436 650 3539 706 hoc
3563 651 3751 708 fecerit

2161 750 2226 790 ex
2252 752 2358 806 quo
2382 738 2652 792 lavacrum
2674 739 3096 807 regenerationis
3113 741 3341 809 accepit.
3366 740 3605 812 Itemque
3627 755 3751 813 post

2161 831 2607 886 consuetudinem
2655 832 2958 888 vinolentia:
2999 833 3324 901 baptizatus,
3370 843 3426 888 et
3473 850 3747 906 nunquam

2159 935 2219 976 se
2247 921 2502 993 deinceps
2529 939 2751 994 prorsus
2771 925 3060 991 inebrians,
3091 925 3284 980 vellem
3303 925 3534 994 diceres,
3566 939 3749 984 utrum

2159 1012 2227 1068 ab
2253 1013 2356 1068 isto
2402 1015 2590 1068 morbo
2619 1031 2726 1070 non
2769 1016 2861 1070 fiat
2899 1017 2953 1070 in
2989 1015 3105 1070 dies
3149 1017 3329 1071 sanior
3357 1033 3516 1088 quam
3550 1018 3746 1086 fuerat,

2158 1120 2280 1160 cum
2309 1108 2596 1173 potationis
2635 1109 2898 1178 gurgitem
2946 1109 3124 1163 minus
3167 1109 3450 1180 minusque
3476 1111 3750 1168 desiderat

2157 1213 2316 1268 quam
2360 1199 2584 1254 solebat.
2626 1199 2829 1254 Sensus
2867 1211 2952 1256 est
2986 1201 3164 1272 igitur,
3195 1217 3301 1257 non
3340 1204 3454 1272 ipsa
3495 1206 3749 1275 concupi-

2158 1293 2381 1358 scentia,
2415 1293 2507 1347 sed
2535 1294 2626 1349 ille
2652 1295 2827 1362 potius
2861 1309 2969 1365 quo
2993 1310 3092 1350 nos
3128 1311 3248 1350 eam
3278 1297 3537 1365 majorem
3568 1298 3746 1354 mino-

2158 1396 2341 1436 remve
2369 1382 2567 1437 habere
2587 1385 2850 1438 sentimus
2871 1401 2886 1436 :
2907 1385 3047 1440 sicut
3066 1385 3118 1439 in
3141 1388 3384 1456 corporis
3405 1388 3746 1458 passionibus

2160 1485 2265 1525 non
2289 1487 2478 1527 sensus
2504 1481 2587 1528 est
2606 1473 2780 1538 dolor,
2812 1475 2908 1530 sed
2939 1477 3029 1530 ille
3053 1490 3244 1532 sensus
3267 1489 3353 1534 est
3379 1494 3486 1549 quo
3509 1483 3747 1538 sentitur

2157 1561 2343 1625 dolor;
2386 1579 2487 1620 nec
2524 1580 2712 1621 sensus
2747 1575 2832 1621 est
2873 1567 3114 1635 morbus,
3155 1569 3252 1624 sed
3293 1569 3384 1625 ille
3420 1587 3616 1629 sensus
3657 1584 3746 1630 est

2157 1671 2263 1726 quo
2289 1672 2388 1712 nos
2412 1659 2656 1712 morbum
2683 1658 2882 1715 habere
2903 1661 3185 1717 sentimus.
3215 1663 3386 1719 Porro
3405 1665 3454 1719 si
3483 1667 3745 1722 continuo

2159 1749 2218 1802 fit
2243 1749 2436 1813 bonus,
2462 1759 2517 1804 et
2541 1749 2726 1820 utique
2753 1750 2892 1805 bona
2919 1753 3174 1822 qualitate
3200 1753 3260 1808 fit
3289 1753 3486 1821 bonus,
3512 1757 3602 1826 qui
3634 1757 3744 1812 for-

2158 1838 2409 1893 nicationi
2459 1839 2870 1910 vinolentimque
2934 1844 3249 1899 renuntians
3302 1844 3373 1898 ab
3436 1843 3773 1913 huiusmodi.

2156 1929 2408 2008 operibus
2453 1945 2577 1986 sese
2604 1929 2870 1996 abstinet;
2916 1947 3096 1988 nonne
3123 1943 3271 1988 recte
3295 1935 3461 2000 audit,
3487 1934 3620 1991 Ecce
3654 1954 3744 1992 sa-

2157 2038 2252 2076 nus
2280 2021 2447 2090 factus
2479 2039 2554 2088 es,
2573 2023 2690 2092 jam
2718 2024 2823 2077 uoti
2862 2040 3068 2094 peccare
3104 2023 3285 2094 (Joan.
3314 2040 3368 2092 v,
3395 2028 3517 2098 id);
3558 2037 3736 2084 recte-

2155 2129 2261 2184 que
2301 2115 2601 2185 appellatur
2636 2125 2816 2172 castus
2845 2125 2903 2172 et
2943 2117 3187 2172 sobrius?
3213 2118 3426 2184 Deinde,
3471 2119 3516 2173 si
3543 2135 3737 2188 prove-

2155 2213 2244 2260 ctu
2275 2206 2725 2274 concupiscentiae
2758 2207 2933 2273 bonae,
2964 2223 3066 2277 qua
3087 2208 3544 2278 concupiscentiae
3569 2210 3742 2266 malas

2156 2297 2450 2352 fornicandi
2483 2299 2807 2369 potandique
2851 2299 3085 2355 debellat
3107 2301 3150 2364 ³,
3177 2301 3299 2354 talis
3327 2299 3576 2366 efficitur,
3603 2315 3742 2372 qua-

2155 2387 2221 2443 lis
2238 2387 2441 2444 recenti
2466 2390 2818 2444 conversione
2843 2389 3080 2445 nondum
3110 2391 3226 2455 fuit,
3257 2399 3321 2445 ut
3349 2391 3560 2445 illorum
3590 2391 3645 2446 in
3673 2405 3742 2447 eo

2154 2477 2421 2534 desideria
2451 2488 2794 2549 peccatorum
2819 2481 2997 2536 minus
3018 2482 3298 2552 minusque
3325 2490 3660 2548 moveantur,
3682 2490 3744 2537 ut

2155 2567 2411 2625 adversus
2452 2584 2516 2624 ea
2545 2571 2684 2625 mala
2728 2587 2833 2625 non
2867 2581 3009 2626 tanta
3048 2583 3248 2642 quanta
3276 2573 3425 2642 prius
3467 2581 3738 2648 exerceat,

2153 2660 2248 2716 sed
2298 2661 2503 2716 minora
2551 2662 2863 2725 certamina,
2909 2677 3015 2717 non
3063 2664 3318 2718 virtutum
3363 2663 3739 2730 diminutione,

2154 2751 2248 2808 sed
2277 2751 2534 2818 hostium,
2564 2767 2665 2808 nec
2690 2753 2973 2808 deficiente
3004 2768 3200 2823 pugna,
3239 2753 3334 2808 sed
3364 2763 3643 2809 crescente
3663 2754 3744 2808 vi.

2152 2845 2341 2912 ctoria,
2371 2845 2641 2900 dubitabis
2665 2860 2787 2900 eum
2819 2845 3164 2914 pronuntiare
3204 2844 3529 2900 meliorem?
3557 2843 3739 2908 Unde.

2159 2937 2405 3002 obsecro,
2437 2937 2538 2991 nisi
2564 2938 2687 3007 quia
2711 2937 2850 2992 bona
2878 2936 3106 3006 qualitas
3133 2944 3309 3000 aucta,
3356 2945 3412 2991 et
3453 2936 3592 2991 mala
3635 2937 3742 2991 mi-

2148 3034 2281 3082 nuta
2311 3028 2432 3083 est?
2459 3027 2688 3083 Auctum
2727 3035 2812 3083 est
2856 3027 3014 3095 igitur
3051 3042 3156 3097 quo
3183 3026 3354 3082 bonus
3392 3042 3514 3082 esse
3550 3028 3740 3098 erepit,

2152 3119 2416 3174 minutum
2449 3128 2532 3173 est
2557 3133 2663 3186 quo
2688 3117 2864 3172 malus
2888 3116 3020 3181 fuit;
3065 3125 3120 3171 et
3149 3117 3249 3172 hoc
3272 3117 3382 3186 egit
3408 3124 3530 3187 post
3555 3117 3744 3188 Bapti-

2151 3224 2348 3276 smum,
2377 3226 2481 3265 non
2510 3210 2712 3281 peregit
2736 3211 2788 3264 in
2809 3209 3098 3279 Baptismo.
3122 3209 3217 3275 Ita,
3245 3209 3487 3280 quamvis
3517 3211 3588 3266 ibi
3613 3226 3739 3283 per-

2151 3312 2270 3359 acta
2314 3304 2471 3359 fuerit
2532 3304 2686 3373 plena
2745 3312 3086 3372 peccatorum
3128 3304 3421 3370 remissio;
3473 3306 3734 3360 remansit

2151 3401 2350 3462 tamen,
2380 3410 2483 3465 qua
2510 3394 2858 3464 proficeretur
2884 3394 2936 3448 in
2961 3393 3174 3458 melius,
3195 3394 3456 3451 adversus
3489 3405 3736 3452 catervas

2151 3487 2536 3545 desideriorum
2565 3486 2827 3542 malorum
2865 3486 2918 3540 in
2949 3486 3106 3541 nobis
3141 3485 3271 3555 ipsis
3313 3488 3495 3558 utique
3533 3488 3735 3544 tumul—

2152 3578 2413 3633 tuantium
2434 3577 2714 3648 vigilanter
2737 3575 3031 3632 exserenda
3056 3583 3112 3630 et
3135 3576 3399 3633 instanter
3425 3577 3726 3634 exercenda

2150 3669 2394 3734 luctatio,
2417 3678 2640 3740 propter
2664 3683 2822 3737 quam
2853 3666 3048 3722 dicitur
3070 3667 3232 3722 etiam
3260 3667 3562 3738 baptisatis,
3589 3668 3738 3723 Mor-

2151 3762 2340 3831 tificate
2389 3761 2612 3815 membra
2656 3769 2822 3814 vestra
2872 3775 2985 3829 qua
3023 3768 3142 3814 sunt
3194 3775 3349 3830 super
3387 3769 3575 3815 terram
3616 3761 3737 3832 (Co-

2153 3851 2274 3908 loss.
2324 3869 2416 3920 tu,
2462 3852 2556 3924 5);
2601 3861 2690 3918 et,
2732 3851 2795 3907 Si
2834 3853 3016 3922 spiritu
3063 3853 3202 3923 facta
3247 3853 3413 3906 carnis
3457 3853 3738 3920 mortiﬁca-

2151 3947 2336 4011 ueritis,
2366 3946 2536 4001 uivetis
2565 3945 2741 4017 (Rom.
2761 3960 2876 4010 vttt,
2905 3942 3030 4015 l5);
3075 3951 3149 4009 et,
3183 3943 3363 3998 Exuite
3389 3959 3474 3996 uos
3509 3951 3733 3997 ueterem

2153 4039 2435 4094 hominem’
2473 4036 2690 4108 (Colon.
2717 4052 2798 4100 ιιι,
2826 4034 2906 4106 9).
2936 4033 3140 4104 Nempe
3181 4034 3425 4089 dicuntur
3462 4033 3580 4089 hxcc
3620 4048 3739 4088 tua-

2151 4145 2252 4200 gna
2298 4129 2652 4184 consensione
2679 4127 2937 4192 veritatis,
2987 4126 3133 4182 nulla
3175 4125 3594 4196 reprehensione
3636 4125 3738 4181 Ba-

2155 4220 2437 4292 ptismatis.

2222 4311 2312 4367 57.
2354 4311 2408 4366 Si
2453 4324 2582 4380 ergo
2625 4309 2763 4364 nolis
2815 4323 2938 4364 esse
2983 4308 3374 4376 contentiosus,
3423 4315 3555 4378 puto
3593 4307 3738 4378 quod

2146 4401 2257 4472 jam
2289 4401 2471 4456 videas
2496 4415 2654 4471 quam
2697 4407 2846 4456 recte
2887 4399 3232 4470 intelligatur,
3261 4398 3404 4469 quod
3451 4400 3608 4455 aliter
3641 4413 3736 4454 co-

2151 4495 2298 4550 naris
2339 4508 2628 4563 exponere,
2678 4491 2819 4562 quod
2866 4492 3125 4560 propheta
3171 4506 3295 4546 cum
3341 4491 3586 4556 dixisset,
3635 4489 3738 4556 Qui

2153 4585 2401 4655 prapitius
2428 4585 2486 4653 ﬁt
2515 4582 2745 4637 omnibus
2769 4582 3116 4649 iniquitatibus
3135 4583 3235 4635 tuis
3255 4599 3275 4647 ;
3299 4581 3440 4652 quod
3473 4581 3530 4635 fit
3560 4582 3739 4652 utique

2151 4675 2466 4731 remissione
2504 4674 2740 4727 omnium
2771 4681 3143 4742 peccatorum;
3191 4673 3448 4726 continuo
3491 4671 3737 4741 subjecit,

2155 4768 2256 4833 Qui
2296 4773 2442 4820 sanat
2486 4780 2658 4820 omnes
2701 4765 2966 4835 languores
3017 4774 3128 4819 tuos
3167 4763 3338 4835 (Psal.
3381 4779 3474 4830 crt,
3520 4765 3579 4835 3)
3622 4783 3637 4819 :
3671 4778 3736 4820 ea

2151 4857 2289 4913 mala
2302 4857 2487 4911 volens
2515 4855 2759 4925 intelligi,
2790 4870 2911 4910 cum
2933 4856 3123 4925 quibus
3148 4855 3321 4911 donec
3341 4865 3619 4922 sanentur,
3653 4855 3741 4910 vel

2149 4957 2402 5019 quantum
2448 4957 2673 5016 possunt
2718 4947 2771 5000 in
2818 4946 2918 5000 hac
2961 4947 3068 5001 vita
3103 4951 3272 5015 magis
3314 4948 3591 5016 magisque
3649 4949 3749 5004 mi-

2151 5049 2400 5106 nuantur,
2448 5052 2554 5091 non
2607 5036 2887 5107 quiescunt
2925 5037 3173 5092 intestina
3216 5037 3353 5092 bella
3403 5046 3740 5093 sanctorum.

2214 5197 2229 5227 ί
2265 5193 2579 5256 Floriacensis
2617 5198 2703 5256 ius.
2719 5226 2735 5252 ,
2779 5190 3104 5256 si‘provectu,
3144 5191 3558 5256 concupiscentia
3590 5191 3744 5244 matus

2150 5255 2422 5319 fornicaudt
2447 5253 2737 5317 potandique
2760 5251 3025 5319 debellans.

2213 5321 2234 5349 ἰ
2265 5317 2382 5369 Indo
2417 5312 2728 5378 removeamus
2762 5315 2858 5378 hos
2888 5327 3062 5364 versus
3093 5327 3109 5378 :_
3130 5312 3269 5364 Nullo
3291 5315 3444 5378 Δηιοάο
3486 5315 3750 5378 reprehen-

2150 5377 2282 5448 ditur
2297 5376 2554 5448 Baptistna,
2573 5374 2688 5448 quia
2706 5374 2936 5448 asseritur
2953 5374 3138 5448 curatio
3152 5388 3262 5448 qua:
3274 5373 3329 5438 ﬁt
3343 5382 3445 5448 post
3463 5373 3748 5448 .Ba'ptistttag

2150 5440 2263 5503 quia
2287 5435 2438 5503 potius
2461 5435 2606 5503 totum
2631 5436 2827 5503 Itoeper
2857 5435 3096 5496 Izaptisma
3117 5435 3363 5503 actum'cst
3382 5473 3396 5495 ,
3420 5435 3474 5503 id
3498 5435 3668 5503 (st,_u_t
3692 5443 3751 5488 et

2149 5497 2182 5550 ὰ
2202 5500 2461 5565 prwteritis
2502 5497 2807 5561 languoribus
2838 5503 3092 5565 sanaretur
3109 5532 3124 5556 ,
3162 5505 3214 5565 et
3234 5511 3266 5546 α
3307 5497 3486 5565 [antris
3726 5533 3748 5557 ο

2150 5557 2355 5616 studeat,
2376 5557 2708 5622 mereaturque
2729 5557 2907 5622 sanari.
2939 5565 3010 5608 Ita
3034 5557 3329 5622 Baptismun't
3352 5559 3494 5622 totius
3509 5558 3564 5622 ﬁt
3585 5557 3750 5622 cmisa

2150 5622 2393 5684 sanitatis,
2421 5634 2506 5684 per
2530 5617 2656 5683 quod
2678 5625 2722 5668 et
2755 5617 2984 5681 incipitur
3012 5617 3167 5684 omnis
3188 5619 3370 5684 sanitas
3391 5628 3436 5684 et
3473 5617 3705 5684 impletur
3727 5636 3750 5682 ;

2151 5687 2264 5749 quia
2286 5681 2687 5749 ntale'cohzerent
2709 5695 2839 5749 cum_
2859 5682 3194 5743 superioribus
3217 5690 3269 5732 et
3291 5681 3603 5749 inferioribus
3621 5695 3749 5749 ver-

2152 5743 2254 5800 bis,
2283 5747 2558 5808 absuntque
2581 5756 2608 5790 a
2641 5744 2872 5808 vaticanis
2905 5749 3126 5808 quatuor
3147 5749 3275 5808 uss,
3302 5743 3364 5794 ab
3401 5744 3752 5806 antiquissimo

2159 5807 2442 5856 Floriacensi
2464 5802 2512 5856 et
2535 5819 2560 5853 a
2585 5804 2865 5868 quihusdam
2889 5802 2994 5854 aliis
3015 5802 3284 5854 Gallicanis.
