4022 6470
259 387 354 449 857

260 499 420 568 Neque
459 492 599 549 enim
641 489 817 544 nullus
861 496 943 543 est
970 486 1215 558 languor,
1265 500 1372 557 quo
1414 500 1541 542 caro
1569 487 1836 557 ooneupi-'

260 590 349 646 scit
372 586 619 642 adversus
654 581 915 651 spiritum,
948 581 1110 634 etiam
1151 586 1399 633 manente
1427 579 1622 634 virtute
1650 579 1814 633 casti-

260 679 372 736 tatis
399 675 606 731 invicta.
648 673 704 728 Si
733 673 909 726 nullus
933 670 1158 741 languor
1197 678 1298 735 est,
1333 687 1437 724 non
1464 685 1592 740 ergo
1621 671 1813 726 adver-

257 785 335 825 sus
360 781 472 822 eum
510 764 727 834 spiritus
767 761 1129 831 concupiscat.
1174 761 1254 815 Ad
1301 761 1402 816 hoc
1439 763 1580 816 enim
1609 777 1809 815 concu-

257 860 412 932 piscit,
459 865 512 910 ut
554 855 596 908 si
640 869 745 908 non
778 863 952 923 potest
999 868 1104 908 non
1154 853 1415 917 certandi,
1465 853 1654 907 saltem
1703 868 1806 906 non

255 946 596 1006 consentiendi
642 947 877 1000 obtineat
927 946 1228 999 sanitatem.
1278 945 1388 999 lloc
1423 945 1621 1014 quippe
1669 945 1810 1000 unde

257 1055 382 1096 nunc
403 1038 624 1109 agimus,
656 1037 797 1107 quod
825 1037 978 1090 nobis
1003 1037 1251 1092 resistere
1277 1036 1534 1090 sentimus
1559 1037 1608 1088 in
1633 1036 1806 1102 nobis,

253 1140 332 1186 aut
355 1129 516 1184 aliena
543 1136 625 1182 est
651 1136 836 1182 natura
868 1129 1184 1197 separanda,
1221 1136 1314 1181 aut
1339 1137 1516 1180 nostra
1550 1125 1807 1180 sananda.

250 1222 298 1277 Si
323 1220 539 1274 alienam
571 1218 798 1272 dicimus
823 1219 1192 1288 separandum,
1221 1218 1524 1272 Manichaeis
1549 1216 1806 1272 favemus.

251 1311 512 1366 Fateamur
560 1325 690 1378 ergo
737 1319 972 1362 nostram
1024 1325 1144 1363 esse
1187 1308 1502 1374 sanandam,
1541 1317 1600 1362 ut
1639 1307 1808 1363 Mani-

246 1400 407 1456 ehteos
435 1400 590 1454 simul
624 1399 1037 1469 Pelagianosque
1067 1399 1312 1454 vitemus.

305 1491 524 1547 CAPUT
555 1490 674 1545 XIX
697 1492 985 1562 (a).—-58.
1029 1491 1138 1545 lloc
1163 1507 1290 1561 ergo
1323 1510 1340 1542 ι
1374 1491 1552 1562 generi
1576 1471 1847 1546 humano.

249 1583 486 1640 indictum
501 1583 696 1638 vulnus
713 1599 740 1637 a
760 1584 990 1647 diabolo,
1015 1583 1269 1653 quidquid
1291 1599 1386 1654 per
1411 1583 1536 1637 illud
1554 1584 1809 1652 nascitur,

245 1677 365 1745 cogit
392 1691 510 1730 esse
548 1675 650 1729 sub
675 1675 907 1739 diabolo,
942 1683 1189 1745 tanquam
1215 1675 1284 1729 de
1324 1690 1423 1729 suo
1468 1673 1660 1728 frutice
1698 1672 1812 1728 fru-

243 1775 369 1822 ctum
407 1765 524 1836 jure
563 1766 816 1835 decerpat
843 1785 861 1818 ι
893 1765 994 1836 (De
1021 1764 1229 1836 Nuptiis
1275 1774 1322 1818 et
1367 1763 1802 1835 Concupiscentia,

245 1856 322 1911 lib.
353 1857 402 1921 l,
429 1873 481 1909 η.
509 1854 633 1928 26).
678 1856 802 1910 l‘lzec
855 1856 1012 1911 verba
1054 1855 1122 1910 de
1170 1855 1307 1911 libro
1355 1869 1474 1909 meo
1520 1854 1610 1908 tibi
1656 1853 1812 1908 refel-

244 1945 382 2002 lenda
409 1949 633 2018 posuisti
666 1965 680 2002 :
712 1949 904 2018 quibus
945 1949 1015 2002 ita
1049 1948 1340 2014 insidiaris,
1373 1957 1622 2018 tanquam
1668 1965 1686 1998 ‹
1717 1963 1813 2001 na-

241 2045 362 2093 tura:
395 2040 644 2094 humana:
677 2050 948 2094 auctorem
978 2039 1206 2094 dixerim
1234 2039 1528 2105 diabolmu,
1565 2049 1618 2094 et
1645 2039 1810 2108 ipsius

241 2147 328 2200 qua
365 2131 524 2186 homo
581 2141 791 2186 constat
836 2131 1148 2185 substantia:
1188 2131 1556 2195 conditorem;
1590 2149 1609 2182 ι
1662 2129 1808 2199 quasi

239 2223 415 2277 vulnus
449 2225 500 2278 in
534 2239 764 2294 corpore
794 2224 966 2293 possis
993 2223 1263 2292 appellare
1301 2223 1672 2277 substantiam.
1703 2220 1810 2276 Sed

238 2314 276 2366 si
303 2323 581 2384 propterea
627 2330 713 2370 me
753 2322 907 2383 putas
953 2313 1153 2368 dixisse
1191 2313 1458 2367 diabolum
1500 2312 1809 2366 substantiae

235 2406 576 2472 conditorem,
608 2406 731 2476 quia
769 2405 822 2459 iu
854 2420 916 2458 ea
946 2404 1294 2458 similitudine
1323 2418 1441 2473 qua:
1476 2417 1506 2456 a
1548 2419 1633 2457 me
1659 2403 1812 2457 adhi-

235 2493 330 2549 bita
354 2504 452 2559 est,
483 2496 730 2550 fruticem
761 2497 904 2560 dixi;
936 2495 1107 2549 frutex
1144 2495 1341 2564 quippe.
1368 2495 1515 2548 nullo
1534 2493 1811 2547 dubitante

235 2585 512 2641 substantia
557 2595 677 2642 est:
709 2601 807 2640 cur
838 2602 1007 2656 usque
1050 2584 1186 2640 adeo
1231 2595 1282 2640 te
1327 2586 1409 2641 vel
1450 2585 1688 2640 ostendis
1724 2585 1808 2640 vel

234 2675 372 2746 fingis
417 2678 717 2742 indoctum,
762 2686 820 2731 ut
857 2678 936 2732 eis
977 2677 1138 2732 rebus
1185 2691 1304 2746 qme
1351 2675 1662 2731 substanlize
1703 2691 1808 2730 non

232 2781 361 2832 sunt,
386 2770 723 2825 adhibendas
741 2769 808 2824 de
835 2769 1147 2824 substantiis
1172 2767 1546 2822 similitudines
1569 2783 1672 2820 non
1698 2767 1810 2821 exi-

233 2862 435 2916 stimes?
465 2863 581 2917 Nisi
609 2861 744 2916 forte
768 2870 823 2916 et
848 2860 945 2929 ipsi
975 2860 1198 2913 Domino
1217 2859 1491 2914 dialectice
1519 2858 1812 2914 calumnia-

231 2950 381 3019 beris,
421 2953 550 3023 quia
581 2953 734 3017 dixit,
781 2952 942 3006 Arbor
980 2952 1109 3004 bona
1139 2951 1297 3005 bonos
1337 2955 1531 3020 fructus
1571 2950 1714 3019 facit,
1763 2960 1811 3003 et

229 3043 367 3096 arbor
408 3047 554 3098 mala
591 3044 752 3098 malos
779 3043 976 3113 fructus
1004 3043 1126 3114 facit
1156 3041 1371 3110 (Matt/1.
1400 3057 1494 3106 vu,
1529 3039 1640 3113 l7).
1678 3042 1810 3109 Quis

228 3137 357 3190 enim
401 3138 665 3192 malitiam
707 3138 820 3192 sive
861 3135 1174 3201 bonitatem,
1217 3135 1303 3190 vel
1344 3150 1506 3205 opera
1534 3134 1670 3188 bona
1714 3147 1809 3187 seu

229 3229 376 3292 mala,
409 3245 550 3300 quos
592 3229 738 3283 velut
765 3228 969 3283 fructus
999 3228 1210 3282 illarum
1249 3227 1498 3281 arborum
1528 3225 1695 3278 voluit
1725 3225 1809 3278 in-

227 3323 398 3394 telligi,
433 3323 582 3379 dicat
612 3338 730 3378 esse
767 3321 1113 3385 substantias,
1154 3321 1254 3376 nisi
1284 3319 1530 3374 nesciens
1565 3316 1691 3388 quid
1728 3317 1810 3371 lo-

225 3417 446 3484 quatur?
485 3416 618 3484 Quis
661 3430 790 3470 vero
825 3414 1045 3468 arbores
1089 3421 1144 3466 et
1183 3427 1367 3466 earum
1413 3411 1615 3465 fructus
1654 3418 1811 3479 neget

224 3521 335 3563 esse
367 3506 713 3574 substantias,
757 3507 800 3560 si
830 3506 974 3560 novit
1001 3502 1139 3574 quod
1169 3503 1431 3574 loquitur?
1462 3503 1535 3556 De
1567 3503 1650 3556 bis
1681 3515 1810 3571 ergo

225 3596 376 3654 rebus
397 3614 520 3668 qua:
548 3597 860 3652 substantia:
882 3605 1025 3659 sunt,
1049 3595 1293 3648 videmus
1323 3579 1588 3648 adhibitus
1621 3593 1811 3646 simili-

225 3689 426 3744 tudines
463 3690 543 3744 eis
568 3690 728 3744 rebus
755 3703 873 3758 qua:
917 3701 1021 3741 non
1050 3696 1171 3742 sunt
1204 3686 1535 3741 substantiae.
1568 3683 1721 3752 Quod
1762 3685 1807 3739 si

222 3780 374 3836 arbor
414 3781 558 3836 bona
601 3780 686 3835 vel
717 3781 876 3846 mala,
915 3793 1019 3834 non
1060 3778 1271 3832 bonitas
1299 3776 1530 3830 hominis
1572 3777 1652 3831 vel
1693 3790 1805 3829 ma-

221 3867 344 3934 litia,
393 3871 494 3926 sed
546 3870 647 3939 ipsi
696 3869 938 3924 homines
981 3867 1276 3938 accipiendi
1320 3875 1463 3934 sunt,
1523 3867 1574 3920 in
1618 3865 1809 3937 quibus

223 3961 484 4029 subjectis
510 3961 640 4014 istas
667 3975 788 4013 esse
818 3959 1160 4029 intelligimus
1189 3958 1489 4028 qualitates,
1519 3956 1807 4012 bonitatem

219 4045 422 4098 scilicet
444 4043 498 4097 in
527 4041 740 4096 homine
762 4042 924 4106 bono,
947 4042 1306 4109 malitiamque
1333 4041 1385 4094 in
1412 4043 1627 4095 homine
1644 4041 1805 4106 malo,

218 4143 272 4187 ut
295 4135 432 4205 ipsa:
462 4130 773 4185 substantia:
803 4131 910 4184 sint
929 4131 1170 4194 arbores,
1202 4130 1251 4184 id
1273 4137 1374 4194 est,
1405 4129 1505 4201 ipsi
1533 4129 1804 4198 homines;

217 4232 357 4280 certe
402 4223 610 4277 fructus
647 4236 832 4276 eorum
879 4221 1022 4291 (quae
1072 4220 1202 4274 nihil
1247 4220 1391 4276 aliud
1438 4235 1599 4291 quam
1645 4235 1808 4290 opera

216 4313 638 4386 intelliguntur),
687 4329 846 4369 nemo
889 4313 989 4369 nisi
1033 4312 1310 4384 imperitus
1349 4313 1478 4368 dicit
1519 4328 1638 4370 esse
1677 4313 1808 4369 sub-

217 4409 476 4463 stantias‘
512 4426 524 4462 :
554 4422 674 4462 cum
703 4407 940 4462 omnium
970 4406 1220 4461 arborum
1250 4405 1469 4473 fructus,
1514 4407 1654 4461 unde
1693 4406 1809 4462 ista:

192 4499 598 4554 tsimilitudines
639 4498 776 4553 datze
813 4508 955 4562 sunt,
987 4513 1145 4552 nemo
1186 4499 1286 4553 nisi
1333 4499 1611 4569 imperitus
1655 4507 1812 4568 neget

215 4603 334 4645 esse
363 4587 714 4644 substantias.
742 4590 817 4644 Ac
846 4605 943 4658 per
969 4588 1071 4642 hoc
1094 4588 1142 4642 ei
1183 4589 1260 4642 rei
1286 4604 1407 4660 quae
1435 4605 1541 4643 non
1569 4600 1648 4644 est
1679 4589 1810 4644 sub-

215 4681 435 4746 stantia,
468 4679 546 4734 fas
573 4689 655 4734 est
675 4679 930 4734 adhibere
965 4679 1364 4734 similitudinem
1393 4680 1460 4734 de
1491 4679 1805 4735 substantia.

215 4770 450 4841 Propter
473 4770 614 4841 quod
645 4785 742 4841 ego
764 4771 892 4824 vitio
912 4771 1052 4840 quod
1083 4772 1263 4840 generi
1297 4771 1530 4826 humano
1559 4771 1806 4826 diabolus

214 4870 474 4934 tanquam
520 4863 710 4916 vulnus
751 4861 962 4927 inflixit,
1008 4863 1249 4931 quamvis
1290 4863 1439 4917 nullo
1476 4863 1636 4917 modo
1681 4863 1809 4918 sub-

213 4955 416 5008 stantia
445 4955 535 5019 sit,
564 4962 708 5008 recte
736 4961 913 5008 tamen
954 4952 1264 5009 adhibui‘de
1292 4955 1587 5010 substantia
1624 4956 1811 5010 simili-

213 5046 484 5109 tudinem,
521 5053 578 5099 ut
616 5045 858 5100 fruticem
901 5045 1161 5113 dicerem,
1201 5043 1258 5101 et
1296 5045 1499 5101 fructus
1539 5047 1655 5116 ejus
1682 5047 1836 5102 vitia-

213 5140 377 5192 etiam
427 5138 518 5192 illa
562 5153 682 5192 cum
725 5138 915 5208 quibus
961 5138 1225 5204 homines,
1273 5137 1426 5194 vobis
1463 5138 1677 5209 quidem
1718 5154 1812 5195 ne-

211 5231 492 5302 gantibus,
534 5230 628 5285 sed
657 5231 882 5286 veritate
923 5227 1291 5296 convincente,
1320 5241 1632 5298 nascuntur,
1661 5241 1714 5288 et
1743 5247 1806 5288 ex

213 5324 412 5392 quibus
445 5323 495 5376 in
523 5329 780 5378 aeternum
811 5323 904 5378 Dei
940 5338 1104 5394 regno
1133 5332 1380 5394 pereunt,
1407 5324 1453 5378 si
1494 5324 1718 5379 veritate
1747 5324 1811 5378 li-

213 5416 446 5472 berante
471 5432 576 5470 non
605 5424 981 5472 renascuntur.

285 5511 382 5566 59.
416 5510 645 5565 Proinde
670 5511 988 5574 vitiatorcm,
1012 5525 1117 5565 non
1139 5509 1468 5566 conditorem
1499 5510 1810 5565 substantiae

214 5599 494 5656 diabolum
517 5600 644 5654 dixi.
686 5601 876 5655 Subdit
899 5611 1074 5654 autem
1106 5601 1205 5655 sibi
1229 5601 1384 5672 quod
1415 5616 1519 5655 non
1548 5600 1805 5665 Condidit,

281 5693 450 5758 ῥῖνες
472 5704 502 5740 e
526 5692 758 5758 Vaticanis
795 5698 923 5758 M§§.,
955 5699 1084 5758 certe
1122 5693 1308 5755 [ructus
1331 5707 1513 5758 eorum
1552 5694 1654 5758 (qui
1691 5693 1813 5745 nihil

214 5753 356 5804 aliud
380 5765 529 5826 quam
549 5766 698 5826 opera
727 5750 1094 5818 intelliguntur).
1122 5750 1266 5804 nemo
1288 5754 1384 5806 nisi
1405 5750 1654 5808 imueriius
1675 5764 1811 5821 neget

220 5829 324 5865 esse
350 5815 656 5866 substantias.

282 5878 359 5938 (ai
398 5877 527 5926 At-ud
553 5885 650 5926 Am.
673 5882 722 5926 et
744 5881 836 5932 ΕΓ..
860 5875 903 5923 8

1616 371 1820 431 LIBER
1859 365 2144 435 SEXTUS.

3399 380 3512 442 858

1925 503 2021 560 per
2041 489 2094 545 id
2123 489 2264 560 quod
2306 489 2516 560 inﬂixit,
2545 491 2654 548 Deo
2676 490 2822 563 justo
2869 495 3131 552 tribuente
3173 496 3311 552 hanc
3341 509 3505 570 potel-

1924 590 2112 636 statem
2135 599 2148 647 ;
2175 582 2324 652 cujus
2350 598 2453 638 non
2480 584 2742 640 subtrahit
2777 589 3040 655 potestati,
3085 604 3182 646 nec
3229 590 3369 661 quod
3398 589 3508 646 sibi

1921 679 2004 725 est
2027 672 2320 737 subditum,
2361 690 2462 731 nec
2501 691 2559 730 se
2598 675 2791 744 ipsum.
2835 678 2959 732 ldeo
2985 687 3066 734 est
3090 682 3229 735 enim
3271 684 3503 739 secunda

1921 763 2168 818 nativitas
2198 762 2458 827 instituta,
2499 767 2619 836 quia
2651 768 2898 821 nativitas
2927 779 3010 824 est
3038 772 3204 840 prima
3226 771 3500 828 damnata.

1919 849 2014 906 Cui
2044 861 2218 908 tamen
2245 857 2400 909 etiam
2431 857 2693 912 damnata:
2734 858 2828 913 Dei
2851 860 3057 915 bonitas
3087 861 3393 929 exhibetur,
3443 871 3505 920 ut

1919 942 1987 998 de
2013 944 2296 999 maledicto
2325 948 2529 1001 semine
2557 949 2827 1004 rationalis
2866 960 3050 1005 natura
3086 953 3340 1008 formetur
3365 973 3377 1007 :
3398 970 3504 1025 qua

1918 1035 2450 1104 ejusaflluentissima
2485 1039 2719 1094 bonitate
2744 1040 3076 1109 apertissime
3110 1044 3371 1098 malorum
3405 1045 3502 1100 ho-

1919 1126 2118 1180 minum
2152 1136 2296 1181 tanta
2326 1129 2612 1184 multitudo
2633 1131 2881 1197 nutritur,
2907 1141 2962 1186 et
2989 1133 3197 1188 occulto
3219 1134 3310 1188 Det
3337 1149 3501 1204 opere

1917 1227 2214 1288 vegetatur.
2263 1218 2392 1285 Quae
2421 1219 2632 1275 bonitas
2657 1224 2986 1291 operationis
3013 1224 3128 1293 ejus
3149 1223 3193 1278 si
3223 1225 3506 1279 subtraha-

1917 1320 2005 1366 tur
2031 1311 2328 1367 formandis
2360 1315 2844 1385 promovcndisque
2892 1315 3204 1381 seminibus,
3250 1325 3304 1371 et
3326 1317 3502 1370 vivifi-

1918 1403 2102 1458 candis
2146 1405 2444 1475 quibusque
2481 1405 2803 1471 viventibus,
2855 1423 2962 1461 non
3010 1408 3181 1462 solum
3237 1407 3500 1478 gignenda

1919 1511 2024 1550 non
2070 1504 2322 1567 aguntur,
2365 1495 2463 1552 sed
2510 1496 2577 1551 ad
2615 1497 2839 1552 nihilum
2867 1499 3084 1568 penitus
3121 1500 3282 1554 etiam
3323 1495 3521 1569 genita'

1918 1587 2250 1657 rediguntur.
2276 1587 2408 1642 Cum
2437 1603 2566 1658 ergo
2607 1589 2774 1643 Deum
2807 1588 2910 1642 nisi
2930 1589 3088 1643 stulta
3120 1588 3364 1658 impietas
3393 1605 3500 1644 non

1917 1679 2293 1749 reprehendat,
2327 1679 2468 1750 quod
2488 1680 2729 1735 homines
2758 1681 2948 1735 vitiosa
2976 1681 3248 1736 voluntate
3275 1681 3500 1736 damna-

1917 1770 2052 1825 biles
2080 1771 2170 1824 illo
2198 1770 2497 1825 viviﬁcante
2524 1771 2724 1836 vivunt,
2753 1771 2842 1840 qui
2884 1769 3114 1824 viviﬁcat
3151 1771 3328 1824 omnia
3363 1789 3375 1824 :
3404 1785 3502 1825 cur

1918 1873 2165 1934 putamus
2203 1863 2270 1917 ab
2294 1863 2411 1933 ejus
2452 1863 2706 1934 op'eribus
2745 1863 3070 1929 abhorrere,
3118 1862 3258 1932 quod
3296 1862 3502 1932 origine

1916 1957 2096 2010 vitiata
2136 1956 2466 2010 damnabiles
2491 1957 2582 2009 illo
2601 1965 2818 2010 creante
2845 1965 3155 2017 nascuntur,
3178 1955 3267 2024 qui
3291 1962 3502 2009 creator

1913 2057 1998 2104 est
2025 2049 2297 2110 omnium;
2327 2056 2381 2102 et
2409 2063 2502 2116 per
2527 2047 2867 2101 Mediatorem
2894 2046 3191 2116 regenerati
3226 2061 3254 2098 a
3276 2046 3502 2099 damna-

1917 2139 2062 2194 tione
2085 2138 2375 2193 liberantur
2399 2138 2596 2202 debita,
2627 2137 2719 2192 sed
2751 2137 2976 2206 gratuita
3005 2137 3366 2200 miseratione,
3393 2151 3500 2191 non

1916 2229 2116 2293 debita,
2163 2243 2300 2299 quos
2329 2228 2487 2298 elegit
2531 2237 2656 2282 ante
2693 2227 3128 2281 constitutionem
3179 2225 3362 2280 mundi
3405 2241 3502 2296 per

1917 2319 2232 2375 electionem
2263 2319 2466 2390 gratiae,
2491 2333 2596 2371 non
2619 2333 2682 2371 ex
2710 2316 2959 2386 operibus
2975 2317 3058 2368 vel
3087 2316 3386 2384 praeteritis,
3414 2316 3501 2370 vel

1918 2410 2286 2480 praesentibus,
2315 2409 2399 2462 vel
2429 2407 2656 2462 futuris?
2688 2407 2934 2476 Alioquin
2957 2406 3124 2476 gratia
3155 2406 3264 2475 jam
3288 2421 3392 2460 non
3417 2415 3501 2461 est

1915 2500 2083 2570 gratia
2129 2499 2302 2570 (Rom.
2338 2515 2416 2564 xl,
2445 2499 2523 2566 6).
2573 2498 2726 2564 Quod
2771 2497 3006 2550 maxime
3029 2505 3248 2566 apparet
3288 2497 3338 2550 in
3378 2511 3501 2566 par-

1917 2591 2072 2656 vulis,
2103 2604 2328 2660 quorum
2361 2604 2460 2643 nec
2491 2589 2758 2659 przetcrita
2784 2586 2888 2641 dici
2918 2596 3138 2657 possunt
3164 2602 3348 2656 Opera,
3375 2587 3498 2656 quia

1915 2696 2021 2736 non
2065 2679 2311 2745 fuerunt;
2359 2694 2458 2735 nec
2486 2679 2792 2748 prmsentia,
2831 2678 2951 2748 quia
2983 2677 3116 2732 nihil
3164 2685 3496 2747 operantur;

1916 2786 2016 2826 nec
2047 2771 2240 2836 futura,
2273 2769 2484 2840 quando
2510 2770 2560 2822 in
2592 2769 2678 2822 illa
2706 2777 2862 2822 :rtate
2891 2769 3212 2823 moriuntur.

1987 2862 2076 2918 60.
2111 2860 2225 2914 Dixi
2252 2874 2380 2915 sane
2410 2877 2422 2913 :
2462 2877 2480 2911 ι
2518 2859 2797 2925 Quomodo
2824 2867 3039 2914 manent
3083 2866 3297 2928 peccata
3324 2865 3497 2924 reatu,

1914 2969 2034 3026 qua:
2070 2951 2444 3022 praeterierunt
2469 2959 2627 3013 actu;
2675 2949 2752 3004 sic
2789 2964 2820 3004 e
2859 2949 3129 3004 contrario
3159 2947 3271 3003 lieri
3304 2956 3535 3019 potest,‘

1914 3054 1974 3101 ut
1999 3043 2426 3112 concupiscentia
2472 3049 2683 3096 maneat
2706 3050 2860 3108 actu,
2901 3048 2956 3094 et
2980 3047 3260 3109 praetereat
3287 3047 3436 3094 reatu
3473 3057 3494 3092 ι

1915 3135 2019 3207 (De
2044 3134 2255 3207 Nuptiis
2267 3143 2311 3188 et
2332 3133 2765 3201 Concupiscentia,
2796 3131 2883 3186 lib.
2903 3147 2940 3194 I,
2970 3148 3057 3184 nn.
3076 3130 3165 3196 29,
3207 3129 3322 3200 50).
3345 3128 3498 3195 Quod

1914 3242 2067 3282 error
2090 3225 2302 3297 quidem
2327 3235 2446 3279 tuus
2483 3223 2674 3278 falsum
2703 3238 2824 3277 esse
2847 3222 2994 3285 dicit,
3038 3221 3130 3277 sed
3161 3221 3354 3276 veritas
3402 3235 3499 3276 ve-

1915 3334 2032 3373 rum
2061 3333 2179 3373 esse
2208 3315 2495 3371 convincit.
2521 3314 2653 3369 Nam
2683 3325 2738 3368 tu
2768 3314 2819 3368 id
2845 3329 2951 3368 non
2971 3312 3200 3367 valendo
3226 3312 3491 3380 refellere,

1915 3411 2089 3482 primo
2129 3409 2437 3464 dialecticas
2485 3406 2732 3462 tenebras
2776 3405 3036 3474 imperitis
3074 3404 3287 3458 conaris
3327 3402 3499 3456 oilun-

1913 3502 2042 3558 dere
2071 3501 2275 3566 dicens,
2313 3521 2332 3552 ι
2367 3507 2417 3552 te
2437 3499 2673 3568 cogitare
2697 3512 2802 3552 non
2844 3509 3023 3566 posse,
3074 3494 3129 3548 in
3174 3508 3275 3564 qua
3301 3492 3495 3546 dialexi

1914 3593 2206 3648 invenerim
2237 3590 2626 3645 contrariorum
2655 3587 2892 3642 omnium
2929 3584 3434 3655 reciprocationem.
3469 3599 3490 3634 ο

1913 3687 2084 3756 Quam
2131 3684 2446 3740 sententiam
2499 3690 2644 3736 tuam
2690 3680 2735 3734 si
2781 3693 3051 3749 exponere
3081 3676 3320 3739 voluero,
3349 3682 3404 3728 et
3429 3673 3495 3728 ad

1912 3794 2098 3836 eorum
2129 3771 2861 3847 perducereintelligentiam,
2881 3769 2971 3839 qui
2999 3781 3268 3838 nunquam
3290 3766 3389 3819 ista
3416 3764 3497 3820 di-

1912 3870 2174 3934 dit-erunt,
2205 3881 2338 3938 opus
2357 3866 2460 3921 erit
2479 3865 2635 3934 pleno
2663 3862 2887 3917 fortasse
2901 3859 3194 3920 volumine.
3223 3855 3327 3912 Sed
3357 3871 3497 3911 nunc

1913 3961 2042 4015 satis
2089 3967 2190 4024 est,
2237 3957 2378 4028 quod
2406 3957 2520 4025 ipse
2549 3953 2752 4018 dixisti,
2790 3971 2809 4005 ‹
2845 3952 2895 4006 in
2940 3951 3081 4006 nulla
3108 3949 3303 4004 dialexi
3337 3962 3497 4018 posse

1915 4049 2138 4106 inveniri
2192 4047 2578 4103 contrariorum
2641 4043 2877 4099 omnium
2939 4040 3434 4110 reciprocationem.
3470 4058 3490 4093 ι

1913 4141 2048 4196 lline
2073 4139 2214 4195 enim
2239 4137 2517 4192 ostendisti
2545 4136 2841 4205 aliquorum
2867 4148 2986 4188 esse
3015 4149 3194 4208 posse,
3237 4146 3343 4186 non
3370 4145 3491 4185 om-

1913 4227 2082 4280 nium.
2114 4225 2174 4280 lu
2218 4224 2298 4277 his
2321 4237 2449 4292 ergo
2486 4221 2749 4290 aliquibus
2791 4229 2845 4274 et
2891 4220 2992 4273 hoc
3027 4219 3222 4288 reperi.
3269 4218 3324 4272 Si
3349 4219 3492 4272 enim

1912 4318 2162 4381 dixisses,
2208 4313 2593 4370 contrariorum
2635 4309 3109 4381 reciprocationem
3153 4323 3273 4364 esse
3315 4308 3494 4362 nullo-

1913 4425 2054 4476 rum,
2093 4417 2149 4464 et
2184 4423 2282 4478 per
2311 4407 2411 4461 hoc
2439 4405 2753 4462 ostenderes
2783 4419 2844 4458 ea
2872 4417 2992 4474 qua:
3033 4402 3185 4472 posui
3227 4401 3492 4456 contraria

1913 4502 2182 4571 reciproca
2208 4513 2329 4555 esse
2365 4513 2472 4553 non
2501 4511 2680 4566 posse,
2707 4497 2830 4566 quia
2878 4494 3020 4549 nulla
3064 4509 3186 4550 esse
3226 4501 3490 4563 possunt,

1913 4611 2013 4667 ego
2039 4594 2214 4665 aliqua
2245 4607 2366 4648 esse
2406 4606 2566 4662 posse
2592 4591 2875 4646 ostendere
2909 4589 3090 4653 debui,
3120 4604 3184 4644 ac
3219 4587 3412 4643 deinde
3439 4588 3493 4647 in

1914 4687 1998 4742 his
2025 4700 2142 4742 esse
2167 4683 2306 4755 quod
2333 4683 2510 4755 posui.
2550 4683 2654 4738 Sed
2681 4697 2800 4737 esse
2820 4682 2994 4750 aliqua
3017 4680 3126 4750 jam
3152 4680 3266 4750 ipse
3294 4693 3494 4736 conce-

1913 4777 2016 4842 dis,
2057 4778 2145 4847 qui
2175 4792 2280 4832 non
2310 4777 2442 4832 dicis
2477 4775 2742 4831 nullorum
2774 4774 3164 4830 contrariorum
3192 4787 3312 4829 esse
3352 4773 3483 4828 reci.

1916 4870 2298 4940 procationem,
2329 4867 2424 4923 sed
2451 4883 2556 4922 non
2584 4867 2841 4922 omnium.
2882 4867 2977 4922 Est
3002 4866 3158 4936 igitur
3171 4867 3491 4935 aliquorum.

1915 4960 2020 5015 Sed
2053 4970 2228 5014 utrum
2268 4959 2322 5012 in
2367 4957 2452 5012 his
2475 4957 2635 5012 etiam
2664 4957 2764 5010 hoc
2787 4957 2859 5011 sit
2884 4955 3024 5026 quod
3062 4971 3091 5010 a
3135 4971 3221 5012 me
3261 4957 3488 5027 positum

1915 5061 2017 5118 est,
2050 5060 2218 5107 restat
2244 5050 2526 5106 ostendere
2554 5068 2566 5104 :
2593 5049 2765 5116 idest,
2795 5058 2993 5115 utrum,
3024 5051 3363 5104 sicutverum
3391 5056 3490 5113 est,

1915 5152 2062 5198 reatu
2092 5156 2311 5196 manere
2337 5151 2574 5211 peccata,
2603 5155 2720 5211 qua:
2747 5141 3121 5212 prmterierunt
3145 5150 3264 5197 actu
3289 5156 3304 5205 ;
3328 5141 3398 5194 ita
3427 5139 3497 5194 sit

1905 5249 2124 5300 .verum,
2154 5233 2295 5304 quod
2322 5233 2751 5302 concupiscentia
2778 5241 2992 5289 maneat
3020 5241 3163 5298 actu,
3191 5241 3244 5286 et
3273 5239 3496 5300 praeter-

1914 5335 2002 5379 eat
2031 5332 2200 5380 reatu.
2228 5323 2380 5391 Quod
2421 5333 2476 5378 tu
2508 5324 2622 5378 fieri
2662 5339 2768 5378 non
2801 5339 2958 5394 posse
2974 5324 3158 5378 volens
3184 5319 3486 5387 ostendere,

1916 5415 2020 5471 hoc
2048 5416 2264 5481 dixisti,
2293 5415 2431 5484 quod
2460 5432 2558 5487 ego
2587 5433 2691 5471 non
2717 5417 2846 5472 dixi.
2895 5417 3006 5485 Ego
3034 5415 3174 5470 enim
3202 5413 3268 5468 de
3299 5427 3494 5468 concu-

1918 5507 2170 5576 piscentia
2199 5507 2328 5572 dixi,
2375 5524 2494 5579 qua:
2530 5518 2612 5564 est
2656 5511 2706 5563 in
2751 5509 3004 5564 membris
3046 5521 3346 5576 repugnans
3389 5507 3493 5578 legi

1915 5597 2111 5651 mentis
2132 5596 2302 5668 (Rom.
2330 5597 2554 5671 vu,25),
2583 5600 2823 5670 quamvis
2853 5608 3030 5654 reatus
3043 5597 3226 5667 ejusiu
3253 5598 3490 5652 omnium

1921 5697 2256 5757 peccatorum
2286 5691 2612 5748 remissione
2631 5689 2898 5744 transierit
2927 5706 2939 5742 :
2986 5689 3123 5744 sicut
3149 5703 3180 5744 e
3199 5691 3491 5758 contrario,

1924 5778 2242 5833 sacriﬁcium
2273 5780 2425 5834 idolis
2448 5779 2663 5845 factum,
2694 5783 2737 5834 si
2764 5778 3151 5851 deincepsnon
3177 5778 3267 5836 fiat
3287 5822 3300 5845 ,
3352 5796 3493 5851 prae-

1925 5874 2068 5927 teriit
2110 5882 2250 5942 actu,
2283 5872 2376 5928 sed
2418 5883 2595 5928 manet
2624 5880 2790 5939 reatu,
2841 5872 2939 5927 nisi
2971 5887 3068 5943 per
3116 5871 3486 5951 indulgentiam
