4022 6460
506 330 613 392 859

504 441 826 498 remittatur.
856 436 1115 504 Quiddam
1142 434 1284 490 enim
1316 437 1419 490 tale
1451 443 1533 490 est
1561 433 1861 488 sacriﬁcare
1892 429 2069 497 idolis,

506 544 563 586 ut
583 545 718 602 opus
745 532 773 597 if
797 545 911 582 sum
933 541 1055 582 cum
1080 526 1135 580 ﬁt
1163 531 1465 594 prattcreat,
1489 525 1782 596 eodemque
1811 523 2082 595 pratterito

507 633 683 677 reatus
706 621 820 690 ejus
838 627 1047 673 maneat
1075 617 1226 672 venia
1249 616 1614 672 resolvendus.
1631 615 1895 684 Quiddam
1925 615 2080 668 vero‘

507 713 610 766 tale
637 720 720 766 est
747 709 921 764 carnis
947 710 1396 778 concupiscentia,
1435 717 1492 763 ut
1521 716 1732 762 maneat
1762 707 1816 761 in
1846 706 2080 768 homine,

503 816 686 856 secum
727 815 822 871 per
857 801 1236 855 continentiam
1291 798 1628 868 conﬁigente,
1675 797 1922 868 quamvis
1969 795 2085 865 ejus

503 901 685 946 reatus
722 891 812 962 qui
841 889 1011 946 fuerat
1037 893 1382 962 generatione
1406 898 1736 955 contractus,
1762 889 1873 960 jam
1903 889 1972 942 sit
1996 904 2084 942 rc-

500 982 846 1051 generatione
867 991 1184 1037 transactus.
1217 982 1347 1036 Actu
1372 981 1513 1036 enim
1545 989 1725 1034 manet
1743 995 1847 1034 non
1869 977 2082 1048 quidem

503 1073 863 1128 abstrahendo
916 1082 969 1128 et
999 1073 1264 1128 illiciendo
1293 1082 1548 1138 mentem,
1571 1071 1791 1141 ejusque
1819 1083 2083 1124 consensu

501 1164 854 1234 concipiendo
895 1175 944 1218 et
992 1164 1247 1234 pariendo
1291 1173 1544 1233 peccata;
1587 1162 1680 1216 sed
1706 1161 1866 1227 mala,
1895 1160 2086 1230 quibus

503 1271 656 1310 mens
701 1257 932 1322 resistat,
977 1255 1236 1310 desideria
1280 1253 1685 1308 commovendo.
1733 1252 1848 1322 Ipse
1890 1250 2085 1321 quippe

504 1358 681 1404 motus
726 1358 874 1404 actus
903 1358 983 1404 cst
1026 1349 1163 1418 ejus,
1211 1350 1453 1418 quamvis
1502 1358 1680 1402 mente
1709 1362 1813 1400 non
1851 1360 2084 1400 consen-

503 1441 670 1496 tiente
700 1440 835 1496 desit
874 1441 1111 1496 ell‘ectus.
1165 1440 1307 1496 Inest
1350 1441 1492 1496 enim
1537 1439 1739 1494 homini
1786 1437 1984 1493 malum
2032 1447 2086 1493 et

501 1541 698 1602 prmter
712 1533 870 1587 istum
886 1542 1084 1599 actum,
1117 1533 1167 1588 id
1185 1543 1288 1599 est,
1311 1541 1503 1602 praeter
1527 1532 1668 1599 hunc
1687 1541 1913 1598 motum,
1945 1529 2086 1586 unde

504 1625 674 1695 surgit
701 1625 787 1681 hic
814 1636 1024 1692 motus;
1065 1641 1222 1696 quem
1256 1633 1457 1679 motum
1484 1624 1710 1678 dicimus
1735 1622 2079 1678 desiderium.

501 1712 618 1769 Non
648 1717 788 1770 enim
819 1731 1032 1786 semper
1051 1727 1134 1772 cst
1161 1716 1483 1772 desiderium
1511 1725 1696 1771 contra
1722 1716 1861 1786 quod
1885 1729 2087 1785 pugne-

505 1819 625 1858 mus
651 1822 664 1858 :
694 1805 785 1859 sed
809 1805 853 1859 si
884 1815 1009 1860 tunc
1035 1821 1140 1860 non
1172 1813 1272 1870 est,
1325 1804 1536 1875 quando
1563 1820 1668 1859 non
1696 1805 2079 1874 oceurritquod

505 1896 910 1963 concupiscatur
963 1896 1077 1951 sive
1121 1896 1301 1950 animo
1339 1896 1642 1966 cogitantis,
1683 1895 1794 1950 sive
1839 1896 2084 1950 sensibus

504 1986 782 2054 corporis;
814 1985 926 2040 ﬁeri
951 1994 1125 2057 potest
1151 1996 1209 2041 ut
1237 1986 1360 2040 insit
1380 1985 1606 2056 qualitas
1635 1985 1795 2050 mala,
1821 1985 1915 2040 sed
1942 1985 2082 2039 nulla

505 2075 575 2129 sit
603 2076 896 2131 tentatione
922 2086 1186 2131 commota
1219 2076 1397 2131 :sicut
1435 2077 1573 2130 incSt
1605 2075 1855 2130 timiditas
1884 2074 2083 2129 homini

508 2164 723 2230 timido,
755 2167 1150 2236 etquandonon
1179 2167 1346 2220 timet.
1370 2166 1502 2221 Cum
1531 2182 1657 2221 vero
1688 2167 1920 2221 occurrit
1943 2165 2082 2237 quod

504 2258 938 2327 concupiscatur,
984 2274 1082 2314 nec
1121 2258 1385 2314 desideria
1427 2259 1564 2313 mala
1608 2259 1761 2313 nobis
1799 2259 1959 2314 etiam
1990 2274 2083 2312 no-

505 2345 735 2400 lentibus
765 2359 1197 2416 commoventur,
1241 2348 1442 2403 sanitas
1482 2348 1637 2418 plena
1667 2355 1769 2402 εει.
1819 2347 1930 2402 11οε
1956 2363 2084 2420 ergo

502 2439 688 2493 vitium
707 2455 811 2494 non
837 2449 1016 2508 posset
1039 2442 1060 2472 '
1089 2440 1189 2495 nisi
1218 2447 1368 2495 reatu
1389 2448 1571 2494 tenere
1590 2439 1876 2504 hominem,
1895 2454 2084 2510 quam—

503 2531 586 2587 vis
607 2532 844 2600 ejusdem
871 2533 996 2586 mali
1029 2534 1168 2588 bono
1199 2549 1296 2588 usu
1327 2532 1394 2588 de
1415 2533 1579 2588 castis
1603 2531 1916 2603 conjugibus
1961 2548 2084 2604 pro-

502 2631 741 2684 creatum
773 2642 785 2677 :
810 2624 900 2694 qui
929 2623 1388 2694 reatus,quamvis
1412 2639 1477 2678 eo
1507 2631 1757 2678 manente
1783 2623 1944 2685 malo,
1978 2623 2088 2677 sol-

507 2715 648 2768 vitur
674 2715 726 2768 in
755 2715 1072 2769 remissione
1099 2715 1338 2768 omnium
1365 2725 1703 2783 peccatorum
1731 2729 1827 2782 per
1853 2712 1945 2768 Dei
1973 2728 2089 2784 gra-

507 2805 633 2858 tiam
662 2819 762 2874 qua
790 2804 1077 2859 liberamur
1097 2804 1164 2859 ab
1191 2803 1333 2858 omni
1362 2803 1522 2868 malo,
1549 2818 1668 2858 cum
1699 2803 1954 2858 Dominus
1978 2818 2083 2858 non

507 2897 680 2951 solum
712 2897 974 2967 propitius
1000 2895 1056 2950 ﬁt
1081 2895 1331 2950 omnibus
1359 2895 1723 2964 iniquitatibus
1746 2897 1967 2961 nostris,
1992 2910 2085 2949 ve-

508 3002 626 3042 rum
650 2989 811 3042 etiam
833 2997 985 3040 sanat
1010 2973 1197 3040 omnes
1226 2986 1510 3055 Ianguores
1537 2995 1750 3040 nostros
1769 2984 1809 3038 ³.
1839 2985 1970 3040 Nam
2002 3001 2087 3041 rc-

507 3078 626 3132 cole
669 3077 793 3147 quid
839 3076 1174 3146 responderit
1210 3075 1487 3130 Liberator
1525 3076 1638 3144 ipse
1663 3084 1821 3146 atque
1846 3075 2088 3132 Salvator

508 3169 592 3223 his
614 3167 703 3239 qui
735 3169 782 3222 ei
813 3168 1076 3232 dixerant,
1121 3176 1177 3222 ut
1203 3166 1369 3223 exiret
1399 3167 1465 3221 de
1511 3166 1896 3239 Jcrosolymis:
1927 3165 2079 3234 Ecce,

506 3261 696 3330 inquit,
727 3261 872 3330 cjicio
898 3259 1168 3327 dwmonia,
1219 3269 1265 3312 et
1311 3259 1550 3313 sanitates
1595 3258 1801 3328 perﬁcio
1842 3259 1991 3312 hodie
2037 3268 2085 3314 et

503 3368 634 3416 cras,
667 3361 714 3406 et
740 3352 885 3406 tertia
909 3367 1228 3404 consummor
1259 3350 1406 3422 (Luc.
1440 3366 1554 3416 xm,
1585 3349 1696 3422 52).
1742 3350 1882 3422 Lege
1907 3351 2085 3406 Evan-

506 3443 726 3514 gelium,
753 3453 808 3498 et
834 3442 956 3498 vide
987 3451 1110 3513 post
1147 3453 1402 3512 quantum
1430 3441 1451 3471 ⁸
1474 3456 1660 3512 passus
1704 3441 1862 3496 fuerit
1895 3451 1951 3497 ει
1995 3457 2084 3496 re-

507 3534 815 3589 surrcxerit.
835 3533 976 3603 Ergo
1003 3533 1255 3588 mentitus
1283 3531 1408 3587 est?
1432 3530 1605 3586 Absit.
1649 3531 1754 3586 Sed
1770 3532 2086 3602 signiﬁcavit

506 3623 725 3693 aliquid,
757 3624 898 3693 quod
925 3624 1021 3676 ista
1045 3623 1185 3678 inter
1209 3639 1306 3676 nos
1351 3622 1646 3692 quaestione
1684 3630 1947 3676 versatur.
1981 3623 2087 3676 Ex-

508 3713 682 3783 pulsio
695 3715 889 3782 quippe
919 3723 1001 3767 est
1023 3713 1408 3776 drcmoniorum
1438 3713 1683 3767 remissio
1709 3720 2082 3782 peccatorum:

508 3801 762 3874 perfectio
789 3803 1096 3870 sanitatum,
1135 3818 1253 3872 quae
1293 3804 1351 3856 ﬁt
1396 3803 1723 3872 proﬁciendo
1748 3812 1867 3873 post
1911 3804 2088 3874 Bapti-

508 3909 726 3948 smum:
763 3894 913 3948 tertia
963 3895 1348 3948 consummatio
1389 3902 1490 3959 εει,
1523 3910 1680 3964 quam
1723 3911 1832 3949 sua:
1873 3911 2085 3966 quoque

508 3983 686 4038 carnis
740 3983 1135 4038 immortalitate
1193 3985 1526 4049 monstravit,
1605 3985 2082 4056 incorruptibilium

509 4074 785 4131 beatitudo
812 4074 1144 4143 gaudiorum.

568 4188 588 4217 “
616 4189 715 4248 ltic,
740 4187 978 4254 quiddam
1001 4199 1127 4254 vero,
1154 4201 1216 4254 cit
1253 4190 1585 4251 manuscriptis
1613 4190 1830 4254 quinque
1852 4191 2086 4243 Vaticanis

506 4255 562 4298 ει
585 4247 828 4298 nonnullis
844 4247 1090 4298 Gallicanis
1111 4249 1342 4298 addimus.

571 4313 591 4373 ξ
613 4311 686 4358 sic
709 4318 812 4360 Mss.
835 4318 889 4358 At.
911 4311 1046 4369 editi,
1069 4322 1160 4360 non
1178 4315 1342 4373 potest.

572 4372 593 4402 ³
616 4378 716 4434 Am.
759 4380 812 4421 et
853 4377 926 4420 Er.
962 4385 1071 4420 cum
1109 4371 1352 4420 nonnullis
1389 4373 1725 4434 manuscriptis
1760 4379 1876 4434 post
1891 4411 1913 4434 ,ί
1949 4381 2087 4434 amat

505 4443 668 4502 oinues
693 4431 946 4502 languorcs
960 4437 1159 4502 nostros,
1186 4435 1406 4502 prosilire
1429 4431 1722 4502 subjiciunt:
1753 4431 2004 4502 [Dominus
2035 4433 2087 4486 in

508 4492 793 4555 tgoangdio,’
815 4503 951 4553 Ecce,
975 4492 1147 4555 inquit,
1179 4492 1320 4555 ejicio
1343 4493 1580 4543 dwmom'a
1595 4531 1608 4552 ,
1629 4500 1676 4544 et
1717 4492 1944 4546 sanitates
1974 4510 2086 4552 per-

503 4551 618 4617 ﬁcio
637 4551 794 4605 "hodie
831 4561 892 4617 et
928 4551 1075 4617 cras,
1117 4551 1163 4604 et
1197 4551 1343 4604 tertio
1373 4551 1687 4605 consumptor.
1726 4563 1850 4617 Apost
1889 4551 2089 4609 multum

507 4615 693 4680 tempus
709 4630 852 4680 (piam
873 4615 1168 4680 hogdictam
1201 4620 1287 4674 est,
1308 4629 1475 4680 passus
1497 4621 1566 4666 est
1601 4615 1828 4680 nonanus
1855 4629 1872 4667 :
1895 4619 2089 4680 mentiri

506 4675 790 4748 non'potiiit.
830 4676 1114 4748 (intelligitur
1131 4689 1266 4748 ergo
1306 4675 1378 4748 sic
1416 4689 1434 4728 :
1473 4675 2089 4748 Expulsioda’nwniomm

509 4737 726 4810 remissio
748 4737 1048 4810 peccatorum
1071 4737 1239 4810 est,__eo
1271 4737 1431 4810 utique
1469 4737 1846 4810 quodmdiabolus
1867 4749 2086 4810 peccato-

510 4809 620 4868 rum
643 4799 786 4868 pater
801 4808 941 4864 atque
973 4800 1108 4868 origo
1129 4799 1207 4868 sit,
1233 4813 1320 4863 per
1337 4799 1390 4868 id
1405 4799 1530 4865 quod
1547 4799 1759 4868 efficitur
1771 4800 1827 4868 id
1847 4799 1974 4866 quod
1989 4801 2088 4868 elﬁ-

503 4859 616 4922 cit.]
640 4859 694 4909 Et
717 4859 877 4920 utique
896 4859 1116 4928 expuliio
1158 4859 1505 4913 ddmonior'wu
1535 4859 1606 4912 est
1636 4859 2088 4928 remissio'pecca'tb-

511 4929 905 4986 rum_;_tanquam
948 4923 1156 4986 resoluta
1174 4984 1182 4986 _
1197 4937 1362 4984 causa,
1385 4937 1471 4986 per
1874 4923 2088 4978 bunum;

507 4983 799 5052 gossidtjoat.
826 4983 1068 5052 perfectio.
1078 4983 1354 5052 sanitatum,
1374 4983 1491 5035 dum
1502 4983 1566 5034 de
1590 4984 1669 5052 die
1684 4985 1732 5034 in
1756 4985 1884 5036 diem
1899 4987 2089 5052 proﬁcit

509 5045 742 5117 Ecclesia,
787 5051 833 5095 et
854 5045 1186 5117 correptionis,
1210 5047 1350 5117 cujus
1388 5053 1551 5117 reatus
1584 5046 1773 5098 ablatus
1807 5045 1909 5117 est,
1929 5045 2088 5117 passio

508 5106 790 5172 quotidiana
807 5106 1104 5172 renovatione
1118 5106 1366 5172 adnuitur.
1397 5106 1551 5172 Tertia
1573 5106 1950 5172 comminuetur,
1970 5112 2087 5172 dum

509 5166 904 5237 resurrectionem
947 5167 997 5237 in
1035 5166 1188 5237 seipse
1223 5167 1507 5237 initiandam
1545 5169 1821 5220 monstravit
1844 5166 2085 5234 Ecclesiaz,

509 5244 607 5296 qua
623 5230 690 5280 ad
713 5229 1080 5296 incorruptionis
1101 5229 1551 5296 Consunmwtioncm
1564 5244 1898 5296 Διςιιπιιημιηιφιε
1917 5229 2084 5296 perae;

508 5290 609 5358 aiat
630 5291 895 5358 sanitatem.
909 5290 977 5341 'se
998 5303 1108 5358 vero
1125 5290 1445 5358 consununari
1456 5292 1592 5358 dixit
1616 5305 1634 5342 :
1645 5300 1690 5343 et
1917 5290 1962 5358 ξι
1977 5293 2088 5358 ﬁnis

508 5354 630 5426 ipse,
653 5353 754 5426 ipse
786 5359 928 5426 caput
949 5359 995 5402 et
1013 5350 1255 5426 plenitudo
1279 5353 1524 5426 corporis,
1546 5353 1596 5404 in
1618 5353 1844 5426 membris
1866 5353 1964 5405 suis
1977 5350 2087 5426 ipse

508 5414 775 5481 perﬁcitur.
799 5414 1018 5481 Priorem
1033 5423 1218 5476 partem
1241 5414 1380 5478 hujus
1402 5416 1729 5481 additamenti,
1752 5429 1894 5479 quam
1905 5414 2088 5468 ansulis

507 5477 994 5540 comprehendimus,
1041 5477 1315 5540 eraserunt'
1357 5479 1712 5535 Lovanienses;
1765 5477 2086 5540 posteriorem

508 5535 861 5602 transtulerunt
883 5547 992 5602 post
1025 5535 1280 5602 duodecim
1306 5551 1492 5596 versus,
1526 5539 1584 5586 ad
1608 5535 1780 5599 verba,
1800 5539 2088 5602 incorrupti--

512 5600 678 5649 tilium
700 5599 940 5649 beatitudo
958 5599 1280 5662 gaudiorum._
1309 5606 1566 5661 utramque
1590 5608 1774 5660 partem
1804 5599 2087 5653 auctoritate

513 5664 842 5711 Vaticanorum
865 5660 1089 5723 quatuor,
1117 5669 1169 5712 et
1188 5660 1532 5710 Gallicanorum
1571 5661 1752 5725 aliquot
1930 5666 2087 5728 rejici-

511 5734 631 5771 mus.

574 5792 594 5816 ⁸
611 5785 691 5838 llic
708 5782 830 5849 apud
857 5790 962 5834 Lor.
989 5784 1192 5844 additur,
1218 5791 1419 5848 tentptts.

1317 325 1585 381 CONTRA
1627 323 1962 379 JULIANUM
2001 320 2460 387 PELAGIANUM,
2501 321 2556 377 S.
2599 320 2963 377 AUGUSTINI

3669 326 3796 382 860

2263 431 2354 486 6|.
2377 431 2456 486 Tu
2484 440 2662 487 autem
2692 433 2743 486 in
2770 433 3070 501 exemplum
3106 433 3204 497 rei,
3247 431 3314 488 de
3360 448 3410 504 τῖε
3434 450 3462 487 a
3509 435 3795 506 loqueba-

2189 521 2302 589 ris,
2359 524 2675 593 sacrilegum
2721 524 3038 579 sacriﬁcium
3066 525 3286 594 posuisti
3340 536 3499 597 atque
3561 528 3788 595 dixisti,

2196 633 2214 665 ι
2249 613 2504 685 quidquid
2533 615 2600 669 ad
2635 615 2738 670 hoc
2763 630 2927 686 genus
2954 616 3203 686 pertinet,
3235 617 3303 672 de
3334 619 3438 673 isto
3465 635 3571 674 uno
3613 637 3792 690 posse

2190 707 2473 762 monstrari
2499 725 2512 762 :
2536 709 2786 778 quoniam
2811 709 2854 764 si
2876 709 3042 764 semel
3078 709 3269 780 aliquis
3317 710 3472 767 idolis
3501 714 3757 770 sacriﬁca
3776 746 3790 757 -

2191 798 2346 864 verit,
2374 806 2570 868 potest,
2603 798 2774 854 donec
2797 809 3156 870 consequatur
3196 802 3425 867 veniam,
3451 805 3619 872 premi
3672 805 3791 860 im-

2191 887 2384 957 pietate
2404 890 2694 954 commissi,
2717 899 2771 944 et
2786 901 2965 946 manet
2981 900 3159 947 reatus
3186 893 3396 948 actione
3416 894 3585 950 ﬁnita.
3615 895 3789 952 Nullo

2189 986 2364 1032 autem
2395 989 2570 1048 pacto,
2607 997 2626 1032 ι
2663 980 2853 1049 inquis,
2877 999 2897 1032 ι
2931 978 3044 1035 ﬁeri
3075 991 3248 1049 potest
3277 992 3334 1037 ut
3355 993 3569 1039 maneat
3589 985 3738 1040 actio
3765 1026 3785 1051 ,

2189 1078 2243 1125 et
2276 1070 2528 1126 abscedat
2568 1079 2780 1138 reatus;
2818 1071 2869 1126 id
2897 1082 2998 1138 est,
3031 1084 3090 1128 ut
3118 1073 3468 1141 daemonibus,
3519 1095 3539 1130 ι
3574 1077 3783 1146 inquis,

2195 1178 2214 1212 t
2245 1161 2546 1216 sacriﬁcare
2575 1177 2681 1216 non
2702 1162 2928 1230 desinat,
2955 1173 3010 1220 et
3035 1174 3211 1220 tamen
3239 1167 3375 1222 liber
3395 1183 3426 1222 a
3453 1170 3782 1238 prolanitate

2189 1254 2447 1310 videatur.
2483 1275 2502 1308 ι
2539 1255 2651 1311 11οε
2673 1255 2740 1310 (ιε
2786 1257 3046 1312 sacriﬁcio
3083 1258 3239 1314 idolis
3276 1260 3454 1314 oblato
3491 1262 3781 1318 verissime

2189 1344 2319 1401 dicis
2350 1364 2363 1400 :
2390 1356 2538 1401 actus
2561 1355 2644 1402 est
2668 1347 2810 1402 enim
2831 1348 2920 1418 qui
2951 1362 3115 1418 opere
3133 1349 3247 1420 ipso
3269 1350 3556 1420 peragitur,
3584 1361 3776 1407 etnon

2189 1436 2322 1500 erit;
2350 1437 2474 1490 etsi
2502 1436 2696 1492 iterum
2727 1437 2803 1502 ﬁt,
2836 1438 3062 1493 alterum
3099 1437 3176 1492 ﬁt.
3224 1437 3475 1510 Impietas
3503 1456 3629 1497 vero
3654 1443 3776 1511 ipsa

2188 1541 2292 1597 qua
2318 1526 2431 1582 haec
2460 1527 2610 1593 ﬁunt,
2637 1528 2837 1583 tamdiu
2863 1539 3063 1596 manet,
3095 1529 3266 1586 donec
3309 1531 3468 1587 idolis
3500 1535 3781 1590 renuntie-

2191 1627 2274 1672 tur
2299 1626 2354 1672 et
2387 1617 2635 1674 credatur
2669 1619 2724 1673 in
2756 1619 2944 1674 Deum.
2997 1619 3156 1676 Idolis
3195 1621 3374 1691 itaque
3418 1622 3776 1678 sacriﬁcatum

2189 1708 2381 1763 factum
2409 1718 2490 1764 est
2528 1709 2815 1778 transiens,
2849 1724 2954 1764 non
2995 1709 3179 1774 vitium
3224 1725 3452 1766 manens
3480 1730 3494 1765 :
3526 1713 3776 1783 impietas

2191 1812 2315 1852 vero
2341 1813 2444 1868 qua
2477 1798 2831 1854 sacriﬁcatum
2851 1809 2953 1866 est,
2984 1802 3105 1870 quia
3127 1810 3181 1856 ει
3208 1801 3298 1855 illo
3321 1812 3537 1872 peracto
3566 1815 3772 1869 manet,

2190 1887 2398 1942 videtur
2431 1903 2550 1945 esse
2577 1890 3019 1958 concupiscentia:
3048 1891 3259 1959 similis,
3289 1908 3394 1963 qua
3427 1893 3773 1949 commissum

2189 1989 2272 2036 est
2299 1981 2640 2038 adulterium.
2673 1983 2778 2039 Sed
2807 1999 2988 2040 errore
3013 1986 3244 2053 sublato,
3270 2002 3374 2057 quo
3403 1988 3490 2041 illa
3520 1989 3769 2056 impietas

2191 2072 2358 2142 pietas
2379 2075 2682 2144 putabatur,
2727 2077 2980 2147 numquid
3013 2077 3170 2133 idolis
3205 2079 3426 2147 aliquem
3463 2079 3770 2135 sacriﬁcare
3837 2124 3840 2128 ί

2189 2165 2438 2234 delectat,
2467 2167 2601 2223 etin
2648 2169 2738 2222 illo
2762 2168 3068 2238 hujusmodi
3106 2170 3426 2225 desiderium
3464 2185 3774 2225 commove-

2192 2257 2314 2310 tur?
2339 2256 2495 2313 Nullo
2532 2258 2694 2316 modo
2732 2261 2890 2332 igitur
2926 2261 3100 2316 simile
3127 2271 3230 2327 est,
3278 2262 3422 2331 quod
3464 2276 3559 2331 pro
3608 2262 3777 2317 simili

2193 2349 2493 2416 ponendum
2527 2351 2743 2420 putasti.
2772 2351 2928 2406 Nullo
2956 2353 3135 2420 modo,
3182 2354 3418 2423 inquam,
3470 2353 3642 2408 simile
3689 2362 3775 2408 est

2191 2439 2506 2494 sacriﬁcium
2556 2442 2820 2497 transiens
2864 2443 3098 2498 manenti
3138 2444 3615 2513 concupiscentia,
3653 2459 3776 2512 qua:

2193 2527 2461 2584 hominem
2480 2530 2593 2600 jam
2638 2547 2742 2586 non
2771 2534 3186 2588 committentem
3214 2535 3356 2605 quod
3395 2535 3531 2590 Solet
3565 2535 3615 2589 ei
3639 2547 3774 2588 con-

2191 2621 2472 2676 sentiendo
2506 2623 2864 2691 committere,
2909 2625 3018 2692 jam
3067 2626 3219 2695 plena
3243 2625 3347 2681 ﬁde
3382 2635 3436 2681 et
3472 2627 3775 2696 cognitione

2192 2711 2517 2776 retinentem,
2551 2727 2657 2767 non
2707 2728 2826 2768 esse
2864 2714 2986 2768 talia
3018 2714 3276 2782 facienda,
3327 2715 3558 2770 stimulis
3597 2725 3772 2770 tamen

2199 2803 2500 2858 illicitorum
2527 2804 2936 2874 desideriorum,
2969 2807 3163 2877 quibus
3190 2807 3392 2862 resistit
3418 2809 3658 2874 castitas,
3691 2807 3775 2862 iu-

2190 2895 2429 2964 quietare
2468 2911 2573 2950 non
2601 2907 2816 2952 cessat:
2846 2913 3019 2969 neque
3055 2899 3274 2954 scientia
3321 2901 3522 2967 linitur,
3571 2909 3634 2956 ut
3667 2917 3776 2956 non

2191 2984 2290 3049 sit;
2320 2984 2417 3040 sed
2445 2985 2770 3040 continentia
2799 2988 3116 3054 refrenatur,
3167 2998 3224 3044 ut
3249 3005 3354 3060 quo
3381 2991 3550 3045 tendit
3584 3005 3775 3062 perve-

2191 3076 2307 3131 nire
2332 3093 2437 3132 non
2478 3077 2665 3147 possit.
2711 3077 3045 3149 Quapropter
3083 3081 3220 3134 sicut
3259 3079 3419 3136 idolis
3459 3081 3773 3145 immolatio,

2190 3180 2310 3236 qua:
2335 3165 2445 3236 jam
2477 3180 2576 3222 nec
2613 3166 2665 3220 in
2705 3168 2916 3223 actione
2945 3177 3046 3233 est,
3093 3170 3213 3238 quia
3255 3171 3542 3240 praeteriit;
3595 3184 3693 3225 nec
3723 3170 3776 3223 in

2191 3255 2484 3322 voluntate,
2517 3255 2638 3323 quia
2665 3271 2818 3311 error
2844 3271 2950 3327 quo
2981 3257 3144 3312 ﬁebat
3165 3257 3478 3328 absumptus
3503 3267 3619 3324 est;
3659 3273 3776 3314 ma-

2191 3355 2282 3401 net
2309 3355 2485 3402 tamen
2515 3355 2694 3402 reatus
2722 3346 2858 3417 ejus,
2884 3347 3056 3403 donec
3083 3349 3135 3403 in
3174 3350 3386 3404 lavacro
3415 3350 3778 3421 regeneratio-

2190 3439 2272 3493 nis
2309 3448 2651 3508 peccatorum
2678 3439 2915 3494 omnium
2963 3440 3279 3497 remissione
3325 3441 3565 3500 solvatur
3599 3459 3611 3495 :
3645 3442 3723 3496 sic
3743 3457 3779 3494 e

2190 3531 2458 3586 contrario
2473 3531 2712 3602 quamvis
2729 3540 2908 3587 reatus
2934 3532 3087 3586 malm
3110 3533 3558 3602 concupiscentia:
3586 3531 3776 3588 eodem

2190 3621 2514 3692 Baptismate
2533 3623 2612 3678 sit.
2640 3623 2880 3688 solutus;
2929 3633 3110 3678 manet
3139 3631 3314 3679 tamen
3351 3624 3484 3695 ipsa,
3515 3623 3687 3678 donec
3709 3625 3778 3676 ah

2191 3725 2256 3766 eo
2284 3712 2372 3782 qui
2398 3722 2520 3782 post
2544 3713 2711 3783 ejecta
2740 3713 3004 3768 dwmonia
3032 3713 3240 3784 perﬁcit
3283 3717 3559 3782 sanitates,
3605 3718 3781 3771 medio

2191 3801 2310 3855 cina
2333 3801 2643 3870 pcrﬁciente
2669 3812 2907 3858 sanetur.

2262 3889 2353 3946 62.
2387 3889 2493 3945 Sed
2534 3907 2716 3962 qumso
2749 3903 2818 3957 te,
2847 3908 2968 3948 cum
3008 3902 3062 3948 et
3108 3894 3222 3965 ipse
3261 3894 3518 3949 concedas
3562 3902 3780 3964 peccati

2192 3978 2316 4036 facti
2344 3989 2503 4051 atque
2529 3983 2780 4037 transacti
2809 3992 3014 4038 reatum
3053 3999 3289 4050 manere,
3319 3985 3417 4039 nisi
3445 4001 3600 4041 sacro
3629 3989 3783 4044 fonte

2191 4073 2453 4137 diluatur;
2494 4073 2580 4129 dic
2609 4074 2740 4129 mihi
2769 4085 2948 4130 reatus
2975 4076 3073 4131 iste
3100 4078 3218 4146 quis
3247 4078 3348 4141 sit,
3377 4087 3430 4132 et
3454 4078 3540 4132 ubi
3562 4094 3785 4137 maneat

2186 4165 2296 4236 jam
2320 4165 2537 4222 homine
2575 4176 2818 4222 correcto
2858 4177 3109 4238 recteque
3138 4169 3367 4236 vivente,
3417 4171 3653 4226 nondum
3697 4183 3782 4228 ta-

2192 4273 2313 4313 men
2343 4267 2684 4327 peccatorum
2721 4259 3036 4316 remissione
3061 4260 3306 4316 liberato.
3349 4262 3657 4333 Suhjectum
3688 4279 3780 4322 εει

2192 4357 2369 4404 reatus
2393 4349 2512 4414 iste,
2545 4348 2596 4403 id
2622 4349 3031 4416 estsubstantia,
3064 4353 3203 4406 sicut
3222 4352 3460 4422 Spiritus,
3487 4355 3621 4409 sicut
3649 4371 3780 4411 cor—

2195 4457 2321 4512 pus;
2350 4459 2417 4497 an
2448 4444 2503 4498 in
2533 4443 2792 4513 subjecto,
2841 4445 2977 4500 sicut
3002 4446 3168 4502 febris
3194 4456 3287 4502 aut
3313 4449 3504 4503 vulnus
3552 4451 3603 4504 in
3647 4464 3780 4506 cor;

2194 4549 2344 4604 pore,
2391 4539 2504 4590 sive
2524 4537 2744 4591 avaritia
2775 4537 2858 4592 vel
2895 4553 3044 4592 error
3071 4539 3126 4593 in
3164 4539 3387 4594 animo?
3430 4540 3491 4595 In
3536 4542 3784 4612 subjecto

2192 4642 2310 4683 csse
2337 4627 2574 4683 dicturus
2602 4645 2662 4684 es
2685 4648 2698 4684 :
2722 4645 2897 4701 neque
2924 4631 3066 4686 enim
3096 4643 3300 4688 reatum
3341 4632 3632 4690 afﬁrmabis
3654 4651 3784 4692 esse

2192 4719 2561 4775 substantiam.
2586 4721 2640 4776 In
2666 4736 2772 4791 quo
2797 4722 2953 4792 igitur
2982 4722 3074 4777 tibi
3108 4723 3318 4780 videtur
3346 4740 3467 4782 esse
3493 4727 3740 4796 subjecto
3757 4730 3782 4781 ?

2191 4808 2296 4865 Cur
2315 4826 2550 4881 quzcram
2576 4811 2702 4882 quid
2728 4812 3075 4882 respondeas,
3099 4821 3278 4870 etnon
3302 4816 3478 4885 potius
3499 4817 3658 4872 verba
3687 4827 3783 4872 tua

2194 4901 2429 4970 ponam?
2464 4918 2482 4953 ι
2507 4902 2663 4967 Αειιι,
2694 4921 2712 4953 ι
2747 4901 2942 4972 inquis,
2981 4921 3000 4954 ι
3032 4913 3406 4972 ριιεειετειιηιε,
3452 4916 3634 4962 manet
3658 4907 3787 4977 ejus

2156 5051 2175 5061 _
2194 5002 2373 5048 reatus
2397 4994 2449 5048 in
2477 4993 2616 5048 illius
2640 4994 2968 5049 conscientia
2990 4996 3083 5066 qui
3109 4995 3351 5066 deliquit,
3397 4997 3572 5053 donec
3597 4997 3792 5052 dimit‘

2195 5094 2352 5140 tatur.
2388 5104 2407 5137 ι
2443 5085 2583 5156 Ergo
2613 5085 2664 5140 in
2691 5085 2932 5156 subjecto
2951 5096 3054 5153 est,
3083 5086 3187 5143 hoc
3211 5097 3316 5152 est,
3361 5089 3414 5142 in
3448 5089 3628 5142 animo
3653 5092 3788 5158 ejus

2192 5177 2281 5246 qui
2307 5175 2595 5246 deliquisse
2617 5191 2678 5232 se
2712 5175 2976 5244 meminit,
3001 5185 3057 5232 et
3091 5177 3340 5247 scrupulo
3365 5179 3575 5249 angitur
3601 5180 3617 5210 ¹
3641 5194 3783 5234 con-

2192 5268 2450 5336 scientiae,
2479 5267 2651 5324 donec
2688 5267 2782 5324 ﬁat
2808 5268 2988 5324 delicti
3010 5270 3326 5327 remissione
3351 5285 3590 5327 securus.
3636 5271 3791 5340 Quid

2193 5361 2238 5416 si
2262 5361 2606 5418 obliviscatur
2630 5377 2688 5418 se
2711 5361 3020 5432 deliquisse,
3064 5377 3164 5418 nec
3185 5363 3304 5433 ejus
3323 5364 3644 5419 conscientia
3675 5367 3792 5417 sti-

2193 5453 2444 5520 muletur,
2480 5453 2570 5509 ubi
2595 5455 2698 5508 erit
2730 5461 2908 5508 reatus
2950 5452 3060 5521 ille,
3091 5469 3250 5524 quem
3305 5461 3613 5509 transeunte
3645 5468 3793 5522 pec-

2193 5556 2314 5602 cato
2360 5561 2577 5601 manere
2621 5545 2896 5612 concedis,
2923 5544 3093 5602 donec
3142 5545 3480 5602 remittatur?
3526 5544 3643 5600 Non
3699 5558 3796 5607 est

2195 5647 2337 5694 certe
2368 5638 2419 5692 in
2449 5651 2696 5707 corpore,
2742 5637 2864 5708 quia
2905 5653 3010 5695 non
3054 5647 3137 5696 est
3180 5653 3364 5695 eorum
3413 5636 3793 5694 accidentium

2262 5791 2274 5820 ⁸
2298 5796 2393 5836 Αιη.
2418 5799 2467 5838 ει
2490 5793 2614 5846 Mss,
2645 5786 2823 5851 (igitur.
2892 5770 2895 5773 ’
