4022 6506
267 410 358 470 861
1589 399 1788 457 LIBER

1924 402 2106 468 KTUS.

265 536 376 594 quae
408 515 649 574 accidunt
684 515 931 586 corpori;
973 529 1076 570 non
1117 523 1202 570 est
1238 515 1290 570 in
1329 515 1528 583 animo,
1553 517 1675 587 quia
1702 518 1817 584 ejus

269 610 556 666 memoriam
587 605 782 661 delevit
800 604 990 662 oblivio
1025 623 1038 659 :
1071 615 1125 660 et
1151 615 1325 660 tamen
1356 616 1455 660 est.
1485 605 1581 661 Ubi
1613 613 1692 660 est
1722 606 1822 678 igio

273 712 349 756 tur
369 741 382 765 ,
429 714 544 754 cum
566 698 675 766 jam
706 697 842 752 bene
863 701 1009 751 vivat
1056 696 1236 763 homo,
1287 697 1417 752 nihil
1447 699 1552 752 tale
1579 699 1823 753 commit-

266 779 398 856 tens;
424 805 520 844 nec
548 790 650 844 dici
678 790 863 858 possit,
894 805 1077 844 eorum
1105 800 1439 860 peccatorum
1472 792 1586 860 ejus
1617 801 1819 846 reatum

264 896 462 938 manere
481 895 596 949 quae
623 881 861 934 meminit
887 896 900 945 ;
943 895 1127 934 eorum
1155 896 1280 935 vero
1303 896 1420 951 quae
1449 881 1644 935 oblitus
1671 890 1752 934 est
1779 883 1817 946 ί,

261 988 356 1026 non
383 971 630 1026 manere?
655 970 830 1024 Manet
851 969 1044 1040 quippe
1064 970 1282 1024 omnino
1299 969 1469 1024 donec
1492 969 1819 1023 remittatur.

262 1061 349 1116 Ubi
388 1075 511 1130 ergo
550 1068 748 1128 manet,
773 1060 874 1114 nisi
922 1060 974 1113 in
1024 1060 1246 1115 occultis
1295 1061 1500 1131 legibus
1545 1059 1660 1126 Dei,
1702 1075 1820 1128 quan

259 1154 554 1223 conscriptae
595 1162 719 1207 sunt
741 1152 971 1221 quodam
999 1151 1157 1206 modo
1188 1152 1240 1206 in
1288 1151 1553 1206 mentibus
1587 1150 1820 1220 Angelo-

260 1261 386 1312 rum,
408 1253 463 1298 ut
488 1245 631 1298 nulla
661 1245 730 1298 sit
758 1244 1006 1312 iniquitas
1032 1243 1287 1312 impunita
1306 1283 1321 1308 ,
1370 1242 1471 1296 nisi
1501 1257 1659 1312 quam
1691 1256 1820 1294 san-

256 1337 363 1406 guis
385 1335 685 1390 Mediatoris
709 1334 1005 1404 expiaverit
1029 1350 1043 1399 ;
1071 1335 1222 1402 cujus
1251 1333 1401 1403 signo
1430 1332 1602 1386 crucis
1630 1346 1815 1386 consec

257 1434 418 1480 cratur
437 1423 575 1478 unda
605 1423 963 1492 Baptismatis,
980 1431 1034 1475 ιιι
1051 1437 1111 1476 ea
1130 1422 1361 1475 diluatur
1374 1433 1551 1476 reatus
1570 1430 1816 1490 tanquam

256 1514 302 1568 in
324 1513 671 1584 chirograpr
696 1513 945 1583 scriptus,
979 1513 1030 1566 in
1057 1513 1242 1566 notitia
1283 1512 1633 1581 Spiritualium
1664 1522 1816 1580 pote-

254 1616 453 1671 statum,
499 1620 594 1675 per
618 1621 749 1676 quas
777 1620 932 1676 poma
970 1605 1196 1674 exigitur
1235 1604 1616 1673 peccatorum?
1685 1603 1818 1657 Huic
1869 1623 1880 1636 κ

254 1695 592 1767 chirographo
637 1706 925 1750 nascuntur
967 1695 1179 1750 obnoxii
1227 1709 1414 1749 omnes
1458 1694 1511 1748 in
1553 1708 1713 1748 carne
1752 1693 1819 1748 de

256 1803 400 1843 carne
419 1789 707 1843 carnaliter
738 1789 883 1853 nati;
915 1788 1029 1857 ejus
1051 1787 1118 1841 ah
1143 1789 1245 1840 hoc
1265 1787 1446 1842 debito
1469 1788 1726 1856 sanguine
1755 1786 1818 1839 li-

255 1880 480 1946 berandi,
505 1881 595 1950 qui
619 1880 671 1935 in
698 1896 858 1935 carne
888 1880 1100 1950 quidem
1128 1889 1183 1934 et
1205 1880 1272 1934 de
1292 1895 1473 1945 carne,
1503 1895 1607 1934 non
1642 1889 1814 1933 tamen

249 1972 539 2036 carnaliter,
571 1972 664 2026 sed
689 1972 1030 2042 Spiritualiter
1051 1979 1206 2025 natus
1233 1981 1335 2025 est.
1375 1969 1646 2028 Natusest
1673 1972 1814 2024 cnim

248 2061 305 2116 de
330 2062 528 2133 Spiritu
557 2071 742 2116 sancto
769 2072 822 2116 et
851 2062 1059 2131 virgine
1085 2060 1247 2114 Maria
1268 2062 1311 2113 ³.
1340 2061 1416 2116 De
1444 2059 1643 2130 Spiritu
1673 2059 1818 2114 scili-

247 2161 549 2218 ectsancto,
598 2168 664 2207 ne
691 2161 835 2206 esset
878 2153 929 2206 in
962 2152 1054 2205 illo
1073 2166 1202 2204 caro
1231 2151 1467 2221 peccati;
1507 2166 1573 2205 ex
1615 2149 1818 2220 virgine

247 2254 405 2299 autem
435 2245 628 2310 Maria,
668 2253 726 2298 ut
750 2253 893 2298 esset
929 2243 982 2297 in
1011 2243 1102 2297 illo
1140 2241 1432 2296 similitudo
1471 2239 1648 2295 carnis
1691 2255 1816 2309 pec-

245 2337 356 2390 cati.
403 2337 534 2392 Ideo
564 2337 635 2390 illi
662 2335 1020 2406 chirographo
1047 2349 1153 2388 non
1177 2335 1322 2388 venit
1344 2331 1622 2396 obnoxius,
1668 2341 1722 2386 et
1751 2332 1818 2386 ab

247 2428 324 2483 illo
349 2429 512 2483 solvit
534 2429 815 2483 obnoxios.
868 2427 1053 2496 Neque
1077 2427 1220 2480 enim
1244 2423 1385 2478 nulla
1416 2432 1499 2478 est
1546 2423 1813 2492 iniquitas,

245 2536 350 2574 cum
377 2522 426 2574 in
451 2537 564 2576 uno
587 2519 803 2574 homine
823 2519 906 2573 vel
925 2518 1200 2587 superiora
1230 2515 1571 2570 inferioribus
1598 2515 1818 2584 turpiter

244 2612 465 2666 serviunt
489 2653 504 2677 ,
545 2611 629 2665 vel
655 2609 906 2664 inferiora
935 2607 1297 2678 superioribus
1323 2605 1704 2661 contumaciter
1730 2621 1817 2660 re-

244 2701 520 2766 luctantur,
550 2701 759 2756 ctiamsi
790 2702 1003 2756 vincere
1026 2716 1132 2755 non
1157 2699 1426 2755 sinantur.
1451 2698 1599 2754 lianc
1623 2697 1820 2767 iniqui-

243 2801 388 2849 tatem
410 2797 452 2849 si
483 2793 643 2848 homo
667 2794 734 2846 ab
757 2793 971 2847 homine
991 2793 1160 2847 altero
1189 2791 1486 2845 forinsecus
1498 2790 1818 2844 adversante

244 2894 524 2952 pateretur,
555 2885 676 2956 quia
707 2885 759 2939 in
790 2883 882 2938 illo
905 2898 1012 2937 non
1040 2889 1205 2949 esset,
1235 2881 1352 2936 sine
1382 2880 1476 2935 illo
1507 2879 1690 2951 utique
1717 2896 1817 2949 pu-

243 2977 428 3032 niretur
451 2996 470 3032 :
503 2977 623 3048 quia
645 2991 772 3032 vero
801 2977 853 3030 in
879 2976 970 3031 illo
997 2976 1102 3040 est,
1133 2983 1225 3028 aut
1249 2989 1370 3028 cum
1409 2973 1502 3028 illo
1549 2973 1816 3044 punietur,

241 3073 322 3120 aut
343 3067 432 3121 illo
460 3067 534 3120 ab
559 3067 674 3135 ejus
710 3074 862 3121 reatu
902 3065 1149 3130 liberato,
1181 3064 1261 3118 sic
1302 3064 1356 3117 in
1394 3063 1685 3118 certamine
1725 3061 1824 3116 ad-

241 3171 412 3212 versus
452 3157 704 3226 spiritum
758 3161 1087 3226 perseverat,
1119 3163 1178 3208 ut
1225 3153 1492 3209 hominem
1544 3151 1654 3223 jam
1711 3167 1817 3206 non

241 3261 377 3302 reum
418 3249 495 3302 ad
531 3248 673 3302 nulla
721 3255 841 3317 post
883 3254 1108 3300 mortem
1152 3252 1415 3300 tormenta
1464 3243 1814 3309 transmittat,

241 3353 335 3393 non
355 3341 560 3396 alienet
586 3353 617 3392 a
641 3353 808 3408 regno
841 3338 968 3404 Dei,
1001 3335 1146 3390 nulla
1175 3335 1516 3390 damnatione
1542 3333 1700 3388 faciat
1725 3333 1820 3388 de-

241 3432 422 3500 tineri;
464 3444 643 3501 neque
665 3439 805 3486 utea
846 3430 1057 3500 penitus
1100 3443 1400 3495 careamus,
1452 3428 1598 3482 velut
1644 3427 1818 3481 aliena

241 3531 414 3578 natura
465 3523 778 3592 sejungatur
816 3536 845 3574 a
876 3521 1049 3585 nobis,
1082 3519 1177 3574 sed
1216 3521 1340 3590 quia
1371 3529 1567 3574 nostra:
1613 3529 1818 3573 naturae

241 3611 457 3684 languor
487 3622 588 3679 est,
634 3623 851 3668 sanetur
879 3613 932 3666 in
965 3611 1139 3666 nobis.

301 3705 531 3761 CAPUT
559 3703 656 3759 XX
669 3702 928 3778 (a).—65.
953 3703 1175 3772 Pr0pter
1189 3701 1291 3756 hoc
1308 3717 1436 3772 ergo
1453 3701 1661 3767 vitium,
1681 3703 1819 3755 sicut

240 3795 285 3849 in
309 3811 373 3852 eo
397 3798 562 3863 libro,
591 3797 676 3851 cui
699 3796 924 3861 resistis,
955 3810 983 3849 a
1007 3811 1092 3850 me
1117 3795 1344 3865 positum
1375 3804 1491 3862 est,
1540 3813 1560 3847 ι
1588 3794 1817 3849 humana

239 3897 416 3943 natura
449 3888 738 3944 damnatur
765 3905 778 3941 :
802 3895 856 3941 ει
883 3895 1097 3957 propter
1115 3887 1254 3957 quod
1277 3886 1578 3952 damnatur,
1603 3894 1820 3958 propter

241 3976 330 4034 hoc
371 3988 430 4034 et
471 3977 757 4032 damnabili
795 3977 1006 4032 diabolo
1051 3977 1390 4047 subjugatur;
1445 3977 1568 4048 quia
1621 3986 1676 4032 et
1705 3979 1820 4046 ipse

239 4063 478 4123 diabolus
498 4065 716 4134 spiritus
733 4066 1034 4119 immundus
1055 4075 1135 4119 est
1157 4083 1170 4120 :
1193 4073 1246 4118 et
1265 4066 1448 4135 utique
1466 4067 1660 4119 bonum
1679 4065 1816 4136 quod

237 4160 473 4226 spiritus,
495 4155 688 4209 malum
715 4154 855 4225 quod
873 4155 1204 4218 immundus;
1237 4156 1484 4225 quoniam
1507 4157 1723 4225 spiritus
1739 4165 1820 4209 est

239 4261 440 4316 natura,
458 4247 765 4303 immundus
776 4256 859 4301 est
875 4246 1000 4300 vitio
1017 4264 1028 4299 :
1044 4261 1266 4316 quomm
1281 4247 1505 4300 duorum
1522 4247 1647 4300 illud
1659 4263 1688 4301 a
1709 4247 1818 4302 Deo

237 4351 332 4409 est,
346 4342 456 4396 hoc
473 4340 542 4393 ab
559 4338 694 4408 ipso.
717 4337 832 4392 Non
847 4337 1024 4406 itaque
1041 4345 1184 4392 tenet
1201 4336 1443 4391 homines
1454 4337 1565 4391 sive
1580 4337 1818 4406 majoris8

235 4434 341 4487 sive
365 4428 630 4487 infantilis
657 4428 846 4493 aetatis,
879 4439 1096 4498 prepter
1120 4427 1257 4498 quod
1283 4428 1545 4492 homines,
1572 4428 1666 4484 sed
1698 4444 1816 4499 pro-

235 4532 348 4591 pter
371 4521 520 4592 quod
541 4519 796 4574 immundi
826 4528 946 4573 sunt
967 4535 987 4571 ι
1031 4517 1130 4588 (De
1148 4517 1356 4589 Nuptiis
1382 4527 1426 4572 et
1450 4517 1819 4588 Concupiscet:-

235 4615 320 4680 tia,
351 4615 444 4670 lib.
481 4615 536 4680 1,
566 4629 656 4666 nn.
677 4611 768 4679 25,
796 4610 912 4679 26).
957 4610 1050 4665 llis
1077 4611 1252 4669 vrbis
1279 4612 1413 4665 meis
1440 4626 1502 4664 ex
1533 4611 1667 4664 libro
1700 4627 1821 4666 meo

234 4703 324 4760 abs
368 4713 425 4759 te
472 4703 679 4773 positis,
726 4702 796 4756 ita
836 4700 1192 4755 resistendum
1237 4700 1452 4770 putasti,
1491 4709 1549 4754 ut
1591 4701 1816 4765 diceres,

241 4794 407 4850 thanc
432 4793 663 4849 formam
698 4794 857 4848 etiam
901 4791 953 4846 in
990 4791 1208 4846 homine
1242 4792 1382 4846 malo
1422 4791 1669 4847 debuisse
1706 4807 1821 4846 ser-

234 4886 365 4952 vari,
394 4899 518 4955 quae
557 4891 800 4939 servatur
836 4883 891 4938 in
926 4881 1169 4946 diabolo;
1201 4896 1267 4936 ne
1291 4882 1568 4952 quisquam
1595 4883 1819 4936 damne-

236 4983 338 5042 tur,
363 4975 470 5031 nisi
502 4990 567 5029 ex
591 4975 736 5029 vitiis
763 4971 992 5044 prepriae
1022 4971 1336 5037 voluntatis;
1365 4980 1525 5042 atque
1552 4972 1672 5026 ideo
1699 4973 1818 5026 nul-

235 5064 340 5121 lum
369 5067 442 5122 sit
469 5067 725 5137 originale
755 5075 1029 5137 peccatum
1059 5083 1072 5119 :
1103 5066 1335 5135 alioquin
1365 5079 1498 5136 opus
1537 5066 1674 5136 ejus,
1705 5083 1725 5118 ι
1763 5075 1821 5119 ιιι

234 5158 385 5226 dicis,
416 5161 538 5230 «qui
562 5161 724 5216 etiam
748 5159 1014 5214 diabolum
1050 5159 1248 5213 bonum
1277 5158 1533 5224 condidit,
1569 5174 1673 5213 non
1713 5175 1814 5229 po-

237 5256 339 5305 test
365 5251 674 5321 approbari.
706 5268 726 5303 »
777 5249 887 5305 Νεε
911 5249 1138 5304 attendis
1165 5249 1306 5320 quod
1327 5249 1593 5304 diabolum
1621 5266 1724 5303 non
1755 5265 1818 5304 ex

235 5345 338 5399 alio
365 5343 581 5400 diabolo
610 5344 808 5400 creavit
849 5344 1009 5411 Deus,
1044 5359 1145 5400 nec
1180 5359 1246 5398 ex
1285 5343 1461 5414 aliquo
1487 5344 1674 5414 angelo
1698 5344 1822 5399 licet

235 5520 316 5626 “3’
343 5515 454 5626 :o‘la
493 5517 641 5567 editio
683 5524 824 5577 Lov.,
872 5515 958 5580 qui
994 5514 1239 5578 meminit,
1288 5517 1395 5579 ejus
1431 5529 1542 5568 vero
1583 5515 1667 5580 qui
1701 5516 1821 5568 obti-

262 5594 267 5602 '
374 5592 396 5626 8
426 5615 437 5626 .

259 5590 319 5669 ἦ
457 5636 739 5703 legendum,
779 5639 839 5688 de
875 5636 1056 5703 Spiritu
1077 5646 1239 5703 sancto
1259 5646 1320 5703 et_
1339 5639 1522 5703 virgine
1559 5639 1731 5702 Maria,
1759 5653 1820 5691 ex

235 5704 342 5765 Mss.
367 5699 466 5765 [de
490 5699 668 5762 Spiritu
701 5707 864 5765 sancto
898 5699 962 5749 ea:
985 5699 1167 5765 rirgine
1202 5701 1394 5764 Mariae]

297 5758 320 5823 ξ
343 5758 570 5823 Plerique
594 5768 720 5820 Mss,
747 5761 971 5822 majores.

295 5819 371 5884 (η)
409 5819 535 5886 Apud
556 5831 648 5870 Am.
674 5819 724 5873 et
747 5819 909 5884 F.r.’,,,9.

3398 421 3503 478 863

1929 519 2090 589 bono,
2134 521 2284 593 cujus
2328 535 2502 582 tamen
2532 527 2618 585 lex
2644 537 2786 586 cSSet
2823 535 2876 586 in
2911 532 3164 588 membris
3203 549 3504 606 repugnans

1928 607 2028 679 legi
2057 613 2269 679 mentis,
2289 629 2383 684 per
2403 632 2558 687 quam
2589 629 2643 674 et
2666 635 2784 676 cum
2813 637 2915 690 qua
2937 621 3004 677 de
3029 622 3242 679 homine
3268 626 3503 680 nascitur

1925 701 2099 754 omnis
2126 700 2307 760 homo.
2349 707 2642 775 Adjuvaret
2671 710 2845 781 itaque
2871 720 2924 767 te
2953 712 3177 768 fortasse
3210 713 3312 768 hoc
3349 730 3504 785 argu-

1925 799 2186 856 mentum,
2216 793 2260 846 si
2287 803 2341 848 ut
2368 794 2548 863 homo,
2573 799 2644 876 ita
2672 798 2914 855 diabolus
2933 803 3170 872 gigneret
3194 803 3350 867 filios,
3381 819 3503 858 eos-

1924 892 2027 948 que
2058 891 2277 950 paterno
2305 898 2522 956 peccato
2551 905 2862 959 negaremus
2887 893 3166 947 obnoxios.
3194 893 3345 948 Nunc
3374 910 3502 948 vero

1923 970 2064 1026 aliud
2089 982 2170 1027 est
2202 974 2310 1040 ille,
2340 977 2429 1047 qui
2459 978 2721 1035 homicida
2745 983 2945 1038 eratab
2972 983 3141 1050 initio,
3171 984 3292 1053 quia
3323 984 3498 1038 homi-

1923 1075 2044 1115 nem
2067 1062 2135 1117 ab
2161 1064 2314 1120 initio
2338 1082 2444 1137 quo
2472 1078 2554 1124 cst
2581 1071 2743 1125 homo
2770 1072 3060 1139 institutus,
3085 1073 3280 1128 occidit
3303 1088 3398 1144 per
3423 1072 3502 1148 fe-

1923 1152 2081 1208 minae
2111 1155 2496 1227 seductionem,
2527 1171 2582 1216 et
2607 1162 2660 1216 in
2687 1164 2910 1220 veritate
2950 1180 3045 1235 per
3085 1165 3308 1221 liberum
3351 1166 3498 1222 arbi-

1923 1242 2082 1297 trium
2109 1261 2214 1300 non
2244 1249 2391 1303 stetit
2413 1249 2592 1323 (Ιοαη.
2623 1269 2734 1317 vm,
2765 1254 2880 1325 44),
2910 1255 3211 1330 cadensque
3231 1256 3455 1326 dejecit‘
3481 1275 3499 1313 :

1921 1344 1975 1389 et
2001 1336 2142 1392 aliud
2165 1347 2248 1394 est
2271 1341 2408 1410 quod
2441 1359 2530 1412 per
2557 1360 2714 1397 unum
2734 1345 2987 1400 hominem
3012 1357 3269 1417 peccatum
3297 1347 3501 1401 intravit

1922 1428 1973 1481 in
1994 1431 2254 1496 mundum,
2279 1443 2326 1486 et
2351 1451 2438 1502 per
2462 1446 2719 1504 peccatum
2738 1453 2911 1504 mors;
2939 1447 2988 1491 et
3013 1438 3064 1491 in
3089 1455 3258 1492 omnes
3276 1438 3501 1492 homines

1921 1523 2228 1590 pertransiit,
2251 1523 2302 1575 in
2321 1541 2417 1594 quo
2438 1542 2608 1579 omnes
2628 1537 2950 1596 peccaverunt
2976 1528 3152 1601 (Rom.
3177 1545 3230 1596 ν,
3260 1529 3370 1600 12).
3397 1527 3500 1585 Ubi

1921 1608 2195 1665 evidenter
2219 1627 2528 1682 eXpressum
2559 1626 2661 1682 est,
2691 1617 2926 1686 exceptis
2969 1617 3225 1694 cujuSque
3269 1616 3499 1672 hominis

1921 1702 2168 1770 propriis,
2201 1718 2483 1760 commune
2511 1705 2756 1762 omnibus
2779 1707 3080 1764 hominibus
3098 1709 3353 1780 originale
3376 1723 3500 1779 pec-

1919 1801 2118 1844 catum.

1991 1883 2077 1938 64.
2130 1884 2280 1953 Quod
2309 1897 2484 1941 autem
2511 1888 2639 1957 dixi,
2688 1908 2706 1941 ι
2736 1889 2834 1958 Qui
2864 1890 3084 1944 miratur
3109 1889 3230 1960 quia
3256 1897 3500 1946 creatura

1922 1973 2017 2028 Dei
2067 1975 2314 2030 subditur
2350 1977 2582 2043 diabolo,
2622 1995 2729 2033 non
2773 1981 3023 2044 miretur;
3069 1979 3313 2034 subditur
3355 1979 3499 2034 enim

1919 2075 2158 2120 creatura
2187 2063 2278 2122 Dei
2307 2078 2564 2124 creaturae
2586 2072 2699 2139 Dei,
2717 2074 2889 2128 minor
2915 2073 3133 2142 majori»
3170 2072 3269 2144 (De
3290 2071 3500 2142 Nuptiis

1919 2165 1965 2208 et
1991 2155 2399 2226 Concupiscentia
2421 2202 2435 2226 ,
2475 2159 2562 2214 lib.
2593 2162 2644 2227 1,
2673 2179 2725 2215 n.
2753 2161 2865 2231 26)
2896 2179 2908 2216 :
2938 2178 3034 2217 cur
3064 2163 3132 2216 ita
3160 2161 3406 2232 posuisti,
3442 2170 3501 2215 ut

1920 2251 2193 2319 sequentia
2235 2266 2354 2305 mea
2387 2253 2548 2307 verba
2597 2269 2702 2308 non
2747 2253 2991 2318 adderes,
3031 2254 3222 2322 quibus
3265 2253 3498 2313 ostendi.

1920 2339 2366 2408 quemadmodum
2412 2340 2674 2407 dixerim,
2712 2362 2730 2395 ι
2761 2345 2935 2398 minor
2976 2344 3162 2412 majori
3188 2361 3206 2395 ι
3259 2341 3491 2396 humana

1921 2429 2125 2483 scilicet
2148 2430 2430 2500 angelicae;
2471 2431 2570 2485 nisi
2602 2440 2658 2486 ut
2684 2433 2858 2487 minus
2887 2433 3270 2503 intelligeretur
3307 2445 3499 2486 sensus

1919 2533 2074 2574 meus
2098 2561 2112 2583 ,
2138 2529 2199 2574 ut
2228 2520 2426 2576 faceres
2455 2521 2549 2576 tibi
2575 2522 2774 2586 locum,
2799 2522 2909 2590 ubi,
2933 2524 3068 2577 sicut
3094 2523 3254 2590 soles,
3284 2521 3352 2576 de
3375 2519 3499 2575 Ari-

1921 2609 2180 2664 stotelicis
2219 2611 2503 2680 categoriis
2530 2611 2850 2668 obtenderes
2887 2612 3106 2668 nebulas
3135 2612 3412 2683 imperitis,
3445 2611 3502 2664 in

1921 2699 2114 2770 quibus
2134 2700 2385 2754 latentem
2406 2702 2427 2732 ²
2455 2711 2698 2771 putarent
2722 2711 2774 2757 te
2799 2703 2995 2774 aliquid
3023 2703 3202 2758 dicere
3225 2744 3240 2767 ,
3265 2701 3389 2772 quid
3415 2700 3500 2756 di-

1920 2805 2072 2845 ceres
2114 2791 2450 2846 nescientes?
2493 2792 2572 2847 Ad
2599 2791 2702 2847 hoc
2732 2794 2872 2847 enim
2907 2793 3118 2848 redacta
3157 2803 3242 2847 est
3283 2791 3501 2847 haeresis

1920 2890 2118 2946 vestra,
2153 2892 2210 2936 ut
2233 2891 2446 2953 gemant
2472 2894 2764 2939 sectatores
2788 2885 2953 2940 vestri
2985 2901 3090 2939 non
3130 2884 3353 2940 inveniri
3382 2883 3497 2938 dia-

1923 2972 2138 3027 lecticos
2157 2971 2369 3042 judices
2396 2971 2451 3027 in
2478 2973 2734 3039 Ecclesia,
2775 2975 2842 3029 de
2883 2975 3080 3030 scholis
3119 2974 3502 3044 Peripatetico-

1920 3077 2039 3117 rum
2082 3062 2196 3117 sive
2233 3062 2565 3132 Stoicorum,
2587 3080 2618 3118 a
2648 3065 2841 3135 quibus
2873 3067 3082 3136 possitis
3113 3065 3333 3120 absolvi.
3378 3066 3496 3130 Quo

1921 3154 2062 3208 enim
2092 3154 2338 3224 pertinet,
2367 3155 2493 3226 quid
2524 3156 2624 3210 sibi
2651 3158 2781 3224 vult,
2810 3157 2993 3228 utquid
3021 3157 3218 3212 dictum
3247 3165 3330 3212 est
3354 3157 3500 3227 quod

1921 3242 2121 3310 dixisti,
2158 3247 2327 3314 «quia
2370 3245 2538 3316 major
2574 3255 2629 3301 et
2668 3247 2844 3302 minor
2876 3247 2942 3301 ad
2977 3247 3178 3301 finitam
3207 3246 3228 3278 ³
3268 3248 3502 3316 speciem

1921 3336 2152 3404 pertinet
2175 3336 2516 3404 quantitatis?
2565 3336 2672 3392 Sed
2711 3339 2995 3408 quantitas,
3025 3357 3044 3390 ι
3097 3338 3291 3407 inquis,
3343 3354 3363 3388 ‹
3394 3353 3504 3393 non

1920 3426 2093 3482 solum
2120 3429 2506 3482 contrariorum
2531 3444 2699 3501 capax
2733 3445 2836 3484 non
2861 3439 2960 3496 est,
2990 3429 3130 3500 quod
3152 3430 3202 3484 ei
3226 3443 3346 3484 cum
3366 3443 3501 3500 qua-

1922 3518 2066 3572 litate
2102 3526 2261 3588 atque
2305 3518 2422 3573 aliis
2465 3520 2920 3590 praedicamcntis;
2970 3535 3153 3574 verum
3197 3520 3355 3574 etiam
3401 3533 3502 3573 nec

1886 3667 1898 3681 .
1920 3609 2244 3663 contrarium
2277 3608 2456 3676 habet,
2488 3609 2629 3679 quod
2653 3611 2703 3664 ei
2728 3625 2846 3664 cum
2873 3610 3180 3665 substantiae
3203 3617 3287 3665 est
3314 3609 3504 3663 delini-

1923 3699 2065 3754 tione
2115 3714 2437 3756 commune:
2470 3701 2667 3755 bonum
2705 3716 2833 3755 vero
2883 3710 2939 3756 et
2989 3701 3188 3755 malum
3236 3701 3504 3756 contraria

1922 3801 2065 3845 sunt.
2112 3810 2130 3844 ι
2183 3791 2308 3847 llaec
2340 3792 2578 3862 profecto
2611 3808 2878 3863 nunquam
2926 3792 3155 3856 diceres,
3188 3791 3233 3846 si
3275 3791 3503 3846 lectores

1922 3881 2006 3937 vel
2033 3883 2299 3938 auditores
2335 3883 2589 3938 librorum
2633 3893 2838 3938 tuorum
2887 3892 3102 3954 putares
3144 3882 3503 3941 intellecturos

1923 3987 2042 4029 esse
2068 3974 2208 4044 quod
2238 3975 2390 4028 dicis.
2421 3975 2566 4030 Itane
2586 3989 2714 4030 vero
2744 3975 2865 4029 ideo
2891 3974 3199 4030 immundus
3221 3975 3382 4030 homo
3401 3974 3502 4028 im—

1924 4067 2122 4118 mundo
2144 4066 2332 4134 angelo
2356 4065 2661 4120 subdendus
2687 4080 2792 4120 non
2823 4065 2940 4132 fuit,
2963 4065 3210 4135 quoniam
3236 4064 3504 4135 quantitas

1922 4171 2026 4226 qua
2058 4155 2272 4211 homine
2300 4155 2472 4224 major
2497 4165 2580 4210 est
2607 4155 2846 4224 angelus,
2875 4169 2979 4208 non
3007 4155 3175 4207 solum
3201 4155 3516 4208 contrario-.

1922 4261 2039 4300 rum
2061 4259 2225 4314 capax
2247 4259 2353 4299 non
2383 4252 2485 4308 est,
2511 4259 2694 4298 verum
2725 4243 2884 4297 etiam
2918 4257 3018 4296 nec
3057 4242 3382 4295 contrarium
3408 4241 3509 4294 ha-

1922 4338 2012 4392 bet
2035 4355 2048 4389 :
2081 4337 2229 4406 quasi
2258 4346 2384 4391 tunc
2406 4336 2618 4391 diabolo
2639 4334 2823 4389 fuisset
2848 4335 3008 4388 homo
3033 4331 3358 4396 subdendus,
3381 4332 3424 4385 si
3450 4333 3504 4388 ei

1923 4428 2246 4497 reperiretur
2285 4441 2404 4480 esse
2445 4425 2770 4491 contrarius;
2818 4433 2871 4479 et
2913 4424 3048 4478 mala
3089 4421 3363 4477 subdenda
3392 4437 3509 4482 non

1923 4517 2030 4572 sint
2054 4517 2227 4581 malis,
2259 4517 2380 4587 quia
2410 4516 2545 4570 bona
2573 4517 2747 4582 malis,
2779 4531 2881 4569 non
2911 4515 3045 4568 mala
3070 4514 3223 4569 malis
3256 4513 3510 4568 videntur

1924 4622 2042 4663 esse
2071 4608 2372 4662 contraria?
2417 4606 2552 4673 Quid
2594 4607 2782 4661 vanius
2815 4604 3054 4676 cogitari,
3100 4603 3225 4674 quid
3275 4603 3515 4672 ineptius.

1922 4700 2029 4756 dici
2057 4699 2264 4771 potest?
2289 4698 2475 4754 Nonne
2500 4699 2715 4753 domino
2744 4696 2988 4752 subditur
3018 4700 3222 4760 servits,
3255 4701 3309 4748 et
3329 4695 3511 4749 bonus

1923 4790 2084 4855 bono,
2106 4799 2160 4845 et
2190 4789 2359 4844 malus
2385 4789 2546 4854 malo,
2576 4797 2630 4842 et
2655 4786 2825 4841 malus
2854 4788 3014 4852 bono,
3041 4793 3095 4839 et
3115 4785 3292 4838 bonus
3320 4782 3502 4838 malo‘!

1923 4882 2109 4937 Nonne
2151 4897 2286 4936 uxor
2327 4880 2568 4936 subditur
2601 4879 2737 4942 viro.
2781 4887 2836 4934 et
2877 4878 3018 4932 bono
3061 4877 3236 4944 bona,
3265 4885 3318 4932 et
3362 4875 3512 4929 male

1925 4974 2082 5038 mala,
2111 4981 2164 5027 ct
2193 4972 2334 5026 bono
2355 4971 2516 5038 mala,
2541 4978 2596 5024 et
2623 4968 2763 5023 malo
2789 4969 2962 5023 bona?
2986 4967 3121 5036 Quid
3148 4967 3307 5038 igitur
3335 4965 3501 5036 perti-

1925 5075 2013 5122 net
2050 5065 2118 5120 ad
2158 5067 2265 5119 vim
2308 5064 2418 5118 sive
2456 5063 2738 5127 rationem,
2767 5077 2870 5132 qua
2901 5061 3132 5130 quidque
3160 5059 3352 5129 cuique
3378 5057 3503 5112 sub-

1924 5155 2154 5211 dendum
2198 5159 2300 5220 est,
2349 5161 2524 5208 utrum
2567 5151 2683 5207 hanc
2721 5166 2809 5207 res
2845 5159 2936 5205 aut
2977 5151 3063 5205 illa
3095 5151 3260 5220 possit
3287 5148 3367 5202 vel
3396 5161 3504 5201 non

1928 5245 2095 5316 possit
2113 5260 2305 5315 capere
2325 5245 2406 5299 vel
2433 5244 2629 5298 habere
2655 5243 3013 5298 contrarium?
3042 5241 3233 5295 Verum
3263 5249 3314 5292 tu
3344 5237 3501 5306 plane

1928 5333 2319 5391 incensiderate
2361 5334 2460 5389 ista
2491 5349 2594 5388 non
2629 5333 2898 5400 funderes,
2929 5333 2973 5387 si
3000 5331 3234 5387 stultitiae
3258 5343 3376 5396 quae
3408 5327 3503 5381 tibi

1927 5429 2024 5483 ista
2055 5428 2306 5497 suggerit,
2339 5426 2649 5496 sapientiam
2677 5425 2996 5480 contrariam
3017 5423 3297 5492 cogitares.

1999 5522 2087 5578 65.
2137 5521 2252 5576 Jam
2290 5534 2450 5591 porro
2487 5519 2576 5574 illa
2616 5519 2787 5590 qualis
2826 5526 2905 5572 est
2946 5514 3330 5585 argumentatio
3373 5510 3512 5565 tria!

1994 5696 2007 5726 ί
2034 5695 2114 5742 Hic
2131 5693 2250 5742 editi
2271 5692 2467 5753 addunt,
2492 5692 2744 5743 hominem.

1994 5758 2014 5787 ι
2037 5756 2108 5802 sic
2127 5761 2229 5802 Mss.
2257 5753 2394 5815 Editi,
2415 5753 2632 5817 latenter.
2679 5815 2687 5817 _
2790 5808 2800 5817 .
2825 5809 2832 5817 ε
2879 5807 2901 5817 μ
2944 5807 2953 5816 ,

2000 5819 2019 5849 ³
2049 5817 2250 5865 Vaticani
2275 5807 2447 5865 tussiet
2470 5815 2707 5872 educaui,
2735 5808 2800 5860 ad
