4022 6460
471 335 578 396 863

475 465 495 500 ι
526 444 585 504 Si
634 459 722 502 res
741 487 756 513 ,
785 462 805 499 ι
849 441 1022 516 inquis
1042 483 1058 511 ,
1107 459 1126 494 ‹
1155 456 1273 513 qua:
1300 442 1554 498 decenter
1584 439 1823 495 ordinata
1853 446 1954 504 est,
1985 436 2054 492 ad

471 538 644 595 Deum
665 538 912 608 pertinet,
934 545 990 592 et
1011 550 1099 590 res
1114 549 1231 605 quae
1251 533 1317 588 ad
1335 534 1498 588 Deum
1521 533 1768 602 pertinet,
1786 531 1918 586 bona
1941 537 2054 594 est;

471 629 672 684 bonum
699 637 780 682 est
799 629 973 696 itaque
999 624 1265 680 subditum
1295 638 1414 680 esse
1442 623 1676 689 diabolo,
1700 622 1949 692 quoniam
1975 621 2057 675 in-

473 720 690 774 stitutus
717 732 747 772 a
779 717 888 772 Deo
917 731 1012 786 per
1039 715 1139 770 hoc
1166 715 1298 770 ordo
1324 723 1586 770 servatur.
1627 714 2000 783 Sequiturque,
2031 731 2052 764 ι

475 809 687 880 inquis,
725 818 824 863 cut
869 809 1064 862 malum
1117 809 1190 863 sit
1231 807 1489 862 rebellare
1527 807 1759 872 diabolo,
1806 807 2055 876 quoniam

473 914 572 968 per
606 897 1002 953 resultationem
1047 899 1317 953 institutus
1357 913 1388 952 a
1430 899 1539 952 Deo
1570 897 1703 955 ordo
1739 898 2000 951 turbatur.
2033 915 2051 948 ι

476 987 672 1044 Posses
709 987 906 1053 dicere,
941 989 1049 1043 Deo
1080 989 1331 1044 resistere
1356 988 1631 1058 agricolas,
1659 991 1882 1059 ejusque
1908 987 2054 1042 ordi-

475 1093 604 1135 nem
633 1081 966 1149 perturbare,
996 1080 1269 1150 purgando
1301 1095 1457 1150 agros
1478 1095 1507 1133 a
1535 1080 1701 1148 spinis
1726 1089 1781 1136 et
1811 1079 2014 1134 tribulis
2038 1121 2054 1148 ,

477 1183 598 1238 qua:
620 1168 708 1222 ille
733 1169 1099 1238 peccatoribus
1125 1169 1268 1224 nasci
1291 1170 1448 1238 jussit
1477 1170 1532 1224 in
1563 1184 1771 1238 ptenam
1802 1167 1951 1240 (Cen.
1976 1185 2054 1234 ιιι,

466 1257 596 1328 .18).
625 1257 780 1324 Quid,
811 1258 950 1328 quod
985 1259 1085 1313 ista
1126 1268 1213 1313 tua
1257 1255 1460 1314 ratione
1504 1260 1605 1315 dici
1648 1268 1822 1330 potest
1850 1277 1862 1312 :
1887 1259 1932 1313 si
1971 1274 2058 1313 res

478 1361 598 1416 qute
628 1347 880 1402 decenter
919 1347 1160 1402 ordinata
1187 1357 1288 1417 est,
1313 1348 1379 1402 ad
1415 1350 1580 1404 Deum
1622 1349 1870 1420 pertinet,
1902 1358 1955 1404 et
1975 1365 2059 1404 res

479 1453 599 1508 qua:
631 1437 699 1493 ad
732 1437 901 1493 Deum
941 1439 1167 1510 pertinet
1201 1440 1340 1496 bona
1381 1451 1491 1507 est;
1535 1443 1730 1504 bonum
1761 1451 1843 1497 est
1869 1441 2057 1496 malis‘

480 1541 603 1582 esse
642 1527 695 1581 in
732 1527 1007 1597 gehenna,
1039 1529 1286 1599 quoniam
1331 1530 1600 1585 institutus
1633 1546 1662 1583 a
1700 1531 1810 1585 Deo
1838 1545 1931 1600 per
1958 1529 2062 1586 hoc

477 1618 611 1674 ordo
632 1621 904 1674 servatur?
931 1619 1084 1688 Quod
1110 1635 1237 1675 vero
1276 1629 1330 1675 tn
1371 1621 1540 1685 addis,
1585 1640 1602 1671 ι
1627 1622 1976 1691 Sequiturque
2006 1630 2062 1676 ut

397 1700 409 1710 ’
477 1708 676 1763 malum
708 1710 778 1763 sit
809 1710 1071 1765 rebellare
1097 1709 1328 1776 diabolo,
1362 1710 1610 1780 quoniam
1635 1727 1729 1780 per
1756 1713 2059 1766 resultatio-

477 1814 602 1854 nem
634 1800 903 1855 institutus
928 1817 958 1856 a
990 1799 1100 1857 Deo
1129 1802 1260 1856 ordo
1286 1803 1588 1868 turbatum:
1624 1819 1719 1857 cur
1752 1803 1852 1858 hoc
1890 1802 2062 1857 dicis?

476 1889 609 1959 Quis
646 1892 785 1946 enim
814 1893 1034 1948 rebellat
1062 1893 1295 1959 diabolo,
1323 1893 1423 1948 nisi
1444 1894 1511 1947 ab
1541 1893 1655 1963 ejus
1685 1902 1946 1964 potestate
1968 1910 2063 1963 per

475 1981 782 2039 Mediatoris
821 1985 1132 2054 sanguinem
1168 1985 1462 2040 liberatus?
1503 1986 1687 2040 Melius
1723 2001 1851 2056 ergo
1892 1985 2063 2040 fuerat

477 2073 688 2132 hostem
717 2091 820 2130 non
852 2076 1049 2131 habere
1071 2118 1087 2144 ,
1117 2093 1274 2146 quam
1296 2079 1530 2132 vincere.
1580 2078 1684 2133 Sed
1711 2080 1831 2148 quia
1863 2079 2063 2148 peccati

477 2166 673 2222 merito
693 2166 920 2221 humana
949 2179 1132 2222 natura
1159 2167 1368 2222 subdita
1385 2168 1652 2234 esthosti;
1681 2171 1858 2238 prius’
1880 2173 2060 2235 homo,

476 2265 538 2313 ut
564 2258 816 2313 adversus
843 2274 963 2313 eum
992 2275 1227 2330 pugnare
1255 2260 1458 2330 possit,
1490 2261 1558 2314 ab
1596 2260 1712 2330 ejus
1737 2262 1940 2316 eruitur
1969 2275 2064 2329 po-

478 2356 690 2405 testate.
720 2349 922 2404 Deinde
950 2350 994 2404 si
1019 2351 1124 2404 vita
1153 2359 1235 2406 est
1262 2351 1313 2404 in
1340 2351 1438 2404 hac
1463 2367 1623 2406 carne
1655 2352 1930 2421 prolixior,
1954 2366 2065 2406 cer-

477 2447 600 2496 tans
621 2439 918 2511 adjuvetur,
946 2450 1005 2496 nt
1033 2453 1265 2513 superet.
1300 2444 1578 2498 Postremo
1600 2444 1767 2498 victor
1794 2443 2064 2499 beatifica-

477 2540 585 2601 tur,
619 2543 675 2588 ut
697 2542 905 2604 regnet,
934 2533 1171 2589 dicturus
1193 2535 1242 2587 in
1273 2535 1396 2598 line,
1425 2533 1522 2588 Ubi
1549 2544 1641 2600 est,
1673 2551 1827 2600 mors,
1860 2545 2066 2588 conten-

477 2623 548 2703 tio
578 2633 662 2676 tua
684 2623 836 2694 (Osee
862 2640 975 2690 xm,
1003 2622 1126 2697 l4)?
1168 2624 1280 2689 Vel,
1308 2624 1444 2678 sicut
1467 2624 1594 2707 dicit
1621 2625 1926 2694 Apostolus,
1965 2624 2063 2681 Ubi

476 2699 571 2779 est,
608 2730 778 2781 mors,
821 2715 1028 2768 victoria
1068 2716 1190 2768 tua?
1227 2715 1309 2768 ubi
1347 2723 1456 2782 est,
1496 2699 1630 2769 tuors
1653 2757 1668 2782 ,
1705 2718 1910 2771 aculeus
1948 2727 2063 2773 tuus

478 2801 523 2874 (Ι
553 2804 670 2858 Cor.
698 2820 788 2870 xv,
815 2805 934 2874 55)?

549 2896 775 2952 CAPUT
815 2897 958 2952 XXI.
987 2928 1060 2940 -—-
1085 2896 1174 2952 66.
1216 2897 1352 2965 Quin
1389 2897 1547 2952 etiam
1576 2898 1685 2952 visa
1719 2907 1844 2954 sunt
1875 2900 2063 2955 tibide

478 2985 756 3042 Manicbmi
787 2988 933 3042 libris
960 2989 1211 3042 nonnulla
1238 3003 1358 3043 esse
1378 2988 1643 3058 ponenda,
1667 2989 1860 3059 Quibus
1887 3005 2060 3045 meam

477 3077 797 3132 sententiam
825 3091 1189 3148 comparares:
1214 3093 1333 3132 cum
1355 3093 1452 3148 ego
1471 3079 1900 3134 commixtionem
1930 3079 2063 3135 dua-

477 3181 598 3222 rum
637 3176 965 3233 naturarum,
1006 3166 1130 3220 boni
1169 3151 1384 3222 scilicet,
1403 3176 1457 3222 et
1497 3169 1640 3235 mali,
1671 3168 1811 3224 unde
1849 3169 2062 3224 illorum

478 3265 592 3312 tota
615 3255 850 3312 fabulosa
879 3266 1056 3312 manat
1084 3258 1307 3322 insania,
1335 3273 1437 3311 non
1469 3259 1638 3312 solum
1672 3257 1776 3314 fide
1795 3259 2064 3330 verboque

478 3345 715 3403 detester
741 3356 794 3402 et
830 3347 1109 3414 damnem;
1148 3363 1330 3402 verum
1365 3347 1524 3403 etiam
1558 3349 1652 3405 tibi
1682 3350 1779 3420 ipsi
1808 3350 2066 3422 sulfraga-

480 3439 584 3494 tori
631 3454 815 3495 eorum
859 3440 1156 3496 resistendo
1197 3449 1353 3511 teque
1397 3441 1688 3497 refellendo
1725 3442 2062 3497 convincam.

447 3533 614 3588 'Cum
655 3533 795 3588 enim
833 3542 1018 3588 contra
1061 3548 1154 3588 eos
1187 3535 1382 3589 veritas
1420 3533 1634 3600 clamet,
1673 3537 1810 3588 mala
1854 3535 1954 3590 nisi
1997 3535 2065 3592 de

481 3623 638 3679 bonis
665 3634 780 3680 orta
809 3641 914 3680 non
945 3643 1064 3682 esse
1087 3645 1101 3680 :
1127 3643 1303 3682 nonne
1329 3636 1386 3680 tu
1416 3641 1512 3696 pro
1546 3627 1675 3696 ipsis
1705 3637 1758 3682 et
1786 3643 1907 3682 cum
1936 3627 2064 3698 ipsis

482 3723 670 3769 contra
693 3715 969 3770 veritatem
1002 3718 1281 3784 reclamas,
1316 3735 1334 3768 ι
1365 3717 1464 3771 l‘er
1492 3732 1625 3785 opus
1665 3719 1755 3772 Dei
1786 3733 1920 3788 npus
1946 3719 2064 3773 dia-

487 3803 596 3859 boli
637 3804 865 3859 transire
904 3820 1008 3858 non
1053 3805 1261 3859 sinitur.
1299 3805 1415 3860 Non
1459 3815 1632 3875 potest
1666 3808 1790 3862 mali
1831 3809 1982 3864 radix
2011 3811 2065 3864 in

485 3895 631 3951 dono
659 3896 753 3950 Dei
793 3897 980 3951 locari.
1021 3896 1220 3951 Rerum
1247 3897 1382 3950 ratio
1407 3912 1513 3950 non
1548 3897 1692 3964 sinit,
1731 3908 1789 3953 ut
1823 3899 1889 3955 de
1929 3900 2066 3956 bono

487 3986 709 4053 malum,
745 3995 800 4040 et
840 3986 906 4040 de
936 3986 1080 4056 justo
1107 3985 1342 4056 iniquum
1371 3986 1566 4056 aliquid
1595 3987 1920 4058 proferatur.
1950 3990 2065 4046 Non

488 4084 779 4131 nascuntur
801 4087 1016 4146 peccata
1042 4076 1110 4131 de
1139 4090 1200 4130 ea
1222 4091 1297 4140 re,
1322 4093 1439 4146 qua:
1470 4077 1634 4132 libera
1664 4088 1746 4131 est
1771 4094 1800 4132 a
1829 4090 2065 4148 peccato.
2106 4065 2114 4069 ’

487 4168 566 4223 De
605 4167 706 4223 hoc
745 4183 908 4238 opere
951 4167 1090 4238 quod
1138 4183 1243 4222 non
1281 4167 1439 4223 habet
1474 4170 1704 4238 culpam,
1735 4171 1878 4226 nasci
1913 4172 2067 4242 culpa

488 4275 594 4316 non
617 4267 818 4330 potest)
845 4259 1063 4332 (Supra,
1090 4260 1176 4313 lib.
1195 4261 1245 4325 1,
1266 4277 1416 4330 capp.
1439 4261 1492 4327 8,
1517 4261 1568 4326 9,
1594 4271 1637 4314 et
1654 4261 1742 4316 lib.
1766 4263 1820 4329 5,
1845 4280 1960 4334 cap.
1978 4265 2066 4333 16,

487 4371 581 4409 nn.
612 4353 702 4420 59,
729 4351 860 4422 64)?
921 4351 1125 4418 Quibus
1161 4352 1409 4406 omnibus
1432 4352 1651 4407 vocibus
1699 4355 1804 4408 tuis
1849 4355 2068 4410 conficio

489 4452 597 4512 tur,
627 4458 733 4499 non
763 4457 884 4498 esse
902 4441 1040 4496 mala
1061 4449 1246 4496 exorta
1275 4441 1342 4496 de
1369 4441 1552 4507 bonis;
1588 4451 1644 4497 ut
1663 4452 1846 4510 restet,
1876 4459 2068 4500 secun-

488 4535 614 4593 dum
643 4535 961 4591 Manichzeos
979 4576 994 4602 ,
1025 4549 1131 4588 non
1158 4549 1279 4588 esse
1305 4534 1441 4588 mala
1470 4543 1652 4588 exorta
1679 4535 1777 4589 nisi
1803 4536 1870 4591 de
1894 4538 2068 4592 malis.

489 4626 768 4694 Quomodo
811 4640 938 4696 ergo
984 4639 1306 4694 quemquam
1355 4623 1764 4680 Manichaeorum
1819 4629 2068 4697 nomine,

491 4727 744 4789 tanquam
771 4733 955 4774 eorum
983 4716 1321 4772 adversarius
1347 4718 1676 4784 criminaris;
1724 4734 1843 4774 cum
1889 4721 1967 4775 sic
2005 4722 2074 4778 ab

491 4823 676 4864 eorum
712 4817 861 4878 parte
894 4807 1185 4873 consistas,
1214 4816 1271 4862 ut
1297 4806 1434 4862 vinci
1469 4809 1686 4863 omnino
1713 4824 1819 4863 non
1848 4812 2070 4880 possint,

492 4899 596 4954 nisi
627 4913 748 4952 cum
777 4898 881 4952 illis
909 4906 962 4952 et
995 4899 1107 4968 ipse
1136 4898 1398 4952 vincaris?
1436 4898 1588 4965 Quod
1627 4900 1680 4955 in
1719 4902 1892 4972 primo
1920 4901 2073 4974 hujus

492 4991 670 5060 operis
733 4990 870 5045 libro
913 4990 1183 5060 aliquanto
1229 4992 1499 5062 c0piosius
1545 4990 1713 5064 (Cap.
1759 4994 1871 5065 8),
1927 5005 1980 5050 et
2021 4996 2074 5050 in

491 5082 678 5153 quinto
705 5080 918 5137 brevius
948 5080 1105 5154 (Cap.
1138 5080 1263 5155 16),
1293 5091 1348 5139 et
1381 5082 1466 5138 hic
1504 5083 1760 5140 hactenus
1785 5102 1883 5141 nos
1906 5087 2077 5158 egisse

494 5174 782 5231 suffecerit.

480 5315 484 5318 .
566 5267 656 5323 67.
703 5267 822 5338 ipsa
861 5280 990 5322 vero
1031 5281 1150 5337 qute
1192 5267 1490 5322 communis
1537 5275 1620 5322 est
1666 5267 1819 5322 vobis
1857 5268 2078 5326 hmresis

494 5367 670 5415 vestra
691 5366 945 5434 quantum
966 5357 1286 5412 Manichaaos
1310 5357 1544 5429 adjuvet,
1559 5359 1668 5428 jam
1699 5360 1912 5431 quidem
1936 5377 2080 5433 smpe

496 5450 812 5516 monstravi,
845 5449 938 5504 sed
966 5464 1033 5504 ne
1059 5447 1146 5504 hic
1165 5449 1378 5519 quidem
1407 5460 1492 5506 est
1515 5451 1889 5515 omittendum.
1936 5455 2081 5510 Enu-

500 5549 710 5597 merant
750 5539 1024 5595 Manichaei
1062 5539 1201 5596 mala
1237 5555 1356 5611 quae
1385 5542 1441 5596 in
1471 5544 1703 5613 parvulis
1741 5554 2078 5612 monstrant,

565 5684 589 5756 ξ
609 5689 709 5756 _Am.
728 5688 802 5730 Er.
830 5689 883 5752 et
903 5681 1459 5756 plerique_Mss.,utalos.
1505 5746 1516 5756 .

568 5747 589 5778 ¹
613 5751 742 5805 l.ov.,
763 5747 966 5807 primus.
992 5747 1073 5795 Am
1115 5751 1188 5796 Er.
1211 5755 1262 5796 et
1283 5755 1413 5807 Mss.,
1437 5747 1591 5811 prius.

1284 277 1556 387 CONTRA
1595 325 1930 384 JULIANUM
1962 323 2401 382 PELAGIANHM
2461 327 2520 383 S.
2559 328 2926 388 AUGUSTlNl

3637 337 3754 395 δσιι

2163 452 2281 506 qua:
2306 437 2492 492 Cicero
2521 455 2731 511 quoque
2760 446 3144 498 commemorat
3184 444 3236 498 in
3280 446 3430 502 libris
3467 447 3532 504 de
3560 450 3759 522 Repu-

2162 528 2319 595 blica,
2338 529 2476 585 unde
2502 531 2613 600 ipsa
2631 532 2747 602 ejus
2761 531 2916 588 verba
2937 533 3048 604 jam
3071 537 3312 592 transtuli
3339 538 3556 609 (Supra,
3577 542 3666 596 lib.
3684 545 3755 614 4,

2160 633 2276 686 cap.
2305 618 2418 690 12).
2447 618 2502 673 1η
2524 636 2747 690 quorum
2770 625 3030 678 malorum
3059 631 3563 686 commemoratione
3589 633 3753 701 dicit,

2168 722 2304 760 «non
2346 718 2404 762 ut
2441 725 2470 762 a
2513 720 2681 765 matre
2721 722 2926 778 natura,
2950 714 3044 769 sed
3074 724 3131 770 ut
3159 732 3186 768 a
3217 734 3443 774 noverca
3473 719 3756 779 hominem

2163 797 2213 850 in
2238 798 2333 853 has
2353 815 2619 855 mrumnas
2639 817 2759 857 esse
2782 804 3094 873 projectum.
3119 826 3140 859 ι
3175 807 3288 864 lluc
3306 811 3565 867 accedunt
3585 815 3757 870 etiam

2163 887 2271 952 illa,
2313 905 2434 958 quae
2484 907 2588 945 non
2639 894 2850 963 quidem
2899 912 3086 951 omnes
3128 901 3400 967 parvulos,
3429 904 3522 957 sed
3568 915 3755 960 tamen

2161 978 2420 1048 plurimos
2466 981 2735 1037 cernimus
2787 984 2993 1054 perpeti
3047 989 3210 1042 multa
3263 998 3316 1044 et
3357 992 3501 1045 varia
3529 993 3546 1023 ί
3575 995 3749 1054 mala.

2163 1082 2329 1138 usque
2357 1068 2421 1122 ad
2447 1069 2744 1126 daemonum
2772 1073 3035 1130 incursus.
3085 1077 3259 1147 Atque
3299 1081 3626 1137 concludunt
3667 1085 3756 1139 di-

2162 1166 2366 1222 centes,
2395 1157 2528 1212 Cum
2549 1160 2618 1213 sit
2639 1160 2813 1230 justus
2842 1171 2898 1217 et
2927 1165 3265 1234 omnipotens
3292 1167 3451 1237 Deus,
3481 1171 3620 1226 unde
3646 1174 3754 1228 ista

2165 1250 2304 1305 mala
2345 1256 2540 1321 patitur
2582 1254 2755 1324 imago
2787 1255 2903 1324 ejus
2947 1257 3000 1310 in
3045 1260 3308 1328 parvulis,
3337 1262 3438 1315 nisi
3473 1265 3596 1332 quia
3620 1281 3755 1319 vera

2165 1351 2265 1408 est,
2297 1343 2558 1412 inquiunt,
2589 1359 2747 1412 quam
2787 1359 2886 1400 nos
2933 1349 3220 1403 asserimus
3267 1351 3491 1406 duarum
3536 1364 3756 1408 natura-

2164 1447 2307 1498 rum,
2336 1432 2460 1488 boni
2487 1434 2689 1488 scilicet
2714 1437 2944 1505 malique
2967 1439 3311 1494 commixtio?
3351 1442 3460 1497 llos
3483 1444 3754 1500 catholica

2164 1520 2434 1592 redarguit
2463 1523 2657 1577 veritas
2681 1565 2696 1590 ,
2729 1526 2991 1581 conﬁtens
3031 1529 3285 1598 originale
3330 1542 3625 1601 peccatum,
3657 1552 3756 1604 per

2165 1611 2306 1680 quod
2337 1611 2532 1666 factum
2573 1624 2656 1667 est
2688 1613 2989 1670 dzemonum
3030 1617 3314 1674 ludibrium
3356 1637 3524 1691 genus
3560 1624 3754 1678 huma-

2167 1716 2326 1768 num,
2355 1711 2409 1755 et
2435 1702 2711 1757 laboriosa:
2741 1705 2968 1759 miseria:
3003 1706 3262 1763 destinata
3291 1727 3522 1781 propago
3551 1726 3757 1770 morta-

2166 1791 2316 1844 lium.
2339 1791 2454 1846 Non
2476 1802 2651 1846 autem
2676 1795 2746 1847 ita
2771 1803 2932 1860 esset,
2963 1797 3006 1849 si
3028 1797 3257 1852 humana
3279 1811 3470 1855 natura
3498 1820 3591 1873 per
3619 1805 3757 1861 libe-

2165 1896 2284 1934 rum
2314 1882 2592 1936 arbitrium
2621 1883 2669 1937 in
2699 1900 2804 1952 quo
2833 1895 2970 1940 statu
3002 1889 3228 1957 primum
3263 1892 3476 1946 condita
3513 1903 3596 1948 est
3630 1911 3757 1964 per-

2167 1969 2409 2024 Stitisset.
2461 1972 2563 2025 V'os
2611 1983 2787 2027 autem
2839 1987 3094 2045 negantes
3135 1980 3389 2050 originale
3435 1994 3745 2052 peccatum,

2169 2059 2406 2127 profecto
2433 2070 2522 2114 aut
2547 2064 2808 2132 cogemiui
2833 2065 3009 2136 dicere
3041 2067 3205 2122 Deum
3229 2071 3304 2124 vel
3326 2072 3632 2138 invalidum,
3657 2075 3750 2129 vel

2169 2149 2442 2219 injustum,
2478 2151 2578 2207 sub
2604 2154 2754 2223 cujus
2785 2165 3048 2224 potestate
3068 2151 3250 2230 imago
3277 2162 3391 2231 ejus
3418 2163 3475 2217 in
3509 2166 3755 2233 parvulis

2168 2241 2285 2296 sine
2317 2244 2424 2297 ullo
2451 2245 2534 2299 vel
2562 2247 2760 2316 proprii
2783 2249 2865 2302 vel
2895 2250 3165 2319 originalis
3192 2255 3393 2324 peccati
3422 2257 3612 2312 merito
3638 2267 3757 2315 tan-

2169 2331 2236 2385 tis
2265 2332 2514 2403 aflligitur
2541 2336 2727 2402 malis;
2773 2353 2878 2392 non
2910 2342 3049 2394 enim
3080 2358 3171 2411 per
3197 2344 3313 2400 btec
3340 2357 3620 2403 exercetur
3643 2350 3757 2404 vir-

2169 2429 2276 2490 tus,
2301 2425 2441 2493 quod
2465 2437 2610 2481 recte
2632 2427 2697 2482 de
2718 2428 2871 2484 bonis
2894 2431 3194 2488 hominibus
3222 2437 3512 2506 majoribus
3537 2441 3754 2510 dicitur,

2169 2513 2221 2566 in
2250 2515 2440 2584 quibus
2468 2517 2686 2572 rationis
2719 2528 2802 2573 est
2839 2535 3007 2587 usus;
3039 2533 3159 2590 aut,
3188 2527 3308 2594 quia
3344 2529 3507 2583 Deum
3539 2532 3620 2585 vel
3651 2532 3756 2586 im-

2167 2613 2437 2675 potentem
2469 2608 2553 2662 vel
2581 2609 2820 2677 iniquum
2847 2611 3024 2666 dicere
3062 2629 3168 2670 non
3204 2621 3446 2688 potestis,
3479 2621 3759 2679 Manicbtei

2167 2707 2350 2750 contra
2371 2714 2466 2752 vos
2488 2715 2723 2754 errorem
2747 2717 2898 2756 suum
2925 2705 3183 2762 nefarium
3205 2710 3272 2764 de
3293 2711 3515 2768 duarum
3539 2699 3678 2772 inter
3697 2731 3760 2774 so

2169 2787 2502 2843 inimicorum
2556 2793 2969 2848 substantiarum
3026 2801 3380 2866 permixtione
3436 2805 3756 2864 ﬁrmabant.

2166 2879 2282 2934 Non
2314 2880 2472 2950 igitur
2508 2899 2623 2937 iure
2644 2885 2710 2938 ab
2737 2886 3021 2944 infectione
3042 2891 3472 2964 Manichaeorum,
3499 2901 3641 2955 nulla
3661 2903 3704 2969 ',
3731 2920 3755 2954 ι

2168 2973 2304 3026 sicut
2328 2973 2480 3040 dicis,
2516 2993 2534 3026 ‹
2560 2977 2776 3031 mundat
2819 2978 2980 3035 herba
3030 2982 3263 3040 fullonis.
3290 3005 3309 3039 ι
3361 2989 3564 3057 Quibus
3605 3005 3759 3062 petu-

2166 3061 2399 3118 lantibus
2424 3065 2600 3120 verbis
2634 3065 2764 3122 facis
2803 3068 3016 3126 lavacro
3041 3079 3458 3144 regenerationis
3482 3061 3760 3152 injuriam,

2168 3154 2308 3223 quod
2336 3156 2388 3209 in
2415 3156 2534 3210 sinu
2561 3156 2850 3215 Catholica:
2889 3165 3072 3219 matris
3098 3170 3300 3237 accepi.
3343 3172 3447 3226 Sed
3475 3175 3622 3230 vobis
3649 3187 3760 3233 tam

2167 3247 2489 3303 malitiosum
2521 3265 2782 3306 venenum
2811 3256 3010 3325 antiqui
3038 3257 3286 3314 draconis
3330 3263 3565 3334 irrepsit,
3599 3278 3657 3324 ut
3697 3277 3757 3326 et

2169 3335 2467 3394 Catholicos
2504 3340 2726 3396 horrore
2772 3343 3045 3402 Manichazi
3091 3352 3321 3407 nominis
3362 3355 3654 3426 iufametis,
3702 3367 3761 3415 et

2167 3427 2488 3485 Manichzeos
2516 3433 2859 3498 perversitate
2883 3439 3044 3492 vestri
3072 3439 3335 3510 dogmatis
3359 3445 3648 3514 adjuvetis.

2240 3516 2463 3575 CAPUT
2480 3521 2621 3576 XXII
2645 3520 2816 3596 (a).—
2838 3527 2927 3581 68.
2958 3527 3086 3583 lllud
3109 3546 3235 3586 vero
3252 3533 3319 3588 de
3338 3536 3442 3589 alio
3459 3539 3597 3593 libro
3611 3555 3754 3607 meo,

2169 3610 2310 3680 quod
2349 3611 2416 3666 ad
2456 3612 2817 3671 Marcellinum
2856 3620 3097 3675 scribens
3116 3623 3246 3688 dixi,
3275 3644 3293 3677 ι
3317 3626 3478 3682 Filios
3514 3632 3761 3688 mulieris

2169 3715 2287 3769 quae
2317 3703 2547 3770 serpenti
2578 3705 2803 3760 credidit
2831 3716 2891 3760 ut
2925 3709 3141 3766 libidine
3169 3728 3618 3786 corrumperetur,
3649 3736 3763 3778 non

2171 3790 2386 3845 liberari
2415 3792 2514 3846 nisi
2544 3809 2640 3864 per
2661 3795 2851 3852 Filium
2887 3798 3136 3870 Virginis,
3170 3793 3287 3872 qua:
3314 3808 3501 3877 angelo
3527 3812 3768 3868 credidit

2170 3889 2230 3934 ut
2251 3881 2363 3936 sine
2386 3882 2602 3939 libidine
2629 3885 2884 3942 fetaretur
2906 3909 2923 3941 ι
2956 3890 3091 3959 (Lib.
3120 3894 3144 3948 1
3169 3893 3232 3947 de
3250 3906 3558 3966 peccatorum
3583 3901 3761 3956 Meri-

2171 3972 2233 4026 tis
2254 3982 2299 4026 et
2329 3972 2659 4044 Remissioue,
2698 3995 2813 4048 cap.
2842 3981 2934 4050 28)
2961 3999 2974 4034 :
3005 3983 3073 4036 ita
3113 3965 3510 4057 posuisti-atque
3548 3992 3620 4044 ita
3655 4008 3765 4048 vo-

2172 4062 2313 4117 luisti
2339 4066 2538 4135 accipi,
2569 4076 2818 4138 tanquam
2850 4071 3074 4128 dixerint
3098 4115 3112 4139 ,
3150 4095 3169 4126 ι
3195 4077 3336 4147 quod
3379 4079 3504 4135 Eva:
3527 4096 3773 4153 serpens

2172 4157 2492 4212 commixtus
2532 4157 2689 4213 fuerit
2715 4163 2997 4218 concubitu
3043 4170 3339 4237 corporali;
3371 4189 3390 4222 ι
3423 4172 3562 4227 sicut
3591 4174 3770 4231 Mani-

2173 4246 2308 4302 chaei
2331 4248 2623 4319 principem
2654 4253 2990 4308 tenebrarum
3019 4257 3257 4326 ejusdem
3282 4263 3526 4318 mulieris
3553 4275 3774 4334 patrem

2174 4353 2295 4392 eum
2336 4340 2420 4392 illa
2458 4343 2809 4398 concubuisse
2837 4344 3084 4402 delirant.
3116 4349 3229 4405 lloe
3269 4367 3369 4422 ego
3395 4353 3462 4408 de
3509 4367 3776 4426 serpente
3841 4395 3844 4399 -

2175 4447 2280 4488 non
2309 4433 2438 4487 dixi.
2479 4434 2583 4489 Sed
2620 4439 2874 4507 numquid
2911 4449 2961 4494 tu
3001 4452 3184 4496 contra
3214 4447 3530 4514 Apostolum
3561 4465 3770 4520 negas,

2175 4535 2408 4581 mentem
2458 4529 2695 4583 mulieris
2740 4544 2770 4583 a
2823 4543 3069 4602 serpente
3120 4539 3464 4606 corruptam?
3506 4541 3587 4594 An
3637 4558 3769 4598 eum

2177 4633 2283 4673 non
2332 4618 2503 4686 audis,
2555 4620 2642 4675 ubi
2677 4621 2819 4689 dicit,
2866 4623 3036 4680 Timeo
3079 4644 3143 4681 ne
3187 4630 3313 4682 sicut
3355 4648 3561 4702 serpens
3600 4634 3778 4691 Evam

2177 4709 2354 4779 fefellit
2393 4711 2444 4764 in
2483 4714 2703 4767 uersutia
2745 4732 2872 4783 sua,
2917 4719 2988 4771 ita
3026 4733 3413 4792 corrumpantur
3452 4737 3642 4781 utentes
3679 4746 3774 4782 ve-

2177 4810 2296 4854 stra:
2335 4818 2368 4854 a
2409 4803 2729 4874 simplicitate
2775 4817 2823 4860 et
2864 4809 3128 4877 castitate,
3180 4829 3292 4881 quae
3332 4825 3405 4869 est
3467 4817 3522 4870 in
3565 4819 3776 4876 Christo

2184 4891 2256 4963 (11
2286 4891 2402 4947 Cor.
2433 4910 2516 4960 xu,
2548 4893 2642 4966 '5)?
2667 4896 2740 4950 Ex
2773 4897 2872 4952 ista
2903 4899 3084 4970 utique
3107 4907 3447 4973 corruptione
3474 4914 3774 4978 serpentis,

2179 4983 2349 5052 qualis
2371 4984 2424 5036 lit
2444 4985 2602 5039 etiam
2640 4988 2854 5056 quando
2873 5002 3223 5063 Corrumpunt
3259 5011 3436 5052 mores
3458 4998 3630 5056 bonos
3649 5003 3778 5056 col-

2183 5072 2356 5142 quuia
2380 5073 2516 5128 mala
2538 5074 2576 5146 (l
2602 5074 2719 5130 Cor.
2748 5093 2843 5144 xv,
2868 5080 2980 5150 '55),
3011 5084 3292 5150 pervenit‘
3317 5085 3482 5141 libido
3503 5091 3778 5160 peccandi

2183 5164 2234 5218 in
2264 5175 2494 5218 mentem
2524 5167 2763 5222 mulieris
2788 5186 2801 5232 ;
2822 5177 2880 5222 ut
2903 5180 2956 5224 et
2977 5170 3090 5226 viro
3112 5175 3553 5242 prtevaricatione
3579 5195 3773 5235 corru-

2186 5267 2307 5326 pto,
2357 5257 2551 5312 deinde
2603 5260 2688 5313 illa
2716 5260 2757 5326 ⁸,
2785 5260 2853 5316 de
2900 5278 3000 5331 qua
3059 5266 3388 5323 erubuerunt
3423 5278 3480 5325 et
3521 5274 3786 5342 pudenda

2253 5349 2268 5416 ξ
2294 5355 2448 5416 Quae
2474 5350 2708 5416 \Laticanis
2732 5358 2858 5416 Mss.,
2877 5357 2921 5400 ct
2947 5354 3131 5416 gravia.

2248 5408 2269 5476 ξ
2294 5409 2426 5476 βαιιι,
2456 5408 2573 5476 ulla.
2601 5413 2771 5460 verius
2792 5408 2973 5474 aliquot
2997 5423 3120 5476 Mss.,
3145 5417 3293 5467 nulla.

2250 5469 2271 5537 ξ
2295 5469 2616 5537 Inplerisque
2638 5479 2763 5532 Mss.,
2783 5469 3012 5537 probauit.

2250 5529 2271 5604 ξ
2295 5529 2432 5604 Editj,
2473 5529 2766 5604 mentem
2784 5529 2794 5537 ’
2811 5535 3028 5587 mulieris
3062 5545 3107 5588 et
3139 5539 3230 5590 viri
3245 5554 3262 5601 ;
3286 5548 3336 5590 ut
3358 5544 3790 5604 prwvaricationis

2187 5590 2434 5660 corruptio
2451 5590 2629 5642 deinde
2659 5593 2762 5660 illa.
2787 5605 2966 5660 omnes
2999 5608 3160 5649 tamen
3203 5590 3792 5660 vaticahive—tﬁtia‘llicvavn'i

2188 5658 2315 5721 Mss.,
2334 5655 2386 5702 in
2400 5661 2602 5703 mentem
2617 5655 2860 5728 mulieris;
2869 5665 2920 5708 ut
2941 5667 2986 5710 et
3001 5661 3104 5714 viro
3116 5665 3510 5726 prtem-temone
3527 5655 3794 5732 corrupto:

2195 5711 2371 5762 demde
2388 5714 2472 5762 illa
2492 5727 2508 5762 :
2532 5716 2750 5762 subaudi.
2774 5717 2939 5762 Ιιὺιίιο-

2229 5714 2371 5776 cinae
2388 5714 2472 5763 illa
2492 5727 2508 5763 :
2532 5716 2750 5776 subaudi,
2774 5714 2940 5770 libido.

2256 5775 2327 5838 (η)
2362 5777 2488 5838 Apud
2509 5786 2607 5826 Am.
2635 5775 2795 5844 etEr.,
2832 5781 2903 5831 l0.

3617 5867 3641 5894 ι
