4022 6488
274 512 563 572 texerunt,
587 509 900 573 sequeretur
925 501 981 557 in
1007 515 1190 570 carne,
1220 516 1324 557 non
1355 498 1552 556 diaboli
1579 499 1863 554 accedente

275 596 565 654 concubitu
585 594 866 665 corporali,
890 595 983 650 sed
1004 595 1259 665 spirituali
1277 595 1367 649 Dei
1380 594 1546 664 gratia
1562 592 1861 648 recedente.

323 687 416 744 69.
441 685 524 758 (α)
537 685 650 740 Non
667 683 826 755 igitur
851 704 870 738 ι
891 694 999 740 tota
1016 686 1374 756 disputatione
1402 694 1490 738 tua
1508 683 1825 748 contrivisti,
1841 701 1860 734 ι

233 851 237 855 _
276 781 414 838 sicut
442 789 497 836 te
519 779 709 849 jactas,
740 798 760 832 ‹
782 780 1130 835 assertionem
1156 794 1350 844 meam,
1377 777 1445 832 de
1469 777 1612 830 malo
1634 776 1866 830 carnalis

276 871 723 941 concUpiscentize
745 871 1122 943 originalisque
1147 869 1349 940 peccati
1365 887 1412 935 ;s
1439 876 1686 923 manente
1707 867 1866 922 laude

257 975 290 1014 n
311 943 584 1030 uptiarum
608 1001 625 1030 ,
652 979 784 1033 quae
809 963 944 1017 bene
982 968 1204 1015 utuntur
1226 959 1398 1025 malo,
1426 974 1532 1013 non
1553 956 1695 1027 quod
1723 956 1865 1012 fece—

193 1034 225 1096 /
264 1059 430 1116 sunt,
476 1051 590 1109 sed-
608 1052 751 1121 quod
785 1044 1119 1107 invenerunt.
1153 1051 1349 1106 Verum
1384 1064 1485 1105 nec
1521 1049 1668 1119 ipsos
1691 1047 1863 1103 Mani-

253 1157 282 1208 c
301 1139 456 1196 hazos
484 1143 782 1198 contrivisti
803 1184 819 1207 ,
842 1143 977 1213 quos
999 1142 1175 1212 potius
1195 1141 1462 1211 adjuvisti,
1489 1148 1546 1194 tu
1570 1141 1586 1172 ⁸
1610 1138 1861 1205 maxime,

269 1242 324 1289 et
345 1233 401 1288 in
431 1248 722 1290 commune
748 1249 936 1291 omnes
962 1235 1258 1305 Pelagianae
1288 1234 1538 1293 novitatis
1557 1232 1865 1302 errorisque

270 1323 598 1393 participes,
650 1325 792 1380 sicut
839 1325 948 1395 jam
988 1324 1371 1380 demonstravi.
1424 1326 1501 1380 De
1546 1323 1864 1378 testimoniis

272 1417 433 1470 etiam
466 1425 812 1472 tractatorum
839 1417 1222 1472 catholicorum
1255 1416 1430 1471 sancti
1467 1415 1652 1469 Basilii
1681 1413 1866 1470 Ca-sao

271 1506 480 1560 reensis
505 1514 560 1562 et
589 1507 758 1562 sancti
784 1507 1003 1562 Joannis
1026 1504 1614 1575 Constantinopolitani,
1639 1519 1864 1574 quorum

274 1595 460 1653 dixisti
489 1613 707 1654 sensum
733 1599 928 1654 vestris
948 1600 968 1630 ³
985 1599 1270 1654 convenire
1287 1589 1584 1663 sententiis,
1614 1596 1666 1649 in
1693 1595 1864 1664 primo

272 1685 428 1755 hujus
457 1688 565 1742 mei
607 1689 784 1758 operis
808 1687 966 1754 libro,
992 1688 1085 1742 tibi
1112 1686 1558 1742 sufﬁcientissima
1592 1693 1645 1740 et
1673 1684 1864 1739 certis-

273 1777 405 1834 sima
430 1779 661 1835 veritate
682 1778 930 1848 respondi
954 1778 1138 1850 (Capp.
1168 1779 1201 1832 5
1224 1789 1269 1832 et
1295 1779 1349 1848 6)
1377 1794 1391 1842 ;
1419 1777 1708 1834 ostendens
1735 1791 1866 1848 que-

268 1867 618 1922 madmodum
661 1884 766 1922 non
807 1869 1148 1939 intelligendo
1176 1869 1416 1938 quadam
1449 1869 1606 1922 verba
1637 1883 1823 1921 eorum
1843 1909 1859 1933 ,

268 1958 534 2015 adversus
561 1960 749 2029 dogma
773 1975 983 2024 eorum,
1015 1959 1156 2029 quod
1192 1967 1275 2013 est
1297 1958 1488 2028 dogma
1516 1957 1860 2025 catholicum,

267 2039 505 2104 mirabili
539 2049 778 2105 caecitate
809 2050 1074 2120 pugnetis.
1116 2049 1171 2102 ln
1210 2048 1445 2104 secundo
1481 2062 1690 2118 quoque
1729 2047 1864 2117 libro

269 2141 396 2196 satis
421 2143 657 2211 egimus,
699 2149 757 2195 ut
782 2148 1036 2212 appareat
1063 2156 1222 2210 quam
1247 2155 1354 2194 non
1391 2139 1481 2205 sit,
1512 2138 1863 2209 quemadmo-

268 2231 393 2287 dum
429 2232 789 2299 conviciaris,
818 2249 836 2282 α
865 2231 1188 2302 conspiratio
1219 2230 1546 2300 perditorum
1578 2247 1596 2280 ι
1630 2229 1861 2300 (Supra,

272 2321 354 2376 lib.
389 2324 445 2390 l,
476 2339 598 2393 cap.
628 2322 720 2393 7);
756 2322 850 2378 sed
879 2333 1182 2377 sanctorum
1221 2333 1278 2375 et
1311 2319 1638 2376 eruditorum
1677 2319 1864 2374 Eccle-

270 2413 362 2467 sia:
395 2413 684 2469 catholica:
708 2425 913 2483 patrum
955 2413 1077 2488 pius
1107 2411 1383 2481 ﬁdelisque
1424 2425 1750 2477 consensus,
1777 2411 1866 2481 qui

270 2501 544 2557 haeretica:
587 2512 779 2558 vestra:
818 2504 1035 2557 novitati
1077 2503 1333 2557 resistunt
1374 2515 1470 2571 pro
1499 2500 1866 2571 antiquissima

269 2595 536 2648 catholica
561 2597 800 2650 veritate.
827 2595 972 2651 Unde
998 2597 1156 2650 etiam
1185 2613 1204 2646 ‹
1227 2594 1401 2665 populi
1429 2609 1686 2661 murmur,
1716 2591 1859 2664 quod

271 2685 442 2740 solum
469 2685 626 2740 vobis
645 2701 676 2740 a
707 2687 858 2742 nobis
887 2707 906 2740 ι
939 2687 1070 2742 dicis
1103 2705 1122 2738 ‹
1145 2687 1361 2757 opponi,
1386 2704 1406 2738 ι
1434 2701 1533 2740 nec
1552 2685 1726 2740 solum
1753 2694 1856 2751 est,

272 2779 389 2847 quia
416 2787 692 2832 tantorum
721 2779 905 2834 nititur
923 2779 1235 2834 auctoritate
1261 2777 1570 2842 doctorum;
1593 2786 1647 2832 et
1665 2778 1867 2847 justum

271 2878 368 2934 est,
399 2870 529 2940 quia
553 2886 655 2924 non
688 2871 798 2924 vult
821 2871 1140 2926 utevertatis
1165 2870 1263 2924 sibi
1290 2884 1502 2940 quoque
1531 2870 1865 2925 notissimam

275 2961 513 3016 salutem
543 2977 659 3030 qua:
692 2961 742 3014 in
770 2961 982 3016 Christo
1009 2971 1087 3016 est
1116 2963 1476 3032 parvulorum.

338 3049 575 3106 CAPUT
603 3050 786 3105 XXIII.
805 3054 972 3107 -—70.
997 3053 1146 3118 Quod
1169 3063 1345 3108 autem
1365 3053 1528 3108 verba
1545 3054 1860 3123 apostolica,
1941 3123 1943 3126 p

274 3139 360 3196 ubi
389 3142 549 3208 dicit,
576 3142 696 3196 Scio
726 3143 846 3205 quia
873 3160 971 3196 nou
1001 3143 1190 3195 habitat
1219 3144 1270 3196 in
1299 3158 1395 3208 me,
1426 3145 1520 3196 hoc
1545 3153 1616 3196 est
1640 3144 1693 3196 in
1721 3160 1870 3199 came

275 3247 384 3285 mea
404 3274 419 3299 ,
450 3231 640 3285 bonum
660 3249 678 3296 ;
699 3241 752 3286 et
777 3242 967 3288 cmtera
995 3247 1162 3303 usque
1191 3232 1257 3288 ad
1281 3233 1429 3292 illud.
1462 3233 1550 3288 ubi
1579 3234 1686 3300 ait,
1713 3233 1873 3288 Miser

277 3339 363 3391 ego
383 3325 562 3386 homo,
583 3322 692 3390 quis
709 3339 788 3376 me
802 3322 1027 3376 liberabit
1040 3321 1100 3375 de
1111 3339 1318 3393 corpore
1333 3324 1503 3376 mortis
1519 3322 1697 3393 hujus?
1719 3342 1737 3375 ε
1749 3339 1832 3378 me
1843 3343 1864 3377 ι

277 3413 517 3468 afﬁrmas
550 3433 567 3465 ι
593 3415 745 3468 aliter
766 3415 1075 3484 intelligere,
1098 3431 1255 3484 quam
1283 3424 1448 3469 totum
1473 3417 1642 3484 ipsum
1667 3417 1870 3485 capitu-

258 3503 384 3560 lum
403 3506 423 3536 ³
442 3505 604 3560 debet
622 3499 839 3574 intellig’i
863 3522 875 3558 :
902 3525 920 3558 ι
951 3508 1192 3561 nesciens
1206 3506 1334 3560 mihi
1357 3507 1638 3575 plurimum
1660 3507 1866 3562 tribuis.

279 3594 392 3650 Non
421 3597 571 3651 enim
593 3611 693 3667 ego
713 3597 860 3651 solus
884 3606 974 3650 aut
1003 3597 1202 3666 primus
1219 3597 1294 3651 sic
1325 3597 1484 3651 istum
1510 3599 1686 3652 locum
1709 3598 1837 3653 intel
1856 3627 1868 3637 -

277 3685 418 3751 lexi,
466 3703 570 3756 quo
606 3687 865 3741 evertitur
903 3687 1124 3741 haeresis
1164 3697 1338 3742 vestra
1363 3729 1378 3754 ,
1423 3687 1868 3758 quemadmodum

277 3791 402 3832 vere
433 3779 804 3849 intelligendus
847 3789 969 3834 est:
1017 3779 1123 3834 imo
1147 3795 1274 3834 vero
1311 3795 1410 3851 ego
1453 3781 1599 3850 prius
1623 3797 1743 3836 eum
1766 3782 1871 3845 ali-

279 3876 360 3923 ter
399 3868 804 3934 intellexeram,
838 3870 916 3924 vel
951 3870 1124 3939 potius
1154 3887 1258 3925 non
1303 3870 1700 3936 intellexeram;
1728 3872 1869 3943 quod

277 3973 394 4013 mea
411 3958 654 4025 qumdam
675 3959 814 4012 illius
831 3960 1086 4027 temporis
1106 3961 1262 4014 etiam
1282 3963 1474 4030 scripta
1493 3971 1754 4017 testantur
1770 3961 1866 4032 (b).

277 4047 395 4102 Non
428 4045 558 4100 mihi
590 4047 729 4099 enim
761 4048 1037 4103 videbatur
1061 4049 1348 4116 Apostolus
1375 4059 1426 4104 et
1457 4051 1524 4104 de
1549 4066 1610 4106 se
1648 4051 1764 4121 ipso
1790 4051 1872 4106 di-

279 4155 404 4196 cere
433 4139 689 4208 potuisse,
719 4137 833 4209 Ego
856 4150 1023 4192 autent
1047 4141 1265 4194 carnalis
1289 4158 1420 4205 sum,
1443 4157 1564 4196 cum
1596 4152 1740 4199 esset
1763 4144 1871 4214 spi-

281 4229 530 4284 ritualis:
564 4237 618 4283 et
646 4229 786 4300 quod
810 4230 1048 4298 captivus
1069 4230 1352 4286 duceretur
1378 4233 1478 4287 sub
1504 4234 1619 4303 lege
1646 4236 1864 4302 peccati,

283 4337 404 4392 quae
441 4322 493 4376 in
525 4321 777 4376 membris
801 4331 915 4376 erat
943 4323 1059 4393 ejus
1083 4323 1256 4394 (Rom.
1285 4341 1379 4391 vu,
1409 4325 1499 4390 14,
1529 4325 1736 4398 1834).
1759 4326 1870 4397 Ego

284 4413 430 4466 enim
476 4411 722 4481 putabam
759 4410 864 4466 dici
906 4412 1003 4466 ista
1043 4429 1148 4466 non
1179 4428 1333 4483 posse
1361 4456 1376 4478 ,
1415 4415 1512 4469 nisi
1539 4415 1608 4470 de
1642 4416 1706 4470 iis
1735 4431 1870 4486 quos

287 4500 357 4554 ita
385 4501 607 4555 haberet
625 4500 801 4555 carnis
823 4502 1248 4571 concupiscentia
1279 4503 1607 4574 subjugatos,
1643 4515 1699 4559 ut
1723 4504 1868 4561 face-

286 4601 409 4649 rent
426 4592 679 4662 quidquid
708 4593 793 4646 illa
820 4593 1201 4662 compelleret;
1233 4594 1371 4664 quod
1400 4594 1466 4648 de
1493 4596 1749 4664 Apostolo
1778 4595 1871 4650 de-

286 4685 488 4740 mentis
507 4693 589 4740 est
613 4684 833 4740 credere
863 4701 875 4738 :
905 4701 1023 4739 cum
1048 4687 1208 4740 etiam
1254 4687 1658 4742 innumerabilis
1687 4687 1869 4742 multi-

288 4777 418 4833 tudo
447 4786 750 4832 sanctorum
771 4816 786 4840 ,
820 4792 886 4830 ne
910 4778 1372 4846 concupiscentias
1405 4779 1582 4832 carnis
1610 4779 1866 4847 perﬁciat,

286 4877 474 4923 contra
503 4881 716 4923 carnem
748 4867 937 4937 spiritu
964 4867 1323 4936 concupiscat.
1354 4866 1458 4921 Sed
1487 4876 1667 4935 postea
1686 4868 1870 4921 melio-

291 4959 438 5013 ribus
459 4967 514 5012 et
533 4956 1029 5028 intelli‘gentioribus
1055 4957 1226 5021 cessi,
1255 4957 1340 5011 vel
1366 4956 1540 5025 potius
1567 4957 1664 5026 ipsi
1689 4997 1703 5021 ,
1727 4956 1868 5026 quod

291 5049 562 5105 fatendum
598 5060 708 5118 est,
755 5049 998 5114 veritati,
1039 5057 1094 5104 ut
1129 5049 1363 5104 viderem
1403 5051 1454 5104 in
1491 5049 1596 5103 illis
1630 5051 1868 5119 Apostoli

355 5146 372 5173 ι
400 5141 538 5201 aditi,
562 5145 678 5190 tum.
703 5141 1002 5201 Castigautur
1026 5152 1087 5188 ex
1113 5145 1220 5188 Mss.

353 5204 374 5234 ³
399 5199 567 5252 Mures
587 5208 716 5259 Mss,
739 5199 929 5251 sensum
950 5206 1173 5251 vestrum.

353 5265 376 5296 ³
397 5265 470 5325 sic
491 5270 598 5312 Mss.
624 5263 742 5312 Editi
759 5274 895 5321 vero,
916 5268 1076 5325 caput.

349 5324 426 5388 (ᾳ)
459 5325 592 5386 Apud
617 5331 714 5388 Itm.
742 5331 793 5373 et
812 5329 907 5382 Er.,
929 5324 1034 5388 cap.
1062 5324 1131 5372 il.

347 5380 428 5450 ib)
461 5380 522 5433 Ea
557 5385 733 5446 scripta
771 5380 931 5433 sunt:
970 5380 1110 5433 tIiber
1162 5384 1343 5445 primus
1384 5381 1444 5431 ad
1486 5380 1868 5444 simplicianum,

347 5452 466 5494 neat.
513 5447 573 5494 l:
613 5445 852 5494 Exnositio
888 5444 1106 5494 Eoistolae
1144 5445 1201 5493 ad
1246 5452 1500 5494 Romanos.
1537 5445 1770 5494 nrorosit.
1809 5444 1866 5492 41

330 5452 466 5494 mest.
513 5452 573 5494 ‘l:
613 5452 673 5493 Ex

299 5457 466 5508 quaret.
513 5457 573 5508 1;
613 5457 852 5518 expostuo
888 5457 1106 5552 cristatae
1144 5457 1201 5493 au
1246 5457 1500 5503 Romanos,
1537 5457 1770 5516 projosn.
1799 5457 1866 5517 ,ιιι

296 5514 348 5555 et
369 5506 462 5566 42;
498 5514 740 5570 Exposutto
763 5511 916 5567 Episto
939 5518 982 5554 τε
1005 5506 1063 5554 ad
1085 5505 1423 5570 Galatas,gcap.
1450 5507 1499 5570 5.
1528 5505 1783 5570 Meliorem,
1798 5519 1871 5570 mg-

291 5565 696 5628 terpretationem
717 5565 916 5615 secutus
939 5575 1015 5614 est
1032 5574 1202 5628 postea
1215 5569 1262 5615 in
1287 5565 1409 5615 libro
1431 5568 1494 5615 de
1517 5569 1671 5628 Gratia
1683 5565 1872 5626 Christi,

296 5583 372 5617 ter
405 5583 696 5617 relationem
717 5583 916 5615 secutus
939 5583 1015 5614 BS!
1032 5583 1202 5628 poswa
1215 5583 1262 5615 ll)
1287 5583 1409 5615 ιιι)Γο
1431 5583 1494 5615 ue
1517 5583 1671 5615 uratta
1683 5583 1869 5626 uurtsu,

296 5641 344 5676 n.
371 5583 458 5688 £3;
500 5628 625 5677 libro
663 5629 817 5690 primo
854 5636 1020 5676 contra
1057 5629 1176 5690 duas
1208 5629 1438 5689 Epistolas
1481 5627 1869 5690 Pelagianorum,

755 5445 852 5494 sitio
888 5444 1106 5504 Epistolte
1144 5444 1201 5493 ad
1246 5452 1500 5503 Romanos,
1537 5445 1770 5504 proposit.
1809 5444 1866 5492 41

295 5699 342 5752 p.
366 5689 538 5751 17-25;
565 5688 688 5752 libro
710 5689 868 5752 primo
887 5688 1314 5746 tietractationum,
1348 5702 1457 5752 cap.
1473 5689 1534 5737 23
1552 5688 1610 5738 et
1622 5688 1872 5752 “Bigihid,
1888 5735 1900 5745 ,

295 5747 688 5876 ἓῖοὸεθέυυάο.
710 5747 832 5813 ’ωμ
852 5750 898 5810 1,
924 5756 977 5799 et
997 5761 1161 5810 supra,
1205 5758 1374 5800 contra
1391 5747 1625 5800 Iulianum
1641 5785 1656 5811 ,
1689 5748 1783 5799 'lib.
1809 5747 1871 5812 2,

1649 383 1849 438 LIBER
1888 381 2178 439 SEXTUS.

2091 303 2119 336 ὑ

3453 399 3560 459 868

1973 497 2190 552 vocibus
2237 499 2492 569 gemitum
2541 514 2660 557 esse
2712 510 3018 562 sanctorum
3077 518 3260 561 contra
3312 509 3559 563 carnales

1973 591 2429 672 concupiscentias
2474 591 2860 649 dimicantium.
2906 594 3008 663 Qui
3069 610 3188 650 cum
3233 607 3411 654 mente
3452 599 3560 654 sint

1974 681 2302 749 spirituales,
2347 682 2520 737 adhuc
2557 693 2733 739 tamen
2787 685 2888 739 isto
2937 689 3273 756 corruptibili
3327 703 3556 758 corpore

1974 771 2114 840 quod
2141 780 2390 840 aggravat
2411 773 2639 827 animam
2659 774 2812 845 (Sap.
2846 791 2918 842 1x,
2957 775 3068 845 15),
3095 786 3240 832 recte
3258 778 3557 849 intelligun-

1972 869 2058 916 tur
2085 877 2205 918 esse
2227 865 2498 930 carnales;
2525 866 2647 935 quia
2672 867 2689 898 ¹
2707 874 2862 921 erunt
2880 876 2933 921 et
2960 882 3184 937 corpore
3213 870 3514 936 spirituales
3537 907 3556 934 ,

1972 954 2183 1024 quando
2211 957 2530 1010 seminatum
2559 971 2753 1026 corpus
2794 959 3046 1024 animale,
3083 968 3326 1029 resurget
3362 974 3557 1029 corpus

1970 1047 2245 1116 Spiritualc
2271 1047 2315 1117 (l
2338 1047 2455 1101 Car.
2486 1064 2576 1114 xv,
2609 1047 2701 1122 44)
2734 1066 2748 1102 :
2778 1059 2831 1105 et
2869 1060 3011 1104 recte
3039 1051 3212 1106 adhuc
3255 1051 3556 1121 intelligun-

1970 1146 2056 1190 tur
2079 1152 2140 1190 ea
2170 1146 2320 1207 parte
2345 1139 2540 1207 captivi
2561 1140 2659 1194 sub
2693 1140 2809 1210 lege
2853 1142 3088 1210 peccati,
3123 1157 3240 1212 qua:
3264 1141 3557 1198 desiderio-

1970 1243 2111 1292 rum,
2137 1229 2328 1300 quibus
2350 1246 2454 1285 non
2481 1233 2842 1297 consentiunt,
2874 1235 3105 1289 motibus
3133 1234 3388 1303 subjacet.
3421 1235 3555 1290 Hinc

1969 1318 2164 1375 factum
2190 1331 2270 1376 est
2304 1330 2360 1376 ut
2379 1325 2455 1378 sic
2478 1324 2579 1378 ista
2606 1325 2975 1395 intelligerem,
3003 1326 3445 1396 quemadmodum
3472 1326 3554 1381 in-

1970 1413 2173 1468 tellexit
2208 1415 2457 1478 llilarius,
2505 1415 2816 1486 Gregorius,
2867 1417 3214 1481 Ambrosius,
3269 1427 3324 1472 et
3369 1416 3552 1472 caeteri

1969 1503 2221 1558 Ecclesia:
2259 1507 2426 1560 sancti
2451 1507 2667 1576 notique
2692 1507 2941 1562 doctores
2963 1548 2978 1571 ,
3005 1509 3096 1578 qui
3127 1518 3178 1563 et
3206 1509 3375 1578 ipsum
3407 1511 3553 1578 Apo-

1967 1594 2162 1648 stolum
2183 1593 2443 1649 adversus
2467 1597 2708 1650 carnales
2728 1597 3185 1666 concupiscentias
3201 1611 3332 1666 quas
3354 1597 3553 1654 habere

1967 1685 2199 1750 nolebat,
2233 1694 2288 1740 et
2322 1694 2497 1740 tamen
2531 1686 2776 1752 habebat,
2811 1699 3028 1744 strenue
3053 1689 3377 1751 conﬂixisse,
3395 1704 3550 1744 eum-

1967 1775 2194 1848 demque
2219 1778 2520 1834 conﬂictum
2553 1795 2706 1834 suum
2723 1781 2826 1834 illis
2849 1781 2960 1836 suis
2989 1783 3165 1836 verbis
3194 1793 3552 1838 contestatum

1969 1867 2132 1923 fuisse
2151 1879 2432 1925 senserunt
2465 1869 2686 1941 (Supra,
2715 1873 2804 1926 lib.
2831 1871 2868 1926 2
2888 1914 2900 1936 ,
2923 1889 3074 1943 capp.
3103 1874 3139 1929 3
3158 1883 3204 1927 et
3231 1873 3326 1945 4).
3355 1873 3552 1929 Contra

1969 1973 2102 2028 quos
2127 1968 2320 2026 motus,
2344 1961 2490 2031 prius
2517 1962 2699 2032 utique
2722 1962 3068 2017 debellandos
3098 1978 3166 2031 ne
3188 1963 3552 2032 dominentur,

1969 2057 2024 2104 et
2060 2058 2244 2119 postea
2287 2051 2552 2106 sanandos
2586 2059 2643 2106 ut
2684 2054 2894 2122 penitus
2933 2047 3356 2125 exstinguuntur,
3385 2056 3549 2110 etiam
3642 2078 3645 2080 ·

1969 2137 2083 2209 ipse
2111 2139 2339 2208 gloriosa
2361 2140 2650 2195 certamina
2677 2152 2892 2204 sanctos
2911 2157 3165 2198 exercere
3193 2143 3470 2199 confessus
3494 2159 3555 2200 es

1971 2228 2168 2300 (Supra
2189 2272 2204 2296 ,
2235 2229 2323 2284 lib.
2356 2232 2419 2298 3,
2448 2247 2566 2300 cap.
2603 2232 2719 2305 2t).
2747 2233 2920 2294 Simul
2945 2233 3125 2302 itaque
3169 2248 3555 2304 cognoscamus

1969 2321 2130 2375 verba
2153 2323 2586 2392 pugnantium,-si
2619 2339 2931 2393 pugnamus.
2961 2325 3073 2379 lloc
3095 2326 3236 2379 enim
3264 2326 3424 2396 modo
3446 2342 3553 2381 non

1969 2410 2196 2464 vivimus
2221 2425 2340 2477 nos,
2367 2411 2460 2466 sed
2487 2412 2616 2466 vivit
2645 2412 2893 2468 Christus
2923 2414 2974 2468 in
3003 2415 3176 2477 nobis,
3199 2415 3244 2468 si
3269 2423 3325 2470 et
3352 2415 3419 2469 ad
3450 2430 3553 2485 pu-

1968 2515 2128 2573 gnam
2161 2514 2344 2558 contra
2379 2505 2838 2573 concupiscentias
2879 2505 3231 2563 exercendam
3254 2548 3269 2570 ,
3296 2515 3357 2562 et
3377 2507 3444 2562 ad
3471 2506 3554 2561 vi-

1970 2596 2190 2650 ctoriam
2215 2610 2383 2665 asque
2410 2597 2476 2650 ad
2501 2597 2960 2664 consumptionem
2983 2597 3294 2652 eorumdem
3318 2597 3552 2660 hostium

1971 2685 2387 2754 capessendam,
2443 2685 2496 2740 in
2535 2687 2624 2741 illo
2666 2685 2878 2741 ﬁdimus
2904 2729 2917 2752 ,
2971 2703 3075 2741 non
3118 2687 3170 2741 in
3215 2688 3388 2742 nobis.
3437 2687 3555 2758 Ipse

1973 2776 2166 2846 quippe
2191 2775 2353 2844 factus
2387 2784 2459 2829 est
2487 2775 2628 2828 nobis
2655 2776 2906 2846 sapientia
2925 2793 2957 2828 a
2987 2775 3096 2830 Deo
3115 2817 3128 2840 ,
3169 2785 3215 2830 et
3247 2777 3478 2846 justitia,
3505 2786 3555 2831 et

1971 2864 2322 2932 sanctiﬁcatio,
2353 2873 2400 2918 et
2428 2865 2734 2936 redemptio;
2755 2875 2830 2931 ut,
2855 2865 3280 2932 quemadmodum
3307 2867 3554 2936 scriptum

1973 2964 2062 3020 est,
2084 2954 2185 3021 Qui
2195 2955 2461 3025 gloriatur,
2489 2957 2542 3010 in
2559 2955 2778 3010 Domino
2803 2957 3044 3027 glorietur
3063 2958 3108 3028 (Ι
3124 2957 3241 3012 Car.
3269 2974 3308 3024 ι,
3331 2958 3420 3024 30,
3436 2959 3497 3014 3i
3509 2959 3552 3030 ).

2044 3045 2133 3099 7i.
2190 3045 2305 3099 Non
2331 3056 2412 3101 est
2429 3063 2555 3117 ergo
2587 3065 2608 3100 ι
2634 3049 2958 3103 contrarium
2978 3089 2993 3115 ,
3029 3067 3047 3101 ι
3079 3050 3215 3104 sicut
3242 3059 3414 3119 putas,
3451 3069 3472 3103 ι
3497 3060 3558 3106 ιιι

1973 3135 2064 3204 qui
2101 3135 2248 3200 dicit,
2264 3135 2386 3190 Vivo
2411 3154 2511 3190 non
2540 3155 2629 3208 ego
2647 3139 2925 3210 jam,.vivit
2951 3155 3066 3194 vero
3090 3140 3143 3193 in
3166 3157 3244 3194 me
3272 3141 3498 3196 Christus
3525 3161 3547 3195 s

1971 3223 2169 3300 (Galat.
2199 3242 2235 3282 ll
2260 3268 2275 3290 ,
2316 3227 2423 3299 20)
2451 3244 2466 3294 ;
2503 3247 2522 3280 ι
2558 3229 2698 3283 dicat
2719 3231 2878 3284 etiam
2904 3272 2920 3297 ,
2951 3229 3072 3284 Scio
3097 3232 3216 3300 quia
3244 3249 3344 3285 non
3363 3232 3556 3286 habitat

1972 3320 2025 3375 in
2041 3338 2138 3386 me,
2154 3320 2247 3375 hoc
2266 3331 2339 3375 est
2354 3323 2406 3375 in
2431 3338 2582 3376 carne
2601 3338 2731 3387 mea,
2749 3323 2948 3376 bonum.
2963 3340 2982 3373 ι
3012 3322 3068 3376 In
3085 3335 3339 3393 quantum
3359 3324 3555 3394 quippe

1974 3413 2026 3467 in
2057 3413 2151 3468 illo
2171 3414 2298 3468 vivit
2324 3414 2567 3469 Christus
2586 3455 2603 3480 ,
2633 3414 2684 3468 in
2726 3421 2929 3469 tantum
2957 3424 3223 3484 expugnat
3260 3424 3314 3468 et
3337 3421 3556 3484 superat

1974 3503 2114 3573 quod
2156 3518 2260 3559 non
2293 3505 2492 3559 habitat
2519 3504 2716 3559 bonum
2747 3506 2800 3558 in
2837 3504 2952 3574 ejus
2973 3519 3156 3570 carne,
3196 3505 3289 3559 sed
3329 3506 3550 3560 malum.

1973 3593 2156 3664 Neque
2183 3595 2325 3649 enim
2365 3603 2509 3650 recte
2550 3594 2859 3665 cujusquam
2899 3594 3118 3663 spiritus
3152 3595 3556 3664 concupisceret

1974 3685 2231 3740 adversus
2257 3700 2475 3740 carnem
2506 3700 2678 3751 suam,
2713 3686 2813 3740 nisi
2841 3685 3106 3750 habitaret
3136 3687 3188 3741 in
3216 3687 3305 3741 illo
3333 3685 3554 3756 spiritus

1974 3777 2190 3833 Christi.
2220 3777 2370 3832 Absit
2399 3793 2525 3848 ergo
2550 3787 2607 3833 ut
2631 3778 2891 3844 dicamus,
2920 3777 3069 3849 quod,
3088 3793 3186 3834 nos
3206 3778 3385 3855 dicere
3423 3778 3555 3834 insi-

1975 3871 2168 3934 mulas,
2197 3871 2542 3939 «Apostolum
2569 3870 2650 3924 sic
2674 3871 2772 3925 ista
2797 3869 3014 3936 dixisse,
3049 3870 3201 3940 quasi
3231 3870 3318 3940 qui
3357 3885 3418 3925 se
3443 3869 3556 3926 vel-

1975 3961 2048 4015 let
2073 3961 2291 4031 intelligi
2319 3963 2636 4017 renitentem
2657 4002 2673 4029 ,
2697 3962 2750 4016 in
2781 3971 2957 4017 scorta
2993 3955 3166 4032 aliqua
3210 3969 3370 4018 manu
3400 3962 3554 4033 pesti-

1976 4052 2100 4107 fera:
2128 4053 2412 4121 voluptatis
2438 4053 2628 4108 abduci
2659 4070 2672 4106 :
2704 4073 2723 4105 ι
2755 4068 2876 4108 cum
2903 4052 3061 4119 dicat,
3098 4053 3219 4108 Non
3249 4070 3340 4123 ego
3374 4068 3556 4122 operor

1973 4141 2102 4196 illud
2132 4141 2305 4214 (Rom.
2335 4159 2428 4207 vn,
2471 4143 2559 4208 18,
2607 4142 2723 4212 20),
2768 4143 3056 4198 ostendens
3099 4143 3558 4212 concupiscentia:

1974 4234 2151 4286 carnis
2177 4233 2353 4286 solum
2375 4233 2658 4303 impulsum
2683 4232 2919 4288 libidinis
2944 4234 3174 4301 operari,
3197 4233 3314 4287 sine
3337 4247 3562 4288 conserto

1968 4323 2127 4395 sione
2155 4323 2380 4392 peccati.

2048 4412 2136 4466 72.
2161 4411 2294 4480 Quid
2323 4421 2424 4477 est,
2453 4411 2595 4482 quod
2621 4430 2639 4463 ς
2661 4411 2712 4466 in
2732 4410 3036 4466 Judzcorum
3065 4410 3368 4480 superbiam
3391 4431 3411 4464 ι
3445 4411 3559 4466 fru-

1976 4515 2085 4559 stra
2110 4503 2321 4558 conaris
2351 4521 2371 4555 ι
2397 4505 2494 4558 ista
2523 4503 2686 4558 verba
2716 4503 3024 4569 transferre,
3049 4511 3301 4572 tanquam
3330 4503 3477 4572 ipsos
3501 4503 3555 4557 in

1976 4607 2035 4650 se
2059 4594 2512 4664 transﬁguraverit
2537 4595 2845 4664 Apostolus,
2869 4594 2959 4664 qui
2983 4594 3397 4648 contemnebant
3415 4592 3556 4649 dona

1975 4685 2207 4754 Christi,
2234 4687 2378 4741 velut
2403 4687 2505 4741 sibi
2535 4703 2640 4742 non
2681 4687 3020 4741 necessaria?
3053 4705 3072 4738 ο
3116 4685 3205 4740 Sic
3227 4687 3371 4740 enim
3395 4686 3558 4756 suspi-

1975 4779 2114 4832 caris
2142 4795 2156 4831 :
2185 4787 2343 4847 atque
2377 4778 2577 4832 utinam
2607 4778 2719 4848 ipsa
2747 4777 2884 4832 dona
2923 4775 3118 4832 Christi
3145 4777 3332 4832 saltem
3368 4779 3439 4832 ita
3467 4792 3557 4832 sa-

1976 4883 2164 4939 pores,
2196 4879 2253 4923 ut
2291 4868 2357 4923 ad
2387 4869 2700 4924 vincendam
2740 4869 3221 4938 concupiscentiam
3249 4870 3427 4938 valere
3462 4870 3559 4924 ali-

1975 4959 2102 5029 quid
2122 4959 2388 5015 crederes.
2438 4957 2542 5014 Sed
2590 4958 2710 5013 ideo
2753 4957 2886 5013 dicis
2927 4974 2958 5014 a
2985 4958 3184 5014 Judaais
3218 4959 3380 5014 fuisse
3424 4973 3557 5015 con—

1977 5059 2197 5119 tempta,
2236 5070 2252 5102 ι
2279 5049 2420 5119 quod
2460 5044 2668 5104 veniam
2695 5049 2846 5104 daret
2888 5051 2977 5106 ille
3007 5051 3241 5120 peccatis
3264 5092 3280 5116 ,
3309 5067 3431 5121 qua:
3457 5050 3558 5120 ipsi

1979 5140 2110 5210 legis
2152 5139 2516 5195 admonitione
2568 5143 2890 5195 vitassent.»
2943 5140 3109 5208 Quasi
3171 5142 3273 5196 hoc
3320 5139 3561 5196 conferat

1950 5287 1952 5289 ,
1980 5229 2182 5285 homini
2205 5231 2449 5286 remissio
2473 5239 2830 5301 peccatorum,
2857 5241 2918 5286 ut
2940 5247 3067 5288 caro
3091 5248 3197 5287 non
3217 5231 3561 5300 concupiscat

1978 5325 2234 5380 adversus
2263 5324 2506 5394 spiritum
2531 5322 2726 5394 (Galat.
2757 5341 2806 5391 v,
2834 5325 2945 5397 Π),
2970 5326 3112 5380 unde
3135 5325 3223 5378 illa
3244 5325 3404 5379 verba
3435 5334 3558 5379 nata

1979 5425 2123 5482 sunt,
2143 5415 2262 5470 Scia
2286 5416 2405 5485 quia
2427 5433 2527 5470 non
2550 5416 2740 5471 habitat
2768 5419 2820 5472 in
2841 5434 2939 5482 me,
2965 5419 3058 5470 hoc
3081 5425 3152 5470 est
3176 5416 3228 5468 in
3249 5431 3402 5468 carne
3426 5433 3560 5484 mea,

1981 5506 2201 5570 bonum;
2227 5515 2281 5560 et
2315 5515 2506 5562 caetera
2532 5507 2857 5578 bujusmodi.
2887 5507 3082 5561 Verum
3111 5515 3167 5560 tu
3194 5521 3225 5560 a
3253 5515 3434 5561 vestro
3461 5506 3562 5561 do-

2047 5672 2060 5701 ¹
2090 5677 2383 5737 Quatuonex
2401 5673 2636 5737 Vaticanis
2651 5678 2776 5737 Mss,
2796 5667 2892 5737 qui.
2911 5663 3060 5737 _Paulo
3079 5672 3187 5737 post
3214 5665 3347 5724 editi,
3371 5677 3438 5730 qu
3471 5665 3565 5737 uda

1982 5729 2264 5795 seminatmn
2289 5733 2430 5795 fuerit
2453 5745 2625 5795 corpus
2647 5729 2852 5795 animale
2873 5734 2920 5778 et
2946 5734 3176 5795 _resurget
3213 5740 3312 5795 rari
3329 5729 3393 5776 us
3417 5741 3453 5791 ε,
3477 5729 3564 5777 iri-

1986 5790 2094 5843 uale
2138 5788 2469 5844 Emendantur
2502 5788 2565 5844 eit
2608 5801 2713 5842 MSS.
2738 5788 2988 5841 Gallicanis
3034 5788 3380 5840 et'Vaticatus.
