4022 6508
416 531 595 591 κηιειιο
650 516 1038 586 nonrecedis,
1088 533 1194 590 quo
1244 518 1440 588 putatis
1481 510 1704 588 gratiam
1749 514 1842 569 Dei
1902 528 1998 583 per

418 610 601 664 Jt-sum
630 609 898 665 Cnrts:utn
929 608 1205 663 hominum
1231 615 1471 661 nostrum
1488 606 1565 660 sic
1590 606 1642 660 in
1669 604 1782 659 sola
1815 617 1999 674 pecca-

421 709 596 754 torum
628 698 941 754 remissione
969 698 1200 764 versari,
1225 705 1285 752 ut
1307 711 1415 751 non
1444 696 1657 766 adjuvet
1692 694 1757 748 ad
1785 691 1998 747 vitanda

416 798 633 859 peccata
661 776 715 843 et
755 788 1018 844 desideria
1048 786 1305 842 vincenda
1343 786 1575 842 carnalia
1601 825 1618 852 ,
1657 779 1999 839 dilfundendo

415 881 729 936 cbaritatem
758 880 812 934 in
838 879 1088 935 cordibus
1114 880 1309 934 nostris
1328 894 1425 950 per
1444 878 1700 947 Spiritum
1732 882 1996 936 sanctum,

413 973 503 1041 qui
530 973 598 1027 ab
621 972 716 1026 illo
736 970 894 1027 datus
920 982 1003 1027 est
1032 972 1185 1026 nobis
1225 971 1402 1042 (Rom.
1430 987 1483 1037 v,
1516 968 1595 1041 ὅ).
1622 968 1803 1038 Neque
1824 964 1999 1019 consi-

415 1064 571 1121 deras
614 1079 737 1119 eum
764 1063 857 1135 qui
885 1064 1051 1129 dicit,
1097 1062 1256 1118 Video
1285 1064 1440 1117 aliam
1466 1063 1622 1132 legem
1667 1060 1719 1113 in
1765 1055 1999 1112 membris

412 1158 536 1212 meis
555 1199 570 1225 ,
616 1167 979 1230 repugnantem
1006 1156 1106 1227 legi
1134 1156 1312 1209 mentis
1352 1170 1512 1219 mete;
1552 1161 1606 1207 et
1635 1151 1703 1205 ab
1733 1150 1833 1203 hoc
1859 1146 1998 1201 malo

412 1262 520 1302 non
567 1262 628 1304 se
666 1247 881 1304 liberari
926 1248 1157 1313 clamat,
1205 1245 1306 1299 nisi
1350 1244 1521 1313 gratia
1556 1241 1649 1296 Dei
1689 1255 1783 1310 per
1815 1237 1995 1292 Jesum

415 1338 689 1395 Christum
714 1339 999 1394 Dominum
1028 1345 1266 1391 nostrum
1290 1352 1305 1401 ;
1334 1350 1435 1390 nec
1459 1333 1699 1388 Judznum
1728 1345 1870 1397 esse,
1899 1342 1998 1383 nec

411 1429 535 1498 quia
563 1429 820 1499 peccavit,
851 1428 946 1483 sed
974 1442 1042 1482 ne
1064 1434 1248 1496 peccet
1270 1425 1453 1495 potius
1476 1424 1741 1478 laborare.

482 1519 571 1572 75.
618 1537 638 1571 ‹
667 1520 958 1588 Exaggerat
988 1519 1031 1583 ¹,
1061 1536 1082 1570 ο
1117 1516 1293 1586 inquis
1316 1557 1334 1581 ,
1368 1534 1387 1567 t
1409 1513 1694 1584 Apostolus
1721 1510 1827 1564 vim
1870 1523 1999 1564 con.

411 1608 730 1664 suetudinis.
763 1628 783 1661 ι
827 1608 904 1663 Tu
939 1623 1066 1679 ergo
1095 1607 1383 1677 responde,
1410 1615 1585 1660 utrum
1616 1614 1801 1659 contra
1840 1603 1996 1656 istam

411 1699 518 1752 vim
550 1714 655 1753 non
682 1699 899 1753 dimicet
925 1697 1239 1767 baptizatus.
1266 1695 1418 1764 Quod
1443 1694 1489 1748 si
1526 1707 1713 1765 negas,
1751 1691 1999 1746 omnibus

408 1790 715 1845 ehristianis
751 1790 996 1844 sensibus
1040 1788 1363 1843 contradicis
1394 1804 1408 1839 :
1440 1787 1485 1843 si
1522 1797 1697 1840 autem
1741 1784 1994 1848 dimicat,

411 1888 506 1935 cur
526 1897 629 1935 non
656 1882 707 1935 in
723 1881 900 1936 verbis
919 1882 1159 1951 Apostoli
1186 1894 1370 1934 vocem
1391 1878 1695 1933 dimicantis
1714 1874 1998 1946 agnoscis?

417 1992 435 2023 ι
466 1974 568 2028 Per
609 1973 801 2043 legem,
832 1992 850 2024 ι
896 1974 1103 2043 inquis,
1156 1990 1176 2023 ι
1205 1971 1397 2025 bonam
1443 1978 1499 2024 et
1546 1982 1640 2037 per
1685 1966 1996 2021 mandatum

409 2076 650 2119 sanctum
679 2079 958 2133 pravorum
988 2063 1148 2117 animi
1178 2062 1495 2117 ferocierant
1516 2058 1562 2125 ’;
1597 2059 1847 2129 quoniam
1874 2058 1998 2112 sine

412 2156 684 2209 voluntate
735 2155 946 2224 propria
1003 2154 1147 2208 nulla
1193 2152 1423 2207 eruditio
1477 2158 1689 2221 poterat
1738 2150 1997 2220 inspirare

410 2247 678 2302 virtutem.
706 2266 727 2298 ο
770 2247 815 2300 0
857 2255 1070 2300 acutum
1131 2244 1559 2299 intellectoreml
1612 2242 1656 2297 Ο
1698 2242 1995 2295 divinorum

410 2338 746 2408 eloquiorum
773 2337 1043 2408 egregium
1067 2344 1408 2390 tractatorem
1431 2335 1445 2389 ε
1476 2333 1614 2401 Quid
1642 2334 1755 2403 agis
1781 2334 1848 2388 de
1870 2348 1994 2387 ver-

411 2430 492 2483 bis
535 2429 779 2494 dicentis,
823 2427 944 2481 Non
989 2425 1128 2498 quod
1151 2425 1265 2480 volo
1290 2433 1550 2497 ago;et,
1607 2422 1747 2478 Velle
1796 2423 1997 2494 adjacet

410 2520 576 2582 mihi;
605 2527 678 2581 et,
711 2519 859 2584 Quod
886 2518 1025 2582 nolo,
1054 2517 1149 2570 hoc
1175 2532 1298 2587 ago;
1328 2525 1400 2578 et,
1428 2513 1759 2570 Condelector
1781 2514 1880 2584 legi
1898 2512 1995 2567 Dei

409 2611 684 2665 secundant
718 2610 1005 2663 interiorem
1032 2609 1284 2661 hominem
1310 2607 1336 2661 Ρ
1364 2604 1530 2661 Audis
1557 2604 1673 2659 hinc
1691 2646 1706 2671 ,
1739 2613 1794 2659 et
1822 2603 1953 2658 dicis
1976 2644 1992 2667 ,

410 2703 531 2771 quia
577 2701 823 2754 voluntas
863 2700 1069 2766 defuit,
1116 2698 1235 2753 ideo
1264 2696 1496 2753 defuisse
1532 2697 1805 2751 virtutem.
1834 2695 2028 2763 Quid”

412 2791 554 2862 quod
582 2808 686 2846 non
715 2792 885 2845 solmn
911 2792 1179 2856 voluntas,
1204 2804 1393 2844 verum
1421 2789 1582 2844 etiam
1611 2789 1782 2842 virtus
1802 2787 1992 2855 adfuit,

410 2899 477 2936 ne
505 2884 830 2937 consentiret
844 2880 1292 2949 concupiscentia:
1320 2879 1519 2946 carnis,
1548 2894 1667 2950 qua:
1698 2878 1841 2949 legi'
1865 2892 1997 2947 pec-

409 2975 513 3029 cati
558 2975 731 3043 pravis
760 2973 889 3042 ipsis
917 2972 1148 3026 motibus
1187 2970 1495 3026 serviebat?
1539 2970 1740 3036 Quibus
1769 2956 1859 3023 ille
1887 2982 1993 3022 non

408 3063 606 3118 cedens
630 3104 646 3130 ,
678 3077 777 3117 nec
800 3077 948 3116 arma
987 3062 1280 3131 iniquitatis
1305 3059 1563 3115 exhibens
1605 3058 1842 3114 membra
1868 3072 1993 3127 pec-

406 3161 530 3207 cato
556 3151 732 3226 (Rom.
756 3166 831 3215 v1,
863 3147 975 3222 15),
1007 3157 1062 3205 et
1091 3159 1270 3205 tamen
1302 3149 1445 3220 quod
1477 3148 1644 3204 nollet
1682 3148 1920 3203 sentiens
1941 3147 1994 3201 in

406 3259 573 3299 carne
614 3254 797 3298 contra
844 3243 1089 3312 Spiritum
1136 3241 1581 3312 concupiscenle,
1630 3250 1686 3296 et
1737 3240 1996 3295 adversus

404 3338 529 3390 eam
551 3333 780 3389 vicissim
801 3333 990 3403 Spiritu
1012 3331 1417 3401 concupiscens,
1434 3330 1712 3386 verissima
1735 3320 1994 3385 castitatis

408 3439 541 3479 voce
586 3424 817 3487 dicebat,
859 3421 1029 3494 Igitur
1067 3423 1177 3492 ipse
1201 3437 1294 3492 ego
1336 3430 1502 3476 mente
1548 3421 1709 3475 seruio
1750 3420 1848 3491 legi
1877 3420 1991 3487 Dei,

408 3530 560 3569 carne
583 3524 745 3568 autem
773 3513 871 3584 legi
896 3514 1104 3583 peccati.
1135 3513 1226 3568 Illa
1252 3527 1382 3567 sane
1407 3512 1567 3567 verba
1593 3527 1713 3582 qua:
1743 3511 1990 3582 posuisti,

407 3607 496 3662 ubi
522 3607 596 3659 ait
626 3607 939 3674 Apostolus,
972 3604 1080 3658 Lex
1111 3613 1287 3657 sancta
1306 3645 1322 3671 ,
1352 3612 1400 3657 et
1427 3603 1723 3656 mandatum
1764 3613 1994 3657 sanctum

408 3708 456 3752 et
469 3699 666 3770 justum
695 3704 744 3750 et
770 3696 974 3749 bonum.
1003 3694 1154 3759 Quod
1179 3711 1296 3764 ergo
1320 3694 1504 3748 bonum
1532 3702 1625 3758 est,
1652 3693 1779 3746 milii
1802 3696 1993 3764 factum

409 3797 482 3843 est
509 3803 644 3840 mors
664 3788 689 3839 .’
715 3786 854 3839 Absit
885 3802 905 3839 :
933 3786 1023 3839 sed
1048 3795 1304 3856 peccatum
1324 3794 1382 3837 ut
1421 3793 1668 3855 appareat
1706 3794 1988 3854 peccatum,

411 3892 503 3949 per
541 3877 726 3929 bonum
775 3875 900 3929 mihi
938 3884 1196 3944 operatum
1225 3884 1296 3928 est
1327 3884 1574 3941 mortem,
1615 3882 1672 3928 ut
1715 3875 1804 3944 ﬁat
1835 3892 1992 3945 supra

410 3965 618 4020 modum
646 3972 903 4035 percolunt
927 3981 1138 4035 peccans
1159 3981 1249 4036 per
1271 3964 1567 4019 mandatum
1594 3980 1613 4018 :
1641 3965 1775 4020 bene
1797 3964 1994 4020 intelli—

407 4057 551 4127 gitur
577 4057 643 4111 de
662 4059 770 4112 vita
800 4073 892 4111 sua
934 4057 1133 4113 dixisse
1162 4058 1426 4127 praeterita
1449 4098 1465 4123 ,
1494 4057 1705 4128 quando
1734 4059 1833 4114 sub
1875 4059 1992 4128 lege

410 4145 582 4202 fuerat
607 4187 623 4212 ,
654 4146 889 4202 nondum
930 4148 1031 4202 sub
1064 4149 1252 4219 gratia.
1279 4146 1410 4201 Nam
1442 4157 1497 4202 et
1532 4148 1706 4202 verbis
1734 4147 1990 4217 praeteriti

408 4239 668 4308 temporis
706 4239 890 4303 utitur,
918 4238 1164 4304 dicendo,
1196 4237 1469 4292 Peccatum
1513 4254 1612 4292 non
1636 4239 1863 4310 cognovi,
1893 4238 1993 4292 nisi

411 4345 502 4400 per
525 4329 682 4400 legem
707 4342 727 4383 :
749 4337 820 4395 et,
850 4327 1316 4399 Concupiscentiam
1342 4330 1619 4383 nesciebam
1643 4347 1663 4385 :
1687 4338 1760 4397 et,
1791 4330 1991 4401 Opera-

408 4433 517 4475 tunt
545 4428 620 4475 est
656 4422 709 4474 in
737 4438 819 4476 me
840 4436 1038 4474 omnem
1080 4419 1535 4491 concupiscentiam
1564 4438 1585 4476 :
1612 4431 1700 4489 et,
1758 4420 1992 4476 Vivebam

408 4512 836 4581 aliquando'sine
878 4511 1022 4582 lege;
1050 4511 1231 4580 utique
1273 4511 1485 4581 quando
1511 4511 1744 4566 nondum
1785 4520 1994 4582 poterat

410 4616 568 4657 nsum
601 4602 798 4657 habere
816 4602 1037 4656 rationis
1061 4617 1074 4654 :
1108 4610 1193 4666 et,
1223 4601 1524 4657 Adveniente
1547 4603 1784 4658 mandato
1813 4621 1991 4674 pecca-

413 4705 518 4749 tum
541 4697 734 4762 revixit,
764 4712 857 4767 ego
882 4698 1048 4749 autem
1068 4705 1295 4750 mortuus
1316 4711 1428 4749 sum
1456 4713 1475 4751 :
1498 4704 1573 4762 et,
1605 4694 1877 4750 Peccatum
1904 4713 1991 4751 oc-

410 4787 612 4839 casione
653 4796 857 4857 accepta
882 4802 971 4857 per
995 4786 1311 4851 mandatum,
1349 4787 1527 4858 fefellit
1553 4804 1650 4854 me,
1679 4795 1727 4841 et
1753 4804 1841 4858 per
1864 4788 1995 4842 illud

412 4876 597 4933 occidit
622 4893 641 4932 :
663 4886 736 4944 et,
765 4878 869 4932 Per
894 4879 1077 4932 bonum
1102 4879 1226 4932 mihi
1251 4887 1515 4949 operatum
1544 4884 1616 4932 est
1641 4888 1872 4933 mortem.
1900 4879 1993 4933 llis

414 4968 661 5023 omnibus
690 4974 901 5038 tempus
928 4968 1229 5040 signiﬁcare
1257 4969 1594 5039 intelligitur,
1622 4984 1728 5039 quo
1753 4970 1853 5025 sub
1878 4971 1995 5040 lege

412 5059 657 5126 vivebat,
698 5067 753 5114 et
796 5058 1032 5113 nondum
1079 5058 1290 5128 adjutus
1335 5060 1504 5128 gratia
1547 5060 1994 5129 concupiscentiis

415 5151 714 5207 carnalibus
740 5150 1052 5206 vincebatur
1077 5150 1122 5203 ⁸.
1166 5150 1266 5207 Ubi
1297 5165 1422 5205 vero
1446 5150 1556 5219 jam
1585 5149 1734 5217 dicit,
1764 5149 1870 5204 Lex
1892 5150 1999 5221 spi-

400 5234 616 5298 titualis
631 5253 727 5309 est;
737 5260 832 5316 ego
846 5252 1013 5297 autem
1025 5243 1244 5297 carnalis
1263 5259 1373 5297 sum
1389 5259 1409 5298 :
1427 5243 1534 5311 jam
1557 5243 1695 5313 quod
1706 5244 1995 5312 conﬂigens

416 5337 712 5407 patiebatur
735 5335 987 5393 ostendit.
1029 5334 1144 5390 Non
1174 5334 1314 5390 enim
1341 5334 1497 5404 dixit,
1524 5334 1744 5390 carnalis
1771 5334 1844 5389 iui
1868 5376 1882 5401 ,
1911 5336 1994 5390 vel

482 5453 498 5482 ¹
525 5450 596 5500 sic
618 5457 722 5500 tres
739 5456 845 5499 Mss.
872 5449 956 5498 Alii
978 5461 1088 5498 cum
1113 5447 1274 5507 editis,
1300 5455 1583 5511 Exasperar,

478 5514 503 5544 ³
527 5518 628 5577 Duo
656 5527 716 5561 cx
746 5512 980 5561 Vaticanis
1014 5516 1144 5569 Mss,
1178 5506 1273 5577 [fro
1295 5506 1628 5577 lggeiinguis,
1667 5507 1806 5564 bona,
1826 5513 1889 5577 _e_t
1910 5521 1999 5571 pro

416 5574 642 5624 mandato
659 5581 819 5623 sancto
839 5584 1106 5635 pravorum
1116 5568 1618 5635 animifei'oeitabant.
1654 5578 1776 5635 :rres
1796 5571 1875 5635 alii
1912 5568 1999 5618 κρ-

418 5634 591 5693 ticani,
648 5630 957 5696 ferocialiant.
1011 5631 1204 5692 Gallici,
1257 5630 1561 5694 ferocierattt.
1606 5631 1760 5689 aditis
1815 5632 1998 5695 feroces

414 5703 1195 5829 ε’ῗηέίιιμοεςαιίιιιιοιέιεεηιεαε-
1786 5823 1823 5829 --

484 5818 503 5846 δ
530 5822 594 5865 tta
617 5812 817 5865 Vaticani
857 5812 1074 5879 quinque
1106 5812 1159 5866 ἐι
1195 5813 1364 5878 plures
1385 5812 1603 5866 Gallicani
1648 5822 1754 5865 Mss.
1778 5823 1829 5864 At
1860 5815 1995 5874 editi,

1234 402 1503 462 CONTRA
1542 397 1876 460 JULIANUM
1916 396 2378 468 PELAGIANUM,
2408 403 2467 460 S.
2506 402 2869 464 AUGUSTINI

3576 398 3694 469 868

2106 526 2280 576 eram;
2313 515 2429 581 sed,
2459 532 2590 570 sum.
2620 517 2682 573 Et
2704 519 2938 589 apertius
2962 513 3198 590 tempora
3228 519 3338 592 ipsa
3366 521 3649 594 distinguit
3672 569 3691 587 _.

2094 600 2191 657 ubi
2216 603 2343 659 dicit
2368 645 2383 669 ,
2436 604 2591 661 Nunc
2619 618 2785 663 autem
2816 611 2928 680 jam
2960 627 3057 666 cum
3083 628 3171 682 ego
3200 629 3381 681 aperor
3406 613 3560 679 illud,
3593 626 3686 670 sea

2105 693 2158 745 id
2180 695 2314 761 quod
2339 695 2391 749 in
2420 713 2502 750 me
2523 698 2715 751 habitat
2739 710 3016 770 peccatum.
3045 701 3159 756 Jam
3181 704 3322 757 enim
3350 716 3522 761 motus
3546 707 3691 762 desi-

2102 781 2371 839 deriorum
2401 788 2659 843 malorum
2686 805 2789 843 non
2824 790 2935 861 ipse
2968 792 3318 862 cperabatur,
3344 797 3534 866 quibus
3572 812 3685 855 non

2103 876 2472 932 consentiebat
2513 878 2579 933 ad
2607 881 2955 950 perpetranda
2998 893 3232 953 peccata.
3264 884 3473 940 Peccati
3499 899 3686 944 autem

2105 968 2318 1022 nomine
2352 970 2493 1053 quod
2538 972 2593 1026 in
2635 972 2729 1027 illo
2777 973 3064 1040 habitabat,
3121 976 3288 1044 ipsam
3341 978 3685 1047 nuncupabat

2102 1061 2617 1130 concupiscentiam;
2640 1064 2762 1134 quia
2784 1074 3000 1134 peccato
3020 1065 3153 1120 facta
3176 1075 3281 1133 est,
3308 1075 3362 1121 et
3382 1067 3428 1121 si
3454 1082 3686 1124 consen—

2102 1147 2321 1203 tientem
2365 1151 2583 1206 traxerit
2625 1161 2785 1223 atque
2838 1153 3105 1219 illexcrit,
3154 1154 3387 1224 concipit
3436 1157 3683 1227 paritque

2105 1248 2398 1306 peccatum.
2425 1240 2492 1294 Et
2529 1250 2719 1297 cmtera
2750 1258 2919 1313 usque
2946 1243 3010 1297 ad
3039 1259 3159 1298 eum
3190 1245 3364 1299 locum
3386 1286 3404 1313 ,
3440 1246 3530 1301 ubi
3567 1247 3678 1316 ait,

2102 1327 2129 1381 Ι
2136 1330 2271 1399 gitur
2303 1346 2394 1401 ego
2416 1332 2526 1402 ipse
2554 1343 2717 1387 mente
2742 1335 2901 1388 seruio
2927 1336 3027 1406 legi
3050 1334 3144 1390 Dei
3166 1376 3183 1404 ,
3210 1353 3363 1391 carne
3388 1346 3555 1391 autem
3578 1338 3684 1410 legi

2102 1421 2290 1490 peccati
2306 1420 2477 1491 (Rom.
2497 1438 2590 1487 vn,
2608 1424 2958 1496 7«25),|verba
2975 1435 3097 1481 sunt
3118 1427 3227 1497 jam
3251 1428 3349 1483 sub
3362 1431 3531 1498 gratia
3546 1445 3679 1485 con-

2103 1511 2295 1577 etituti,
2326 1512 2420 1567 sed
2446 1513 2619 1569 adhuc
2638 1526 2821 1570 contra
2839 1518 3324 1587 concupiscentiam
3354 1535 3502 1575 suam
3517 1520 3680 1575 dimi-

2101 1602 2306 1668 cantis,
2365 1617 2463 1657 nec
2496 1604 2544 1657 ei
2584 1606 2966 1660 consentientis
3002 1614 3059 1660 ut
3106 1617 3317 1676 peccet;
3359 1609 3454 1663 sed
3498 1619 3684 1664 taan

2101 1690 2291 1760 quibus
2321 1693 2583 1760 renititur,
2613 1696 2812 1763 peccati
2851 1696 3113 1750 desideria
3138 1697 3409 1767 patiemis.

2172 1780 2261 1834 74.
2288 1780 2457 1836 Nemo
2509 1794 2745 1838 nostrum
2793 1784 3143 1840 substantiam
3194 1786 3464 1856 corporis,
3516 1804 3681 1843 nemo

2102 1880 2343 1925 naturam
2371 1874 2548 1928 carnis
2574 1884 2787 1930 accusat
2834 1894 2847 1930 :
2896 1876 3090 1931 frustra
3140 1889 3391 1949 purgatur
3437 1880 3533 1934 abs
3587 1890 3677 1947 te,

2100 1962 2241 2032 quod
2278 1960 2393 2018 "non
2438 1965 2679 2035 culpatur
2723 1982 2754 2021 a
2779 1967 2951 2022 nobis.
2979 1968 3443 2038 Concupisceutias
3468 1973 3634 2028 malas
3657 2013 3674 2036 ,

2101 2054 2295 2123 quibus
2321 2056 2364 2110 si
2387 2055 2524 2111 bene
2555 2056 2780 2114 vivimus
2804 2074 2910 2113 non
2931 2061 3316 2127 consentimus,
3346 2070 3515 2117 tamen
3547 2078 3672 2118 esse

2102 2158 2207 2199 non
2239 2158 2492 2216 negamus
2523 2139 2577 2200 in
2620 2146 2804 2213 nobis;
2851 2149 3170 2220 castigandae
3213 2158 3361 2215 sunt,
3404 2152 3679 2207 frenandac

2102 2244 2226 2290 sunt
2246 2278 2261 2300 ,
2281 2237 2652 2307 expugnanda:
2674 2246 2831 2304 sunt,
2854 2237 3125 2295 vincenda:
3147 2248 3271 2295 sunt
3293 2257 3307 2294 :
3337 2250 3509 2296 tamen
3530 2253 3678 2307 sunt,

2100 2341 2201 2380 nec
2224 2327 2411 2381 alienae
2431 2336 2574 2382 sunt.
2600 2328 2708 2383 Nec
2729 2328 2864 2383 bona
2891 2329 2990 2385 ista
3017 2339 3196 2385 nostra
3212 2372 3227 2397 ,
3259 2330 3351 2386 sed
3377 2332 3512 2387 mala
3533 2341 3680 2388 sunt.

2098 2414 2210 2473 Nec
2236 2418 2373 2474 sicut
2395 2418 2530 2474 dixit
2553 2419 2841 2475 Manichzea
2865 2424 3074 2477 vanitas
3092 2462 3108 2488 ,
3133 2431 3379 2493 separata
3409 2434 3557 2477 extra
3583 2439 3683 2478 nos

2100 2517 2254 2562 erant
2283 2520 2298 2559 :
2327 2509 2449 2574 sed,
2483 2510 2621 2565 sicut
2648 2509 2778 2566 dicit
2818 2511 3078 2567 catholica
3104 2514 3331 2579 veritas,
3362 2523 3547 2569 sanata
3576 2530 3683 2569 non

2100 2606 2274 2653 erunt.

2170 2708 2395 2766 CAPUT
2418 2706 2585 2766 XXIV
2606 2711 2703 2785 (a).
2720 2713 2893 2768 —75.
2917 2712 2996 2768 De
3025 2713 3128 2769 illis
3149 2730 3360 2785 quoque
3375 2717 3684 2786 apostolicis

2098 2801 2307 2867 verbis,
2336 2801 2389 2856 in
2418 2804 2610 2872 quibus
2632 2803 2955 2874 impudentia
2982 2807 3230 2870 mirabili,
3263 2809 3370 2863 imo
3391 2809 3679 2875 dementia,

2099 2891 2345 2946 resistitis
2385 2891 2766 2951 fundatissimte
2803 2895 2961 2965 ﬁdei,
2995 2896 3084 2952 ubi
3109 2899 3210 2965 ait,
3256 2897 3356 2954 Per
3395 2917 3551 2956 unum
3586 2903 3684 2957 Ito-

2100 2984 2284 3037 minem
2330 2995 2584 3056 peccatum
2626 2986 2828 3042 intravit
2866 2989 2918 3044 in
2957 2990 3233 3060 mundum,
3296 3002 3344 3047 et
3376 3010 3466 3064 per
3501 3011 3683 3065 pecca—

2102 3085 2209 3130 tum
2237 3094 2404 3144 mors;
2449 3087 2495 3131 et
2520 3079 2591 3132 ita
2619 3080 2670 3133 in
2700 3097 2870 3135 omnes
2897 3081 3118 3138 homines
3143 3085 3432 3154 pertransiit
3451 3125 3465 3149 ,
3505 3087 3559 3139 in
3583 3102 3684 3155 quo

2099 3184 2271 3223 omnes
2316 3179 2640 3241 peccauerunt
2681 3170 2702 3242 (
2738 3171 2825 3229 Id.
2877 3189 2933 3240 v,
2979 3174 3046 3229 l2
3078 3172 3139 3247 );
3201 3175 3397 3231 frustm
3459 3192 3674 3231 sensum

2098 3259 2258 3313 alium
2290 3275 2486 3314 novum
2515 3269 2674 3331 atque
2699 3261 2977 3317 distortum
3005 3273 3059 3319 et
3084 3279 3115 3318 a
3144 3279 3274 3320 vero
3298 3265 3678 3321 abhorrentem

2098 3347 2302 3403 moliris
2341 3349 2672 3420 exsculpere,
2723 3349 2997 3405 affirmans
3033 3370 3052 3404 ε
3080 3368 3140 3407 ea
3178 3353 3443 3408 locutione
3480 3356 3679 3410 dictum

2098 3452 2238 3504 esse,
2254 3435 2319 3491 In
2338 3453 2435 3508 quo
2454 3454 2623 3494 omnes
2644 3450 2987 3509 peccaverunt,
3005 3456 3067 3496 ac
3086 3443 3129 3496 si
3146 3442 3434 3511 diceretur,
3457 3445 3685 3516 Propter

2097 3527 2236 3596 quod
2274 3541 2458 3584 omnes
2498 3539 2889 3598 peccaverunt:
2918 3530 3055 3586 sicut
3089 3532 3288 3607 dictum
3336 3543 3437 3601 est,
3475 3533 3542 3589 In
3578 3553 3681 3606 quo

2096 3619 2301 3689 corrigit
2309 3619 2490 3692 junior
2514 3619 2532 3651 ³
2562 3621 2694 3674 ciam
2720 3637 2867 3675 suam
2897 3639 2916 3674 ι
2949 3620 3121 3691 (Psal.
3152 3638 3343 3691 cxvm,
3366 3624 3423 3696 9)
3449 3643 3463 3681 :
3488 3636 3541 3680 ut
3568 3628 3678 3682 sci-

2095 3708 2253 3772 licet,
2284 3724 2390 3763 non
2431 3708 2486 3762 in
2515 3725 2622 3764 uno
2663 3708 2879 3766 homine
2908 3726 3097 3767 omnes
3138 3713 3381 3770 homines
3426 3730 3682 3785 peccasse

2097 3801 2456 3871 intelligantur
2476 3800 2824 3872 originaliter,
2848 3812 2902 3857 et
2931 3812 3176 3874 tanquam
3204 3803 3257 3858 in
3280 3819 3464 3860 massa:
3480 3806 3680 3863 unione

2095 3893 2484 3959 communiter;
2535 3893 2629 3948 sed
2673 3906 2954 3964 propterea
2999 3896 3117 3964 quia
3156 3898 3356 3967 primus
3396 3896 3673 3951 hominum

2096 3983 2185 4038 ille
2215 3984 2483 4052 peccavit;
2514 3982 2565 4038 id
2586 3992 2669 4038 est
2694 3984 2738 4049 ’,
2769 4000 2888 4039 cum
2936 3985 3208 4040 imitantur
3233 3987 3397 4052 illum,
3417 4002 3521 4041 non
3545 4002 3677 4044 cum

2094 4081 2413 4142 generantur
2436 4087 2502 4127 ex
2529 4073 2639 4127 illo.
2667 4072 2782 4127 Non
2810 4087 2938 4143 ergo
2960 4073 3080 4128 huic
3100 4073 3280 4129 sensui
3309 4076 3555 4130 convenit
3582 4076 3679 4133 illa

2096 4162 2294 4219 locutio
2313 4204 2327 4229 ,
2356 4162 2428 4216 ita
2453 4162 2651 4217 dictum
2681 4178 2830 4230 esse,
2861 4163 2912 4216 in
2940 4179 3040 4235 quo
3060 4205 3074 4227 ,
3104 4165 3247 4219 velut
3271 4162 3472 4219 dictum
3493 4175 3637 4221 esset
3657 4208 3674 4232 ,

2101 4273 2121 4306 ε
2134 4262 2346 4323 propter
2360 4240 2519 4323 quod.
2534 4271 2552 4306 ι
2572 4252 2700 4306 Nam
2723 4263 2938 4324 propter
2957 4252 3057 4307 hoc
3072 4255 3295 4326 quisque
3310 4263 3511 4324 peccat,
3533 4257 3678 4326 quod

2096 4344 2194 4400 sibi
2221 4345 2468 4413 proponit
2494 4351 2550 4397 ut
2572 4351 2785 4413 peccet,
2810 4344 2893 4397 vel
2914 4358 3129 4415 quoquo
3149 4344 3308 4399 modo
3325 4345 3466 4416 quod
3492 4345 3565 4400 illi
3592 4357 3680 4401 est

2095 4448 2252 4490 eausa
2299 4434 2570 4504 peccandi.
2598 4434 2728 4501 Quis
2770 4449 2899 4489 vero
2940 4434 3008 4488 ab
3049 4434 3194 4489 omni
3238 4436 3472 4490 humano
3513 4450 3678 4492 sensu

2098 4536 2203 4582 tam
2250 4526 2320 4581 sit
2346 4524 2639 4592 absurdus,
2671 4534 2729 4580 ut
2754 4526 2927 4594 dicat,
2956 4527 3182 4597 Propter
3206 4528 3310 4583 hoc
3351 4527 3478 4584 fecit
3510 4529 3675 4586 homo

2097 4618 2196 4673 iste
2221 4615 2589 4683 homicidium,
2630 4617 2750 4686 quia
2797 4616 2850 4670 in
2899 4617 3141 4686 paradiso
3191 4617 3359 4672 Adam
3409 4617 3475 4673 de
3530 4620 3677 4690 ligno

2095 4705 2363 4777 prohibito
2388 4706 2563 4761 cibum
2586 4704 2840 4775 sumpsit;
2864 4721 2983 4761 cum
3007 4705 3108 4761 iste
3134 4706 3501 4762 latrocinando
3526 4710 3673 4762 occi-

2096 4796 2236 4852 derit
2263 4797 2531 4852 hominem
2552 4796 2685 4851 nihil
2709 4796 2776 4852 de
2802 4797 2968 4851 Adam
3012 4796 3282 4867 cogitans,
3328 4799 3421 4853 sed
3458 4807 3678 4870 propter

2098 4888 2200 4943 hoc
2224 4897 2281 4942 ut
2306 4902 2492 4941 aurum
2522 4887 2661 4958 quod
2704 4886 2907 4943 ferebat
2943 4885 3216 4942 auferret?
3259 4886 3348 4943 Sic
3385 4897 3439 4943 et
3481 4899 3674 4945 ca'tera

2097 4989 2285 5034 cuncta
2314 4988 2528 5050 peccata
2550 5021 2565 5045 ,
2594 4995 2713 5049 qua:
2735 4981 2946 5050 propria
2974 4981 3196 5052 quisque
3224 4980 3541 5048 committit,
3574 4980 3679 5035 ba-

2094 5073 2224 5129 bent
2248 5086 2438 5128 causas
2461 5079 2678 5142 propter
2705 5086 2838 5142 quas
2865 5071 2992 5126 (iant
3011 5113 3025 5135 ,
3058 5072 3265 5126 etiamsi
3295 5085 3452 5126 nemo
3476 5073 3677 5142 cogitet

2098 5163 2238 5234 quod
2269 5163 2358 5218 ille
2382 5163 2585 5232 primus
2610 5162 2773 5217 homo
2801 5163 3100 5228 commisit,
3129 5179 3301 5233 neque
3330 5162 3455 5218 illud
3484 5163 3586 5218 sibi
3605 5164 3675 5219 ad

2098 5252 2421 5324 peccandum
2451 5262 2708 5322 proponat
2745 5253 3066 5322 exemplum.
3095 5253 3318 5323 Propter
3343 5253 3443 5309 hoc
3473 5253 3674 5325 itaque,

2100 5345 2155 5400 id
2178 5354 2289 5411 est,
2321 5346 2571 5414 quoniam
2616 5345 2853 5415 peccavit
2874 5344 3072 5412 Adam,
3102 5354 3200 5400 nec
3230 5347 3341 5416 ipse
3372 5346 3502 5401 Cain
3544 5362 3674 5416 pec-

2099 5449 2251 5491 casse
2279 5434 2534 5489 dicendus
2553 5443 2665 5499 est,
2696 5434 2785 5504 qui
2815 5434 3059 5490 eumdem
3090 5443 3291 5506 patrem
3318 5450 3472 5490 suum
3499 5451 3670 5492 nme—

2102 5565 2406 5637 vinciebatur.
2532 5634 2539 5637 _
2616 5633 2624 5637 Α
2737 5625 2749 5637 .

2166 5630 2182 5661 ι
2211 5635 2260 5676 In
2284 5635 2387 5677 Mss.
2413 5633 2706 5685 cons!anter,
2720 5626 2958 5688 juuettz'or.

2165 5691 2186 5721 ³
2209 5689 2472 5753 Casalensis
2486 5696 2586 5747 ius,
2625 5686 2738 5751 quia
2758 5687 2941 5750 primus
2962 5686 3100 5739 homo
3111 5686 3192 5740 ille
3215 5687 3442 5751 peccavit,
3466 5701 3667 5753 peccare

2104 5750 2545 5811 cwtems;hoc‘est.
2638 5750 2643 5751 ⁷
2772 5810 2782 5811 ί
2982 5762 3011 5767 ·’

2169 5813 2240 5871 (tt)
2278 5821 2320 5872 At
2339 5811 2399 5858 tul
2423 5818 2517 5858 Am.
2543 5818 2593 5859 et
2610 5817 2704 5871 ΡΑ,
2739 5810 2809 5859 12.
