  <div class='ocr_page' id='page_1' title='image "/cluster/home/n/w/nwhite01/storage/ocr_20150623/44/hvd.32044015706336/440.png"; bbox 0 0 4022 6466; ppageno 0'>
   <div class='ocr_carea' id='block_1_1' title="bbox 203 366 308 423">
    <p class='ocr_par' dir='ltr' id='par_1_1' title="bbox 203 366 308 423">
     <span class='ocr_line' id='line_1_1' title="bbox 203 366 308 423; baseline -0.01 0"><span class='ocrx_word' id='word_1_1' title='bbox 203 366 308 423; x_wconf 61' lang='grc' dir='ltr'>διιθ</span> 
     </span>
    </p>
   </div>
   <div class='ocr_carea' id='block_1_2' title="bbox 202 471 1786 547">
    <p class='ocr_par' dir='ltr' id='par_1_2' title="bbox 202 471 1786 547">
     <span class='ocr_line' id='line_1_2' title="bbox 202 471 1786 547; baseline -0.004 -14"><span class='ocrx_word' id='word_1_2' title='bbox 202 490 302 533; x_wconf 89' lang='lat' dir='ltr'><strong>rat.</strong></span> <span class='ocrx_word' id='word_1_3' title='bbox 327 477 557 545; x_wconf 75' lang='lat' dir='ltr'><strong>Propter</strong></span> <span class='ocrx_word' id='word_1_4' title='bbox 571 474 703 547; x_wconf 82' lang='lat' dir='ltr'><strong>quid</strong></span> <span class='ocrx_word' id='word_1_5' title='bbox 721 474 862 528; x_wconf 88' lang='lat' dir='ltr'><strong>enim</strong></span> <span class='ocrx_word' id='word_1_6' title='bbox 884 472 1100 527; x_wconf 78' lang='lat' dir='ltr'><strong>fratrem</strong></span> <span class='ocrx_word' id='word_1_7' title='bbox 1124 487 1275 526; x_wconf 89' lang='lat' dir='ltr'><strong>suum</strong></span> <span class='ocrx_word' id='word_1_8' title='bbox 1298 471 1579 536; x_wconf 79' lang='lat' dir='ltr'><strong>occiderit,</strong></span> <span class='ocrx_word' id='word_1_9' title='bbox 1604 480 1786 527; x_wconf 90' lang='lat' dir='ltr'><strong>notum</strong></span> 
     </span>
    </p>
   </div>
   <div class='ocr_carea' id='block_1_3' title="bbox 199 565 1788 639">
    <p class='ocr_par' dir='ltr' id='par_1_3' title="bbox 199 565 1788 639">
     <span class='ocr_line' id='line_1_3' title="bbox 199 565 1788 639; baseline -0.004 -12"><span class='ocrx_word' id='word_1_10' title='bbox 199 580 283 627; x_wconf 88' lang='lat' dir='ltr'><strong>est</strong></span> <span class='ocrx_word' id='word_1_11' title='bbox 314 588 329 623; x_wconf 90' lang='lat'>:</span> <span class='ocrx_word' id='word_1_12' title='bbox 356 570 482 639; x_wconf 90' lang='lat' dir='ltr'><strong>quia</strong></span> <span class='ocrx_word' id='word_1_13' title='bbox 514 582 623 623; x_wconf 90' lang='lat' dir='ltr'><strong>non</strong></span> <span class='ocrx_word' id='word_1_14' title='bbox 654 576 872 638; x_wconf 85' lang='lat' dir='ltr'><strong>prepter</strong></span> <span class='ocrx_word' id='word_1_15' title='bbox 897 566 1000 621; x_wconf 87' lang='lat' dir='ltr'><strong>hoc</strong></span> <span class='ocrx_word' id='word_1_16' title='bbox 1040 565 1179 638; x_wconf 90' lang='lat' dir='ltr'><strong>quod</strong></span> <span class='ocrx_word' id='word_1_17' title='bbox 1228 566 1559 636; x_wconf 93' lang='lat' dir='ltr'><strong>perpetravit</strong></span> <span class='ocrx_word' id='word_1_18' title='bbox 1587 566 1788 633; x_wconf 89' lang='lat' dir='ltr'><strong>Adam,</strong></span> 
     </span>
    </p>
   </div>
   <div class='ocr_carea' id='block_1_4' title="bbox 201 658 998 729">
    <p class='ocr_par' dir='ltr' id='par_1_4' title="bbox 201 658 998 729">
     <span class='ocr_line' id='line_1_4' title="bbox 201 658 998 729; baseline -0.009 -13"><span class='ocrx_word' id='word_1_19' title='bbox 201 660 299 716; x_wconf 76' lang='lat' dir='ltr'><strong>Sed</strong></span> <span class='ocrx_word' id='word_1_20' title='bbox 330 661 454 729; x_wconf 86' lang='lat' dir='ltr'><strong>quia</strong></span> <span class='ocrx_word' id='word_1_21' title='bbox 485 658 626 714; x_wconf 91' lang='lat' dir='ltr'><strong>bono</strong></span> <span class='ocrx_word' id='word_1_22' title='bbox 651 658 768 727; x_wconf 89' lang='lat' dir='ltr'><strong>ejus</strong></span> <span class='ocrx_word' id='word_1_23' title='bbox 792 658 998 714; x_wconf 75' lang='lat' dir='ltr'><strong>invidit.</strong></span> 
     </span>
    </p>
   </div>
   <div class='ocr_carea' id='block_1_5' title="bbox 274 750 1788 822">
    <p class='ocr_par' dir='ltr' id='par_1_5' title="bbox 274 750 1788 822">
     <span class='ocr_line' id='line_1_5' title="bbox 274 750 1788 822; baseline -0.001 -17"><span class='ocrx_word' id='word_1_24' title='bbox 274 753 363 808; x_wconf 83' lang='lat'><strong>76.</strong></span> <span class='ocrx_word' id='word_1_25' title='bbox 390 752 630 822; x_wconf 91' lang='lat' dir='ltr'><strong>Denique</strong></span> <span class='ocrx_word' id='word_1_26' title='bbox 650 767 749 806; x_wconf 88' lang='lat' dir='ltr'><strong>nec</strong></span> <span class='ocrx_word' id='word_1_27' title='bbox 769 752 881 820; x_wconf 84' lang='lat' dir='ltr'><strong>ipsa</strong></span> <span class='ocrx_word' id='word_1_28' title='bbox 912 750 1005 805; x_wconf 89' lang='lat' dir='ltr'><strong>tibi</strong></span> <span class='ocrx_word' id='word_1_29' title='bbox 1034 750 1099 805; x_wconf 91' lang='lat' dir='ltr'><strong>ad</strong></span> <span class='ocrx_word' id='word_1_30' title='bbox 1141 750 1281 805; x_wconf 89' lang='lat' dir='ltr'><strong>hunc</strong></span> <span class='ocrx_word' id='word_1_31' title='bbox 1303 758 1540 805; x_wconf 89' lang='lat' dir='ltr'><strong>vestrum</strong></span> <span class='ocrx_word' id='word_1_32' title='bbox 1570 763 1788 805; x_wconf 86' lang='lat' dir='ltr'><strong>sensum</strong></span> 
     </span>
    </p>
   </div>
   <div class='ocr_carea' id='block_1_6' title="bbox 195 842 1785 916">
    <p class='ocr_par' dir='ltr' id='par_1_6' title="bbox 195 842 1785 916">
     <span class='ocr_line' id='line_1_6' title="bbox 195 842 1785 916; baseline -0.004 -16"><span class='ocrx_word' id='word_1_33' title='bbox 195 858 318 916; x_wconf 68' lang='lat' dir='ltr'><strong>qua:</strong></span> <span class='ocrx_word' id='word_1_34' title='bbox 348 845 571 914; x_wconf 89' lang='lat' dir='ltr'><strong>posuisti</strong></span> <span class='ocrx_word' id='word_1_35' title='bbox 607 843 907 899; x_wconf 89' lang='lat' dir='ltr'><strong>testimonia</strong></span> <span class='ocrx_word' id='word_1_36' title='bbox 938 843 1308 913; x_wconf 65' lang='lat' dir='ltr'><strong>suffragantur.</strong></span> <span class='ocrx_word' id='word_1_37' title='bbox 1340 842 1503 897; x_wconf 77' lang='lat' dir='ltr'><strong>Reate</strong></span> <span class='ocrx_word' id='word_1_38' title='bbox 1527 842 1671 896; x_wconf 90' lang='lat' dir='ltr'><strong>enim</strong></span> <span class='ocrx_word' id='word_1_39' title='bbox 1701 842 1785 895; x_wconf 87' lang='lat' dir='ltr'><strong>di-</strong></span> 
     </span>
    </p>
   </div>
   <div class='ocr_carea' id='block_1_7' title="bbox 194 932 1786 1006">
    <p class='ocr_par' dir='ltr' id='par_1_7' title="bbox 194 932 1786 1006">
     <span class='ocr_line' id='line_1_7' title="bbox 194 932 1786 1006; baseline -0.003 -15"><span class='ocrx_word' id='word_1_40' title='bbox 194 938 357 1004; x_wconf 84' lang='lat' dir='ltr'><strong>citur,</strong></span> <span class='ocrx_word' id='word_1_41' title='bbox 383 934 453 989; x_wconf 88' lang='lat' dir='ltr'><strong>In</strong></span> <span class='ocrx_word' id='word_1_42' title='bbox 479 952 576 1005; x_wconf 79' lang='lat' dir='ltr'><strong>quo</strong></span> <span class='ocrx_word' id='word_1_43' title='bbox 595 936 798 1006; x_wconf 76' lang='lat' dir='ltr'><strong>corrigit</strong></span> <span class='ocrx_word' id='word_1_44' title='bbox 812 935 990 1005; x_wconf 86' lang='lat' dir='ltr'><strong>junior</strong></span> <span class='ocrx_word' id='word_1_45' title='bbox 1015 934 1145 988; x_wconf 87' lang='lat' dir='ltr'><strong>viam</strong></span> <span class='ocrx_word' id='word_1_46' title='bbox 1171 933 1357 987; x_wconf 80' lang='lat' dir='ltr'><strong>suam?</strong></span> <span class='ocrx_word' id='word_1_47' title='bbox 1381 951 1400 984; x_wconf 82' lang='lat' dir='ltr'><strong>t</strong></span> <span class='ocrx_word' id='word_1_48' title='bbox 1421 940 1637 1001; x_wconf 80' lang='lat' dir='ltr'><strong>propter</strong></span> <span class='ocrx_word' id='word_1_49' title='bbox 1661 932 1786 1001; x_wconf 89' lang='lat' dir='ltr'><strong>quid</strong></span> 
     </span>
    </p>
   </div>
   <div class='ocr_carea' id='block_1_8' title="bbox 192 1022 1789 1099">
    <p class='ocr_par' dir='ltr' id='par_1_8' title="bbox 192 1022 1789 1099">
     <span class='ocr_line' id='line_1_8' title="bbox 192 1022 1789 1099; baseline -0.006 -14"><span class='ocrx_word' id='word_1_50' title='bbox 192 1029 454 1099; x_wconf 73' lang='lat' dir='ltr'><strong>corrigit?</strong></span> <span class='ocrx_word' id='word_1_51' title='bbox 487 1046 507 1080; x_wconf 73' lang='grc' dir='ltr'><strong>ι</strong></span> <span class='ocrx_word' id='word_1_52' title='bbox 560 1028 809 1098; x_wconf 89' lang='lat' dir='ltr'><strong>quoniam</strong></span> <span class='ocrx_word' id='word_1_53' title='bbox 852 1024 1109 1096; x_wconf 83' lang='lat' dir='ltr'><strong>sequitur,</strong></span> <span class='ocrx_word' id='word_1_54' title='bbox 1153 1024 1207 1077; x_wconf 88' lang='lat' dir='ltr'><strong>in</strong></span> <span class='ocrx_word' id='word_1_55' title='bbox 1255 1022 1577 1077; x_wconf 84' lang='lat' dir='ltr'><strong>custodiendo</strong></span> <span class='ocrx_word' id='word_1_56' title='bbox 1642 1023 1789 1076; x_wconf 85' lang='lat' dir='ltr'><strong>verba</strong></span> 
     </span>
    </p>
   </div>
   <div class='ocr_carea' id='block_1_9' title="bbox 195 1113 1785 1188">
    <p class='ocr_par' dir='ltr' id='par_1_9' title="bbox 195 1113 1785 1188">
     <span class='ocr_line' id='line_1_9' title="bbox 195 1113 1785 1188; baseline -0.004 -15"><span class='ocrx_word' id='word_1_57' title='bbox 195 1130 301 1173; x_wconf 87' lang='lat' dir='ltr'><strong>tua.</strong></span> <span class='ocrx_word' id='word_1_58' title='bbox 356 1120 581 1188; x_wconf 88' lang='lat' dir='ltr'><strong>Propter</strong></span> <span class='ocrx_word' id='word_1_59' title='bbox 633 1117 732 1172; x_wconf 85' lang='lat' dir='ltr'><strong>hoc</strong></span> <span class='ocrx_word' id='word_1_60' title='bbox 779 1117 921 1171; x_wconf 90' lang='lat' dir='ltr'><strong>enim</strong></span> <span class='ocrx_word' id='word_1_61' title='bbox 965 1115 1184 1184; x_wconf 80' lang='lat' dir='ltr'><strong>corrigit</strong></span> <span class='ocrx_word' id='word_1_62' title='bbox 1233 1114 1369 1169; x_wconf 87' lang='lat' dir='ltr'><strong>viam</strong></span> <span class='ocrx_word' id='word_1_63' title='bbox 1422 1128 1603 1180; x_wconf 91' lang='lat' dir='ltr'><strong>suam,</strong></span> <span class='ocrx_word' id='word_1_64' title='bbox 1662 1113 1785 1182; x_wconf 86' lang='lat' dir='ltr'><strong>quia</strong></span> 
     </span>
    </p>
   </div>
   <div class='ocr_carea' id='block_1_10' title="bbox 193 1203 1782 1275">
    <p class='ocr_par' dir='ltr' id='par_1_10' title="bbox 193 1203 1782 1275">
     <span class='ocr_line' id='line_1_10' title="bbox 193 1203 1782 1275; baseline -0.005 -12"><span class='ocrx_word' id='word_1_65' title='bbox 193 1210 355 1263; x_wconf 81' lang='lat' dir='ltr'><strong>verba</strong></span> <span class='ocrx_word' id='word_1_66' title='bbox 411 1208 505 1263; x_wconf 88' lang='lat' dir='ltr'><strong>Dei</strong></span> <span class='ocrx_word' id='word_1_67' title='bbox 565 1208 703 1263; x_wconf 89' lang='lat' dir='ltr'><strong>sicut</strong></span> <span class='ocrx_word' id='word_1_68' title='bbox 755 1206 1032 1275; x_wconf 82' lang='lat' dir='ltr'><strong>cogitanda</strong></span> <span class='ocrx_word' id='word_1_69' title='bbox 1084 1213 1209 1259; x_wconf 89' lang='lat' dir='ltr'><strong>sunt</strong></span> <span class='ocrx_word' id='word_1_70' title='bbox 1248 1204 1479 1274; x_wconf 77' lang='lat' dir='ltr'><strong>cogitat,</strong></span> <span class='ocrx_word' id='word_1_71' title='bbox 1541 1212 1598 1258; x_wconf 89' lang='lat' dir='ltr'><strong>et</strong></span> <span class='ocrx_word' id='word_1_72' title='bbox 1635 1203 1782 1273; x_wconf 85' lang='lat' dir='ltr'><strong>cogi-</strong></span> 
     </span>
    </p>
   </div>
   <div class='ocr_carea' id='block_1_11' title="bbox 196 1293 1784 1375">
    <p class='ocr_par' dir='ltr' id='par_1_11' title="bbox 196 1293 1784 1375">
     <span class='ocr_line' id='line_1_11' title="bbox 196 1293 1784 1375; baseline -0.004 -22"><span class='ocrx_word' id='word_1_73' title='bbox 196 1299 358 1375; x_wconf 81' lang='lat' dir='ltr'><strong>tando</strong></span> <span class='ocrx_word' id='word_1_74' title='bbox 384 1297 650 1361; x_wconf 88' lang='lat' dir='ltr'><strong>custodit,</strong></span> <span class='ocrx_word' id='word_1_75' title='bbox 681 1295 1033 1352; x_wconf 89' lang='lat' dir='ltr'><strong>custodiendo</strong></span> <span class='ocrx_word' id='word_1_76' title='bbox 1061 1303 1207 1351; x_wconf 91' lang='lat' dir='ltr'><strong>recte</strong></span> <span class='ocrx_word' id='word_1_77' title='bbox 1234 1295 1382 1348; x_wconf 81' lang='lat' dir='ltr'><strong>vivit.</strong></span> <span class='ocrx_word' id='word_1_78' title='bbox 1410 1293 1524 1365; x_wconf 87' lang='lat' dir='ltr'><strong>ipsa</strong></span> <span class='ocrx_word' id='word_1_79' title='bbox 1554 1308 1683 1363; x_wconf 87' lang='lat' dir='ltr'><strong>ergo</strong></span> <span class='ocrx_word' id='word_1_80' title='bbox 1710 1293 1784 1347; x_wconf 89' lang='lat' dir='ltr'><strong>illi</strong></span> 
     </span>
    </p>
   </div>
   <div class='ocr_carea' id='block_1_12' title="bbox 192 1386 1782 1458">
    <p class='ocr_par' dir='ltr' id='par_1_12' title="bbox 192 1386 1782 1458">
     <span class='ocr_line' id='line_1_12' title="bbox 192 1386 1782 1458; baseline -0.003 -14"><span class='ocrx_word' id='word_1_81' title='bbox 192 1405 356 1444; x_wconf 87' lang='lat' dir='ltr'><strong>causa</strong></span> <span class='ocrx_word' id='word_1_82' title='bbox 382 1399 466 1444; x_wconf 91' lang='lat' dir='ltr'><strong>est</strong></span> <span class='ocrx_word' id='word_1_83' title='bbox 494 1399 550 1444; x_wconf 89' lang='lat' dir='ltr'><strong>ut</strong></span> <span class='ocrx_word' id='word_1_84' title='bbox 575 1390 713 1442; x_wconf 87' lang='lat' dir='ltr'><strong>viam</strong></span> <span class='ocrx_word' id='word_1_85' title='bbox 745 1404 894 1442; x_wconf 88' lang='lat' dir='ltr'><strong>suam</strong></span> <span class='ocrx_word' id='word_1_86' title='bbox 923 1388 1186 1457; x_wconf 78' lang='lat' dir='ltr'><strong>corrigat,</strong></span> <span class='ocrx_word' id='word_1_87' title='bbox 1216 1388 1339 1458; x_wconf 84' lang='lat' dir='ltr'><strong>quia</strong></span> <span class='ocrx_word' id='word_1_88' title='bbox 1382 1387 1473 1441; x_wconf 94' lang='lat' dir='ltr'><strong>Dei</strong></span> <span class='ocrx_word' id='word_1_89' title='bbox 1505 1386 1664 1441; x_wconf 87' lang='lat' dir='ltr'><strong>verba</strong></span> <span class='ocrx_word' id='word_1_90' title='bbox 1685 1401 1782 1441; x_wconf 89' lang='lat' dir='ltr'><strong>cu-</strong></span> 
     </span>
    </p>
   </div>
   <div class='ocr_carea' id='block_1_13' title="bbox 192 1476 1784 1551">
    <p class='ocr_par' dir='ltr' id='par_1_13' title="bbox 192 1476 1784 1551">
     <span class='ocr_line' id='line_1_13' title="bbox 192 1476 1784 1551; baseline -0.004 -15"><span class='ocrx_word' id='word_1_91' title='bbox 192 1482 378 1537; x_wconf 87' lang='lat' dir='ltr'><strong>stodit.</strong></span> <span class='ocrx_word' id='word_1_92' title='bbox 438 1481 506 1535; x_wconf 86' lang='lat' dir='ltr'><strong>Et</strong></span> <span class='ocrx_word' id='word_1_93' title='bbox 544 1480 687 1551; x_wconf 91' lang='lat' dir='ltr'><strong>quod</strong></span> <span class='ocrx_word' id='word_1_94' title='bbox 734 1481 809 1534; x_wconf 85' lang='lat' dir='ltr'><strong>ait</strong></span> <span class='ocrx_word' id='word_1_95' title='bbox 856 1480 1196 1535; x_wconf 84' lang='lat' dir='ltr'><strong>beatissimus</strong></span> <span class='ocrx_word' id='word_1_96' title='bbox 1247 1477 1571 1551; x_wconf 84' lang='lat' dir='ltr'><strong>Stephanus,</strong></span> <span class='ocrx_word' id='word_1_97' title='bbox 1627 1476 1784 1547; x_wconf 83' lang='lat' dir='ltr'><strong>Fugit</strong></span> 
     </span>
    </p>
   </div>
   <div class='ocr_carea' id='block_1_14' title="bbox 194 1549 1779 1643">
    <p class='ocr_par' dir='ltr' id='par_1_14' title="bbox 194 1549 1779 1643">
     <span class='ocr_line' id='line_1_14' title="bbox 194 1549 1779 1643; baseline -0.003 -18"><span class='ocrx_word' id='word_1_98' title='bbox 194 1571 403 1642; x_wconf 68' lang='lat' dir='ltr'><strong>loyses</strong></span> <span class='ocrx_word' id='word_1_99' title='bbox 423 1572 474 1625; x_wconf 88' lang='lat' dir='ltr'><strong>in</strong></span> <span class='ocrx_word' id='word_1_100' title='bbox 504 1549 650 1626; x_wconf 75' lang='lat' dir='ltr'><strong>verba</strong></span> <span class='ocrx_word' id='word_1_101' title='bbox 684 1572 779 1625; x_wconf 90' lang='lat' dir='ltr'><strong>hoc</strong></span> <span class='ocrx_word' id='word_1_102' title='bbox 804 1570 947 1643; x_wconf 82' lang='lat' dir='ltr'><strong>(Aet.</strong></span> <span class='ocrx_word' id='word_1_103' title='bbox 991 1584 1094 1637; x_wconf 84' lang='lat' dir='ltr'><strong>vn,</strong></span> <span class='ocrx_word' id='word_1_104' title='bbox 1122 1568 1260 1639; x_wconf 71' lang='lat'><strong>29);</strong></span> <span class='ocrx_word' id='word_1_105' title='bbox 1290 1549 1428 1623; x_wconf 68' lang='lat' dir='ltr'><strong>bene</strong></span> <span class='ocrx_word' id='word_1_106' title='bbox 1453 1567 1779 1637; x_wconf 80' lang='lat' dir='ltr'><strong>intelligitur,</strong></span> 
     </span>
    </p>
   </div>
   <div class='ocr_carea' id='block_1_15' title="bbox 194 1658 1777 1731">
    <p class='ocr_par' dir='ltr' id='par_1_15' title="bbox 194 1658 1777 1731">
     <span class='ocr_line' id='line_1_15' title="bbox 194 1658 1777 1731; baseline -0.002 -16"><span class='ocrx_word' id='word_1_107' title='bbox 194 1670 417 1731; x_wconf 86' lang='lat' dir='ltr'><strong>propter</strong></span> <span class='ocrx_word' id='word_1_108' title='bbox 450 1679 469 1713; x_wconf 83' lang='lat' dir='ltr'><strong>t</strong></span> <span class='ocrx_word' id='word_1_109' title='bbox 492 1661 712 1716; x_wconf 86' lang='lat' dir='ltr'><strong>verbum</strong></span> <span class='ocrx_word' id='word_1_110' title='bbox 746 1661 846 1715; x_wconf 86' lang='lat' dir='ltr'><strong>hoc</strong></span> <span class='ocrx_word' id='word_1_111' title='bbox 870 1680 890 1713; x_wconf 75' lang='grc' dir='ltr'><strong>ι</strong></span> <span class='ocrx_word' id='word_1_112' title='bbox 915 1678 929 1727; x_wconf 88' lang='grc'><strong>;</strong></span> <span class='ocrx_word' id='word_1_113' title='bbox 951 1662 1073 1731; x_wconf 88' lang='lat' dir='ltr'><strong>quia</strong></span> <span class='ocrx_word' id='word_1_114' title='bbox 1100 1658 1201 1714; x_wconf 83' lang='lat' dir='ltr'><strong>hoc</strong></span> <span class='ocrx_word' id='word_1_115' title='bbox 1217 1659 1437 1723; x_wconf 86' lang='lat' dir='ltr'><strong>audivit,</strong></span> <span class='ocrx_word' id='word_1_116' title='bbox 1459 1662 1559 1714; x_wconf 88' lang='lat' dir='ltr'><strong>hoc</strong></span> <span class='ocrx_word' id='word_1_117' title='bbox 1587 1660 1777 1723; x_wconf 90' lang='lat' dir='ltr'><strong>timuit,</strong></span> 
     </span>
    </p>
   </div>
   <div class='ocr_carea' id='block_1_16' title="bbox 194 1749 1778 1822">
    <p class='ocr_par' dir='ltr' id='par_1_16' title="bbox 194 1749 1778 1822">
     <span class='ocr_line' id='line_1_16' title="bbox 194 1749 1778 1822; baseline -0.001 -16"><span class='ocrx_word' id='word_1_118' title='bbox 194 1752 295 1807; x_wconf 89' lang='lat' dir='ltr'><strong>hoc</strong></span> <span class='ocrx_word' id='word_1_119' title='bbox 322 1752 578 1822; x_wconf 77' lang='lat' dir='ltr'><strong>cogitavit</strong></span> <span class='ocrx_word' id='word_1_120' title='bbox 600 1760 660 1807; x_wconf 91' lang='lat' dir='ltr'><strong>ut</strong></span> <span class='ocrx_word' id='word_1_121' title='bbox 688 1752 927 1822; x_wconf 90' lang='lat' dir='ltr'><strong>fugeret;</strong></span> <span class='ocrx_word' id='word_1_122' title='bbox 959 1752 1073 1806; x_wconf 66' lang='lat' dir='ltr'><strong>haec</strong></span> <span class='ocrx_word' id='word_1_123' title='bbox 1102 1751 1177 1806; x_wconf 91' lang='lat' dir='ltr'><strong>illi</strong></span> <span class='ocrx_word' id='word_1_124' title='bbox 1207 1750 1303 1805; x_wconf 93' lang='lat' dir='ltr'><strong>fuit</strong></span> <span class='ocrx_word' id='word_1_125' title='bbox 1332 1765 1489 1804; x_wconf 91' lang='lat' dir='ltr'><strong>causa</strong></span> <span class='ocrx_word' id='word_1_126' title='bbox 1520 1749 1778 1821; x_wconf 75' lang='lat' dir='ltr'><strong>fugiendi.</strong></span> 
     </span>
    </p>
   </div>
   <div class='ocr_carea' id='block_1_17' title="bbox 192 1841 1781 1912">
    <p class='ocr_par' dir='ltr' id='par_1_17' title="bbox 192 1841 1781 1912">
     <span class='ocr_line' id='line_1_17' title="bbox 192 1841 1781 1912; baseline 0.001 -16"><span class='ocrx_word' id='word_1_127' title='bbox 192 1842 463 1912; x_wconf 68' lang='lat' dir='ltr'><strong>Numquid</strong></span> <span class='ocrx_word' id='word_1_128' title='bbox 486 1842 538 1896; x_wconf 92' lang='lat' dir='ltr'><strong>in</strong></span> <span class='ocrx_word' id='word_1_129' title='bbox 566 1841 648 1896; x_wconf 90' lang='lat' dir='ltr'><strong>his</strong></span> <span class='ocrx_word' id='word_1_130' title='bbox 678 1841 1032 1897; x_wconf 90' lang='lat' dir='ltr'><strong>locutionibus</strong></span> <span class='ocrx_word' id='word_1_131' title='bbox 1051 1841 1248 1911; x_wconf 88' lang='lat' dir='ltr'><strong>aliquid</strong></span> <span class='ocrx_word' id='word_1_132' title='bbox 1274 1841 1472 1896; x_wconf 91' lang='lat' dir='ltr'><strong>dictum</strong></span> <span class='ocrx_word' id='word_1_133' title='bbox 1502 1851 1613 1908; x_wconf 87' lang='lat' dir='ltr'><strong>est,</strong></span> <span class='ocrx_word' id='word_1_134' title='bbox 1639 1842 1781 1911; x_wconf 89' lang='lat' dir='ltr'><strong>quod</strong></span> 
     </span>
    </p>
   </div>
   <div class='ocr_carea' id='block_1_18' title="bbox 193 1931 1781 2003">
    <p class='ocr_par' dir='ltr' id='par_1_18' title="bbox 193 1931 1781 2003">
     <span class='ocr_line' id='line_1_18' title="bbox 193 1931 1781 2003; baseline 0.001 -17"><span class='ocrx_word' id='word_1_135' title='bbox 193 1934 459 2001; x_wconf 86' lang='lat' dir='ltr'><strong>pertineat</strong></span> <span class='ocrx_word' id='word_1_136' title='bbox 482 1931 549 1987; x_wconf 88' lang='lat' dir='ltr'><strong>ad</strong></span> <span class='ocrx_word' id='word_1_137' title='bbox 589 1932 970 2001; x_wconf 90' lang='lat' dir='ltr'><strong>imitationem,</strong></span> <span class='ocrx_word' id='word_1_138' title='bbox 1005 1948 1109 2003; x_wconf 85' lang='lat' dir='ltr'><strong>qua</strong></span> <span class='ocrx_word' id='word_1_139' title='bbox 1132 1932 1209 1986; x_wconf 88' lang='lat' dir='ltr'><strong>sic</strong></span> <span class='ocrx_word' id='word_1_140' title='bbox 1246 1931 1470 1986; x_wconf 90' lang='lat' dir='ltr'><strong>alterum</strong></span> <span class='ocrx_word' id='word_1_141' title='bbox 1499 1932 1636 1986; x_wconf 88' lang='lat' dir='ltr'><strong>alter</strong></span> <span class='ocrx_word' id='word_1_142' title='bbox 1662 1933 1781 1987; x_wconf 90' lang='lat' dir='ltr'><strong>imi-</strong></span> 
     </span>
    </p>
   </div>
   <div class='ocr_carea' id='block_1_19' title="bbox 194 2024 1779 2097">
    <p class='ocr_par' dir='ltr' id='par_1_19' title="bbox 194 2024 1779 2097">
     <span class='ocr_line' id='line_1_19' title="bbox 194 2024 1779 2097; baseline 0.001 -18"><span class='ocrx_word' id='word_1_143' title='bbox 194 2036 357 2093; x_wconf 87' lang='lat' dir='ltr'><strong>tatur,</strong></span> <span class='ocrx_word' id='word_1_144' title='bbox 384 2034 445 2081; x_wconf 92' lang='lat' dir='ltr'><strong>ut</strong></span> <span class='ocrx_word' id='word_1_145' title='bbox 464 2042 586 2082; x_wconf 91' lang='lat' dir='ltr'><strong>eum</strong></span> <span class='ocrx_word' id='word_1_146' title='bbox 607 2028 827 2082; x_wconf 86' lang='lat' dir='ltr'><strong>omnino</strong></span> <span class='ocrx_word' id='word_1_147' title='bbox 851 2042 957 2081; x_wconf 90' lang='lat' dir='ltr'><strong>non</strong></span> <span class='ocrx_word' id='word_1_148' title='bbox 980 2027 1178 2097; x_wconf 81' lang='lat' dir='ltr'><strong>cogitet</strong></span> <span class='ocrx_word' id='word_1_149' title='bbox 1202 2044 1216 2080; x_wconf 92' lang='lat'><strong>:</strong></span> <span class='ocrx_word' id='word_1_150' title='bbox 1236 2032 1291 2080; x_wconf 90' lang='lat' dir='ltr'><strong>et</strong></span> <span class='ocrx_word' id='word_1_151' title='bbox 1311 2025 1430 2080; x_wconf 90' lang='lat' dir='ltr'><strong>ideo</strong></span> <span class='ocrx_word' id='word_1_152' title='bbox 1451 2024 1599 2078; x_wconf 90' lang='lat' dir='ltr'><strong>nullo</strong></span> <span class='ocrx_word' id='word_1_153' title='bbox 1618 2025 1779 2080; x_wconf 92' lang='lat' dir='ltr'><strong>modo</strong></span> 
     </span>
    </p>
   </div>
   <div class='ocr_carea' id='block_1_20' title="bbox 192 2117 1773 2189">
    <p class='ocr_par' dir='ltr' id='par_1_20' title="bbox 192 2117 1773 2189">
     <span class='ocr_line' id='line_1_20' title="bbox 192 2117 1773 2189; baseline 0 -17"><span class='ocrx_word' id='word_1_154' title='bbox 192 2118 295 2173; x_wconf 91' lang='lat' dir='ltr'><strong>dici</strong></span> <span class='ocrx_word' id='word_1_155' title='bbox 320 2119 493 2187; x_wconf 85' lang='lat' dir='ltr'><strong>possit</strong></span> <span class='ocrx_word' id='word_1_156' title='bbox 522 2130 739 2189; x_wconf 83' lang='lat' dir='ltr'><strong>prepter</strong></span> <span class='ocrx_word' id='word_1_157' title='bbox 780 2119 882 2173; x_wconf 91' lang='lat' dir='ltr'><strong>hoc</strong></span> <span class='ocrx_word' id='word_1_158' title='bbox 908 2132 1187 2188; x_wconf 84' lang='lat' dir='ltr'><strong>peccasse,</strong></span> <span class='ocrx_word' id='word_1_159' title='bbox 1211 2117 1333 2189; x_wconf 86' lang='lat' dir='ltr'><strong>quia</strong></span> <span class='ocrx_word' id='word_1_160' title='bbox 1376 2118 1464 2172; x_wconf 87' lang='lat' dir='ltr'><strong>ille</strong></span> <span class='ocrx_word' id='word_1_161' title='bbox 1507 2118 1773 2187; x_wconf 87' lang='lat' dir='ltr'><strong>peccavit,</strong></span> 
     </span>
    </p>
   </div>
   <div class='ocr_carea' id='block_1_21' title="bbox 192 2210 1776 2281">
    <p class='ocr_par' dir='ltr' id='par_1_21' title="bbox 192 2210 1776 2281">
     <span class='ocr_line' id='line_1_21' title="bbox 192 2210 1776 2281; baseline 0.001 -17"><span class='ocrx_word' id='word_1_162' title='bbox 192 2211 243 2265; x_wconf 90' lang='lat' dir='ltr'><strong>in</strong></span> <span class='ocrx_word' id='word_1_163' title='bbox 271 2227 383 2281; x_wconf 89' lang='lat' dir='ltr'><strong>quo</strong></span> <span class='ocrx_word' id='word_1_164' title='bbox 408 2226 507 2267; x_wconf 90' lang='lat' dir='ltr'><strong>nec</strong></span> <span class='ocrx_word' id='word_1_165' title='bbox 534 2211 861 2281; x_wconf 89' lang='lat' dir='ltr'><strong>originaliter</strong></span> <span class='ocrx_word' id='word_1_166' title='bbox 886 2210 1023 2277; x_wconf 91' lang='lat' dir='ltr'><strong>fuit,</strong></span> <span class='ocrx_word' id='word_1_167' title='bbox 1053 2226 1153 2267; x_wconf 88' lang='lat' dir='ltr'><strong>nec</strong></span> <span class='ocrx_word' id='word_1_168' title='bbox 1192 2210 1259 2266; x_wconf 92' lang='lat' dir='ltr'><strong>de</strong></span> <span class='ocrx_word' id='word_1_169' title='bbox 1288 2211 1379 2265; x_wconf 91' lang='lat' dir='ltr'><strong>illo</strong></span> <span class='ocrx_word' id='word_1_170' title='bbox 1404 2210 1691 2281; x_wconf 89' lang='lat' dir='ltr'><strong>quidquam</strong></span> <span class='ocrx_word' id='word_1_171' title='bbox 1724 2211 1776 2265; x_wconf 93' lang='lat' dir='ltr'><strong>in</strong></span> 
     </span>
    </p>
   </div>
   <div class='ocr_carea' id='block_1_22' title="bbox 190 2302 975 2373">
    <p class='ocr_par' dir='ltr' id='par_1_22' title="bbox 190 2302 975 2373">
     <span class='ocr_line' id='line_1_22' title="bbox 190 2302 975 2373; baseline 0.001 -18"><span class='ocrx_word' id='word_1_172' title='bbox 190 2311 414 2370; x_wconf 87' lang='lat' dir='ltr'><strong>peccato</strong></span> <span class='ocrx_word' id='word_1_173' title='bbox 444 2302 664 2372; x_wconf 89' lang='lat' dir='ltr'><strong>proprio</strong></span> <span class='ocrx_word' id='word_1_174' title='bbox 687 2302 975 2373; x_wconf 80' lang='lat' dir='ltr'><strong>cogitavit?</strong></span> 
     </span>
    </p>
   </div>
   <div class='ocr_carea' id='block_1_23' title="bbox 239 2390 1773 2463">
    <p class='ocr_par' dir='ltr' id='par_1_23' title="bbox 239 2390 1773 2463">
     <span class='ocr_line' id='line_1_23' title="bbox 239 2390 1773 2463; baseline 0.001 -18"><span class='ocrx_word' id='word_1_175' title='bbox 239 2392 329 2445; x_wconf 78' lang='grc' dir='ltr'><strong>Π.</strong></span> <span class='ocrx_word' id='word_1_176' title='bbox 348 2409 367 2442; x_wconf 73' lang='grc' dir='ltr'><strong>ι</strong></span> <span class='ocrx_word' id='word_1_177' title='bbox 389 2390 516 2457; x_wconf 88' lang='lat' dir='ltr'><strong>Sed,</strong></span> <span class='ocrx_word' id='word_1_178' title='bbox 534 2409 559 2443; x_wconf 69' lang='grc' dir='ltr'><strong>ι</strong></span> <span class='ocrx_word' id='word_1_179' title='bbox 580 2392 776 2462; x_wconf 83' lang='lat' dir='ltr'><strong>inquis,</strong></span> <span class='ocrx_word' id='word_1_180' title='bbox 800 2412 819 2445; x_wconf 74' lang='grc' dir='ltr'><strong>ι</strong></span> <span class='ocrx_word' id='word_1_181' title='bbox 844 2392 887 2446; x_wconf 89' lang='lat' dir='ltr'><strong>si</strong></span> <span class='ocrx_word' id='word_1_182' title='bbox 901 2391 1177 2461; x_wconf 87' lang='lat' dir='ltr'><strong>depeecati</strong></span> <span class='ocrx_word' id='word_1_183' title='bbox 1205 2392 1419 2448; x_wconf 89' lang='lat' dir='ltr'><strong>traduce</strong></span> <span class='ocrx_word' id='word_1_184' title='bbox 1444 2392 1773 2463; x_wconf 82' lang='lat' dir='ltr'><strong>loquebatur,</strong></span> 
     </span>
    </p>
   </div>
   <div class='ocr_carea' id='block_1_24' title="bbox 188 2482 1778 2553">
    <p class='ocr_par' dir='ltr' id='par_1_24' title="bbox 188 2482 1778 2553">
     <span class='ocr_line' id='line_1_24' title="bbox 188 2482 1778 2553; baseline 0.003 -17"><span class='ocrx_word' id='word_1_185' title='bbox 188 2497 452 2553; x_wconf 82' lang='lat' dir='ltr'><strong>nusquam</strong></span> <span class='ocrx_word' id='word_1_186' title='bbox 479 2484 855 2553; x_wconf 79' lang='lat' dir='ltr'><strong>congruentius</strong></span> <span class='ocrx_word' id='word_1_187' title='bbox 882 2483 1101 2550; x_wconf 88' lang='lat' dir='ltr'><strong>diceret,</strong></span> <span class='ocrx_word' id='word_1_188' title='bbox 1127 2482 1252 2538; x_wconf 85' lang='lat' dir='ltr'><strong>Ideo</strong></span> <span class='ocrx_word' id='word_1_189' title='bbox 1272 2484 1575 2553; x_wconf 88' lang='lat' dir='ltr'><strong>pertransiit</strong></span> <span class='ocrx_word' id='word_1_190' title='bbox 1590 2498 1778 2553; x_wconf 82' lang='lat' dir='ltr'><strong>pecca-</strong></span> 
     </span>
    </p>
   </div>
   <div class='ocr_carea' id='block_1_25' title="bbox 189 2575 1775 2648">
    <p class='ocr_par' dir='ltr' id='par_1_25' title="bbox 189 2575 1775 2648">
     <span class='ocr_line' id='line_1_25' title="bbox 189 2575 1775 2648; baseline 0.003 -21"><span class='ocrx_word' id='word_1_191' title='bbox 189 2584 324 2639; x_wconf 90' lang='lat' dir='ltr'><strong>tum,</strong></span> <span class='ocrx_word' id='word_1_192' title='bbox 344 2575 470 2644; x_wconf 90' lang='lat' dir='ltr'><strong>quia</strong></span> <span class='ocrx_word' id='word_1_193' title='bbox 490 2589 673 2631; x_wconf 89' lang='lat' dir='ltr'><strong>omnes</strong></span> <span class='ocrx_word' id='word_1_194' title='bbox 695 2584 819 2631; x_wconf 88' lang='lat' dir='ltr'><strong>sunt</strong></span> <span class='ocrx_word' id='word_1_195' title='bbox 836 2576 904 2631; x_wconf 90' lang='lat' dir='ltr'><strong>de</strong></span> <span class='ocrx_word' id='word_1_196' title='bbox 922 2577 1207 2648; x_wconf 87' lang='lat' dir='ltr'><strong>conjugum</strong></span> <span class='ocrx_word' id='word_1_197' title='bbox 1230 2577 1497 2646; x_wconf 87' lang='lat' dir='ltr'><strong>voluptate</strong></span> <span class='ocrx_word' id='word_1_198' title='bbox 1516 2579 1775 2648; x_wconf 79' lang='lat' dir='ltr'><strong>generati:</strong></span> 
     </span>
    </p>
   </div>
   <div class='ocr_carea' id='block_1_26' title="bbox 186 2664 1781 2740">
    <p class='ocr_par' dir='ltr' id='par_1_26' title="bbox 186 2664 1781 2740">
     <span class='ocr_line' id='line_1_26' title="bbox 186 2664 1781 2740; baseline 0.003 -21"><span class='ocrx_word' id='word_1_199' title='bbox 186 2674 244 2719; x_wconf 91' lang='lat' dir='ltr'><strong>ct</strong></span> <span class='ocrx_word' id='word_1_200' title='bbox 261 2664 487 2719; x_wconf 89' lang='lat' dir='ltr'><strong>adderet</strong></span> <span class='ocrx_word' id='word_1_201' title='bbox 508 2705 521 2729; x_wconf 89' lang='lat'><strong>,</strong></span> <span class='ocrx_word' id='word_1_202' title='bbox 548 2664 605 2719; x_wconf 86' lang='lat' dir='ltr'><strong>In</strong></span> <span class='ocrx_word' id='word_1_203' title='bbox 630 2676 697 2720; x_wconf 89' lang='lat' dir='ltr'><strong>eo</strong></span> <span class='ocrx_word' id='word_1_204' title='bbox 719 2667 945 2733; x_wconf 86' lang='lat' dir='ltr'><strong>transiit,</strong></span> <span class='ocrx_word' id='word_1_205' title='bbox 964 2667 1017 2721; x_wconf 92' lang='lat' dir='ltr'><strong>in</strong></span> <span class='ocrx_word' id='word_1_206' title='bbox 1033 2682 1139 2737; x_wconf 92' lang='lat' dir='ltr'><strong>quo</strong></span> <span class='ocrx_word' id='word_1_207' title='bbox 1156 2682 1218 2723; x_wconf 91' lang='lat' dir='ltr'><strong>ex</strong></span> <span class='ocrx_word' id='word_1_208' title='bbox 1242 2667 1415 2722; x_wconf 88' lang='lat' dir='ltr'><strong>tabida</strong></span> <span class='ocrx_word' id='word_1_209' title='bbox 1432 2669 1586 2740; x_wconf 91' lang='lat' dir='ltr'><strong>primi</strong></span> <span class='ocrx_word' id='word_1_210' title='bbox 1610 2668 1781 2724; x_wconf 86' lang='lat' dir='ltr'><strong>homi-</strong></span> 
     </span>
    </p>
   </div>
   <div class='ocr_carea' id='block_1_27' title="bbox 189 2755 1779 2831">
    <p class='ocr_par' dir='ltr' id='par_1_27' title="bbox 189 2755 1779 2831">
     <span class='ocr_line' id='line_1_27' title="bbox 189 2755 1779 2831; baseline 0.006 -24"><span class='ocrx_word' id='word_1_211' title='bbox 189 2757 273 2809; x_wconf 85' lang='lat' dir='ltr'><strong>nis</strong></span> <span class='ocrx_word' id='word_1_212' title='bbox 291 2770 455 2811; x_wconf 89' lang='lat' dir='ltr'><strong>carne</strong></span> <span class='ocrx_word' id='word_1_213' title='bbox 477 2755 757 2813; x_wconf 87' lang='lat' dir='ltr'><strong>fluxerunt.</strong></span> <span class='ocrx_word' id='word_1_214' title='bbox 772 2776 790 2809; x_wconf 81' lang='grc' dir='ltr'><strong>ι</strong></span> <span class='ocrx_word' id='word_1_215' title='bbox 817 2757 925 2813; x_wconf 88' lang='lat' dir='ltr'><strong>Nec</strong></span> <span class='ocrx_word' id='word_1_216' title='bbox 944 2758 1091 2813; x_wconf 84' lang='lat' dir='ltr'><strong>vides</strong></span> <span class='ocrx_word' id='word_1_217' title='bbox 1110 2758 1299 2814; x_wconf 88' lang='lat' dir='ltr'><strong>eodem</strong></span> <span class='ocrx_word' id='word_1_218' title='bbox 1326 2760 1485 2815; x_wconf 91' lang='lat' dir='ltr'><strong>modo</strong></span> <span class='ocrx_word' id='word_1_219' title='bbox 1508 2761 1599 2815; x_wconf 90' lang='lat' dir='ltr'><strong>tibi</strong></span> <span class='ocrx_word' id='word_1_220' title='bbox 1622 2776 1779 2831; x_wconf 88' lang='lat' dir='ltr'><strong>posse</strong></span> 
     </span>
    </p>
   </div>
   <div class='ocr_carea' id='block_1_28' title="bbox 186 2848 1776 2923">
    <p class='ocr_par' dir='ltr' id='par_1_28' title="bbox 186 2848 1776 2923">
     <span class='ocr_line' id='line_1_28' title="bbox 186 2848 1776 2923; baseline 0.005 -23"><span class='ocrx_word' id='word_1_221' title='bbox 186 2848 328 2914; x_wconf 89' lang='lat' dir='ltr'><strong>dici,</strong></span> <span class='ocrx_word' id='word_1_222' title='bbox 356 2848 417 2904; x_wconf 91' lang='lat' dir='ltr'><strong>Si</strong></span> <span class='ocrx_word' id='word_1_223' title='bbox 445 2848 512 2904; x_wconf 92' lang='lat' dir='ltr'><strong>dc</strong></span> <span class='ocrx_word' id='word_1_224' title='bbox 552 2850 846 2906; x_wconf 91' lang='lat' dir='ltr'><strong>imitatione</strong></span> <span class='ocrx_word' id='word_1_225' title='bbox 889 2851 1091 2921; x_wconf 89' lang='lat' dir='ltr'><strong>peccati</strong></span> <span class='ocrx_word' id='word_1_226' title='bbox 1118 2851 1405 2920; x_wconf 81' lang='lat' dir='ltr'><strong>Apostolus</strong></span> <span class='ocrx_word' id='word_1_227' title='bbox 1446 2852 1776 2923; x_wconf 87' lang='lat' dir='ltr'><strong>loquebatur,</strong></span> 
     </span>
    </p>
   </div>
   <div class='ocr_carea' id='block_1_29' title="bbox 188 2940 1775 3013">
    <p class='ocr_par' dir='ltr' id='par_1_29' title="bbox 188 2940 1775 3013">
     <span class='ocr_line' id='line_1_29' title="bbox 188 2940 1775 3013; baseline 0.004 -21"><span class='ocrx_word' id='word_1_228' title='bbox 188 2954 455 3010; x_wconf 86' lang='lat' dir='ltr'><strong>nusquam</strong></span> <span class='ocrx_word' id='word_1_229' title='bbox 476 2942 857 3011; x_wconf 82' lang='lat' dir='ltr'><strong>congruentius</strong></span> <span class='ocrx_word' id='word_1_230' title='bbox 883 2942 1120 3009; x_wconf 88' lang='lat' dir='ltr'><strong>diceret,</strong></span> <span class='ocrx_word' id='word_1_231' title='bbox 1148 2940 1274 2997; x_wconf 87' lang='lat' dir='ltr'><strong>ideo</strong></span> <span class='ocrx_word' id='word_1_232' title='bbox 1306 2944 1610 3012; x_wconf 84' lang='lat' dir='ltr'><strong>pertransiit</strong></span> <span class='ocrx_word' id='word_1_233' title='bbox 1650 2958 1775 3013; x_wconf 88' lang='lat' dir='ltr'><strong>pec-</strong></span> 
     </span>
    </p>
   </div>
   <div class='ocr_carea' id='block_1_30' title="bbox 187 3033 1780 3105">
    <p class='ocr_par' dir='ltr' id='par_1_30' title="bbox 187 3033 1780 3105">
     <span class='ocr_line' id='line_1_30' title="bbox 187 3033 1780 3105; baseline 0.001 -18"><span class='ocrx_word' id='word_1_234' title='bbox 187 3042 366 3087; x_wconf 84' lang='lat' dir='ltr'><strong>catum</strong></span> <span class='ocrx_word' id='word_1_235' title='bbox 388 3074 406 3097; x_wconf 93' lang='lat'><strong>,</strong></span> <span class='ocrx_word' id='word_1_236' title='bbox 447 3033 569 3104; x_wconf 88' lang='lat' dir='ltr'><strong>quia</strong></span> <span class='ocrx_word' id='word_1_237' title='bbox 598 3034 752 3103; x_wconf 91' lang='lat' dir='ltr'><strong>primi</strong></span> <span class='ocrx_word' id='word_1_238' title='bbox 784 3034 1013 3089; x_wconf 91' lang='lat' dir='ltr'><strong>hominis</strong></span> <span class='ocrx_word' id='word_1_239' title='bbox 1049 3034 1320 3103; x_wconf 63' lang='lat' dir='ltr'><strong>praecessit</strong></span> <span class='ocrx_word' id='word_1_240' title='bbox 1357 3035 1658 3105; x_wconf 89' lang='lat' dir='ltr'><strong>exemplum</strong></span> <span class='ocrx_word' id='word_1_241' title='bbox 1685 3052 1698 3087; x_wconf 87' lang='lat'><strong>:</strong></span> <span class='ocrx_word' id='word_1_242' title='bbox 1726 3044 1780 3089; x_wconf 87' lang='lat' dir='ltr'><strong>et</strong></span> 
     </span>
    </p>
   </div>
   <div class='ocr_carea' id='block_1_31' title="bbox 186 3123 1781 3195">
    <p class='ocr_par' dir='ltr' id='par_1_31' title="bbox 186 3123 1781 3195">
     <span class='ocr_line' id='line_1_31' title="bbox 186 3123 1781 3195; baseline 0.003 -20"><span class='ocrx_word' id='word_1_243' title='bbox 186 3123 447 3189; x_wconf 87' lang='lat' dir='ltr'><strong>adderet,</strong></span> <span class='ocrx_word' id='word_1_244' title='bbox 474 3123 531 3178; x_wconf 91' lang='lat' dir='ltr'><strong>In</strong></span> <span class='ocrx_word' id='word_1_245' title='bbox 554 3138 620 3179; x_wconf 88' lang='lat' dir='ltr'><strong>eo</strong></span> <span class='ocrx_word' id='word_1_246' title='bbox 643 3124 886 3191; x_wconf 89' lang='lat' dir='ltr'><strong>transiit,</strong></span> <span class='ocrx_word' id='word_1_247' title='bbox 915 3125 967 3179; x_wconf 92' lang='lat' dir='ltr'><strong>in</strong></span> <span class='ocrx_word' id='word_1_248' title='bbox 995 3138 1100 3195; x_wconf 94' lang='lat' dir='ltr'><strong>quo</strong></span> <span class='ocrx_word' id='word_1_249' title='bbox 1119 3139 1307 3179; x_wconf 89' lang='lat' dir='ltr'><strong>omnes</strong></span> <span class='ocrx_word' id='word_1_250' title='bbox 1330 3125 1468 3180; x_wconf 90' lang='lat' dir='ltr'><strong>illius</strong></span> <span class='ocrx_word' id='word_1_251' title='bbox 1491 3127 1643 3180; x_wconf 91' lang='lat' dir='ltr'><strong>unius</strong></span> <span class='ocrx_word' id='word_1_252' title='bbox 1663 3126 1781 3180; x_wconf 91' lang='lat' dir='ltr'><strong>imi-</strong></span> 
     </span>
    </p>
   </div>
   <div class='ocr_carea' id='block_1_32' title="bbox 186 3212 1777 3283">
    <p class='ocr_par' dir='ltr' id='par_1_32' title="bbox 186 3212 1777 3283">
     <span class='ocr_line' id='line_1_32' title="bbox 186 3212 1777 3283; baseline 0.003 -18"><span class='ocrx_word' id='word_1_253' title='bbox 186 3212 395 3267; x_wconf 85' lang='lat' dir='ltr'><strong>tatione</strong></span> <span class='ocrx_word' id='word_1_254' title='bbox 442 3222 821 3281; x_wconf 90' lang='lat' dir='ltr'><strong>peccaverunt.</strong></span> <span class='ocrx_word' id='word_1_255' title='bbox 871 3213 1063 3283; x_wconf 85' lang='lat' dir='ltr'><strong>Aliquo</strong></span> <span class='ocrx_word' id='word_1_256' title='bbox 1107 3214 1249 3269; x_wconf 92' lang='lat' dir='ltr'><strong>enim</strong></span> <span class='ocrx_word' id='word_1_257' title='bbox 1292 3214 1518 3269; x_wconf 91' lang='lat' dir='ltr'><strong>duorum</strong></span> <span class='ocrx_word' id='word_1_258' title='bbox 1557 3215 1777 3269; x_wconf 91' lang='lat' dir='ltr'><strong>istorum</strong></span> 
     </span>
    </p>
   </div>
   <div class='ocr_carea' id='block_1_33' title="bbox 185 3302 1779 3372">
    <p class='ocr_par' dir='ltr' id='par_1_33' title="bbox 185 3302 1779 3372">
     <span class='ocr_line' id='line_1_33' title="bbox 185 3302 1779 3372; baseline 0.004 -17"><span class='ocrx_word' id='word_1_259' title='bbox 185 3302 351 3358; x_wconf 85' lang='lat' dir='ltr'><strong>modo</strong></span> <span class='ocrx_word' id='word_1_260' title='bbox 375 3302 687 3372; x_wconf 90' lang='lat' dir='ltr'><strong>loqueretur</strong></span> <span class='ocrx_word' id='word_1_261' title='bbox 714 3304 998 3372; x_wconf 84' lang='lat' dir='ltr'><strong>Apostolus</strong></span> <span class='ocrx_word' id='word_1_262' title='bbox 1024 3303 1129 3359; x_wconf 91' lang='lat' dir='ltr'><strong>hoc</strong></span> <span class='ocrx_word' id='word_1_263' title='bbox 1167 3304 1284 3359; x_wconf 92' lang='lat' dir='ltr'><strong>loco</strong></span> <span class='ocrx_word' id='word_1_264' title='bbox 1303 3347 1316 3370; x_wconf 94' lang='lat'><strong>,</strong></span> <span class='ocrx_word' id='word_1_265' title='bbox 1344 3304 1389 3359; x_wconf 90' lang='lat' dir='ltr'><strong>si</strong></span> <span class='ocrx_word' id='word_1_266' title='bbox 1426 3306 1492 3360; x_wconf 89' lang='lat' dir='ltr'><strong>ad</strong></span> <span class='ocrx_word' id='word_1_267' title='bbox 1521 3314 1667 3360; x_wconf 92' lang='lat' dir='ltr'><strong>tuum</strong></span> <span class='ocrx_word' id='word_1_268' title='bbox 1697 3308 1779 3362; x_wconf 90' lang='lat' dir='ltr'><strong>vel</strong></span> 
     </span>
    </p>
   </div>
   <div class='ocr_carea' id='block_1_34' title="bbox 186 3395 1779 3467">
    <p class='ocr_par' dir='ltr' id='par_1_34' title="bbox 186 3395 1779 3467">
     <span class='ocr_line' id='line_1_34' title="bbox 186 3395 1779 3467; baseline 0.004 -20"><span class='ocrx_word' id='word_1_269' title='bbox 186 3410 367 3449; x_wconf 88' lang='lat' dir='ltr'><strong>meum</strong></span> <span class='ocrx_word' id='word_1_270' title='bbox 398 3395 707 3465; x_wconf 87' lang='lat' dir='ltr'><strong>loqueretur</strong></span> <span class='ocrx_word' id='word_1_271' title='bbox 729 3396 1026 3451; x_wconf 88' lang='lat' dir='ltr'><strong>arbitrium.</strong></span> <span class='ocrx_word' id='word_1_272' title='bbox 1050 3396 1182 3464; x_wconf 89' lang='lat' dir='ltr'><strong>Quia</strong></span> <span class='ocrx_word' id='word_1_273' title='bbox 1208 3411 1337 3467; x_wconf 90' lang='lat' dir='ltr'><strong>ergo</strong></span> <span class='ocrx_word' id='word_1_274' title='bbox 1363 3412 1460 3452; x_wconf 91' lang='lat' dir='ltr'><strong>nec</strong></span> <span class='ocrx_word' id='word_1_275' title='bbox 1485 3398 1613 3453; x_wconf 89' lang='lat' dir='ltr'><strong>illud</strong></span> <span class='ocrx_word' id='word_1_276' title='bbox 1640 3398 1779 3454; x_wconf 83' lang='lat' dir='ltr'><strong>dixit</strong></span> 
     </span>
    </p>
   </div>
   <div class='ocr_carea' id='block_1_35' title="bbox 182 3485 1779 3559">
    <p class='ocr_par' dir='ltr' id='par_1_35' title="bbox 182 3485 1779 3559">
     <span class='ocr_line' id='line_1_35' title="bbox 182 3485 1779 3559; baseline 0.004 -20"><span class='ocrx_word' id='word_1_277' title='bbox 182 3485 329 3555; x_wconf 88' lang='lat' dir='ltr'><strong>quod</strong></span> <span class='ocrx_word' id='word_1_278' title='bbox 353 3496 409 3539; x_wconf 93' lang='lat' dir='ltr'><strong>tu</strong></span> <span class='ocrx_word' id='word_1_279' title='bbox 433 3528 447 3553; x_wconf 92' lang='lat'><strong>,</strong></span> <span class='ocrx_word' id='word_1_280' title='bbox 476 3502 574 3542; x_wconf 85' lang='lat' dir='ltr'><strong>nec</strong></span> <span class='ocrx_word' id='word_1_281' title='bbox 602 3487 731 3541; x_wconf 91' lang='lat' dir='ltr'><strong>illud</strong></span> <span class='ocrx_word' id='word_1_282' title='bbox 758 3487 898 3556; x_wconf 89' lang='lat' dir='ltr'><strong>quod</strong></span> <span class='ocrx_word' id='word_1_283' title='bbox 922 3503 1056 3558; x_wconf 82' lang='lat' dir='ltr'><strong>ego;</strong></span> <span class='ocrx_word' id='word_1_284' title='bbox 1090 3489 1345 3559; x_wconf 90' lang='lat' dir='ltr'><strong>numquid</strong></span> <span class='ocrx_word' id='word_1_285' title='bbox 1376 3490 1454 3543; x_wconf 88' lang='lat' dir='ltr'><strong>vis</strong></span> <span class='ocrx_word' id='word_1_286' title='bbox 1494 3499 1551 3544; x_wconf 93' lang='lat' dir='ltr'><strong>ut</strong></span> <span class='ocrx_word' id='word_1_287' title='bbox 1589 3492 1779 3547; x_wconf 84' lang='lat' dir='ltr'><strong>creda-</strong></span> 
     </span>
    </p>
   </div>
   <div class='ocr_carea' id='block_1_36' title="bbox 183 3577 1780 3649">
    <p class='ocr_par' dir='ltr' id='par_1_36' title="bbox 183 3577 1780 3649">
     <span class='ocr_line' id='line_1_36' title="bbox 183 3577 1780 3649; baseline 0.004 -18"><span class='ocrx_word' id='word_1_288' title='bbox 183 3592 308 3631; x_wconf 88' lang='lat' dir='ltr'><strong>mus</strong></span> <span class='ocrx_word' id='word_1_289' title='bbox 335 3578 388 3631; x_wconf 91' lang='lat' dir='ltr'><strong>in</strong></span> <span class='ocrx_word' id='word_1_290' title='bbox 418 3577 500 3632; x_wconf 88' lang='lat' dir='ltr'><strong>his</strong></span> <span class='ocrx_word' id='word_1_291' title='bbox 527 3578 643 3648; x_wconf 89' lang='lat' dir='ltr'><strong>ejus</strong></span> <span class='ocrx_word' id='word_1_292' title='bbox 670 3578 868 3644; x_wconf 88' lang='lat' dir='ltr'><strong>verbis,</strong></span> <span class='ocrx_word' id='word_1_293' title='bbox 895 3579 1262 3649; x_wconf 89' lang='lat' dir='ltr'><strong>necoriginale</strong></span> <span class='ocrx_word' id='word_1_294' title='bbox 1288 3581 1575 3635; x_wconf 89' lang='lat' dir='ltr'><strong>secundum</strong></span> <span class='ocrx_word' id='word_1_295' title='bbox 1588 3580 1780 3638; x_wconf 87' lang='lat' dir='ltr'><strong>Catho-</strong></span> 
     </span>
    </p>
   </div>
   <div class='ocr_carea' id='block_1_37' title="bbox 185 3668 1781 3743">
    <p class='ocr_par' dir='ltr' id='par_1_37' title="bbox 185 3668 1781 3743">
     <span class='ocr_line' id='line_1_37' title="bbox 185 3668 1781 3743; baseline 0.004 -23"><span class='ocrx_word' id='word_1_296' title='bbox 185 3668 341 3734; x_wconf 87' lang='lat' dir='ltr'><strong>lieos,</strong></span> <span class='ocrx_word' id='word_1_297' title='bbox 366 3682 471 3722; x_wconf 89' lang='lat' dir='ltr'><strong>nec</strong></span> <span class='ocrx_word' id='word_1_298' title='bbox 493 3668 833 3723; x_wconf 88' lang='lat' dir='ltr'><strong>imitatorium</strong></span> <span class='ocrx_word' id='word_1_299' title='bbox 852 3668 1143 3723; x_wconf 91' lang='lat' dir='ltr'><strong>secundum</strong></span> <span class='ocrx_word' id='word_1_300' title='bbox 1162 3669 1470 3741; x_wconf 88' lang='lat' dir='ltr'><strong>Pelagianos</strong></span> <span class='ocrx_word' id='word_1_301' title='bbox 1486 3671 1781 3743; x_wconf 84' lang='lat' dir='ltr'><strong>intelligen-</strong></span> 
     </span>
    </p>
   </div>
   <div class='ocr_carea' id='block_1_38' title="bbox 182 3759 1780 3833">
    <p class='ocr_par' dir='ltr' id='par_1_38' title="bbox 182 3759 1780 3833">
     <span class='ocr_line' id='line_1_38' title="bbox 182 3759 1780 3833; baseline 0.003 -21"><span class='ocrx_word' id='word_1_302' title='bbox 182 3759 311 3813; x_wconf 86' lang='lat' dir='ltr'><strong>dum</strong></span> <span class='ocrx_word' id='word_1_303' title='bbox 352 3774 474 3814; x_wconf 84' lang='lat' dir='ltr'><strong>esse</strong></span> <span class='ocrx_word' id='word_1_304' title='bbox 495 3760 812 3829; x_wconf 78' lang='lat' dir='ltr'><strong>peccatum?</strong></span> <span class='ocrx_word' id='word_1_305' title='bbox 849 3760 984 3815; x_wconf 85' lang='lat' dir='ltr'><strong>Puto</strong></span> <span class='ocrx_word' id='word_1_306' title='bbox 1003 3760 1143 3831; x_wconf 90' lang='lat' dir='ltr'><strong>quod</strong></span> <span class='ocrx_word' id='word_1_307' title='bbox 1167 3761 1323 3815; x_wconf 91' lang='lat' dir='ltr'><strong>nolis.</strong></span> <span class='ocrx_word' id='word_1_308' title='bbox 1356 3761 1592 3817; x_wconf 82' lang='lat' dir='ltr'><strong>Remove</strong></span> <span class='ocrx_word' id='word_1_309' title='bbox 1620 3763 1780 3833; x_wconf 86' lang='lat' dir='ltr'><strong>igitur</strong></span> 
     </span>
    </p>
   </div>
   <div class='ocr_carea' id='block_1_39' title="bbox 184 3856 1783 3927">
    <p class='ocr_par' dir='ltr' id='par_1_39' title="bbox 184 3856 1783 3927">
     <span class='ocr_line' id='line_1_39' title="bbox 184 3856 1783 3927; baseline 0.002 -19"><span class='ocrx_word' id='word_1_310' title='bbox 184 3857 281 3908; x_wconf 87' lang='lat' dir='ltr'><strong>ista</strong></span> <span class='ocrx_word' id='word_1_311' title='bbox 305 3870 427 3926; x_wconf 85' lang='lat' dir='ltr'><strong>quae</strong></span> <span class='ocrx_word' id='word_1_312' title='bbox 450 3864 671 3927; x_wconf 89' lang='lat' dir='ltr'><strong>possunt</strong></span> <span class='ocrx_word' id='word_1_313' title='bbox 689 3870 752 3910; x_wconf 85' lang='lat' dir='ltr'><strong>ex</strong></span> <span class='ocrx_word' id='word_1_314' title='bbox 779 3862 1001 3925; x_wconf 90' lang='lat' dir='ltr'><strong>utraque</strong></span> <span class='ocrx_word' id='word_1_315' title='bbox 1021 3864 1167 3925; x_wconf 91' lang='lat' dir='ltr'><strong>parte</strong></span> <span class='ocrx_word' id='word_1_316' title='bbox 1190 3856 1471 3911; x_wconf 88' lang='lat' dir='ltr'><strong>momentis</strong></span> <span class='ocrx_word' id='word_1_317' title='bbox 1490 3857 1783 3926; x_wconf 60' lang='lat' dir='ltr'><strong>aqualibus</strong></span> 
     </span>
    </p>
   </div>
   <div class='ocr_carea' id='block_1_40' title="bbox 184 3945 1783 4016">
    <p class='ocr_par' dir='ltr' id='par_1_40' title="bbox 184 3945 1783 4016">
     <span class='ocr_line' id='line_1_40' title="bbox 184 3945 1783 4016; baseline 0.003 -17"><span class='ocrx_word' id='word_1_318' title='bbox 184 3946 286 4000; x_wconf 88' lang='lat' dir='ltr'><strong>dici</strong></span> <span class='ocrx_word' id='word_1_319' title='bbox 308 3988 325 4011; x_wconf 92' lang='lat'><strong>,</strong></span> <span class='ocrx_word' id='word_1_320' title='bbox 350 3954 405 4000; x_wconf 89' lang='lat' dir='ltr'><strong>et</strong></span> <span class='ocrx_word' id='word_1_321' title='bbox 434 3946 477 3999; x_wconf 90' lang='lat' dir='ltr'><strong>si</strong></span> <span class='ocrx_word' id='word_1_322' title='bbox 507 3946 600 3999; x_wconf 89' lang='lat' dir='ltr'><strong>tibi</strong></span> <span class='ocrx_word' id='word_1_323' title='bbox 636 3947 808 4014; x_wconf 87' lang='lat' dir='ltr'><strong>placet</strong></span> <span class='ocrx_word' id='word_1_324' title='bbox 832 3947 948 4001; x_wconf 85' lang='lat' dir='ltr'><strong>sine</strong></span> <span class='ocrx_word' id='word_1_325' title='bbox 969 3947 1311 4001; x_wconf 89' lang='lat' dir='ltr'><strong>contentione</strong></span> <span class='ocrx_word' id='word_1_326' title='bbox 1340 3945 1463 4016; x_wconf 91' lang='lat' dir='ltr'><strong>quid</strong></span> <span class='ocrx_word' id='word_1_327' title='bbox 1496 3947 1783 4015; x_wconf 84' lang='lat' dir='ltr'><strong>Apostolus</strong></span> 
     </span>
    </p>
   </div>
   <div class='ocr_carea' id='block_1_41' title="bbox 184 4035 1778 4107">
    <p class='ocr_par' dir='ltr' id='par_1_41' title="bbox 184 4035 1778 4107">
     <span class='ocr_line' id='line_1_41' title="bbox 184 4035 1778 4107; baseline 0.001 -16"><span class='ocrx_word' id='word_1_328' title='bbox 184 4037 385 4091; x_wconf 80' lang='lat' dir='ltr'><strong>dixerit</strong></span> <span class='ocrx_word' id='word_1_329' title='bbox 413 4035 640 4099; x_wconf 89' lang='lat' dir='ltr'><strong>intueri,</strong></span> <span class='ocrx_word' id='word_1_330' title='bbox 665 4035 902 4101; x_wconf 87' lang='lat' dir='ltr'><strong>adverte,</strong></span> <span class='ocrx_word' id='word_1_331' title='bbox 934 4043 992 4088; x_wconf 92' lang='lat' dir='ltr'><strong>ut</strong></span> <span class='ocrx_word' id='word_1_332' title='bbox 1019 4036 1121 4089; x_wconf 90' lang='lat' dir='ltr'><strong>hoc</strong></span> <span class='ocrx_word' id='word_1_333' title='bbox 1144 4036 1380 4100; x_wconf 88' lang='lat' dir='ltr'><strong>diceret,</strong></span> <span class='ocrx_word' id='word_1_334' title='bbox 1403 4036 1528 4106; x_wconf 90' lang='lat' dir='ltr'><strong>quid</strong></span> <span class='ocrx_word' id='word_1_335' title='bbox 1551 4038 1740 4107; x_wconf 86' lang='lat' dir='ltr'><strong>agebat</strong></span> <span class='ocrx_word' id='word_1_336' title='bbox 1764 4057 1778 4092; x_wconf 92' lang='lat'><strong><em>:</em></strong></span> 
     </span>
    </p>
   </div>
   <div class='ocr_carea' id='block_1_42' title="bbox 184 4126 1780 4197">
    <p class='ocr_par' dir='ltr' id='par_1_42' title="bbox 184 4126 1780 4197">
     <span class='ocr_line' id='line_1_42' title="bbox 184 4126 1780 4197; baseline 0 -14"><span class='ocrx_word' id='word_1_337' title='bbox 184 4139 237 4183; x_wconf 85' lang='lat' dir='ltr'><strong>et</strong></span> <span class='ocrx_word' id='word_1_338' title='bbox 261 4127 513 4183; x_wconf 89' lang='lat' dir='ltr'><strong>invenies</strong></span> <span class='ocrx_word' id='word_1_339' title='bbox 534 4141 628 4197; x_wconf 92' lang='lat' dir='ltr'><strong>per</strong></span> <span class='ocrx_word' id='word_1_340' title='bbox 650 4142 812 4181; x_wconf 92' lang='lat' dir='ltr'><strong>unum</strong></span> <span class='ocrx_word' id='word_1_341' title='bbox 840 4126 1109 4182; x_wconf 90' lang='lat' dir='ltr'><strong>hominem</strong></span> <span class='ocrx_word' id='word_1_342' title='bbox 1130 4126 1262 4181; x_wconf 89' lang='lat' dir='ltr'><strong>iram</strong></span> <span class='ocrx_word' id='word_1_343' title='bbox 1286 4128 1377 4183; x_wconf 86' lang='lat' dir='ltr'><strong>Dei</strong></span> <span class='ocrx_word' id='word_1_344' title='bbox 1404 4143 1565 4197; x_wconf 86' lang='lat' dir='ltr'><strong>super</strong></span> <span class='ocrx_word' id='word_1_345' title='bbox 1588 4128 1780 4184; x_wconf 59' lang='lat' dir='ltr'><strong>huius.</strong></span> 
     </span>
    </p>
   </div>
   <div class='ocr_carea' id='block_1_43' title="bbox 183 4210 1778 4288">
    <p class='ocr_par' dir='ltr' id='par_1_43' title="bbox 183 4210 1778 4288">
     <span class='ocr_line' id='line_1_43' title="bbox 183 4210 1778 4288; baseline 0 -15"><span class='ocrx_word' id='word_1_346' title='bbox 183 4234 310 4273; x_wconf 87' lang='lat' dir='ltr'><strong>num</strong></span> <span class='ocrx_word' id='word_1_347' title='bbox 340 4233 511 4288; x_wconf 91' lang='lat' dir='ltr'><strong>genus</strong></span> <span class='ocrx_word' id='word_1_348' title='bbox 530 4256 544 4280; x_wconf 92' lang='lat'><strong>,</strong></span> <span class='ocrx_word' id='word_1_349' title='bbox 601 4226 655 4271; x_wconf 91' lang='lat' dir='ltr'><strong>et</strong></span> <span class='ocrx_word' id='word_1_350' title='bbox 688 4232 784 4287; x_wconf 91' lang='lat' dir='ltr'><strong>per</strong></span> <span class='ocrx_word' id='word_1_351' title='bbox 810 4210 973 4271; x_wconf 81' lang='lat' dir='ltr'><strong>unum</strong></span> <span class='ocrx_word' id='word_1_352' title='bbox 1004 4215 1271 4271; x_wconf 87' lang='lat' dir='ltr'><strong>hominem</strong></span> <span class='ocrx_word' id='word_1_353' title='bbox 1297 4218 1778 4274; x_wconf 75' lang='lat' dir='ltr'><strong>reconciliationem</strong></span> 
     </span>
    </p>
   </div>
   <div class='ocr_carea' id='block_1_44' title="bbox 184 4306 1781 4376">
    <p class='ocr_par' dir='ltr' id='par_1_44' title="bbox 184 4306 1781 4376">
     <span class='ocr_line' id='line_1_44' title="bbox 184 4306 1781 4376; baseline -0.001 -12"><span class='ocrx_word' id='word_1_354' title='bbox 184 4311 317 4374; x_wconf 89' lang='lat' dir='ltr'><strong>Deo,</strong></span> <span class='ocrx_word' id='word_1_355' title='bbox 337 4322 523 4363; x_wconf 89' lang='lat' dir='ltr'><strong>eorum</strong></span> <span class='ocrx_word' id='word_1_356' title='bbox 544 4307 632 4376; x_wconf 90' lang='lat' dir='ltr'><strong>qui</strong></span> <span class='ocrx_word' id='word_1_357' title='bbox 653 4321 717 4362; x_wconf 85' lang='lat' dir='ltr'><strong>ex</strong></span> <span class='ocrx_word' id='word_1_358' title='bbox 732 4306 1071 4360; x_wconf 89' lang='lat' dir='ltr'><strong>damnatione</strong></span> <span class='ocrx_word' id='word_1_359' title='bbox 1088 4306 1248 4360; x_wconf 92' lang='lat' dir='ltr'><strong>totius</strong></span> <span class='ocrx_word' id='word_1_360' title='bbox 1266 4308 1473 4376; x_wconf 85' lang='lat' dir='ltr'><strong>generis</strong></span> <span class='ocrx_word' id='word_1_361' title='bbox 1490 4307 1781 4363; x_wconf 84' lang='lat' dir='ltr'><strong>liberantur</strong></span> 
     </span>
    </p>
   </div>
   <div class='ocr_carea' id='block_1_45' title="bbox 182 4396 1782 4473">
    <p class='ocr_par' dir='ltr' id='par_1_45' title="bbox 182 4396 1782 4473">
     <span class='ocr_line' id='line_1_45' title="bbox 182 4396 1782 4473; baseline 0.001 -20"><span class='ocrx_word' id='word_1_362' title='bbox 182 4401 369 4473; x_wconf 88' lang='lat' dir='ltr'><strong>gratis.</strong></span> <span class='ocrx_word' id='word_1_363' title='bbox 404 4397 496 4453; x_wconf 90' lang='lat' dir='ltr'><strong>llle</strong></span> <span class='ocrx_word' id='word_1_364' title='bbox 515 4407 595 4452; x_wconf 91' lang='lat' dir='ltr'><strong>est</strong></span> <span class='ocrx_word' id='word_1_365' title='bbox 621 4397 996 4468; x_wconf 86' lang='lat' dir='ltr'><strong>primusAdam</strong></span> <span class='ocrx_word' id='word_1_366' title='bbox 1015 4396 1180 4452; x_wconf 90' lang='lat' dir='ltr'><strong>factus</strong></span> <span class='ocrx_word' id='word_1_367' title='bbox 1205 4413 1275 4453; x_wconf 89' lang='lat' dir='ltr'><strong>ex</strong></span> <span class='ocrx_word' id='word_1_368' title='bbox 1304 4399 1578 4460; x_wconf 90' lang='lat' dir='ltr'><strong>tcrra,iste</strong></span> <span class='ocrx_word' id='word_1_369' title='bbox 1597 4407 1678 4453; x_wconf 89' lang='lat' dir='ltr'><strong>est</strong></span> <span class='ocrx_word' id='word_1_370' title='bbox 1698 4415 1782 4455; x_wconf 54' lang='lat' dir='ltr'><strong>se.</strong></span> 
     </span>
    </p>
   </div>
   <div class='ocr_carea' id='block_1_46' title="bbox 181 4489 1780 4559">
    <p class='ocr_par' dir='ltr' id='par_1_46' title="bbox 181 4489 1780 4559">
     <span class='ocr_line' id='line_1_46' title="bbox 181 4489 1780 4559; baseline 0 -14"><span class='ocrx_word' id='word_1_371' title='bbox 181 4491 390 4545; x_wconf 90' lang='lat' dir='ltr'><strong>cundus</strong></span> <span class='ocrx_word' id='word_1_372' title='bbox 404 4489 571 4544; x_wconf 79' lang='lat' dir='ltr'><strong>Adam</strong></span> <span class='ocrx_word' id='word_1_373' title='bbox 590 4489 757 4544; x_wconf 89' lang='lat' dir='ltr'><strong>factus</strong></span> <span class='ocrx_word' id='word_1_374' title='bbox 770 4504 834 4544; x_wconf 82' lang='lat' dir='ltr'><strong>ex</strong></span> <span class='ocrx_word' id='word_1_375' title='bbox 855 4489 1065 4543; x_wconf 86' lang='lat' dir='ltr'><strong>femina.</strong></span> <span class='ocrx_word' id='word_1_376' title='bbox 1084 4489 1190 4543; x_wconf 88' lang='lat' dir='ltr'><strong>Sed</strong></span> <span class='ocrx_word' id='word_1_377' title='bbox 1214 4489 1281 4542; x_wconf 87' lang='lat' dir='ltr'><strong>ibi</strong></span> <span class='ocrx_word' id='word_1_378' title='bbox 1302 4504 1399 4559; x_wconf 91' lang='lat' dir='ltr'><strong>per</strong></span> <span class='ocrx_word' id='word_1_379' title='bbox 1413 4489 1640 4544; x_wconf 85' lang='lat' dir='ltr'><strong>Verbum</strong></span> <span class='ocrx_word' id='word_1_380' title='bbox 1653 4506 1780 4546; x_wconf 89' lang='lat' dir='ltr'><strong>caro</strong></span> 
     </span>
    </p>
   </div>
   <div class='ocr_carea' id='block_1_47' title="bbox 184 4581 1780 4650">
    <p class='ocr_par' dir='ltr' id='par_1_47' title="bbox 184 4581 1780 4650">
     <span class='ocr_line' id='line_1_47' title="bbox 184 4581 1780 4650; baseline 0.002 -14"><span class='ocrx_word' id='word_1_381' title='bbox 184 4583 321 4638; x_wconf 78' lang='lat' dir='ltr'><strong>facta</strong></span> <span class='ocrx_word' id='word_1_382' title='bbox 335 4593 450 4649; x_wconf 88' lang='lat' dir='ltr'><strong>est,</strong></span> <span class='ocrx_word' id='word_1_383' title='bbox 476 4583 558 4637; x_wconf 88' lang='lat' dir='ltr'><strong>hic</strong></span> <span class='ocrx_word' id='word_1_384' title='bbox 575 4590 750 4636; x_wconf 89' lang='lat' dir='ltr'><strong>autem</strong></span> <span class='ocrx_word' id='word_1_385' title='bbox 779 4582 948 4650; x_wconf 90' lang='lat' dir='ltr'><strong>ipsum</strong></span> <span class='ocrx_word' id='word_1_386' title='bbox 972 4581 1199 4635; x_wconf 86' lang='lat' dir='ltr'><strong>Verbum</strong></span> <span class='ocrx_word' id='word_1_387' title='bbox 1221 4596 1345 4635; x_wconf 89' lang='lat' dir='ltr'><strong>caro</strong></span> <span class='ocrx_word' id='word_1_388' title='bbox 1366 4581 1560 4636; x_wconf 87' lang='lat' dir='ltr'><strong>factum</strong></span> <span class='ocrx_word' id='word_1_389' title='bbox 1582 4592 1696 4648; x_wconf 89' lang='lat' dir='ltr'><strong>est;</strong></span> <span class='ocrx_word' id='word_1_390' title='bbox 1720 4594 1780 4639; x_wconf 90' lang='lat' dir='ltr'><strong>ut</strong></span> 
     </span>
    </p>
   </div>
   <div class='ocr_carea' id='block_1_48' title="bbox 184 4673 1774 4743">
    <p class='ocr_par' dir='ltr' id='par_1_48' title="bbox 184 4673 1774 4743">
     <span class='ocr_line' id='line_1_48' title="bbox 184 4673 1774 4743; baseline 0.002 -15"><span class='ocrx_word' id='word_1_391' title='bbox 184 4690 282 4743; x_wconf 84' lang='lat' dir='ltr'><strong>per</strong></span> <span class='ocrx_word' id='word_1_392' title='bbox 301 4674 419 4743; x_wconf 82' lang='lat' dir='ltr'><strong>ejus</strong></span> <span class='ocrx_word' id='word_1_393' title='bbox 436 4683 659 4728; x_wconf 88' lang='lat' dir='ltr'><strong>mortem</strong></span> <span class='ocrx_word' id='word_1_394' title='bbox 679 4673 938 4737; x_wconf 87' lang='lat' dir='ltr'><strong>vivamus,</strong></span> <span class='ocrx_word' id='word_1_395' title='bbox 956 4688 1060 4742; x_wconf 91' lang='lat' dir='ltr'><strong>quo</strong></span> <span class='ocrx_word' id='word_1_396' title='bbox 1074 4674 1256 4727; x_wconf 89' lang='lat' dir='ltr'><strong>relicto</strong></span> <span class='ocrx_word' id='word_1_397' title='bbox 1273 4676 1464 4728; x_wconf 92' lang='lat' dir='ltr'><strong>mortui</strong></span> <span class='ocrx_word' id='word_1_398' title='bbox 1488 4674 1774 4731; x_wconf 89' lang='lat' dir='ltr'><strong>fueramus.</strong></span> 
     </span>
    </p>
   </div>
   <div class='ocr_carea' id='block_1_49' title="bbox 184 4763 1776 4835">
    <p class='ocr_par' dir='ltr' id='par_1_49' title="bbox 184 4763 1776 4835">
     <span class='ocr_line' id='line_1_49' title="bbox 184 4763 1776 4835; baseline 0 -16"><span class='ocrx_word' id='word_1_399' title='bbox 184 4764 537 4829; x_wconf 81' lang='lat' dir='ltr'><strong>Commendat,</strong></span> <span class='ocrx_word' id='word_1_400' title='bbox 561 4764 748 4833; x_wconf 87' lang='lat' dir='ltr'><strong>inquit,</strong></span> <span class='ocrx_word' id='word_1_401' title='bbox 766 4780 910 4817; x_wconf 91' lang='lat' dir='ltr'><strong>suam</strong></span> <span class='ocrx_word' id='word_1_402' title='bbox 921 4764 1213 4817; x_wconf 87' lang='lat' dir='ltr'><strong>charitatem</strong></span> <span class='ocrx_word' id='word_1_403' title='bbox 1237 4763 1367 4817; x_wconf 88' lang='lat' dir='ltr'><strong>Deus</strong></span> <span class='ocrx_word' id='word_1_404' title='bbox 1394 4766 1446 4817; x_wconf 88' lang='lat' dir='ltr'><strong>in</strong></span> <span class='ocrx_word' id='word_1_405' title='bbox 1466 4765 1626 4826; x_wconf 86' lang='lat' dir='ltr'><strong>nobis,</strong></span> <span class='ocrx_word' id='word_1_406' title='bbox 1648 4782 1776 4835; x_wconf 85' lang='lat' dir='ltr'><strong>quo-</strong></span> 
     </span>
    </p>
   </div>
   <div class='ocr_carea' id='block_1_50' title="bbox 185 4854 1773 4926">
    <p class='ocr_par' dir='ltr' id='par_1_50' title="bbox 185 4854 1773 4926">
     <span class='ocr_line' id='line_1_50' title="bbox 185 4854 1773 4926; baseline 0 -16"><span class='ocrx_word' id='word_1_407' title='bbox 185 4859 325 4910; x_wconf 83' lang='lat' dir='ltr'><strong>niam</strong></span> <span class='ocrx_word' id='word_1_408' title='bbox 348 4872 466 4910; x_wconf 88' lang='lat' dir='ltr'><strong>cum</strong></span> <span class='ocrx_word' id='word_1_409' title='bbox 493 4856 661 4909; x_wconf 89' lang='lat' dir='ltr'><strong>adhuc</strong></span> <span class='ocrx_word' id='word_1_410' title='bbox 690 4864 974 4926; x_wconf 88' lang='lat' dir='ltr'><strong>peccatores</strong></span> <span class='ocrx_word' id='word_1_411' title='bbox 1014 4870 1261 4919; x_wconf 92' lang='lat' dir='ltr'><strong>essemus,</strong></span> <span class='ocrx_word' id='word_1_412' title='bbox 1294 4854 1521 4909; x_wconf 79' lang='lat' dir='ltr'><strong>Christus</strong></span> <span class='ocrx_word' id='word_1_413' title='bbox 1561 4873 1652 4924; x_wconf 89' lang='lat' dir='ltr'><strong>pro</strong></span> <span class='ocrx_word' id='word_1_414' title='bbox 1678 4872 1773 4909; x_wconf 86' lang='lat' dir='ltr'><strong>no-</strong></span> 
     </span>
    </p>
   </div>
   <div class='ocr_carea' id='block_1_51' title="bbox 184 4945 1773 5016">
    <p class='ocr_par' dir='ltr' id='par_1_51' title="bbox 184 4945 1773 5016">
     <span class='ocr_line' id='line_1_51' title="bbox 184 4945 1773 5016; baseline 0 -15"><span class='ocrx_word' id='word_1_415' title='bbox 184 4949 261 5003; x_wconf 86' lang='lat' dir='ltr'><strong>bis</strong></span> <span class='ocrx_word' id='word_1_416' title='bbox 285 4956 517 5001; x_wconf 84' lang='lat' dir='ltr'><strong>mortuus</strong></span> <span class='ocrx_word' id='word_1_417' title='bbox 546 4956 654 5013; x_wconf 87' lang='lat' dir='ltr'><strong>est;</strong></span> <span class='ocrx_word' id='word_1_418' title='bbox 681 4948 839 5000; x_wconf 89' lang='lat' dir='ltr'><strong>multo</strong></span> <span class='ocrx_word' id='word_1_419' title='bbox 879 4945 1037 5016; x_wconf 89' lang='lat' dir='ltr'><strong>magis</strong></span> <span class='ocrx_word' id='word_1_420' title='bbox 1076 4945 1348 5016; x_wconf 82' lang='lat' dir='ltr'><strong>justiﬁcati</strong></span> <span class='ocrx_word' id='word_1_421' title='bbox 1386 4962 1519 4999; x_wconf 87' lang='lat' dir='ltr'><strong>nunc</strong></span> <span class='ocrx_word' id='word_1_422' title='bbox 1559 4947 1614 5000; x_wconf 88' lang='lat' dir='ltr'><strong>in</strong></span> <span class='ocrx_word' id='word_1_423' title='bbox 1652 4964 1773 5001; x_wconf 86' lang='lat' dir='ltr'><strong>san-</strong></span> 
     </span>
    </p>
   </div>
   <div class='ocr_carea' id='block_1_52' title="bbox 182 5034 1774 5110">
    <p class='ocr_par' dir='ltr' id='par_1_52' title="bbox 182 5034 1774 5110">
     <span class='ocr_line' id='line_1_52' title="bbox 182 5034 1774 5110; baseline 0.001 -18"><span class='ocrx_word' id='word_1_424' title='bbox 182 5042 336 5110; x_wconf 84' lang='lat' dir='ltr'><strong>guine</strong></span> <span class='ocrx_word' id='word_1_425' title='bbox 350 5039 531 5110; x_wconf 82' lang='lat' dir='ltr'><strong>ipsius,</strong></span> <span class='ocrx_word' id='word_1_426' title='bbox 550 5038 675 5091; x_wconf 87' lang='lat' dir='ltr'><strong>salvi</strong></span> <span class='ocrx_word' id='word_1_427' title='bbox 694 5037 878 5090; x_wconf 84' lang='lat' dir='ltr'><strong>erimus</strong></span> <span class='ocrx_word' id='word_1_428' title='bbox 894 5036 955 5088; x_wconf 92' lang='lat' dir='ltr'><strong>ab</strong></span> <span class='ocrx_word' id='word_1_429' title='bbox 966 5036 1043 5089; x_wconf 87' lang='lat' dir='ltr'><strong>ira</strong></span> <span class='ocrx_word' id='word_1_430' title='bbox 1065 5052 1153 5104; x_wconf 87' lang='lat' dir='ltr'><strong>per</strong></span> <span class='ocrx_word' id='word_1_431' title='bbox 1172 5036 1335 5103; x_wconf 84' lang='lat' dir='ltr'><strong>ipsum</strong></span> <span class='ocrx_word' id='word_1_432' title='bbox 1361 5034 1527 5105; x_wconf 83' lang='lat' dir='ltr'><strong>(Rom.</strong></span> <span class='ocrx_word' id='word_1_433' title='bbox 1548 5053 1603 5101; x_wconf 86' lang='lat' dir='ltr'><strong>v,</strong></span> <span class='ocrx_word' id='word_1_434' title='bbox 1618 5038 1670 5103; x_wconf 91' lang='lat'><strong>8,</strong></span> <span class='ocrx_word' id='word_1_435' title='bbox 1692 5038 1774 5110; x_wconf 90' lang='lat'><strong>9.)</strong></span> 
     </span>
    </p>
   </div>
   <div class='ocr_carea' id='block_1_53' title="bbox 256 5125 1772 5196">
    <p class='ocr_par' dir='ltr' id='par_1_53' title="bbox 256 5125 1772 5196">
     <span class='ocr_line' id='line_1_53' title="bbox 256 5125 1772 5196; baseline -0.001 -12"><span class='ocrx_word' id='word_1_436' title='bbox 256 5130 347 5184; x_wconf 82' lang='lat'><strong>78.</strong></span> <span class='ocrx_word' id='word_1_437' title='bbox 382 5129 458 5183; x_wconf 90' lang='lat' dir='ltr'><strong>De</strong></span> <span class='ocrx_word' id='word_1_438' title='bbox 480 5128 579 5183; x_wconf 88' lang='lat' dir='ltr'><strong>hac</strong></span> <span class='ocrx_word' id='word_1_439' title='bbox 605 5128 681 5182; x_wconf 86' lang='lat' dir='ltr'><strong>ira</strong></span> <span class='ocrx_word' id='word_1_440' title='bbox 716 5128 879 5181; x_wconf 83' lang='lat' dir='ltr'><strong>dicit:</strong></span> <span class='ocrx_word' id='word_1_441' title='bbox 912 5125 1131 5180; x_wconf 87' lang='lat' dir='ltr'><strong>Eramus</strong></span> <span class='ocrx_word' id='word_1_442' title='bbox 1151 5135 1195 5179; x_wconf 91' lang='lat' dir='ltr'><strong>et</strong></span> <span class='ocrx_word' id='word_1_443' title='bbox 1222 5143 1312 5179; x_wconf 87' lang='lat' dir='ltr'><strong>nos</strong></span> <span class='ocrx_word' id='word_1_444' title='bbox 1341 5134 1523 5179; x_wconf 86' lang='lat' dir='ltr'><strong>natura</strong></span> <span class='ocrx_word' id='word_1_445' title='bbox 1549 5128 1644 5195; x_wconf 84' lang='lat' dir='ltr'><strong>ﬁlii</strong></span> <span class='ocrx_word' id='word_1_446' title='bbox 1664 5130 1772 5196; x_wconf 74' lang='lat' dir='ltr'><strong>irat,</strong></span> 
     </span>
    </p>
   </div>
   <div class='ocr_carea' id='block_1_54' title="bbox 184 5216 1775 5288">
    <p class='ocr_par' dir='ltr' id='par_1_54' title="bbox 184 5216 1775 5288">
     <span class='ocr_line' id='line_1_54' title="bbox 184 5216 1775 5288; baseline 0.002 -17"><span class='ocrx_word' id='word_1_447' title='bbox 184 5219 315 5272; x_wconf 83' lang='lat' dir='ltr'><strong>sicut</strong></span> <span class='ocrx_word' id='word_1_448' title='bbox 334 5227 383 5271; x_wconf 89' lang='lat' dir='ltr'><strong>et</strong></span> <span class='ocrx_word' id='word_1_449' title='bbox 404 5219 567 5272; x_wconf 83' lang='lat' dir='ltr'><strong>cteteri</strong></span> <span class='ocrx_word' id='word_1_450' title='bbox 593 5216 803 5288; x_wconf 72' lang='lat' dir='ltr'><strong>(Ep/tes.</strong></span> <span class='ocrx_word' id='word_1_451' title='bbox 829 5232 897 5281; x_wconf 86' lang='grc' dir='ltr'>ιι,</span> <span class='ocrx_word' id='word_1_452' title='bbox 929 5218 1005 5285; x_wconf 79' lang='lat'><strong>3).</strong></span> <span class='ocrx_word' id='word_1_453' title='bbox 1039 5217 1111 5271; x_wconf 92' lang='lat' dir='ltr'><strong>De</strong></span> <span class='ocrx_word' id='word_1_454' title='bbox 1139 5217 1236 5270; x_wconf 87' lang='lat' dir='ltr'><strong>hac</strong></span> <span class='ocrx_word' id='word_1_455' title='bbox 1262 5217 1335 5269; x_wconf 89' lang='lat' dir='ltr'><strong>ira</strong></span> <span class='ocrx_word' id='word_1_456' title='bbox 1362 5216 1490 5271; x_wconf 90' lang='lat' dir='ltr'><strong>dicit</strong></span> <span class='ocrx_word' id='word_1_457' title='bbox 1515 5217 1775 5274; x_wconf 87' lang='lat' dir='ltr'><strong>Jeremias</strong></span> 
     </span>
    </p>
   </div>
   <div class='ocr_carea' id='block_1_55' title="bbox 188 5308 1770 5380">
    <p class='ocr_par' dir='ltr' id='par_1_55' title="bbox 188 5308 1770 5380">
     <span class='ocr_line' id='line_1_55' title="bbox 188 5308 1770 5380; baseline 0 -16"><span class='ocrx_word' id='word_1_458' title='bbox 188 5310 450 5380; x_wconf 85' lang='lat' dir='ltr'><strong>propheta</strong></span> <span class='ocrx_word' id='word_1_459' title='bbox 482 5328 494 5363; x_wconf 95' lang='lat'>:</span> <span class='ocrx_word' id='word_1_460' title='bbox 525 5308 831 5364; x_wconf 80' lang='lat' dir='ltr'><strong>Maledictus</strong></span> <span class='ocrx_word' id='word_1_461' title='bbox 857 5309 963 5363; x_wconf 85' lang='lat' dir='ltr'><strong>dies</strong></span> <span class='ocrx_word' id='word_1_462' title='bbox 991 5310 1045 5362; x_wconf 87' lang='lat' dir='ltr'><strong>in</strong></span> <span class='ocrx_word' id='word_1_463' title='bbox 1078 5326 1175 5377; x_wconf 89' lang='lat' dir='ltr'><strong>quo</strong></span> <span class='ocrx_word' id='word_1_464' title='bbox 1204 5317 1354 5361; x_wconf 86' lang='lat' dir='ltr'><strong>natus</strong></span> <span class='ocrx_word' id='word_1_465' title='bbox 1396 5325 1508 5362; x_wconf 88' lang='lat' dir='ltr'><strong>sum</strong></span> <span class='ocrx_word' id='word_1_466' title='bbox 1548 5309 1770 5379; x_wconf 77' lang='lat' dir='ltr'><strong>(Jerem.</strong></span> 
     </span>
    </p>
   </div>
   <div class='ocr_carea' id='block_1_56' title="bbox 190 5398 1775 5470">
    <p class='ocr_par' dir='ltr' id='par_1_56' title="bbox 190 5398 1775 5470">
     <span class='ocr_line' id='line_1_56' title="bbox 190 5398 1775 5470; baseline 0.003 -17"><span class='ocrx_word' id='word_1_467' title='bbox 190 5417 294 5463; x_wconf 77' lang='lat' dir='ltr'><strong>xx,</strong></span> <span class='ocrx_word' id='word_1_468' title='bbox 328 5401 455 5470; x_wconf 76' lang='grc'><strong>14).</strong></span> <span class='ocrx_word' id='word_1_469' title='bbox 509 5400 583 5454; x_wconf 91' lang='lat' dir='ltr'><strong>De</strong></span> <span class='ocrx_word' id='word_1_470' title='bbox 610 5401 709 5454; x_wconf 87' lang='lat' dir='ltr'><strong>hac</strong></span> <span class='ocrx_word' id='word_1_471' title='bbox 748 5399 825 5453; x_wconf 89' lang='lat' dir='ltr'><strong>ira</strong></span> <span class='ocrx_word' id='word_1_472' title='bbox 853 5400 980 5454; x_wconf 91' lang='lat' dir='ltr'><strong>dicit</strong></span> <span class='ocrx_word' id='word_1_473' title='bbox 1006 5409 1222 5453; x_wconf 88' lang='lat' dir='ltr'><strong>sanctus</strong></span> <span class='ocrx_word' id='word_1_474' title='bbox 1264 5398 1364 5453; x_wconf 85' lang='lat' dir='ltr'><strong>Job</strong></span> <span class='ocrx_word' id='word_1_475' title='bbox 1413 5418 1424 5452; x_wconf 94' lang='lat'><strong>:</strong></span> <span class='ocrx_word' id='word_1_476' title='bbox 1460 5398 1640 5455; x_wconf 83' lang='lat' dir='ltr'><strong>Pereat</strong></span> <span class='ocrx_word' id='word_1_477' title='bbox 1669 5402 1775 5457; x_wconf 86' lang='lat' dir='ltr'><strong>dies</strong></span> 
     </span>
    </p>
   </div>
   <div class='ocr_carea' id='block_1_57' title="bbox 188 5488 1773 5561">
    <p class='ocr_par' dir='ltr' id='par_1_57' title="bbox 188 5488 1773 5561">
     <span class='ocr_line' id='line_1_57' title="bbox 188 5488 1773 5561; baseline 0.003 -18"><span class='ocrx_word' id='word_1_478' title='bbox 188 5490 274 5543; x_wconf 84' lang='lat' dir='ltr'><strong>ille</strong></span> <span class='ocrx_word' id='word_1_479' title='bbox 302 5492 353 5543; x_wconf 90' lang='lat' dir='ltr'><strong>in</strong></span> <span class='ocrx_word' id='word_1_480' title='bbox 385 5505 485 5560; x_wconf 83' lang='lat' dir='ltr'><strong>quo</strong></span> <span class='ocrx_word' id='word_1_481' title='bbox 514 5498 660 5544; x_wconf 86' lang='lat' dir='ltr'><strong>natas</strong></span> <span class='ocrx_word' id='word_1_482' title='bbox 704 5506 817 5544; x_wconf 88' lang='lat' dir='ltr'><strong>sum</strong></span> <span class='ocrx_word' id='word_1_483' title='bbox 845 5488 981 5561; x_wconf 79' lang='lat' dir='ltr'><strong>(Job</strong></span> <span class='ocrx_word' id='word_1_484' title='bbox 1007 5506 1094 5555; x_wconf 87' lang='lat' dir='ltr'><strong>In,</strong></span> <span class='ocrx_word' id='word_1_485' title='bbox 1127 5488 1219 5559; x_wconf 77' lang='lat'><strong>3).</strong></span> <span class='ocrx_word' id='word_1_486' title='bbox 1267 5490 1341 5543; x_wconf 90' lang='lat' dir='ltr'><strong>De</strong></span> <span class='ocrx_word' id='word_1_487' title='bbox 1380 5489 1481 5544; x_wconf 88' lang='lat' dir='ltr'><strong>hac</strong></span> <span class='ocrx_word' id='word_1_488' title='bbox 1516 5491 1591 5544; x_wconf 82' lang='lat' dir='ltr'><strong>ira</strong></span> <span class='ocrx_word' id='word_1_489' title='bbox 1647 5492 1773 5547; x_wconf 87' lang='lat' dir='ltr'><strong>item</strong></span> 
     </span>
    </p>
   </div>
   <div class='ocr_carea' id='block_1_58' title="bbox 189 5579 1774 5649">
    <p class='ocr_par' dir='ltr' id='par_1_58' title="bbox 189 5579 1774 5649">
     <span class='ocr_line' id='line_1_58' title="bbox 189 5579 1774 5649; baseline 0.002 -16"><span class='ocrx_word' id='word_1_490' title='bbox 189 5581 319 5634; x_wconf 87' lang='lat' dir='ltr'><strong>dicit</strong></span> <span class='ocrx_word' id='word_1_491' title='bbox 349 5581 488 5635; x_wconf 85' lang='lat' dir='ltr'><strong>idem</strong></span> <span class='ocrx_word' id='word_1_492' title='bbox 513 5582 664 5649; x_wconf 86' lang='lat' dir='ltr'><strong>ipse:</strong></span> <span class='ocrx_word' id='word_1_493' title='bbox 698 5579 864 5634; x_wconf 85' lang='lat' dir='ltr'><strong>Homo</strong></span> <span class='ocrx_word' id='word_1_494' title='bbox 890 5581 1020 5633; x_wconf 88' lang='lat' dir='ltr'><strong>enim</strong></span> <span class='ocrx_word' id='word_1_495' title='bbox 1049 5590 1196 5632; x_wconf 86' lang='lat' dir='ltr'><strong>natus</strong></span> <span class='ocrx_word' id='word_1_496' title='bbox 1239 5596 1303 5633; x_wconf 79' lang='lat' dir='ltr'><strong>ea:</strong></span> <span class='ocrx_word' id='word_1_497' title='bbox 1340 5581 1575 5645; x_wconf 83' lang='lat' dir='ltr'><strong>muliere,</strong></span> <span class='ocrx_word' id='word_1_498' title='bbox 1618 5580 1774 5636; x_wconf 82' lang='lat' dir='ltr'><strong>brevis</strong></span> 
     </span>
    </p>
   </div>
   <div class='ocr_carea' id='block_1_59' title="bbox 190 5670 1776 5743">
    <p class='ocr_par' dir='ltr' id='par_1_59' title="bbox 190 5670 1776 5743">
     <span class='ocr_line' id='line_1_59' title="bbox 190 5670 1776 5743; baseline 0 -18"><span class='ocrx_word' id='word_1_499' title='bbox 190 5674 307 5726; x_wconf 75' lang='lat' dir='ltr'><strong>vita:</strong></span> <span class='ocrx_word' id='word_1_500' title='bbox 327 5714 342 5735; x_wconf 85' lang='lat'><strong>,</strong></span> <span class='ocrx_word' id='word_1_501' title='bbox 376 5683 422 5725; x_wconf 90' lang='lat' dir='ltr'><strong>et</strong></span> <span class='ocrx_word' id='word_1_502' title='bbox 449 5674 626 5740; x_wconf 82' lang='lat' dir='ltr'><strong>plenus</strong></span> <span class='ocrx_word' id='word_1_503' title='bbox 656 5671 965 5732; x_wconf 84' lang='lat' dir='ltr'><strong>iracundite,</strong></span> <span class='ocrx_word' id='word_1_504' title='bbox 993 5671 1117 5724; x_wconf 89' lang='lat' dir='ltr'><strong>sicut</strong></span> <span class='ocrx_word' id='word_1_505' title='bbox 1138 5671 1233 5738; x_wconf 83' lang='lat' dir='ltr'><strong>ﬂos</strong></span> <span class='ocrx_word' id='word_1_506' title='bbox 1273 5671 1375 5739; x_wconf 86' lang='lat' dir='ltr'><strong>feni</strong></span> <span class='ocrx_word' id='word_1_507' title='bbox 1403 5670 1614 5735; x_wconf 81' lang='lat' dir='ltr'><strong>decidit,</strong></span> <span class='ocrx_word' id='word_1_508' title='bbox 1646 5672 1776 5743; x_wconf 88' lang='lat' dir='ltr'><strong>fugit</strong></span> 
     </span>
    </p>
   </div>
   <div class='ocr_carea' id='block_1_60' title="bbox 191 5757 1770 5831">
    <p class='ocr_par' dir='ltr' id='par_1_60' title="bbox 191 5757 1770 5831">
     <span class='ocr_line' id='line_1_60' title="bbox 191 5757 1770 5831; baseline 0.001 -16"><span class='ocrx_word' id='word_1_509' title='bbox 191 5777 359 5818; x_wconf 88' lang='lat' dir='ltr'><strong>autem</strong></span> <span class='ocrx_word' id='word_1_510' title='bbox 381 5764 508 5817; x_wconf 87' lang='lat' dir='ltr'><strong>sicut</strong></span> <span class='ocrx_word' id='word_1_511' title='bbox 530 5764 702 5816; x_wconf 85' lang='lat' dir='ltr'><strong>umbra</strong></span> <span class='ocrx_word' id='word_1_512' title='bbox 748 5772 793 5816; x_wconf 88' lang='lat' dir='ltr'><strong>et</strong></span> <span class='ocrx_word' id='word_1_513' title='bbox 819 5778 919 5816; x_wconf 89' lang='lat' dir='ltr'><strong>non</strong></span> <span class='ocrx_word' id='word_1_514' title='bbox 941 5760 1108 5814; x_wconf 79' lang='lat' dir='ltr'><strong>stabit.</strong></span> <span class='ocrx_word' id='word_1_515' title='bbox 1132 5757 1312 5813; x_wconf 85' lang='lat' dir='ltr'><strong>Nonne</strong></span> <span class='ocrx_word' id='word_1_516' title='bbox 1339 5770 1386 5812; x_wconf 89' lang='lat' dir='ltr'><strong>et</strong></span> <span class='ocrx_word' id='word_1_517' title='bbox 1424 5761 1573 5831; x_wconf 78' lang='lat' dir='ltr'><strong>hujus</strong></span> <span class='ocrx_word' id='word_1_518' title='bbox 1597 5778 1770 5816; x_wconf 86' lang='lat' dir='ltr'><strong>curam</strong></span> 
     </span>
    </p>
   </div>
   <div class='ocr_carea' id='block_1_61' title="bbox 1574 354 2102 419">
    <p class='ocr_par' dir='ltr' id='par_1_61' title="bbox 1574 354 2102 419">
     <span class='ocr_line' id='line_1_61' title="bbox 1574 354 2102 419; baseline -0.006 -5"><span class='ocrx_word' id='word_1_519' title='bbox 1574 358 1773 419; x_wconf 78' lang='lat' dir='ltr'><strong>LIBER</strong></span> <span class='ocrx_word' id='word_1_520' title='bbox 1813 354 2102 411; x_wconf 76' lang='lat' dir='ltr'><strong>SEXTUS.</strong></span> 
     </span>
    </p>
   </div>
   <div class='ocr_carea' id='block_1_62' title="bbox 3376 382 3479 439">
    <p class='ocr_par' dir='ltr' id='par_1_62' title="bbox 3376 382 3479 439">
     <span class='ocr_line' id='line_1_62' title="bbox 3376 382 3479 439; baseline 0.019 -2"><span class='ocrx_word' id='word_1_521' title='bbox 3376 382 3479 439; x_wconf 84' lang='lat'><strong>870</strong></span> 
     </span>
    </p>
   </div>
   <div class='ocr_carea' id='block_1_63' title="bbox 1906 474 3480 565">
    <p class='ocr_par' dir='ltr' id='par_1_63' title="bbox 1906 474 3480 565">
     <span class='ocr_line' id='line_1_63' title="bbox 1906 474 3480 565; baseline 0.015 -40"><span class='ocrx_word' id='word_1_522' title='bbox 1906 474 2065 543; x_wconf 81' lang='lat' dir='ltr'><strong>fecisti</strong></span> <span class='ocrx_word' id='word_1_523' title='bbox 2083 516 2099 539; x_wconf 93' lang='lat'><strong>,</strong></span> <span class='ocrx_word' id='word_1_524' title='bbox 2135 483 2181 529; x_wconf 86' lang='lat' dir='ltr'><strong>et</strong></span> <span class='ocrx_word' id='word_1_525' title='bbox 2209 477 2340 530; x_wconf 82' lang='lat' dir='ltr'><strong>hunc</strong></span> <span class='ocrx_word' id='word_1_526' title='bbox 2365 480 2528 550; x_wconf 89' lang='lat' dir='ltr'><strong>fecisti</strong></span> <span class='ocrx_word' id='word_1_527' title='bbox 2551 481 2740 539; x_wconf 82' lang='lat' dir='ltr'><strong>intrare</strong></span> <span class='ocrx_word' id='word_1_528' title='bbox 2768 484 2821 538; x_wconf 87' lang='lat' dir='ltr'><strong>in</strong></span> <span class='ocrx_word' id='word_1_529' title='bbox 2844 495 3110 556; x_wconf 68' lang='lat' dir='ltr'><strong>conspectu</strong></span> <span class='ocrx_word' id='word_1_530' title='bbox 3136 497 3221 544; x_wconf 88' lang='lat' dir='ltr'><strong>tuo</strong></span> <span class='ocrx_word' id='word_1_531' title='bbox 3249 493 3303 546; x_wconf 86' lang='lat' dir='ltr'><strong>in</strong></span> <span class='ocrx_word' id='word_1_532' title='bbox 3333 495 3480 565; x_wconf 82' lang='lat' dir='ltr'><strong>judi-</strong></span> 
     </span>
    </p>
   </div>
   <div class='ocr_carea' id='block_1_64' title="bbox 1902 565 3478 637">
    <p class='ocr_par' dir='ltr' id='par_1_64' title="bbox 1902 565 3478 637">
     <span class='ocr_line' id='line_1_64' title="bbox 1902 565 3478 637; baseline 0.012 -18"><span class='ocrx_word' id='word_1_533' title='bbox 1902 565 2082 619; x_wconf 80' lang='lat' dir='ltr'><strong>cium?</strong></span> <span class='ocrx_word' id='word_1_534' title='bbox 2130 566 2257 634; x_wconf 88' lang='lat' dir='ltr'><strong>Quis</strong></span> <span class='ocrx_word' id='word_1_535' title='bbox 2297 569 2429 623; x_wconf 87' lang='lat' dir='ltr'><strong>enim</strong></span> <span class='ocrx_word' id='word_1_536' title='bbox 2446 571 2541 625; x_wconf 89' lang='lat' dir='ltr'><strong>erit</strong></span> <span class='ocrx_word' id='word_1_537' title='bbox 2583 573 2853 629; x_wconf 85' lang='lat' dir='ltr'><strong>mundusa</strong></span> <span class='ocrx_word' id='word_1_538' title='bbox 2890 577 3165 633; x_wconf 76' lang='lat' dir='ltr'><strong>sordibus?</strong></span> <span class='ocrx_word' id='word_1_539' title='bbox 3216 578 3298 636; x_wconf 87' lang='lat' dir='ltr'><strong>Ne</strong></span> <span class='ocrx_word' id='word_1_540' title='bbox 3348 600 3478 637; x_wconf 78' lang='lat' dir='ltr'><strong>unus</strong></span> 
     </span>
    </p>
   </div>
   <div class='ocr_carea' id='block_1_65' title="bbox 1897 658 3477 746">
    <p class='ocr_par' dir='ltr' id='par_1_65' title="bbox 1897 658 3477 746">
     <span class='ocr_line' id='line_1_65' title="bbox 1897 658 3477 746; baseline 0.015 -37"><span class='ocrx_word' id='word_1_541' title='bbox 1897 658 2097 726; x_wconf 81' lang='lat' dir='ltr'><strong>quidem</strong></span> <span class='ocrx_word' id='word_1_542' title='bbox 2126 662 2164 727; x_wconf 76' lang='grc'><strong>⁸,</strong></span> <span class='ocrx_word' id='word_1_543' title='bbox 2185 662 2379 717; x_wconf 81' lang='lat' dir='ltr'><strong>etiamsi</strong></span> <span class='ocrx_word' id='word_1_544' title='bbox 2401 666 2548 719; x_wconf 87' lang='lat' dir='ltr'><strong>unius</strong></span> <span class='ocrx_word' id='word_1_545' title='bbox 2567 666 2666 721; x_wconf 87' lang='lat' dir='ltr'><strong>diei</strong></span> <span class='ocrx_word' id='word_1_546' title='bbox 2691 670 2842 739; x_wconf 85' lang='lat' dir='ltr'><strong>fuerit</strong></span> <span class='ocrx_word' id='word_1_547' title='bbox 2861 671 2963 725; x_wconf 88' lang='lat' dir='ltr'><strong>vita</strong></span> <span class='ocrx_word' id='word_1_548' title='bbox 2984 675 3094 743; x_wconf 69' lang='lat' dir='ltr'><strong>ejus</strong></span> <span class='ocrx_word' id='word_1_549' title='bbox 3122 692 3269 746; x_wconf 86' lang='lat' dir='ltr'><strong>super</strong></span> <span class='ocrx_word' id='word_1_550' title='bbox 3292 687 3477 731; x_wconf 78' lang='lat' dir='ltr'><strong>tenam</strong></span> 
     </span>
    </p>
   </div>
   <div class='ocr_carea' id='block_1_66' title="bbox 1898 747 3476 831">
    <p class='ocr_par' dir='ltr' id='par_1_66' title="bbox 1898 747 3476 831">
     <span class='ocr_line' id='line_1_66' title="bbox 1898 747 3476 831; baseline 0.016 -31"><span class='ocrx_word' id='word_1_551' title='bbox 1898 749 1916 817; x_wconf 93' lang='lat'><strong>(</strong></span> <span class='ocrx_word' id='word_1_552' title='bbox 1942 747 2028 803; x_wconf 85' lang='lat' dir='ltr'><strong>Id.</strong></span> <span class='ocrx_word' id='word_1_553' title='bbox 2061 767 2181 817; x_wconf 79' lang='lat' dir='ltr'><strong>xiv,</strong></span> <span class='ocrx_word' id='word_1_554' title='bbox 2210 753 2333 822; x_wconf 73' lang='grc'><strong>1-5,</strong></span> <span class='ocrx_word' id='word_1_555' title='bbox 2356 772 2455 809; x_wconf 88' lang='lat' dir='ltr'><strong>sec.</strong></span> <span class='ocrx_word' id='word_1_556' title='bbox 2489 756 2628 812; x_wconf 77' lang='lat' dir='ltr'><strong>LXX</strong></span> <span class='ocrx_word' id='word_1_557' title='bbox 2651 758 2693 831; x_wconf 92' lang='lat'><strong>).</strong></span> <span class='ocrx_word' id='word_1_558' title='bbox 2727 761 2802 815; x_wconf 88' lang='lat' dir='ltr'><strong>De</strong></span> <span class='ocrx_word' id='word_1_559' title='bbox 2828 762 2926 818; x_wconf 89' lang='lat' dir='ltr'><strong>hac</strong></span> <span class='ocrx_word' id='word_1_560' title='bbox 2949 765 3023 819; x_wconf 92' lang='lat' dir='ltr'><strong>ira</strong></span> <span class='ocrx_word' id='word_1_561' title='bbox 3051 766 3175 821; x_wconf 90' lang='lat' dir='ltr'><strong>dicit</strong></span> <span class='ocrx_word' id='word_1_562' title='bbox 3205 770 3337 823; x_wconf 89' lang='lat' dir='ltr'><strong>liber</strong></span> <span class='ocrx_word' id='word_1_563' title='bbox 3368 772 3476 826; x_wconf 72' lang='lat' dir='ltr'><strong>Ec~</strong></span> 
     </span>
    </p>
   </div>
   <div class='ocr_carea' id='block_1_67' title="bbox 1896 840 3473 924">
    <p class='ocr_par' dir='ltr' id='par_1_67' title="bbox 1896 840 3473 924">
     <span class='ocr_line' id='line_1_67' title="bbox 1896 840 3473 924; baseline 0.014 -30"><span class='ocrx_word' id='word_1_564' title='bbox 1896 840 2234 899; x_wconf 88' lang='lat' dir='ltr'><strong>clesiasticus</strong></span> <span class='ocrx_word' id='word_1_565' title='bbox 2263 862 2276 897; x_wconf 92' lang='lat'><strong>:</strong></span> <span class='ocrx_word' id='word_1_566' title='bbox 2317 846 2495 901; x_wconf 81' lang='lat' dir='ltr'><strong>Omnis</strong></span> <span class='ocrx_word' id='word_1_567' title='bbox 2521 865 2641 903; x_wconf 88' lang='lat' dir='ltr'><strong>caro</strong></span> <span class='ocrx_word' id='word_1_568' title='bbox 2661 852 2790 905; x_wconf 85' lang='lat' dir='ltr'><strong>sicut</strong></span> <span class='ocrx_word' id='word_1_569' title='bbox 2818 855 2965 909; x_wconf 81' lang='lat' dir='ltr'><strong>vestis</strong></span> <span class='ocrx_word' id='word_1_570' title='bbox 2994 862 3250 913; x_wconf 87' lang='lat' dir='ltr'><strong>veterascit</strong></span> <span class='ocrx_word' id='word_1_571' title='bbox 3272 877 3291 924; x_wconf 88' lang='lat'><strong><em>;</em></strong></span> <span class='ocrx_word' id='word_1_572' title='bbox 3317 871 3473 917; x_wconf 89' lang='lat' dir='ltr'><strong>testa-</strong></span> 
     </span>
    </p>
   </div>
   <div class='ocr_carea' id='block_1_68' title="bbox 1896 935 3466 1017">
    <p class='ocr_par' dir='ltr' id='par_1_68' title="bbox 1896 935 3466 1017">
     <span class='ocr_line' id='line_1_68' title="bbox 1896 935 3466 1017; baseline 0.016 -34"><span class='ocrx_word' id='word_1_573' title='bbox 1896 940 2115 986; x_wconf 85' lang='lat' dir='ltr'><strong>mentum</strong></span> <span class='ocrx_word' id='word_1_574' title='bbox 2138 935 2269 988; x_wconf 84' lang='lat' dir='ltr'><strong>enim</strong></span> <span class='ocrx_word' id='word_1_575' title='bbox 2290 952 2322 988; x_wconf 85' lang='lat' dir='ltr'><strong>a</strong></span> <span class='ocrx_word' id='word_1_576' title='bbox 2346 939 2550 1003; x_wconf 81' lang='lat' dir='ltr'><strong>steculo,</strong></span> <span class='ocrx_word' id='word_1_577' title='bbox 2569 951 2727 994; x_wconf 89' lang='lat' dir='ltr'><strong>morte</strong></span> <span class='ocrx_word' id='word_1_578' title='bbox 2753 946 2976 999; x_wconf 87' lang='lat' dir='ltr'><strong>morieris</strong></span> <span class='ocrx_word' id='word_1_579' title='bbox 3003 946 3197 1014; x_wconf 86' lang='lat' dir='ltr'><strong>(Eccli.</strong></span> <span class='ocrx_word' id='word_1_580' title='bbox 3230 966 3344 1017; x_wconf 80' lang='lat' dir='ltr'><strong>xiv,</strong></span> <span class='ocrx_word' id='word_1_581' title='bbox 3377 953 3466 1017; x_wconf 81' lang='grc'><strong>18,</strong></span> 
     </span>
    </p>
   </div>
   <div class='ocr_carea' id='block_1_69' title="bbox 1896 1019 3474 1112">
    <p class='ocr_par' dir='ltr' id='par_1_69' title="bbox 1896 1019 3474 1112">
     <span class='ocr_line' id='line_1_69' title="bbox 1896 1019 3474 1112; baseline 0.013 -37"><span class='ocrx_word' id='word_1_582' title='bbox 1896 1019 2009 1112; x_wconf 66' lang='grc'><strong>12).</strong></span> <span class='ocrx_word' id='word_1_583' title='bbox 2039 1022 2274 1093; x_wconf 87' lang='lat' dir='ltr'><strong>Itemque</strong></span> <span class='ocrx_word' id='word_1_584' title='bbox 2296 1026 2410 1094; x_wconf 86' lang='lat' dir='ltr'><strong>ipse</strong></span> <span class='ocrx_word' id='word_1_585' title='bbox 2437 1046 2451 1081; x_wconf 89' lang='lat'><strong><em>:</em></strong></span> <span class='ocrx_word' id='word_1_586' title='bbox 2484 1029 2527 1081; x_wconf 85' lang='lat' dir='ltr'><strong>A</strong></span> <span class='ocrx_word' id='word_1_587' title='bbox 2553 1029 2785 1095; x_wconf 81' lang='lat' dir='ltr'><strong>muliere,</strong></span> <span class='ocrx_word' id='word_1_588' title='bbox 2816 1034 3011 1103; x_wconf 88' lang='lat' dir='ltr'><strong>inquit,</strong></span> <span class='ocrx_word' id='word_1_589' title='bbox 3040 1038 3235 1092; x_wconf 86' lang='lat' dir='ltr'><strong>initium</strong></span> <span class='ocrx_word' id='word_1_590' title='bbox 3256 1051 3327 1095; x_wconf 90' lang='lat' dir='ltr'><strong>est</strong></span> <span class='ocrx_word' id='word_1_591' title='bbox 3355 1059 3474 1112; x_wconf 82' lang='lat' dir='ltr'><strong>pec-</strong></span> 
     </span>
    </p>
   </div>
   <div class='ocr_carea' id='block_1_70' title="bbox 1893 1111 3533 1203">
    <p class='ocr_par' dir='ltr' id='par_1_70' title="bbox 1893 1111 3533 1203">
     <span class='ocr_line' id='line_1_70' title="bbox 1893 1111 3533 1203; baseline 0.016 -41"><span class='ocrx_word' id='word_1_592' title='bbox 1893 1111 2009 1203; x_wconf 78' lang='lat' dir='ltr'><strong>cati,</strong></span> <span class='ocrx_word' id='word_1_593' title='bbox 2022 1121 2077 1203; x_wconf 84' lang='lat' dir='ltr'><strong>et</strong></span> <span class='ocrx_word' id='word_1_594' title='bbox 2104 1125 2308 1184; x_wconf 84' lang='lat' dir='ltr'><strong>propter</strong></span> <span class='ocrx_word' id='word_1_595' title='bbox 2332 1117 2474 1170; x_wconf 82' lang='lat' dir='ltr'><strong>illam</strong></span> <span class='ocrx_word' id='word_1_596' title='bbox 2499 1122 2742 1174; x_wconf 83' lang='lat' dir='ltr'><strong>morimur</strong></span> <span class='ocrx_word' id='word_1_597' title='bbox 2769 1139 2935 1178; x_wconf 87' lang='lat' dir='ltr'><strong>omnes</strong></span> <span class='ocrx_word' id='word_1_598' title='bbox 2955 1125 3063 1198; x_wconf 85' lang='lat' dir='ltr'><strong>(ld.</strong></span> <span class='ocrx_word' id='word_1_599' title='bbox 3089 1145 3199 1184; x_wconf 81' lang='lat' dir='ltr'><strong>xxv</strong></span> <span class='ocrx_word' id='word_1_600' title='bbox 3220 1172 3233 1195; x_wconf 91' lang='lat'><strong>,</strong></span> <span class='ocrx_word' id='word_1_601' title='bbox 3257 1120 3382 1203; x_wconf 76' lang='lat'><strong>53).</strong></span> <span class='ocrx_word' id='word_1_602' title='bbox 3410 1134 3476 1188; x_wconf 85' lang='lat' dir='ltr'><strong>Et</strong></span> <span class='ocrx_word' id='word_1_603' title='bbox 3526 1158 3533 1164; x_wconf 83' lang='grc'><strong>·</strong></span> 
     </span>
    </p>
   </div>
   <div class='ocr_carea' id='block_1_71' title="bbox 1894 1200 3473 1291">
    <p class='ocr_par' dir='ltr' id='par_1_71' title="bbox 1894 1200 3473 1291">
     <span class='ocr_line' id='line_1_71' title="bbox 1894 1200 3473 1291; baseline 0.016 -40"><span class='ocrx_word' id='word_1_604' title='bbox 1894 1200 1998 1253; x_wconf 85' lang='lat' dir='ltr'><strong>alio</strong></span> <span class='ocrx_word' id='word_1_605' title='bbox 2016 1202 2132 1256; x_wconf 88' lang='lat' dir='ltr'><strong>loco</strong></span> <span class='ocrx_word' id='word_1_606' title='bbox 2151 1221 2164 1256; x_wconf 92' lang='lat'><strong>:</strong></span> <span class='ocrx_word' id='word_1_607' title='bbox 2187 1203 2323 1258; x_wconf 78' lang='lat' dir='ltr'><strong>Oocu</strong></span> <span class='ocrx_word' id='word_1_608' title='bbox 2328 1209 2463 1273; x_wconf 89' lang='lat' dir='ltr'><strong>patio</strong></span> <span class='ocrx_word' id='word_1_609' title='bbox 2479 1224 2663 1277; x_wconf 86' lang='lat' dir='ltr'><strong>magna</strong></span> <span class='ocrx_word' id='word_1_610' title='bbox 2673 1224 2841 1265; x_wconf 88' lang='lat' dir='ltr'><strong>creata</strong></span> <span class='ocrx_word' id='word_1_611' title='bbox 2860 1224 2930 1267; x_wconf 89' lang='lat' dir='ltr'><strong>est</strong></span> <span class='ocrx_word' id='word_1_612' title='bbox 2950 1220 3083 1269; x_wconf 88' lang='lat' dir='ltr'><strong>onmi</strong></span> <span class='ocrx_word' id='word_1_613' title='bbox 3100 1219 3307 1287; x_wconf 78' lang='lat' dir='ltr'><strong>homini,</strong></span> <span class='ocrx_word' id='word_1_614' title='bbox 3328 1200 3375 1275; x_wconf 85' lang='lat' dir='ltr'><strong>et</strong></span> <span class='ocrx_word' id='word_1_615' title='bbox 3376 1224 3473 1291; x_wconf 86' lang='lat' dir='ltr'><strong>ju-</strong></span> 
     </span>
    </p>
   </div>
   <div class='ocr_carea' id='block_1_72' title="bbox 1892 1297 3475 1367">
    <p class='ocr_par' dir='ltr' id='par_1_72' title="bbox 1892 1297 3475 1367">
     <span class='ocr_line' id='line_1_72' title="bbox 1892 1297 3475 1367; baseline 0.016 -26"><span class='ocrx_word' id='word_1_616' title='bbox 1892 1306 2013 1359; x_wconf 85' lang='lat' dir='ltr'><strong>gum</strong></span> <span class='ocrx_word' id='word_1_617' title='bbox 2053 1309 2202 1362; x_wconf 89' lang='lat' dir='ltr'><strong>grave</strong></span> <span class='ocrx_word' id='word_1_618' title='bbox 2247 1311 2400 1365; x_wconf 84' lang='lat' dir='ltr'><strong>super</strong></span> <span class='ocrx_word' id='word_1_619' title='bbox 2432 1297 2566 1365; x_wconf 75' lang='lat' dir='ltr'><strong>ﬁlios</strong></span> <span class='ocrx_word' id='word_1_620' title='bbox 2594 1301 2788 1367; x_wconf 76' lang='lat' dir='ltr'><strong>Adam,</strong></span> <span class='ocrx_word' id='word_1_621' title='bbox 2827 1321 2859 1356; x_wconf 91' lang='lat' dir='ltr'><strong>a</strong></span> <span class='ocrx_word' id='word_1_622' title='bbox 2900 1306 2983 1358; x_wconf 90' lang='lat' dir='ltr'><strong>die</strong></span> <span class='ocrx_word' id='word_1_623' title='bbox 3015 1309 3177 1362; x_wconf 77' lang='lat' dir='ltr'><strong>exitus</strong></span> <span class='ocrx_word' id='word_1_624' title='bbox 3214 1311 3277 1363; x_wconf 89' lang='lat' dir='ltr'><strong>de</strong></span> <span class='ocrx_word' id='word_1_625' title='bbox 3307 1322 3475 1367; x_wconf 85' lang='lat' dir='ltr'><strong>ventre</strong></span> 
     </span>
    </p>
   </div>
   <div class='ocr_carea' id='block_1_73' title="bbox 1893 1384 3472 1463">
    <p class='ocr_par' dir='ltr' id='par_1_73' title="bbox 1893 1384 3472 1463">
     <span class='ocr_line' id='line_1_73' title="bbox 1893 1384 3472 1463; baseline 0.014 -30"><span class='ocrx_word' id='word_1_626' title='bbox 1893 1384 2069 1436; x_wconf 88' lang='lat' dir='ltr'><strong>matris</strong></span> <span class='ocrx_word' id='word_1_627' title='bbox 2111 1400 2283 1438; x_wconf 87' lang='lat' dir='ltr'><strong>eorum</strong></span> <span class='ocrx_word' id='word_1_628' title='bbox 2308 1427 2323 1447; x_wconf 83' lang='lat'><strong>,</strong></span> <span class='ocrx_word' id='word_1_629' title='bbox 2364 1404 2519 1457; x_wconf 82' lang='lat' dir='ltr'><strong>usque</strong></span> <span class='ocrx_word' id='word_1_630' title='bbox 2560 1390 2615 1443; x_wconf 89' lang='lat' dir='ltr'><strong>in</strong></span> <span class='ocrx_word' id='word_1_631' title='bbox 2658 1391 2791 1445; x_wconf 85' lang='lat' dir='ltr'><strong>diem</strong></span> <span class='ocrx_word' id='word_1_632' title='bbox 2844 1396 3119 1463; x_wconf 78' lang='lat' dir='ltr'><strong>sepultura:</strong></span> <span class='ocrx_word' id='word_1_633' title='bbox 3161 1399 3215 1452; x_wconf 88' lang='lat' dir='ltr'><strong>in</strong></span> <span class='ocrx_word' id='word_1_634' title='bbox 3260 1413 3472 1455; x_wconf 85' lang='lat' dir='ltr'><strong>matrem</strong></span> 
     </span>
    </p>
   </div>
   <div class='ocr_carea' id='block_1_74' title="bbox 1892 1477 3469 1552">
    <p class='ocr_par' dir='ltr' id='par_1_74' title="bbox 1892 1477 3469 1552">
     <span class='ocr_line' id='line_1_74' title="bbox 1892 1477 3469 1552; baseline 0.012 -24"><span class='ocrx_word' id='word_1_635' title='bbox 1892 1477 2114 1530; x_wconf 83' lang='lat' dir='ltr'><strong>omnium</strong></span> <span class='ocrx_word' id='word_1_636' title='bbox 2144 1477 2262 1547; x_wconf 84' lang='lat' dir='ltr'><strong>(Id.</strong></span> <span class='ocrx_word' id='word_1_637' title='bbox 2294 1496 2395 1545; x_wconf 69' lang='grc' dir='ltr'>ιι,</span> <span class='ocrx_word' id='word_1_638' title='bbox 2429 1482 2456 1534; x_wconf 87' lang='grc'><strong>1</strong></span> <span class='ocrx_word' id='word_1_639' title='bbox 2483 1482 2525 1552; x_wconf 91' lang='grc'><strong>).</strong></span> <span class='ocrx_word' id='word_1_640' title='bbox 2558 1482 2635 1537; x_wconf 90' lang='lat' dir='ltr'><strong>De</strong></span> <span class='ocrx_word' id='word_1_641' title='bbox 2657 1482 2754 1538; x_wconf 90' lang='lat' dir='ltr'><strong>hac</strong></span> <span class='ocrx_word' id='word_1_642' title='bbox 2794 1484 2869 1541; x_wconf 85' lang='lat' dir='ltr'><strong>ira</strong></span> <span class='ocrx_word' id='word_1_643' title='bbox 2913 1486 3042 1541; x_wconf 89' lang='lat' dir='ltr'><strong>dicit</strong></span> <span class='ocrx_word' id='word_1_644' title='bbox 3080 1490 3469 1547; x_wconf 83' lang='lat' dir='ltr'><strong>Ecclesiastes:</strong></span> 
     </span>
    </p>
   </div>
   <div class='ocr_carea' id='block_1_75' title="bbox 1904 1565 3470 1641">
    <p class='ocr_par' dir='ltr' id='par_1_75' title="bbox 1904 1565 3470 1641">
     <span class='ocr_line' id='line_1_75' title="bbox 1904 1565 3470 1641; baseline 0.01 -23"><span class='ocrx_word' id='word_1_645' title='bbox 1904 1565 2109 1620; x_wconf 84' lang='lat' dir='ltr'><strong>Vanitas</strong></span> <span class='ocrx_word' id='word_1_646' title='bbox 2138 1570 2414 1623; x_wconf 88' lang='lat' dir='ltr'><strong>vanitatum</strong></span> <span class='ocrx_word' id='word_1_647' title='bbox 2439 1613 2453 1637; x_wconf 91' lang='lat'><strong>,</strong></span> <span class='ocrx_word' id='word_1_648' title='bbox 2495 1582 2543 1625; x_wconf 91' lang='lat' dir='ltr'><strong>et</strong></span> <span class='ocrx_word' id='word_1_649' title='bbox 2569 1574 2737 1626; x_wconf 87' lang='lat' dir='ltr'><strong>omnia</strong></span> <span class='ocrx_word' id='word_1_650' title='bbox 2760 1576 2974 1631; x_wconf 84' lang='lat' dir='ltr'><strong>vanitas.</strong></span> <span class='ocrx_word' id='word_1_651' title='bbox 3008 1576 3135 1641; x_wconf 69' lang='lat' dir='ltr'><strong>Qua.-</strong></span> <span class='ocrx_word' id='word_1_652' title='bbox 3158 1581 3470 1638; x_wconf 76' lang='lat' dir='ltr'><strong>abundantia</strong></span> 
     </span>
    </p>
   </div>
   <div class='ocr_carea' id='block_1_76' title="bbox 1891 1654 3470 1734">
    <p class='ocr_par' dir='ltr' id='par_1_76' title="bbox 1891 1654 3470 1734">
     <span class='ocr_line' id='line_1_76' title="bbox 1891 1654 3470 1734; baseline 0.011 -26"><span class='ocrx_word' id='word_1_653' title='bbox 1891 1654 2084 1710; x_wconf 85' lang='lat' dir='ltr'><strong>homini</strong></span> <span class='ocrx_word' id='word_1_654' title='bbox 2110 1659 2130 1689; x_wconf 83' lang='grc'>³</span> <span class='ocrx_word' id='word_1_655' title='bbox 2164 1659 2215 1711; x_wconf 89' lang='lat' dir='ltr'><strong>in</strong></span> <span class='ocrx_word' id='word_1_656' title='bbox 2247 1661 2384 1713; x_wconf 89' lang='lat' dir='ltr'><strong>omni</strong></span> <span class='ocrx_word' id='word_1_657' title='bbox 2411 1660 2581 1715; x_wconf 84' lang='lat' dir='ltr'><strong>labore</strong></span> <span class='ocrx_word' id='word_1_658' title='bbox 2606 1680 2726 1730; x_wconf 88' lang='lat' dir='ltr'><strong>suo,</strong></span> <span class='ocrx_word' id='word_1_659' title='bbox 2760 1680 2859 1734; x_wconf 83' lang='lat' dir='ltr'><strong>quo</strong></span> <span class='ocrx_word' id='word_1_660' title='bbox 2894 1666 3003 1734; x_wconf 86' lang='lat' dir='ltr'><strong>ipse</strong></span> <span class='ocrx_word' id='word_1_661' title='bbox 3026 1666 3219 1721; x_wconf 86' lang='lat' dir='ltr'><strong>laborat</strong></span> <span class='ocrx_word' id='word_1_662' title='bbox 3242 1670 3335 1724; x_wconf 88' lang='lat' dir='ltr'><strong>sub</strong></span> <span class='ocrx_word' id='word_1_663' title='bbox 3363 1672 3470 1725; x_wconf 82' lang='lat' dir='ltr'><strong>sole</strong></span> 
     </span>
    </p>
   </div>
   <div class='ocr_carea' id='block_1_77' title="bbox 1891 1744 3467 1828">
    <p class='ocr_par' dir='ltr' id='par_1_77' title="bbox 1891 1744 3467 1828">
     <span class='ocr_line' id='line_1_77' title="bbox 1891 1744 3467 1828; baseline 0.012 -29"><span class='ocrx_word' id='word_1_664' title='bbox 1891 1746 1908 1816; x_wconf 96' lang='lat'><strong>(</strong></span> <span class='ocrx_word' id='word_1_665' title='bbox 1937 1744 2111 1803; x_wconf 85' lang='lat' dir='ltr'><strong>Eccle.</strong></span> <span class='ocrx_word' id='word_1_666' title='bbox 2152 1765 2209 1815; x_wconf 85' lang='grc' dir='ltr'>ι,</span> <span class='ocrx_word' id='word_1_667' title='bbox 2258 1750 2322 1817; x_wconf 77' lang='lat'><strong>2,</strong></span> <span class='ocrx_word' id='word_1_668' title='bbox 2355 1751 2473 1822; x_wconf 76' lang='lat'><strong>5)?</strong></span> <span class='ocrx_word' id='word_1_669' title='bbox 2503 1754 2577 1808; x_wconf 89' lang='lat' dir='ltr'><strong>De</strong></span> <span class='ocrx_word' id='word_1_670' title='bbox 2606 1754 2706 1809; x_wconf 88' lang='lat' dir='ltr'><strong>hac</strong></span> <span class='ocrx_word' id='word_1_671' title='bbox 2744 1757 2821 1810; x_wconf 91' lang='lat' dir='ltr'><strong>ira</strong></span> <span class='ocrx_word' id='word_1_672' title='bbox 2863 1771 2963 1811; x_wconf 86' lang='lat' dir='ltr'><strong>vox</strong></span> <span class='ocrx_word' id='word_1_673' title='bbox 3003 1760 3292 1828; x_wconf 82' lang='lat' dir='ltr'><strong>apostolica</strong></span> <span class='ocrx_word' id='word_1_674' title='bbox 3337 1771 3420 1817; x_wconf 91' lang='lat' dir='ltr'><strong>est</strong></span> <span class='ocrx_word' id='word_1_675' title='bbox 3451 1780 3467 1817; x_wconf 87' lang='lat'><strong>:</strong></span> 
     </span>
    </p>
   </div>
   <div class='ocr_carea' id='block_1_78' title="bbox 1892 1838 3468 1923">
    <p class='ocr_par' dir='ltr' id='par_1_78' title="bbox 1892 1838 3468 1923">
     <span class='ocr_line' id='line_1_78' title="bbox 1892 1838 3468 1923; baseline 0.009 -29"><span class='ocrx_word' id='word_1_676' title='bbox 1892 1838 2067 1894; x_wconf 84' lang='lat' dir='ltr'><strong>Omnis</strong></span> <span class='ocrx_word' id='word_1_677' title='bbox 2096 1852 2326 1895; x_wconf 85' lang='lat' dir='ltr'><strong>creatura</strong></span> <span class='ocrx_word' id='word_1_678' title='bbox 2367 1845 2577 1898; x_wconf 86' lang='lat' dir='ltr'><strong>vanitati</strong></span> <span class='ocrx_word' id='word_1_679' title='bbox 2600 1846 2822 1917; x_wconf 86' lang='lat' dir='ltr'><strong>subjecta</strong></span> <span class='ocrx_word' id='word_1_680' title='bbox 2858 1858 2929 1901; x_wconf 90' lang='lat' dir='ltr'><strong>est</strong></span> <span class='ocrx_word' id='word_1_681' title='bbox 2960 1848 3151 1918; x_wconf 84' lang='lat' dir='ltr'><strong>(Rom.</strong></span> <span class='ocrx_word' id='word_1_682' title='bbox 3178 1866 3301 1915; x_wconf 87' lang='lat' dir='ltr'><strong>vut,</strong></span> <span class='ocrx_word' id='word_1_683' title='bbox 3332 1852 3403 1908; x_wconf 76' lang='lat'><strong>20</strong></span> <span class='ocrx_word' id='word_1_684' title='bbox 3422 1853 3468 1923; x_wconf 93' lang='lat'><strong>).</strong></span> 
     </span>
    </p>
   </div>
   <div class='ocr_carea' id='block_1_79' title="bbox 1888 1929 3472 2011">
    <p class='ocr_par' dir='ltr' id='par_1_79' title="bbox 1888 1929 3472 2011">
     <span class='ocr_line' id='line_1_79' title="bbox 1888 1929 3472 2011; baseline 0.008 -28"><span class='ocrx_word' id='word_1_685' title='bbox 1888 1929 1965 1984; x_wconf 90' lang='lat' dir='ltr'><strong>De</strong></span> <span class='ocrx_word' id='word_1_686' title='bbox 1992 1929 2093 1985; x_wconf 86' lang='lat' dir='ltr'><strong>hac</strong></span> <span class='ocrx_word' id='word_1_687' title='bbox 2117 1931 2193 1985; x_wconf 88' lang='lat' dir='ltr'><strong>ira</strong></span> <span class='ocrx_word' id='word_1_688' title='bbox 2225 1933 2424 2001; x_wconf 86' lang='lat' dir='ltr'><strong>plangit</strong></span> <span class='ocrx_word' id='word_1_689' title='bbox 2450 1934 2693 1989; x_wconf 82' lang='lat' dir='ltr'><strong>Psalmus</strong></span> <span class='ocrx_word' id='word_1_690' title='bbox 2722 1936 2744 1967; x_wconf 83' lang='grc'><strong><em>³</em></strong></span> <span class='ocrx_word' id='word_1_691' title='bbox 2796 1954 2809 1989; x_wconf 90' lang='lat'><strong>:</strong></span> <span class='ocrx_word' id='word_1_692' title='bbox 2852 1937 2986 1991; x_wconf 79' lang='lat' dir='ltr'><strong>Ecce</strong></span> <span class='ocrx_word' id='word_1_693' title='bbox 3029 1949 3213 1996; x_wconf 88' lang='lat' dir='ltr'><strong>veteres</strong></span> <span class='ocrx_word' id='word_1_694' title='bbox 3261 1944 3472 2011; x_wconf 87' lang='lat' dir='ltr'><strong>posuisti</strong></span> 
     </span>
    </p>
   </div>
   <div class='ocr_carea' id='block_1_80' title="bbox 1887 2019 3472 2098">
    <p class='ocr_par' dir='ltr' id='par_1_80' title="bbox 1887 2019 3472 2098">
     <span class='ocr_line' id='line_1_80' title="bbox 1887 2019 3472 2098; baseline 0.008 -24"><span class='ocrx_word' id='word_1_695' title='bbox 1887 2019 1994 2075; x_wconf 85' lang='lat' dir='ltr'><strong>dies</strong></span> <span class='ocrx_word' id='word_1_696' title='bbox 2029 2037 2162 2076; x_wconf 88' lang='lat' dir='ltr'><strong>meos</strong></span> <span class='ocrx_word' id='word_1_697' title='bbox 2182 2063 2198 2088; x_wconf 93' lang='lat'><strong>,</strong></span> <span class='ocrx_word' id='word_1_698' title='bbox 2229 2033 2275 2076; x_wconf 90' lang='lat' dir='ltr'><strong>et</strong></span> <span class='ocrx_word' id='word_1_699' title='bbox 2298 2023 2574 2078; x_wconf 82' lang='lat' dir='ltr'><strong>substantia</strong></span> <span class='ocrx_word' id='word_1_700' title='bbox 2601 2041 2710 2079; x_wconf 89' lang='lat' dir='ltr'><strong>mea</strong></span> <span class='ocrx_word' id='word_1_701' title='bbox 2749 2036 2987 2096; x_wconf 82' lang='lat' dir='ltr'><strong>tanquam</strong></span> <span class='ocrx_word' id='word_1_702' title='bbox 3014 2030 3227 2083; x_wconf 86' lang='lat' dir='ltr'><strong>nihilum</strong></span> <span class='ocrx_word' id='word_1_703' title='bbox 3253 2041 3370 2085; x_wconf 90' lang='lat' dir='ltr'><strong>ante</strong></span> <span class='ocrx_word' id='word_1_704' title='bbox 3393 2043 3472 2098; x_wconf 85' lang='lat' dir='ltr'><strong>te;</strong></span> 
     </span>
    </p>
   </div>
   <div class='ocr_carea' id='block_1_81' title="bbox 1886 2115 3468 2195">
    <p class='ocr_par' dir='ltr' id='par_1_81' title="bbox 1886 2115 3468 2195">
     <span class='ocr_line' id='line_1_81' title="bbox 1886 2115 3468 2195; baseline 0.008 -31"><span class='ocrx_word' id='word_1_705' title='bbox 1886 2123 2224 2167; x_wconf 81' lang='lat' dir='ltr'><strong>verumtamen</strong></span> <span class='ocrx_word' id='word_1_706' title='bbox 2248 2115 2481 2170; x_wconf 86' lang='lat' dir='ltr'><strong>universa</strong></span> <span class='ocrx_word' id='word_1_707' title='bbox 2507 2118 2703 2170; x_wconf 85' lang='lat' dir='ltr'><strong>vanitas</strong></span> <span class='ocrx_word' id='word_1_708' title='bbox 2728 2119 2891 2172; x_wconf 88' lang='lat' dir='ltr'><strong>omnis</strong></span> <span class='ocrx_word' id='word_1_709' title='bbox 2916 2120 3066 2174; x_wconf 91' lang='lat' dir='ltr'><strong>homo</strong></span> <span class='ocrx_word' id='word_1_710' title='bbox 3104 2122 3268 2175; x_wconf 83' lang='lat' dir='ltr'><strong>vivens</strong></span> <span class='ocrx_word' id='word_1_711' title='bbox 3293 2122 3468 2195; x_wconf 77' lang='lat' dir='ltr'><strong>(Psal.</strong></span> 
     </span>
    </p>
   </div>
   <div class='ocr_carea' id='block_1_82' title="bbox 1887 2204 3473 2279">
    <p class='ocr_par' dir='ltr' id='par_1_82' title="bbox 1887 2204 3473 2279">
     <span class='ocr_line' id='line_1_82' title="bbox 1887 2204 3473 2279; baseline 0.007 -22"><span class='ocrx_word' id='word_1_712' title='bbox 1887 2218 2096 2260; x_wconf 87' lang='lat' dir='ltr'><strong>xxxvnt</strong></span> <span class='ocrx_word' id='word_1_713' title='bbox 2120 2245 2135 2269; x_wconf 92' lang='lat'><strong>,</strong></span> <span class='ocrx_word' id='word_1_714' title='bbox 2161 2204 2255 2275; x_wconf 87' lang='lat'><strong>6).</strong></span> <span class='ocrx_word' id='word_1_715' title='bbox 2291 2206 2364 2261; x_wconf 92' lang='lat' dir='ltr'><strong>De</strong></span> <span class='ocrx_word' id='word_1_716' title='bbox 2393 2206 2497 2262; x_wconf 85' lang='lat' dir='ltr'><strong>hac</strong></span> <span class='ocrx_word' id='word_1_717' title='bbox 2534 2208 2610 2261; x_wconf 91' lang='lat' dir='ltr'><strong>ira</strong></span> <span class='ocrx_word' id='word_1_718' title='bbox 2642 2208 2843 2278; x_wconf 84' lang='lat' dir='ltr'><strong>plangit</strong></span> <span class='ocrx_word' id='word_1_719' title='bbox 2864 2218 2918 2264; x_wconf 90' lang='lat' dir='ltr'><strong>et</strong></span> <span class='ocrx_word' id='word_1_720' title='bbox 2959 2210 3096 2265; x_wconf 85' lang='lat' dir='ltr'><strong>alius</strong></span> <span class='ocrx_word' id='word_1_721' title='bbox 3138 2228 3152 2264; x_wconf 89' lang='lat'><strong>:</strong></span> <span class='ocrx_word' id='word_1_722' title='bbox 3204 2212 3331 2277; x_wconf 75' lang='lat' dir='ltr'><strong>Qua:</strong></span> <span class='ocrx_word' id='word_1_723' title='bbox 3376 2230 3473 2279; x_wconf 85' lang='lat' dir='ltr'><strong>pro</strong></span> 
     </span>
    </p>
   </div>
   <div class='ocr_carea' id='block_1_83' title="bbox 1885 2296 3473 2363">
    <p class='ocr_par' dir='ltr' id='par_1_83' title="bbox 1885 2296 3473 2363">
     <span class='ocr_line' id='line_1_83' title="bbox 1885 2296 3473 2363; baseline 0.007 -14"><span class='ocrx_word' id='word_1_724' title='bbox 1885 2296 2046 2350; x_wconf 81' lang='lat' dir='ltr'><strong>nihilo</strong></span> <span class='ocrx_word' id='word_1_725' title='bbox 2074 2298 2336 2363; x_wconf 83' lang='lat' dir='ltr'><strong>habentur,</strong></span> <span class='ocrx_word' id='word_1_726' title='bbox 2379 2314 2552 2353; x_wconf 89' lang='lat' dir='ltr'><strong>eorum</strong></span> <span class='ocrx_word' id='word_1_727' title='bbox 2588 2301 2709 2353; x_wconf 90' lang='lat' dir='ltr'><strong>anui</strong></span> <span class='ocrx_word' id='word_1_728' title='bbox 2736 2310 2902 2354; x_wconf 86' lang='lat' dir='ltr'><strong>erunt.</strong></span> <span class='ocrx_word' id='word_1_729' title='bbox 2950 2300 3105 2356; x_wconf 73' lang='lat' dir='ltr'><strong>Mane</strong></span> <span class='ocrx_word' id='word_1_730' title='bbox 3143 2305 3274 2358; x_wconf 88' lang='lat' dir='ltr'><strong>sicut</strong></span> <span class='ocrx_word' id='word_1_731' title='bbox 3314 2305 3473 2360; x_wconf 84' lang='lat' dir='ltr'><strong>herba</strong></span> 
     </span>
    </p>
   </div>
   <div class='ocr_carea' id='block_1_84' title="bbox 1886 2388 3466 2462">
    <p class='ocr_par' dir='ltr' id='par_1_84' title="bbox 1886 2388 3466 2462">
     <span class='ocr_line' id='line_1_84' title="bbox 1886 2388 3466 2462; baseline 0.006 -24"><span class='ocrx_word' id='word_1_732' title='bbox 1886 2393 2146 2451; x_wconf 76' lang='lat' dir='ltr'><strong>tremeat,</strong></span> <span class='ocrx_word' id='word_1_733' title='bbox 2177 2402 2325 2440; x_wconf 87' lang='lat' dir='ltr'><strong>mane</strong></span> <span class='ocrx_word' id='word_1_734' title='bbox 2350 2388 2531 2457; x_wconf 80' lang='lat' dir='ltr'><strong>ﬂoreat</strong></span> <span class='ocrx_word' id='word_1_735' title='bbox 2569 2397 2615 2442; x_wconf 91' lang='lat' dir='ltr'><strong>et</strong></span> <span class='ocrx_word' id='word_1_736' title='bbox 2659 2398 2919 2459; x_wconf 82' lang='lat' dir='ltr'><strong>prtetereat</strong></span> <span class='ocrx_word' id='word_1_737' title='bbox 2939 2431 2953 2454; x_wconf 91' lang='lat'><strong>,</strong></span> <span class='ocrx_word' id='word_1_738' title='bbox 2996 2407 3198 2460; x_wconf 82' lang='lat' dir='ltr'><strong>vespere</strong></span> <span class='ocrx_word' id='word_1_739' title='bbox 3233 2394 3466 2462; x_wconf 85' lang='lat' dir='ltr'><strong>decidat,</strong></span> 
     </span>
    </p>
   </div>
   <div class='ocr_carea' id='block_1_85' title="bbox 1886 2475 3469 2550">
    <p class='ocr_par' dir='ltr' id='par_1_85' title="bbox 1886 2475 3469 2550">
     <span class='ocr_line' id='line_1_85' title="bbox 1886 2475 3469 2550; baseline 0.006 -21"><span class='ocrx_word' id='word_1_740' title='bbox 1886 2475 2117 2531; x_wconf 87' lang='lat' dir='ltr'><strong>durescat</strong></span> <span class='ocrx_word' id='word_1_741' title='bbox 2140 2487 2187 2531; x_wconf 89' lang='lat' dir='ltr'><strong>et</strong></span> <span class='ocrx_word' id='word_1_742' title='bbox 2212 2486 2422 2531; x_wconf 86' lang='lat' dir='ltr'><strong>arescat.</strong></span> <span class='ocrx_word' id='word_1_743' title='bbox 2456 2477 2705 2542; x_wconf 88' lang='lat' dir='ltr'><strong>Quoniam</strong></span> <span class='ocrx_word' id='word_1_744' title='bbox 2735 2481 3006 2550; x_wconf 79' lang='lat' dir='ltr'><strong>defecimus</strong></span> <span class='ocrx_word' id='word_1_745' title='bbox 3051 2484 3105 2536; x_wconf 88' lang='lat' dir='ltr'><strong>in</strong></span> <span class='ocrx_word' id='word_1_746' title='bbox 3147 2485 3224 2543; x_wconf 89' lang='lat' dir='ltr'><strong>ira</strong></span> <span class='ocrx_word' id='word_1_747' title='bbox 3260 2496 3376 2550; x_wconf 91' lang='lat' dir='ltr'><strong>tua,</strong></span> <span class='ocrx_word' id='word_1_748' title='bbox 3420 2497 3469 2540; x_wconf 86' lang='lat' dir='ltr'><strong>et</strong></span> 
     </span>
    </p>
   </div>
   <div class='ocr_carea' id='block_1_86' title="bbox 1884 2568 3465 2647">
    <p class='ocr_par' dir='ltr' id='par_1_86' title="bbox 1884 2568 3465 2647">
     <span class='ocr_line' id='line_1_86' title="bbox 1884 2568 3465 2647; baseline 0.006 -27"><span class='ocrx_word' id='word_1_749' title='bbox 1884 2568 1938 2621; x_wconf 90' lang='lat' dir='ltr'><strong>in</strong></span> <span class='ocrx_word' id='word_1_750' title='bbox 1976 2568 2323 2639; x_wconf 80' lang='lat' dir='ltr'><strong>indignatione</strong></span> <span class='ocrx_word' id='word_1_751' title='bbox 2346 2580 2433 2623; x_wconf 89' lang='lat' dir='ltr'><strong>tua</strong></span> <span class='ocrx_word' id='word_1_752' title='bbox 2461 2570 2742 2625; x_wconf 86' lang='lat' dir='ltr'><strong>conturbati</strong></span> <span class='ocrx_word' id='word_1_753' title='bbox 2786 2588 2980 2626; x_wconf 87' lang='lat' dir='ltr'><strong>sumus.</strong></span> <span class='ocrx_word' id='word_1_754' title='bbox 3012 2572 3237 2628; x_wconf 83' lang='lat' dir='ltr'><strong>Posuisti</strong></span> <span class='ocrx_word' id='word_1_755' title='bbox 3274 2576 3465 2647; x_wconf 83' lang='lat' dir='ltr'><strong>iniqui-</strong></span> 
     </span>
    </p>
   </div>
   <div class='ocr_carea' id='block_1_87' title="bbox 1887 2663 3464 2731">
    <p class='ocr_par' dir='ltr' id='par_1_87' title="bbox 1887 2663 3464 2731">
     <span class='ocr_line' id='line_1_87' title="bbox 1887 2663 3464 2731; baseline 0.004 -18"><span class='ocrx_word' id='word_1_756' title='bbox 1887 2667 2013 2714; x_wconf 86' lang='lat' dir='ltr'><strong>tates</strong></span> <span class='ocrx_word' id='word_1_757' title='bbox 2062 2669 2260 2714; x_wconf 87' lang='lat' dir='ltr'><strong>nostras</strong></span> <span class='ocrx_word' id='word_1_758' title='bbox 2305 2663 2359 2714; x_wconf 89' lang='lat' dir='ltr'><strong>in</strong></span> <span class='ocrx_word' id='word_1_759' title='bbox 2410 2671 2678 2731; x_wconf 74' lang='lat' dir='ltr'><strong>compecto</strong></span> <span class='ocrx_word' id='word_1_760' title='bbox 2723 2671 2808 2717; x_wconf 88' lang='lat' dir='ltr'><strong>tuo</strong></span> <span class='ocrx_word' id='word_1_761' title='bbox 2826 2705 2843 2730; x_wconf 91' lang='lat'><strong>,</strong></span> <span class='ocrx_word' id='word_1_762' title='bbox 2887 2665 3128 2719; x_wconf 70' lang='lat' dir='ltr'><strong>arculum</strong></span> <span class='ocrx_word' id='word_1_763' title='bbox 3157 2675 3384 2722; x_wconf 81' lang='lat' dir='ltr'><strong>nostrum</strong></span> <span class='ocrx_word' id='word_1_764' title='bbox 3408 2670 3464 2721; x_wconf 84' lang='lat' dir='ltr'><strong>in</strong></span> 
     </span>
    </p>
   </div>
   <div class='ocr_carea' id='block_1_88' title="bbox 1884 2751 3468 2817">
    <p class='ocr_par' dir='ltr' id='par_1_88' title="bbox 1884 2751 3468 2817">
     <span class='ocr_line' id='line_1_88' title="bbox 1884 2751 3468 2817; baseline 0.006 -13"><span class='ocrx_word' id='word_1_765' title='bbox 1884 2751 2257 2806; x_wconf 83' lang='lat' dir='ltr'><strong>illuminatione</strong></span> <span class='ocrx_word' id='word_1_766' title='bbox 2284 2754 2451 2807; x_wconf 83' lang='lat' dir='ltr'><strong>vultus</strong></span> <span class='ocrx_word' id='word_1_767' title='bbox 2476 2753 2571 2807; x_wconf 90' lang='lat' dir='ltr'><strong>tui.</strong></span> <span class='ocrx_word' id='word_1_768' title='bbox 2598 2752 2849 2817; x_wconf 85' lang='lat' dir='ltr'><strong>Quoniam</strong></span> <span class='ocrx_word' id='word_1_769' title='bbox 2874 2770 3043 2809; x_wconf 88' lang='lat' dir='ltr'><strong>omnes</strong></span> <span class='ocrx_word' id='word_1_770' title='bbox 3063 2756 3170 2810; x_wconf 88' lang='lat' dir='ltr'><strong>dies</strong></span> <span class='ocrx_word' id='word_1_771' title='bbox 3194 2759 3352 2811; x_wconf 82' lang='lat' dir='ltr'><strong>nostri</strong></span> <span class='ocrx_word' id='word_1_772' title='bbox 3371 2757 3468 2813; x_wconf 55' lang='grc' dir='ltr'><strong>ἀεί</strong></span> 
     </span>
    </p>
   </div>
   <div class='ocr_carea' id='block_1_89' title="bbox 1886 2846 3467 2917">
    <p class='ocr_par' dir='ltr' id='par_1_89' title="bbox 1886 2846 3467 2917">
     <span class='ocr_line' id='line_1_89' title="bbox 1886 2846 3467 2917; baseline 0.002 -18"><span class='ocrx_word' id='word_1_773' title='bbox 1886 2848 2111 2915; x_wconf 82' lang='lat' dir='ltr'><strong>fecerunt</strong></span> <span class='ocrx_word' id='word_1_774' title='bbox 2134 2886 2149 2911; x_wconf 97' lang='lat'><strong>,</strong></span> <span class='ocrx_word' id='word_1_775' title='bbox 2182 2855 2227 2900; x_wconf 92' lang='lat' dir='ltr'><strong>et</strong></span> <span class='ocrx_word' id='word_1_776' title='bbox 2253 2846 2304 2899; x_wconf 90' lang='lat' dir='ltr'><strong>in</strong></span> <span class='ocrx_word' id='word_1_777' title='bbox 2329 2847 2408 2899; x_wconf 92' lang='lat' dir='ltr'><strong>ira</strong></span> <span class='ocrx_word' id='word_1_778' title='bbox 2435 2856 2521 2900; x_wconf 90' lang='lat' dir='ltr'><strong>tua</strong></span> <span class='ocrx_word' id='word_1_779' title='bbox 2546 2846 2841 2917; x_wconf 82' lang='lat' dir='ltr'><strong>defecimus.</strong></span> <span class='ocrx_word' id='word_1_780' title='bbox 2863 2846 2999 2900; x_wconf 78' lang='lat' dir='ltr'><strong>Anni</strong></span> <span class='ocrx_word' id='word_1_781' title='bbox 3017 2849 3174 2902; x_wconf 86' lang='lat' dir='ltr'><strong>nostri</strong></span> <span class='ocrx_word' id='word_1_782' title='bbox 3193 2848 3320 2902; x_wconf 83' lang='lat' dir='ltr'><strong>sicut</strong></span> <span class='ocrx_word' id='word_1_783' title='bbox 3347 2865 3467 2902; x_wconf 88' lang='lat' dir='ltr'><strong>ara-</strong></span> 
     </span>
    </p>
   </div>
   <div class='ocr_carea' id='block_1_90' title="bbox 1888 2936 3016 3010">
    <p class='ocr_par' dir='ltr' id='par_1_90' title="bbox 1888 2936 3016 3010">
     <span class='ocr_line' id='line_1_90' title="bbox 1888 2936 3016 3010; baseline 0 -20"><span class='ocrx_word' id='word_1_784' title='bbox 1888 2952 1980 2991; x_wconf 89' lang='lat' dir='ltr'><strong>nea</strong></span> <span class='ocrx_word' id='word_1_785' title='bbox 2006 2937 2376 2991; x_wconf 78' lang='lat' dir='ltr'><strong>meditabantur</strong></span> <span class='ocrx_word' id='word_1_786' title='bbox 2400 2936 2567 3010; x_wconf 85' lang='lat' dir='ltr'><strong>(Psal.</strong></span> <span class='ocrx_word' id='word_1_787' title='bbox 2596 2954 2795 2993; x_wconf 79' lang='lat' dir='ltr'><strong>Lxxxtx</strong></span> <span class='ocrx_word' id='word_1_788' title='bbox 2817 2980 2832 3005; x_wconf 93' lang='lat'><strong>,</strong></span> <span class='ocrx_word' id='word_1_789' title='bbox 2859 2938 2960 2995; x_wconf 84' lang='lat'><strong>5-9</strong></span> <span class='ocrx_word' id='word_1_790' title='bbox 2974 2939 3016 3009; x_wconf 90' lang='lat'><strong>).</strong></span> 
     </span>
    </p>
   </div>
   <div class='ocr_carea' id='block_1_91' title="bbox 1957 3030 3465 3103">
    <p class='ocr_par' dir='ltr' id='par_1_91' title="bbox 1957 3030 3465 3103">
     <span class='ocr_line' id='line_1_91' title="bbox 1957 3030 3465 3103; baseline 0.003 -19"><span class='ocrx_word' id='word_1_791' title='bbox 1957 3030 2045 3085; x_wconf 84' lang='lat'><strong>79.</strong></span> <span class='ocrx_word' id='word_1_792' title='bbox 2077 3030 2245 3085; x_wconf 88' lang='lat' dir='ltr'><strong>Nemo</strong></span> <span class='ocrx_word' id='word_1_793' title='bbox 2274 3031 2528 3085; x_wconf 90' lang='lat' dir='ltr'><strong>liberatur</strong></span> <span class='ocrx_word' id='word_1_794' title='bbox 2553 3030 2577 3062; x_wconf 74' lang='grc'>⁸</span> <span class='ocrx_word' id='word_1_795' title='bbox 2612 3031 2681 3085; x_wconf 89' lang='lat' dir='ltr'><strong>ab</strong></span> <span class='ocrx_word' id='word_1_796' title='bbox 2706 3031 2805 3085; x_wconf 92' lang='lat' dir='ltr'><strong>hac</strong></span> <span class='ocrx_word' id='word_1_797' title='bbox 2831 3032 2908 3085; x_wconf 90' lang='lat' dir='ltr'><strong>ira</strong></span> <span class='ocrx_word' id='word_1_798' title='bbox 2936 3031 3068 3099; x_wconf 90' lang='lat' dir='ltr'><strong>Dei,</strong></span> <span class='ocrx_word' id='word_1_799' title='bbox 3094 3032 3197 3087; x_wconf 89' lang='lat' dir='ltr'><strong>nisi</strong></span> <span class='ocrx_word' id='word_1_800' title='bbox 3234 3047 3332 3103; x_wconf 88' lang='lat' dir='ltr'><strong>per</strong></span> <span class='ocrx_word' id='word_1_801' title='bbox 3354 3033 3465 3088; x_wconf 77' lang='lat' dir='ltr'><strong>Me-</strong></span> 
     </span>
    </p>
   </div>
   <div class='ocr_carea' id='block_1_92' title="bbox 1890 3120 3464 3193">
    <p class='ocr_par' dir='ltr' id='par_1_92' title="bbox 1890 3120 3464 3193">
     <span class='ocr_line' id='line_1_92' title="bbox 1890 3120 3464 3193; baseline 0.004 -20"><span class='ocrx_word' id='word_1_802' title='bbox 1890 3120 2150 3175; x_wconf 90' lang='lat' dir='ltr'><strong>diatorem</strong></span> <span class='ocrx_word' id='word_1_803' title='bbox 2195 3121 2574 3175; x_wconf 89' lang='lat' dir='ltr'><strong>reconcilietur</strong></span> <span class='ocrx_word' id='word_1_804' title='bbox 2623 3121 2750 3175; x_wconf 90' lang='lat' dir='ltr'><strong>Deo.</strong></span> <span class='ocrx_word' id='word_1_805' title='bbox 2799 3121 2953 3177; x_wconf 85' lang='lat' dir='ltr'><strong>Unde</strong></span> <span class='ocrx_word' id='word_1_806' title='bbox 2989 3122 3121 3177; x_wconf 88' lang='lat' dir='ltr'><strong>dicit</strong></span> <span class='ocrx_word' id='word_1_807' title='bbox 3156 3124 3317 3177; x_wconf 89' lang='lat' dir='ltr'><strong>etiam</strong></span> <span class='ocrx_word' id='word_1_808' title='bbox 3348 3124 3464 3193; x_wconf 91' lang='lat' dir='ltr'><strong>ipse</strong></span> 
     </span>
    </p>
   </div>
   <div class='ocr_carea' id='block_1_93' title="bbox 1886 3210 3463 3279">
    <p class='ocr_par' dir='ltr' id='par_1_93' title="bbox 1886 3210 3463 3279">
     <span class='ocr_line' id='line_1_93' title="bbox 1886 3210 3463 3279; baseline 0.003 -14"><span class='ocrx_word' id='word_1_809' title='bbox 1886 3210 2142 3266; x_wconf 78' lang='lat' dir='ltr'><strong>Mediator</strong></span> <span class='ocrx_word' id='word_1_810' title='bbox 2173 3227 2189 3265; x_wconf 92' lang='lat'><strong>:</strong></span> <span class='ocrx_word' id='word_1_811' title='bbox 2223 3210 2324 3277; x_wconf 90' lang='lat' dir='ltr'><strong>Qui</strong></span> <span class='ocrx_word' id='word_1_812' title='bbox 2370 3228 2472 3266; x_wconf 90' lang='lat' dir='ltr'><strong>non</strong></span> <span class='ocrx_word' id='word_1_813' title='bbox 2496 3212 2653 3266; x_wconf 89' lang='lat' dir='ltr'><strong>credit</strong></span> <span class='ocrx_word' id='word_1_814' title='bbox 2699 3210 2837 3266; x_wconf 87' lang='lat' dir='ltr'><strong>Filio</strong></span> <span class='ocrx_word' id='word_1_815' title='bbox 2858 3253 2873 3277; x_wconf 92' lang='lat'><strong>,</strong></span> <span class='ocrx_word' id='word_1_816' title='bbox 2900 3229 3002 3267; x_wconf 91' lang='lat' dir='ltr'><strong>non</strong></span> <span class='ocrx_word' id='word_1_817' title='bbox 3043 3213 3239 3267; x_wconf 85' lang='lat' dir='ltr'><strong>habebit</strong></span> <span class='ocrx_word' id='word_1_818' title='bbox 3264 3216 3463 3279; x_wconf 77' lang='lat' dir='ltr'><strong>vitam;</strong></span> 
     </span>
    </p>
   </div>
   <div class='ocr_carea' id='block_1_94' title="bbox 1886 3301 3459 3377">
    <p class='ocr_par' dir='ltr' id='par_1_94' title="bbox 1886 3301 3459 3377">
     <span class='ocr_line' id='line_1_94' title="bbox 1886 3301 3459 3377; baseline 0.003 -21"><span class='ocrx_word' id='word_1_819' title='bbox 1886 3302 1975 3356; x_wconf 89' lang='lat' dir='ltr'><strong>sed</strong></span> <span class='ocrx_word' id='word_1_820' title='bbox 2000 3303 2079 3356; x_wconf 86' lang='lat' dir='ltr'><strong>ira</strong></span> <span class='ocrx_word' id='word_1_821' title='bbox 2108 3301 2204 3357; x_wconf 89' lang='lat' dir='ltr'><strong>Dei</strong></span> <span class='ocrx_word' id='word_1_822' title='bbox 2221 3311 2388 3357; x_wconf 87' lang='lat' dir='ltr'><strong>manet</strong></span> <span class='ocrx_word' id='word_1_823' title='bbox 2409 3319 2563 3373; x_wconf 86' lang='lat' dir='ltr'><strong>super</strong></span> <span class='ocrx_word' id='word_1_824' title='bbox 2586 3320 2698 3357; x_wconf 86' lang='lat' dir='ltr'><strong>eum</strong></span> <span class='ocrx_word' id='word_1_825' title='bbox 2724 3304 2771 3373; x_wconf 84' lang='grc' dir='ltr'><strong>(Ι</strong></span> <span class='ocrx_word' id='word_1_826' title='bbox 2798 3302 2953 3357; x_wconf 84' lang='lat' dir='ltr'><strong>Joau.</strong></span> <span class='ocrx_word' id='word_1_827' title='bbox 2981 3319 3062 3370; x_wconf 87' lang='grc' dir='ltr'>ιιι,</span> <span class='ocrx_word' id='word_1_828' title='bbox 3088 3304 3200 3377; x_wconf 80' lang='lat'><strong>36).</strong></span> <span class='ocrx_word' id='word_1_829' title='bbox 3222 3304 3339 3361; x_wconf 80' lang='lat' dir='ltr'><strong>Non</strong></span> <span class='ocrx_word' id='word_1_830' title='bbox 3372 3307 3459 3361; x_wconf 88' lang='lat' dir='ltr'><strong>di-</strong></span> 
     </span>
    </p>
   </div>
   <div class='ocr_carea' id='block_1_95' title="bbox 1886 3393 3467 3465">
    <p class='ocr_par' dir='ltr' id='par_1_95' title="bbox 1886 3393 3467 3465">
     <span class='ocr_line' id='line_1_95' title="bbox 1886 3393 3467 3465; baseline 0.003 -18"><span class='ocrx_word' id='word_1_831' title='bbox 1886 3394 1985 3461; x_wconf 87' lang='lat' dir='ltr'><strong>xit,</strong></span> <span class='ocrx_word' id='word_1_832' title='bbox 2017 3393 2236 3460; x_wconf 78' lang='lat' dir='ltr'><strong>Veniet;</strong></span> <span class='ocrx_word' id='word_1_833' title='bbox 2265 3394 2379 3459; x_wconf 88' lang='lat' dir='ltr'><strong>sed,</strong></span> <span class='ocrx_word' id='word_1_834' title='bbox 2412 3402 2577 3455; x_wconf 85' lang='lat' dir='ltr'><strong>manet</strong></span> <span class='ocrx_word' id='word_1_835' title='bbox 2596 3410 2749 3465; x_wconf 84' lang='lat' dir='ltr'><strong>super</strong></span> <span class='ocrx_word' id='word_1_836' title='bbox 2776 3410 2908 3447; x_wconf 77' lang='lat' dir='ltr'><strong>eunt.</strong></span> <span class='ocrx_word' id='word_1_837' title='bbox 2936 3393 3059 3449; x_wconf 86' lang='lat' dir='ltr'><strong>ideo</strong></span> <span class='ocrx_word' id='word_1_838' title='bbox 3085 3410 3213 3465; x_wconf 89' lang='lat' dir='ltr'><strong>ergo</strong></span> <span class='ocrx_word' id='word_1_839' title='bbox 3239 3396 3467 3451; x_wconf 73' lang='lat' dir='ltr'><strong>credula</strong></span> 
     </span>
    </p>
   </div>
   <div class='ocr_carea' id='block_1_96' title="bbox 1885 3483 3487 3556">
    <p class='ocr_par' dir='ltr' id='par_1_96' title="bbox 1885 3483 3487 3556">
     <span class='ocr_line' id='line_1_96' title="bbox 1885 3483 3487 3556; baseline 0.002 -19"><span class='ocrx_word' id='word_1_840' title='bbox 1885 3493 2044 3556; x_wconf 91' lang='lat' dir='ltr'><strong>atque</strong></span> <span class='ocrx_word' id='word_1_841' title='bbox 2069 3484 2392 3539; x_wconf 87' lang='lat' dir='ltr'><strong>confitentur</strong></span> <span class='ocrx_word' id='word_1_842' title='bbox 2417 3491 2472 3539; x_wconf 90' lang='lat' dir='ltr'><strong>et</strong></span> <span class='ocrx_word' id='word_1_843' title='bbox 2498 3483 2729 3552; x_wconf 82' lang='lat' dir='ltr'><strong>majores</strong></span> <span class='ocrx_word' id='word_1_844' title='bbox 2760 3497 2857 3552; x_wconf 88' lang='lat' dir='ltr'><strong>per</strong></span> <span class='ocrx_word' id='word_1_845' title='bbox 2878 3498 2973 3537; x_wconf 91' lang='lat' dir='ltr'><strong>cor</strong></span> <span class='ocrx_word' id='word_1_846' title='bbox 2996 3492 3051 3539; x_wconf 89' lang='lat' dir='ltr'><strong>et</strong></span> <span class='ocrx_word' id='word_1_847' title='bbox 3074 3499 3135 3538; x_wconf 87' lang='lat' dir='ltr'><strong>os</strong></span> <span class='ocrx_word' id='word_1_848' title='bbox 3160 3486 3459 3555; x_wconf 87' lang='lat' dir='ltr'><strong>proprium,</strong></span> <span class='ocrx_word' id='word_1_849' title='bbox 3484 3508 3487 3515; x_wconf 91' lang='grc'>·</span> 
     </span>
    </p>
   </div>
   <div class='ocr_carea' id='block_1_97' title="bbox 1886 3573 3467 3647">
    <p class='ocr_par' dir='ltr' id='par_1_97' title="bbox 1886 3573 3467 3647">
     <span class='ocr_line' id='line_1_97' title="bbox 1886 3573 3467 3647; baseline 0.002 -19"><span class='ocrx_word' id='word_1_850' title='bbox 1886 3582 1940 3628; x_wconf 93' lang='lat' dir='ltr'><strong>et</strong></span> <span class='ocrx_word' id='word_1_851' title='bbox 1994 3574 2196 3643; x_wconf 86' lang='lat' dir='ltr'><strong>parvuli</strong></span> <span class='ocrx_word' id='word_1_852' title='bbox 2247 3588 2343 3643; x_wconf 88' lang='lat' dir='ltr'><strong>per</strong></span> <span class='ocrx_word' id='word_1_853' title='bbox 2380 3573 2617 3630; x_wconf 88' lang='lat' dir='ltr'><strong>alienum</strong></span> <span class='ocrx_word' id='word_1_854' title='bbox 2638 3615 2652 3635; x_wconf 90' lang='lat'><strong>,</strong></span> <span class='ocrx_word' id='word_1_855' title='bbox 2686 3583 2745 3627; x_wconf 93' lang='lat' dir='ltr'><strong>ut</strong></span> <span class='ocrx_word' id='word_1_856' title='bbox 2790 3574 3201 3630; x_wconf 89' lang='lat' dir='ltr'><strong>reconcilientur</strong></span> <span class='ocrx_word' id='word_1_857' title='bbox 3229 3577 3340 3631; x_wconf 88' lang='lat' dir='ltr'><strong>Deo</strong></span> <span class='ocrx_word' id='word_1_858' title='bbox 3366 3591 3467 3647; x_wconf 84' lang='lat' dir='ltr'><strong>per</strong></span> 
     </span>
    </p>
   </div>
   <div class='ocr_carea' id='block_1_98' title="bbox 1888 3664 3467 3737">
    <p class='ocr_par' dir='ltr' id='par_1_98' title="bbox 1888 3664 3467 3737">
     <span class='ocr_line' id='line_1_98' title="bbox 1888 3664 3467 3737; baseline 0.002 -18"><span class='ocrx_word' id='word_1_859' title='bbox 1888 3675 2117 3721; x_wconf 85' lang='lat' dir='ltr'><strong>mortem</strong></span> <span class='ocrx_word' id='word_1_860' title='bbox 2166 3664 2288 3721; x_wconf 86' lang='lat' dir='ltr'><strong>Filii</strong></span> <span class='ocrx_word' id='word_1_861' title='bbox 2325 3664 2441 3735; x_wconf 88' lang='lat' dir='ltr'><strong>ejus</strong></span> <span class='ocrx_word' id='word_1_862' title='bbox 2465 3705 2482 3733; x_wconf 95' lang='lat'><strong>,</strong></span> <span class='ocrx_word' id='word_1_863' title='bbox 2528 3680 2597 3720; x_wconf 88' lang='lat' dir='ltr'><strong>ne</strong></span> <span class='ocrx_word' id='word_1_864' title='bbox 2649 3665 2728 3720; x_wconf 90' lang='lat' dir='ltr'><strong>ira</strong></span> <span class='ocrx_word' id='word_1_865' title='bbox 2778 3665 2871 3720; x_wconf 87' lang='lat' dir='ltr'><strong>Dei</strong></span> <span class='ocrx_word' id='word_1_866' title='bbox 2911 3678 3122 3720; x_wconf 88' lang='lat' dir='ltr'><strong>maneat</strong></span> <span class='ocrx_word' id='word_1_867' title='bbox 3158 3681 3319 3737; x_wconf 88' lang='lat' dir='ltr'><strong>super</strong></span> <span class='ocrx_word' id='word_1_868' title='bbox 3344 3684 3467 3732; x_wconf 79' lang='lat' dir='ltr'><strong>eos,</strong></span> 
     </span>
    </p>
   </div>
   <div class='ocr_carea' id='block_1_99' title="bbox 1887 3755 3470 3828">
    <p class='ocr_par' dir='ltr' id='par_1_99' title="bbox 1887 3755 3470 3828">
     <span class='ocr_line' id='line_1_99' title="bbox 1887 3755 3470 3828; baseline 0.003 -17"><span class='ocrx_word' id='word_1_869' title='bbox 1887 3772 2021 3827; x_wconf 91' lang='lat' dir='ltr'><strong>quos</strong></span> <span class='ocrx_word' id='word_1_870' title='bbox 2045 3757 2206 3812; x_wconf 89' lang='lat' dir='ltr'><strong>etiam</strong></span> <span class='ocrx_word' id='word_1_871' title='bbox 2233 3756 2384 3827; x_wconf 90' lang='lat' dir='ltr'><strong>origo</strong></span> <span class='ocrx_word' id='word_1_872' title='bbox 2426 3755 2607 3810; x_wconf 86' lang='lat' dir='ltr'><strong>vitiata</strong></span> <span class='ocrx_word' id='word_1_873' title='bbox 2656 3755 2821 3810; x_wconf 75' lang='lat' dir='ltr'><strong>efficit</strong></span> <span class='ocrx_word' id='word_1_874' title='bbox 2861 3771 3004 3811; x_wconf 89' lang='lat' dir='ltr'><strong>reos.</strong></span> <span class='ocrx_word' id='word_1_875' title='bbox 3039 3757 3114 3813; x_wconf 89' lang='lat' dir='ltr'><strong>De</strong></span> <span class='ocrx_word' id='word_1_876' title='bbox 3155 3757 3258 3813; x_wconf 87' lang='lat' dir='ltr'><strong>hac</strong></span> <span class='ocrx_word' id='word_1_877' title='bbox 3284 3758 3470 3828; x_wconf 84' lang='lat' dir='ltr'><strong>itaque</strong></span> 
     </span>
    </p>
   </div>
   <div class='ocr_carea' id='block_1_100' title="bbox 1886 3844 3469 3917">
    <p class='ocr_par' dir='ltr' id='par_1_100' title="bbox 1886 3844 3469 3917">
     <span class='ocr_line' id='line_1_100' title="bbox 1886 3844 3469 3917; baseline 0 -15"><span class='ocrx_word' id='word_1_878' title='bbox 1886 3863 1947 3902; x_wconf 89' lang='lat' dir='ltr'><strong>re</strong></span> <span class='ocrx_word' id='word_1_879' title='bbox 1973 3847 1994 3880; x_wconf 82' lang='grc'><strong><em>⁸</em></strong></span> <span class='ocrx_word' id='word_1_880' title='bbox 2020 3848 2240 3917; x_wconf 88' lang='lat' dir='ltr'><strong>loquens</strong></span> <span class='ocrx_word' id='word_1_881' title='bbox 2269 3845 2577 3917; x_wconf 85' lang='lat' dir='ltr'><strong>Apostolus,</strong></span> <span class='ocrx_word' id='word_1_882' title='bbox 2599 3844 2725 3901; x_wconf 86' lang='lat' dir='ltr'><strong>Cum</strong></span> <span class='ocrx_word' id='word_1_883' title='bbox 2749 3845 2935 3911; x_wconf 87' lang='lat' dir='ltr'><strong>adhuc,</strong></span> <span class='ocrx_word' id='word_1_884' title='bbox 2968 3848 3156 3916; x_wconf 91' lang='lat' dir='ltr'><strong>inquit,</strong></span> <span class='ocrx_word' id='word_1_885' title='bbox 3182 3858 3469 3917; x_wconf 85' lang='lat' dir='ltr'><strong>peccatores</strong></span> 
     </span>
    </p>
   </div>
   <div class='ocr_carea' id='block_1_101' title="bbox 1888 3935 3469 4007">
    <p class='ocr_par' dir='ltr' id='par_1_101' title="bbox 1888 3935 3469 4007">
     <span class='ocr_line' id='line_1_101' title="bbox 1888 3935 3469 4007; baseline -0.001 -16"><span class='ocrx_word' id='word_1_886' title='bbox 1888 3953 2125 3999; x_wconf 86' lang='lat' dir='ltr'><strong>essemus,</strong></span> <span class='ocrx_word' id='word_1_887' title='bbox 2158 3935 2388 3989; x_wconf 85' lang='lat' dir='ltr'><strong>Christus</strong></span> <span class='ocrx_word' id='word_1_888' title='bbox 2416 3951 2509 4005; x_wconf 88' lang='lat' dir='ltr'><strong>pro</strong></span> <span class='ocrx_word' id='word_1_889' title='bbox 2538 3936 2682 3988; x_wconf 90' lang='lat' dir='ltr'><strong>nobis</strong></span> <span class='ocrx_word' id='word_1_890' title='bbox 2724 3944 2954 3990; x_wconf 88' lang='lat' dir='ltr'><strong>mortuus</strong></span> <span class='ocrx_word' id='word_1_891' title='bbox 2974 3946 3083 4000; x_wconf 89' lang='lat' dir='ltr'><strong>est;</strong></span> <span class='ocrx_word' id='word_1_892' title='bbox 3108 3937 3270 3990; x_wconf 87' lang='lat' dir='ltr'><strong>multo</strong></span> <span class='ocrx_word' id='word_1_893' title='bbox 3298 3938 3469 4007; x_wconf 82' lang='lat' dir='ltr'><strong>magis</strong></span> 
     </span>
    </p>
   </div>
   <div class='ocr_carea' id='block_1_102' title="bbox 1876 4024 3483 4097">
    <p class='ocr_par' dir='ltr' id='par_1_102' title="bbox 1876 4024 3483 4097">
     <span class='ocr_line' id='line_1_102' title="bbox 1876 4024 3483 4097; baseline 0.001 -16"><span class='ocrx_word' id='word_1_894' title='bbox 1876 4027 2146 4097; x_wconf 83' lang='lat' dir='ltr'><strong>justiﬁcati</strong></span> <span class='ocrx_word' id='word_1_895' title='bbox 2175 4041 2309 4079; x_wconf 86' lang='lat' dir='ltr'><strong>nunc</strong></span> <span class='ocrx_word' id='word_1_896' title='bbox 2347 4026 2402 4079; x_wconf 88' lang='lat' dir='ltr'><strong>in</strong></span> <span class='ocrx_word' id='word_1_897' title='bbox 2430 4024 2676 4096; x_wconf 85' lang='lat' dir='ltr'><strong>sanguine</strong></span> <span class='ocrx_word' id='word_1_898' title='bbox 2722 4026 2901 4095; x_wconf 85' lang='lat' dir='ltr'><strong>ipsius,</strong></span> <span class='ocrx_word' id='word_1_899' title='bbox 2922 4026 3049 4080; x_wconf 81' lang='lat' dir='ltr'><strong>salvi</strong></span> <span class='ocrx_word' id='word_1_900' title='bbox 3068 4027 3255 4081; x_wconf 87' lang='lat' dir='ltr'><strong>erimus</strong></span> <span class='ocrx_word' id='word_1_901' title='bbox 3293 4027 3355 4082; x_wconf 88' lang='lat' dir='ltr'><strong>ab</strong></span> <span class='ocrx_word' id='word_1_902' title='bbox 3384 4029 3483 4081; x_wconf 72' lang='lat' dir='ltr'><strong>ira</strong></span> 
     </span>
    </p>
   </div>
   <div class='ocr_carea' id='block_1_103' title="bbox 1889 4116 3487 4190">
    <p class='ocr_par' dir='ltr' id='par_1_103' title="bbox 1889 4116 3487 4190">
     <span class='ocr_line' id='line_1_103' title="bbox 1889 4116 3487 4190; baseline 0.001 -20"><span class='ocrx_word' id='word_1_903' title='bbox 1889 4135 1979 4190; x_wconf 81' lang='lat' dir='ltr'><strong>per</strong></span> <span class='ocrx_word' id='word_1_904' title='bbox 2006 4118 2194 4189; x_wconf 85' lang='lat' dir='ltr'><strong>ipsum.</strong></span> <span class='ocrx_word' id='word_1_905' title='bbox 2236 4116 2299 4170; x_wconf 83' lang='lat' dir='ltr'><strong>Si</strong></span> <span class='ocrx_word' id='word_1_906' title='bbox 2340 4116 2473 4169; x_wconf 89' lang='lat' dir='ltr'><strong>enim</strong></span> <span class='ocrx_word' id='word_1_907' title='bbox 2499 4132 2614 4169; x_wconf 88' lang='lat' dir='ltr'><strong>cum</strong></span> <span class='ocrx_word' id='word_1_908' title='bbox 2656 4116 2845 4169; x_wconf 87' lang='lat' dir='ltr'><strong>inimici</strong></span> <span class='ocrx_word' id='word_1_909' title='bbox 2874 4132 3130 4181; x_wconf 87' lang='lat' dir='ltr'><strong>essemus,</strong></span> <span class='ocrx_word' id='word_1_910' title='bbox 3155 4118 3487 4173; x_wconf 8' lang='lat' dir='ltr'><strong>reconciliatio</strong></span> 
     </span>
    </p>
   </div>
   <div class='ocr_carea' id='block_1_104' title="bbox 1886 4206 3479 4278">
    <p class='ocr_par' dir='ltr' id='par_1_104' title="bbox 1886 4206 3479 4278">
     <span class='ocr_line' id='line_1_104' title="bbox 1886 4206 3479 4278; baseline 0.001 -15"><span class='ocrx_word' id='word_1_911' title='bbox 1886 4227 2061 4264; x_wconf 88' lang='lat' dir='ltr'><strong>sumus</strong></span> <span class='ocrx_word' id='word_1_912' title='bbox 2088 4208 2194 4262; x_wconf 88' lang='lat' dir='ltr'><strong>Deo</strong></span> <span class='ocrx_word' id='word_1_913' title='bbox 2214 4224 2304 4278; x_wconf 86' lang='lat' dir='ltr'><strong>per</strong></span> <span class='ocrx_word' id='word_1_914' title='bbox 2329 4215 2539 4261; x_wconf 84' lang='lat' dir='ltr'><strong>mortem</strong></span> <span class='ocrx_word' id='word_1_915' title='bbox 2566 4206 2692 4260; x_wconf 81' lang='lat' dir='ltr'><strong>Filii</strong></span> <span class='ocrx_word' id='word_1_916' title='bbox 2720 4208 2866 4275; x_wconf 86' lang='lat' dir='ltr'><strong>ejus;</strong></span> <span class='ocrx_word' id='word_1_917' title='bbox 2898 4207 3057 4259; x_wconf 86' lang='lat' dir='ltr'><strong>multo</strong></span> <span class='ocrx_word' id='word_1_918' title='bbox 3082 4208 3243 4277; x_wconf 84' lang='lat' dir='ltr'><strong>magis</strong></span> <span class='ocrx_word' id='word_1_919' title='bbox 3281 4224 3479 4266; x_wconf 84' lang='lat' dir='ltr'><strong>recon-.</strong></span> 
     </span>
    </p>
   </div>
   <div class='ocr_carea' id='block_1_105' title="bbox 1886 4297 3483 4365">
    <p class='ocr_par' dir='ltr' id='par_1_105' title="bbox 1886 4297 3483 4365">
     <span class='ocr_line' id='line_1_105' title="bbox 1886 4297 3483 4365; baseline 0.001 -11"><span class='ocrx_word' id='word_1_920' title='bbox 1886 4300 2045 4354; x_wconf 86' lang='lat' dir='ltr'><strong>ciliati</strong></span> <span class='ocrx_word' id='word_1_921' title='bbox 2066 4340 2082 4364; x_wconf 90' lang='lat'><strong>,</strong></span> <span class='ocrx_word' id='word_1_922' title='bbox 2125 4300 2249 4353; x_wconf 88' lang='lat' dir='ltr'><strong>salvi</strong></span> <span class='ocrx_word' id='word_1_923' title='bbox 2278 4299 2465 4352; x_wconf 87' lang='lat' dir='ltr'><strong>erimus</strong></span> <span class='ocrx_word' id='word_1_924' title='bbox 2509 4299 2563 4350; x_wconf 90' lang='lat' dir='ltr'><strong>in</strong></span> <span class='ocrx_word' id='word_1_925' title='bbox 2601 4297 2701 4350; x_wconf 87' lang='lat' dir='ltr'><strong>vita</strong></span> <span class='ocrx_word' id='word_1_926' title='bbox 2724 4297 2883 4365; x_wconf 88' lang='lat' dir='ltr'><strong>ipsius</strong></span> <span class='ocrx_word' id='word_1_927' title='bbox 2910 4312 2930 4351; x_wconf 87' lang='lat'><strong><em>:</em></strong></span> <span class='ocrx_word' id='word_1_928' title='bbox 2956 4313 3055 4351; x_wconf 89' lang='lat' dir='ltr'><strong>non</strong></span> <span class='ocrx_word' id='word_1_929' title='bbox 3081 4299 3246 4352; x_wconf 81' lang='lat' dir='ltr'><strong>solum</strong></span> <span class='ocrx_word' id='word_1_930' title='bbox 3274 4309 3483 4363; x_wconf 42' lang='lat' dir='ltr'><strong>autem;</strong></span> 
     </span>
    </p>
   </div>
   <div class='ocr_carea' id='block_1_106' title="bbox 1886 4386 3483 4460">
    <p class='ocr_par' dir='ltr' id='par_1_106' title="bbox 1886 4386 3483 4460">
     <span class='ocr_line' id='line_1_106' title="bbox 1886 4386 3483 4460; baseline 0 -15"><span class='ocrx_word' id='word_1_931' title='bbox 1886 4392 1973 4445; x_wconf 89' lang='lat' dir='ltr'><strong>sed</strong></span> <span class='ocrx_word' id='word_1_932' title='bbox 2001 4399 2050 4444; x_wconf 85' lang='lat' dir='ltr'><strong>et</strong></span> <span class='ocrx_word' id='word_1_933' title='bbox 2073 4390 2345 4460; x_wconf 86' lang='lat' dir='ltr'><strong>gloriantes</strong></span> <span class='ocrx_word' id='word_1_934' title='bbox 2361 4388 2414 4441; x_wconf 88' lang='lat' dir='ltr'><strong>iu</strong></span> <span class='ocrx_word' id='word_1_935' title='bbox 2440 4387 2553 4442; x_wconf 84' lang='lat' dir='ltr'><strong>Deo</strong></span> <span class='ocrx_word' id='word_1_936' title='bbox 2577 4403 2667 4456; x_wconf 88' lang='lat' dir='ltr'><strong>per</strong></span> <span class='ocrx_word' id='word_1_937' title='bbox 2691 4386 2964 4440; x_wconf 87' lang='lat' dir='ltr'><strong>Dominum</strong></span> <span class='ocrx_word' id='word_1_938' title='bbox 3012 4397 3237 4442; x_wconf 86' lang='lat' dir='ltr'><strong>nostrum</strong></span> <span class='ocrx_word' id='word_1_939' title='bbox 3278 4387 3483 4445; x_wconf 24' lang='lat' dir='ltr'><strong>Jesunsr</strong></span> 
     </span>
    </p>
   </div>
   <div class='ocr_carea' id='block_1_107' title="bbox 1887 4477 3465 4549">
    <p class='ocr_par' dir='ltr' id='par_1_107' title="bbox 1887 4477 3465 4549">
     <span class='ocr_line' id='line_1_107' title="bbox 1887 4477 3465 4549; baseline -0.003 -12"><span class='ocrx_word' id='word_1_940' title='bbox 1887 4481 2139 4537; x_wconf 86' lang='lat' dir='ltr'><strong>Christum</strong></span> <span class='ocrx_word' id='word_1_941' title='bbox 2163 4522 2179 4547; x_wconf 96' lang='lat'><strong>,</strong></span> <span class='ocrx_word' id='word_1_942' title='bbox 2212 4496 2300 4549; x_wconf 87' lang='lat' dir='ltr'><strong>per</strong></span> <span class='ocrx_word' id='word_1_943' title='bbox 2323 4494 2468 4549; x_wconf 84' lang='lat' dir='ltr'><strong>quem</strong></span> <span class='ocrx_word' id='word_1_944' title='bbox 2507 4487 2553 4532; x_wconf 89' lang='lat' dir='ltr'><strong>et</strong></span> <span class='ocrx_word' id='word_1_945' title='bbox 2592 4494 2723 4532; x_wconf 85' lang='lat' dir='ltr'><strong>nunc</strong></span> <span class='ocrx_word' id='word_1_946' title='bbox 2764 4477 3221 4532; x_wconf 83' lang='lat' dir='ltr'><strong>reconciliationem</strong></span> <span class='ocrx_word' id='word_1_947' title='bbox 3262 4482 3465 4549; x_wconf 80' lang='lat' dir='ltr'><strong>accepi-</strong></span> 
     </span>
    </p>
   </div>
   <div class='ocr_carea' id='block_1_108' title="bbox 1885 4568 3466 4641">
    <p class='ocr_par' dir='ltr' id='par_1_108' title="bbox 1885 4568 3466 4641">
     <span class='ocr_line' id='line_1_108' title="bbox 1885 4568 3466 4641; baseline -0.003 -13"><span class='ocrx_word' id='word_1_948' title='bbox 1885 4590 2019 4628; x_wconf 90' lang='lat' dir='ltr'><strong>mus.</strong></span> <span class='ocrx_word' id='word_1_949' title='bbox 2047 4570 2266 4641; x_wconf 80' lang='lat' dir='ltr'><strong>PrOpter</strong></span> <span class='ocrx_word' id='word_1_950' title='bbox 2291 4571 2384 4623; x_wconf 91' lang='lat' dir='ltr'><strong>hoc</strong></span> <span class='ocrx_word' id='word_1_951' title='bbox 2403 4570 2530 4623; x_wconf 88' lang='lat' dir='ltr'><strong>sicut</strong></span> <span class='ocrx_word' id='word_1_952' title='bbox 2559 4585 2648 4639; x_wconf 86' lang='lat' dir='ltr'><strong>per</strong></span> <span class='ocrx_word' id='word_1_953' title='bbox 2676 4584 2834 4622; x_wconf 88' lang='lat' dir='ltr'><strong>unum</strong></span> <span class='ocrx_word' id='word_1_954' title='bbox 2855 4568 3107 4623; x_wconf 87' lang='lat' dir='ltr'><strong>hominem</strong></span> <span class='ocrx_word' id='word_1_955' title='bbox 3129 4578 3390 4639; x_wconf 86' lang='lat' dir='ltr'><strong>peccatum</strong></span> <span class='ocrx_word' id='word_1_956' title='bbox 3410 4571 3466 4625; x_wconf 84' lang='lat' dir='ltr'><strong>in</strong></span> 
     </span>
    </p>
   </div>
   <div class='ocr_carea' id='block_1_109' title="bbox 1886 4660 3471 4731">
    <p class='ocr_par' dir='ltr' id='par_1_109' title="bbox 1886 4660 3471 4731">
     <span class='ocr_line' id='line_1_109' title="bbox 1886 4660 3471 4731; baseline -0.004 -12"><span class='ocrx_word' id='word_1_957' title='bbox 1886 4667 2019 4720; x_wconf 87' lang='lat' dir='ltr'><strong>hunc</strong></span> <span class='ocrx_word' id='word_1_958' title='bbox 2045 4663 2287 4718; x_wconf 89' lang='lat' dir='ltr'><strong>mundum</strong></span> <span class='ocrx_word' id='word_1_959' title='bbox 2318 4661 2541 4723; x_wconf 85' lang='lat' dir='ltr'><strong>intravit,</strong></span> <span class='ocrx_word' id='word_1_960' title='bbox 2565 4671 2613 4714; x_wconf 90' lang='lat' dir='ltr'><strong>et</strong></span> <span class='ocrx_word' id='word_1_961' title='bbox 2639 4676 2728 4731; x_wconf 84' lang='lat' dir='ltr'><strong>per</strong></span> <span class='ocrx_word' id='word_1_962' title='bbox 2768 4669 3024 4730; x_wconf 81' lang='lat' dir='ltr'><strong>peccatum</strong></span> <span class='ocrx_word' id='word_1_963' title='bbox 3051 4675 3208 4727; x_wconf 87' lang='lat' dir='ltr'><strong>mors,</strong></span> <span class='ocrx_word' id='word_1_964' title='bbox 3235 4669 3284 4714; x_wconf 88' lang='lat' dir='ltr'><strong>et</strong></span> <span class='ocrx_word' id='word_1_965' title='bbox 3311 4660 3390 4715; x_wconf 76' lang='lat' dir='ltr'><strong>ita</strong></span> <span class='ocrx_word' id='word_1_966' title='bbox 3411 4662 3471 4713; x_wconf 76' lang='lat' dir='ltr'><strong>in</strong></span> 
     </span>
    </p>
   </div>
   <div class='ocr_carea' id='block_1_110' title="bbox 1884 4753 3459 4824">
    <p class='ocr_par' dir='ltr' id='par_1_110' title="bbox 1884 4753 3459 4824">
     <span class='ocr_line' id='line_1_110' title="bbox 1884 4753 3459 4824; baseline -0.005 -11"><span class='ocrx_word' id='word_1_967' title='bbox 1884 4774 2053 4813; x_wconf 86' lang='lat' dir='ltr'><strong>omnes</strong></span> <span class='ocrx_word' id='word_1_968' title='bbox 2072 4757 2296 4811; x_wconf 84' lang='lat' dir='ltr'><strong>homines</strong></span> <span class='ocrx_word' id='word_1_969' title='bbox 2326 4754 2645 4824; x_wconf 87' lang='lat' dir='ltr'><strong>pertransiit,</strong></span> <span class='ocrx_word' id='word_1_970' title='bbox 2674 4753 2726 4806; x_wconf 89' lang='lat' dir='ltr'><strong>in</strong></span> <span class='ocrx_word' id='word_1_971' title='bbox 2775 4768 2875 4822; x_wconf 89' lang='lat' dir='ltr'><strong>quo</strong></span> <span class='ocrx_word' id='word_1_972' title='bbox 2911 4769 3081 4806; x_wconf 86' lang='lat' dir='ltr'><strong>omnes</strong></span> <span class='ocrx_word' id='word_1_973' title='bbox 3109 4767 3382 4822; x_wconf 79' lang='lat' dir='ltr'><strong>peccaveru</strong></span> <span class='ocrx_word' id='word_1_974' title='bbox 3398 4762 3459 4808; x_wconf 82' lang='lat' dir='ltr'><strong>tt.</strong></span> 
     </span>
    </p>
   </div>
   <div class='ocr_carea' id='block_1_111' title="bbox 1882 4844 3461 4920">
    <p class='ocr_par' dir='ltr' id='par_1_111' title="bbox 1882 4844 3461 4920">
     <span class='ocr_line' id='line_1_111' title="bbox 1882 4844 3461 4920; baseline -0.004 -14"><span class='ocrx_word' id='word_1_975' title='bbox 1882 4850 2085 4920; x_wconf 85' lang='lat' dir='ltr'><strong>Nempe</strong></span> <span class='ocrx_word' id='word_1_976' title='bbox 2105 4849 2441 4904; x_wconf 85' lang='lat' dir='ltr'><strong>manifestum</strong></span> <span class='ocrx_word' id='word_1_977' title='bbox 2471 4854 2553 4900; x_wconf 87' lang='lat' dir='ltr'><strong>est</strong></span> <span class='ocrx_word' id='word_1_978' title='bbox 2573 4884 2591 4912; x_wconf 93' lang='lat'><strong>,</strong></span> <span class='ocrx_word' id='word_1_979' title='bbox 2620 4854 2677 4899; x_wconf 89' lang='lat' dir='ltr'><strong>ut</strong></span> <span class='ocrx_word' id='word_1_980' title='bbox 2719 4844 2821 4900; x_wconf 90' lang='lat' dir='ltr'><strong>hoc</strong></span> <span class='ocrx_word' id='word_1_981' title='bbox 2862 4846 3085 4911; x_wconf 89' lang='lat' dir='ltr'><strong>diceret,</strong></span> <span class='ocrx_word' id='word_1_982' title='bbox 3116 4846 3242 4916; x_wconf 90' lang='lat' dir='ltr'><strong>quid</strong></span> <span class='ocrx_word' id='word_1_983' title='bbox 3270 4845 3461 4917; x_wconf 77' lang='lat' dir='ltr'><strong>agebas</strong></span> 
     </span>
    </p>
   </div>
   <div class='ocr_carea' id='block_1_112' title="bbox 1884 4934 3461 5011">
    <p class='ocr_par' dir='ltr' id='par_1_112' title="bbox 1884 4934 3461 5011">
     <span class='ocr_line' id='line_1_112' title="bbox 1884 4934 3461 5011; baseline -0.003 -15"><span class='ocrx_word' id='word_1_984' title='bbox 1884 4940 2191 5011; x_wconf 87' lang='lat' dir='ltr'><strong>Apostolus.</strong></span> <span class='ocrx_word' id='word_1_985' title='bbox 2214 4938 2293 4993; x_wconf 90' lang='lat' dir='ltr'><strong>Ite</strong></span> <span class='ocrx_word' id='word_1_986' title='bbox 2314 4938 2511 4998; x_wconf 85' lang='lat' dir='ltr'><strong>adhuc,</strong></span> <span class='ocrx_word' id='word_1_987' title='bbox 2539 4945 2592 4989; x_wconf 88' lang='lat' dir='ltr'><strong>et</strong></span> <span class='ocrx_word' id='word_1_988' title='bbox 2630 4934 2753 4990; x_wconf 88' lang='lat' dir='ltr'><strong>huic</strong></span> <span class='ocrx_word' id='word_1_989' title='bbox 2780 4935 3218 5002; x_wconf 88' lang='lat' dir='ltr'><strong>reconciliationi,</strong></span> <span class='ocrx_word' id='word_1_990' title='bbox 3250 4951 3371 5006; x_wconf 67' lang='lat' dir='ltr'><strong>qua:</strong></span> <span class='ocrx_word' id='word_1_991' title='bbox 3399 4936 3461 4991; x_wconf 68' lang='lat' dir='ltr'><strong>fit</strong></span> 
     </span>
    </p>
   </div>
   <div class='ocr_carea' id='block_1_113' title="bbox 1886 5027 3458 5103">
    <p class='ocr_par' dir='ltr' id='par_1_113' title="bbox 1886 5027 3458 5103">
     <span class='ocr_line' id='line_1_113' title="bbox 1886 5027 3458 5103; baseline -0.005 -15"><span class='ocrx_word' id='word_1_992' title='bbox 1886 5049 1982 5103; x_wconf 91' lang='lat' dir='ltr'><strong>per</strong></span> <span class='ocrx_word' id='word_1_993' title='bbox 2004 5040 2226 5087; x_wconf 89' lang='lat' dir='ltr'><strong>mortem</strong></span> <span class='ocrx_word' id='word_1_994' title='bbox 2253 5029 2370 5084; x_wconf 87' lang='lat' dir='ltr'><strong>Filii</strong></span> <span class='ocrx_word' id='word_1_995' title='bbox 2397 5028 2511 5090; x_wconf 91' lang='lat' dir='ltr'><strong>Dei,</strong></span> <span class='ocrx_word' id='word_1_996' title='bbox 2542 5027 2630 5096; x_wconf 91' lang='lat' dir='ltr'><strong>qui</strong></span> <span class='ocrx_word' id='word_1_997' title='bbox 2668 5027 2781 5081; x_wconf 88' lang='lat' dir='ltr'><strong>sine</strong></span> <span class='ocrx_word' id='word_1_998' title='bbox 2803 5034 3019 5094; x_wconf 90' lang='lat' dir='ltr'><strong>peccato</strong></span> <span class='ocrx_word' id='word_1_999' title='bbox 3046 5027 3190 5082; x_wconf 90' lang='lat' dir='ltr'><strong>venit</strong></span> <span class='ocrx_word' id='word_1_1000' title='bbox 3219 5027 3270 5081; x_wconf 92' lang='lat' dir='ltr'><strong>in</strong></span> <span class='ocrx_word' id='word_1_1001' title='bbox 3299 5042 3458 5081; x_wconf 52' lang='lat' dir='ltr'><strong>mut»</strong></span> 
     </span>
    </p>
   </div>
   <div class='ocr_carea' id='block_1_114' title="bbox 1883 5119 3459 5189">
    <p class='ocr_par' dir='ltr' id='par_1_114' title="bbox 1883 5119 3459 5189">
     <span class='ocr_line' id='line_1_114' title="bbox 1883 5119 3459 5189; baseline -0.005 -10"><span class='ocrx_word' id='word_1_1002' title='bbox 1883 5125 2030 5189; x_wconf 87' lang='lat' dir='ltr'><strong>dum,</strong></span> <span class='ocrx_word' id='word_1_1003' title='bbox 2063 5121 2358 5177; x_wconf 90' lang='lat' dir='ltr'><strong>subtrahite</strong></span> <span class='ocrx_word' id='word_1_1004' title='bbox 2386 5119 2657 5189; x_wconf 88' lang='lat' dir='ltr'><strong>parvulos,</strong></span> <span class='ocrx_word' id='word_1_1005' title='bbox 2704 5124 2761 5170; x_wconf 91' lang='lat' dir='ltr'><strong>ut</strong></span> <span class='ocrx_word' id='word_1_1006' title='bbox 2786 5125 2999 5186; x_wconf 91' lang='lat' dir='ltr'><strong>propter</strong></span> <span class='ocrx_word' id='word_1_1007' title='bbox 3028 5132 3150 5172; x_wconf 90' lang='lat' dir='ltr'><strong>eum</strong></span> <span class='ocrx_word' id='word_1_1008' title='bbox 3177 5133 3272 5187; x_wconf 91' lang='lat' dir='ltr'><strong>per</strong></span> <span class='ocrx_word' id='word_1_1009' title='bbox 3296 5132 3459 5186; x_wconf 87' lang='lat' dir='ltr'><strong>quem</strong></span> 
     </span>
    </p>
   </div>
   <div class='ocr_carea' id='block_1_115' title="bbox 1885 5208 3458 5287">
    <p class='ocr_par' dir='ltr' id='par_1_115' title="bbox 1885 5208 3458 5287">
     <span class='ocr_line' id='line_1_115' title="bbox 1885 5208 3458 5287; baseline -0.006 -17"><span class='ocrx_word' id='word_1_1010' title='bbox 1885 5224 2161 5287; x_wconf 84' lang='lat' dir='ltr'><strong>peccatum</strong></span> <span class='ocrx_word' id='word_1_1011' title='bbox 2190 5210 2473 5265; x_wconf 87' lang='lat' dir='ltr'><strong>iutravitin</strong></span> <span class='ocrx_word' id='word_1_1012' title='bbox 2519 5208 2797 5274; x_wconf 87' lang='lat' dir='ltr'><strong>mundum,</strong></span> <span class='ocrx_word' id='word_1_1013' title='bbox 2828 5208 2904 5262; x_wconf 87' lang='lat' dir='ltr'><strong>ira</strong></span> <span class='ocrx_word' id='word_1_1014' title='bbox 2937 5208 3031 5263; x_wconf 88' lang='lat' dir='ltr'><strong>Dei</strong></span> <span class='ocrx_word' id='word_1_1015' title='bbox 3060 5216 3273 5263; x_wconf 83' lang='lat' dir='ltr'><strong>maneat</strong></span> <span class='ocrx_word' id='word_1_1016' title='bbox 3296 5222 3458 5275; x_wconf 87' lang='lat' dir='ltr'><strong>super</strong></span> 
     </span>
    </p>
   </div>
   <div class='ocr_carea' id='block_1_116' title="bbox 1885 5296 3456 5373">
    <p class='ocr_par' dir='ltr' id='par_1_116' title="bbox 1885 5296 3456 5373">
     <span class='ocr_line' id='line_1_116' title="bbox 1885 5296 3456 5373; baseline -0.006 -12"><span class='ocrx_word' id='word_1_1017' title='bbox 1885 5321 1996 5361; x_wconf 87' lang='lat' dir='ltr'><strong>eos.</strong></span> <span class='ocrx_word' id='word_1_1018' title='bbox 2019 5304 2154 5373; x_wconf 85' lang='lat' dir='ltr'><strong>Quid</strong></span> <span class='ocrx_word' id='word_1_1019' title='bbox 2178 5304 2263 5358; x_wconf 92' lang='lat' dir='ltr'><strong>hic</strong></span> <span class='ocrx_word' id='word_1_1020' title='bbox 2288 5302 2412 5357; x_wconf 90' lang='lat' dir='ltr'><strong>facit</strong></span> <span class='ocrx_word' id='word_1_1021' title='bbox 2438 5300 2683 5368; x_wconf 85' lang='lat' dir='ltr'><strong>imitatio,</strong></span> <span class='ocrx_word' id='word_1_1022' title='bbox 2709 5314 2892 5369; x_wconf 64' lang='lat' dir='ltr'><strong>quieso</strong></span> <span class='ocrx_word' id='word_1_1023' title='bbox 2920 5310 2994 5367; x_wconf 88' lang='lat' dir='ltr'><strong>te,</strong></span> <span class='ocrx_word' id='word_1_1024' title='bbox 3017 5301 3103 5354; x_wconf 85' lang='lat' dir='ltr'><strong>ubi</strong></span> <span class='ocrx_word' id='word_1_1025' title='bbox 3125 5298 3294 5359; x_wconf 87' lang='lat' dir='ltr'><strong>audis,</strong></span> <span class='ocrx_word' id='word_1_1026' title='bbox 3316 5296 3456 5351; x_wconf 82' lang='lat' dir='ltr'><strong>Nam</strong></span> 
     </span>
    </p>
   </div>
   <div class='ocr_carea' id='block_1_117' title="bbox 1947 5450 3458 5533">
    <p class='ocr_par' dir='ltr' id='par_1_117' title="bbox 1947 5450 3458 5518">
     <span class='ocr_line' id='line_1_117' title="bbox 1947 5450 3458 5518; baseline -0.003 -14"><span class='ocrx_word' id='word_1_1027' title='bbox 1947 5462 1961 5493; x_wconf 78' lang='grc' dir='ltr'><strong>ι</strong></span> <span class='ocrx_word' id='word_1_1028' title='bbox 1995 5459 2199 5508; x_wconf 62' lang='grc' dir='ltr'><strong>ι’θιὶαιιιί</strong></span> <span class='ocrx_word' id='word_1_1029' title='bbox 2233 5465 2336 5506; x_wconf 86' lang='lat' dir='ltr'><strong>tres</strong></span> <span class='ocrx_word' id='word_1_1030' title='bbox 2359 5461 2411 5505; x_wconf 89' lang='lat' dir='ltr'><strong>et</strong></span> <span class='ocrx_word' id='word_1_1031' title='bbox 2446 5453 2628 5518; x_wconf 85' lang='lat' dir='ltr'><strong>aliquot</strong></span> <span class='ocrx_word' id='word_1_1032' title='bbox 2673 5466 2735 5501; x_wconf 86' lang='lat' dir='ltr'><strong>ex</strong></span> <span class='ocrx_word' id='word_1_1033' title='bbox 2768 5452 3017 5503; x_wconf 64' lang='lat' dir='ltr'><strong>Pollicitus</strong></span> <span class='ocrx_word' id='word_1_1034' title='bbox 3056 5460 3178 5509; x_wconf 70' lang='lat' dir='ltr'><strong>Mss,</strong></span> <span class='ocrx_word' id='word_1_1035' title='bbox 3208 5457 3271 5499; x_wconf 77' lang='lat' dir='ltr'><strong>Ne</strong></span> <span class='ocrx_word' id='word_1_1036' title='bbox 3296 5450 3458 5512; x_wconf 81' lang='lat' dir='ltr'><strong>mfuus</strong></span> 
     </span>
    </p>
   </div>
   <div class='ocr_carea' id='block_1_118' title="bbox 1882 5522 3371 5643">
    <p class='ocr_par' dir='ltr' id='par_1_118' title="bbox 1882 5522 3371 5643">
     <span class='ocr_line' id='line_1_118' title="bbox 1882 5522 3371 5643; baseline 0.036 -74"><span class='ocrx_word' id='word_1_1037' title='bbox 1882 5522 2125 5636; x_wconf 40' lang='lat' dir='ltr'><strong>nuptast},</strong></span> <span class='ocrx_word' id='word_1_1038' title='bbox 2412 5575 2711 5643; x_wconf 44' lang='lat' dir='ltr'><strong>manumiplj</strong></span> <span class='ocrx_word' id='word_1_1039' title='bbox 2742 5575 2881 5635; x_wconf 84' lang='lat' dir='ltr'><strong>juxta</strong></span> <span class='ocrx_word' id='word_1_1040' title='bbox 2910 5585 3137 5636; x_wconf 60' lang='lat' dir='ltr'><strong>gra‘cum,</strong></span> <span class='ocrx_word' id='word_1_1041' title='bbox 3174 5570 3371 5621; x_wconf 75' lang='lat' dir='ltr'><strong>honuni.</strong></span> 
     </span>
    </p>
   </div>
   <div class='ocr_carea' id='block_1_119' title="bbox 1944 5636 2791 5696">
    <p class='ocr_par' dir='ltr' id='par_1_119' title="bbox 1944 5636 2791 5696">
     <span class='ocr_line' id='line_1_119' title="bbox 1944 5636 2791 5696; baseline -0.011 -4"><span class='ocrx_word' id='word_1_1042' title='bbox 1944 5646 1965 5677; x_wconf 82' lang='grc'>³</span> <span class='ocrx_word' id='word_1_1043' title='bbox 1987 5644 2059 5692; x_wconf 83' lang='lat' dir='ltr'><strong>sic</strong></span> <span class='ocrx_word' id='word_1_1044' title='bbox 2082 5648 2189 5690; x_wconf 73' lang='lat' dir='ltr'><strong>Mss.</strong></span> <span class='ocrx_word' id='word_1_1045' title='bbox 2214 5640 2331 5688; x_wconf 69' lang='lat' dir='ltr'><strong>aliti</strong></span> <span class='ocrx_word' id='word_1_1046' title='bbox 2358 5651 2490 5696; x_wconf 82' lang='lat' dir='ltr'><strong>vero,</strong></span> <span class='ocrx_word' id='word_1_1047' title='bbox 2518 5636 2791 5686; x_wconf 77' lang='lat' dir='ltr'><strong>Psalmistu.</strong></span> 
     </span>
    </p>
   </div>
   <div class='ocr_carea' id='block_1_120' title="bbox 1947 5696 2764 5765">
    <p class='ocr_par' dir='ltr' id='par_1_120' title="bbox 1947 5696 2764 5765">
     <span class='ocr_line' id='line_1_120' title="bbox 1947 5696 2764 5765; baseline -0.012 -13"><span class='ocrx_word' id='word_1_1048' title='bbox 1947 5706 1967 5737; x_wconf 72' lang='grc' dir='ltr'><strong>’δ</strong></span> <span class='ocrx_word' id='word_1_1049' title='bbox 1985 5707 2055 5753; x_wconf 71' lang='lat' dir='ltr'><strong>sic</strong></span> <span class='ocrx_word' id='word_1_1050' title='bbox 2076 5709 2181 5765; x_wconf 75' lang='lat' dir='ltr'><strong>Mss.</strong></span> <span class='ocrx_word' id='word_1_1051' title='bbox 2208 5700 2343 5758; x_wconf 76' lang='lat' dir='ltr'><strong>Fditi,</strong></span> <span class='ocrx_word' id='word_1_1052' title='bbox 2363 5696 2659 5749; x_wconf 82' lang='lat' dir='ltr'><strong>liberabitur.</strong></span> <span class='ocrx_word' id='word_1_1053' title='bbox 2753 5755 2764 5765; x_wconf 80' lang='lat'><em>_</em></span> 
     </span>
    </p>
   </div>
   <div class='ocr_carea' id='block_1_121' title="bbox 1948 5762 2879 5823">
    <p class='ocr_par' dir='ltr' id='par_1_121' title="bbox 1948 5762 2879 5823">
     <span class='ocr_line' id='line_1_121' title="bbox 1948 5762 2879 5823; baseline -0.014 -8"><span class='ocrx_word' id='word_1_1054' title='bbox 1948 5768 1969 5799; x_wconf 83' lang='grc'><strong><em>³</em></strong></span> <span class='ocrx_word' id='word_1_1055' title='bbox 1995 5768 2074 5814; x_wconf 86' lang='lat' dir='ltr'><strong>Hic</strong></span> <span class='ocrx_word' id='word_1_1056' title='bbox 2091 5764 2325 5823; x_wconf 86' lang='lat' dir='ltr'><strong>addimus,</strong></span> <span class='ocrx_word' id='word_1_1057' title='bbox 2345 5774 2415 5820; x_wconf 88' lang='lat' dir='ltr'><strong>re,</strong></span> <span class='ocrx_word' id='word_1_1058' title='bbox 2441 5771 2503 5809; x_wconf 88' lang='lat' dir='ltr'><strong>ex</strong></span> <span class='ocrx_word' id='word_1_1059' title='bbox 2528 5762 2879 5816; x_wconf 73' lang='lat' dir='ltr'><strong>mauuscriptas.</strong></span> 
     </span>
    </p>
   </div>
  </div>
