4022 6460
529 365 628 423 8⁷11

527 479 776 535 iudicium
824 477 1022 549 quidem
1058 490 1122 528 ex
1148 489 1250 528 uno
1291 474 1345 526 in
1389 470 1891 534 condemnationem,
1942 465 2106 537 gratia

529 581 697 625 autem
723 585 786 625 ea:
808 568 980 622 multis
1007 564 1202 619 delictis
1227 565 1279 617 in
1296 562 1715 633 justiﬁcationem
1741 557 1916 627 (Rom.
1949 572 1984 610 v
2005 597 2020 620 ,
2048 553 2109 610 8-

529 659 618 723 12,
650 658 778 729 l6)?
808 656 960 713 Unde
987 655 1158 725 gratia
1189 670 1255 708 ex
1284 653 1465 706 multis
1512 649 1722 704 delictis
1752 650 1803 702 in
1845 645 2100 716 justiﬁca-

528 752 766 815 tionem;
803 749 900 803 nisi
927 749 1046 817 quia
1081 755 1276 815 prmter
1297 759 1459 798 unum
1498 741 1626 796 illud
1653 740 1895 810 originis,
1929 735 2106 791 addita

531 843 697 896 multa
729 856 847 910 qua:
871 839 1029 894 simul
1055 837 1264 892 deleret
1291 833 1533 889 invenit?
1559 832 1808 900 Alioquin
1853 830 1930 883 sic
1964 834 2109 882 esset

525 947 594 988 ex
619 932 798 987 multis
827 929 1199 985 condemnatio
1218 968 1234 994 ,
1266 941 1384 997 quae
1429 923 1674 979 homines
1705 935 1867 976 unum
1896 919 2107 972 imitan-

525 1022 596 1078 do
627 1021 1039 1086 commiserant;
1063 1020 1200 1074 sicut
1223 1033 1290 1073 ex
1335 1016 1537 1072 eisdem
1558 1013 1739 1069 multis
1772 1009 2103 1080 justilicatio,

525 1104 719 1182 quibus
775 1110 1015 1165 remissis
1055 1109 1107 1162 in
1155 1107 1379 1178 gratiam
1424 1102 1780 1172 respirabant.
1825 1097 1934 1154 Sed
1983 1097 2105 1166 quia

525 1218 690 1257 unum
723 1202 848 1256 illud
876 1199 1192 1264 sufﬁciebat,
1225 1206 1440 1267 propter
1459 1193 1601 1264 quod
1630 1193 1790 1246 etiam
1815 1189 1988 1244 solum
2009 1189 2105 1242 ﬁe-

525 1300 611 1347 ret
654 1290 1064 1353 condemnatio;
1093 1287 1274 1357 gratiae
1305 1301 1433 1340 vero
1463 1298 1568 1338 non
1607 1281 1904 1336 sufficiebat
1925 1281 1940 1310 ¹
1975 1278 2106 1333 illud

530 1397 691 1439 unum
732 1381 932 1442 delere,
960 1381 1053 1434 sed
1081 1389 1132 1432 et
1158 1379 1322 1432 multa
1352 1392 1470 1445 quae
1496 1375 1702 1446 adjecta
1727 1382 1870 1438 sunt,
1900 1381 1958 1426 ut
1981 1386 2100 1424 om-

524 1473 672 1528 nium
703 1472 1016 1527 remissione
1058 1470 1212 1524 ﬁeret
1234 1467 1543 1547 justiﬁcatip
1574 1483 1587 1519 :
1621 1466 1740 1520 ideo
1786 1464 1969 1533 utique
2017 1459 2102 1514 di-

523 1571 670 1618 ctum
695 1573 776 1617 est
796 1604 811 1629 ,
841 1561 1103 1615 Iudicium
1124 1576 1186 1614 ea:
1214 1576 1315 1612 uno
1339 1560 1396 1612 in
1423 1557 1912 1619 condemnationem,
1938 1551 2106 1623 gratia

523 1664 692 1708 autem
719 1670 782 1707 ea:
825 1653 996 1706 multis
1035 1650 1230 1704 delictis
1253 1651 1307 1703 in
1335 1648 1779 1720 justi/icationem.
1807 1644 1938 1699 Nam
1966 1642 2107 1698 sicut

526 1760 632 1800 non
662 1745 944 1798 imitantur
981 1743 1252 1797 Christum
1285 1741 1486 1810 parvuli
1512 1782 1527 1807 ,
1560 1739 1681 1810 quia
1712 1737 1950 1792 nondum
1982 1749 2106 1805 pos-

525 1846 669 1900 sunt,
699 1846 753 1892 et
781 1846 957 1891 tamen
1003 1834 1071 1888 ad
1099 1834 1215 1904 ejus
1242 1835 1468 1904 gratiam
1496 1831 1832 1902 spiritualem
1866 1828 2105 1901 pertine-

524 1943 584 1983 re
613 1937 834 1997 possunt
859 1944 872 1982 :
905 1927 976 1980 ita
1016 1926 1134 1979 sine
1164 1925 1459 1978 imitatione
1489 1922 1643 1992 primi
1671 1921 1943 1983 ‘hominis,
1972 1933 2105 1972 con-

525 2019 739 2088 tagione
765 2027 942 2072 tamen
973 2033 1038 2072 ex
1063 2017 1179 2086 ipso
1205 2015 1434 2070 carnalis
1463 2013 1826 2084 generationis
1861 2009 2104 2066 obstricti

523 2118 669 2165 sunt.
716 2109 772 2164 Si
810 2120 989 2162 autem;
1016 2116 1299 2178 propterea
1339 2107 1420 2161 vis
1463 2120 1560 2161 eos
1601 2119 1632 2159 a
1683 2105 1842 2174 primi
1872 2101 2106 2156 hominis

524 2200 732 2254 alienos
760 2213 878 2253 esse
899 2207 1140 2268 peccato,
1164 2198 1286 2266 quia
1311 2211 1433 2252 eum
1461 2211 1568 2250 non
1613 2203 1737 2250 sunt
1764 2194 2105 2263 imitati‘pro-

524 2289 639 2359 pria
667 2290 974 2354 voluntate;
1005 2289 1101 2343 ista
1133 2287 1340 2342 ratione
1383 2285 1640 2340 alienabis
1669 2300 1763 2340 eos
1801 2293 1856 2339 et
1880 2299 1910 2338 a
1950 2283 2107 2353 justi-

526 2381 598 2436 tia
621 2380 838 2449 Christi,
861 2380 982 2451 quia
1011 2394 1110 2435 nec
1133 2380 1305 2448 ipsum
1327 2378 1516 2434 imitati
1532 2386 1656 2433 sunt
1683 2377 1896 2448 pmpria
1919 2376 2107 2430 volun-

524 2483 650 2530 tate.
809 2527 811 2529 ,

595 2565 684 2622 80.
712 2564 845 2620 Cum
893 2573 1022 2618 vero
1047 2563 1240 2618 Multos
1263 2603 1278 2629 ,
1325 2561 1468 2629 quod
1495 2561 1626 2616 dixit
1656 2569 1860 2631 postea.
1890 2575 1996 2615 non
2026 2559 2108 2614 vis

525 2656 746 2725 intelligi
773 2671 964 2718 omnes,
991 2654 1130 2723 quod
1159 2655 1306 2723 prius
1329 2653 1532 2708 dixerat
1557 2668 1572 2718 ;
1602 2671 1621 2704 ι
1651 2652 1771 2708 ideo
1795 2652 2106 2707 existimans

534 2766 554 2800 ι
590 2747 791 2802 dictum
821 2747 982 2801 fuisse
1013 2747 1228 2812 multos,
1261 2761 1329 2800 ne
1357 2759 1549 2800 omnes
1582 2745 2044 2816 ,intelligerentur:
2081 2762 2101 2796 ι

524 2838 727 2909 poteris
754 2837 854 2892 hoc
881 2838 1058 2892 dicere
1077 2847 1131 2891 et
1152 2837 1218 2891 de
1253 2837 1458 2892 semine
1484 2836 1734 2901 Abrahae,
1768 2836 1854 2890 cui
1882 2837 2108 2906 promis-

529 2943 605 2983 sa:
639 2937 766 2982 sunt
789 2943 978 3000 omnes
1014 2936 1201 2998 gentes
1231 2926 1250 3000 (
1281 2925 1409 2981 Gen.
1459 2943 1590 2994 xxu,
1621 2929 1688 2985 18
1712 2927 1752 2999 ),
1784 2942 1888 2982 non
1921 2943 2108 2983 omnes

523 3029 712 3091 gentes
733 3019 784 3074 ei
812 3018 976 3074 fuisse
1007 3019 1335 3088 promissas;
1358 3018 1482 3088 quia
1506 3018 1705 3072 dictum
1731 3026 1814 3072 est
1838 3019 1945 3072 alio
1965 3018 2104 3086 loco,

525 3109 733 3164 Patrem
752 3106 1023 3163 multarum
1048 3109 1269 3180 gentium
1289 3110 1434 3179 posui
1452 3118 1498 3162 te
1521 3107 1630 3182 (Id.
1645 3125 1774 3176 xvu,
1799 3109 1876 3179 5).
1899 3109 2102 3164 Estau-

530 3209 639 3255 tem
665 3214 830 3253 sanus
851 3199 1183 3263 intellectus,
1217 3199 1338 3253 ideo
1373 3199 1452 3254 sic
1480 3199 1711 3254 locutam
1737 3199 2064 3269 Scripturam
2089 3239 2104 3264 ,

525 3291 650 3362 quia
681 3299 904 3365 possunt
932 3305 1051 3345 esse
1073 3291 1245 3360 aliqua
1277 3290 1454 3344 omnia
1480 3333 1496 3357 ,
1528 3307 1647 3359 qua:
1669 3305 1775 3344 non
1807 3299 1932 3344 sunt
1967 3289 2107 3344 mul-

525 3391 581 3436 ta
609 3399 622 3435 :
651 3382 788 3437 sicut
815 3382 993 3435 omnia
1042 3381 1269 3436 dicimus
1317 3381 1623 3451 Evangelia,
1665 3390 1719 3435 et
1751 3391 1928 3436 tamen
1963 3381 2109 3436 brevi

524 3489 752 3530 numero
775 3515 788 3539 ,
822 3473 873 3528 id
893 3483 993 3535 est.
1024 3474 1376 3542 quaternario
1405 3473 1764 3528 continentur.
1807 3473 1877 3528 Et
1922 3485 2110 3526 rursus

524 3577 752 3639 possunt
782 3567 955 3636 aliqua
985 3581 1105 3621 esse
1137 3565 1302 3620 multa
1328 3607 1342 3630 ,
1377 3580 1484 3620 non
1512 3575 1690 3621 tamen
1736 3565 1950 3619 omnia:
1975 3565 2112 3618 sicut

524 3659 723 3714 multos
742 3657 970 3711 dicimus
1005 3657 1228 3714 credere
1257 3655 1311 3710 in
1336 3654 1629 3722 Christum,
1654 3671 1755 3710 nec
1791 3663 1969 3709 tamen
1995 3669 2109 3709 om-

525 3763 623 3803 nes
647 3747 889 3802 credunt.
921 3745 1042 3800 Non
1088 3747 1222 3800 enim
1248 3747 1474 3799 omnium
1502 3756 1572 3800 est
1595 3745 1743 3813 ﬁdes,
1775 3746 1854 3800 ait
1883 3749 2110 3815 Aposto-

525 3841 612 3897 lus
641 3839 708 3912 (ll
747 3839 920 3894 Thess.
951 3855 1030 3904 Ill,
1059 3838 1137 3909 2).
1169 3837 1322 3904 Quod
1362 3847 1538 3892 autem
1568 3837 1768 3894 dictum
1787 3847 1891 3905 est,
1920 3837 1987 3892 In
2025 3855 2107 3893 se-

526 3932 662 3984 mine
691 3942 776 3984 tuo
803 3930 1154 3985 benedicentur
1182 3945 1353 3983 omnes
1379 3940 1579 4000 gentes;
1607 3938 1661 3984 et
1679 3971 1695 3996 ,
1747 3929 1958 3984 Patrem
1985 3931 2111 3983 mul-

528 4031 695 4075 tarum
741 4021 964 4092 gentium
1007 4022 1152 4092 posui
1182 4030 1228 4075 te
1257 4037 1276 4074 :
1302 4021 1516 4076 easdem
1545 4037 1752 4087 omnes,
1784 4023 2010 4089 multas;
2056 4034 2111 4078 et

526 4111 745 4168 easdem
772 4112 987 4179 multas,
1019 4126 1208 4167 omnes
1225 4126 1346 4167 esse
1361 4121 1714 4167 monstratum
1733 4124 1835 4168 est.
1857 4113 1928 4168 ita
1947 4114 2107 4169 etiam

532 4218 656 4258 cum
681 4204 884 4260 dictum
911 4212 1012 4270 est,
1039 4203 1143 4258 Per
1165 4219 1329 4257 unum
1357 4204 1406 4257 in
1434 4218 1622 4259 omnes
1645 4204 1901 4260 transisse
1925 4220 2113 4275 pecca-

527 4302 671 4357 tum;
702 4301 759 4349 et
779 4304 984 4364 postea,
1013 4293 1119 4349 Per
1159 4293 1317 4347 unius
1347 4293 1762 4348 inobedientiam
1803 4305 2110 4366 peccatores

527 4384 845 4439 constitutos
888 4385 1123 4438 multos:
1149 4383 1253 4454 ipsi
1297 4393 1420 4438 sunt
1462 4383 1653 4450 multi,
1685 4386 1776 4454 qui
1817 4395 1874 4440 et
1899 4402 2105 4441 omnes.

527 4476 785 4532 Similiter
811 4491 932 4530 cum
964 4475 1165 4530 dictum
1189 4482 1291 4538 est,
1323 4473 1429 4529 Per
1448 4476 1598 4528 unius
1618 4476 2036 4545 justi/icationem
2059 4478 2112 4530 in

529 4583 701 4622 omnes
723 4568 969 4631 homines,
999 4565 1067 4619 ad
1087 4566 1508 4636 justiﬁcationem
1533 4566 1681 4632 vita;
1711 4577 1765 4621 et
1792 4582 1980 4622 rursus
2016 4567 2104 4622 di-

530 4667 673 4713 ctum
709 4667 825 4722 est,
861 4657 964 4712 Per
1006 4659 1156 4713 unius
1201 4658 1533 4712 obedientiam
1569 4659 1700 4729 justi
1747 4661 2113 4715 constituentur

530 4751 676 4804 multi
699 4749 873 4822 (Rom.
903 4752 1076 4818 κη,
1105 4751 1196 4817 18,
1235 4751 1330 4820 19)
1364 4767 1378 4803 :
1405 4764 1513 4805 non
1538 4751 1801 4821 aliquibus
1826 4752 2063 4823 exceptis
2091 4793 2109 4820 ,

529 4841 625 4897 sed
654 4842 869 4896 eosdem
895 4843 1110 4907 multos,
1130 4856 1318 4896 omnes
1343 4851 1553 4910 oportet
1579 4842 1796 4911 intelligi
1825 4860 1836 4896 :
1861 4856 1968 4896 non
1988 4843 2112 4912 quia

527 4948 718 4990 omnes
747 4935 1356 5004 hominesjusuﬁcantur
1376 4934 1427 4988 in
1442 4922 1688 4998 Christo;
1717 4934 1810 4989 sed
1839 4934 1964 5005 quia
1991 4937 2110 4989 oin-

527 5037 624 5080 ncs
659 5024 749 5094 qui
783 5024 1138 5094 justiﬁcantur
1160 5063 1175 5089 ,
1228 5039 1334 5078 non
1377 5023 1531 5078 aliter
1578 5034 1802 5094 possunt
1833 5025 2110 5094 justiﬁcari

530 5133 691 5189 quam
721 5118 775 5172 in
796 5117 1031 5172 Christo.
1078 5117 1229 5172 Sicut
1245 5130 1537 5186 possumus
1563 5115 1740 5172 dicere
1757 5159 1771 5182 ,
1801 5117 1854 5171 in
1880 5117 2109 5188 aliquam

527 5211 746 5265 domum
803 5224 897 5278 per
927 5223 1083 5262 unam
1113 5208 1329 5277 januam
1375 5208 1572 5263 intrare
1601 5223 1818 5274 omnes;
1850 5223 1955 5263 non
1987 5209 2109 5279 quia

529 5318 717 5358 omnes
750 5302 994 5355 homines
1021 5301 1219 5354 intrant
1241 5301 1293 5353 in
1318 5301 1560 5355 eamdem
1589 5301 1829 5365 domum,
1869 5300 1962 5354 sed
1987 5302 2110 5369 quia

529 5409 688 5449 nemo
721 5394 882 5447 intrat
921 5392 1021 5445 nisi
1067 5405 1162 5459 per
1188 5391 1350 5444 illam.
1388 5391 1585 5446 Omnes
1613 5406 1740 5460 ergo
1785 5391 1849 5445 ad
1881 5399 2107 5444 mortem

534 5503 627 5558 per
654 5487 846 5551 Adam,
877 5499 1068 5539 omnes
1099 5483 1164 5538 ad
1190 5489 1349 5538 vitam
1371 5500 1467 5554 per
1494 5485 1786 5539 Christum.
1819 5485 1948 5550 Quia
1974 5485 2104 5538 sicut

530 5581 584 5634 in
610 5579 775 5632 Adam
802 5594 972 5631 omnes
999 5578 1306 5643 moriuntur,
1331 5577 1401 5629 ita
1423 5585 1467 5629 et
1490 5577 1541 5628 in
1564 5575 1761 5629 Christo
1785 5591 1954 5628 omnes
1982 5575 2108 5627 viri-

565 5735 842 5846 O'bguatuor
877 5734 1082 5784 Vaticani
1124 5741 1230 5784 .‘llss.
1249 5769 1264 5795 ,
1307 5732 1465 5798 gratia
1517 5745 1626 5782 vero
1671 5745 1763 5782 non
1794 5731 1946 5783 solum
1978 5730 2110 5797 sufﬁ-

565 5809 602 5846 lc
685 5830 699 5846 .

531 5809 699 5846 τίουσι.

1323 349 1596 413 CONTRA
1633 351 1976 411 JULIANUM
2015 348 2478 418 PELAGIANUM,
2518 353 2576 411 S.
2614 355 2981 416 AUGUSTINI

3676 372 3802 434 εἴς
3866 383 3871 388 ’

2207 471 2508 542 βεαὸαηιαν
2533 470 2574 529 (1
2605 471 2728 525 Cor.
2766 488 2856 537 xv,
2883 471 2974 543 22)
3001 482 3016 524 ξ
3045 469 3100 526 id
3127 476 3251 535 est,-
3284 485 3349 524 ex
3381 469 3557 538 prima
3579 469 3810 538 origine

2208 563 2422 633 generis
2458 564 2678 618 humani
2727 580 2885 619 nemo
2918 565 2986 619 ad
3010 571 3238 619 mortem
3264 563 3366 618 nisi
3397 579 3493 632 per
3512 563 3708 629 Adam,
3739 574 3811 617 et

2208 669 2368 710 nemo
2380 671 2475 726 per
2487 656 2658 710 Adam
2673 657 2775 710 nisi
2797 657 2864 710 ad
2890 666 3150 720 mortem;
3176 663 3230 708 et
3246 670 3403 709 nemo
3417 656 3483 708 ad
3499 656 3664 708 vitam
3683 654 3809 710 nisi

2207 757 2308 816 per
2321 744 2621 810 Christum,
2653 753 2708 799 et
2730 760 2888 801 nemo
2916 761 3014 816 per
3030 745 3304 800 Christum
3337 746 3442 800 nisi
3471 747 3538 799 ad
3564 746 3760 799 vitam.

2279 836 2370 892 81.
2400 836 2510 891 Vos
2549 844 2731 890 autem
2760 837 2887 890 dum
2934 851 3040 890 non
3086 850 3291 897 omnes,
3327 834 3419 888 sed
3461 834 3658 888 multos
3678 834 3810 889 sive

2207 943 2307 1000 per
2351 927 2542 991 Adam,
2569 930 2956 984 condemnatos
2975 943 3114 993 esse,
3140 929 3253 982 sive
3295 943 3392 998 per
3422 926 3696 982 Christum
3726 927 3806 982 li-

2210 1021 2426 1074 beratos
2457 1021 2619 1075 vultis
2666 1021 2914 1089 intelligi,
2946 1021 3214 1075 horrenda
3257 1019 3607 1090 perversitate
3650 1019 3806 1073 chri-

2211 1111 2398 1166 stiana:
2414 1112 2656 1180 religioni
2671 1113 2804 1167 estis
2823 1111 3025 1167 infesti.
3041 1112 3099 1166 Si
3117 1113 3259 1166 enim
3285 1111 3416 1166 salvi
3442 1119 3599 1165 erunt
3625 1110 3802 1182 aliqui

2209 1199 2328 1255 sine
2370 1200 2607 1265 Christo,
2649 1211 2704 1256 et
2745 1200 3113 1270 justiﬁeantur
3161 1202 3328 1270 aliqui
3382 1202 3502 1256 sine
3541 1201 3797 1268 Christo;

2209 1305 2340 1361 ergo
2359 1291 2608 1347 Christus
2638 1293 2814 1364 gratis
2837 1302 3085 1347 mortuus
3104 1301 3206 1346 est.
3233 1292 3365 1346 Erat
3393 1293 3537 1346 enim
3567 1301 3620 1346 et
3653 1292 3803 1348 alius

2209 1382 2420 1447 modus,
2455 1383 2595 1438 sicut
2621 1383 2808 1448 vultis,
2840 1383 2895 1437 in
2938 1392 3153 1448 natura,
3183 1383 3238 1436 in
3264 1382 3435 1436 libero
3466 1381 3709 1444 arbitrio,
3737 1382 3802 1436 in

2209 1458 2325 1527 lege
2365 1462 2619 1523 naturali,
2649 1462 2761 1515 sive
2787 1463 3088 1531 conscripta
3112 1503 3126 1526 ,
3159 1477 3266 1532 quo
3317 1474 3552 1532 possent
3577 1465 3709 1518 salvi
3737 1474 3802 1518 et

2204 1548 2333 1617 justi
2377 1563 2498 1604 esse
2543 1551 2632 1620 qui
2676 1552 2893 1606 vellent.
2925 1552 3102 1606 .luStas
3133 1563 3313 1607 autem
3361 1555 3618 1624 imagines
3661 1555 3799 1621 Dei,

2209 1641 2327 1709 quis
2352 1640 2454 1694 nisi
2498 1641 2723 1711 iujustus
2752 1643 3060 1714 prohiberet
3098 1659 3129 1698 a
3167 1659 3332 1715 regno
3371 1647 3500 1700 Dei?
3530 1646 3625 1701 llic
3661 1647 3803 1702 forte

2209 1729 2342 1786 dicis
2369 1748 2383 1784 :
2407 1730 2512 1786 Sed
2536 1732 2738 1788 facilius
2767 1749 2860 1802 per
2879 1735 3172 1788 Christum.
3199 1734 3464 1800 Numquid
3487 1750 3591 1790 non
3617 1745 3802 1806 posset

2209 1823 2368 1877 etiam
2398 1824 2464 1878 de
2499 1825 2616 1894 lege
2655 1825 2759 1879 dici
2784 1843 2796 1878 :
2823 1826 2920 1880 Est
2947 1841 3042 1897 per
3071 1826 3244 1897 legem
3267 1828 3470 1896 justitia
3489 1869 3503 1892 ,
3534 1829 3628 1883 sed
3667 1828 3801 1882 faci-

2208 1913 2312 1968 lius
2347 1929 2440 1983 per
2471 1912 2776 1969 Christum?
2805 1915 2874 1970 Et
2922 1925 3100 1972 tamen
3130 1918 3204 1971 ait
3249 1918 3570 1986 Apostolus,
3603 1919 3667 1973 Si
3703 1933 3800 1990 per

2210 2004 2366 2075 legem
2377 2005 2603 2077 justitia,
2621 2022 2738 2077 ergo
2755 2005 2984 2061 Christus
2999 2010 3159 2078 gratis
3177 2018 3404 2061 mortuus
3419 2019 3488 2061 est
3508 2008 3701 2078 (Colat.
3729 2024 3792 2073 η,

2208 2096 2321 2165 21).
2351 2096 2465 2151 Non
2493 2107 2576 2152 est
2601 2098 2779 2168 itaque
2808 2109 3003 2168 prmter
3030 2115 3191 2153 unum
3235 2099 3574 2153 mediatorem
3605 2099 3701 2153 Dei
3726 2107 3790 2154 et

2210 2186 2485 2242 hominum
2507 2229 2522 2253 ,
2555 2187 2826 2242 hominem
2863 2187 3131 2244 Christum
3157 2189 3338 2245 Jesum
3367 2189 3409 2259 (l
3442 2188 3572 2242 Tim.
3603 2205 3663 2256 ιι,
3692 2189 3751 2260 5)
3777 2228 3795 2256 ,

2209 2278 2350 2332 aliud
2378 2294 2574 2334 nomen
2621 2280 2722 2334 sub
2755 2281 2926 2348 cmlo,
2959 2281 3010 2333 in
3041 2296 3146 2351 quo
3177 2290 3422 2350 Oporteat
3461 2281 3640 2334 salvos
3681 2280 3799 2335 ﬁeri

2209 2386 2310 2426 nos
2334 2371 2467 2442 (Act.
2495 2388 2570 2437 IV,
2595 2370 2705 2445 12).
2730 2373 2796 2427 Ει
2823 2373 2941 2427 ideo
2965 2372 3162 2428 dictum
3191 2383 3292 2438 est,
3319 2371 3384 2426 In
3405 2371 3603 2427 Christo
3625 2389 3799 2426 omnes

2209 2463 2902 2539 vivificabuntur:quoniam
2942 2466 2996 2518 in
3035 2464 3128 2518 illo
3170 2465 3310 2519 Deus
3353 2465 3596 2518 deﬁnivit
3637 2463 3798 2519 ﬁdem

2210 2553 2461 2608 omnibus
2483 2594 2498 2620 ,
2528 2554 2793 2624 suscitans
2839 2555 2990 2609 illum
3029 2570 3060 2608 a
3102 2556 3325 2609 mortuis
3373 2553 3486 2625 (Id.
3517 2571 3647 2621 xvu,
3680 2552 3796 2626 51).

2213 2644 2460 2700 Vestrum
2499 2654 2678 2700 autem
2716 2645 2909 2715 dogma
2939 2646 2991 2700 id
3020 2646 3344 2716 persuadere
3381 2656 3625 2712 conatur,
3655 2646 3801 2701 velut

2212 2735 2495 2806 inculpata:
2549 2737 2925 2806 prmdieatione
2967 2749 3204 2804 naturae,
3253 2748 3307 2793 et
3352 2740 3604 2808 pctentia:
3645 2738 3800 2794 liberi

2209 2826 2444 2892 arbitrii,
2475 2837 2530 2882 ct
2559 2829 2688 2897 legis
2713 2829 2825 2882 sive
2855 2830 3111 2884 naturalis
3135 2830 3248 2884 sive
3279 2844 3371 2899 per
3393 2830 3612 2901 Moysen
3635 2828 3796 2893 datae,

2213 2926 2271 2972 ut
2294 2929 2348 2973 et
2373 2919 2416 2973 si
2445 2934 2579 2989 opus
2608 2921 2698 2987 sit,
2731 2935 2952 2976 necesse
2981 2929 3157 2976 tamen
3188 2937 3294 2976 non
3325 2923 3394 2977 sit
3417 2921 3485 2976 ad
3525 2921 3800 2978 Christum

2215 3023 2312 3078 pro
2352 3017 2554 3065 aiterna
2601 3012 2773 3066 salute
2803 3012 3064 3067 transire:
3088 3028 3154 3067 eo
3182 3013 3323 3082 quod
3355 3028 3448 3082 per
3485 3029 3800 3069 sacramen-

2212 3108 2324 3154 tum
2364 3102 2552 3155 mortis
2588 3111 2644 3157 et
2681 3103 3091 3157 resurrectionis
3120 3103 3237 3172 ejus
3267 3103 3333 3173 (si
3362 3113 3540 3158 tamen
3568 3103 3653 3158 vel
3694 3103 3800 3160 hoc

2212 3193 2430 3265 putatis)
2457 3195 2789 3249 commodior
2817 3195 2902 3249 via
2941 3196 3044 3262 sit,
3074 3209 3179 3250 non
3222 3195 3363 3266 quod
3409 3197 3513 3250 alia
3554 3197 3640 3250 via
3669 3211 3794 3252 esse

2213 3299 2321 3346 non
2380 3285 2564 3354 possit.
2617 3284 2770 3340 Unde
2809 3295 3065 3354 quantum
3113 3301 3211 3340 vos
3256 3285 3513 3342 detestari
3565 3286 3802 3342 debeant

2213 3373 2942 3442 Christianiconsiderantes,
2973 3376 3277 3431 renuntiate
3301 3377 3316 3407 ι
3347 3376 3497 3432 vobis
3521 3376 3684 3432 etiam
3712 3385 3797 3431 ta-

2213 3466 2454 3522 centibus
2486 3467 2659 3520 nobis.

2284 3555 2509 3612 CAPUT
2547 3555 2715 3611 XXV.
2742 3586 2814 3598 —
2838 3555 2928 3612 82.
2966 3555 3118 3624 Quod
3158 3571 3286 3611 vero
3323 3571 3499 3612 causa:
3538 3566 3643 3612 tua:
3691 3572 3795 3628 po-

2213 3656 2470 3704 stremum
2497 3657 2551 3702 et
2574 3649 2722 3717 quasi
2751 3648 3096 3702 fortissimum
3118 3646 3532 3714 ﬁrmamentum,
3563 3647 3801 3719 prophe-

2222 3739 2382 3793 ticum
2412 3739 2770 3792 testimonium
2801 3753 2920 3793 esse
2944 3737 3187 3803 voluisti,
3225 3738 3311 3793 ubi
3342 3754 3435 3809 per
3460 3739 3804 3794 Ezechielem

2214 3829 2412 3885 dictum
2442 3829 2701 3898 legimus,
2733 3829 2885 3896 Quod
2925 3843 3031 3883 non
3062 3829 3166 3882 erit
3201 3829 3443 3899 parabola
3463 3870 3477 3893 ,
3506 3845 3609 3898 qua
3648 3828 3808 3884 dioe-

2217 3919 2362 3987 bant,
2390 3929 2640 3992 parentes
2666 3935 2796 3974 uvas
2826 3919 3048 3974 acerbas
3072 3918 3278 3985 edisse,
3303 3929 3355 3975 et
3389 3919 3574 3974 dentes
3604 3919 3807 3975 obstu-

2215 4014 2433 4084 puisse’I
2459 4013 2721 4078 ﬁliorum;
2757 4027 2857 4067 nec
2892 4013 3150 4068 morietur
3179 4013 3316 4066 ﬁlius
3352 4013 3404 4065 in
3445 4021 3670 4080 peccato
3695 4026 3808 4083 pa-

2215 4105 2331 4170 tris,
2365 4121 2465 4160 ncc
2496 4113 2646 4174 pater
2681 4105 2733 4158 in
2768 4113 2986 4174 peccato
3016 4104 3147 4170 ﬁlii,
3180 4103 3274 4158 sed
3317 4103 3490 4173 anima
3523 4117 3644 4172 qua:
3676 4119 3811 4170 pec.

2213 4195 2342 4251 αι’
2369 4196 2480 4265 ipsa
2512 4195 2770 4250 morietur
2797 4193 3013 4263 (Ezech.
3046 4185 3190 4259 xvnt,
3223 4192 3344 4264 2-4)
3369 4210 3382 4245 :
3407 4208 3512 4247 non
3546 4193 3808 4263 intelligis

2217 4287 2356 4342 hanc
2385 4303 2506 4342 esse
2549 4286 2952 4357 promissionem
2983 4285 3313 4341 Testamenti
3341 4284 3508 4350 Novi,
3540 4293 3596 4339 et
3638 4285 3805 4353 spiri-

2216 4380 2373 4435 tualis
2397 4379 2725 4434 haareditatis
2749 4377 2816 4432 ad
2841 4379 3064 4432 alterum
3093 4377 3348 4432 saeculum
3381 4378 3719 4447 pertinentis.
3743 4377 3806 4432 Id

2215 4474 2358 4527 enim
2383 4473 2492 4542 agit
2518 4473 2685 4542 gratia
2712 4471 3106 4540 Redemptoris,
3133 4481 3190 4526 ut
3215 4481 3494 4541 paternum
3523 4471 3807 4543 chirogra-

2216 4563 2378 4633 phum
2417 4563 2593 4618 deleat
2621 4561 2842 4630 (Coloss.
2875 4564 2944 4626 tt,
2976 4560 3104 4628 14),
3136 4571 3192 4616 et
3220 4562 3582 4631 unusquisque
3621 4578 3718 4631 pro
3743 4577 3809 4619 se

2215 4655 2479 4709 rationem
2511 4652 2715 4707 reddat.
2745 4653 3015 4707 Cancrum
3044 4667 3202 4723 quam
3243 4653 3410 4707 multa
3454 4653 3563 4706 sint
3590 4652 3810 4706 divina-

2215 4763 2334 4803 rum
2367 4746 2666 4801 testimonia
2691 4745 3011 4800 Litterarum
3033 4786 3047 4809 ,
3079 4760 3197 4814 qua:
3242 4753 3521 4814 parentum
3568 4746 3811 4815 peccatis

2217 4837 2453 4908 obligant
2483 4837 2639 4900 ﬁlios,
2673 4849 2955 4889 numerare
2981 4834 3099 4903 quis
3129 4835 3336 4904 possit?
3367 4834 3476 4888 Cur
3502 4837 3647 4888 enim
3676 4850 3810 4906 pec-

2216 4930 2358 4985 cavit
2381 4929 2568 4996 Cham,
2590 4937 2645 4982 et
2670 4927 2722 4981 in
2743 4926 2858 4996 ejus
2877 4925 3038 4979 ﬁlium
3059 4925 3310 4980 Chanaan
3336 4925 3568 4981 vindicta
3599 4928 3812 4996 prolata

2217 5031 2300 5077 est
2331 5019 2477 5090 (Cen.
2511 5035 2585 5086 ut,
2612 5019 2704 5084 22,
2727 5019 2817 5085 24,
2842 5017 2972 5090 25)?
2995 5018 3105 5072 Cur
3130 5033 3224 5087 pro
3251 5027 3471 5089 peccato
3497 5016 3814 5074 Salomonis

2219 5114 2356 5168 ﬁlius
2385 5113 2501 5181 ejus
2523 5111 2872 5166 diminutione
2889 5111 3034 5180 regni
3059 5111 3273 5179 punitus
3297 5119 3379 5164 est
3408 5109 3500 5178 (Ill
3526 5108 3656 5181 Reg.
3681 5113 3814 5179 xu)?

2219 5206 2329 5261 Cur
2354 5215 2697 5275 peccatorum
2730 5202 2914 5256 Achab
2952 5203 3090 5270 regis
3121 5203 3276 5256 Israel
3323 5202 3376 5255 in
3417 5202 3534 5272 ejus
3559 5214 3818 5274 posteros

2218 5314 2373 5368 paena
2401 5297 2559 5352 dilata
2611 5305 2693 5350 est
2741 5294 2852 5364 (Id.
2885 5294 3036 5364 xm)?
3065 5294 3260 5365 thuid
3286 5293 3478 5365 legitur
3521 5295 3573 5348 in
3607 5298 3817 5352 sanctis

2218 5391 2412 5454 Libris,
2447 5388 2682 5441 Reddens
2708 5396 2911 5456 peccata
2951 5396 3152 5456 patrum
3179 5387 3230 5438 in
3261 5387 3428 5438 sinmn
3465 5385 3694 5453 ﬁliorum
3725 5405 3820 5441 eo-

2218 5497 2330 5535 rum
2358 5490 2467 5550 post
2495 5496 2578 5533 eos
2609 5477 2818 5546 (Jerem.
2846 5493 3023 5542 χχιιι,
3057 5476 3144 5547 18)
3170 5492 3184 5540 ;
3212 5485 3286 5542 et,
3331 5476 3570 5532 Reddens
3599 5491 3816 5548 peccata

2283 5670 2299 5699 ί
2319 5666 2392 5715 sic
2413 5671 2518 5713 Mss.
2539 5670 2594 5711 At
2615 5661 2752 5718 editi,
2776 5661 3064 5712 renuntiant.
3184 5705 3186 5707 ,

2281 5730 2375 5794 ¹[ιη
2410 5733 2549 5783 Mss,
2584 5721 2898 5794 obstipuisse;
2939 5734 2991 5775 et
3036 5721 3190 5785 infra,
3236 5720 3583 5785 obstipuerth

2287 5790 2308 5825 ³
2329 5795 2449 5840 tres
2465 5794 2590 5849 3155.,
2611 5790 2894 5853 peccaverit.
