4022 6516
263 457 363 517 873

264 579 445 642 patrum
471 565 521 620 in
545 565 678 636 ﬁlios
705 580 860 637 usque
882 564 934 618 in
965 565 1163 618 tertiam
1187 573 1235 620 et
1265 572 1495 634 quartam
1531 565 1817 635 progeniem

262 658 438 729 (blrod.
469 673 566 722 xx,
598 655 652 728 5)
673 655 699 708 ν
725 656 822 724 Qui
859 671 1114 712 numerus
1138 657 1295 711 etiam
1344 670 1439 725 pro
1480 655 1822 709 universitate

260 750 411 820 accipi
460 756 651 820 potest.
701 747 968 819 Numquid
1013 749 1127 803 hanc
1172 748 1300 801 falsa
1349 747 1506 802 sunt?
1546 746 1678 814 Quis
1721 746 1822 800 hoc

258 841 456 906 dixerit,
487 840 586 895 nisi
612 839 914 894 divinorum
952 840 1285 910 eloquiorum
1317 840 1687 910 apertissimus
1717 838 1819 892 ini-

259 930 449 987 micus?
472 929 574 986 Sed
604 930 832 985 carnalis
857 931 1131 1000 generatio
1157 931 1316 985 etiam
1344 931 1519 1001 populi
1546 931 1638 984 Dei
1658 931 1820 1000 perti-

256 1038 376 1079 nens
390 1022 452 1077 ad
471 1021 863 1078 Testamentum
881 1032 1049 1089 vetus,
1066 1021 1205 1092 quod
1222 1022 1270 1075 in
1285 1021 1589 1078 servitutem
1606 1031 1824 1092 generat

261 1115 445 1186 (Galat.
477 1131 546 1178 tv,
569 1113 684 1186 24),
718 1123 994 1185 parentum
1031 1113 1259 1184 peccatis
1284 1113 1482 1184 obligat
1514 1112 1678 1179 ﬁlios;
1709 1113 1821 1183 spi-

254 1206 445 1261 ritualis
487 1214 665 1260 autem
707 1205 980 1275 generatio
1010 1205 1026 1235 ¹
1063 1244 1078 1270 ,
1110 1204 1249 1258 sicut
1290 1203 1695 1270 hatreditatem,
1750 1203 1820 1257 ita

252 1311 517 1366 poenarum
539 1306 698 1367 atque
739 1296 1084 1367 praemiorum
1113 1297 1558 1351 comminationes
1587 1295 1816 1366 promis-

251 1391 519 1461 sionesque
554 1390 800 1444 mutavit.
831 1387 982 1458 Quod
1006 1389 1286 1459 Propheta:
1322 1390 1371 1443 in
1400 1389 1587 1458 spiritu
1616 1387 1816 1456 praevi-

250 1479 445 1546 dentes,
469 1481 566 1535 ista
592 1481 839 1535 dixerunt
863 1496 878 1545 ;
919 1479 1012 1534 sed
1038 1479 1278 1549 apertius
1300 1478 1561 1535 Jeremias
1585 1496 1598 1533 :
1622 1475 1689 1531 In
1711 1477 1819 1529 die-

245 1571 326 1624 bus
375 1570 497 1636 illis,
545 1569 736 1638 inquit,
783 1587 882 1623 non
931 1571 1117 1634 dicent,
1154 1569 1338 1623 Patres
1387 1569 1820 1621 nnmducaverunt

247 1678 381 1716 uram
417 1663 670 1727 acerbam,
713 1671 761 1716 et
807 1662 980 1716 dentes
1030 1657 1254 1730 ﬁliorum
1303 1661 1704 1730 obstupuerunt:
1732 1657 1820 1712 sed

245 1755 576 1827 unusquisque
603 1754 658 1809 in
682 1771 775 1810 suo
799 1763 1002 1826 peccato
1029 1757 1302 1820 morietur;
1321 1763 1370 1808 et
1406 1754 1515 1825 ejus
1547 1753 1633 1824 qui
1674 1767 1824 1807 man-

247 1843 489 1902 ducaverit
526 1863 676 1901 uvam
704 1847 936 1901 acerbam
961 1888 977 1914 ,
1023 1845 1369 1916 obstupescent
1397 1845 1418 1875 ²
1446 1845 1615 1898 dentes
1636 1845 1815 1912 ipsius.

244 1937 440 2009 Nempe
491 1939 832 1994 manifestum
863 1947 964 2005 cst,
999 1937 1068 1992 ita
1110 1936 1211 1992 hoc
1244 1935 1555 2006 prophetico
1581 1949 1819 2004 pronun-

247 2031 355 2085 tiari
380 2075 392 2096 ,
420 2033 562 2086 sicut
599 2033 770 2102 ipsum
798 2031 1198 2086 Testamentum
1222 2027 1429 2084 'novum
1450 2068 1466 2094 ,
1504 2028 1643 2098 quod
1675 2029 1818 2098 prius

247 2121 502 2176 occultum
533 2121 664 2188 fuit,
693 2132 746 2177 et
774 2137 866 2192 per
886 2119 1157 2176 Christum
1191 2129 1374 2191 postea
1397 2120 1687 2174 revelatqu
1716 2126 1816 2172 est.

243 2210 508 2283 Denique,
547 2228 614 2268 ne
668 2226 766 2266 nos
805 2220 1082 2266 moverent
1107 2225 1168 2267 ea
1209 2226 1328 2281 qua:
1381 2208 1817 2272 commemoravi,

243 2313 291 2358 et
338 2314 532 2360 caetera
582 2304 884 2376 hujusmodi
917 2304 1139 2374 plurima
1184 2302 1252 2358 de
1291 2301 1579 2356 reddendis
1603 2301 1656 2355 in
1684 2299 1821 2354 ﬁlios

241 2397 466 2465 peccatis
495 2405 776 2466 parentum
793 2436 809 2463 ,
836 2410 954 2466 qua:
980 2395 1160 2464 utique
1183 2392 1443 2447 veraciter
1460 2392 1652 2462 scripta
1675 2398 1818 2458 sunt,

241 2487 319 2543 et’
359 2490 484 2544 huic
537 2489 828 2560 pr0phetiie
870 2487 1132 2543 contraria
1181 2494 1522 2556 putarentur;
1567 2484 1821 2538 continuo

237 2582 387 2637 solvit
419 2583 581 2637 istam
624 2581 1061 2637 molestissimam
1092 2579 1466 2650 quazstionem,
1494 2575 1822 2645 coniungen-

234 2673 297 2729 do
323 2685 490 2746 atque
517 2675 744 2730 dicendo
769 2690 783 2728 ;
816 2671 950 2727 Ecce
979 2672 1083 2726 dies
1113 2671 1334 2735 veniunt,
1376 2669 1497 2721 dicit
1531 2667 1781 2721 Dominus
1800 2708 1814 2733 ,

231 2775 274 2819 et
309 2783 470 2822 consu
485 2768 680 2821 mmabo
726 2767 897 2820 domui
953 2763 1116 2818 Israel
1154 2772 1202 2817 et
1231 2763 1406 2815 domui
1435 2760 1578 2814 Juda
1633 2759 1822 2814 Testa-

231 2871 447 2914 mentum
494 2877 692 2925 novum,
719 2877 818 2914 non
840 2858 1117 2912 secundum
1141 2855 1516 2921 Testamentum
1554 2854 1688 2926 quod
1717 2854 1821 2908 dis-

230 2957 364 3023 posui
396 2955 638 3026 patribus
659 2970 830 3008 eorum
855 2950 1071 3021 (Jerem.
1101 2965 1247 3014 χχχι,
1271 2946 1486 3020 29—52).
1513 2947 1568 3001 In
1593 2947 1698 3002 hoc
1722 2945 1821 3017 igi-

230 3055 309 3102 tur
328 3047 685 3103 Testamento
707 3061 842 3102 novo
876 3061 968 3114 per
989 3043 1300 3114 sanguinem
1335 3040 1606 3095 testatoris
1626 3037 1648 3070 ⁸
1673 3039 1822 3093 dele-

229 3144 280 3192 to
306 3149 545 3210 pater-io
569 3136 943 3208 chirographo,
975 3135 1159 3203 incipit
1193 3132 1352 3188 homo
1373 3131 1607 3202 paternis
1631 3127 1825 3185 debitis

230 3243 329 3283 non
360 3244 497 3284 esse
523 3229 786 3284 obnoxius
810 3227 1144 3282 renascendo
1167 3267 1180 3289 ,
1206 3224 1398 3294 quibus
1423 3221 1691 3276 nascendo
1710 3219 1829 3277 fue-

226 3332 302 3376 rat
324 3322 626 3393 obligatus,
656 3321 770 3390 ipso
796 3319 1085 3374 Mediatore
1113 3317 1342 3383 dicente,
1371 3314 1451 3368 Ne
1469 3314 1603 3368 vobis
1630 3322 1828 3384 patrem

225 3414 398 3470 dicatis
423 3416 492 3469 in
517 3423 650 3468 terra
674 3411 883 3482 (Matth.
909 3427 1059 3478 χχιιι,
1077 3408 1132 3482 9)
1156 3407 1471 3464 isecundum
1493 3406 1595 3461 hoc
1620 3407 1824 3476 utique,

225 3507 364 3577 quod
396 3509 548 3561 alios
576 3505 780 3560 natales
827 3505 1020 3576 quibus
1069 3518 1176 3557 non
1208 3501 1344 3572 patri
1372 3498 1780 3556 succederemus
1804 3539 1823 3566 ,

225 3599 313 3654 sed
339 3615 468 3655 cum
516 3609 666 3667 patre
708 3612 920 3666 semper
945 3597 1264 3662 viveremus,
1294 3593 1613 3650 invenimus.

287 3689 534 3746 CAPUT
574 3687 763 3744 XXVI.
786 3718 857 3728 —
875 3687 964 3744 85.
991 3686 1068 3742 Ad
1093 3684 1271 3740 omnia
1292 3699 1380 3740 me
1408 3682 1502 3738 tibi
1523 3681 1830 3752 respondis-

228 3795 302 3848 se,
330 3782 476 3838 Julia
489 3796 578 3848 ne,
605 3790 659 3836 et
684 3780 861 3834 omnia
891 3778 1170 3845 refellisse,
1194 3777 1383 3847 quibus
1403 3773 1597 3845 putasti
1618 3783 1670 3828 et
1687 3773 1832 3829 “dis-

231 3874 427 3942 putasti
486 3871 845 3925 voluminibus
911 3881 1137 3941 quatuor
1187 3867 1512 3924 credendum
1562 3881 1669 3921 non
1713 3881 1834 3921 esse

231 3965 496 4034 originale
534 3971 835 4032 peccatum,
882 3969 936 4015 et
983 3958 1467 4029 concupiscentiam
1509 3956 1686 4012 carnis
1728 3970 1832 4010 non

231 4070 390 4126 posse
425 4054 635 4123 culpari
663 4054 777 4107 sine
807 4053 1147 4108 damnatione
1173 4052 1510 4120 nuptiarum;
1541 4056 1666 4118 puto
1690 4045 1834 4116 quod

233 4147 503 4218 perspicis
527 4186 540 4208 ,
585 4143 628 4197 si
663 4144 911 4213 pervicax
953 4157 1061 4198 non
1107 4143 1201 4196 sis.
1234 4142 1663 4196 Demonstratum
1691 4137 1832 4193 enim

231 4250 348 4306 est,
383 4253 519 4294 eum
553 4244 755 4290 tantum
787 4243 1010 4305 paterno
1037 4234 1257 4302 antiquo
1281 4229 1463 4287 debito
1489 4244 1598 4286 non
1625 4229 1832 4296 teneri,

294 4374 310 4405 ι
331 4372 477 4436 Apud
503 4377 638 4436 Lov.,
655 4366 969 4436 regeneratio.

291 4437 311 4466 ³
336 4425 391 4484 tri
415 4443 550 4489 stss.,
569 4425 904 4493 obstupebunt;
929 4427 1027 4490 vel,
1060 4425 1370 4492 obstipebunt.

291 4499 312 4528 ³
339 4497 494 4554 Editi,
519 4506 596 4542 ne.
623 4493 945 4541 Emendantur
969 4504 1033 4541 ex
1053 4498 1158 4539 Mss.

262 4559 315 4629 ᾖ
351 4544 601 4607 ain/Er.
661 4563 713 4604 et
767 4567 859 4604 sex
912 4561 1068 4614 uss,
1132 4564 1221 4616 per
1274 4548 1556 4615 sanguier
1605 4544 1838 4598 mediato-

227 4634 316 4715 ηδί
339 4681 506 4729 Editio
529 4685 638 4729 Lov.
670 4679 863 4736 omittit,
883 4675 1060 4737 putasti
1091 4681 1152 4726 et.
1180 4683 1281 4737 Am.
1306 4685 1427 4725 vero
1449 4679 1504 4724 et
1533 4678 1609 4721 Er.
1634 4670 1836 4730 habent,

226 4743 452 4805 putasti;
479 4741 570 4791 sed
594 4735 915 4804 praetereunt,
937 4744 984 4789 et
1007 4735 1280 4802 disputasti.

1626 448 1830 504 LIBER
1868 447 2155 538 ssxrus.

3413 454 3516 512 87‘

1932 563 2021 639 qui
2047 563 2405 618 lnereditatem
2432 571 2740 635 patremque
2768 565 3024 631 mutavit;
3057 564 3146 620 ubi
3174 564 3511 625 colueredem

1932 653 2135 709 invenit
2159 655 2370 709 unicum
2396 671 2490 726 per
2514 665 2754 712 naturam
2775 699 2789 724 ,
2826 658 3106 726 adoptatus
3131 657 3244 728 ipse
3269 674 3364 729 per
3390 675 3511 731 gra-

1935 745 2058 800 tiam
2085 763 2098 799 :
2126 747 2281 818 eique
2311 757 2512 803 tantum
2548 749 3028 819 concupiscentiam
3053 750 3321 806 carnalem
3360 768 3508 807 mor-

1932 848 2037 896 tem
2087 856 2196 896 nou
2231 841 2428 898 inferre
2475 851 2594 913 post
2612 852 2858 910 mortem,
2891 843 2979 914 qui
3022 843 3076 898 in
3113 842 3310 899 Christi
3341 855 3510 901 morte

1930 933 2194 988 invenerit
2218 946 2443 990 mortem
2462 977 2477 1002 ,
2522 950 2623 1007 qua
2652 935 2909 990 moriatur
2935 945 3172 1005 peccato,
3199 945 3254 990 et
3282 938 3512 992 evaserit

1930 1034 2154 1081 mortem
2185 1043 2285 1097 qua
2316 1036 2473 1082 natus
2502 1027 2675 1082 fuerat
2713 1028 2767 1082 in
2807 1037 3042 1098 peccato.
3075 1027 3225 1084 Unus
3248 1029 3388 1083 enim
3416 1045 3510 1099 pro

1929 1117 2176 1172 omnibus
2201 1127 2441 1174 mortuus
2462 1130 2564 1188 est,
2591 1135 2719 1191 ergo
2739 1135 2924 1175 omnes
2944 1121 3134 1176 mortui
3153 1130 3277 1176 sunt
3301 1120 3368 1193 (ll
3388 1123 3507 1176 Cor.

1927 1221 1980 1271 ν,
2014 1205 2103 1278 ﬂ)
2142 1225 2155 1262 :
2188 1216 2241 1264 et
2283 1224 2382 1280 pro
2422 1209 2669 1282 omnibus
2717 1220 2956 1265 mortuus
3002 1211 3158 1276 esti;
3203 1227 3302 1267 nec
3350 1213 3508 1283 aliqui

1928 1305 2178 1366 poterunt
2203 1301 2380 1356 vivere
2399 1316 2497 1371 pro
2523 1301 2717 1371 quibus
2748 1317 2854 1356 non
2881 1311 2964 1356 est
2995 1311 3237 1362 mortuus
3255 1345 3270 1369 ,
3295 1303 3384 1372 qui
3414 1307 3546 1372 pro!

1926 1390 2152 1444 mortuis
2183 1392 2331 1445 vivus
2356 1399 2440 1446 est
2477 1403 2718 1447 mortuus
2739 1393 2782 1446 ³.
2809 1392 2936 1447 Haec
2975 1408 3174 1464 negans
3192 1435 3208 1460 ,
3235 1393 3318 1448 his
3347 1410 3505 1464 repuo

1925 1493 2126 1548 gnaus,
2158 1482 2256 1535 ista
2283 1483 2587 1539 convellere
2614 1484 2842 1540 moliens
2874 1484 3149 1541 catholica:
3180 1485 3299 1541 ﬁdei
3329 1487 3508 1541 muni-

1924 1582 2125 1640 menta,
2155 1573 2405 1644 ipsosque
2435 1590 2628 1632 nervos
2653 1574 2994 1648 disrumpere
3039 1579 3347 1636 christiana
3391 1582 3518 1638 reli-

1922 1666 2118 1736 gionis,
2149 1681 2395 1737 veraeque
2424 1667 2667 1736 pietatis;
2699 1669 2867 1725 audes
2893 1671 3109 1742 insuper
3135 1673 3336 1740 dicere,
3369 1675 3514 1746 quod

1925 1763 2112 1808 contra
2152 1755 2343 1825 impios
2381 1754 2519 1810 bella
2548 1757 2848 1825 susceperis
2877 1771 2889 1806 :
2921 1769 3042 1809 cum
3068 1753 3352 1809 adversum
3393 1770 3510 1808 ma-

1927 1853 2060 1899 trem
2082 1861 2200 1916 qua:
2231 1854 2280 1900 te
2305 1846 2656 1922 spiritualiter
2685 1847 2908 1916 peperit,
2930 1846 3093 1901 armis
3117 1847 3404 1916 impietatis
3429 1847 3512 1901 in-

1926 1937 2126 1992 duaris.
2159 1938 2337 1994 Audes
2383 1949 2435 1995 te
2469 1940 2667 2009 agmini
2705 1948 3006 1994 sanctorum
3051 1938 3507 2005 Patriarcharum,

1926 2029 2336 2099 Prophetarum,
2364 2030 2766 2100 Apostolorum,
2795 2039 3113 2101 martyrum,
3145 2027 3511 2082 sacerdotum-

1925 2135 2031 2190 que
2058 2122 2283 2177 miscere
2307 2139 2321 2176 :
2349 2137 2471 2176 cum
2502 2121 2593 2176 tibi
2623 2120 2802 2175 dicant
2827 2120 3182 2184 Patriarchze,
3210 2119 3384 2174 Etiam
3411 2133 3511 2190 pro

1926 2215 2158 2282 parvulis
2180 2215 2315 2269 natis
2331 2215 2504 2269 oblata
2528 2213 2784 2268 sacriﬁcia
2811 2226 2908 2282 pro
2930 2213 3159 2281 peccatis
3180 2209 3363 2281 (Leuit.
3389 2211 3507 2281 xu);

1927 2321 1991 2362 eo
2017 2308 2288 2378 quodnon
2319 2308 2388 2362 sit
2418 2307 2648 2362 mundus
2691 2322 2721 2360 a
2762 2306 3008 2361 sordibus
3053 2320 3150 2360 nec
3188 2304 3361 2358 infans
3402 2303 3510 2358 diei

1928 2399 2082 2453 unius
2112 2413 2274 2469 super
2299 2407 2493 2452 terram
2517 2397 2637 2469 (Job
2673 2413 2785 2463 xiv,
2813 2396 2868 2463 5,
2891 2413 2990 2450 sec.
3034 2392 3200 2466 LXX)
3233 2412 3246 2449 :
3272 2409 3392 2449 cum
3415 2393 3510 2448 tibi

1927 2489 2104 2543 dicant
2153 2488 2452 2558 Prophette,
2511 2488 2562 2542 in
2613 2487 2977 2558 iniquitatibus
3026 2485 3268 2556 concepti
3324 2499 3510 2538 sumus

1928 2579 2097 2651 (Psal.
2121 2597 2169 2646 ι,
2199 2581 2251 2648 7)
2285 2597 2297 2633 :
2325 2597 2444 2636 cum
2477 2581 2566 2634 tibi
2592 2580 2768 2635 dicant
2792 2579 3054 2648 Apostoli,
3087 2577 3398 2646 Quicumque
3424 2577 3511 2629 ba-

1928 2675 2102 2744 ptizati
2140 2691 2312 2728 sumus
2336 2674 2386 2728 in
2415 2672 2614 2730 Christo
2649 2671 2792 2737 Iesu,
2820 2673 2872 2725 in
2902 2681 3059 2724 morte
3086 2671 3243 2740 ipsius
3273 2667 3512 2738 baptizati

1927 2782 2138 2832 sumus;
2164 2775 2222 2821 ut
2240 2767 2604 2821 existimemus
2629 2779 2726 2819 nos
2746 2771 2986 2818 mortuos
3009 2762 3219 2833 quidem
3245 2775 3362 2817 esse
3383 2775 3508 2830 pec-

1927 2868 2076 2924 cato,
2109 2860 2287 2914 vivere
2316 2868 2495 2913 autem
2523 2859 2633 2914 Deo
2663 2858 2714 2912 in
2741 2856 2955 2912 Christo
2981 2856 3108 2910 Jesu
3147 2854 3322 2928 (Rom.
3345 2869 3415 2919 v1,
3455 2854 3509 2921 ὅ,

1929 2951 2020 3023 il)
2055 2971 2067 3006 :
2098 2965 2218 3006 cum
2248 2952 2340 3006 tibi
2374 2951 2552 3006 dicant
2574 2961 2856 3022 martyres,
2888 2949 3189 3006 SeCtIudum
3213 2948 3378 3002 Adam
3397 2962 3513 3002 car-

1927 3046 2120 3100 naliter
2149 3054 2301 3100 natos
2325 3045 2628 3114 contagium
2662 3045 2847 3097 mortis
2875 3045 3103 3112 antiqua:
3135 3039 3299 3110 prima
3326 3039 3515 3094 nativi-

1931 3146 2038 3194 tate
2061 3136 2398 3202 contrahere,
2433 3136 2572 3191 unde
2613 3134 2848 3203 parvulis
2875 3134 3209 3188 dimittantur
3249 3133 3302 3185 in
3337 3131 3515 3200 Bapti—

1929 3244 2080 3294 smo,
2129 3243 2234 3283 non
2279 3227 2526 3298 propria,
2576 3226 2668 3280 sed
2714 3226 2884 3280 aliena
2934 3232 3148 3294 peccata
3187 3221 3510 3295 (Cyprianus,

1931 3323 2097 3392 Epist.
2121 3321 2208 3383 64,
2225 3321 2290 3374 ad
2307 3319 2512 3373 Fidum.
2531 3317 2654 3372 Vide
2673 3333 2850 3386 supra,
2868 3316 2953 3370 lib.
2975 3317 3026 3382 1,
3042 3332 3155 3384 cap.
3175 3313 3233 3385 ὅ)
3251 3332 3264 3368 :
3282 3329 3399 3367 cum
3421 3311 3518 3367 tibi

1932 3411 2110 3468 dicant
2154 3410 2460 3465 sacerdotes
2480 3451 2493 3473 ,
2524 3407 2733 3479 Carnali
2767 3407 3035 3474 voluptate
3062 3413 3340 3458 concretos
3368 3402 3516 3471 prius

1930 3503 2112 3560 subire
2138 3502 2452 3558 delictorum
2482 3499 2780 3570 contagium
2807 3539 2823 3565 ,
2851 3513 3007 3569 quam
3038 3497 3159 3550 vita:
3188 3495 3343 3564 hujus
3386 3493 3522 3548 hau-

1933 3597 2042 3654 rire
2066 3610 2260 3650 munus
2289 3592 2620 3665 (Ambrosius,
2650 3592 2775 3645 libro
2801 3591 2863 3646 de
2891 3589 3221 3644 Sacramenta
3250 3600 3517 3656 regenera-

1935 3689 2104 3742 tionis.
2145 3685 2270 3740 Vide
2291 3702 2467 3756 supra,
2499 3684 2587 3738 lib.
2627 3682 2681 3749 2,
2711 3698 2825 3752 cap.
2861 3682 2939 3752 6).
2973 3680 3065 3734 His
3092 3686 3142 3734 te
3168 3677 3478 3732 consociare
3498 3673 3520 3706 ³

1935 3781 2229 3852 praesumis,
2261 3794 2484 3851 quorum
2514 3777 2670 3832 ﬁdem
2696 3776 2964 3831 debellare
2985 3773 3215 3828 conaris.
3242 3771 3418 3825 Audes
3437 3768 3521 3824 di-

1935 3888 2076 3938 cere,
2106 3871 2247 3941 quod
2291 3886 2319 3922 a
2365 3868 2773 3924 Manichaeorum
2817 3865 3087 3921 consortio
3133 3860 3390 3927 vincaris,
3432 3860 3522 3931 qui

1937 3962 2256 4018 Manichaeos
2277 3961 2500 4014 invictos
2523 3959 2671 4024 facis,
2699 3959 2796 4012 nisi
2819 3973 2938 4012 cum
2953 3957 3030 4011 eis
3047 3963 3102 4010 et
3129 3954 3241 4021 ipse
3268 3952 3518 4007 vincaris.

1938 4055 2185 4119 Falleris,
2219 4052 2312 4120 ﬁli,
2339 4051 2712 4106 miserabiliter
2738 4051 2958 4116 falleris,
2990 4048 3074 4102 vel
3100 4047 3260 4102 etiam
3287 4046 3522 4101 detesta-

1938 4147 2115 4203 biliter
2162 4146 2359 4201 falleris
2408 4164 2421 4199 :
2476 4143 2690 4213 quando
2733 4142 3126 4196 animositatem
3173 4155 3273 4208 qua
3324 4139 3522 4193 teneris

1939 4241 2156 4307 viceris,
2184 4247 2309 4294 tunc
2332 4237 2606 4292 veritatem
2641 4234 2839 4304 poteris
2866 4245 3045 4287 tenere
3070 4245 3173 4300 qua
3197 4228 3448 4283 vinceris.

2006 4420 2021 4450 ι
2045 4415 2372 4467 bovanienses
2413 4415 2802 4474 expuuxeruut,
2831 4413 2880 4458 et
2903 4418 3014 4474 pro
3309 4405 3524 4474 mortuus

1940 4486 2026 4532 est.
2071 4479 2138 4527 lbi
2180 4485 2343 4526 tamen
2393 4467 2554 4524 exstat
2599 4475 2647 4522 in
2678 4467 2942 4520 Gallicanis
2978 4475 3040 4533 et
3079 4467 3312 4533 Vaticanis
3341 4471 3458 4533 .ttss.

2007 4545 2026 4573 ³
2045 4543 2118 4591 sic
2140 4537 2356 4588 melioris
2377 4543 2506 4586 notae
2532 4544 2634 4584 MSS.
2663 4541 2718 4583 At
2742 4533 2878 4592 editi,
2908 4530 3020 4594 quia
3059 4538 3147 4593 pro
3177 4530 3376 4576 mortuis
3403 4536 3524 4574 unus

1941 4608 2176 4655 mortuus.
2200 4600 2318 4648 vide
2351 4610 2516 4661 supra,
2542 4611 2590 4646 [ι.
2616 4595 2693 4666 ΑΒ.
2746 4657 2756 4666 ,

2010 4667 2030 4698 ³
2052 4673 2153 4714 Am.
2172 4667 2246 4712 Er.
2268 4669 2320 4711 et
2341 4667 2467 4722 Mssa,
2493 4671 2775 4710 consoceari.

233 4866 3515 4949 ω

1363 5058 1444 5119 IN
1486 5019 1785 5117 LIBRUM
1829 5046 2452 5125 SUBSEQUENTEM

324 5192 499 5256 Vide
530 5189 637 5252 lib.
659 5189 723 5261 2,
744 5207 880 5268 cap.
917 5186 1018 5260 66,
1069 5182 1640 5268 Retractationum,
1663 5186 1830 5268 tam.
1856 5178 1915 5268 ᾗ,
1950 5173 2241 5268 οοίλϐὅϐ,
2274 5168 3012 5268 a'uerbisulfrgpte‘ieos
3043 5156 3533 5268 asumma

224 5242 1098 5339 scibéf'ubiitiﬁiﬁibéﬁini
1107 5242 1475 5331 arbitrium,
1505 5259 1611 5333 ubi
1630 5242 1793 5339 dicit
1824 5242 2213 5336 Augustinus
2226 5242 2308 5339 se
2324 5249 2555 5312 librum
2586 5247 2663 5309 de
2698 5242 2918 5309 Gratia
2949 5251 3011 5307 et
3053 5242 3531 5305 Libero'Arbi-

400 5332 733 5429 scripsisse
757 5347 837 5408 ad
861 5345 1191 5406 monachos
1220 5332 1660 5403 Adrumetinos
1692 5337 1801 5418 (a).
1925 5332 1947 5336 ’
2243 5332 2330 5394 Μ.

294 5520 378 5581 (a)
411 5516 728 5581 Adrumetum
754 5511 940 5581 stricte
961 5511 1079 5581 urbs
1101 5509 1333 5581 maritima
1352 5541 1367 5565 ,
1392 5512 1641 5581 Byyacente
1655 5501 1920 5581 'prLovincige
1940 5498 2220 5560 metrOpolis
2243 5497 2331 5581 fuit
2349 5532 2363 5556 ,
2382 5504 2457 5581 ιιιΔ
2473 5494 2639 5581 scribit
2934 5484 3382 5581 Illurgcsqrit‘t‘onde

225 5545 1932 5633 Ῑιῖξοιῖὶῖςιὶξίξῆι
1943 5545 2411 5633 aliorutuﬁgratia'tn
2439 5557 2722 5633 augustiuuns
2745 5545 2864 5633 (litos
2877 5545 3381 5633 lieqttet‘ite‘swlibsos‘,

229 5610 358 5694 ἓξὲξ
1165 5610 1909 5694 '{ioéié'riar‘éiii'd'é'(ineptia.e
1924 5610 2170 5694 ethratia
2201 5610 2658 5694 ὅρμεοτηέδὶξξθωιο
2678 5610 3106 5694 Οιιιδίξρβὶρξέιξ

227 5669 645 5762 ἱξῖιίὲῗεέ
1343 5669 1676 5769 Ξ
1689 5669 1903 5750 ﬁniit};
1922 5669 2351 5735 detractationibus
2372 5669 2563 5732 circiter
2588 5691 2764 5728 annum
2783 5676 2870 5725 δεῖ
2897 5669 3038 5724 editis
3060 5677 3420 5723 memorantur:
3445 5669 3534 5718 sed

228 5753 335 5818 nec
358 5771 492 5814 ante
512 5753 752 5822 collocari,
776 5753 889 5823 quia
912 5753 1208 5821 postremum
1231 5753 1410 5802 ibidem
1433 5753 1590 5804 locum
1611 5756 1860 5814 occupant.

511 5996 738 6060 Saac'r.
789 5995 1068 6055 Ausus'r.
1114 5989 1193 6051 X.
2795 5974 3253 6055 (Yingt-hnit.)
