4022 6474
441 446 548 507 875
1611 453 1677 509 IN
1716 446 1972 511 LIBRUM
2008 450 2554 520 SUBSEQUENTEM
3619 442 3735 509 8⁸16

898 671 1736 777 AUGUSTINI
1866 675 2081 779 AD
2209 673 2486 775 VA]

1662 675 1736 777 il
1866 675 2081 779 AD
2209 586 3250 781 νΑιΕΝΤιΝυΜ

1545 864 1613 919 ET
1649 864 1754 905 CUI
1792 863 1911 905 Π.ιο
1948 863 2221 906 ιιοιςλαιιοε
2260 863 2629 906 ADRUIBTINOS

430 963 964 1037 EPISTOLJE,
1014 964 1225 1041 DUJE
1276 964 1585 1039 SIMUL.
1621 963 1817 1037 CUM
1858 963 2018 1029 SUB

2107 963 2556 1041 EQUENTE
2615 961 2909 1037 LIBRO
2940 963 3577 1043 ἘΒΔΝΒΜιὲὃΕ
3619 969 3695 1037 (α)

1847 1085 2317 1143 mnam-

1393 1205 1645 1249 EPIS'I‘OLA
1682 1207 1856 1255 ιιιιιοιι,
1898 1207 2061 1248 INTER
2098 1205 2511 1248 AUGUSTINIANAS
2547 1204 2720 1247 CCXIV.

433 1288 660 1346 Domino
685 1288 1054 1358 dilectissimo,
1082 1295 1138 1345 et
1164 1288 1218 1343 in
1243 1284 1443 1344 Christi
1464 1285 1720 1343 membris
1739 1285 2054 1343 honorando
2072 1286 2221 1342 fratri
2249 1284 2579 1354 VALENTINO,
2609 1293 2664 1342 et
2684 1283 2937 1343 fratribus
2955 1284 3048 1358 qui
3078 1292 3255 1344 tecum
3276 1294 3421 1357 sunt,
3455 1290 3719 1348 AUGUSTI-

1736 1394 1853 1447 N08,
1886 1381 1937 1435 in
1964 1380 2190 1435 Domino
2218 1379 2463 1436 salutem.

496 1476 551 1530 1.
576 1474 851 1532 Venerunt
870 1474 935 1530 ad
964 1488 1063 1530 nos
1084 1473 1194 1529 duo
1218 1473 1464 1544 juvenes,
1494 1470 1814 1528 Cresconius
1842 1480 1896 1527 et
1923 1470 2099 1538 Felix,
2124 1470 2192 1526 de
2220 1478 2395 1527 vestra
2427 1471 2838 1542 congregatione
2879 1486 2941 1529 se
2980 1487 3101 1530 esse
3140 1471 3400 1543 dicentes,
3439 1475 3530 1547 qui
3560 1477 3717 1534 nobis

424 1568 743 1635 retulerunt,
774 1567 1161 1623 monasterium
1188 1574 1422 1621 vestrum
1440 1563 1694 1619 nonnulla
1720 1561 2057 1619 dissensione
2085 1561 2377 1628 turbatum,
2405 1577 2470 1617 eo
2496 1561 2637 1633 quod
2665 1560 2881 1633 quidam
2911 1564 2961 1618 in
2984 1564 3138 1621 vobis
3160 1566 3239 1621 sic
3264 1566 3491 1636 gratiam
3513 1568 3713 1638 praedi-

423 1669 567 1730 cent,
594 1670 653 1717 ut
682 1669 875 1733 negent
897 1660 1129 1715 hominis
1168 1674 1287 1715 esse
1315 1659 1543 1714 liberum
1572 1655 1848 1717 arbitrium
1872 1674 1886 1721 ;
1916 1665 1992 1724 et,
2023 1655 2163 1729 quod
2191 1662 2274 1712 est
2297 1657 2531 1727 gravius,
2560 1656 2758 1722 dicant,
2788 1657 2931 1729 quod
2959 1657 3013 1714 in
3040 1656 3127 1714 die
3147 1656 3331 1730 judicii
3360 1676 3466 1717 non
3495 1661 3565 1718 sit
3583 1661 3710 1719 red-

421 1753 630 1809 diturus
651 1742 794 1809 Deus
824 1753 1109 1824 unicuique
1149 1748 1445 1807 secundum
1483 1763 1644 1820 opera
1678 1749 1794 1820 ejus
1824 1747 2040 1819 (Matth.
2063 1764 2179 1815 va,
2220 1747 2323 1815 27;
2354 1746 2504 1803 Rom.
2538 1765 2593 1815 ιι,
2638 1749 2718 1822 6).
2752 1750 2923 1806 Etiam
2967 1749 3069 1807 hoc
3096 1761 3275 1808 tamen
3315 1752 3705 1824 indicaverunt,

422 1843 563 1915 quod
591 1844 771 1917 plures
790 1852 1025 1900 vestrum
1056 1858 1164 1899 non
1194 1846 1265 1899 ita
1291 1843 1543 1909 sentiant,
1573 1841 1666 1897 sed
1712 1840 1937 1896 liberum
1978 1841 2252 1896 arbitrium
2303 1841 2542 1911 adjuvari
2585 1841 2849 1911 fateantur
2898 1859 2995 1915 per
3036 1844 3130 1901 Del
3170 1847 3417 1917 gratiam,
3463 1857 3520 1904 ut
3560 1858 3708 1907 recta

420 1937 690 2025 sapiamus
726 1946 888 2009 atque
915 1936 1204 2003 faciamus;
1232 1944 1291 1990 ut
1316 1950 1437 1991 cum
1463 1934 1671 1990 venerit
1697 1933 1956 1989 Dominus
1994 1933 2220 1989 reddere
2249 1933 2532 2003 unicuique
2557 1935 2849 1990 secundum
2888 1950 3052 2007 opera
3088 1935 3226 2009 ejus,
3270 1937 3501 1996 inveniat
3542 1957 3704 2012 opera

419 2024 601 2085 nostra
628 2029 800 2099 bona,
842 2044 961 2100 quas
1008 2026 1326 2100 praeparavit
1376 2027 1517 2083 Deus
1558 2034 1615 2082 ιιι
1651 2027 1706 2081 in
1751 2024 1857 2081 illis
1899 2025 2232 2083 ambulemus
2257 2026 2276 2099 (
2300 2025 2492 2098 Ephes.
2524 2043 2600 2095 ιι,
2630 2026 2758 2103 I0).
2791 2027 2903 2086 Hoc
2943 2030 3033 2103 qui
3074 2032 3353 2103 sentiunt,
3399 2033 3535 2091 bene
3570 2051 3704 2092 sen-

419 2124 579 2181 tiunt.

485 2216 541 2287 2,
574 2214 791 2271 Obsecro
812 2214 990 2286 itaque
1018 2230 1123 2279 vos,
1153 2217 1354 2285 fratres,
1382 2213 1516 2269 sicut
1538 2209 1849 2267 Corinthios
1876 2210 2173 2268 obsecravit
2211 2213 2518 2284 Apostolus,
2554 2230 2644 2285 per
2671 2230 2851 2271 nomen
2891 2213 3099 2272 Domini
3128 2218 3290 2273 nostri
3319 2216 3467 2275 Jesus
3488 2216 3701 2288 Christi,

415 2315 472 2363 ut
498 2307 719 2379 idipsum
745 2307 926 2362 dicatis
951 2322 1141 2373 omnes,
1163 2314 1209 2360 et
1232 2322 1332 2360 non
1348 2305 1446 2361 sint
1470 2306 1524 2359 in
1548 2304 1686 2359 vobis
1712 2305 1983 2359 schismata
2011 2302 2059 2375 (1
2076 2302 2195 2359 Cor.
2218 2320 2255 2370 ι,
2291 2306 2403 2377 10).
2435 2306 2614 2363 Primo
2641 2308 2785 2363 enim
2814 2307 3071 2365 Dominus
3094 2309 3271 2379 Jesus,
3290 2312 3424 2366 sicut
3444 2314 3703 2386 scriptum

415 2401 573 2456 estin
603 2399 892 2472 Evangelia
917 2398 1138 2455 Joannis
1167 2398 1414 2468 apostoli,
1449 2414 1549 2451 non
1571 2397 1703 2451 venit
1729 2405 1784 2450 ut
1803 2396 2060 2467 judicarct
2083 2396 2349 2466 mundum,
2381 2398 2470 2453 sed
2488 2408 2543 2452 ut
2568 2400 2847 2455 salvaretur
2884 2402 3103 2456 mundus
3125 2420 3215 2473 per
3241 2404 3405 2476 ipsum
3426 2404 3602 2476 (Joan.
3622 2422 3700 2476 tu,

414 2492 529 2565 17).
558 2493 748 2548 Postea
778 2507 925 2560 vero,
959 2492 1096 2546 sicut
1121 2490 1305 2561 scribit
1328 2488 1602 2560 apostolus
1632 2488 1847 2554 Paulus,
1873 2486 2132 2557 judicabit
2162 2487 2301 2544 Deus
2326 2487 2578 2545 mundum
2608 2490 2787 2561 (Rom.
2825 2507 2902 2559 ιιι,
2932 2491 2988 2564 6)
3014 2534 3029 2560 ,
3060 2492 3273 2563 quando
3307 2503 3564 2559 venturus
3595 2505 3699 2564 est,

411 2587 552 2642 sicut
577 2596 684 2643 tota
725 2585 963 2642 Ecclesia
992 2586 1045 2641 in
1076 2583 1331 2657 Symbolo
1356 2583 1662 2649 confitetur,
1700 2580 1942 2651 judicare
1980 2579 2130 2636 vivos
2157 2588 2212 2636 et
2251 2590 2511 2637 mortuos.
2556 2582 2610 2638 Si
2643 2583 2803 2654 igitur
2828 2600 2933 2639 non
2961 2594 3043 2640 est
3074 2585 3167 2649 Dei
3205 2588 3396 2657 gratia,
3432 2586 3700 2658 quomodo

412 2681 583 2738 salvat
610 2680 901 2736 mundum?
926 2690 980 2735 et
1024 2680 1068 2734 si
1096 2694 1201 2733 non
1223 2686 1307 2734 est
1338 2676 1563 2732 liberum
1590 2674 1891 2742 arbitrium,
1937 2673 2206 2743 quomodo
2245 2673 2448 2745 judicat
2494 2674 2789 2731 mundum?
2821 2676 3050 2741 Proinde
3089 2678 3282 2734 librum
3311 2679 3397 2734 vel
3421 2679 3699 2750 epistolam

408 2791 607 2845 meam,
636 2792 795 2848 quam
821 2790 1002 2831 secum
1037 2773 1103 2829 ad
1132 2788 1231 2843 nos
1262 2770 1548 2853 supradicti
1574 2770 1882 2833 attulerunt,
1912 2767 2201 2825 secundum
2233 2767 2368 2823 hanc
2409 2766 2567 2823 fidem
2589 2769 2886 2841 intelligite,
2915 2778 2974 2826 ut
3001 2786 3175 2841 neque
3217 2772 3421 2843 negetis
3461 2772 3551 2827 Dei
3576 2787 3701 2844 gra-

410 2871 559 2937 tiam,
590 2854 764 2941 neque
793 2868 1019 2924 liberum
1048 2864 1435 2923 arbitrium’sic
1459 2861 1781 2926 defendatis,
1807 2869 1921 2916 uta
1943 2859 2039 2914 Dei
2066 2860 2234 2931 gratia
2265 2862 2549 2932 separetis,
2582 2870 2833 2932 tanquam
2864 2863 2979 2917 sine
3010 2863 3094 2931 illa
3129 2863 3211 2919 vel
3245 2864 3479 2936 cogitare
3502 2862 3701 2935 aliquid

406 2961 490 3017 vel
516 2976 675 3039 agere
702 2959 1011 3039 secundum
1035 2958 1202 3013 Deum
1248 2957 1355 3011 ulla
1400 2955 1609 3010 ratione
1656 2953 1943 3024 possimus,
1991 2951 2133 3020 quod
2161 2953 2381 3021 omnino
2414 2970 2520 3009 non
2552 2970 2855 3025 possumus.
2890 2957 3113 3037 Propter
3141 2955 3241 3012 hoc
3268 2957 3410 3013 enim
3442 2957 3701 3029 Dominus

406 3069 529 3111 cum
558 3032 626 3109 de
648 3051 826 3123 fructu
846 3034 1067 3122 justitiae
1098 3050 1422 3121 loqueretur,
1455 3047 1528 3101 ait
1555 3044 1829 3116 discipulis
1853 3044 1984 3109 suis,
2013 3042 2139 3099 Sine
2166 3061 2244 3098 me
2274 3044 2404 3111 nihil
2435 3047 2640 3118 potestis
2666 3047 2833 3116 facere
2862 3032 3041 3117 (Joan.
3066 3063 3159 3113 xv,
3188 3047 3270 3118 5).

476 3143 711 3219 5-.Unde
737 3141 1095 3215 supradictam
1126 3126 1503 3225 epistolam-ad
1530 3126 1738 3193 Sixtum
1781 3135 2035 3190 Romanae
2072 3134 2327 3191 Ecclesiae
2365 3137 2733 3208 presbyterum
2761 3135 2835 3210 (b)
2860 3146 3045 3191 contra
3085 3151 3254 3193 novos
3296 3137 3575 3194 haereticos
3594 3136 3699 3194 Pe-

403 3238 640 3311 lagianos
665 3236 921 3291 noveritis
946 3249 1066 3299 esse
1093 3232 1472 3303 conscriptam,
1502 3229 1592 3301 qui
1630 3228 1812 3284 dicunt
1840 3227 2061 3298 gratiam
2092 3225 2187 3280 Dei
2225 3228 2518 3283 secundum
2550 3228 2738 3284 merita
2779 3238 2962 3285 nostra
3001 3228 3138 3298 dari,
3186 3240 3244 3285 ut
3281 3232 3373 3303 qui
3421 3231 3698 3303 gloriatur,

403 3348 515 3389 non
540 3331 594 3386 in
622 3329 868 3395 Domino,
898 3327 992 3384 sed
1021 3328 1071 3382 in
1098 3341 1157 3382 se
1184 3326 1298 3396 ipso
1324 3323 1601 3396 glorietur,
1633 3321 1733 3376 hoc
1761 3326 1863 3387 est,
1902 3319 1955 3373 in
2001 3315 2240 3385 homine,
2292 3334 2397 3373 non
2436 3320 2487 3374 in
2528 3321 2773 3376 Domino.
2804 3320 2957 3391 Quod
3003 3322 3248 3393 prohibet
3276 3324 3581 3394 Apostolus,
3611 3324 3697 3380 di-

403 3440 557 3497 cens,
582 3420 749 3493 Nemo
774 3421 1013 3493 glorietur
1032 3420 1086 3474 in
1107 3419 1308 3472 homine
1335 3416 1385 3487 (ι
1400 3414 1519 3473 Cor.
1552 3430 1630 3480 ut,
1661 3412 1776 3487 21).
1821 3411 1888 3466 Ει
1912 3409 2017 3464 alio
2058 3408 2200 3477 loco,
2241 3409 2342 3479 Qui
2384 3411 2651 3484 gloriatur,
2684 3398 2875 3485 inquit,
2906 3416 2959 3469 in
2978 3412 3196 3470 Domino
3236 3417 3481 3489 glorietur
3514 3416 3631 3489 (Id.
3655 3433 3695 3487 ι,

402 3517 516 3591 51).
547 3517 621 3572 Illi
651 3531 779 3572 vero
810 3514 1046 3570 haeretici
1078 3527 1136 3568 se
1166 3515 1309 3583 ipsos
1340 3526 1369 3563 a
1399 3525 1457 3564 se
1485 3508 1615 3580 ipsis
1640 3509 1812 3577 justos
1841 3505 1956 3560 ﬁeri
1985 3515 2250 3589 putantes,
2281 3505 2431 3576 quasi
2460 3507 2559 3561 hoc
2585 3506 2663 3562 eis
2693 3522 2798 3562 non
2851 3506 3060 3564 dederit
3088 3508 3249 3575 Deus,
3290 3509 3385 3564 sed
3429 3508 3531 3581 ipsi
3571 3510 3695 3579 sibi,

401 3626 509 3681 non
532 3610 710 3680 utique
738 3610 790 3663 in
816 3607 1062 3674 Domino,
1086 3603 1179 3661 sed
1210 3604 1262 3659 in
1284 3600 1586 3671 semetipsis
1617 3599 1928 3673 gloriantur.
1956 3596 2174 3654 Talibus
2197 3598 2338 3653 enim
2365 3597 2493 3655 dicit
2520 3599 2824 3671 Apostolus,
2863 3601 2988 3673 Quis
3012 3602 3145 3667 enim
3167 3611 3221 3665 te,
3237 3603 3475 3671 discernit
3492 3604 3519 3659 7
3542 3602 3697 3675 Quod

403 3706 525 3773 ideo
546 3705 694 3771 dicit,
720 3702 847 3774 quia
875 3701 942 3757 de
979 3715 1151 3756 massa
1184 3698 1321 3753 illius
1345 3682 1660 3766 perditionis
1685 3709 1802 3764 quas
1830 3692 1964 3747 facta
1995 3698 2079 3747 est
2101 3707 2168 3746 ex
2200 3691 2391 3761 Adam,
2428 3708 2533 3748 non
2559 3691 2814 3750 discernit
2853 3693 3144 3759 hominem,
3176 3700 3234 3749 ut
3267 3709 3388 3750 eum
3418 3692 3578 3751 faciat
3602 3711 3697 3752 vas

620 558 3724 585 -η-ᾁ-ᾠ--φψ--ι-Μμ-

407 3798 462 3853 in
510 3797 805 3865 honorem,“
821 3808 928 3848 non
958 3793 1011 3847 in
1036 3789 1435 3855 contumeliam,
1468 3786 1570 3842 nisi
1602 3786 1760 3841 Deus.
1789 3783 1894 3841 Sed
1925 3784 2173 3855 quoniam
2202 3784 2363 3840 homo
2403 3787 2632 3842 carnalis
2667 3794 2723 3843 et
2760 3786 2986 3844 inaniter
3021 3787 3232 3844 inﬂatus
3270 3803 3389 3844 cum
3425 3788 3695 3862 audisset,

406 3889 535 3955 Quis
559 3889 690 3942 enim
716 3895 764 3945 te
788 3884 1067 3953 discernit?
1093 3890 1275 3953 posset
1301 3879 1627 3951 respondere
1652 3878 1736 3933 vel
1762 3892 1894 3933 voce
1918 3878 2000 3932 vel
2029 3877 2367 3947 cogitatione,
2400 3887 2455 3934 et
2482 3879 2689 3951 dicere,
2712 3880 2980 3937 Discernit
3000 3897 3087 3938 me
3116 3881 3245 3939 ﬁdes
3270 3899 3405 3951 mea,
3430 3884 3700 3940 discernit

402 3996 493 4037 me
517 3978 688 4037 oratio
715 3991 854 4045 mea,
877 3975 1133 4045 discernit
1160 3988 1247 4029 me
1272 3971 1476 4043 justitia
1503 3986 1656 4033 mea;
1686 3986 1809 4025 mox
1832 3966 2126 4039 Apostolus
2152 3970 2381 4037 occurrit
2407 3971 2813 4043 cogitationibus
2840 3973 2979 4044 ejus,
3010 3982 3065 4029 et
3089 3974 3251 4051 dixit,
3272 3973 3406 4041 Quid
3434 3976 3571 4029 enim
3596 3976 3700 4031 Ita-

403 4072 640 4145 besquod
665 4088 768 4133 non
803 4070 1077 4150 accepisti?
1130 4069 1190 4125 Si
1224 4078 1391 4137 autem
1444 4066 1699 4139 accepisti,
1737 4063 1860 4136 quid
1896 4062 2129 4153 gloriaris
2161 4064 2315 4141 quasi
2341 4082 2440 4133 non
2476 4067 2729 4136 acceperis
2774 4064 2894 4153 (id.
2929 4083 3005 4135 tv,
3049 4068 3145 4140 7)?
3174 4068 3262 4125 Sic
3303 4078 3482 4125 autem
3525 4071 3698 4153 glori-

403 4176 565 4222 antur
586 4166 739 4236 quasi
767 4180 876 4235 non
898 4148 1223 4235 acceperint,
1253 4160 1344 4247 qui
1372 4175 1433 4218 se
1461 4175 1491 4214 a
1517 4173 1577 4215 se
1604 4157 1735 4229 ipsis
1754 4152 2035 4227 iustiﬁcari
2067 4163 2297 4233 putant;
2322 4172 2384 4225 ae
2413 4174 2511 4241 per
2539 4157 2645 4228 hoc
2664 4159 2718 4214 in
2748 4148 3069 4243 semetipsis,
3102 4177 3207 4217 non
3235 4162 3291 4233 in
3321 4148 3555 4227 Domino
3566 4148 3695 4234 glo-

401 4260 628 4315 riantur.

473 4353 530 4407 ι.
556 4352 781 4421 Propter
805 4349 948 4421 quod
968 4363 1077 4419 ego
1092 4346 1148 4403 in
1179 4346 1280 4415 hac
1302 4345 1547 4417 epistola,
1569 4361 1689 4418 qua:
1712 4345 1791 4413 ad,
1806 4362 1902 4403 vos
1928 4349 2189 4418 pervenit,
2224 4345 2441 4418 probavi
2473 4360 2567 4415 per
2604 4345 2910 4407 testimonia
2934 4354 3240 4403 sanctarum
3265 4345 3689 4419 scripturarum,

401 4460 521 4517 qua:
549 4444 620 4500 ibi
639 4443 863 4514 potestis
888 4442 1174 4512 inspicere,
1207 4448 1261 4494 et
1288 4439 1425 4495 bona
1454 4453 1618 4509 opera
1648 4446 1850 4506 nostra,
1880 4450 1933 4495 et
1955 4443 2067 4512 pias
2102 4442 2392 4507 orationes,
2421 4449 2474 4495 et
2500 4447 2702 4494 rectam
2734 4439 2891 4495 ﬁdem
2928 4440 3077 4497 nullo
3106 4440 3266 4505 modo
3303 4441 3358 4497 in
3387 4442 3546 4507 nobis
3574 4458 3697 4499 esse

400 4537 660 4608 potuisse,
690 4535 792 4591 nisi
818 4534 935 4590 haec
954 4534 1321 4604 acciperemus
1344 4530 1413 4587 ab
1439 4532 1551 4597 illo,
1580 4530 1648 4589 de
1681 4548 1787 4604 quo
1812 4532 1940 4597 dicit
1968 4534 2241 4604 apostolus
2268 4532 2516 4597 Iacobus,
2553 4529 2716 4587 Omne
2743 4532 2918 4587 datum
2952 4534 3215 4604 optimum,
3253 4544 3303 4589 et
3334 4551 3481 4589 omne
3504 4537 3695 4591 donum

403 4628 679 4699 perfectum
702 4627 965 4682 desursum
992 4634 1086 4693 est,
1115 4625 1421 4683 descendem
1441 4640 1473 4677 a
1500 4622 1657 4678 Patre
1679 4625 1924 4680 (minam
1948 4624 2149 4696 (Jacobi
2170 4642 2210 4690 ι,
2247 4626 2370 4696 1·7);
2401 4640 2471 4683 ne
2491 4626 2771 4697 quisquam
2796 4625 2940 4687 dicat
2963 4626 3171 4691 meritis
3195 4643 3416 4698 operum
3445 4622 3690 4698 suorum,

404 4720 492 4775 vel
530 4718 738 4774 meritis
764 4718 1064 4773 orationum
1084 4730 1321 4781 suarum,
1353 4716 1439 4771 vel
1458 4716 1662 4771 meritis
1690 4716 1815 4772 fidei
1834 4732 1967 4785 suae,
1990 4718 2091 4774 sibi
2120 4718 2366 4773 traditam
2396 4718 2488 4773 Dei
2526 4719 2774 4789 gratiam,
2810 4728 2867 4774 et
2914 4728 3123 4789 putetur
3160 4735 3347 4776 verum
3386 4737 3510 4779 esse
3548 4722 3693 4793 quod

406 4813 483 4868 illi
508 4811 968 4878 metant,
994 4810 1235 4882 gratiam.
1255 4808 1357 4873 Dei
1377 4808 1671 4873 secundum
1700 4810 1892 4878 merita
1919 4810 2443 4882 nostradarigquod
2473 4811 2689 4877 omnino
2729 4810 3070 4867 falsissimum
3100 4822 3184 4869 est
3212 4833 3222 4866 :
3256 4830 3363 4870 non
3401 4815 3525 4886 quia
3565 4816 3689 4871 nul-

404 4904 519 4957 lum
540 4912 622 4957 est
646 4902 897 4959 meritum
921 4942 934 4967 ,
963 4900 1047 4969 vel
1076 4900 1273 4956 bonum
1300 4898 1634 4970 piorum,vel
1662 4900 1859 4955 malum
1887 4901 2202 4972 impiorum;
2235 4900 2486 4973 (alioquin
2520 4902 2787 4971 quomodo
2810 4902 3070 4973 judicabit
3092 4905 3229 4959 Deus
3256 4904 3568 4973 mundum?)
3597 4904 3694 4961 sed

404 4996 769 5053 misericordia
797 5003 852 5051 et
877 4994 1045 5065 gratia
1076 4993 1169 5048 Dei
1190 4992 1450 5048 convertit
1472 4992 1763 5060 [hominum
1794 4994 1867 5051 de
1885 5010 1988 5065 qua
2018 4994 2265 5051 Psalmus
2290 4994 2441 5061 dicit,
2471 4991 2610 5057 Deus
2630 5011 2791 5059 meus,
2822 4996 3168 5052 misericordia
3189 4999 3297 5070 ejus
3317 5001 3585 5071 prwoeniet
3613 5016 3696 5055 nte

405 5088 581 5161 (Psal.
610 5103 756 5157 Lvut,
781 5087 894 5157 il);
923 5094 981 5141 ut
999 5085 1319 5157 justificetur
1348 5085 1561 5156 impius,
1594 5085 1694 5141 hoc
1716 5095 1816 5152 est,
1838 5102 1903 5142 ex
1934 5088 2097 5158 impio
2120 5089 2208 5143 fiat
2230 5088 2426 5158 justus,
2459 5096 2514 5142 et
2550 5088 2769 5159 incipiat
2797 5089 2993 5146 habere
3015 5092 3263 5147 meritum
3300 5094 3523 5162 bonum,
3546 5094 3693 5165 quod

406 5185 673 5243 Dominus
690 5181 986 5247 coronabit,
1015 5179 1228 5252 quando
1252 5178 1579 5250 judicabitur
1607 5180 1856 5251 mundus,

476 5280 530 5337 5.
554 5279 712 5335 Multa
735 5285 1026 5347 erantquaa
1050 5274 1202 5330 vobis
1231 5273 1444 5329 mittere
1464 5273 1762 5345 cupiebam,
1790 5274 1982 5345 quibus
2008 5274 2182 5343 lectis,
2213 5284 2377 5345 totam
2417 5277 2585 5350 ipsam
2612 5264 2837 5345 causam,
2865 5293 2984 5359 qua:
3021 5278 3263 5347 conciliis
3295 5278 3693 5351 episcopalle

404 5381 523 5428 acts
551 5379 636 5429 est
653 5370 913 5426 adversus
938 5365 1157 5422 eosdem
1190 5365 1505 5436 Pelagianos
1531 5365 1833 5433 haareticos,
1870 5366 2173 5437 diligentius
2200 5377 2253 5424 et
2284 5368 2491 5438 plenius
2536 5383 2694 5424 nosse
2720 5370 2983 5439 possetis;
3034 5369 3126 5425 sed
3168 5368 3550 5427 festinaverunt
3580 5369 3693 5426 1³η-
3766 5432 3773 5439 ,

404 5472 535 5534 tres,
561 5464 651 5534 qui
677 5478 749 5520 ex
774 5474 1004 5519 numero
1025 5467 1209 5515 vestro
1228 5458 1294 5513 ad
1323 5472 1422 5514 nos
1450 5466 1746 5524 venerunt;
1778 5474 1875 5529 per
1901 5473 2037 5530 quos
2076 5460 2229 5516 vobis
2273 5475 2379 5517 non
2423 5460 2793 5530 rescripsimus
2834 5463 2956 5531 ista,
3001 5462 3099 5523 sed
3131 5464 3463 5536 scripsimus.
3501 5464 3691 5529 Nullas

403 5558 545 5614 enim
572 5555 640 5612 ad
666 5571 767 5613 nos
797 5564 990 5612 vestra:
1018 5551 1307 5609 Charitatis
1330 5552 1536 5607 litteras
1564 5552 1853 5609 attulerunt
1881 5573 1892 5607 :
1924 5562 2102 5613 tamen
2128 5555 2457 5633 suscepimus
2487 5557 2878 5627 eos,.quoniam
2908 5557 3220 5630 simplicitas
3242 5576 3428 5629 eorum
3455 5561 3587 5617 satis
3606 5561 3694 5618 in-

403 5647 634 5712 dicabat,
662 5646 796 5701 nihil
816 5646 936 5701 illos
956 5643 1114 5700 nobis
1140 5643 1379 5715 potuisse
1396 5644 1717 5714 contingere.
1750 5641 2082 5702 Ideoautem
2114 5646 2511 5711 festinaverunt.
2548 5654 2607 5703 ut
2646 5647 2785 5718 apud
2811 5660 3152 5721 vosagerent
3177 5651 3405 5723 Pascha,
3430 5667 3691 5724 quo.“

400 5741 475 5797 sit
498 5740 781 5809 adiuvante
809 5737 1033 5793 Domino
1056 5745 1165 5791 tam
1190 5744 1406 5790 sanctus
1429 5734 1545 5790 dies
1575 5744 1804 5792 vestram
1837 5751 2022 5808 pacem
2048 5753 2206 5809 quam
2238 5737 2628 5795 dissensionem
2651 5741 2829 5812 potius
2854 5741 3113 5800 invenire.

488 5857 540 5917 ᾳ)
572 5854 689 5904 vide
711 5851 966 5917 Epistolam
990 5852 1332 5917 posteriorem,
1354 5864 1401 5898 ιι.
1440 5850 1482 5899 ‘2.

490 5868 519 5904 a
572 5857 689 5904 Vide
711 5857 966 5917 Epistolam
990 5857 1326 5913 posteriorem,
1354 5864 1401 5898 ιι.
1440 5857 1469 5899 2

490 5857 541 5983 ὑὲ
571 5916 777 5981 Epistula
802 5914 908 5977 194,
931 5915 1059 5964 inter
1085 5914 1469 5976 Augustiuianas.

380 6005 389 6015 ο

470 6036 493 6044 Α
