4022 6486
459 459 565 516 879
1354 454 1418 509 IN
1459 456 1710 511 LIBRUM
1750 455 2291 523 SUBSEQUENTEM
2335 454 2712 512 EPISTOLE.
3630 456 3748 511 880

455 570 704 626 infideles
750 569 1021 625 hominum
1059 568 1360 624 voluntates
1403 585 1496 639 per
1535 570 1626 624 Dei
1651 570 1874 640 gratiam
1907 572 1958 623 in
1998 570 2192 624 bonum
2219 583 2379 638 posse
2407 568 2666 624 converti.
2711 565 2817 622 Sed
2856 567 2994 621 hunc
3032 565 3224 622 librum
3262 566 3428 620 sancti
3463 564 3741 636 Cypriani,

455 665 579 736 quia
608 665 856 721 dixerunt
886 663 1045 719 etiam
1081 662 1188 718 illic
1225 661 1365 734 apud
1395 678 1489 718 vos
1517 678 1656 727 esse,
1689 679 1793 717 non
1814 663 2077 717 misimus.
2109 661 2278 715 Meam
2307 676 2520 732 quoque
2549 660 2830 731 epistolam
2856 659 2923 714 ad
2952 659 3158 714 Sixtum
3186 658 3438 712 Romana;
3477 656 3737 712 Ecclesia:

456 753 826 825 presbyterum
861 753 1063 821 datam,
1089 769 1250 824 quam
1271 769 1456 810 secum
1478 754 1545 808 ad
1569 770 1670 809 nos
1703 755 2016 818 attulerunt,
2051 753 2275 824 legimus
2299 768 2421 808 cum
2448 753 2560 817 eis;
2594 762 2649 809 et
2677 751 3007 808 ostendimus
3032 750 3290 806 adversus
3330 766 3426 806 eos
3453 765 3573 807 esse
3610 765 3739 806 con-

452 846 706 916 scriptam
733 847 821 918 qui
854 846 1062 914 dicunt,
1088 848 1315 918 gratiam
1340 849 1433 904 Dei
1462 848 1756 904 secundum
1781 849 1968 904 merita
1993 856 2172 902 nostra
2203 848 2343 916 dari,
2369 849 2473 904 hoc
2492 859 2595 914 est,
2619 847 2874 903 adversus
2899 847 3119 903 eosdem
3148 846 3486 917 Pelagianos.

522 941 576 995 4.
617 940 884 1008 Quantum
915 957 1042 1012 ergo
1071 943 1360 1012 potuimus,
1389 943 1594 1012 egimus
1634 958 1756 998 cum
1805 943 1920 996 istis
1945 953 1998 997 et
2029 942 2222 997 vestris
2243 951 2298 996 et
2325 942 2524 997 nostris
2553 941 2826 1004 fratribus,
2864 950 2922 995 ut
2947 940 3004 995 in
3034 939 3140 995 fide
3163 954 3292 994 sana
3319 937 3580 994 catholica
3608 952 3736 1008 per-

450 1044 701 1090 severent
730 1053 744 1090 :
774 1051 892 1106 quae
916 1051 1094 1106 neque
1116 1035 1342 1091 liberum
1373 1037 1651 1091 arbitrium
1677 1044 1853 1106 negat,
1888 1035 1998 1089 sive
2033 1035 2084 1089 in
2113 1035 2275 1088 vitam
2313 1034 2508 1089 malam
2539 1034 2650 1089 sive
2678 1034 2734 1089 in
2762 1034 2957 1088 bonam
2976 1073 2993 1100 ,
3020 1047 3194 1102 neque
3221 1039 3426 1086 tantum
3447 1031 3494 1086 ei
3528 1030 3733 1094 tribuit,

450 1139 510 1184 ut
538 1130 653 1185 sine
681 1129 850 1200 gratia
876 1129 970 1184 Dei
993 1129 1168 1184 valeat
1194 1129 1415 1200 aliquid,
1442 1130 1555 1185 sive
1579 1139 1637 1184 ut
1666 1145 1730 1184 ex
1762 1130 1904 1184 malo
1938 1138 2284 1183 conversatur
2310 1128 2364 1181 in
2389 1128 2609 1194 bonum,
2647 1127 2765 1183 sive
2795 1136 2853 1182 ut
2888 1127 2938 1180 in
2974 1125 3116 1180 bono
3147 1137 3555 1195 perseveranter
3581 1126 3746 1195 proli-

451 1222 578 1290 ciat,
601 1222 713 1277 sive
742 1230 800 1276 ut
819 1221 888 1276 ab
907 1221 1104 1276 bonum
1129 1223 1514 1292 sempiternum
1539 1222 1834 1292 perveniat,
1864 1221 1953 1275 ubi
1974 1221 2083 1290 jam
2106 1235 2212 1274 non
2247 1220 2430 1275 timeat
2459 1234 2526 1274 ne
2551 1219 2783 1274 deficiat.
2811 1217 2918 1273 Vos
2951 1232 3182 1288 quoque,
3229 1217 3550 1284 cbarissimi,
3579 1218 3739 1272 etiam

407 1349 414 1390 μ
449 1317 508 1371 in
534 1317 634 1370 hac
661 1315 883 1385 epistola
914 1315 1186 1381 exhortor,
1217 1314 1357 1384 quod
1384 1331 1481 1370 nos
1507 1329 1696 1370 omnes
1719 1313 2033 1369 exhortatur
2057 1311 2365 1389 Apostolus,
2395 1328 2497 1366 non
2524 1309 2640 1380 plus
2666 1327 2845 1382 sapere
2862 1351 2877 1375 ,
2909 1326 3060 1380 quam
3084 1317 3281 1380 oportet
3304 1325 3521 1379 sapere;
3551 1309 3639 1364 sed
3663 1325 3747 1363 sa-

407 1419 418 1480 ξ
452 1424 570 1477 pere
596 1407 665 1461 ad
693 1407 1090 1478 temperantiam,
1113 1408 1240 1460 sicut
1266 1408 1533 1474 unicuique
1547 1406 1685 1462 Deus
1716 1408 1928 1477 partitus
1958 1414 2032 1460 est
2053 1421 2336 1460 mensuram
2364 1404 2486 1474 ﬁdei
2513 1403 2689 1476 (Rom.
2721 1420 2814 1470 xtl,
2844 1404 2922 1474 3).

524 1500 579 1554 5.
622 1499 896 1552 Attendite
924 1498 1048 1568 quid
1078 1514 1172 1568 per
1195 1498 1535 1554 Salomonem
1562 1509 1775 1554 moneat
1803 1497 2034 1568 Spiritus
2061 1507 2315 1553 sanctus:
2346 1497 2528 1552 Rectos
2553 1513 2748 1562 cursus,
2795 1497 2986 1566 inquit,
3027 1500 3110 1570 {ac
3131 1496 3339 1568 pedibus
3382 1495 3505 1561 tuis,
3552 1505 3598 1549 et
3637 1495 3741 1549 νία-
3804 1481 3819 1491 ’

454 1601 568 1645 tuas
602 1589 764 1660 dirige
791 1606 811 1644 :
840 1606 904 1644 ne
922 1589 1141 1644 declines
1167 1591 1220 1644 in
1247 1591 1536 1657 dexteram,
1567 1608 1727 1662 neque
1745 1592 1797 1644 in
1818 1591 2112 1658 sinistram;
2142 1600 2308 1645 averte
2335 1600 2503 1644 autem
2525 1591 2699 1661 pedem
2729 1599 2869 1644 tuum
2895 1607 2927 1644 a
2961 1590 3042 1644 via
3071 1591 3227 1644 mala.
3264 1589 3386 1643 Viae
3413 1591 3546 1643 enim
3569 1606 3680 1660 quia
3712 1605 3743 1641 ιι

454 1683 648 1738 dextris
699 1691 837 1749 sunt,
878 1683 1008 1735 novit
1052 1681 1304 1738 Dominus
1333 1699 1351 1736 :
1383 1699 1628 1754 perversa:
1659 1700 1773 1738 vero
1799 1693 1936 1746 sunt,
1967 1698 2081 1753 quae
2117 1699 2146 1734 a
2172 1683 2391 1736 sinistris
2432 1691 2566 1736 sunt.
2617 1681 2740 1754 Ipse
2778 1692 2944 1737 autem
2990 1693 3150 1737 rectos
3176 1683 3326 1754 faciet
3371 1698 3550 1736 cursus
3589 1691 3699 1736 tuos
3724 1724 3739 1747 ,

452 1777 636 1831 itinera
652 1786 821 1831 autem
842 1785 930 1830 tua
958 1777 1009 1830 in
1039 1793 1162 1848 pace
1190 1778 1427 1854 producet
1470 1777 1652 1848 (Prov.
1687 1795 1758 1842 tv,
1789 1777 1880 1842 26,
1916 1777 2026 1848 27).
2058 1776 2114 1831 ln
2141 1776 2226 1831 his
2253 1776 2429 1831 verbis
2448 1785 2646 1832 sanctae
2666 1776 2955 1846 Scriptum
2979 1776 3333 1842 considerate,
3358 1775 3576 1842 fratres,
3611 1777 3728 1846 quia

451 1872 497 1926 si
525 1887 630 1926 non
652 1879 796 1927 esset
824 1872 1047 1926 liberum
1068 1873 1364 1940 arbitrium,
1384 1888 1487 1927 non
1510 1872 1797 1938 diceretur,
1829 1871 2011 1926 Rectos
2031 1888 2208 1926 cursus
2237 1869 2322 1937 [ac
2355 1870 2565 1941 pedibus
2590 1871 2709 1936 tuis,
2738 1881 2784 1923 et
2821 1870 2928 1924 vias
2959 1879 3070 1924 tuas
3091 1869 3287 1940 dirige;
3331 1885 3392 1922 ne
3432 1870 3647 1922 declines
3675 1869 3724 1922 in

452 1965 732 2030 dexteram,
760 1981 917 2036 neque
940 1964 993 2018 in
1017 1963 1277 2018 sinistram
1306 1980 1326 2019 :
1353 1973 1407 2019 et
1428 1974 1605 2020 tamen
1627 1965 1744 2020 sine
1788 1965 1881 2018 Dei
1911 1964 2078 2034 gratia
2109 1964 2154 2018 si
2179 1971 2361 2033 posset
2389 1963 2490 2018 hoc
2512 1962 2646 2030 fieri,
2685 1977 2793 2017 non
2841 1973 3023 2033 postea
3072 1963 3360 2028 diceretur,
3391 1960 3514 2032 Ipse
3563 1973 3730 2016 autem

453 2068 611 2113 rectos
637 2058 786 2128 faciet
804 2074 980 2114 cursus
1000 2067 1132 2126 tuos,
1163 2068 1209 2113 et
1244 2059 1426 2113 itinera
1456 2069 1544 2114 tua
1570 2059 1625 2113 in
1651 2074 1771 2128 pace
1788 2060 2050 2127 producet.
2326 2050 2332 2054 ’

525 2151 580 2207 6.
620 2150 795 2208 Nolite
823 2167 950 2223 ergo
973 2151 1244 2207 declinare
1269 2153 1325 2206 in
1346 2151 1640 2218 dexteram,
1666 2166 1840 2220 neque
1866 2151 1919 2204 in
1947 2150 2248 2214 sinistram;
2281 2151 2524 2220 quamvis
2556 2149 2836 2206 laudentur
2867 2150 2966 2206 viae
3013 2165 3131 2221 quae
3180 2166 3211 2205 a
3254 2150 3452 2206 dextris
3493 2159 3635 2213 sunt,
3680 2156 3741 2204 et

452 2246 819 2316 vituperemur
847 2260 966 2316 quae
996 2253 1121 2300 sunt
1153 2260 1186 2299 a
1205 2243 1458 2299 sinistris.
1491 2243 1603 2299 Hoc
1628 2251 1711 2298 est
1739 2243 1879 2296 enim
1909 2251 2127 2312 propter
2155 2241 2294 2310 quod
2319 2241 2539 2304 addidit,
2568 2243 2748 2296 Averte
2764 2251 2935 2296 autem
2957 2241 3134 2311 pedem
3151 2251 3336 2296 tuuma
3355 2243 3433 2296 via
3461 2241 3614 2302 mala.
3636 2241 3741 2294 hoc

449 2345 554 2404 est,
581 2352 611 2391 a
632 2336 850 2391 sinistra
877 2354 891 2388 :
925 2335 1066 2406 quod
1092 2334 1396 2389 manifestat
1424 2336 1475 2388 in
1505 2333 1976 2404 consequentibus,
2007 2331 2213 2398 dicens,
2244 2330 2365 2386 Vias
2386 2333 2518 2386 enim
2535 2347 2649 2403 qua
2685 2349 2718 2386 a
2753 2332 2944 2387 dextris
2963 2343 3101 2396 sunt,
3131 2334 3264 2387 novit
3304 2331 3548 2386 Dominus
3574 2348 3593 2385 :
3623 2348 3744 2400 per-

450 2443 605 2483 versa:
626 2444 741 2483 vero
774 2435 924 2493 sunt,
962 2442 1076 2494 quo:
1101 2443 1133 2480 a
1159 2426 1379 2481 sinistris
1405 2434 1543 2480 sunt.
1575 2425 1680 2482 Eas
1706 2426 1886 2496 utique
1916 2425 2030 2479 vias
2052 2424 2326 2479 ambulare
2351 2425 2630 2492 debemus,
2663 2440 2796 2496 quas
2842 2426 2990 2480 novit
3033 2426 3318 2490 Dominus;
3356 2425 3424 2480 de
3465 2425 3655 2494 quibus
3687 2424 3741 2477 in

449 2518 658 2589 psalmo
684 2518 894 2588 legitur,
927 2516 1083 2572 Novit
1098 2516 1354 2572 Dominus
1371 2517 1790 2588 viamjustorum,
1816 2525 1863 2570 et
1886 2517 1966 2571 via
1993 2516 2267 2586 impiorum
2298 2516 2476 2587 peribit
2505 2515 2676 2589 (Psal.
2703 2533 2742 2583 ι,
2769 2516 2848 2587 6).
2874 2517 3021 2572 Hanc
3039 2517 3184 2572 enim
3231 2531 3335 2570 non
3375 2516 3522 2570 novit
3571 2515 3746 2569 Domi-

456 2613 656 2679 minus,
687 2610 810 2682 quia
834 2610 1048 2666 sinistra
1069 2619 1152 2666 est
1179 2629 1191 2665 :
1224 2613 1361 2666 sicut
1392 2610 1632 2666 dicturus
1651 2619 1734 2666 est
1759 2611 1918 2666 etiam
1948 2611 2053 2665 illis
2072 2609 2138 2664 ad
2169 2610 2439 2665 sinistram
2476 2611 2798 2676 constitutis,
2833 2610 2956 2665 Non
2983 2611 3098 2665 novi
3123 2626 3209 2664 vos
3230 2609 3444 2682 (Matth.
3487 2624 3609 2673 xxv,
3643 2604 3744 2660 {Si

461 2704 590 2757 Luc.
618 2719 735 2768 xm,
764 2702 878 2775 27).
903 2701 1038 2771 Quid
1061 2711 1144 2759 est
1167 2712 1346 2758 autem
1370 2702 1514 2774 quod
1543 2702 1632 2758 ille
1670 2717 1774 2756 non
1815 2703 1982 2768 novit,
2021 2701 2111 2771 qui
2157 2701 2338 2772 utique
2378 2703 2525 2757 novit
2553 2702 2750 2768 omnia,
2799 2703 2912 2758 sive
2940 2702 3079 2757 bona
3112 2703 3407 2769 hominum,
3440 2702 3550 2757 sive
3577 2699 3749 2755 mala?

450 2795 557 2852 Sed
583 2796 710 2866 quid
739 2805 840 2863 est,
895 2795 1012 2851 Non
1031 2812 1118 2852 vos
1143 2798 1296 2864 novi;
1331 2796 1455 2862 nisi,
1481 2797 1614 2852 tales
1634 2810 1729 2852 vos
1763 2811 1862 2866 ego
1888 2811 1993 2850 non
2025 2794 2166 2850 feci?
2206 2795 2667 2862 Quemadmodum
2711 2795 2863 2863 illud,
2893 2795 3036 2866 quod
3062 2795 3263 2850 dictum
3300 2805 3382 2851 est
3405 2794 3474 2850 de
3504 2795 3619 2866 ipso
3650 2794 3751 2849 Do-

451 2889 598 2944 ntino
628 2888 754 2944 Iesu
778 2887 1013 2957 Christo,
1041 2891 1163 2961 quia
1196 2907 1295 2944 non
1324 2899 1530 2945 noverat
1558 2900 1817 2960 peccatum
1851 2889 1917 2961 (ll
1948 2888 2065 2943 Cor.
2085 2903 2138 2953 v,
2160 2887 2289 2959 Si);
2336 2890 2461 2960 quid
2490 2899 2593 2957 est,
2637 2906 2738 2945 non
2769 2899 2994 2956 noverat,
3039 2890 3161 2954 nisi,
3204 2890 3328 2961 quia
3370 2905 3475 2944 non
3506 2888 3754 2946 fecerat?

450 2983 529 3036 Ac
563 2996 660 3052 per
702 2980 803 3036 hoc
828 2982 968 3052 quod
993 2981 1192 3038 dictum
1232 2992 1334 3047 est,
1377 2981 1496 3037 Vias
1533 2998 1648 3053 qua
1681 2999 1714 3035 a
1742 2981 1931 3036 dextris
1968 2990 2104 3048 sunt,
2151 2981 2284 3035 novit
2316 2980 2584 3047 Dominus,
2615 2983 2882 3053 quomodo
2922 2982 3321 3052 intelligendum
3357 2991 3458 3049 est,
3488 2983 3587 3037 nisi
3627 2985 3751 3053 quia

451 3074 570 3145 ipsc
608 3073 739 3128 fecit
758 3075 868 3127 vias
893 3072 1130 3142 dextras,
1164 3074 1214 3130 id
1235 3084 1338 3143 est,
1365 3075 1478 3130 vias
1504 3074 1791 3145 justorum,
1831 3090 1950 3144 qum
1975 3081 2098 3128 sunt
2121 3073 2302 3144 utique
2331 3088 2492 3144 opera
2531 3075 2667 3130 bona
2689 3117 2705 3143 ,
2739 3091 2852 3146 qua:
2899 3075 3204 3147 praeparavit
3237 3075 3393 3143 Deus,
3448 3077 3586 3132 sicut
3625 3078 3755 3134 dicit

449 3163 762 3238 Apostolus,
789 3173 844 3219 ut
869 3166 922 3220 in
947 3167 1053 3222 illis
1073 3166 1386 3224 ambulemus
1409 3167 1622 3240 (Ephes.
1650 3184 1706 3235 ιι,
1736 3167 1866 3240 10)?
1898 3167 2023 3223 Vias
2046 3176 2222 3222 autem
2252 3168 2494 3222 sinistras
2515 3183 2812 3239 perversas,
2844 3169 2896 3224 id
2925 3169 3169 3237 est,vias
3191 3168 3493 3240 impiorum,
3523 3187 3628 3226 non
3651 3174 3755 3228 uti“

451 3279 560 3334 que
589 3265 754 3332 novit,
785 3265 908 3335 quia
952 3278 1058 3318 non
1085 3277 1177 3318 eas
1219 3262 1335 3332 ipse
1362 3260 1488 3317 fecit
1506 3259 1730 3328 homini,
1759 3260 1854 3317 sed
1877 3260 2037 3316 homo
2060 3262 2162 3318 sibi
2187 3279 2201 3317 :
2226 3272 2444 3334 propter
2463 3261 2605 3334 quod
2625 3261 2775 3332 dicit,
2807 3261 2959 3318 0divi
3004 3276 3172 3322 autem
3217 3284 3309 3340 ego
3344 3284 3605 3339 perversos
3647 3268 3755 3322 vias

455 3359 730 3428 malorum,
753 3360 877 3431 ipsa:
893 3368 1012 3414 sunt
1031 3375 1061 3412 a
1081 3357 1316 3412 sinistris.

520 3458 578 3512 'l.
618 3457 724 3513 Sed
754 3456 1108 3527 respondetur
1134 3454 1290 3510 nobis
1308 3495 1322 3519 ,
1348 3452 1456 3508 Cur
1482 3467 1610 3524 ergo
1637 3451 1792 3518 dixit,
1827 3451 1913 3507 Ne
1943 3452 2162 3507 declines
2188 3452 2243 3506 in
2268 3452 2548 3519 dexteram,
2585 3465 2742 3524 neque
2779 3453 2831 3507 in
2859 3453 3150 3522 sinistram;
3179 3471 3300 3512 cum
3339 3456 3518 3527 potius
3567 3456 3753 3514 dicere

453 3550 707 3607 debuisse
727 3551 988 3616 videatur,
1016 3551 1165 3606 Tene
1189 3549 1486 3614 dexteram,
1515 3556 1571 3603 et
1597 3561 1667 3603 ne
1690 3547 1928 3603 declines
1953 3547 2007 3601 in
2035 3547 2342 3612 sinistram;
2370 3546 2416 3601 si
2443 3545 2601 3602 bonae
2629 3556 2753 3602 sunt
2781 3548 2880 3605 viae
2915 3565 3034 3621 quae
3075 3567 3105 3605 a
3149 3551 3350 3608 dextris
3403 3563 3523 3608 sunt
3548 3555 3572 3608 ?
3621 3552 3752 3622 Cur,

451 3653 723 3716 putamus,
773 3643 878 3699 nisi
923 3644 1043 3714 quia
1073 3643 1144 3697 ita
1169 3645 1270 3697 via:
1304 3649 1431 3696 sunt
1450 3641 1602 3695 bona:
1626 3655 1746 3711 qua:
1777 3655 1806 3694 a
1835 3641 2040 3695 dextris
2074 3649 2218 3706 sunt,
2251 3651 2308 3695 ut
2338 3641 2394 3695 in
2427 3639 2700 3696 dexteram
2735 3651 2909 3697 tamen
2950 3644 3221 3702 declinare
3250 3663 3356 3702 non
3385 3649 3456 3702 sit
3503 3647 3754 3703 bonum?

450 3735 733 3791 Declinare
760 3736 956 3805 quippe
995 3735 1083 3788 ille
1112 3742 1194 3788 est
1215 3727 1600 3802 intelligendus
1633 3731 1688 3786 in
1731 3730 2028 3796 dexteram,
2063 3731 2153 3801 qui
2193 3731 2330 3787 bona
2357 3732 2470 3802 ipsa
2495 3747 2656 3803 opera
2683 3749 2803 3803 quae
2830 3734 2894 3790 ad
2917 3735 3029 3791 vias
3056 3737 3302 3794 dexteras
3332 3741 3616 3809 pertinent,
3648 3741 3751 3795 sibi

450 3829 566 3883 vult
587 3827 883 3898 assignare,
912 3841 1018 3880 non
1049 3825 1177 3880 Deo.
1198 3825 1267 3880 Et
1291 3823 1413 3878 ideo
1434 3837 1556 3878 cum
1582 3822 1823 3888 dixisset,
1867 3821 1988 3876 Vias
2007 3823 2139 3877 enim
2178 3839 2291 3894 qua:
2314 3840 2345 3876 a
2373 3824 2565 3879 dextris
2595 3835 2712 3880 sunt
2738 3827 2873 3881 novit
2894 3825 3162 3898 Dominus,
3185 3846 3430 3900 perversae
3446 3841 3612 3884 autem
3629 3840 3753 3884 sunt

450 3933 566 3989 qua
583 3934 616 3971 a
636 3916 854 3972 sinistris
872 3925 1032 3982 sunt;
1056 3923 1305 3985 tanquam
1333 3913 1603 3970 diceretur
1621 3912 1672 3969 ei
1689 3954 1705 3981 ,
1729 3912 2012 3981 Quomodo
2034 3929 2162 3986 ergo
2190 3930 2297 3970 non
2335 3915 2415 3971 vis
2441 3926 2503 3971 ut
2525 3915 2854 3974 declinemus
2880 3919 2945 3975 ad
2973 3919 3289 3977 dexteram?
3309 3933 3518 3979 secutus
3550 3923 3750 3994 adjun-

451 4011 550 4074 xit,
575 4010 698 4081 Ipse
717 4018 885 4064 autem
915 4017 1078 4063 rectos
1107 4006 1257 4079 faciet
1277 4021 1450 4060 cursus
1471 4013 1616 4072 tuos;
1641 4006 1827 4060 itinera
1851 4015 2022 4061 autem
2057 4017 2144 4061 tua
2169 4007 2225 4061 in
2254 4023 2378 4076 pace
2407 4008 2664 4079 producet.
2692 4009 2780 4064 Sic
2809 4025 2936 4082 ergo
2976 4011 3207 4083 intellige
3237 4014 3376 4084 quod
3413 4015 3503 4070 tibi
3531 4031 3741 4084 prascc-

453 4109 603 4171 ptum
639 4108 740 4166 est,
773 4097 958 4153 Rectos
998 4113 1177 4184 cursus
1205 4099 1289 4170 fac
1315 4095 1522 4168 pedibus
1551 4097 1671 4163 tuis,
1700 4105 1746 4151 et
1773 4098 1880 4151 vias
1913 4106 2025 4152 tuas
2051 4099 2232 4169 dirige,
2259 4107 2319 4153 ut
2336 4101 2568 4167 noveris,
2601 4115 2721 4155 cum
2750 4101 2852 4157 hoc
2873 4104 3021 4169 facis,
3051 4120 3080 4158 a
3109 4105 3332 4161 Domino
3359 4108 3468 4162 Deo
3497 4107 3586 4161 tibi
3613 4123 3751 4177 pras-

453 4191 588 4248 stari
612 4199 670 4246 ut
694 4191 800 4247 hoc
827 4189 1026 4257 facias;
1054 4196 1110 4245 et
1139 4204 1241 4244 non
1267 4187 1561 4244 declinabis
1588 4188 1655 4242 ad
1673 4188 1970 4254 dexteram,
1999 4189 2243 4259 quamvis
2273 4189 2513 4245 ambules
2549 4190 2600 4244 in
2627 4192 2726 4245 viis
2755 4191 2978 4262 dextris,
3013 4210 3120 4250 non
3160 4195 3433 4252 conlidens
3469 4197 3525 4251 in
3553 4199 3750 4254 virtute

452 4293 543 4339 tua
571 4301 586 4340 :
617 4291 672 4338 et
694 4284 807 4354 ipse
827 4281 929 4337 erit
950 4281 1121 4337 virtus
1146 4289 1255 4346 tua,
1287 4279 1376 4350 qui
1402 4288 1560 4334 rectos
1587 4280 1736 4353 faciet
1756 4296 1932 4335 cursus
1949 4289 2082 4347 tuos,
2106 4289 2153 4334 et
2182 4281 2368 4336 itinera
2398 4291 2484 4335 tua
2503 4283 2554 4337 in
2579 4299 2700 4352 pace
2729 4285 2994 4356 producet.

528 4377 582 4433 8.
622 4376 981 4446 QuaprOpter,
1000 4373 1353 4440 dilectissimi,
1383 4375 1701 4444 quicumque
1725 4372 1873 4440 dicit,
1901 4373 2160 4428 Voluntas
2189 4383 2306 4429 mea
2328 4373 2457 4430 mihi
2483 4375 2675 4431 sufficit
2699 4377 2762 4431 ad
2791 4376 3027 4434 facienda
3053 4394 3213 4452 Opera
3249 4382 3407 4448 bona,
3431 4382 3666 4439 declinat
3695 4384 3750 4440 in

451 4468 747 4526 dexteram.
797 4467 900 4524 Sed
931 4481 1116 4522 rursus
1145 4466 1253 4533 illi,
1285 4465 1374 4535 qui
1406 4473 1593 4535 putant
1616 4465 1812 4519 bonam
1839 4465 2002 4519 vitam
2029 4480 2149 4521 esse
2173 4466 2545 4536 deserendam,
2577 4469 2790 4540 quando
2819 4472 3040 4527 audiunt
3069 4473 3145 4527 sic
3177 4473 3267 4530 Dei
3295 4477 3520 4545 gratiam
3553 4479 3746 4548 praedi-

452 4563 586 4628 cari,
641 4572 697 4618 ut
745 4560 996 4617 credatur
1031 4567 1086 4615 et
1135 4559 1464 4628 intelligatur
1488 4558 1792 4614 voluntates
1819 4559 2091 4615 hominum
2122 4560 2234 4630 ipsa
2266 4577 2331 4617 ex
2362 4563 2514 4618 malis
2538 4563 2704 4620 bonas
2733 4566 2926 4634 facere,
2958 4569 3068 4638 ipsa
3093 4570 3250 4624 etiam
3279 4587 3410 4641 quas
3435 4575 3626 4628 fecerit
3653 4591 3748 4630 cu-

382 4717 390 4722 _
453 4657 675 4721 stodire,
707 4665 760 4710 et
788 4667 1067 4725 pr0pterea
1098 4653 1304 4719 dicunt,
1328 4651 1603 4707 Faciamus
1621 4652 1776 4728 malli,
1809 4663 1864 4706 ut
1885 4653 2084 4706 veniant
2109 4653 2239 4707 bona
2266 4654 2442 4724 (Rom.
2473 4673 2549 4723 Ill,
2595 4657 2691 4724 8);
2730 4657 2782 4711 in
2811 4659 3077 4714 sinistram
3110 4659 3399 4718 declinant.
3437 4663 3564 4720 ldeo
3600 4667 3750 4721 vobis

457 4749 612 4813 dixit,
640 4747 761 4802 Non
787 4748 1046 4802 declinetis
1071 4747 1122 4799 in
1145 4746 1421 4808 dexteram,
1446 4761 1604 4815 neque
1622 4745 1677 4798 in
1699 4745 1974 4809 sinistram,
2006 4745 2108 4800 hoc
2135 4755 2232 4811 est,
2261 4761 2365 4801 non
2398 4747 2474 4802 sic
2502 4747 2796 4804 defendatis
2827 4750 3050 4806 liberum
3098 4753 3373 4809 arbitrium
3402 4799 3416 4821 ,
3442 4766 3497 4811 ut
3523 4759 3572 4813 ei
3613 4759 3745 4815 bona

456 4856 618 4911 opera
644 4842 760 4894 sine
779 4840 870 4895 Dei
901 4839 1068 4908 gratia
1099 4837 1379 4903 tribuatis;
1410 4851 1509 4891 nec
1536 4836 1614 4891 sic
1649 4835 1942 4890 defendatis
1969 4837 2212 4906 gratiam,
2240 4847 2298 4892 ut
2323 4840 2473 4908 quasi
2501 4839 2566 4894 de
2605 4840 2690 4895 illa
2712 4844 2906 4908 securi,
2939 4843 3074 4897 mala
3108 4861 3267 4914 opera
3296 4845 3529 4918 diligatis
3563 4865 3744 4922 :quon

455 4933 570 5001 ipsa
595 4932 765 5002 gratia
798 4931 889 4986 Dei
918 4939 1122 4985 avertat
1149 4946 1178 4984 a
1209 4929 1383 4983 vobis.
1412 4929 1621 4984 Talium
1643 4931 1839 4999 quippe
1868 4931 2028 4985 verba
2071 4929 2170 4984 sibi
2198 4947 2499 5001 proponens
2529 4934 2814 5003 Apostolus
2840 4977 2856 5004 ,
2887 4935 2961 4989 ait
2991 4954 3005 4990 :
3036 4937 3171 5003 Quid
3199 4954 3317 5010 ergo
3343 4941 3568 4996 dicemus
3586 4944 3612 4997 ?
3641 4962 3728 5010 per

455 5023 764 5078 manebimus
790 5023 841 5076 in
863 5033 1086 5091 peccato,
1117 5032 1173 5074 ut
1201 5022 1368 5092 gratia
1392 5021 1658 5074 abundet?
1689 5024 1860 5092 Atque
1895 5021 1978 5076 bis
2003 5021 2182 5077 verbis
2214 5021 2487 5079 hominum
2525 5027 2818 5081 errantium
2844 5038 2898 5082 et
2927 5028 3018 5082 Dei
3046 5031 3267 5100 gratiam
3298 5047 3404 5086 non
3437 5033 3748 5106 intelligeno
3797 5038 3802 5040 ⁷

459 5116 590 5171 tium
621 5115 900 5184 respondit
927 5123 982 5167 ut
1005 5114 1208 5181 debuit,
1236 5113 1420 5168 dicens
1443 5131 1456 5166 :
1479 5113 1637 5167 Absit.
1666 5113 1726 5169 Si
1751 5115 1883 5168 enim
1911 5115 2094 5168 mortui
2119 5131 2293 5170 sumus
2315 5126 2536 5186 peccato,
2565 5121 2812 5188 quomodo
2847 5120 3078 5174 vivemus
3103 5121 3158 5175 in
3188 5139 3246 5176 eo
3292 5121 3403 5192 (Id.
3431 5139 3507 5194 νι,
3557 5127 3613 5195 1,
3657 5127 3750 5197 2)?

458 5208 598 5264 Nihil
622 5208 791 5279 potuit
811 5207 916 5261 dici
937 5206 1150 5260 brevius
1171 5214 1224 5261 et
1245 5206 1454 5261 melius.
1483 5206 1619 5272 Quid
1646 5206 1788 5261 enim
1808 5208 1960 5263 nobis
1985 5199 2152 5278 gratia
2178 5206 2276 5264 Dei
2305 5209 2482 5264 utilius
2511 5211 2716 5266 confert
2739 5214 2790 5266 in
2819 5211 2924 5268 hoc
2953 5216 3200 5283 praesenti
3231 5217 3428 5273 saeculo
3472 5221 3746 5292 maligno;

455 5302 636 5358 nisiut
665 5302 956 5356 moriamur
980 5300 1232 5370 peccato?
1270 5299 1349 5354 Ac
1379 5315 1472 5370 per
1492 5299 1594 5355 hoc
1625 5301 1725 5371 ipsi
1753 5301 1937 5372 gratiae
1978 5301 2245 5356 invenitur
2275 5301 2533 5372 ingratus,
2557 5306 2645 5376 qui
2678 5317 2893 5377 pr0ptcr
2919 5307 3063 5364 illam
3085 5310 3200 5364 vult
3227 5311 3406 5368 vivere
3427 5313 3478 5368 in
3503 5325 3744 5383 peccato,
3845 5335 3852 5344 ι

455 5412 552 5466 per
576 5411 736 5468 quam
765 5396 1024 5450 morimur
1049 5402 1288 5464 peccato.
1315 5394 1458 5449 Deus
1480 5404 1655 5448 autem
1683 5395 1771 5464 qui
1800 5394 1948 5449 dives
1974 5401 2060 5449 est
2093 5393 2145 5446 in
2174 5394 2535 5451 misericordia
2555 5437 2569 5461 ,
2597 5397 2688 5453 det
2707 5399 2859 5454 vobis
2885 5409 2939 5456 et
2964 5417 3153 5458 sanum
3183 5419 3391 5474 sapere,
3417 5415 3472 5462 et
3494 5423 3666 5480 usque
3695 5409 3743 5463 in

455 5488 616 5544 linem
643 5487 984 5560 proﬁcienter
1012 5487 1065 5541 in
1093 5486 1234 5541 bono
1263 5486 1537 5557 proposito
1557 5502 1888 5558 permanere.
1924 5485 2037 5541 Hoc
2063 5499 2159 5555 pro
2185 5487 2357 5557 vobis,
2400 5489 2500 5543 hoc
2537 5504 2634 5560 pro
2658 5493 2834 5562 nobis,
2864 5495 2964 5551 hoc
3001 5512 3097 5568 pro
3135 5498 3384 5555 omnibus
3417 5501 3506 5572 qui
3537 5518 3636 5558 vos
3661 5503 3740 5557 di-

458 5578 648 5650 ligunt,
670 5589 726 5636 et
751 5580 952 5651 pro'eis
979 5579 1070 5650 qui
1095 5593 1193 5632 vos
1221 5579 1467 5644 oderunt,
1497 5579 1755 5634 instanter
1775 5579 1826 5634 in
1858 5593 1990 5650 pace
2013 5573 2244 5634 fraterna
2269 5589 2323 5637 et
2346 5580 2625 5652 vigilanter
2650 5594 2818 5643 orate.
2844 5588 2953 5646 Deo
2992 5590 3199 5648 vivatis.
3242 5591 3298 5649 Si
3322 5590 3450 5664 quid
3481 5592 3551 5652 de
3595 5595 3741 5653 vobis

464 5688 697 5746 mereor,
727 5673 907 5731 veniat
933 5672 1001 5730 ad
1027 5687 1114 5730 me
1136 5671 1304 5728 frater
1333 5673 1546 5728 Florus.
