4022 6464
2649 285 2654 294 ι

1571 336 1860 345 .._.-—--...._.-

202 372 205 374 -
279 369 3540 377 -ῤ-Ὑνήξᾘο

907 480 1054 595 S-
1135 477 1895 593 AUBELII
1985 453 2976 589 AUGUSTINI

1473 665 1986 729 HJPPONENSIS
2040 665 2391 729 EPISCOPI

375 951 1151 1108 GRATIA
1268 949 1514 1091 ET
1635 806 2388 1091 LIDERO
2501 844 3556 1089 ARBITRIO'

1046 1177 1154 1240 AD
1194 1171 1723 1239 VALENTINUM
1761 1172 1866 1233 ET
1911 1169 2076 1234 CUM
2119 1169 2308 1232 ILLO
2348 1171 2788 1236 MONACHOS

1596 1313 1873 1406 “fiber
1919 1294 2296 1406 nanda).

1733 1485 2138 1523 m—

256 1566 258 1568 ’
346 1603 495 1646 Docet
517 1593 787 1645 (mendum
811 1605 942 1652 esse,
964 1604 1032 1642 ne
1053 1588 1136 1641 vel
1155 1590 1520 1655 gratiagnegato
1540 1586 1702 1637 libero
1725 1587 1942 1655 arbitrio,
1970 1587 2052 1637 vel
2076 1595 2256 1655 negata

2278 1591 2433 1662 gratia
2453 1589 2935 1662 liberumarbitriutn
2966 1591 3289 1662 defendatur:
3316 1591 3581 1662 namlibeg

285 1673 390 1708 rum
416 1657 677 1708 voluntatis
697 1650 949 1706 arbitrium
967 1656 1132 1718 inesse
1151 1650 1676 1718 liomini,o_onstare__es
1695 1650 2043 1718 Scripturarum
2066 1650 2379 1710 testimoniis;
2404 1653 2469 1702 de
2494 1655 2596 1718 ipsa
2616 1655 2762 1703 etiam
2778 1657 2933 1716 gratia
2955 1657 3059 1714 Dei,
3079 1657 3188 1704 sine
3210 1667 3307 1718 qua
3328 1654 3448 1705 nihil
3469 1657 3586 1708 boni

285 1733 436 1783 agere
462 1732 735 1783 possumus,
761 1719 869 1783 data
895 1729 1006 1783 esse
1029 1717 1077 1764 in
1104 1715 1275 1783 iisdem
1297 1713 1551 1783 scripturis
1571 1711 1732 1760 divina
1754 1711 2059 1783 documenta.
2076 1721 2257 1783 yostea
2279 1722 2444 1783 contra
2464 1711 2744 1783 Pelagianos
2767 1711 2936 1783 probat
2973 1711 3173 1780 gratiam
3199 1711 3293 1766 non
3315 1719 3586 1783 secundum

286 1774 474 1832 merita"
487 1790 649 1831 nostra
672 1774 792 1830 dari.
818 1780 1028 1842 Explicat
1047 1776 1290 1840 quomodo
1304 1776 1400 1824 vita
1425 1781 1626 1842 aeterna,
1651 1786 1770 1842 quae
1785 1774 1925 1822 bonis
1948 1776 2441 1842 Operibusredditur,
2467 1774 2600 1826 vere'
2610 1782 2672 1828 sit
2695 1774 2864 1842 gratia.
2890 1774 3008 1828 him
3048 1794 3167 1829 vero
3191 1787 3424 1829 monstrat
3455 1780 3586 1842 quod

287 1858 448 1908 neque
473 1844 677 1914 scientia
703 1843 844 1914 legis,
873 1835 1035 1914 neque
1060 1835 1244 1914 natura,
1264 1851 1436 1914 Διιρίιιιᾳ
1460 1835 1805 1914 sola_rciiiissio
1829 1844 2133 1914 peccamrum
2150 1839 2221 1914 lsit
2250 1836 2332 1886 illa
2356 1842 2510 1900 gratia
2536 1854 2647 1903 quae
2673 1835 2760 1914 piar
2778 1847 2944 1912 .Jesum
2965 1842 3200 1890 (:hristum
3223 1835 3587 1914 οοηιίηιισίροτ
3629 1843 3640 1852 '

285 1897 434 1955 struin
468 1906 630 1963 datur,
654 1905 740 1953 sed
753 1897 867 1969 ipsa
890 1897 1044 1966 gratia
1069 1902 1206 1969 faciat
1227 1907 1283 1969 ut
1307 1897 1388 1948 Ic};
1416 1897 1770 1969 impleaturaut
1795 1904 1963 1946 natura
1989 1897 2628 1969 liberetur,_uc_peccatum
2663 1897 2954 1969 dominetur.
2983 1911 3230 1969 Eripugnnt
3258 1916 3432 1969 vanum
3465 1901 3587 1969 illud

288 1961 653 2029 Pelagianorum
679 1961 972 2029 periugiuin,
995 1977 1094 2026 quo
1115 1963 1297 2020 dicunt,
1317 1979 1358 2029 ’ᾳ
1381 1962 1600 2029 gratiam,
1621 1961 1829 2029 etsignon
1852 1961 2318 2029 secunduminerita
2337 1962 2571 2029 bonorum
2593 1977 2798 2026 operum
2816 1962 2979 2029 detur,
3005 1961 3167 2014 taine'n
3189 1967 3293 2029 dari
3318 1966 3588 2029 secundum

294 2049 315 2076 ι
338 2021 513 2078 merita
539 2021 689 2092 bona!
704 2021 980 2092 voluntatis,
1005 2021 1115 2088 quae
1142 2021 1403 2087 praecedit;
1414 2021 1663 2092 credentis
1687 2027 1739 2092 et
1776 2022 1974 2092 orantis.
1997 2039 2018 2066 ι
2049 2022 2218 2072 Incidit
2239 2024 2289 2072 iu
2311 2021 2653 2092 quaestionem,
2677 2039 2764 2074 cur
2788 2034 2917 2092 Deus
2933 2021 3085 2092 jubet
3097 2027 3229 2092 quod
3263 2029 3371 2092 ipse
3389 2027 3591 2076 daturus

289 2099 393 2152 est;
422 2100 473 2140 et
497 2104 561 2140 an
581 2091 752 2152 jubeat
774 2088 934 2152 aliqua
956 2084 1066 2150 quae
1091 2084 1187 2152 non
1213 2097 1482 2152 possumus.
1507 2084 1812 2152 gharitatcm,
1837 2084 1945 2131 sine
1968 2098 2062 2152 qua
2089 2084 2343 2152 praecepta
2357 2102 2452 2136 non
2469 2087 2751 2152 implentur,
2787 2101 2880 2137 non
2905 2084 2953 2136 in
2979 2084 3130 2138 nobis
3143 2090 3233 2152 nisi
3259 2084 3323 2139 ex
3361 2091 3466 2152 ipso
3491 2097 3590 2152 Deo

291 2144 402 2202 esse
419 2144 684 2204 convincit.
709 2144 941 2214 Ostendit_
951 2144 1145 2214 operari
1165 2144 1318 2214 Deum
1336 2149 1404 2214 _in
1420 2146 1646 2214 cordibus
1667 2144 1932 2214 hominum
1947 2144 2322 2214 adincIinnndas
2346 2162 2517 2214 eorum
2528 2144 2804 2214 voluntates
2823 2164 3130 2214 quocumque
3156 2144 3392 2214 voluerit,
3405 2151 3509 2200 sive
3533 2150 3591 2200 ad

288 2216 410 2265 bona
438 2228 530 2277 pro
551 2228 640 2279 sua
662 2207 1010 2279 misericordia,
1043 2212 1149 2279 sive
1172 2211 1232 2260 ad
1254 2209 1378 2279 mala
1405 2222 1492 2272 pro
1517 2207 1706 2279 meritis
1722 2220 1911 2279 eorum,
1939 2208 2121 2279 judicio
2144 2211 2313 2273 utique
2337 2225 2426 2261 suo
2461 2211 2718 2279 aliquando
2739 2207 2928 2279 aperto,
2951 2207 3438 2279 aliquandoocculto,
3456 2225 3591 2279 sem-

289 2291 374 2339 per
400 2269 568 2326 ta'men
586 2277 735 2339 justo.
761 2275 973 2339 Tandem
991 2269 1214 2339 gratuita:
1232 2269 1521 2339 gratiae'nec
1543 2269 1730 2317 meritis
1750 2269 1956 2339 reddita:
1981 2269 2280 2321 luculentum
2311 2269 2593 2336 exempluin
2615 2269 2884 2337 suppetere
2907 2269 2956 2324 in
2979 2269 3048 2324 iis'
3060 2275 3273 2338 parvulis
3292 2276 3378 2338 qui
3399 2269 3592 2324 salvan-

290 2334 382 2398 'tur,
417 2340 539 2388 dum
559 2334 642 2388 alii
665 2350 808 2386 unam
829 2351 940 2386 etim
962 2334 1080 2399 ipsis
1100 2347 1292 2385 musam
1314 2334 1556 2382 habentes
1579 2337 1804 2394 pereunt.

358 2442 590 2498 CAPUT
632 2442 915 2499 PRIMUM.
943 2442 1087 2496 —l.
1135 2440 1360 2508 Propter
1395 2452 1489 2493 eos
1534 2437 1623 2506 qui
1666 2435 1896 2490 hominis

293 2535 522 2589 liberum
566 2534 842 2589 arbitrium
889 2533 967 2588 sic
1015 2531 1308 2602 praedicant
1356 2519 1412 2584 et
1455 2527 1790 2592 defendunt,
1841 2534 1896 2581 ut

296 2626 384 2680 Dei
416 2626 648 2694 gratiam
678 2640 779 2694 qua
809 2639 1066 2678 vocamur
1095 2621 1161 2677 ad
1191 2636 1313 2675 eum
1344 2629 1400 2674 et
1443 2634 1473 2671 a
1517 2618 1716 2672 nostris
1742 2616 1898 2671 malis

296 2716 502 2770 meritis
531 2715 821 2770 liberamur
844 2754 860 2781 ,
893 2723 947 2769 et
975 2729 1071 2784 per
1095 2726 1254 2783 quam
1286 2711 1425 2765 bona
1456 2709 1647 2764 merita
1677 2723 1897 2778 compa-

297 2824 477 2863 ramus
505 2808 698 2876 quibus
735 2807 802 2862 ad
848 2807 1011 2861 vitam
1061 2805 1436 2876 perveniamus
1480 2812 1734 2856 aeternam
1759 2841 1775 2868 ,
1807 2815 1901 2855 ne-

297 2916 422 2972 gare
446 2900 681 2955 audeant
709 2909 764 2954 et
788 2909 1052 2956 conentur
1077 2898 1287 2953 auferre
1311 2939 1326 2962 ,
1375 2896 1538 2950 multa
1575 2895 1685 2964 jam
1725 2893 1899 2949 disse-

299 2995 548 3058 ruimus,
608 2993 908 3063 litterisque
964 2991 1374 3055 mandavimus,
1433 2997 1690 3060 quantum
1749 2988 1902 3042 nobis

302 3089 564 3143 Dominus
592 3087 794 3142 donare
825 3088 1072 3157 dignatus
1101 3094 1202 3140 est.
1227 3084 1334 3140 Sed
1357 3085 1607 3155 quoniam
1635 3090 1762 3139 sunt
1786 3083 1904 3152 qui-

302 3181 420 3237 dam
448 3225 462 3248 ,
498 3181 589 3252 qui
613 3183 690 3236 sic
709 3182 932 3252 gratiam
959 3181 1053 3236 Dei
1075 3179 1397 3244 defendunt,
1431 3188 1487 3233 nt
1509 3186 1704 3249 negent
1731 3177 1904 3232 homi-

303 3273 385 3328 nis
416 3273 644 3326 liberum
674 3271 988 3336 arbitrium;
1018 3281 1109 3325 aut
1134 3270 1345 3340 quando
1371 3272 1538 3340 gratia
1566 3269 1900 3331 defenditur,

302 3367 489 3436 negari
534 3365 841 3418 existiment
887 3365 1111 3420 liberum
1159 3363 1474 3427 arbitrium;
1528 3362 1650 3415 hinc
1703 3360 1903 3432 aliquid

299 3459 545 3514 scribere
584 3457 649 3512 ad
694 3468 924 3512 vestram
963 3457 1328 3521 Charitatem,
1380 3455 1658 3510 Valentino
1701 3455 1902 3521 frater,

300 3560 352 3604 et
379 3549 565 3604 caeteri
597 3550 684 3619 qui
717 3550 873 3603 simul
906 3549 1016 3602 Dco
1045 3548 1261 3602 servitis
1284 3590 1298 3613 ,
1337 3548 1694 3617 compellenle
1722 3555 1904 3602 mutua

301 3641 571 3696 charitate
600 3642 798 3696 curavi.
830 3639 1140 3694 Nuntiatum
1169 3649 1252 3694 est
1281 3640 1425 3695 enim
1456 3640 1586 3694 mihi
1617 3640 1698 3696 de.
1719 3640 1868 3694 vobis
1887 3681 1903 3707 ,

305 3736 539 3799 fratres,
594 3733 661 3787 ab
711 3733 977 3803 aliquibus
1023 3733 1112 3802 qui
1162 3733 1214 3787 in
1259 3744 1436 3788 vestra
1486 3734 1906 3804 congregatione

303 3833 430 3878 sunt
458 3865 470 3886 ,
499 3833 552 3878 et
579 3823 644 3877 ad
674 3838 771 3877 nos
802 3823 925 3879 inde
951 3832 1213 3879 venerunt
1239 3864 1254 3890 ,
1287 3839 1383 3893 per
1407 3839 1544 3895 quos
1584 3833 1640 3880 et
1682 3824 1782 3878 ista
1821 3823 1906 3878 di-

309 3919 553 3973 reximus
578 3959 591 3982 ,
622 3918 761 3986 quod
791 3918 858 3971 de
891 3919 989 3972 hac
1016 3933 1075 3972 re
1119 3918 1483 3974 dissensiones
1520 3919 1569 3972 in
1603 3919 1752 3973 vobis
1777 3919 1904 3972 sint.

307 4009 532 4078 Itaque,
564 4006 933 4073 dilectissimi,
993 4023 1060 4063 ne
1093 4025 1184 4063 vos
1231 4009 1509 4079 perturbet
1553 4009 1710 4079 hujus
1757 4025 1907 4078 qua:-

308 4099 504 4156 stionis
532 4098 853 4165 obscuritas,
887 4115 1080 4154 moneo
1109 4115 1202 4154 vos
1231 4102 1485 4172 primum,
1517 4113 1573 4155 ut
1603 4101 1670 4155 de
1697 4101 1761 4155 iis
1786 4116 1908 4172 quae

308 4191 611 4260 intelligitis
634 4235 647 4258 ,
682 4194 849 4262 agatis
885 4191 1000 4247 Deo
1035 4193 1272 4263 gratias:
1316 4193 1571 4264 quidquid
1613 4203 1695 4248 est
1731 4205 1908 4248 autem

308 4301 417 4357 quo
449 4285 729 4354 pervenire
757 4285 990 4339 nondum
1017 4295 1190 4354 potest
1211 4297 1403 4341 vestra:
1429 4288 1622 4342 mentis
1650 4288 1872 4342 intentio
1891 4330 1906 4356 ,

311 4391 502 4447 pacem
532 4377 670 4430 inter
703 4391 798 4430 vos
842 4387 895 4432 et
932 4377 1244 4432 charitatcm
1284 4388 1559 4433 servantes
1583 4421 1598 4446 ,
1628 4395 1656 4433 a
1686 4380 1910 4434 Domino

311 4481 371 4526 ut
401 4469 707 4540 iutelligatis
737 4479 922 4534 orate;
951 4480 1005 4525 et
1043 4470 1214 4526 donec
1252 4486 1350 4526 vos
1387 4471 1500 4543 ipsc
1546 4472 1801 4542 perducat
1843 4473 1908 4527 ad

313 4579 375 4620 ea
409 4579 529 4633 qua:
559 4561 792 4616 nondum
828 4562 1119 4632 intelligitis
1144 4604 1158 4627 ,
1191 4563 1263 4618 ibi
1291 4564 1562 4619 ambulate
1588 4581 1692 4634 quo
1720 4582 1910 4638 pervc-

317 4657 437 4710 nire
466 4654 734 4724 potuistis.
782 4653 896 4708 Hoc
939 4654 1191 4709 admonet
1239 4656 1512 4724 apostolus
1556 4656 1790 4722 Paulus,
1821 4660 1911 4728 qui

315 4762 439 4802 cum
466 4745 687 4805 dixisset
718 4744 952 4798 nondum
985 4759 1044 4799 se
1072 4759 1192 4800 esse
1223 4746 1514 4815 perfectum
1541 4787 1556 4812 ,
1603 4747 1761 4815 paulo
1795 4758 1912 4817 post

314 4840 388 4894 ait
414 4883 428 4904 ,
465 4839 715 4908 Quotquot
743 4853 861 4908 ergo
887 4837 1094 4908 perfecti
1118 4838 1212 4890 hoc
1239 4839 1499 4907 sapiamus
1521 4855 1541 4904 ;
1587 4837 1638 4893 id
1672 4848 1756 4894 est
1781 4880 1795 4903 ,
1841 4840 1911 4894 ita

317 4948 414 4987 nos
443 4946 562 4986 esse
593 4928 855 5001 perfectos
879 4969 895 4996 ,
933 4938 990 4983 ut
1020 4929 1254 4984 nondum
1279 4929 1347 4984 ad
1377 4929 1760 5000 perfectionem
1787 4947 1906 5002 quae

316 5023 472 5078 nobis
499 5022 692 5077 sufticit
723 5021 1026 5078 venerimus
1058 5040 1070 5075 :
1103 5022 1464 5093 continuoque
1491 5023 1768 5094 subjunxit
1791 5065 1806 5086 ,
1837 5023 1909 5078 Et

1997 2418 2037 2471 si
2067 2418 2190 2487 quid
2218 2419 2366 2474 aliter
2390 2421 2597 2491 sapitis,
2631 2421 2724 2474 hoc
2752 2438 2948 2492 quoque
2975 2423 3112 2476 vobis
3140 2419 3280 2475 Deus
3308 2421 3544 2475 reuelabit
3574 2434 3598 2478 :

1999 2519 2335 2566 verumtamen
2373 2513 2428 2566 in
2469 2513 2604 2584 quod
2649 2513 2962 2584 pervenimus
2987 2553 3002 2579 ,
3048 2513 3101 2567 in
3153 2529 3210 2566 eo
3261 2512 3595 2571 ambulemus.

2000 2600 2286 2673 (Philipp.
2331 2620 2424 2670 Ill,
2472 2604 2698 2675 12-16).
2753 2605 3086 2660 Ambulando
3122 2607 3317 2676 quippe
3356 2607 3408 2660 in
3451 2606 3596 2677 quod

2000 2694 2374 2762 pervenimus,
2411 2705 2466 2750 et
2502 2712 2609 2766 quo
2649 2696 2886 2751 nondum
2930 2698 3273 2768 pervenimus
3319 2698 3599 2769 pervenire

2002 2788 2294 2856 poterimus
2318 2829 2333 2853 ,
2362 2789 2472 2842 Deo
2500 2789 2654 2845 nobis
2682 2791 2952 2846 revelante
2992 2791 3035 2846 si
3078 2790 3205 2861 quid
3256 2790 3414 2846 aliter
3456 2792 3600 2862 sapi-

2001 2898 2123 2939 mus
2145 2925 2160 2951 ,
2195 2885 2239 2939 si
2270 2901 2332 2938 ea
2363 2902 2482 2955 qua:
2507 2886 2618 2956 jam
2646 2889 2902 2944 revelavit
2931 2905 3037 2944 non
3067 2891 3448 2961 relinquamus.

2072 2974 2301 3032 CAPUT
2328 2978 2392 3032 ll.
2421 3010 2492 3019 —
2515 2979 2569 3034 2.
2603 2980 2877 3036 Iievelavit
2906 2991 3082 3037 autem
3127 2983 3282 3038 nobis
3323 3000 3416 3054 per
3459 2984 3602 3039 Scri-

2007 3079 2190 3140 pturas
2219 3087 2342 3126 suas
2372 3083 2605 3141 sanctas,
2638 3091 2760 3132 esse
2787 3077 2837 3130 in
2862 3076 3077 3132 homine
3103 3078 3328 3134 liberum
3354 3079 3601 3134 volunta—

2007 3163 2076 3218 tis
2101 3163 2398 3219 arbilrium.
2429 3167 2708 3235 Quomodo
2746 3178 2926 3224 autem
2971 3170 3320 3238 revelaverit,
3363 3186 3603 3227 comme-

2009 3270 2160 3310 moro
2183 3271 2276 3310 vos
2300 3300 2314 3320 ,
2339 3273 2444 3312 non
2469 3258 2700 3313 humano
2722 3261 2934 3331 eloquio
2953 3303 2968 3326 ,
2993 3262 3085 3316 sed
3107 3262 3306 3316 divino.
3332 3263 3602 3333 Primum,

2007 3348 2130 3416 quia
2166 3338 2276 3416 ipsa
2313 3349 2488 3403 divina
2536 3363 2797 3422 prmcepla
2841 3352 3046 3408 homini
3096 3371 3199 3408 non
3246 3355 3602 3426 prodessent,
3682 3353 3688 3360 ’

2008 3440 2111 3494 nisi
2139 3439 2363 3497 haberet
2407 3443 2630 3499 liberum
2682 3446 2970 3503 voluntatis
3015 3447 3329 3512 arbitrium,
3384 3465 3490 3520 quo
3542 3465 3605 3505 ea

2008 3530 2207 3587 faciens
2243 3534 2310 3588 ad
2351 3535 2612 3604 promissa
2661 3538 2880 3606 prtemia
2924 3539 3251 3608 perveniret.
3299 3539 3424 3595 Ideo
3461 3543 3608 3596 enim

2009 3625 2131 3681 data
2158 3636 2318 3693 sunt,
2348 3638 2404 3683 ut
2436 3629 2596 3684 homo
2622 3633 3019 3687 excusationem
3067 3633 3133 3688 dc
3170 3634 3467 3704 ignorantia
3499 3651 3608 3692 non

2013 3719 2234 3776 haberet
2261 3739 2273 3774 :
2299 3723 2435 3777 sicut
2458 3723 2713 3778 Dominus
2739 3725 2866 3781 dicit
2897 3727 2948 3780 in
2975 3726 3262 3797 Evangelio
3283 3727 3350 3782 de
3371 3727 3570 3782 Judaris
3589 3769 3605 3794 ,

2012 3813 2072 3868 Si
2103 3831 2202 3868 non
2227 3816 2467 3870 venissem
2493 3825 2538 3871 et
2573 3817 2767 3871 locutus
2812 3819 2882 3873 eis
2923 3820 3165 3890 fuissem,
3205 3830 3461 3891 peccatum
3507 3837 3608 3875 non

2011 3905 2288 3960 haberent:
2338 3925 2472 3962 nunc
2532 3918 2699 3963 autem
2754 3912 3126 3966 excusationem
3182 3929 3282 3967 non
3327 3913 3507 3967 [tabent
3546 3913 3610 3968 de

2013 4009 2216 4068 peccato
2264 4016 2355 4053 suo
2388 3998 2407 4072 (
2427 3999 2584 4055 Joan.
2612 4018 2702 4069 xv,
2735 4001 2805 4056 22
2831 4003 2874 4075 ).
2905 4005 2981 4059 De
3019 4019 3126 4075 quo
3168 4017 3390 4077 peccato
3434 4007 3606 4076 dicit,

2011 4089 2112 4143 nisi
2140 4090 2326 4146 de‘illo
2355 4108 2548 4162 magno
2573 4135 2587 4159 ,
2621 4094 2763 4165 quod
2796 4096 3108 4164 prmsciebat
3146 4113 3330 4153 eorum
3375 4100 3611 4154 futurum

2011 4183 2226 4252 quando
2252 4185 2349 4238 ista
2379 4184 2590 4239 dicebat
2612 4228 2626 4249 ,
2661 4186 2714 4240 id
2742 4196 2859 4249 cst,
2906 4203 3012 4256 quo
3056 4204 3176 4242 eum
3223 4188 3436 4244 fuerant
3462 4191 3609 4246 occi-

2014 4276 2168 4332 suri?
2195 4276 2376 4347 Neque
2403 4277 2544 4332 enim
2576 4278 2778 4332 nullum
2805 4278 3076 4334 habebant
3105 4290 3382 4349 peccatum
3408 4322 3424 4347 ,
3453 4291 3608 4336 ante-

2013 4387 2171 4443 quam
2203 4371 2447 4427 Christus
2476 4371 2712 4426 venisset
2742 4372 2793 4425 in
2824 4387 2984 4427 carne
3023 4371 3089 4426 ad
3138 4388 3252 4428 eos.
3304 4373 3436 4428 Item
3482 4374 3613 4429 dicit

2016 4467 2307 4536 Apostolus
2333 4485 2345 4519 :
2375 4465 2649 4521 Revelatnr
2676 4468 2752 4518 ira
2780 4465 2876 4521 Dei
2899 4466 2960 4520 de
2981 4465 3106 4522 caelo
3132 4467 3183 4521 in
3207 4484 3405 4522 omnem
3432 4467 3612 4538 impie-

2015 4568 2167 4613 tatem
2195 4569 2240 4613 et
2265 4559 2570 4629 injustitiam
2596 4558 2856 4612 hominum
2883 4575 3054 4612 eorum
3079 4599 3096 4624 ,
3133 4558 3219 4629 qui
3262 4559 3518 4614 veritatem
3558 4560 3612 4614 in

2015 4653 2277 4722 iniquitate
2306 4652 2568 4706 detinent:
2597 4652 2716 4722 quia
2741 4651 2876 4722 quod
2904 4661 3078 4706 notum
3113 4661 3184 4706 est
3214 4650 3311 4705 Dei
3335 4693 3349 4714 ,
3392 4653 3613 4722 manife-

2017 4755 2147 4799 stum
2159 4755 2231 4799 est
2249 4745 2301 4798 in
2331 4744 2433 4798 illis
2457 4760 2475 4808 ;
2504 4743 2640 4798 Deus
2662 4745 2794 4798 enim
2818 4744 2922 4798 illis
2943 4743 3300 4814 ntanifestavit.
3326 4741 3613 4799 Invisibilia

2017 4842 2149 4892 enim
2176 4839 2284 4907 ejus
2307 4879 2320 4901 ,
2348 4855 2379 4890 a
2408 4847 2638 4891 creatura
2664 4836 2842 4890 mundi
2864 4877 2879 4902 ,
2913 4852 3001 4906 per
3027 4852 3086 4890 ea
3128 4853 3241 4908 qua:
3275 4836 3413 4907 facta
3446 4847 3564 4891 sunt
3587 4878 3604 4905 ,

2017 4931 2268 4985 intellecta
2295 4932 2710 5001 conspiciuntur;
2739 4930 3042 5001 sempiterna
3077 4947 3274 5002 quoque
3307 4932 3463 4986 virtus
3497 4930 3609 5002 ejus

2018 5039 2078 5076 ac
2109 5023 2346 5078 divinitas
2374 5065 2389 5089 ,
2421 5033 2474 5076 ut
2505 5025 2604 5078 sint
2647 5023 3010 5079 inexcusabiles
3048 5022 3068 5095 (
3094 5022 3247 5078 Rom.
3283 5041 3339 5094 ι,
3370 5022 3536 5078 18-Ξο
3555 5021 3602 5094 ).

1493 5132 1778 5173 ΔΒΙΟΝΙἹΊΟ
1817 5133 1896 5172 PP.
1939 5133 2416 5173 BENIDICTINOBUI.

379 5211 526 5274 Hujus
561 5209 744 5282 operis
771 5209 1070 5282 exemplaria
1107 5223 1198 5274 pro
1227 5209 1553 5282 concinnanda
1598 5223 1721 5282 nova
1749 5211 1881 5282 hac,
1904 5212 2119 5282 editione
2171 5211 2340 5282 plura“
2363 5218 2721 5282 etf_perquam_
2743 5213 2952 5274 egregia
2993 5210 3164 5282 collata
3190 5218 3354 5282 “sunt,
3421 5208 3613 5265 scilicet

318 5269 519 5338 llatnaua
561 5269 870 5338 bibliothecae
916 5269 1152 5338 Yaticanie
1189 5286 1310 5338 ses,
1356 5273 1819 5338 et_quatuordec_im_
1855 5273 2121 5338 Gallicana,
2171 5269 2234 5323 ex
2278 5269 2755 5338 bibliotlieca'rnegia
2777 5269 2992 5332 'uniim,
3014 5287 3091 5338 fex
3111 5272 3396 5338 _Col_bcrtina
3439 5286 3608 5338 unum,

319 5347 382 5385 ex
405 5336 658 5385 sorbonica
682 5346 856 5395 unum,
885 5334 1016 5384 aliud
1041 5335 1288 5384 Remensis
1327 5333 1579 5394 Ecclesia,
1625 5334 1756 5384 aliud
1779 5334 2029 5386 clarissimi
2055 5333 2142 5386 viri
2188 5333 2359 5384 Nioolai
2406 5333 2698 5395 manessier;
2731 5338 2943 5387 Doctoris
2977 5334 3122 5385 Theol

3127 5336 3208 5396 ogi
3245 5335 3525 5386 Parisiensis
3557 5335 3610 5388 et

316 5399 432 5448 socii
455 5396 722 5453 sorbonici,
747 5393 839 5444 alia
859 5395 957 5445 duo
979 5410 1041 5446 ex
1067 5393 1582 5460 abhatiagcisterciensi
1600 5436 1614 5457 ,
1650 5397 1778 5446 aliud
1805 5412 1867 5447 ex
1892 5399 2172 5448 Corbeiensi
2205 5399 2582 5460 vretnstissimtun
2616 5393 2731 5448 ante
2768 5398 2928 5460 mille,
2963 5405 3017 5448 ut
3047 5393 3269 5460 videtur,
3302 5409 3455 5460 annos
3493 5400 3613 5448 scri-

319 5468 450 5521 ptum
467 5497 482 5519 ,
516 5467 694 5509 caetera
718 5471 782 5506 ex
803 5461 1110 5522 monasteriis
1131 5458 1428 5514 Pratellensi,
1453 5461 1846 5522 Gemmeticensi,
1875 5462 2120 5519 Beccensi,
2147 5459 2442 5520 Michaelino,
2466 5460 2722 5521 Casalensi,
2752 5468 2803 5510 et
2836 5457 3171 5522 Andegavensi
3201 5463 3244 5508 S.
3262 5457 3427 5522 Albini
3453 5471 3610 5522 :ex_a-

319 5518 508 5586 bilustre
532 5528 772 5586 praaterea
798 5522 1040 5570 variantes
1061 5520 1299 5582 lectiones
1321 5521 1539 5572 codicum
1560 5536 1650 5573 sex
1677 5521 2005 5585 Belgioorum,
2030 5518 2140 5586 quae
2157 5522 2284 5585 apud
2307 5518 2630 5574 Lovanienses
2665 5518 2879 5584 exstant,
2901 5529 2953 5572 et
2974 5518 3222 5583 perlecta?
3254 5520 3455 5571 fuerunt
3475 5519 3612 5572 celo-

319 5581 506 5636 briores
524 5581 764 5633 editiones
790 5593 884 5629 λιιι.
913 5589 984 5630 Er.
1005 5590 1056 5632 et
1075 5591 1184 5633 Lov.

395 5669 911 5754 Comparavimus
931 5680 1240 5753 praterea
1269 5693 1369 5736 eas
1401 5695 1605 5739 omnes
1635 5676 1935 5740 editiones
1962 5675 2150 5738 initio
2184 5675 2355 5737 Retr.
2379 5680 2435 5734 et
2451 5670 2765 5745 Confess.,
2793 5679 2837 5732 t.
2874 5673 2934 5747 1,
2961 5679 3351 5734 memoratas.
3436 5671 3530 5735 Μ.

379 5796 453 5864 (ο)
484 5805 695 5864 smptus
712 5810 842 5856 anno
861 5797 1033 5849 Christi
1053 5795 1147 5847 426
1165 5803 1250 5848 aut
1270 5797 1380 5848 427.
