4022 6460
434 327 542 383 885

431 445 712 512 Quomodo
734 444 867 502 dicit
888 442 1273 503 inexcusabile
1292 483 1309 511 ,
1339 442 1443 499 nisi
1460 440 1535 499 de
1557 440 1648 499 illa
1668 437 2014 496 excusatione

431 556 533 613 qua
574 541 711 597 solet
751 538 931 595 dicere
972 537 1204 594 bonisne
1238 535 1491 607 superbia
1516 576 1530 600 ,
1556 534 1614 591 Si
1638 532 1861 590 scissem
1884 571 1899 597 ,
1935 529 2014 586 fe-

430 633 626 688 cissem
653 648 667 697 ;
697 630 818 686 ideo
840 645 949 686 non
972 630 1074 685 feci
1097 670 1112 695 ,
1138 629 1262 700 quia
1292 626 1532 684 nescivi?
1555 635 1649 689 aut
1666 668 1684 695 .
1704 625 1765 684 Si
1783 624 1976 684 scirem
1993 663 2010 690 ,

431 724 658 779 facerem
683 739 698 788 ;
729 722 848 777 ideo
877 737 982 776 non
1011 721 1147 777 facio
1166 763 1180 789 ,
1209 720 1331 791 quia
1356 719 1577 775 nescio?
1597 704 1723 773 Haec
1746 718 1826 773 eis
1852 730 2011 771 excu-

428 816 565 872 satio
593 814 795 869 tollitur
821 856 837 881 ,
866 811 1076 883 quando
1100 819 1426 883 praeceptum
1450 809 1606 866 datur
1629 850 1645 878 ,
1678 808 1759 864 vel
1789 805 2010 863 scientia

426 923 533 971 non
563 904 817 976 peccandi
840 903 1230 962 manifestatur.

498 998 551 1061 3.
582 997 686 1055 Sed
714 1003 838 1055 sunt
858 996 1103 1075 homines
1126 995 1219 1075 qui
1242 996 1402 1075 etiam
1445 993 1512 1050 dc
1547 993 1663 1064 ipso
1686 992 1800 1049 Deo
1827 1004 1885 1047 se
1914 1005 2011 1045 ex-

427 1106 615 1147 cusare
656 1099 954 1154 conantur,
1005 1073 1199 1160 quibus
1247 1073 1377 1144 dicit
1419 1087 1690 1158 apostolus
1737 1084 2009 1141 Iacobus:

429 1182 596 1238 Nemo
620 1200 736 1237 cum
760 1192 983 1237 tentatur
1005 1224 1018 1248 ,
1061 1183 1239 1248 dicat;
1274 1178 1528 1248 Quoniam
1561 1180 1945 1235 a-Deo—tentor
1968 1178 2009 1231 ⁸.

427 1273 567 1328 Deus
595 1274 725 1327 enim
750 1274 1022 1327 intentator
1050 1274 1299 1327 malorum
1343 1282 1416 1327 est
1444 1288 1463 1326 :
1505 1272 1612 1341 ipse
1645 1280 1811 1326 autem
1851 1269 2011 1323 nemi-

430 1384 544 1421 nem
574 1376 747 1420 tentat.
783 1366 1133 1437 Unusquisque
1160 1381 1273 1420 vero
1301 1374 1520 1419 tentatur
1548 1382 1580 1418 a
1607 1362 2010 1435 concupiscentia

423 1476 516 1513 sua
544 1458 821 1514 abstractus
860 1470 906 1514 et
943 1460 1140 1513 illectus
1170 1476 1190 1514 :
1234 1458 1414 1512 deinde
1450 1457 1851 1528 concupiscentia
1890 1471 2010 1508 cum

424 1552 704 1622 conceperit
728 1592 742 1617 ,
774 1552 910 1621 parit
938 1562 1242 1623 peccatum;
1275 1559 1537 1623 peccatum
1580 1565 1693 1605 vero
1741 1563 1856 1603 cum
1889 1563 2006 1602 con-

418 1654 732 1701 summatum
758 1645 948 1716 fuerit,
971 1652 1176 1716 generat
1219 1653 1428 1698 ntortem
1458 1643 1677 1715 (Jacobi
1700 1659 1718 1698 ι
1739 1685 1753 1708 ,
1782 1643 1943 1699 15-15
1966 1641 2005 1713 ).

422 1736 555 1792 Item
585 1736 652 1792 de
676 1738 794 1808 ipso
825 1738 934 1793 Deo
958 1752 1017 1793 se
1041 1750 1299 1792 excusare
1329 1735 1669 1803 volentibus,
1718 1734 2008 1805 respondet

421 1826 558 1884 liber
585 1830 998 1886 Proverhiorum
1022 1828 1324 1885 Salomonis
1349 1846 1362 1882 :
1405 1826 1709 1899 [nsipientia
1734 1827 1829 1880 viri
1856 1827 2009 1880 violat

419 1920 530 1974 vias
555 1921 664 1991 ejus
688 1962 701 1985 ,
731 1918 895 1974 Deum
924 1929 1089 1974 autem
1116 1928 1352 1974 causatur
1380 1919 1433 1973 in
1460 1918 1612 1974 corde
1646 1935 1756 1974 suo.
1801 1915 1823 1991 (
1850 1915 2005 1971 Prov.

418 2029 515 2070 ιιι
540 2054 556 2077 ,
586 2011 690 2084 5).
724 2013 790 2068 Et
814 2012 949 2067 liber
985 2012 1389 2068 Eeclesiasticus
1432 2010 1605 2066 dicit:
1655 2008 1741 2065 Ne
1776 2008 1965 2063 dixeris
1987 2047 2004 2074 ,

423 2104 557 2173 Quia
600 2114 806 2176 prapter
853 2103 1129 2159 Dominum
1166 2103 1391 2158 recessi:
1425 2118 1538 2175 qua:
1574 2102 1705 2156 enim
1752 2101 1858 2155 odit
1904 2117 2007 2156 non

421 2197 600 2269 facias.
636 2192 720 2253 Ne
739 2197 929 2253 dixeris
954 2238 969 2266 ,
1001 2196 1134 2264 Quia
1170 2198 1280 2267 ipse
1320 2212 1400 2250 me
1434 2194 1685 2250 induxit:
1724 2210 1832 2247 non
1874 2193 2006 2247 enim

423 2302 554 2358 opus
577 2286 722 2341 habet
747 2287 855 2341 viro
901 2295 1180 2357 peccatore.
1229 2285 1389 2340 Omne
1432 2289 1857 2339 exsecrantentum
1900 2283 2006 2337 odit

420 2377 674 2434 Dominus
694 2420 709 2445 ,
736 2388 785 2434 et
814 2395 914 2434 non
938 2386 1012 2433 est
1040 2375 1258 2432 amabile
1285 2374 1571 2430 timentibus
1598 2374 1767 2430 illum.
1794 2373 1919 2445 Ipse
1943 2373 2004 2427 ab

418 2470 565 2525 initio
609 2472 726 2545 fecit
752 2470 1042 2534 hominem,
1078 2479 1125 2525 et
1152 2469 1351 2540 reliquit
1376 2485 1488 2523 eum
1533 2467 1587 2521 in
1628 2484 1781 2521 manu
1808 2466 2006 2522 consilii

415 2562 517 2618 sui.
548 2561 611 2618 Si
637 2560 854 2616 volueris
878 2603 895 2629 ,
920 2559 1235 2616 conservabis
1256 2558 1499 2614 mandata
1520 2600 1536 2625 ,
1568 2552 1614 2613 et
1637 2558 1791 2631 ﬁdem
1821 2556 2003 2613 bonam

416 2653 612 2727 placiti.
639 2653 864 2725 Apponit
894 2652 982 2706 tibi
1010 2654 1177 2726 ignem
1201 2659 1247 2706 et
1272 2666 1497 2723 aquam;
1544 2650 1612 2703 ad
1657 2649 2006 2723 quodcumque

414 2744 630 2799 nolueris
671 2744 881 2799 extende
920 2759 1127 2797 manum
1168 2751 1326 2796 tuam.
1370 2740 1437 2796 In
1476 2743 1744 2811 conipectu
1786 2739 2003 2793 hominis

413 2836 518 2891 uita
569 2845 616 2890 et
666 2851 839 2901 mors,
912 2844 959 2889 et
1007 2832 1353 2908 quodcumque
1404 2830 1651 2904 placuerit
1705 2826 1907 2884 dabitur
1959 2830 2003 2884 ei

415 2926 438 2998 (
467 2926 628 2981 Eccli.
660 2942 754 2995 xv,
786 2924 1017 2999 H-l8).
1058 2925 1200 2982 Ecce
1246 2922 1583 2996 apertissime
1618 2920 1864 2978 videmus
1909 2937 2002 2978 ex-

414 3033 660 3089 pressum
691 3019 916 3074 liberum
948 3019 1194 3073 humana:
1222 3016 1510 3071 voluntatis
1535 3014 1836 3070 arbitrium.
1918 3008 1923 3013 ’

486 3112 541 3166 4.
571 3111 705 3178 Quid
737 3110 897 3177 illud,
924 3110 1066 3182 quod
1091 3118 1199 3165 tam
1238 3109 1422 3164 multis
1467 3107 1600 3164 locis
1634 3107 1821 3189 omnia
1855 3104 2003 3162 nian-

414 3203 536 3260 data
568 3219 660 3259 sua
689 3204 946 3260 custodiri
977 3212 1031 3259 et
1054 3203 1167 3260 fieri
1204 3203 1355 3275 jubet
1393 3200 1577 3258 Deus?
1619 3199 1888 3274 quomodo
1909 3201 2000 3273 ju-

412 3296 508 3352 bet
530 3336 545 3361 ,
578 3296 623 3351 si
650 3310 755 3350 non
784 3305 866 3351 est
893 3295 1121 3352 liberum
1147 3294 1468 3350 arbitrium?
1494 3293 1630 3362 Quid
1660 3294 1849 3350 beatus
1876 3292 1963 3348 ille
1984 3335 1998 3358 ,

414 3387 484 3443 de
510 3403 616 3459 quo
636 3386 882 3442 Psalmus
902 3387 1063 3456 dicit,
1094 3386 1238 3458 quod
1259 3387 1311 3441 in
1336 3384 1445 3458 lege
1466 3385 1673 3440 Domini
1698 3385 1797 3470 fuit
1822 3381 2003 3438 volun-

415 3490 493 3534 tas
515 3480 623 3552 ejus
653 3476 841 3552 (Psal.
871 3492 928 3549 ι,
953 3478 990 3534 2
1010 3476 1059 3554 )1
1096 3488 1273 3534 nonne
1308 3479 1439 3534 satis
1490 3478 1686 3535 indicat
1730 3476 2002 3532 voluntate

414 3585 513 3628 sua
551 3570 821 3626 hominem
858 3570 913 3626 in
958 3570 1078 3641 lege
1128 3570 1221 3625 Dei
1270 3568 1606 3625 consistere?
1651 3566 1849 3622 Deinde
1894 3572 2000 3622 tam

415 3665 584 3720 multa
612 3664 861 3719 mandata
886 3704 902 3731 ,
927 3679 1045 3735 quae
1063 3664 1233 3735 ipsam
1254 3661 1483 3733 quodam
1505 3661 1666 3715 modo
1689 3659 2000 3715 nominatim

415 3756 742 3811 conveniunt
765 3755 1092 3810 voluntatem
1119 3795 1135 3821 ,
1166 3755 1304 3809 sicut
1330 3762 1413 3808 est
1435 3793 1451 3820 ,
1498 3751 1625 3807 Noli
1653 3752 1783 3806 uinci
1809 3770 1841 3806 a
1864 3750 2000 3806 ntalo

416 3845 438 3920 (
463 3845 615 3901 Rom.
641 3861 716 3901 xu
742 3888 756 3913 ,
786 3844 851 3901 2i
881 3842 901 3916 )
931 3862 945 3900 :
973 3852 1028 3899 et
1053 3843 1154 3899 alia
1194 3843 1387 3900 similia
1412 3886 1427 3910 ,
1473 3843 1610 3899 sicut
1629 3851 1753 3898 sunt
1772 3885 1786 3909 ,
1828 3841 2002 3897 Nolite

417 3940 531 4010 ﬁeri
554 3940 684 3994 sicut
712 3955 867 4010 equus
907 3946 954 3992 et
991 3937 1160 3992 mulus
1183 3977 1200 4005 ,
1241 3935 1419 4008 quibus
1464 3952 1565 3990 non
1605 3944 1678 3990 est
1717 3934 2000 3990 intellectus

415 4029 610 4103 (Psal.
654 4047 781 4086 xxxx
805 4072 819 4097 ,
848 4027 959 4102 9);
986 4038 1076 4096 et,
1124 4019 1255 4084 Noli
1290 4026 1533 4101 repellere
1576 4027 1787 4083 consilia
1823 4028 1999 4083 matris

412 4131 515 4179 tute
539 4123 558 4196 (
582 4121 735 4178 Prov.
761 4139 815 4191 ι,
837 4123 871 4180 8
895 4124 937 4195 );
961 4129 1017 4179 et
1040 4164 1054 4188 ,
1078 4119 1208 4177 Noli
1231 4137 1337 4177 esse
1354 4120 1555 4191 sapiens
1575 4119 1715 4194 apud
1734 4129 1780 4174 te
1797 4121 2000 4190 ipsum;

411 4223 468 4271 et
488 4256 504 4283 ,
536 4213 663 4270 Noli
689 4212 902 4285 deﬁcere
925 4232 958 4269 a
980 4214 1251 4287 disciplina
1284 4210 1533 4279 Domini;
1562 4220 1650 4281 et,
1684 4211 1811 4268 Noli
1834 4213 1997 4285 negli-

410 4325 527 4383 gere
556 4309 713 4381 legem
735 4327 756 4377 ;
785 4317 841 4365 et
863 4350 878 4376 ,
913 4307 1038 4364 Noli
1064 4309 1312 4363 abstinere
1334 4308 1456 4363 bene
1480 4309 1647 4381 facere
1671 4307 1832 4379 egenti
1854 4321 1875 4372 ;
1903 4312 1957 4361 et
1980 4348 1994 4371 ,

409 4400 538 4457 Noli
567 4401 817 4475 fabricare
840 4400 894 4456 in
923 4403 1143 4455 amicum
1172 4412 1311 4456 tuum
1336 4401 1472 4455 mala
1514 4396 1533 4474 (
1558 4396 1645 4454 Id.
1678 4410 1736 4455 tu
1760 4442 1776 4468 ,
1807 4399 1862 4467 7,
1889 4398 1947 4453 Η
1977 4441 1993 4468 ,

407 4493 501 4563 27,
523 4491 659 4567 29);
687 4502 741 4549 et
761 4536 776 4561 ,
806 4491 933 4548 Noli
955 4492 1212 4548 intendere
1232 4490 1408 4564 fallaci
1432 4491 1633 4546 mulieri
1656 4489 1782 4564 (Id.
1814 4502 1871 4557 v,
1898 4489 1993 4561 2);

407 4594 463 4642 et
485 4627 501 4653 ,
531 4584 713 4640 Noluit
736 4584 1015 4656 intelligere
1038 4593 1091 4639 ut
1116 4583 1237 4639 bene
1264 4594 1432 4656 ageret
1469 4583 1488 4656 (
1513 4582 1662 4639 Psal.
1695 4600 1862 4647 xxxv,
1890 4584 1924 4639 4
1951 4583 1992 4654 );

408 4685 504 4746 et,
547 4675 835 4732 Nolueram
878 4676 1105 4747 accipere
1149 4674 1469 4747 disciplinam
1517 4672 1719 4747 (Prov.
1751 4691 1802 4741 ι,
1831 4666 1991 4746 29):

410 4774 467 4823 et
494 4767 898 4824 innumerabilia
927 4768 1047 4822 talia
1080 4769 1134 4822 in
1164 4766 1435 4822 veteribus
1476 4766 1653 4822 Libris
1691 4766 1992 4822 divinorUm

407 4858 741 4929 eloquiorum
781 4858 906 4929 quid
940 4859 1267 4927 ostendunt,
1307 4858 1411 4913 nisi
1452 4858 1676 4913 liberum
1716 4857 1991 4913 arbitrium

407 4949 696 5005 voluntatis
724 4947 1011 5005 humanae?
1033 4948 1088 5005 In
1114 4949 1291 5006 Libris
1311 4949 1470 5004 etiam
1498 4949 1648 5005 novis
1674 4949 1992 5019 evangelicis

407 5049 462 5096 et
512 5041 821 5111 apostolicis
870 5041 994 5111 quid
1043 5041 1187 5097 aliud
1235 5041 1570 5106 ostenditur,
1622 5041 1708 5096 ubi
1760 5041 1989 5108 dicitur,

407 5134 583 5191 Nolite
610 5134 746 5189 vobis
780 5136 993 5189 condere
1012 5136 1271 5191 thesauros
1291 5136 1343 5189 in
1364 5144 1497 5189 terra
1517 5134 1735 5206 (Matth.
1760 5151 1833 5199 v1,
1860 5133 1928 5189 l9
1948 5133 1988 5206 );

405 5234 459 5282 et
483 5269 496 5291 ,
532 5224 707 5282 Nolite
734 5227 907 5282 timere
929 5243 1015 5282 eos
1038 5229 1125 5298 qui
1147 5228 1376 5282 occidunt
1398 5243 1582 5297 corpus
1604 5224 1731 5300 (Id.
1762 5241 1793 5281 κ
1820 5268 1833 5291 ,
1864 5224 1987 5299 28);

404 5329 497 5387 et,
528 5318 629 5384 Qui
656 5322 762 5375 uult
786 5321 952 5376 venire
978 5330 1090 5391 post
1119 5337 1197 5375 me
1220 5362 1236 5390 ,
1278 5323 1487 5392 abneget
1511 5321 1831 5393 semetipsum
1855 5320 1872 5391 (
1900 5318 1988 5374 Id.

402 5424 493 5466 xu
518 5452 535 5480 ,
565 5411 700 5486 24);
727 5422 821 5481 et,
853 5410 972 5468 Pax
1000 5413 1054 5467 in
1081 5421 1213 5467 terra
1239 5411 1525 5468 hominibus
1550 5410 1694 5466 bome
1718 5411 1991 5466 uoluntatis

354 5488 363 5495 ’
404 5502 574 5574 (Luc.
615 5521 656 5562 ιι
685 5547 700 5571 ,
756 5504 904 5578 l4):
955 5514 1010 5563 et
1057 5506 1200 5576 quod
1250 5506 1380 5562 dicit
1428 5506 1701 5576 apostolus
1750 5505 1985 5572 Paulus,

355 5596 363 5606 ’
405 5594 555 5660 Quod
580 5596 685 5650 uult
714 5596 903 5667 faciat,
932 5614 1036 5652 non
1060 5606 1231 5669 peccat
1257 5599 1302 5653 si
1327 5597 1480 5652 nubat
1504 5598 1526 5630 ¹
1551 5614 1564 5651 :
1587 5596 1673 5665 qui
1693 5604 1860 5649 autem
1884 5604 1987 5649 sta-

467 5727 486 5793 ξ
509 5725 683 5793 plures,
697 5735 825 5793 Mss,
842 5733 1065 5793 tentatur.
1083 5736 1247 5779 Graece
1264 5737 1359 5789 est,
1382 5727 1691 5793 peirazomas'.

467 5789 489 5820 ²
632 5790 717 5840 hic
740 5798 791 5841 et
813 5790 934 5840 intra
957 5798 1252 5847 constanter,
1275 5804 1369 5841 non
1384 5789 1572 5854 peccat,
1597 5791 1777 5853 nubat;
1807 5790 1984 5839 omissa

403 5849 730 5915 pultadum,
752 5866 860 5917 quae
876 5866 970 5904 nec
984 5855 1130 5903 estin
1152 5865 1329 5915 greco.

1217 325 1308 382 DE
1339 323 1605 383 ausus
1630 320 1726 380 ΕΤ
1760 318 2017 377 nemo
2054 319 2394 390 ARBITRlO,
2437 326 2488 379 S.
2533 322 2901 384 Αυθιιθτιιιι

2120 457 2215 511 satis
2242 459 2293 512 in
2320 459 2475 515 corde
2510 470 2602 516 suo
2624 501 2641 529 ,
2675 472 2783 517 Ion
2824 462 3012 519 habens
3048 465 3399 522 necessitatem
3421 484 3455 536 ,'
3478 477 3706 540 potesta-

2120 559 2219 606 tem
2262 562 2431 607 autem
2469 553 2655 610 habens
2700 572 2807 611 suae
2848 557 3119 613 uoluntatis
3137 601 3152 626 ,
3203 569 3251 615 et
3293 560 3390 615 hoc
3428 564 3606 617 statuit
3653 564 3708 618 in

2119 646 2383 701 omnem
2408 688 2425 714 ,
2455 660 2653 703 servare
2676 649 2917 720 virginem
2937 667 3083 706 suam
3105 694 3121 720 ,
3151 651 3275 707 bene
3328 655 3451 722 facit
3493 655 3512 726 (
3538 655 3556 709 Ι
3581 655 3704 711 Cor.

2118 752 2188 790 vn
2212 778 2226 802 ,
2255 738 2323 792 56
2341 779 2357 803 ,
2386 740 2453 793 '57
2479 738 2522 812 ).
2553 741 2679 796 Item
2708 741 2835 797 dicit
2861 784 2876 809 ,
2901 741 2963 798 Si
2986 753 3156 798 autem
3173 743 3345 799 volens
3371 787 3386 812 ,
3410 746 3506 800 hoc
3534 747 3671 816 facio
3691 789 3706 814 ,

2118 832 2395 886 mercedem
2422 835 2579 888 habeo
2605 834 2624 905 (
2652 832 2740 889 Id.
2771 851 2824 891 ιι
2853 878 2870 904 ,
2902 834 3009 909 17)
3038 854 3051 890 :
3095 847 3150 893 et
3187 838 3293 893 alio
3330 838 3449 894 loco
3469 880 3483 904 ,
3535 838 3708 895 Sobrii

2111 936 2268 981 estote
2283 928 2422 998 iuste
2440 968 2456 995 ,
2480 935 2528 982 et
2552 929 2707 985 nati!
2727 946 2933 1000 peccare
2955 928 3089 1001 (Id:
3106 942 3195 997 xv,
3223 930 3327 1001 51)
3354 949 3371 987 :
3398 940 3453 986 el
3473 932 3667 987 iterum
3689 975 3703 1000 ,

2112 1016 2189 1074 Ut
2211 1019 2633 1086 wmadmodum
2658 1026 2918 1091 promptus
2950 1022 3029 1077 ed
3064 1022 3266 1078 animus
3291 1009 3565 1078 edundis
3591 1064 3605 1089 ,
3631 1025 3706 1077 ita

2114 1110 2179 1164 sit
2201 1120 2244 1163 et
2272 1112 2564 1181 perficiendi
2590 1110 2672 1183 (ll
2704 1109 2825 1181 Cor.
2853 1129 2941 1168 vm
2968 1153 2985 1181 ,
3027 1114 3088 1167 11
3121 1112 3163 1181 ).
3190 1113 3255 1168 Ει
3273 1114 3339 1168 ad
3361 1114 3704 1170 Timotheum

2115 1202 2275 1267 dicit,
2330 1202 2456 1258 Cum
2496 1204 2625 1258 enim
2655 1203 2707 1259 in
2739 1198 2936 1259 deliciis‘
2958 1205 3147 1275 egerint
3174 1205 3228 1259 in
3254 1204 3453 1260 Christo
3472 1246 3487 1270 ,
3520 1206 3707 1261 nubere

2113 1297 2288 1351 uolunt
2315 1295 2375 1368 (Ι
2406 1295 2534 1349 Tim.
2567 1312 2622 1362 v,
2658 1298 2715 1351 11
2746 1296 2765 1369 )
2798 1305 2890 1352 :et
2913 1297 3037 1351 alibi
3062 1339 3076 1363 ,
3110 1294 3216 1351 Sed
3239 1306 3289 1351 et
3310 1313 3483 1352 omnes
3509 1298 3597 1368 qui
3623 1300 3706 1369 pie

2112 1388 2285 1441 uolunt
2315 1388 2473 1441 vivere
2500 1389 2553 1441 in
2583 1387 2783 1442 Christo
2810 1386 2936 1441 Iesu
2959 1427 2975 1452 ,
3015 1388 3409 1458 persecutionem
3444 1390 3704 1460 patientur

2116 1478 2203 1550 (ﬂ
2232 1478 2366 1543 Tim,
2397 1495 2453 1534 ιιι
2478 1520 2493 1546 ,
2525 1479 2592 1534 l2
2619 1478 2638 1550 )
2663 1497 2677 1535 :
2710 1488 2763 1534 ct
2792 1480 2892 1549 ipsi
2922 1479 3204 1536 Timotheo
3227 1521 3242 1546 ,
3284 1480 3411 1535 Noli
3447 1482 3702 1553 negligere

2106 1573 2471 1642 gratiamque
2496 1572 2551 1626 in
2579 1581 2630 1626 te
2668 1580 2743 1627 es!
2776 1571 2997 1643 (lTint.
3028 1587 3101 1636 tv,
3132 1573 3202 1628 i4
3223 1573 3265 1644 ).
3316 1573 3386 1627 Es
3425 1573 3495 1627 sd
3525 1574 3700 1630 Phile-

2109 1678 2321 1719 monem
2354 1683 2367 1718 :
2397 1662 2483 1718 Ne
2512 1665 2695 1719 bonum
2722 1674 2864 1720 tuum
2883 1663 3101 1721 velatas:
3118 1666 3407 1720 necessitate
3423 1674 3589 1735 esset,
3611 1666 3701 1722 sed

2105 1774 2173 1812 ex
2196 1757 2451 1813 uoluntate
2502 1758 2523 1828 (
2554 1758 2769 1813 Phileas.
2796 1760 2866 1815 Η
2890 1758 2932 1832 ).
2963 1759 3166 1816 Servos
3197 1760 3355 1814 etiam
3395 1759 3543 1831 ipsos
3584 1775 3698 1816 llo-

2109 1857 2239 1915 net,
2279 1856 2339 1903 ut
2363 1848 2592 1904 dominis
2621 1851 2732 1905 suis
2758 1864 2822 1905 ex
2848 1850 3018 1905 animo
3054 1851 3272 1905 serviant
3310 1866 3425 1904 cum
3457 1851 3590 1905 bona
3611 1868 3696 1907 vo-

2106 1941 2300 1997 luntate
2328 1941 2560 2015 (Ephes.
2591 1958 2645 1998 vr
2666 1982 2683 2011 ,
2726 1942 2764 1997 ϐ
2785 1943 2825 2013 ).
2855 1942 2986 1998 Item
3020 1942 3249 1998 Iacobus
3274 1981 3291 2008 ,
3331 1940 3505 1997 Nolite
3528 1943 3697 2013 itaque

2108 2048 2279 2086 errare
2300 2074 2314 2097 ,
2346 2035 2533 2103 fratres
2562 2033 2657 2086 mei
2679 2074 2693 2099 ,
2722 2032 2767 2086 et
2792 2032 2948 2087 nolite
2966 2032 3025 2087 in
3054 2044 3379 2101 personarum
3407 2033 3693 2104 acceptione

2106 2112 2289 2179 habere
2305 2124 2459 2193 ﬁdem
2478 2123 2685 2180 Domini
2709 2125 2869 2180 nostri
2887 2123 3016 2180 Iesu
3034 2124 3227 2179 Christi
3250 2123 3273 2198 (
3292 2114 3471 2179 Jacobi
3488 2140 3529 2179 ιι
3543 2167 3563 2191 ,
3593 2124 3621 2178 ί
3642 2122 3684 2195 ):

2108 2223 2161 2270 et
2184 2257 2198 2283 ,
2233 2214 2407 2270 Nolite
2433 2214 2692 2271 detrahere
2736 2215 2800 2270 de
2836 2216 3080 2270 alterutro
3130 2214 3150 2284 (
3180 2212 3264 2269 Id.
3291 2230 3369 2282 tv,
3401 2212 3463 2270 11
3488 2214 3533 2285 ἱ.
3560 2214 3690 2270 Item

2105 2306 2338 2364 Joannes
2368 2306 2421 2362 in
2449 2296 2688 2377 Epistula
2728 2310 2826 2363 sua
2846 2340 2867 2375 ς
2913 2306 3088 2364 Nolite
3120 2306 3333 2379 diligere
3362 2297 3610 2363 mundum
3629 2304 3695 2376 (Ι

2104 2399 2263 2455 Joan.
2296 2416 2332 2455 ιι
2356 2440 2373 2468 ,
2407 2400 2474 2456 l5
2497 2399 2517 2472 )
2542 2419 2558 2457 :
2582 2410 2638 2457 et
2662 2409 2857 2457 extera
2882 2400 3206 2473 bujusmodi.
3227 2399 3434 2470 Nempe
3454 2400 3544 2455 ubi
3567 2398 3694 2455 dicio

2106 2499 2194 2546 tur
2214 2532 2229 2556 ,
2260 2489 2381 2546 Noli
2408 2490 2513 2549 hoc
2533 2533 2552 2561 ,
2582 2498 2638 2549 et
2662 2493 2770 2563 noli
2798 2491 2929 2549 illud
2952 2532 2970 2560 ,
3013 2501 3067 2548 et
3103 2491 3198 2549 ubi
3226 2490 3298 2547 ad
3342 2491 3544 2562 aliquid
3573 2491 3590 2522 ⁸
3617 2489 3694 2547 fs-

2104 2581 2351 2637 eiendum
2382 2581 2466 2638 vel
2495 2598 2599 2636 non
2630 2582 2928 2639 faciendum
2970 2583 3027 2638 in
3073 2582 3267 2641 divinis
3307 2582 3524 2638 monitis
3561 2596 3695 2654 opus

2106 2672 2394 2729 voluntatis
2421 2670 2686 2745 exigitur,
2711 2678 2843 2730 satis
2872 2674 3101 2731 liberum
3131 2674 3532 2731 demonstratur
3553 2674 3695 2729 arbi-

2105 2765 2287 2839 trium.
2316 2764 2484 2821 Nemo
2506 2780 2637 2836 ergo
2663 2766 2831 2823 Deum
2858 2774 3109 2822 causetur
3151 2765 3205 2821 in
3240 2764 3406 2825 corde
3429 2779 3531 2820 suo
3542 2804 3569 2838 f,
3597 2763 3695 2820 sed

2104 2857 2205 2915 sibi
2230 2856 2454 2927 imputet
2479 2858 2703 2929 quisque
2720 2897 2739 2925 ,
2762 2872 2885 2913 eum
2912 2866 3117 2935 peccat.
3140 2857 3331 2931 Neque
3347 2873 3470 2915 cum
3492 2856 3693 2930 aliquid

2105 2947 2396 3025 secundum
2428 2947 2591 3003 Deum
2617 2957 2867 3018 operatur
2888 2989 2905 3016 ,
2935 2949 3133 3007 alienet
3170 2950 3274 3005 hoc
3299 2965 3331 3006 a
3357 2950 3570 3021 propria
3594 2963 3691 3005 vo-

2103 3037 2324 3094 luntate.
2356 3039 2581 3107 Quando
2600 3040 2742 3096 enim
2762 3041 2948 3096 volens
2972 3039 3131 3108 facit,
3154 3049 3280 3097 tunc
3303 3040 3589 3097 dicendum
3610 3049 3695 3097 est

2103 3146 2237 3201 opus
2264 3132 2462 3187 bonum
2488 3174 2504 3200 ,
2537 3142 2664 3190 tunc
2691 3132 2954 3204 speranda
2989 3142 3072 3189 est
3108 3132 3236 3188 boni
3269 3133 3450 3204 operis
3483 3146 3693 3187 merces

2102 3222 2170 3278 ab
2208 3238 2273 3279 eo
2298 3264 2313 3290 ,
2343 3224 2409 3279 de
2435 3240 2541 3294 quo
2568 3224 2767 3280 dictum
2798 3231 2883 3280 est
2902 3265 2919 3292 ,
2964 3223 3064 3289 Qui
3092 3223 3266 3279 reddet
3304 3224 3573 3297 unicuique
3609 3240 3690 3280 se-

2102 3316 2323 3370 cundum
2351 3333 2506 3387 opera
2532 3333 2625 3372 sua
2651 3316 2669 3390 (
2694 3315 2883 3371 Matth.
2916 3331 3006 3371 xw
3030 3356 3046 3383 ,
3074 3316 3143 3371 27

2100 3390 2109 3402 ’
2172 3404 2397 3471 CAPUT
2426 3405 2513 3462 ιιι.
2541 3436 2614 3448 --
2649 3408 2702 3464 5.
2730 3408 2831 3476 Qui
2870 3422 2997 3479 ergo
3033 3416 3301 3464 noverunt
3330 3406 3507 3465 divina
3531 3421 3685 3465 man-

2101 3497 2244 3568 data,
2284 3499 2524 3557 aufertur
2564 3501 2644 3557 eis
2686 3501 2979 3568 excusatio,
3021 3517 3180 3572 quam
3221 3501 3399 3558 solent
3443 3500 3688 3559 homines

2105 3589 2301 3648 habere
2330 3592 2398 3648 de
2426 3594 2743 3664 ignorantia.
2772 3594 2895 3675 Sed.
2916 3610 3017 3651 nec
3043 3595 3144 3666 ipsi
3172 3595 3289 3650 sine
3323 3610 3481 3666 paena
3506 3603 3685 3664 erunt,

2103 3684 2193 3755 qui
2223 3684 2392 3755 legem
2426 3686 2517 3740 Dei
2557 3687 2819 3745 nesciunt.
2871 3686 2969 3755 Qui
3008 3687 3143 3741 enim
3168 3687 3275 3743 sine
3314 3685 3422 3761 lege
3454 3703 3686 3757 peccave-

2102 3787 2240 3861 runt,
2264 3779 2372 3834 sine
2391 3779 2499 3850 lege
2520 3780 2755 3853 peribunt
2781 3796 2800 3834 :
2825 3781 2912 3857 qui
2935 3790 3103 3837 autem
3127 3780 3180 3834 in
3201 3778 3310 3853 lege
3333 3789 3679 3851 peccauerunt,

2103 3889 2192 3943 per
2216 3860 2372 3946 legem
2388 3860 2761 3944 judicabantur
2785 3871 2974 3946 (Rom.
2997 3888 3054 3940 ιι,
3087 3872 3155 3928 l2
3176 3872 3218 3945 ).
3253 3871 3401 3940 Quod
3423 3871 3547 3926 mihi
3566 3885 3677 3926 non

2100 3964 2312 4019 videtur
2339 3965 2625 4035 Apostolus
2651 3965 2724 4020 ita
2748 3964 2979 4033 dixisse,
3012 3972 3263 4036 tauquam
3306 3963 3455 4035 pejus
3481 3962 3680 4034 aliquid

2101 4056 2476 4127 signiﬁcaverit
2508 4071 2631 4114 esse
2656 4072 2909 4129 passuros
2931 4098 2948 4126 ,
2989 4057 3083 4130 qui
3137 4056 3306 4131 legem
3348 4056 3594 4113 nesciunt
3628 4056 3679 4112 in

2103 4148 2334 4219 peccatis
2362 4149 2472 4205 suis
2495 4191 2513 4218 ,
2543 4165 2703 4220 quam
2732 4149 2852 4206 illos
2877 4150 2966 4223 qui
3006 4151 3200 4211 sciunt.
3251 4150 3409 4222 Pejus
3431 4151 3576 4205 enim
3607 4150 3681 4205 vi-

2099 4239 2255 4295 detur
2293 4254 2413 4296 esse
2440 4240 2617 4313 perire
2640 4282 2655 4306 ,
2682 4256 2839 4312 quam
2876 4241 3106 4313 iudicari
3137 4258 3153 4296 ε
3184 4240 3278 4297 sed
3317 4257 3439 4299 cum
3469 4240 3571 4299 hoc
3617 4240 3684 4298 de

2098 4328 2357 4387 Gentibus
2384 4341 2439 4386 et
2463 4331 2529 4386 de
2558 4318 2756 4387 ludatis
2785 4332 3127 4404 loqueretur,
3157 4334 3280 4404 quia
3318 4333 3395 4388 illi
3425 4332 3542 4390 sine
3570 4332 3686 4403 lege

2101 4432 2242 4488 sunt,
2269 4423 2355 4479 isti
2381 4431 2559 4479 autem
2586 4423 2758 4494 legem
2778 4432 3126 4495 acceperunt;
3155 4424 3275 4495 quis
3289 4424 3484 4481 audeat
3502 4423 3684 4478 dicere

2097 4512 2310 4570 Iudaeos
2333 4515 2425 4585 qui
2455 4514 2507 4569 in
2538 4515 2654 4588 lege
2683 4524 2927 4586 peccant,
2959 4531 3064 4571 non
3097 4532 3216 4572 esse
3243 4515 3540 4588 perituros,
3559 4530 3680 4570 cum

2097 4605 2149 4660 in
2168 4605 2438 4661 Christum
2466 4621 2572 4662 non
2591 4607 2916 4662 crediderint
2942 4616 2993 4674 tl;
3026 4606 3452 4680 quandoquidem
3476 4606 3543 4661 de
3575 4606 3680 4665 illis

2096 4698 2297 4755 dictum
2345 4710 2460 4766 est,
2494 4718 2582 4773 per
2611 4701 2767 4773 legem
2802 4701 3213 4772 iudicabuntur?
3250 4699 3378 4758 Siue
3402 4700 3510 4757 fide
3536 4701 3679 4756 enim

2094 4789 2290 4847 Christi
2330 4807 2487 4848 nemo
2515 4792 2725 4847 liberari
2767 4800 2970 4864 potest;
3012 4807 3076 4847 ac
3105 4807 3199 4862 per
3222 4792 3325 4847 hoc
3356 4793 3426 4847 ita
3464 4791 3677 4863 judica-

2095 4884 2292 4941 buntur
2316 4893 2373 4940 ut
2397 4894 2641 4957 pereant.
2658 4885 2795 4941 Nam
2823 4887 2866 4941 si
2894 4887 3042 4961 pejor
3058 4894 3140 4942 est
3160 4886 3395 4942 conditio
3427 4887 3679 4942 nescien-

2096 4980 2225 5035 tium
2263 4995 2423 5050 quam
2468 4979 2747 5035 scientiam
2798 4980 2970 5051 legem
3014 4980 3143 5047 Dei,
3190 4978 3458 5051 quomodo
3492 4997 3676 5038 verum

2094 5072 2195 5127 erit
2223 5071 2363 5144 quod
2408 5070 2664 5127 Dominus
2691 5060 2743 5126 in
2786 5072 3070 5143 Evangelio
3096 5071 3208 5140 ait,
3260 5071 3447 5128 Seruus
3476 5073 3564 5143 qui
3590 5089 3677 5126 ne-

2094 5165 2185 5220 scit
2212 5166 2513 5220 uoluntatem
2538 5164 2730 5221 domini
2751 5164 2849 5231 sui,
2881 5174 2929 5219 et
2951 5164 3075 5237 facit
3096 5164 3252 5236 digna
3281 5162 3445 5235 plagis
3467 5206 3483 5229 ,
3510 5181 3676 5236 vapu-

2094 5257 2218 5311 labit
2241 5272 2403 5327 pauca
2432 5272 2452 5310 :
2477 5271 2649 5311 servus
2691 5264 2856 5310 autem
2890 5255 2979 5326 qui
3005 5255 3100 5309 scit
3144 5255 3453 5309 uoluntatem
3483 5255 3677 5309 domini

2092 5349 2193 5416 sui,
2218 5357 2265 5402 et
2291 5346 2413 5421 facit
2434 5348 2587 5421 digna
2602 5346 2786 5421 plagis,
2807 5345 3062 5418 vapulabit
3087 5344 3249 5400 multa
3280 5342 3429 5418 (Luc.
3462 5360 3556 5410 xu,
3580 5344 3675 5412 48,

2092 5441 2246 5511 47)?
2296 5441 2435 5496 Ecce
2479 5439 2569 5495 ubi
2616 5439 2851 5495 ostendit
2893 5438 3105 5510 gravius
3135 5452 3357 5508 peccare
3402 5436 3677 5492 hominem

2093 5533 2347 5589 scientem
2398 5547 2554 5603 quam
2586 5531 2935 5587 nescientem.
2963 5529 3071 5589 Nec
3114 5539 3291 5586 tamen
3321 5528 3440 5585 ideo
3482 5526 3674 5585 confu-

2157 5669 2175 5701 ι
2196 5672 2323 5727 Mss,
2363 5665 2446 5718 ubi
2724 5665 3022 5730 emisso,ad.
3043 5665 3217 5717 Sedes
3235 5660 3679 5726 hisnonlmﬂtpro,

2089 5728 2274 5795 aliquid
2290 5769 2308 5795 ,ν
2329 5730 2529 5795 habent,
2554 5727 2766 5795 aliquod.

2154 5787 2181 5825 θ’
2196 5787 2341 5853 Editi,
2356 5804 2466 5853 etim
2479 5787 2531 5841 in
2545 5787 2788 5842 Christum
2806 5802 2901 5842 non
2939 5788 3270 5843 crediderunt.
3296 5787 3521 5849 notiores
3542 5794 3672 5853 us,

2093 5868 2187 5907 non
2211 5851 2524 5906 crediderint.
