4022 6478
277 479 527 553 giendum
563 480 740 536 estad
775 477 1088 551 ignorantiae
1129 479 1377 538 tenebras
1395 521 1412 548 ,
1437 486 1496 536 ut
1523 479 1576 533 in
1603 477 1686 534 eis
1709 479 1856 547 quis-

277 589 378 645 que
395 573 636 644 requirat
663 573 1082 630 excusationem.
1125 571 1284 628 Aliud
1295 580 1386 628 est
1421 571 1564 628 enim
1593 571 1852 638 nescisse,

277 665 418 722 aliud
457 666 601 726 scire
617 664 876 721 noluisse.
906 665 1161 720 Voluntas
1179 665 1376 736 quippe
1397 665 1452 718 in
1487 679 1554 720 eo
1591 663 1854 735 arguitur,

279 759 344 816 de
365 773 476 830 quo
501 758 718 826 dicitur,
747 755 928 814 Noluit
945 757 1228 829 intelligere
1249 765 1306 810 ut
1331 757 1454 812 bene
1475 765 1642 828 ageret
1669 752 1858 826 (Psal.

278 868 346 908 xx
357 867 444 918 xv,
491 851 578 922 4).
613 849 728 906 Sed
769 859 824 906 et
847 849 938 906 illa
963 849 1260 920 ignorantia
1285 863 1404 920 qua:
1429 863 1538 902 non
1561 857 1644 902 est
1667 859 1858 902 eorum

279 945 366 1016 qui
385 945 528 1001 scire
555 943 766 1011 uolunt,
805 943 908 1000 sed
941 958 1126 1000 eorum
1151 943 1242 1014 qui
1269 953 1518 1012 tanquam
1545 941 1863 1013 simpliciter

281 1037 526 1094 nesciunt
545 1077 558 1102 ,
613 1037 880 1094 nemiuem
911 1037 988 1092 sic
1023 1043 1260 1100 excusat,
1289 1043 1348 1088 ut
1375 1037 1708 1104 sempiterno
1737 1033 1860 1104 igne

277 1145 376 1184 non
404 1129 612 1194 ardeat,
642 1128 688 1182 si
715 1139 998 1198 propterea
1045 1143 1152 1182 non
1175 1125 1440 1192 credidit,
1481 1125 1606 1196 quia
1625 1139 1736 1180 non
1767 1139 1858 1178 an-

273 1223 400 1278 divit
445 1223 668 1278 omnino
701 1222 836 1292 quid
865 1224 880 1254 ι
903 1221 1177 1286 crederet;
1207 1219 1304 1276 sed
1329 1221 1558 1276 fortasse
1583 1229 1640 1274 ut
1677 1219 1860 1274 mitius

273 1313 476 1370 ardeat.
531 1313 650 1370 Non
691 1315 834 1370 enim
875 1313 994 1368 sine
1040 1327 1196 1370 causa
1245 1311 1446 1367 dictum
1489 1319 1588 1374 est,
1633 1309 1862 1378 E/fnnde

273 1407 400 1459 iram
427 1415 570 1460 tuam
589 1407 642 1460 in
661 1415 838 1478 gentes
849 1421 964 1476 qua:
987 1415 1148 1460 tenon
1165 1413 1408 1459 nouerunt
1431 1401 1605 1474 (Psal.
1631 1413 1856 1469 Lxxvtn,

276 1495 349 1564 6)
383 1513 398 1550 :
427 1504 484 1552 et
527 1497 660 1552 illud
715 1497 862 1567 quod
909 1497 986 1550 ait
1031 1495 1343 1566 Apostolus,
1395 1492 1528 1550 Cum
1573 1491 1768 1548 uenerit
1807 1493 1860 1546 in

273 1589 480 1658 ﬂamma
531 1589 666 1659 ignis
735 1588 859 1644 dare
921 1589 1194 1642 uindictam
1243 1588 1298 1641 in
1355 1601 1440 1640 eos
1489 1586 1576 1656 qui
1623 1587 1858 1656 ignorant

271 1678 434 1732 Deum
455 1679 476 1748 (
499 1679 542 1734 ll
576 1678 754 1734 Thess.
777 1696 820 1747 1-,
847 1679 884 1735 '8
909 1683 950 1744 ).
990 1679 1370 1734 Verumtamen
1399 1688 1460 1732 ut
1487 1679 1778 1733 habeamus
1802 1671 1862 1732 ei.

276 1771 442 1841 ipsam
464 1772 768 1836 scientiam,
799 1789 866 1828 ne
889 1771 1030 1828 dicat
1059 1773 1424 1842 unusquisque
1447 1813 1460 1838 ,
1483 1771 1717 1836 NeScivi;
1749 1781 1855 1824 non

273 1861 474 1930 audivi,
527 1877 632 1918 non
661 1863 930 1928 intellexi;
963 1863 1207 1918 voluntas
1243 1861 1560 1916 convenitur
1601 1861 1853 1928 humana,

269 1955 354 2010 ubi
379 1953 612 2020 dicitur,
643 1954 818 2010 Nolite
857 1971 962 2010 esse
1003 1955 1132 2010 sicut
1155 1967 1310 2026 equus
1349 1963 1396 2008 et
1431 1955 1622 2022 mulus,
1675 1953 1856 2025 quibus

271 2031 366 2100 non
411 2055 484 2100 est
531 2047 811 2100 intellectus
846 2045 1034 2118 (Psal.
1089 2063 1248 2110 xxx1,
1277 2044 1354 2117 9)
1385 2064 1396 2100 :
1435 2047 1678 2116 quamvis
1703 2046 1858 2116 pejor

268 2147 540 2208 appareat,
570 2137 638 2194 de
655 2155 762 2208 quo
787 2137 984 2194 dictum
1016 2145 1118 2202 est,
1161 2137 1335 2192 Verbis
1364 2143 1464 2192 non
1495 2139 1851 2193 emendabitur

268 2245 430 2282 servus
471 2230 672 2293 durus;
701 2231 744 2284 si
771 2231 904 2286 enim
933 2230 1255 2294 intellexerit,
1283 2245 1384 2284 non
1409 2230 1642 2284 obaudiet
1669 2229 1851 2299 (Prov.

267 2321 534 2396 xxix,19).
547 2323 770 2391 Quando
783 2333 958 2379 autem
975 2323 1106 2378 dicit
1118 2323 1298 2390 homo,
1313 2323 1428 2378 Non
1447 2337 1661 2394 possum
1681 2322 1856 2380 facere

267 2416 402 2484 quod
433 2417 744 2486 praecipitur
765 2457 781 2484 ,
827 2417 1076 2486 quoniam
1107 2415 1534 2485 concupiscentia
1577 2429 1698 2470 mea
1738 2417 1856 2470 viu-

269 2522 358 2562 cor
385 2525 398 2562 :
425 2507 544 2578 jam
565 2508 778 2578 quidem
809 2509 875 2564 de
903 2509 1196 2580 ignorantia
1223 2523 1330 2564 non
1365 2507 1528 2564 habet
1547 2510 1852 2564 excusatio-

267 2615 402 2666 nem,
459 2615 564 2656 nec
605 2602 768 2658 Deum
803 2613 1056 2658 causatur
1091 2604 1144 2658 in
1179 2602 1344 2658 corde
1365 2617 1464 2658 suo
1485 2641 1500 2670 ,
1529 2604 1626 2658 sed
1655 2604 1850 2658 malum

265 2707 414 2748 suum
443 2694 500 2750 in
529 2709 590 2749 se
625 2696 898 2764 cognoscit
926 2705 978 2750 et
1003 2695 1180 2762 dolet;
1215 2696 1302 2750 cui
1333 2705 1512 2750 tamen
1541 2695 1668 2750 dicit
1703 2697 1852 2766 Apo-

265 2783 450 2850 stolus,
484 2781 614 2838 Noli
637 2785 769 2840 uinci
807 2801 838 2838 a
873 2785 1030 2853 malo,
1079 2785 1170 2839 sed
1209 2785 1353 2840 uince
1393 2787 1449 2839 in
1491 2786 1620 2840 bona
1659 2787 1853 2842 malum

265 2872 446 2944 (Rom.
479 2891 584 2942 xu,
612 2874 674 2930 21
701 2872 742 2948 ).
773 2875 840 2930 Et
860 2876 1040 2946 utique
1059 2875 1144 2930 cui
1175 2875 1404 2944 dicitur;
1427 2873 1556 2931 Noli
1577 2877 1740 2943 vinci,
1766 2891 1854 2932 ar-

263 2964 478 3024 bitrium
509 2968 796 3022 voluntatis
824 2969 940 3037 ejus
979 2968 1096 3024 sine
1137 2969 1304 3024 dubio
1331 2970 1668 3026 convenitur.
1703 2969 1854 3027 Velle

264 3060 402 3114 enim
429 3067 486 3116 et
508 3059 650 3114 nolle
679 3058 908 3131 propria:
935 3059 1222 3116 voluntatis
1247 3068 1348 3116 est.

329 3187 561 3246 CAPUT
599 3187 688 3245 IV.
743 3221 818 3233 —
850 3189 904 3246 6.
949 3189 1056 3247 Sed
1109 3191 1456 3248 metuendum
1501 3201 1586 3250 est
1629 3209 1697 3250 ne
1745 3187 1846 3250 ista

266 3285 438 3339 omnia
465 3281 648 3340 divina
693 3285 990 3358 testimonia
1013 3327 1026 3350 ,
1057 3295 1112 3341 et
1149 3285 1498 3358 quaecumque
1544 3287 1646 3341 alia
1689 3299 1846 3356 sunt,

264 3379 379 3444 quin
423 3375 546 3430 sine
596 3357 926 3432 dubitatione
971 3385 1097 3432 sunt
1143 3357 1496 3447 plurimapin
1539 3378 1850 3436 defensione

273 3463 422 3521 liberi
447 3465 680 3532 arbitrii,
707 3467 784 3524 sic
824 3457 1184 3541 intelligantur
1205 3512 1218 3534 ,
1246 3459 1305 3526 ut
1330 3457 1395 3524 ad
1419 3453 1580 3525 vitam
1625 3473 1764 3542 piant
1796 3483 1849 3528 et

271 3557 462 3613 bonam
485 3559 946 3616 conversationem
977 3604 990 3626 ,
1027 3561 1113 3616 eui
1141 3577 1348 3616 merces
1376 3557 1575 3616 mlertta
1602 3559 1846 3630 debetur,

269 3647 536 3720 adjut‘orio
565 3655 620 3706 'et
663 3653 846 3722 gratim
894 3653 989 3707 Dei
1027 3651 1173 3706 locus
1215 3655 1320 3708 non
1375 3649 1737 3724 relinquatur;
1795 3664 1850 3710 et

274 3739 466 3798 au’deat
495 3743 661 3798 miser
685 3743 873 3810 homo,
907 3743 1118 3815 quando
1147 3741 1282 3800 bene
1309 3745 1437 3800 vivit
1465 3737 1518 3800 et
1555 3745 1693 3802 bene
1717 3761 1846 3818 ope-

263 3839 445 3901 ratur;
481 3833 564 3889 vbl
604 3837 776 3905 potius
803 3835 941 3892 bene
987 3837 1167 3892 vivere
1209 3847 1260 3892 et
1303 3831 1441 3893 bene
1495 3837 1704 3910 operari
1747 3837 1850 3894 sibi

263 3927 493 3996 videtur,
525 3929 574 3982 i'n
599 3943 658 3984 se
685 3931 800 4000 ipso
819 3973 834 3997 ,
868 3945 974 3984 non
1003 3929 1054 3984 in
1081 3913 1309 3986 Domino
1339 3929 1582 4004 gloriari,
1617 3917 1670 3986 et
1697 3947 1845 4002 spem

262 4029 408 4076 recte
453 4019 661 4075 vivendi
707 4021 759 4075 in
804 4025 866 4076 'se
908 4021 1023 4090 ipso
1055 4023 1274 4092 'pOncre,
1325 4034 1382 4078 ut
1425 4017 1680 4095 sequatur
1723 4021 1844 4078 c'um

264 4111 606 4169 maledictum
636 4109 880 4168 .l'er‘emiae
926 4105 1200 4184 prOpllCltD
1229 4111 1489 4182 dicentis,
1543 4113 1846 4169 Maledictus

264 4205 414 4261 homo
444 4206 531 4277 qui
551 4207 691 4277 spem
720 4191 865 4259 habet
893 4205 947 4260 in
967 4191 1196 4274 hamine,
1225 4216 1270 4260 et
1293 4207 1464 4277 ﬁrmat
1493 4223 1698 4260 carnem
1725 4205 1844 4260 bra-

262 4297 360 4351 chii
383 4298 486 4362 sui,
515 4289 560 4351 et
600 4299 632 4350 α
674 4287 893 4352 Domino
934 4295 1141 4352 discedit
1184 4314 1272 4352 cor
1304 4300 1414 4370 ejus
1443 4277 1666 4374 (Jerem.
1697 4315 1842 4366 xvn,

263 4389 294 4443 5
311 4393 354 4461 ).
379 4379 683 4461 lntelligiie,
714 4389 922 4457 fratres,
945 4387 1046 4446 b'oc
1066 4389 1433 4462 propheticum
1452 4389 1839 4446 testimonium.

269 4479 400 4549 Quia
434 4483 577 4537 enim
607 4497 714 4536 non
744 4481 875 4537 dixit
905 4479 1162 4552 propheta
1181 4523 1196 4550 ,
1227 4479 1536 4536 Maledictus
1565 4480 1726 4536 homo
1755 4481 1844 4552 qui

263 4585 412 4642 spem
443 4573 606 4629 habet
637 4573 690 4628 in
727 4587 786 4629 se
811 4573 960 4644 ipso;
1011 4569 1194 4643 pusset
1221 4571 1376 4628 alicui
1418 4571 1583 4628 videri
1617 4569 1735 4628 ideo
1758 4571 1842 4626 di-

261 4671 403 4720 ctum
429 4680 568 4733 esse,
593 4665 896 4720 Maledictus'
915 4663 1062 4720 homo
1085 4665 1172 4737 qui
1197 4681 1338 4738 spent
1354 4661 1504 4718 habet
1531 4663 1585 4718 in
1615 4661 1836 4729 homine,

261 4765 320 4810 ut
367 4771 527 4813 nemo
573 4755 764 4812 habeat
802 4751 950 4826 spem
983 4751 1035 4810 i'n
1066 4741 1234 4812 altero
1259 4747 1515 4836 homine,
1547 4747 1642 4809 sed
1681 4755 1732 4808 iu
1761 4769 1840 4810 se.

265 4845 336 4902 Ut
377 4853 506 4918 ergo
535 4847 840 4903 oStenderet
879 4843 957 4902 sic
995 4859 1052 4902 sc
1081 4846 1423 4902 admonuisse
1451 4845 1720 4900 hominem
1746 4887 1759 4910 ,
1789 4841 1844 4899 ut

261 4953 360 4994 nec
387 4937 443 4995 lit
457 4953 518 4994 se
543 4943 658 5010 Ipso
676 4939 895 4994 haberet
935 4954 1116 5009 spem;
1143 4941 1424 5010 propterea
1445 4945 1566 4993 eum
1598 4937 1840 5004 dixisset,

262 5027 564 5086 Haledictus
619 5031 766 5086 homo
816 5031 902 5103 qui
949 5046 1090 5103 spem
1143 5029 1290 5084 habet
1343 5029 1397 5083 in
1452 5027 1672 5095 homine,
1717 5043 1842 5084 mox

261 5123 483 5192 addidit,
510 5133 557 5180 et
582 5127 751 5195 ﬁrmat
803 5127 1006 5179 carnem
1047 5113 1240 5178 brachii
1285 5121 1382 5177 sui.
1435 5121 1714 5177 Brachium
1743 5138 1840 5192 pro

265 5221 498 5288 potentia
536 5219 710 5292 poSdit
758 5219 1033 5290 operandi.
1072 5215 1128 5276 ln
1173 5215 1390 5275 nomine
1431 5231 1608 5272 autem
1662 5219 1840 5275 carnis

277 5309 616 5382 intelligenda
639 5319 720 5366 εει
747 5309 974 5367 humana
1007 5303 1281 5384 fragilitas.
1307 5295 1384 5366 Ᾱο
1415 5327 1508 5382 per
1534 5309 1634 5366 hoc
1661 5309 1839 5388 iit-mat

263 5407 476 5459 carnem
503 5397 708 5459 brachii
733 5405 835 5470 sui,
866 5403 954 5475 qui
977 5405 1267 5476 potentiam
1288 5403 1527 5475 fragilem
1557 5415 1715 5474 atque
1743 5403 1834 5458 in-

261 5495 511 5564 validam,
541 5498 590 5554 id
621 5507 704 5554 est
726 5497 1032 5562 humanam,
1060 5499 1160 5554 sibi
1185 5498 1434 5554 sufﬁcere
1454 5497 1518 5553 ad
1550 5497 1686 5552 bene
1711 5505 1839 5568 ope-

263 5590 480 5647 randam
531 5599 717 5663 putat,
770 5605 870 5647 nec
916 5591 1237 5662 adjutorium
1293 5599 1474 5664 sperat
1518 5605 1548 5646 a
1586 5589 1834 5648 Domino.

323 5834 660 5902 'tsditi,quod.
685 5844 814 5900 Mss.,
845 5835 982 5900 quid.

1691 361 1889 419 LIBER
1927 363 2134 424 UNUS.

1977 477 2262 550 Propterea
2303 479 2537 554 subjecit
2563 483 2605 550 '-,
2657 491 2704 538 et
2735 497 2770 536 α
2808 481 3030 538 Domino
3063 483 3276 539 discedit
3297 497 3392 539 ταν
3421 483 3556 558 ejus.

1973 571 2116 628 Talis
2141 581 2227 629 est
2269 573 2492 632 hteresis
2537 573 2820 646 Pelagiana
2843 615 2858 642 ,
2887 575 2998 630 non
3025 575 3238 645 antiqua
3263 615 3282 644 -,
3309 576 3404 632 sed
3433 585 3558 636 ante

1973 679 2078 720 non
2115 667 2338 722 multum
2383 669 2598 737 tempus
2635 675 2820 722 exorta
2853 683 2868 722 :
2907 675 3094 722 contra
3113 681 3276 737 quam
3307 665 3554 722 haeresim

1971 771 2092 814 cum
2133 758 2320 816 fuisset
2360 758 2560 814 diutius
2605 759 2966 830 disputatum,
3009 758 3176 814 etiam
3217 757 3284 814 ad
3325 759 3553 814 concilia

1969 851 2292 921 episcopalis
2345 851 2632 906 novissima
2689 850 3008 906 necessitate
3073 859 3390 921 perventum
3435 859 3554 918 est;

1969 942 2114 998 unde
2149 941 2324 1010 vobis,
2373 957 2480 998 non
2519 941 2738 1014 quidem
2773 940 2974 1008 omnia,
3013 940 3108 996 sed
3155 951 3334 996 tamen
3373 941 3554 1012 aliqua

1971 1035 2192 1106 legenda
2230 1035 2428 1090 direxi.
2467 1034 2576 1090 Nos
2603 1049 2732 1104 ergo
2775 1033 2842 1088 ad
2881 1033 3018 1088 bene
3045 1031 3374 1104 operandam
3401 1045 3552 1103 spem

1969 1140 2074 1180 non
2121 1125 2410 1180 habeamus
2437 1125 2492 1178 in
2525 1123 2738 1179 homine
2765 1151 2780 1190 ε
2811 1125 3082 1178 ﬁrmantes
3105 1137 3319 1178 carnem
3343 1121 3554 1178 brachii

1969 1219 2136 1274 nostri
2167 1235 2180 1272 ε
2211 1234 2310 1272 nec
2335 1227 2366 1272 a
2395 1217 2622 1272 Domino
2666 1215 2912 1274 discedat
2947 1233 3041 1272 cor
3067 1225 3348 1282 nostrum;
3377 1216 3472 1270 sed
3501 1216 3552 1272 ci

1967 1311 2129 1376 dicat,
2159 1311 2376 1384 Adjutor
2387 1327 2528 1366 meus
2547 1321 2670 1376 esto,
2699 1327 2762 1364 ne
2789 1311 3112 1381 derelinquas
3135 1305 3214 1364 ine
3233 1353 3248 1376 ,
3271 1325 3430 1382 neque
3455 1309 3550 1364 de-

1969 1405 2155 1476 spicias
2177 1419 2277 1470 me,
2309 1403 2448 1456 Deus
2473 1403 2714 1458 salutaris
2739 1419 2880 1458 meus
2903 1401 2922 1474 (
2947 1402 3090 1457 Psal.
3123 1417 3278 1469 XXVI,
3305 1401 3340 1456 9
3361 1399 3404 1476 )'.

2041 1497 2092 1550 7.
2121 1496 2374 1564 Proinde,
2399 1496 2718 1561 charissimi,
2749 1496 2886 1552 sicut
2915 1496 3282 1566 superioribus
3309 1494 3554 1552 testimo-

1969 1589 2070 1645 niis
2107 1593 2416 1644 sanctarum
2449 1590 2846 1660 Scripturarum
2895 1589 3270 1659 probavimus,
3307 1589 3372 1644 ad
3403 1589 3546 1644 bene

1967 1682 2250 1738 vivendum
2273 1691 2330 1738 et
2369 1693 2516 1738 recte
2539 1682 2802 1754 agendum
2829 1685 2952 1738 es's‘c
2979 1682 3034 1736 in
3073 1682 3290 1736 homine
3321 1682 3548 1736 liberum

1965 1777 2252 1832 voluntatis
2276 1776 2585 1842 arbitrium;
2625 1775 2708 1830 sic
2735 1776 2896 1830 etiam
2942 1774 3008 1828 de
3051 1774 3219 1844 gratia
3261 1774 3398 1840 Dei,
3431 1774 3552 1828 sine

1965 1881 2066 1938 qua
2095 1867 2224 1922 nihil
2253 1867 2378 1922 boni
2407 1882 2570 1938 agere
2606 1880 2894 1937 possumus
2913 1905 2928 1933 ,
2968 1881 3086 1934 qua:
3133 1865 3240 1918 sint
3267 1863 3443 1918 divina
3469 1873 3552 1920 te-

1965 1961 2212 2018 stimonia
2237 1961 2530 2016 videamus.
2555 1961 2632 2016 Ac
2657 1959 2886 2030 primum
2909 1957 3106 2028 deipsa
3133 1969 3308 2013 vestra
3341 1955 3550 2027 profes-

1969 2057 2120 2110 sione
2165 2052 2366 2123 aliquid
2409 2052 2604 2108 dicam.
2645 2050 2830 2121 Neque
2881 2051 3022 2105 enim
3065 2055 3418 2119 congregaret
3447 2061 3548 2102 vos

1962 2147 2062 2202 ista
2089 2146 2336 2212 societas,
2367 2144 2418 2198 iu
2464 2153 2566 2214 qua
2611 2142 2950 2198 continenter
2979 2142 3160 2196 vivitis
3188 2142 3233 2208 ἐ
3257 2139 3362 2196 nisi
3391 2141 3548 2196 volu-

1961 2247 2160 2308 ptatem
2202 2237 2534 2307 conjugalem
2565 2235 3000 2290 contemneretis.
3045 2234 3180 2288 lline
3205 2243 3387 2288 autem
3432 2233 3546 2287 Do-

1961 2329 2108 2384 mino
2147 2327 2382 2397 loquenti
2426 2341 2546 2380 cum
2573 2325 2836 2381 dixissent
2870 2325 3138 2394 discipuli,
3197 2323 3257 2378 Si
3299 2323 3418 2376 talis
3463 2332 3542 2376 est

1962 2435 2114 2474 causa
2147 2417 2364 2472 hominis
2399 2431 2514 2470 cum
2565 2431 2758 2481 uxore;
2817 2429 2916 2470 non
2957 2413 3158 2485 expedit
3191 2412 3416 2476 nubere;
3461 2427 3548 2468 re-

1961 2511 2176 2583 spondit
2197 2509 2274 2566 eis
2305 2549 2322 2576 ,
2357 2507 2476 2562 Non
2503 2522 2674 2563 omnes
2701 2508 2908 2578 rapiunt
2935 2506 3138 2561 verbum
3165 2505 3290 2573 hoc,
3317 2505 3406 2559 sed
3428 2506 3544 2576 qui-

1961 2605 2050 2659 bus
2095 2603 2266 2656 datum
2293 2609 2366 2656 est
2407 2598 2641 2672 (Matth.
2689 2614 2782 2654 xix
2806 2639 2820 2662 ,
2851 2597 2919 2654 10
2943 2638 2958 2664 ,
2991 2599 3052 2652 ll
3077 2595 3116 2670 ).
3141 2593 3406 2666 Numquid
3437 2609 3544 2651 non

1959 2695 2182 2752 liberum
2225 2693 2504 2748 arbitrium
2535 2689 2802 2746 Timothei
2831 2699 2914 2744 est
2950 2689 3262 2744 exhortatus
3310 2689 3540 2758 Aposto-

1958 2788 2041 2844 lus
2065 2786 2270 2852 dicens,
2299 2783 2510 2840 Contine
2529 2793 2578 2838 te
2601 2785 2768 2854 ipsum
2793 2783 2812 2854 (
2836 2781 2852 2835 l
2875 2780 3012 2835 Tim.
3033 2797 3088 2846 v,
3109 2779 3239 2851 22)?
3269 2781 3334 2834 Et
3359 2780 3412 2834 in
3443 2778 3543 2834 hac

1959 2898 2020 2937 re
2047 2889 2364 2951 potestatem
2405 2877 2696 2934 voluntatis
2739 2875 3008 2944 ostendit,
3053 2875 3142 2930 ubi
3171 2874 3276 2942 ait,
3318 2889 3422 2930 non
3449 2873 3542 2928 ha-

1959 2974 2078 3028 bens
2105 2971 2470 3034 necessitatem,
2495 2977 2792 3041 potestatem
2812 2975 2978 3022 autem
3009 2965 3195 3021 habens
3216 2981 3322 3022 sua:
3349 2965 3531 3020 volun;

1958 3065 2096 3132 tntis,
2119 3073 2176 3118 ut
2204 3072 2360 3118 servet
2401 3061 2642 3134 uirginem
2669 3076 2832 3114 suum.
2861 3059 2932 3116 Et
2958 3068 3134 3114 tamen
3161 3099 3176 3126 ,
3221 3074 3324 3113 non
3363 3063 3536 3112 omnes

1957 3158 2168 3228 capiunt
2209 3155 2410 3210 uerbum
2457 3155 2572 3222 hoc,
2619 3154 2710 3209 sed
2755 3154 2936 3226 quibus
2979 3153 3156 3207 datum
3183 3161 3276 3208 est.
3335 3151 3540 3220 Quibus

1957 3251 2100 3306 enim
2145 3265 2250 3304 non
2289 3255 2370 3302 est
2408 3245 2610 3310 datum,
2643 3253 2735 3300 aut
2785 3245 2975 3300 nolunt
3003 3285 3018 3310 ,
3049 3253 3140 3299 aut
3165 3259 3271 3298 non
3317 3243 3544 3314 implent

1957 3341 2096 3414 quod
2123 3339 2304 3396 volunt
2337 3357 2350 3394 :
2378 3337 2570 3409 quibus
2600 3345 2776 3392 autem
2806 3336 2986 3391 datum
3017 3343 3120 3402 est,
3152 3335 3230 3390 sic
3261 3335 3446 3390 volunt
3477 3343 3538 3391 ut

1957 3433 2211 3503 impleant
2239 3429 2382 3501 quod
2411 3430 2616 3484 volunt.
2641 3429 2841 3498 Itaque,
2875 3437 2932 3482 ut
2971 3428 3072 3482 hoc
3105 3427 3326 3482 verbum
3349 3469 3362 3494 ,
3389 3427 3534 3498 quod

1957 3541 2062 3581 non
2107 3523 2173 3578 ab
2213 3521 2461 3578 omnibus
2502 3521 2728 3590 capitur,
2757 3520 2828 3576 ab
2871 3520 3138 3592 aliquibus
3181 3520 3457 3592 capiatur,
3483 3529 3540 3576 et

1957 3619 2048 3676 Dei
2075 3619 2276 3674 donum
2301 3625 2411 3682 est,
2441 3623 2494 3671 et
2520 3615 2742 3670 liberum
2775 3613 3073 3669 arbitrium.

2025 3713 2078 3770 8.
2113 3714 2190 3768 De
2221 3712 2334 3783 ipsa
2364 3719 2574 3781 quoque
2601 3708 2854 3779 pudicitia
2883 3707 3148 3780 coniugali
3173 3723 3366 3780 nempe
3387 3708 3536 3780 Apo-

1953 3806 2122 3860 stolus
2161 3805 2270 3870 ait,
2329 3801 2480 3870 Quod
2531 3798 2638 3855 uult
2678 3801 2866 3871 faciat,
2917 3815 3020 3855 non
3069 3808 3240 3872 peccat
3287 3800 3334 3855 si
3383 3797 3540 3854 nubat

1955 3897 2144 3970 (lCor.
2169 3913 2262 3962 vit-,-
2295 3897 2386 3962 57,
2409 3893 2516 3968 56)
2551 3913 2564 3949 :
2597 3903 2652 3950 et
2693 3903 2870 3948 tamen
2897 3895 3057 3949 etiam
3088 3893 3189 3949 hoc
3217 3889 3311 3949 Del
3337 3887 3536 3948 donum

1953 4000 2056 4057 est,
2097 3991 2306 4045 dicente
2345 3989 2640 4059 Scriptura,
2675 3987 2742 4040 Α
2794 3987 3008 4042 Domino
3049 3985 3286 4059 jungitur
3337 3983 3526 4040 tnulier

1954 4082 2060 4136 viro
2087 4079 2275 4154 (Prov.
2303 4094 2396 4134 xix
2419 4121 2434 4144 ,
2461 4078 2574 4150 η).
2605 4078 2728 4136 ideo
2753 4075 2950 4133 Doctor
2972 4075 3219 4134 Gentium
3251 4085 3307 4132 et
3327 4077 3534 4147 pudici-

1954 4173 2080 4228 tiam
2125 4169 2460 4240 conjugalem
2505 4184 2783 4240 perquam
2813 4185 2918 4223 non
2975 4167 3106 4224 [lunt
3133 4169 3419 4236 adulteria,
3471 4175 3528 4225 et

1953 4263 2326 4338 perfectiorem
2353 4262 2738 4317 continentiam
2762 4259 2862 4333 per
2883 4271 3044 4332 quam
3071 4261 3250 4318 nullus
3277 4261 3526 4317 concubi-

1953 4369 2038 4416 tus
2087 4357 2363 4432 qumritur,
2395 4367 2648 4411 sermone
2679 4367 2796 4410 “suo
2819 4354 3237 4418 commendans,
3271 4358 3325 4410 et
3349 4352 3451 4408 hoc
3477 4361 3532 4408 et

1951 4451 2078 4509 illud
2109 4450 2306 4506 donum
2329 4447 2426 4504 Dei
2456 4461 2574 4502 esse
2603 4445 2957 4512 monstravit,
2986 4445 3224 4501 scribens
3257 4444 3324 4500 ad
3351 4441 3536 4499 Curiu-

1951 4544 2115 4612 thios,
2138 4542 2503 4600 etadmonens
2527 4537 2782 4611 conjuges
2803 4551 2870 4596 ue
2909 4551 2968 4595 se
2999 4540 3224 4596 invicem
3249 4537 3530 4594 traudent:

1951 4651 2086 4709 quos
2111 4645 2232 4691 cum
2258 4631 2656 4700 admonuisset,
2683 4627 2897 4703 adjecit;
2933 4629 3124 4686 Vellem
3153 4639 3319 4686 autem
3361 4645 3534 4686 omnes

1951 4730 2176 4784 homines
2217 4743 2322 4782 esse
2358 4727 2486 4780 sicut
2538 4733 2586 4780 et
2638 4739 2718 4778 me
2762 4725 2972 4795 ipsum;
3013 4724 3134 4794 quia
3189 4725 3371 4794 utique
3415 4722 3531 4794 ipse

1949 4822 2018 4877 ab
2063 4821 2206 4876 omni
2251 4819 2536 4875 concubitu
2582 4817 2888 4873 continebat.
2937 4835 2950 4871 :
3004 4823 3059 4871 et
3095 4817 3352 4872 continuo
3397 4817 3530 4874 sub-

1945 4913 2139 4984 junxit,
2169 4910 2274 4968 Sed
2296 4909 2634 4981 unusquisque
2659 4905 2923 4980 proiirium
2938 4907 3127 4963 donum
3149 4908 3296 4964 habet
3323 4925 3354 4964 a
3377 4908 3527 4975 Deo;

1948 5007 2080 5060 alius
2103 5006 2194 5068 sic,
2223 5004 2356 5059 alius
2383 5011 2546 5058 autem
2566 5003 2638 5056 sit:
2671 5000 2722 5074 (Ι
2747 5001 2863 5056 Cor.
2891 5013 2985 5068 vn,
3015 5001 3102 5074 7).
3127 5001 3394 5073 Numquid
3417 5009 3522 5058 tam

1949 5097 2110 5152 multa
2135 5107 2255 5166 quae
2278 5093 2656 5164 praecipiuntur
2679 5093 2730 5147 in
2757 5092 2873 5164 lege
2900 5093 3014 5160 Dei,
3046 5093 3112 5148 ne
3147 5085 3525 5149 fornicationes

1948 5199 2001 5244 et
2023 5187 2276 5242 adulteria
2307 5183 2707 5241 committantur
2730 5225 2744 5251 ,
2771 5185 3006 5240 indicant
3041 5185 3184 5240 aliud
3215 5199 3370 5255 quam
3398 5183 3528 5240 libe—

1948 5299 2066 5338 rum
2119 5278 2430 5336 arbitrium?
2485 5275 2669 5350 Neque
2719 5273 2862 5335 enim
2921 5279 3367 5350 praeciperentur,
3427 5277 3528 5335 nisi

1948 5373 2108 5429 homo
2161 5371 2381 5426 haberet
2429 5370 2696 5441 propriam
2759 5371 3082 5425 voluntatem
3109 5411 3122 5432 ,
3178 5381 3280 5439 qua
3333 5367 3528 5424 divinis

1946 5464 2226 5536 prmceptis
2265 5461 2526 5518 obediret.
2578 5461 2646 5517 Et
2681 5469 2858 5517 tamen
2905 5461 2999 5516 Dei
3043 5453 3240 5514 doduni
3271 5469 3372 5526 est;
3401 5459 3522 5517 sine

1945 5561 2050 5628 quo
2076 5556 2274 5612 servari
2299 5554 2560 5610 castitatis
2579 5561 2844 5625 praecepta
2874 5567 2980 5607 non
3005 5557 3246 5623 possunt.
3277 5547 3430 5608 Unde
3450 5553 3527 5607 ait

2009 5685 2165 5738 η·Δίιὶ
2185 5725 2197 5748 ,
2237 5669 2436 5751 Propter
2594 5685 2721 5751 enim
2750 5671 2966 5751 subiecit.
3015 5673 3386 5751 sntiQUissitnu.s
3411 5689 3526 5736 Oor-

1945 5751 2162 5802 beiensis
2181 5743 2342 5800 codex'
2355 5755 2408 5798 et
2425 5747 2620 5809 quidam
2641 5747 2722 5795 alii
2748 5751 2878 5802 Mss,
2901 5743 3164 5809 Proptereti
3169 5743 3398 5809 subjecit.

2009 5815 2029 5844 ί
2049 5813 2353 5862 meheicnsis
2374 5803 2526 5860 codex
2554 5815 2668 5858 ante
2691 5812 2963 5868 nongentos
2983 5803 3066 5858 vel
3084 5803 3218 5859 mille
3239 5803 3393 5860 annos
3409 5808 3524 5861 sai-

1951 5883 2078 5940 ptus,
2103 5874 2388 5926 contutentes
2409 5869 2577 5922 vitatis.
