4022 6456
461 335 568 393 887

463 452 558 510 ille
601 451 657 509 in
681 450 818 510 libro
845 449 1133 522 Sapientia:
1167 470 1180 507 :
1211 451 1338 508 Cum
1383 456 1565 510 seirem
1606 458 1727 527 quia
1760 473 1906 512 nemo
1937 475 2043 513 esse

457 553 623 617 potest
649 546 910 600 continens
946 544 1046 598 nisi
1073 543 1210 598 Deus
1240 545 1362 610 det;
1386 555 1434 600 et
1481 547 1575 602 hoc
1602 547 1772 618 ipsum
1816 558 1924 604 erat
1953 566 2038 603 sa-

457 642 678 712 pientia,
720 641 848 696 scire
874 641 1024 711 cujus
1045 649 1170 696 esset
1199 641 1294 695 hoc
1321 641 1511 696 donum
1551 641 1572 716 (
1589 643 1721 715 Sap.
1746 659 1869 711 vnt,
1905 642 1970 698 21
1999 643 2040 714 ).

456 732 526 788 Ut
562 739 736 787 autem
774 731 874 786 ista
921 747 1028 787 non
1069 742 1348 788 serventur
1390 735 1648 790 castitatis
1674 745 1854 791 sancta
1887 751 2042 790 man-

451 822 596 890 data,
627 824 968 896 unusquisque
991 834 1211 879 tentatur
1237 843 1269 879 a
1287 827 1694 896 concupiscentia
1719 845 1811 882 sua
1840 829 2038 883 abstra-

451 925 564 970 ctus
608 925 656 971 et
683 916 882 971 illectus
911 915 1124 988 (Jacobi
1163 933 1218 984 ι,
1251 919 1376 988 14).
1426 918 1529 975 Ubi
1568 921 1612 974 si
1642 919 1872 984 dixerit,
1904 920 2040 976 Volo

455 1022 672 1063 servare
692 1050 706 1071 ,
735 1007 829 1062 sed
861 1010 1044 1064 vincor
1073 1027 1100 1062 a
1143 1012 1572 1079 concupiscentia
1611 1029 1728 1068 mea
1766 1033 1778 1068 :
1812 1029 2040 1084 respon-

451 1097 540 1153 det
569 1098 842 1168 Scriptura
873 1101 1043 1156 libero
1070 1101 1189 1172 ejus
1217 1103 1461 1169 arbitrio,
1485 1103 1626 1173 quod
1653 1105 1762 1175 jam
1787 1107 2037 1177 superius

450 1189 581 1254 dixi,
634 1188 762 1245 Noli
791 1191 923 1245 vinci
971 1210 1003 1246 a
1033 1195 1167 1248 malo
1192 1236 1206 1260 ,
1255 1194 1344 1249 sed
1371 1196 1510 1250 vince
1549 1196 1603 1249 in
1642 1197 1769 1251 bono
1821 1199 2033 1252 malum.

449 1281 600 1350 Quod
629 1291 807 1338 tamen
837 1293 892 1338 ut
918 1285 1024 1350 ﬁat,
1057 1285 1270 1353 adjuvat
1296 1286 1462 1356 gratia
1499 1305 1511 1340 :
1544 1303 1664 1358 quae
1690 1287 1790 1342 nisi
1817 1289 2037 1358 adjuve-

446 1374 537 1441 rit,
575 1374 704 1429 nihil
752 1376 836 1430 lex
879 1376 980 1430 erit
1023 1378 1123 1430 nisi
1161 1378 1328 1432 virtus
1360 1380 1582 1449 peccati.
1625 1381 1864 1449 Augetur
1891 1382 2033 1435 enim

445 1466 872 1535 concupiscentia
894 1509 909 1534 ,
951 1476 1008 1522 et
1033 1468 1263 1539 majores
1293 1469 1434 1524 vires
1473 1471 1665 1540 accipit
1711 1472 1824 1543 lege
1851 1473 2035 1542 prohi-

444 1556 628 1624 bente,
661 1558 759 1612 nisi
789 1559 1004 1629 adjuvet
1032 1561 1249 1630 spiritus
1275 1563 1480 1633 gratiae.
1516 1565 1628 1620 Hoc
1647 1574 1729 1620 est
1757 1565 1901 1637 quod
1932 1566 2018 1621 di-

447 1652 520 1705 cit
560 1652 649 1708 ille
692 1652 805 1722 ipse
834 1653 1033 1709 Doctor
1077 1654 1327 1712 Gentium
1359 1677 1372 1712 :
1405 1659 1625 1714 Aculeus
1653 1669 1819 1715 autem
1855 1663 2031 1718 mortis

444 1755 517 1798 est
543 1754 836 1814 peccatum;
860 1748 1019 1803 uirtus
1048 1765 1162 1804 vero
1191 1752 1399 1819 peccati,
1434 1753 1533 1807 lex.
1563 1753 1704 1810 Ecce
1731 1754 1873 1809 unde
1902 1756 2031 1812 dicit

451 1835 634 1900 homo,
691 1837 823 1892 Volo
867 1840 1000 1910 legis
1041 1855 1256 1897 servare
1312 1843 1640 1913 mandatum,
1693 1846 1788 1901 sed
1831 1847 2030 1904 virtute

439 1929 888 1999 concupiscentia:
933 1948 1067 1989 mea!
1118 1934 1319 1990 vincor.
1353 1936 1418 1991 Et
1458 1953 1578 1992 cum
1627 1939 1874 1995 voluntas
1915 1941 2030 2011 ejus

441 2021 778 2090 convenitur,
829 2033 882 2078 et
929 2024 1141 2092 dicitur,
1198 2025 1327 2081 Noli
1353 2028 1486 2082 vinci
1524 2046 1557 2084 a
1603 2031 1777 2096 malo;
1825 2032 1953 2102 quid
1977 2034 2028 2089 ei

436 2115 678 2182 prodeSt,
707 2117 807 2172 nisi
834 2119 998 2188 gratia
1022 2129 1368 2176 succurrente
1393 2122 1521 2176 (lat?
1546 2122 1698 2191 Quod
1732 2124 1844 2194 ipse
1871 2125 2022 2194 Apo-

435 2207 606 2261 stolus
654 2218 867 2264 secutus
906 2210 1196 2281 adjunxit:
1245 2228 1366 2268 nam
1417 2229 1536 2269 cum
1581 2215 1842 2282 dixisset,
1869 2217 2028 2272 virtus

436 2303 630 2370 peccati
659 2303 760 2369 lex,
791 2305 1044 2360 continuo
1069 2306 1318 2376 subjecit,
1354 2306 1560 2363 Gratias
1588 2319 1756 2364 autem
1778 2309 1904 2371 Deo,
1940 2311 2028 2377 qui

435 2393 521 2446 dat
543 2394 684 2449 nobis
712 2396 971 2449 victoriam
997 2415 1084 2466 per
1103 2397 1382 2452 Dominum
1403 2410 1629 2454 nostrum
1669 2399 1847 2456 Iesum
1870 2399 2024 2456 Chri-

432 2493 565 2541 stum
591 2485 610 2557 (
633 2485 651 2538 l
683 2485 798 2541 Cor.
825 2503 919 2552 xv,
952 2489 1040 2555 56,
1066 2490 1180 2561 57).
1210 2491 1351 2562 Ergo
1378 2501 1432 2547 et
1471 2493 1690 2547 victoria
1707 2509 1808 2564 qua
1837 2489 2027 2563 peccat;

435 2584 546 2629 tum
569 2576 817 2645 vincitur,
850 2579 974 2633 nihil
1003 2580 1145 2636 aliud
1172 2591 1253 2636 est
1277 2598 1436 2653 quam
1465 2583 1665 2639 donum
1691 2585 1803 2651 Dei,
1835 2585 1888 2640 in
1916 2586 2018 2640 isto

425 2668 727 2724 certamine
748 2669 1048 2739 adjuvantis
1077 2671 1299 2728 liberum
1319 2674 1620 2730 arbitrium.

506 2757 558 2812 9.
600 2759 828 2830 Propter
862 2762 1001 2831 quod
1037 2763 1165 2818 dicit
1205 2773 1260 2820 et
1297 2765 1532 2822 omlestis
1570 2767 1840 2838 Magister,
1881 2767 2026 2840 Vigi-

432 2852 548 2916 late,
577 2863 627 2908 et
655 2864 796 2908 orate
814 2897 829 2922 ,
859 2872 920 2908 ne
946 2857 1141 2911 intretis
1183 2859 1236 2912 in
1262 2859 1586 2916 tentationem
1616 2860 1827 2932 (Matth.
1857 2878 1981 2916 xxvx
2001 2905 2016 2929 ,

430 2943 546 3015 41).
580 2946 720 3016 Ergo
752 2949 1116 3018 unusquisque
1144 2958 1329 3004 contra
1359 2965 1510 3005 suam
1539 2953 2021 3023 concupiscentiam

432 3035 695 3090 dimicans
729 3047 865 3104 oret,
909 3054 976 3093 ne
1007 3039 1168 3095 intret
1209 3042 1262 3095 in
1307 3043 1673 3111 tentationem,
1715 3045 1768 3100 id
1812 3055 1914 3115 est,
1954 3063 2024 3104 ne

431 3123 504 3179 sit
531 3125 597 3180 ab
625 3127 712 3180 illa
743 3128 1040 3184 abstractus
1069 3139 1122 3186 et
1158 3131 1392 3188 illectus.
1420 3133 1538 3189 Non
1570 3145 1746 3191 autem
1779 3137 1938 3193 intrat
1965 3139 2020 3194 in

431 3218 775 3273 tentationem
799 3263 813 3285 ,
857 3222 899 3275 si
934 3222 1208 3279 voluntate
1247 3224 1383 3280 bona
1418 3227 1596 3282 vincat
1631 3230 2019 3300 concupiscen-

430 3306 559 3361 tiam
600 3309 814 3364 malam.
844 3310 954 3367 Nec
981 3320 1158 3368 tamen
1197 3315 1391 3370 sufficit
1429 3317 1703 3373 arbitrium
1733 3321 2019 3377 voluntatis

429 3396 697 3466 humanae,
737 3403 836 3456 nisi
880 3420 905 3455 a
949 3405 1175 3461 Domino
1205 3408 1422 3463 victoria
1453 3412 1778 3469 concedatur
1805 3417 2014 3485 oranti,

430 3504 498 3543 ne
526 3490 687 3546 intret
717 3494 766 3547 in
800 3496 1166 3552 tentationem.
1197 3498 1333 3567 Quid
1362 3516 1490 3556 vero
1516 3503 1813 3561 evidentius
1857 3523 2016 3577 quam

405 3569 522 3634 'Dei
568 3584 865 3638 ostenditur
892 3586 1080 3656 gratia,
1128 3589 1215 3643 ubi
1253 3591 1391 3660 quod
1426 3602 1608 3649 oratur
1645 3597 1932 3666 accipitur?
1961 3599 2015 3655 Si

427 3674 570 3726 enim
613 3675 834 3732 dixisset
859 3678 1103 3735 Salvator
1132 3693 1332 3746 noster,
1377 3684 1591 3756 Vigilate
1613 3729 1627 3753 ,
1659 3705 1721 3742 ne
1743 3689 1938 3744 intretis
1962 3692 2016 3746 in

428 3766 784 3832 tentationem;
827 3769 1168 3828 admonuisse
1209 3778 1575 3833 lautummodo
1604 3780 1874 3837 videretur
1914 3784 2015 3839 h0-

425 3854 588 3908 miuis
615 3856 938 3913 voluntatem
971 3875 982 3910 :
1016 3875 1136 3915 cum
1159 3878 1286 3919 vero
1309 3866 1532 3935 addidit,
1552 3878 1611 3941 et
1639 3881 1796 3938 orate,
1829 3883 2014 3930 osten-

423 3944 503 4000 dit
544 3945 709 4002 Deum
747 3949 1017 4020 adjuvare,
1063 3969 1131 4009 ne
1169 3955 1395 4013 intretur
1435 3961 1484 4014 in
1523 3965 1885 4021 tentationem.
1919 3967 2012 4022 Di-

424 4045 570 4092 ctum
593 4049 676 4094 est
703 4041 870 4097 libero
895 4044 1136 4112 arbitrio,
1164 4046 1294 4116 Fili,
1322 4053 1428 4105 noli
1453 4053 1666 4122 deﬁcere
1689 4074 1722 4110 a
1741 4058 2014 4128 disciplina

424 4128 636 4185 Domini
664 4131 845 4201 (Prov.
875 4151 952 4201 ιιι,
988 4136 1072 4208 11)
1108 4157 1122 4193 :
1153 4149 1202 4194 et
1236 4141 1491 4198 Dominus
1521 4145 1672 4213 dixit,
1703 4147 1815 4220 Ego
1841 4153 2014 4223 rogavi

423 4240 517 4294 pro
558 4233 642 4291 te,
675 4223 860 4291 Petro,
907 4245 969 4282 ne
1009 4229 1209 4298 deﬁciat
1249 4233 1376 4302 ﬁdes
1417 4244 1505 4290 tua
1547 4236 1699 4310 (Luc.
1731 4257 1858 4308 χχιι,
1894 4245 2006 4316 32).

422 4313 596 4369 Homo
636 4318 801 4387 ergo’
839 4320 1004 4389 gratia
1037 4321 1269 4392 juvatur,
1310 4340 1376 4380 ne
1413 4328 1530 4384 sine
1566 4343 1724 4386 causa
1753 4313 2009 4391 voluntati

419 4407 534 4476 ejus
555 4409 824 4478 jubeatur.
1047 4475 1054 4477 λλ

489 4499 714 4558 CAPUT
745 4501 810 4557 V.
841 4534 913 4545 —
943 4505 1030 4562 10.
1057 4505 1189 4563 Cum
1217 4508 1344 4567 dicit
1373 4512 1531 4578 Deus,
1564 4515 1916 4576 Convertimini
1942 4523 2010 4577 ad

418 4608 517 4656 me,
561 4603 608 4646 et
647 4606 910 4650 convertar
949 4597 1017 4650 ad
1051 4613 1139 4654 vos
1177 4600 1357 4671 (Zaclt.
1391 4619 1438 4670 ι,
1469 4604 1526 4678 5)
1557 4624 1569 4661 :
1613 4625 1771 4664 unum
1816 4611 2005 4670 horum

421 4684 629 4739 videtur
667 4702 787 4742 esse
826 4699 1023 4744 nostrae
1052 4691 1360 4760 voluntatis,
1402 4695 1454 4750 id
1496 4708 1599 4765 est,
1634 4708 1691 4754 ut
1725 4714 2006 4760 converta-

420 4792 541 4830 mur
578 4777 643 4831 ad
671 4794 826 4844 cuin;
859 4781 1084 4837 alterum
1112 4799 1238 4838 vero
1280 4787 1442 4855 ipsius
1467 4792 1670 4860 gratiae,
1713 4793 1762 4848 id
1805 4805 1906 4863 est,
1950 4807 2008 4854 ut

413 4868 576 4922 etiam
620 4868 732 4936 ipse
774 4881 1113 4928 convertatur
1151 4875 1217 4930 ad
1262 4892 1378 4932 nos.
1429 4879 1526 4936 Ubi
1571 4895 1793 4952 possunt
1823 4897 2006 4957 putare

416 4957 686 5029 Pelagiani
709 4975 858 5014 suam
880 4964 1124 5021 obtinere
1154 4970 1493 5038 sententiam,
1527 4990 1626 5043 qua
1651 4974 1853 5045 dicunt,
1885 4995 2006 5051 gra-

417 5049 545 5104 tiam
577 5050 672 5105 Dei
709 5053 999 5109 secundum
1028 5059 1215 5114 merita
1247 5071 1426 5116 nostra
1453 5063 1586 5120 dari.
1612 5066 1762 5134 Quod
1792 5049 2001 5140 quidem

417 5142 469 5196 in
497 5143 735 5211 Oriente,
781 5145 884 5201 hoc
921 5157 1022 5212 est,
1069 5151 1122 5206 in
1165 5155 1433 5221 provincia
1465 5157 1766 5229 Palzcstina,
1807 5165 1861 5220 in
1900 5182 2003 5237 qua

415 5241 500 5289 est
525 5237 711 5292 civitas
739 5236 1053 5308 Jerusalem,
1089 5258 1208 5298 cum
1237 5246 1349 5316 ipse
1378 5248 1619 5322 Pelagius
1645 5254 1712 5309 ab
1739 5236 2003 5330 episcopis

413 5327 709 5397 audiretur,
753 5331 1020 5391 affirmare
1057 5351 1161 5392 non
1207 5354 1369 5397 ausus
1411 5353 1510 5399 est.
1553 5345 1686 5402 Nam
1735 5350 1871 5406 inter
1899 5367 2004 5409 cae-

415 5427 527 5474 tera
559 5436 677 5490 qua:
705 5423 779 5478 illi
805 5424 1012 5496 objecta
1038 5438 1181 5496 sunt,
1212 5443 1267 5486 et
1296 5432 1398 5490 hoc
1426 5435 1692 5506 objectum
1718 5450 1818 5509 est,
1857 5445 1999 5515 quod

413 5510 637 5578 diceret,
679 5516 898 5585 gratiam
937 5519 1031 5574 Dei
1071 5522 1362 5580 secundum
1401 5530 1590 5584 merita
1617 5541 1800 5589 nostra
1841 5510 1997 5592 dari:

413 5605 556 5677 quod
599 5607 675 5661 sic
710 5608 940 5665 alienum
979 5622 1060 5668 est
1101 5629 1132 5670 a
1172 5618 1430 5673 catholica
1468 5619 1707 5679 doctrina
1739 5635 1792 5681 et
1820 5627 1998 5684 inimi-

411 5710 536 5752 cum
575 5701 758 5768 gratiae
795 5702 1022 5772 Christi,
1062 5716 1122 5763 ut
1159 5710 1262 5767 nisi
1292 5711 1394 5768 hoc
1419 5713 1684 5783 objectum
1723 5719 1824 5775 sibi
1867 5736 1998 5780 ana-

477 5803 496 5836 τ²
520 5812 828 5866 Corbeiensis
847 5823 951 5880 Ms,
974 5817 1120 5871 etim.

1282 335 1370 391 DE
1407 335 1666 394 GRATIA
1703 336 1796 394 ET
1831 336 2082 397 LIBERO
2119 340 2462 410 ARBITRIU,
2504 344 2559 401 S.
2603 347 2966 408 AUGUSTINI

3635 369 3756 428 888

2158 455 2445 513 themasset
2461 460 2500 528 ί,
2523 460 2638 532 ipse
2657 463 2779 521 inde
2797 468 3167 528 anathematus
3187 472 3382 532 exisset
3397 474 3496 550 (a).
3518 477 3625 538 Sed
3648 484 3750 540 fal-
3785 519 3796 530 κ

2152 547 2336 603 laciter
2347 565 2470 605 eum
2483 553 2869 625 anathemasse,
2886 555 3208 630 posteriores
3223 565 3340 636 ejus
3353 547 3583 626 indicant
3595 573 3723 631 libri
3737 628 3751 638 .

2153 639 2204 694 in
2237 641 2428 708 quibus
2453 647 2673 702 omnino
2699 649 2832 704 nihil
2869 651 3012 708 aliud
3037 654 3294 725 defendit,
3323 677 3483 730 quam
3515 668 3751 734 gratiam

2151 731 2247 787 Dei
2271 735 2559 790 secundum
2586 740 2776 796 merita
2804 752 2984 799 nostra
3005 745 3146 801 'dari.
3172 749 3319 806 Talia
3349 768 3478 825 ergo
3500 731 3569 812 de
3596 757 3750 814 Scri-

2147 825 2318 895 pturis
2349 829 2628 899 colligunt,
2652 833 2808 902 quale
2833 846 2916 890 est
2945 837 3044 893 hoc
3072 856 3236 897 unum
3262 847 3401 913 quod
3433 849 3588 917 paulo
3613 861 3748 909 ante

2147 914 2286 984 dixi,
2317 917 2678 977 Convertimini
2703 925 2772 979 ad
2808 944 2916 995 me,
2946 939 2993 983 et
3021 945 3282 988 convertar
3309 935 3378 990 ad
3406 914 3532 1004 vos;
3565 953 3621 997 ut
3650 960 3745 1000 se-

2145 1009 2377 1065 cundum
2410 1016 2656 1070 meritum
2687 1022 3051 1078 conversionis
3082 1037 3278 1082 nostra:
3317 1031 3382 1084 ad
3418 1033 3606 1101 Deum,
3641 1038 3746 1094 de-

2146 1109 2233 1156 tur
2273 1105 2440 1174 gratia
2480 1108 2616 1176 ejus,
2658 1111 2710 1165 in
2750 1129 2852 1184 qua
2891 1116 2959 1170 ad
3001 1133 3099 1172 nos
3137 1129 3192 1174 et
3229 1122 3342 1192 ipse
3381 1130 3742 1187 convertitur.

2142 1189 2254 1248 Nec
2282 1195 2562 1253 attendunt
2588 1200 2679 1270 qui
2708 1202 2811 1258 hoc
2851 1207 3104 1273 sentiunt,
3140 1189 3261 1281 quia
3291 1214 3391 1268 nisi
3418 1216 3616 1273 donum
3645 1221 3744 1278 Dei

2142 1292 2288 1340 esset
2325 1287 2484 1342 etiam
2527 1290 2637 1359 ipsa
2674 1292 2742 1348 ad
2783 1294 2950 1351 Deum
2990 1308 3172 1356 nostra
3209 1307 3513 1374 conversio,
3544 1325 3650 1366 non
3688 1311 3742 1368 ei

2140 1375 2424 1447 diceretur,
2466 1381 2606 1438 Deus
2632 1385 2893 1456 uirtutum,
2935 1405 3164 1448 converte
3205 1413 3297 1450 nos
3338 1397 3508 1469 (Psal.
3542 1417 3738 1470 LXXIX,

2139 1466 2216 1536 8);
2265 1479 2338 1537 et,
2385 1469 2543 1538 Deus,
2591 1483 2646 1528 tu
2682 1489 2973 1535 convertens
3017 1475 3292 1553 viviﬁcabis
3321 1466 3452 1554 nos;
3488 1502 3563 1557 et,
3596 1466 3740 1548 Con;

2137 1569 2271 1614 verte
2313 1577 2423 1629 nos,
2465 1562 2606 1619 Deus
2646 1568 2921 1624 sanitatum
2964 1583 3252 1630 nostrarum
3291 1578 3464 1646 (Psal.
3509 1599 3734 1653 Luxn',

2139 1648 2192 1716 7,
2226 1648 2304 1723 5);
2333 1661 2390 1707 et
2415 1651 2721 1724 hujusmodi
2750 1659 2874 1725 alia,
2905 1677 3025 1732 quae
3063 1679 3487 1727 commemorare
3515 1648 3736 1746 longum

2135 1751 2235 1798 est.
2264 1742 2396 1798 Nam
2414 1754 2468 1800 et
2497 1749 2678 1804 venire
2701 1750 2769 1805 ad
2791 1751 3083 1824 Christum,
3113 1758 3243 1828 quid
3261 1771 3343 1816 est
3369 1763 3510 1820 aliud
3541 1742 3643 1822 nisi
3665 1769 3735 1824 ad

2135 1849 2255 1890 eum
2295 1837 2564 1896 credendo
2592 1845 2872 1900 converti?
2903 1847 2968 1902 Et
3007 1858 3184 1907 tamen
3213 1853 3289 1909 ait
3319 1872 3334 1908 :
3372 1855 3537 1912 Nemo
3566 1871 3734 1930 potest

2134 1927 2299 1982 venire
2329 1931 2398 1984 ad
2425 1946 2524 2001 me,
2553 1934 2653 1989 nisi
2691 1935 2867 1992 datum
2893 1940 3049 2010 fuerit
3078 1944 3122 1997 ei
3149 1961 3181 1998 a
3220 1944 3378 2003 Patre
3403 1966 3512 2005 meo
3546 1927 3728 2024 (.loan.

2135 2025 2210 2090 vi,
2243 2022 2354 2094 66).

2207 2115 2294 2168 11.
2337 2115 2468 2172 Item
2498 2120 2640 2190 quod
2670 2123 2925 2194 scriptum
2958 2135 3040 2183 est
3063 2128 3115 2184 in
3145 2129 3282 2187 libro
3310 2135 3534 2190 secundo
3560 2136 3727 2194 Para-

2132 2204 2460 2276 lipomenon,
2490 2209 2740 2268 Dominus
2777 2202 3050 2284 vobiscum,
3089 2237 3203 2275 cum
3231 2239 3319 2278 vos
3345 2227 3462 2280 estis
3491 2243 3603 2281 cum
3644 2247 3726 2299 eo,
3773 2227 3785 2234 ”

2131 2305 2178 2350 et
2215 2298 2259 2351 si
2293 2300 2594 2368 quaesieritis
2632 2321 2764 2371 eum,
2798 2307 3094 2377 invenietis;
3137 2314 3182 2366 si
3223 2324 3389 2369 autem
3427 2319 3730 2388 reliqueritis

2131 2405 2264 2456 eum,
2297 2392 2602 2463 derelinquet
2629 2413 2716 2453 vos
2749 2397 2814 2469 (ll
2849 2399 2975 2454 Par.
3021 2420 3108 2469 xv,
3137 2405 3219 2476 2);
3261 2409 3567 2466 manifestat
3604 2416 3726 2484 qui-

2129 2481 2252 2538 dem
2279 2486 2568 2543 voluntatis
2595 2491 2898 2550 arbitrium.
2927 2494 3030 2550 Sed
3062 2498 3138 2552 illi
3167 2501 3256 2569 qui
3287 2501 3475 2558 dicunt
3500 2481 3725 2576 gratiam

2131 2573 2226 2629 Dei
2252 2578 2546 2633 secundum
2577 2583 2768 2638 merita
2809 2597 2992 2641 nostra
3017 2588 3153 2656 dari,
3185 2591 3283 2647 ista
3316 2596 3618 2654 testimonia
3648 2601 3726 2656 sic

2129 2666 2415 2736 accipiunt,
2464 2679 2521 2726 ut
2563 2672 2744 2730 dicant
2786 2678 3035 2734 meritum
3083 2696 3322 2740 nosuum
3368 2687 3421 2742 in
3463 2704 3528 2745 eo
3567 2707 3720 2760 esse,

2127 2757 2268 2827 quod
2295 2773 2478 2818 sumus
2503 2779 2626 2820 cum
2656 2767 2798 2835 Deo;
2827 2770 2944 2841 ejus
2968 2783 3146 2829 autem
3171 2779 3398 2846 gratiam
3427 2757 3724 2841 secundum

2127 2847 2231 2904 hoc
2255 2853 2502 2908 meritum
2529 2855 2664 2924 dari,
2694 2868 2751 2915 ut
2777 2853 2850 2916 sit
2876 2871 2929 2918 et
2956 2864 3069 2934 ipse
3097 2870 3391 2926 nobiscum.
3423 2873 3555 2930 Item
3589 2894 3711 2934 me-

2127 2941 2288 2998 ritum
2325 2957 2566 3003 nostrum
2599 2951 2653 3006 in
2687 2967 2753 3007 eo
2787 2968 2927 3021 esse,
2967 2958 3110 3028 quod
3153 2964 3442 3031 quarrimus
3471 2981 3633 3035 eum;
3668 2982 3724 3027 et

2125 3035 2419 3092 secundum
2448 3038 2551 3096 hoc
2570 3043 2819 3099 meritum
2843 3046 2956 3102 dari
2983 3049 3100 3120 ejus
3119 3054 3366 3122 gratiam,
3397 3067 3453 3111 ut
3475 3059 3721 3117 invenia-

2124 3141 2248 3182 mus
2274 3143 2419 3186 eum.
2455 3132 2519 3186 Et
2547 3133 2599 3187 in
2629 3134 2766 3190 libro
2793 3139 2967 3207 primo
2991 3143 3132 3212 quod
3159 3144 3360 3202 dictum
3389 3158 3492 3215 est,
3526 3151 3594 3206 Et
3624 3164 3679 3207 tu
3703 3197 3717 3222 ,

2124 3215 2372 3273 Salomon
2414 3221 2494 3290 ﬁli
2527 3225 2618 3290 mi,
2657 3242 2900 3298 cognosce
2929 3229 3115 3300 Deum,
3147 3245 3195 3290 et
3229 3240 3356 3293 servi
3393 3242 3440 3295 ei
3473 3243 3527 3296 in
3567 3215 3722 3302 corde

2125 3311 2347 3380 perfecto
2375 3323 2422 3367 et
2461 3315 2634 3370 anima
2663 3320 2858 3376 volente
2874 3339 2891 3387 ;
2931 3325 3049 3394 quia
3084 3329 3254 3382 omnia
3280 3332 3435 3386 corda
3463 3345 3720 3391 scrutatur

2121 3401 2397 3472 Dominus,
2437 3417 2485 3460 et
2531 3424 2727 3464 omnem
2773 3415 3126 3486 cogitationem
3169 3425 3412 3480 mentium
3441 3429 3577 3483 novit
3617 3447 3636 3484 :
3675 3432 3719 3486 si

2120 3498 2376 3566 qtttesieri's
2400 3517 2536 3568 eum,
2569 3503 2848 3560 inuenietur
2877 3509 2998 3573 tibi;
3026 3521 3070 3565 et
3099 3513 3142 3566 si
3170 3514 3421 3574 dimiseris
3460 3537 3594 3586 eum,
3626 3540 3715 3578 re-

2122 3589 2272 3656 pellet
2301 3600 2348 3644 te
2384 3592 2438 3645 in
2469 3605 2765 3664 perpetuum
2799 3597 2841 3670 (1
2873 3599 2999 3654 Par.
3029 3620 3211 3672 xxvm,
3247 3608 3327 3681 9);
3355 3610 3592 3670 declarat
3615 3632 3714 3672 vo-

2121 3677 2339 3734 luntatis
2367 3681 2666 3740 arbitrium.
2697 3689 2802 3743 Sed
2831 3689 2906 3746 illi
2938 3691 2990 3746 in
3021 3710 3086 3749 eo
3112 3677 3314 3766 ponunt
3341 3706 3588 3761 meritum
3615 3709 3715 3765 ho-

2119 3771 2300 3839 minis,
2337 3775 2481 3844 quod
2510 3777 2711 3833 dictum
2752 3789 2856 3850 est,
2885 3785 2929 3839 si
2957 3791 3213 3857 qutesieris
3237 3811 3352 3848 eum
3369 3812 3391 3860 ;
3428 3808 3481 3852 et
3511 3815 3709 3857 secun-

2117 3863 2244 3919 dum
2275 3865 2377 3921 hoc
2406 3869 2651 3925 meritum
2691 3871 2805 3929 dari
2831 3878 3080 3948 gratiam,
3128 3883 3180 3938 in
3225 3899 3291 3940 eo
3326 3889 3463 3958 quod
3500 3891 3704 3950 dictum

2118 3955 2258 4022 est”,
2304 3957 2582 4014 invenietur
2625 3962 2716 4017 tibi
2747 3979 2767 4017 :
2804 3975 2857 4021 et
2890 3970 3109 4026 omnino
3149 3955 3409 4047 laborant,
3449 3992 3708 4052 quantum

2116 4057 2357 4116 possunt,
2387 4050 2671 4109 ostendere
2698 4058 2923 4125 gratiam
2950 4060 3044 4117 Dei
3072 4067 3367 4125 secundum
3396 4050 3581 4129 merita
3609 4092 3705 4133 uo-

2115 4145 2224 4192 stra
2253 4139 2400 4207 dari;
2430 4142 2531 4197 hoc
2559 4153 2660 4214 est,
2687 4149 2910 4216 gratiam
2939 4166 3048 4208 non
3077 4170 3198 4212 esse
3221 4162 3469 4229 gratiam.
3499 4165 3704 4233 Quibus

2115 4232 2257 4286 enim
2313 4235 2605 4292 secundum
2663 4243 2910 4299 meritum
2970 4249 3228 4320 redditur,
3278 4271 3380 4310 non
3428 4259 3708 4330 imputatur

2114 4339 2300 4379 merces
2325 4328 2598 4382 secundum
2618 4333 2856 4403 gratiam,
2881 4339 2969 4392 sed
2999 4345 3275 4398 secundum
3296 4328 3538 4417 debitum,
3571 4355 3706 4412 sicut

2113 4417 2450 4485 apertissime
2474 4419 2604 4475 dicit
2629 4423 2917 4493 Apostolus
2945 4428 3118 4504 (Rom.
3145 4451 3216 4502 iv,
3246 4437 3322 4510 4).

2185 4508 2271 4562 12.
2313 4509 2557 4566 Meritum
2593 4517 2736 4571 enim
2776 4518 2876 4574 fuit
2913 4523 3125 4592 quidem
3157 4530 3208 4582 in
3236 4508 3479 4599 apostolo
3515 4537 3698 4611 Paulo,

2113 4598 2206 4653 sed
2236 4601 2456 4668 malum,
2502 4607 2715 4676 quando
2743 4616 3158 4683 persequebatur
3185 4598 3483 4681 Ecclesium
3513 4646 3525 4682 :
3561 4598 3701 4689 unde

2112 4690 2258 4760 dicit,
2302 4692 2423 4748 Non
2466 4713 2578 4750 sum
2612 4700 2822 4758 idoneus
2851 4709 3016 4763 vocari
3041 4711 3336 4783 Apostolus,
3377 4723 3496 4791 quia
3531 4742 3697 4795 perse-

2110 4792 2254 4839 cutus
2290 4802 2402 4840 sum
2429 4786 2713 4847 Ecclesiam
2745 4795 2860 4851 Dei.
2890 4799 3024 4856 Cum
3052 4819 3178 4875 ergo
3209 4786 3430 4868 haberet
3453 4786 3556 4872 hoc
3581 4835 3696 4875 me-

2109 4965 2335 5038 ideoque
2364 4981 2580 5026 secutus
2607 4974 2865 5046 adjunxit,
2899 4981 3006 5037 Sed
3031 4989 3196 5055 gratia
3223 4989 3321 5045 Dei
3347 4965 3459 5050 sum
3485 4999 3540 5053 id
3562 5004 3696 5071 quod

2108 5073 2238 5111 sum.
2269 5062 2443 5131 Atque
2475 5072 2530 5118 ut
2557 5069 2864 5125 ostenderet
2893 5083 2947 5128 et
2973 5075 3200 5133 liberum
3241 5084 3540 5158 arbitrium,
3572 5062 3693 5150 mox

2108 5149 2330 5220 addidit,
2367 5163 2412 5207 et
2441 5158 2606 5226 gratia
2632 5161 2750 5231 ejus
2779 5163 2832 5217 in
2871 5183 2964 5254 me~
2986 5184 3141 5225 vacua
3180 5191 3280 5229 non
3316 5182 3433 5249 fuit,
3464 5149 3553 5238 sed
3579 5188 3693 5258 plus

2107 5245 2336 5300 omnibus
2381 5246 2484 5303 illis
2530 5249 2771 5310 laboravi.
2811 5256 2924 5314 Hoc
2961 5251 3104 5318 enim
3147 5245 3372 5327 liberum
3416 5245 3690 5336 arbitrium

2107 5333 2339 5393 hominis
2365 5340 2676 5400 exhortatur
2701 5355 2757 5402 et
2783 5348 2834 5403 in
2862 5351 3004 5420 aliis,
3035 5357 3228 5427 quibus
3255 5361 3403 5432 dicit,
3433 5333 3693 5442 Rogamus

2171 5470 2928 5562 inet
2947 5487 3089 5551 infra,
3111 5494 3552 5562 anathematizatus,
3582 5520 3691 5557 mm-

2105 5530 2547 5624 it‘
2555 5546 2658 5590 Mss.
2681 5530 3691 5624 miiqdiar'ega’za'i/W'a,‘

2104 5597 2562 5672 “6:.th-
