4022 6466
261 524 318 562 ne
341 507 392 560 in
420 517 630 558 vacuum
675 512 891 572 gratiam
933 496 1029 554 Dei
1066 497 1352 568 suscipiatis
1379 493 1449 567 (ll
1495 492 1613 550 Car.
1642 508 1717 559 γι,
1751 493 1829 562 1).

260 597 443 668 thuid
474 594 612 649 enim
657 607 752 648 eos
795 600 978 663 rogat,
1007 591 1052 645 si
1080 590 1304 661 gratiam
1344 588 1423 643 sic
1461 591 1834 656 susceperunt,

261 704 310 745 ut
347 687 609 758 propriam
651 683 936 754 perderent
962 680 1324 736 voluntatem?
1364 679 1564 732 Tamen
1613 693 1680 731 ne
1722 677 1837 744 ipsa

259 782 490 835 voluntas
530 779 646 831 sine
682 777 851 848 gratia
883 775 977 831 Dei
1021 783 1237 846 putetur
1263 774 1386 828 boni
1417 771 1615 843 aliquid
1655 786 1832 841 posse,

257 872 496 927 continuo
524 883 644 923 cum
687 867 930 930 dixisset,
975 865 1154 920 Gratia
1183 866 1293 935 ejus
1334 867 1387 918 in
1429 881 1506 918 me
1535 879 1692 917 vacua
1733 879 1834 916 nan

256 966 364 1036 fuit,
395 963 482 1018 sed
523 963 636 1030 plus
662 960 890 1024 omnibus
923 959 1027 1015 illis
1067 959 1328 1023 laboravi;
1362 958 1634 1027 suhjnnxit
1676 968 1836 1026 atque

254 1059 338 1122 ait,
376 1055 423 1109 Ν
430 1073 494 1108 οη
523 1071 612 1125 ego
639 1064 825 1118 autem,
857 1052 946 1106 sed
983 1053 1148 1124 gratia
1175 1050 1272 1104 Dei
1299 1067 1492 1104 mecum
1520 1048 1564 1120 (ι
1594 1048 1712 1104 Car.
1743 1065 1831 1116 xv,

252 1149 300 1211 9,
331 1150 417 1216 10)
445 1165 457 1202 :
501 1147 549 1201 id
576 1156 680 1211 est,
713 1161 819 1199 non
848 1145 1015 1209 solus,
1044 1143 1136 1199 sed
1162 1142 1331 1213 gratia
1361 1141 1454 1196 Dei
1484 1157 1692 1195 mecum
1730 1159 1741 1195 :
1773 1155 1836 1196 ac

255 1241 340 1312 per
368 1240 467 1293 hoc
499 1254 596 1293 nec
625 1239 794 1308 gratia
836 1237 928 1292 Dei
957 1237 1091 1302 sola,
1120 1234 1226 1290 nec
1248 1235 1361 1305 ipse
1391 1235 1558 1301 solus,
1592 1232 1686 1288 sed
1716 1249 1837 1304 gra-

254 1335 316 1388 tia
345 1333 437 1388 Dei
469 1348 588 1386 cum
616 1332 724 1386 illo.
753 1329 825 1386 Ut
850 1338 1026 1384 autem
1054 1329 1121 1384 de
1145 1328 1284 1384 caelo
1310 1337 1610 1392 vocaretur,
1642 1335 1696 1382 et
1726 1337 1833 1381 tam

253 1420 431 1494 magna
453 1422 825 1478 eflicaciSSima
848 1422 1126 1476 vocatione
1147 1429 1550 1476 converteretur
1571 1420 1706 1491 (Act.
1733 1418 1828 1490 Ix),

251 1519 407 1588 gmtia
450 1517 545 1571 Dei
571 1525 686 1572 erat
725 1517 873 1581 sola;
918 1517 1041 1584 quia
1070 1517 1259 1571 merita
1285 1515 1400 1584 ejus
1428 1524 1579 1568 erant
1620 1530 1830 1585 magna,

253 1609 337 1664 sed
367 1609 524 1662 mala.
559 1609 796 1678 Denique
823 1617 879 1664 et
903 1608 1028 1662 alibi
1056 1609 1181 1662 dicit
1207 1608 1272 1662 ad
1299 1607 1644 1662 Timotheum
1671 1626 1683 1661 :
1716 1606 1835 1663 Cal-

252 1702 412 1755 labora
446 1700 722 1773 Evangelia
745 1702 1019 1754 secundum
1045 1702 1273 1754 virtutem
1306 1699 1403 1754 Dei
1432 1699 1598 1755 salvas
1629 1718 1717 1756 nas
1747 1705 1830 1773 fa-

252 1793 434 1858 cientis,
464 1803 511 1847 et
539 1795 762 1847 vocantis
786 1793 1050 1847 vacatione
1075 1809 1169 1846 sua
1193 1803 1369 1846 sancta
1386 1785 1411 1856 ;Δ
1433 1809 1535 1846 non
1557 1793 1832 1846 secundum

252 1904 395 1956 opera
437 1897 632 1952 nostra,
672 1886 760 1942 sed
796 1885 1070 1940 secundum
1108 1902 1254 1939 suum
1295 1885 1605 1954 propositum
1637 1896 1682 1940 et
1709 1902 1832 1955 gra-

251 1982 381 2046 tiam,
415 1996 530 2048 qua:
555 1979 676 2032 data
705 1988 778 2033 est
805 1978 947 2033 nobis
971 1980 1024 2032 in
1052 1976 1249 2032 Christo
1278 1976 1401 2030 Jesu
1431 1976 1496 2050 (ll
1527 1976 1657 2030 Tim.
1693 1993 1705 2030 ι
1729 2018 1742 2040 ,
1776 1979 1829 2045 8,

251 2073 320 2142 9).
353 2073 479 2126 Item
513 2073 701 2127 merita
736 2087 850 2134 sua,
895 2072 988 2127 sed
1022 2072 1160 2126 mala
1187 2087 1616 2126 commemorans
1658 2071 1785 2126 dicit
1815 2091 1828 2126 :

252 2161 458 2217 Fuimus
473 2164 607 2216 enim
632 2163 773 2217 stulti
798 2172 845 2217 et
874 2180 964 2218 nos
988 2163 1262 2234 aliquando
1289 2174 1334 2217 et
1363 2163 1630 2229 increduli,
1658 2180 1834 2218 erran-

251 2263 335 2320 tes,
362 2255 632 2309 servientes
658 2253 918 2309 desideriis
947 2264 992 2308 et
1030 2255 1370 2324 voluptatibus
1395 2256 1568 2320 variis,
1601 2256 1653 2308 in
1685 2255 1834 2309 mali-

251 2349 314 2401 tia
349 2358 393 2401 et
423 2349 618 2402 invidia
659 2359 883 2420 agentes,
913 2349 1270 2404 abominabiles
1291 2392 1304 2415 ,
1347 2351 1556 2404 invicem
1589 2349 1705 2404 adio
1741 2351 1835 2403 ha-

252 2440 422 2494 bentes.
455 2441 593 2506 Quid
625 2442 739 2495 istis
774 2451 881 2496 tam
911 2441 1065 2496 malis
1096 2442 1298 2496 meritis
1339 2442 1438 2496 nisi
1468 2457 1622 2512 poena
1654 2443 1834 2513 utique

248 2530 576 2586 debebatur?
613 2531 720 2587 Sed
766 2533 876 2587 Deo
917 2531 1175 2588 reddente
1218 2533 1355 2587 bona
1398 2549 1494 2603 pro
1534 2533 1707 2596 malis,
1740 2548 1836 2603 per

241 2624 468 2692 gratiam
495 2639 612 2693 qua:
642 2639 746 2678 non
777 2623 1070 2680 secundum
1110 2625 1298 2680 merita
1327 2633 1508 2679 nostra
1535 2625 1708 2690 datur,
1753 2623 1832 2677 fa-

240 2722 374 2768 ctum
401 2723 498 2770 est
535 2714 678 2786 quod
705 2714 898 2770 deinde
923 2715 1193 2787 subjungit
1220 2726 1275 2772 et
1303 2717 1430 2771 dicit
1461 2734 1474 2771 :
1528 2735 1546 2768 ι
1580 2715 1711 2771 Cum
1742 2731 1836 2770 au-

241 2817 338 2863 tem
370 2809 681 2880 benignitas
710 2819 764 2864 et
793 2809 1093 2864 humanitas
1135 2809 1308 2864 illuxit
1338 2809 1636 2864 Salvatoris
1666 2809 1832 2864 nostri

240 2902 344 2968 Dei,
387 2917 506 2956 non
537 2917 600 2956 ex
631 2900 885 2972 operibus
905 2901 1124 2970 justiti-ae
1163 2917 1282 2972 qua:
1313 2902 1536 2956 fecimus
1567 2917 1698 2967 nos;
1741 2901 1833 2956 sed

241 2995 539 3050 secundum
570 3009 720 3049 suam
761 2995 1181 3049 misericordiam
1223 2995 1399 3049 salvos
1425 3011 1522 3049 nos
1569 2993 1708 3058 fecit,
1744 3010 1838 3064 per

241 3086 441 3142 lavacru
460 3102 510 3140 m
551 3087 970 3155 regenerationis
997 3096 1050 3141 et
1075 3086 1437 3141 renovationis
1461 3087 1689 3156 Spiritus
1715 3102 1839 3141 san-

245 3179 340 3246 cti,
387 3194 554 3249 quem
599 3178 861 3233 ditissime
900 3178 1089 3234 effudit
1139 3193 1300 3248 super
1349 3194 1466 3244 nos,
1519 3195 1612 3249 per
1653 3179 1833 3234 Jcsum

248 3269 510 3324 Christum
560 3270 889 3325 Salvatorem
933 3277 1197 3332 nostrum,
1250 3279 1307 3323 ut
1354 3269 1626 3339 justillcati
1668 3272 1836 3341 ipsius

245 3361 426 3431 gratia,
487 3360 728 3417 lneredes
794 3360 1089 3416 efﬁciamur
1141 3360 1434 3416 secundum
1508 3375 1659 3432 Spem
1712 3363 1835 3416 vita:

247 3465 454 3511 :eternze
481 3453 610 3528 (Tit.
636 3471 711 3521 ιιι,
741 3455 886 3525 5-7).

311 3548 542 3606 CAPUT
570 3547 657 3604 Vl.
685 3579 756 3588 —
782 3549 870 3604 15.
905 3547 998 3604 His
1033 3557 1086 3604 et
1124 3546 1316 3603 talibus
1345 3549 1662 3604 testimoniis
1696 3549 1834 3606 divi-

247 3643 325 3696 nis
354 3643 632 3712 probatur,
660 3641 884 3712 gratiam
915 3640 1007 3695 Dei
1047 3655 1153 3695 uon
1194 3639 1485 3694 secundum
1515 3643 1704 3697 merita
1732 3657 1834 3698 no-

247 3745 348 3789 stra
379 3734 495 3789 dari
523 3752 537 3789 :
563 3732 992 3804 quandoquidem
1019 3747 1125 3787 non
1155 3732 1329 3788 solum
1361 3732 1518 3787 nullis
1543 3733 1718 3798 bonis,
1743 3748 1835 3789 vc-

245 3845 355 3884 rum
386 3828 548 3884 etiam
596 3827 776 3882 multis
800 3827 1004 3882 meritis
1047 3827 1201 3882 malis
1232 3826 1658 3897 prtecedentibns
1681 3826 1832 3884 vide-

244 3938 359 3978 mus
383 3922 588 3986 datam,
619 3927 674 3974 et
698 3920 934 3990 quotidie
959 3919 1074 3974 dari
1106 3920 1369 3974 videmus.
1400 3919 1506 3974 Sed
1533 3920 1689 3991 plane
1711 3936 1833 3975 cmn

244 4013 360 4070 data
389 4013 590 4077 fuerit,
621 4011 878 4081 incipiunt
906 4026 1027 4067 esse
1050 4013 1209 4066 etiam
1240 4013 1430 4066 merita
1459 4023 1637 4066 nostra
1667 4013 1830 4081 bona,

244 4121 335 4175 per
375 4106 521 4162 illam
557 4113 732 4157 tamen
775 4120 787 4155 :
819 4119 942 4157 nam
983 4104 1027 4157 si
1067 4119 1126 4157 se
1170 4104 1259 4158 illa
1294 4105 1638 4170 subtraxerit,
1694 4105 1836 4160 cadit

245 4199 404 4254 homo
425 4241 441 4267 ,
473 4213 577 4252 non
606 4206 848 4264 erectus,
877 4196 970 4252 sed
999 4197 1361 4267 prrccipitatus
1388 4199 1560 4253 libero
1586 4200 1828 4256 arbitrio.

243 4294 576 4363 Quapropter
602 4305 702 4345 nec
739 4289 951 4361 quando
977 4289 1202 4359 coeperit
1224 4289 1384 4344 homo
1414 4289 1615 4346 habere
1643 4293 1832 4348 merita

243 4387 396 4452 bona,
426 4385 585 4440 debet
609 4383 708 4438 sibi
738 4383 970 4438 tribuere
1003 4383 1089 4436 illa
1110 4424 1124 4448 ,
1155 4382 1249 4439 sed
1275 4383 1406 4449 Deo,
1436 4383 1521 4438 cui
1551 4383 1749 4441 dicitur
1777 4387 1831 4442 in

244 4477 457 4532 l’salmo
483 4517 495 4540 ,
527 4473 745 4542 Adiutor
768 4491 911 4528 meus
941 4485 1072 4539 esto,
1109 4491 1172 4529 ne
1193 4473 1514 4546 derelinquas
1538 4493 1618 4530 me
1657 4475 1831 4547 (Psal.

243 4586 393 4636 xxvi,
427 4566 506 4642 9).
542 4567 797 4635 Dicenda,
826 4583 886 4622 ne
913 4567 1233 4639 derelinquas
1260 4584 1355 4636 me,
1381 4569 1614 4624 ostendit
1639 4571 1762 4641 quia
1789 4572 1832 4625 si

241 4665 530 4720 derelictus
558 4661 735 4730 fuerit,
763 4662 891 4720 nihil
919 4662 1042 4715 boni
1068 4662 1206 4716 valet
1227 4663 1340 4734 ipse
1368 4679 1460 4732 per
1486 4679 1544 4718 se
1574 4682 1585 4718 :
1616 4665 1755 4720 unde
1781 4674 1836 4721 et

242 4759 329 4814 ille
359 4759 432 4812 ait
460 4797 474 4822 ,
506 4755 617 4827 Ego
646 4755 756 4810 dixi
779 4757 831 4809 in
866 4755 1180 4808 abundantia
1203 4772 1313 4808 mea
1333 4797 1350 4824 ,
1374 4754 1492 4810 Non
1522 4757 1754 4811 movebar
1781 4759 1833 4812 in

241 4861 507 4904 wternum.
547 4848 831 4904 Putaverat
859 4847 1000 4902 enim
1051 4862 1205 4901 suum
1236 4845 1400 4901 fuisse
1428 4847 1624 4902 bonum
1644 4889 1661 4916 ,
1693 4850 1833 4920 quod

243 4945 287 4999 ei
330 4944 410 4998 sic
439 4943 778 5009 abundabat,
814 4951 870 4996 ut
908 4957 1015 4996 non
1046 4950 1392 4996 moveretur:
1443 4940 1538 4996 sed
1570 4951 1627 4995 ut
1653 4950 1834 4996 osten-

243 5036 461 5092 daretur
486 5036 562 5090 illi
586 5077 600 5101 ,
626 5035 778 5105 cujus
806 5042 949 5089 esset
980 5032 1111 5087 illud
1135 5034 1176 5099 ³,
1205 5031 1274 5088 de
1300 5049 1406 5103 quo
1455 5043 1704 5104 tanquam
1737 5049 1836 5090 suo

243 5137 486 5201 coeperat
512 5129 758 5200 gloriari,
791 5127 1059 5198 paululum
1087 5126 1254 5196 gratia
1285 5125 1568 5181 deserente
1593 5127 1613 5157 ²
1644 5125 1834 5182 admo-

245 5224 388 5278 nitus
412 5221 542 5276 dicit
566 5263 578 5286 ,
606 5219 826 5274 Domine
845 5262 858 5287 ,
883 5220 934 5274 in
961 5217 1216 5274 voluntate
1241 5227 1325 5272 tua
1354 5219 1630 5289 praestitisti
1662 5220 1834 5276 decori

243 5331 353 5370 meo
395 5315 667 5379 virtutem;
717 5313 938 5366 avertisti
983 5321 1149 5365 autem
1180 5311 1361 5381 faciem
1405 5320 1544 5363 luant
1571 5328 1601 5364 a
1627 5329 1740 5379 me,
1787 5324 1837 5368 et

245 5412 410 5478 [actus
457 5421 568 5460 sum
611 5403 935 5458 conturbatus
965 5401 1137 5476 (Psal.
1169 5418 1336 5470 χχιι,
1380 5401 1432 5466 7,
1479 5400 1558 5470 8).
1595 5402 1717 5458 ldeo
1742 5419 1838 5460 ne-

245 5499 536 5555 cessarium
567 5505 650 5552 est
687 5496 908 5559 homini,
942 5504 999 5549 ut
1022 5496 1190 5566 gratia
1220 5495 1312 5549 Dei
1339 5511 1442 5549 non
1472 5494 1642 5548 solum
1670 5495 1836 5565 justi-

249 5592 437 5647 licetur
464 5591 677 5662 impius,
705 5588 757 5643 id
783 5598 866 5644 est
885 5630 898 5653 ,
927 5603 990 5643 ex
1024 5587 1187 5658 impio
1217 5589 1305 5641 liat
1325 5589 1502 5658 justus
1521 5629 1536 5655 ,
1563 5603 1684 5642 cum
1716 5587 1838 5643 red~

276 5710 328 5817 i1
352 5705 667 5817 rgiggscujus
700 5711 822 5756 esset
866 5701 990 5754 illud
1022 5700 1209 5754 bonum.
1251 5701 1412 5764 Abest,
1450 5701 1644 5765 bonum,
1675 5715 1704 5753 a
1727 5701 1836 5767 ple-

291 5783 384 5817 sun
532 5806 544 5817 .

247 5781 417 5832 risque
440 5781 544 5820 uss.

313 5827 496 5892 "editi,
535 5830 696 5898 gratia
729 5829 818 5898 pei
849 5830 1112 5881 deserente.
1154 5827 1319 5890 Abest,
1361 5827 1468 5891 Dei,
1508 5831 1653 5882 etiam
1675 5829 1835 5894 apte-

250 5895 416 5957 rlsque
438 5894 789 5956 mariuscriptis.

1656 373 1858 430 LIBER
1893 371 2076 432 UNUS

3431 379 3540 442 890

1945 493 2141 550 duntur
2163 495 2210 551 ei
2237 495 2375 551 bona
2420 512 2514 568 pro
2546 498 2727 565 malis;
2751 497 2846 554 sed
2875 499 3034 554 etiam
3061 515 3184 556 cum
3221 499 3384 557 fuerit
3407 503 3522 572 jam

1939 584 2257 655 justilicatus
2282 605 2345 643 ex
2363 588 2484 655 lide,
2513 591 2750 646 ambulet
2765 606 2886 645 cum
2917 591 3005 645 illo
3025 593 3214 662 gratia,
3246 603 3301 650 et
3323 609 3534 650 Incum-

1941 678 2034 732 bat
2056 695 2217 750 super
2241 682 2409 750 ipsam
2439 697 2505 737 ne
2530 682 2704 738 cadat.
2740 684 2970 752 Propter
2997 684 3102 741 hoc
3142 689 3400 758 scriptum
3447 695 3533 744 est

1941 771 1996 825 in
2021 771 2241 828 Cantica
2269 775 2595 830 canticorum
2626 777 2694 831 de
2721 778 2830 847 ipsa
2865 778 3098 834 Ecclesia
3132 796 3144 832 :
3182 778 3308 846 Qua:
3333 790 3407 834 est
3433 781 3530 836 ista

1941 879 2053 933 qua:
2071 866 2294 918 ascendit
2311 867 2561 929 dealbata,
2581 867 2870 923 incumbens
2896 886 3051 940 super
3073 871 3364 941 fratruelem
3377 889 3530 927 suum

1947 954 2117 1025 (Cant.
2154 974 2266 1021 νιιι,
2297 958 2396 1030 5)?
2421 959 2673 1016 Dealbata
2703 971 2785 1016 est
2816 963 2959 1017 enim
2989 980 3105 1030 qua:
3142 979 3238 1034 per
3265 979 3324 1019 se
3363 966 3533 1035 ipsam

1940 1049 2056 1104 alba
2082 1065 2202 1105 esse
2243 1066 2348 1106 non
2394 1063 2595 1122 posset.
2629 1054 2696 1107 Et
2716 1070 2744 1106 a
2773 1071 2878 1124 quo
2905 1055 3146 1109 dealbata
3177 1066 3290 1120 est,
3337 1057 3436 1111 nisi
3463 1059 3530 1112 ab

1940 1140 2048 1204 illo,
2071 1142 2158 1210 qui
2186 1157 2281 1211 per
2311 1143 2624 1214 prophetam
2655 1144 2806 1212 dicit,
2841 1143 2902 1201 Si
2924 1147 3112 1213 [amnt
3137 1158 3340 1214 peccata
3369 1159 3531 1202 vestra

1939 1243 1994 1287 ut
2042 1233 2366 1304 phamicium,
2421 1237 2547 1291 sicut
2598 1239 2762 1292 nivem
2817 1238 3058 1294 dealbaba
3097 1237 3251 1310 (lsai.
3303 1257 3340 1302 ι,
3392 1241 3526 1309 18)?

1938 1325 2162 1391 Quando
2204 1342 2333 1397 ergo
2377 1327 2620 1383 dealbata
2668 1339 2768 1393 est,
2820 1329 2952 1384 nihil
2999 1330 3125 1386 boni
3169 1331 3475 1387 merebatur
3517 1349 3530 1387 :

1933 1417 2044 1486 jam
2076 1435 2203 1474 vero
2228 1420 2345 1475 alba
2373 1419 2533 1488 facta,
2564 1421 2700 1477 bene
2725 1421 3002 1487 ambulat;
3030 1423 3123 1478 sed
3149 1426 3194 1480 si
3222 1440 3382 1494 super
3411 1439 3533 1479 eum

1938 1525 1969 1563 a
1993 1525 2099 1580 quo
2130 1510 2374 1566 dealbata
2411 1522 2512 1580 est,
2548 1515 2958 1584 perseveranter
2987 1515 3277 1571 incumbat.
3313 1516 3535 1585 Propter

1937 1602 2078 1670 quod
2123 1612 2177 1657 et
2215 1604 2328 1672 ipse
2355 1604 2530 1673 Jesus,
2564 1620 2725 1674 super
2765 1621 2923 1676 quem
2965 1606 3223 1662 incumbit
3265 1609 3532 1674 dealbata,

1937 1693 2069 1749 dixit
2085 1695 2360 1766 discipulis
2381 1698 2514 1763 suis,
2541 1697 2666 1753 Sine
2686 1715 2764 1752 me
2785 1698 2914 1753 nihil
2935 1699 3139 1770 potestis
3161 1703 3327 1770 facere
3347 1699 3530 1770 (Jaan.

1939 1801 2028 1851 xv,
2061 1786 2138 1856 5).

2013 1879 2102 1932 M.
2146 1878 2290 1950 Ergo
2321 1879 2604 1935 redeamus
2648 1881 2714 1936 ad
2755 1881 3052 1951 apostolum
3082 1881 3324 1947 Paulum,
3374 1897 3536 1951 quem

1937 1979 2084 2025 certe
2127 1970 2427 2025 invenimus
2471 1973 2588 2026 sine
2628 1973 2754 2027 ullis
2801 1973 3007 2026 meritis
3049 1973 3227 2037 bonis,
3271 1972 3378 2026 imo
3411 1988 3535 2028 eum

1939 2063 2122 2118 multis
2165 2063 2370 2118 meritis
2406 2065 2582 2130 malis,
2623 2065 2715 2120 Dei
2753 2066 2980 2136 gratiam
3021 2074 3366 2120 consecutum
3408 2065 3536 2120 red-

1938 2154 2112 2208 dentis
2139 2157 2275 2210 bona
2310 2172 2404 2226 pro
2432 2156 2584 2212 malis
2617 2175 2628 2210 :
2659 2158 2936 2213 videamus
2977 2159 3102 2229 quid
3132 2159 3274 2213 dicat
3305 2174 3398 2213 sua
3422 2160 3536 2230 jam

1941 2252 2329 2320 propinquante
2361 2252 2629 2320 passione,
2661 2253 2904 2307 scribens
2931 2252 2996 2306 ad
3029 2252 3392 2308 Timotheum.
3423 2253 3536 2325 Ego

1938 2343 2071 2396 enim
2097 2343 2213 2412 jam
2243 2344 2494 2408 immalar,
2533 2345 2722 2414 inquit,
2755 2354 2802 2398 et
2841 2355 3034 2415 tempus
3061 2345 3382 2401 resolutionis
3411 2363 3537 2404 mete

1937 2435 2114 2489 instat.
2158 2435 2358 2490 Bonum
2398 2447 2648 2492 certamen
2691 2440 2896 2505 certavi,
2928 2455 3132 2494 cursum
3167 2443 3532 2511 consummavi,

1939 2528 2092 2598 ﬁdem
2121 2533 2333 2582 servavi.
2364 2529 2468 2583 Ista
2499 2530 2684 2600 utique
2709 2531 2818 2601 jam
2851 2532 3039 2586 merita
3073 2547 3166 2587 sua
3202 2533 3341 2588 bona
3381 2548 3535 2588 com-

1939 2632 2231 2688 memorat;
2264 2634 2320 2677 ut
2349 2632 2468 2694 post
2492 2624 2627 2678 bona
2662 2625 2849 2679 merita
2872 2636 3231 2696 consequatur
3253 2635 3532 2697 cortinam,

1938 2714 2027 2784 qui
2069 2723 2190 2784 post
2219 2714 2407 2768 merita
2449 2715 2586 2769 mala
2615 2700 2937 2771 consecutus
2975 2728 3057 2771 est
3085 2718 3331 2788 gratiam.
3365 2718 3531 2774 Deni-

1939 2821 2042 2876 que
2070 2805 2328 2862 attendite
2364 2806 2490 2878 quid
2529 2817 2783 2877 sequatur
2811 2825 2824 2861 :
2859 2808 3134 2880 Superest,
3181 2809 3380 2879 inquit,
3409 2809 3537 2864 mihi

1939 2917 2127 2954 corona
2152 2901 2391 2970 justitiw,
2420 2917 2571 2971 quant
2597 2902 2774 2956 reddet
2800 2902 2924 2956 mihi
2965 2901 3217 2957 Dominus
3244 2903 3296 2957 in
3334 2903 3426 2958 illa
3452 2903 3536 2958 die

1929 2993 2104 3063 justus
2122 2993 2286 3063 judea:
2319 2993 2383 3061 (ll
2413 2993 2544 3047 Tim.
2579 3011 2650 3061 Iv,
2698 2993 2842 3066 6-8).
2871 2992 2966 3050 Cui
2999 2995 3246 3051 redderet
3271 3010 3529 3052 coronam

1935 3084 2111 3153 justus
2133 3083 2319 3153 judex,
2349 3085 2391 3139 si
2425 3100 2530 3140 non
2571 3085 2823 3142 donasset
2847 3087 3073 3158 gratiam
3110 3088 3416 3143 misericors
3443 3103 3536 3158 pa-

1942 3177 2063 3232 ter?
2100 3177 2166 3232 Et
2207 3179 2476 3250 quomodo
2537 3189 2682 3235 esset
2723 3180 2824 3234 ista
2869 3195 3064 3235 corona
3119 3181 3376 3252 justitize,
3427 3180 3532 3236 nisi

1940 3272 2305 3343 praecessisset
2331 3272 2498 3342 gratia
2529 3288 2647 3343 qum
2672 3271 2927 3342 justilicat
2966 3272 3220 3342 impium?
3247 3271 3530 3341 Quomodo

1940 3365 2039 3418 ista
2073 3363 2254 3419 debita
2287 3363 2626 3434 redderetur,
2659 3364 2762 3419 nisi
2799 3364 2946 3435 prius
2979 3363 3068 3418 illa
3106 3364 3332 3435 gratuita
3361 3363 3530 3420 dona-

1938 3456 2130 3511 retur?

2013 3548 2102 3602 15.
2131 3547 2234 3602 Sed
2261 3562 2380 3602 cum
2408 3545 2590 3602 dicunt
2623 3546 2891 3618 Pelagiani
2922 3546 3058 3601 hanc
3084 3561 3204 3602 esse
3231 3546 3396 3603 solam
3427 3561 3534 3603 non

1940 3639 2231 3698 secundum
2263 3640 2451 3694 merita
2482 3648 2663 3694 nostra
2692 3639 2935 3710 gratiam,
2959 3654 3063 3710 qua
3085 3639 3286 3694 homini
3313 3648 3533 3710 peccata

1939 3733 2310 3799 dimittuntur;
2344 3731 2487 3786 illam
2518 3745 2647 3786 vero
2693 3746 2813 3801 quae
2841 3729 3000 3785 datur
3028 3731 3080 3786 in
3114 3730 3221 3786 ﬁne
3248 3771 3263 3795 ,
3316 3730 3368 3785 id
3407 3741 3491 3786 est
3513 3772 3531 3800 ,

1939 3829 2196 3883 aeternam
2217 3827 2402 3894 vitam,
2435 3824 2638 3879 meritis
2669 3825 2865 3878 nostris
2895 3822 3317 3894 prmcedeutibus
3343 3823 3531 3880 reddi:

1940 3918 2369 3991 respondendum
2397 3927 2480 3974 est
2507 3918 2607 3974 eis.
2635 3917 2689 3974 Si
2714 3918 2857 3972 enim
2892 3918 3080 3972 merita
3118 3926 3300 3972 nostra
3339 3917 3417 3972 sic
3446 3917 3532 3972 in-

1942 4013 2260 4083 telligerent,
2281 4019 2340 4064 ut
2363 4011 2523 4065 etiam
2550 4011 2663 4080 ipsa
2691 4009 2831 4064 dona
2859 4009 2951 4064 Dei
2979 4023 3098 4064 esse
3121 4018 3531 4080 cognoscerent,

1941 4120 2046 4160 non
2076 4113 2219 4160 esset
2249 4102 2577 4174 reprobanda
2607 4103 2623 4134 ¹
2659 4104 2758 4158 ista
2793 4103 3054 4157 sententia
3083 4121 3096 4155 :
3128 4102 3377 4172 quoniam
3404 4117 3535 4157 vero

1941 4198 2130 4253 merita
2172 4196 2401 4249 humana
2429 4193 2507 4249 sic
2533 4193 2844 4263 prmdicant,
2869 4201 2927 4246 ut
2945 4207 3007 4246 ea
3035 4207 3101 4247 ex
3129 4193 3417 4260 semetipso
3439 4191 3534 4246 ha-

1941 4291 2068 4345 bere
2096 4289 2368 4344 hominem
2410 4287 2610 4354 dicant,
2655 4300 2876 4357 prorsus
2911 4285 3212 4340 rectissime
3242 4283 3534 4354 respondet

1940 4383 2250 4455 Apostolus,
2299 4381 2424 4448 Quis
2463 4382 2595 4436 enim
2636 4390 2683 4435 te
2719 4379 3000 4434 discernit?
3026 4378 3162 4445 Quid
3189 4389 3357 4432 autem
3382 4377 3534 4433 habes

1941 4477 2076 4548 quod
2105 4493 2207 4530 non
2234 4473 2511 4545 accepisti?
2541 4473 2602 4528 Si
2625 4481 2793 4526 autem
2821 4480 2870 4526 et
2897 4471 3155 4543 accepisti,
3185 4471 3310 4542 quid
3339 4471 3530 4542 gloria-

1940 4571 2011 4623 ris
2040 4569 2184 4640 quasi
2231 4584 2329 4620 non
2377 4566 2628 4636 acceperis
2655 4562 2711 4636 (Ι
2754 4562 2871 4618 Cor.
2914 4579 2984 4630 Iv,
3017 4563 3112 4635 7)?
3155 4563 3383 4618 Prorsus
3406 4563 3527 4618 talia

1941 4660 2193 4732 cogitanti
2220 4659 2497 4714 verissime
2524 4657 2717 4712 dicitur
2753 4675 2768 4711 :
2798 4656 2944 4711 Dona
2975 4670 3069 4711 sua
3099 4661 3322 4710 coronat
3347 4655 3487 4710 Deus
3514 4697 3530 4722 ,

1942 4771 2048 4809 non
2072 4755 2263 4809 merita
2289 4763 2410 4816 tua;
2435 4753 2476 4808 si
2504 4751 2646 4807 tibia
2677 4760 2726 4806 te
2753 4751 2889 4821 ipso,
2923 4766 3029 4804 non
3060 4750 3126 4805 ab
3151 4749 3242 4804 illo
3269 4759 3392 4805 sunt
3419 4766 3534 4806 me-

1942 4847 2041 4902 rita
2071 4856 2177 4902 tua.
2204 4845 2328 4900 Ηωο
2355 4845 2494 4899 enim
2524 4843 2567 4897 si
2590 4842 2710 4897 talia
2738 4851 2880 4908 sunt,
2906 4842 3041 4896 mala
3065 4850 3216 4906 sunt;
3243 4855 3362 4912 qua:
3383 4843 3403 4872 ¹
3427 4858 3530 4896 non

1942 4948 2165 4994 coronat
2190 4938 2333 4992 Deus
2367 4954 2380 4992 :
2410 4936 2453 4991 si
2490 4946 2669 4991 autem
2699 4934 2836 4990 bona
2870 4942 3026 5001 sunt,
3071 4932 3162 4988 Dei
3197 4931 3334 4988 dona
3362 4941 3487 4987 sunt
3516 4949 3532 5000 ;

1941 5031 2063 5102 quia
2091 5030 2228 5086 sicut
2251 5029 2379 5084 dicit
2403 5027 2679 5099 apostolus
2708 5025 2958 5090 Iacobus,
2995 5023 3158 5079 Omne
3180 5024 3356 5078 datum
3393 5033 3530 5095 apti-

1943 5142 2081 5179 mum
2103 5167 2117 5192 ,
2158 5132 2202 5178 et
2232 5139 2377 5178 omne
2407 5122 2594 5176 donum
2620 5125 2893 5192 perfectum
2925 5119 3184 5175 desursum
3211 5128 3302 5183 est,
3327 5118 3534 5170 descen—

1944 5217 2066 5272 dens
2107 5233 2139 5270 a
2183 5213 2340 5270 Patre
2383 5214 2630 5268 luminum
2669 5211 2869 5285 (Jacobi
2907 5228 2945 5275 ι,
2992 5211 3103 5282 17).
3141 5209 3292 5266 Unde
3318 5207 3449 5262 dicit
3478 5217 3533 5264 et

1942 5311 2175 5368 Joannes
2197 5323 2493 5379 przncursur
2522 5306 2756 5374 Domini,
2793 5303 2840 5358 Ν
2847 5322 2910 5358 an
2941 5312 3099 5375 potest
3128 5303 3276 5354 homo
3297 5300 3527 5368 accipere

1943 5405 2235 5476 quidquam,
2269 5400 2366 5455 nisi
2392 5401 2542 5473 fuerit
2572 5399 2807 5454 eidatum
2837 5398 2900 5453 de
2927 5398 3052 5452 coelo
3083 5393 3258 5467 (Joan.
3290 5408 3365 5458 ιιι,
3388 5391 3484 5464 27)
3514 5411 3529 5448 :

1943 5498 2125 5567 utique
2149 5495 2216 5550 de
2239 5493 2398 5561 etelo,
2428 5493 2568 5550 unde
2608 5494 2768 5550 etiam
2812 5491 2958 5546 venit
3000 5487 3228 5560 Spiritus
3269 5494 3484 5541 sanctus
3509 5525 3528 5555 ,

1943 5587 2154 5662 quando
2179 5586 2334 5644 Jesus
2359 5585 2601 5642 ascendit
2627 5585 2681 5641 in
2709 5585 2873 5639 altum
2891 5623 2906 5650 ,
2935 5579 3219 5652 captivavit
3247 5578 3522 5648 captivits.

2007 5770 2026 5803 ί
2051 5775 2157 5818 Mss.
2181 5767 2408 5825 Vaticani,
2432 5763 2591 5815 Gallici
2617 5771 2670 5814 et
2691 5760 2888 5823 Belgici,
2911 5757 3133 5825 reprobo.

2007 5833 2028 5864 ³
2045 5817 2195 5880 Fditno
2210 5817 2329 5889 Am,
2351 5817 2460 5891 qua?
2484 5832 2610 5878 sunt.
2656 5831 2730 5872 Er.
2752 5817 2978 5891 εἷλκόν,
3007 5834 3118 5889 quae
3152 5817 3284 5875 mala
3325 5825 3457 5876 διας
3475 5826 3530 5876 ιιι

1945 5901 2052 5947 llas.
2070 5906 2184 5953 nec,
2207 5884 2332 5953 sunt,
2354 5884 2570 5949 additur;
2595 5900 2706 5948 nec,
2731 5884 2874 5938 mala.
