4022 6460
466 471 605 529 tem.
636 457 785 517 dedit
810 457 947 514 dona
976 454 1278 512 hominibus
1318 451 1493 526 (Psal.
1522 466 1694 518 .van,
1728 450 1830 516 l9;
1856 448 2048 519 Ephes.

466 571 544 626 tv,
573 555 653 629 8).
684 553 741 610 Si
771 567 897 623 ergo
928 550 1022 607 Dei
1055 550 1192 606 dona
1228 556 1353 604 sunt
1391 547 1528 603 bona
1566 544 1753 601 merita
1794 553 1902 610 tua,
1944 557 2053 598 non

466 647 609 704 Deus
631 654 853 703 coronat
880 644 1070 700 merita
1092 651 1179 699 tua
1199 652 1448 716 tanquam
1476 641 1664 698 merita
1687 648 1796 709 tua,
1818 638 1916 695 sed
1937 646 2054 693 tan-

464 756 624 812 quam
654 739 791 795 dona
817 753 934 795 sua.

533 830 758 888 CAPUT
780 822 895 887 νιι.
922 861 994 872 -
1010 830 1096 887 16.
1121 828 1350 886 Proinde
1369 827 1775 884 consideremus
1794 826 1906 897 ipsa
1933 841 2050 881 me-

461 924 562 979 rita
607 924 833 994 apostoli
879 924 1047 990 Pauli,
1088 924 1281 994 quibus
1320 922 1453 978 dixit
1487 935 1740 977 coronam
1781 919 2004 991 iustitia:
2029 919 2048 951 ¹

461 1015 791 1072 redditurum
817 1015 1050 1088 judicem
1075 1016 1277 1087 justum
1298 1056 1313 1083 ,
1343 1024 1397 1070 et
1421 1013 1694 1070 videamus
1730 1021 1907 1068 utrum
1936 1027 2051 1067 me-

460 1107 559 1162 rita
592 1108 757 1178 ipsius
789 1117 1036 1181 tanquam
1076 1107 1276 1180 ipsius,
1324 1106 1377 1162 id
1406 1118 1520 1173 est,
1551 1121 1617 1163 ex
1646 1105 1764 1177 ipso
1789 1104 1863 1160 illi
1893 1119 2045 1159 com-

460 1209 666 1270 parata,
694 1216 762 1256 an
791 1200 931 1258 dona
973 1200 1081 1257 sint
1130 1201 1243 1256 Dei.
1282 1199 1503 1267 Bonum,
1554 1197 1746 1270 inquit,
1797 1205 2048 1252 certamen

460 1293 665 1359 certavi,
691 1309 895 1349 cursum
919 1292 1290 1359 consummavi,
1327 1290 1480 1361 ﬁdem
1504 1290 1716 1346 servavi.
1746 1288 1925 1344 Primo
1950 1288 2048 1343 ista

460 1381 599 1436 bona
625 1398 785 1454 opera
806 1424 823 1450 ,
860 1384 905 1438 si
938 1398 1044 1438 non
1069 1398 1131 1437 ea
1158 1382 1555 1454 praeeessissent
1578 1379 1923 1452 cogitationes
1947 1378 2047 1434 bo-

460 1489 565 1538 um,
599 1474 745 1528 nulla
767 1482 965 1529 essent.
995 1474 1267 1530 Attendite
1292 1473 1469 1544 itaque
1495 1472 1621 1544 quid
1650 1471 1718 1528 de
1746 1472 1873 1544 ipsis
1898 1471 2047 1542 cogi-

463 1564 750 1618 tationibus
771 1564 912 1620 dicat
939 1582 953 1619 :
981 1565 1053 1620 ait
1073 1566 1213 1620 enim
1235 1566 1474 1622 scribens
1490 1564 1555 1621 ad
1577 1564 1899 1629 Corinthios,
1926 1563 2048 1618 Non

457 1657 577 1725 quia
610 1657 779 1713 idonei
818 1675 995 1713 sumus
1028 1660 1248 1731 cogitare
1275 1659 1468 1732 aliquid
1496 1675 1529 1713 a
1552 1659 1694 1714 nobis
1721 1659 1773 1726 ',
1807 1666 2047 1730 tanquam

459 1764 521 1801 ea:
563 1742 962 1820 nobismetipsis;
1012 1752 1100 1806 sed
1142 1752 1437 1823 suﬁicientia
1486 1761 1661 1806 nostra
1706 1767 1772 1806 ea:
1811 1749 1923 1805 Deo
1974 1760 2047 1805 est

460 1840 538 1913 (ll
566 1842 683 1897 Cor.
712 1860 790 1909 ιιι,
814 1845 895 1916 5).
924 1845 1123 1901 Deinde
1147 1845 1353 1916 singula
1382 1846 1727 1916 inspiciamus
1758 1862 1771 1898 :
1801 1844 1998 1899 Bonum
2028 1886 2044 1911 ,

457 1932 648 2004 inquit,
676 1944 926 1990 certamen
946 1936 1151 1990 certavi.
1179 1936 1372 2003 Quer
1392 1951 1493 2008 qua
1519 1937 1714 1991 virtute
1740 1936 2045 2002 ecrtaverit;

458 2033 636 2079 utrum
667 2041 785 2096 quae
813 2027 887 2080 illi
915 2042 979 2082 ex
1010 2027 1300 2098 semetipso
1335 2026 1528 2092 luerit,
1566 2041 1634 2082 an
1670 2042 1789 2099 quae
1818 2026 2048 2097 desuper

456 2113 575 2168 data
607 2116 695 2170 sit.
729 2116 834 2171 Sed
852 2117 989 2172 absit
1006 2126 1063 2171 ut
1083 2126 1257 2172 tantus
1276 2117 1463 2173 doctor
1484 2116 1505 2148 ³
1527 2117 1846 2188 ignoraverit
1877 2119 2045 2189 legem

457 2194 571 2272 Dei,
616 2207 769 2278 cujus
814 2222 917 2263 vox
966 2216 1050 2263 est
1100 2208 1153 2263 in
1199 2208 1655 2265 Deuteronomio:
1698 2208 1782 2264 Ne
1824 2210 1966 2264 dicas
1992 2211 2046 2264 in

458 2300 608 2355 corde
653 2310 759 2368 tuo,
805 2301 1077 2357 Fortitudo
1106 2319 1216 2358 mea
1243 2312 1289 2357 et
1314 2303 1538 2374 potentia
1574 2318 1754 2358 manus
1781 2319 1906 2358 mea:
1928 2304 2047 2375 fecit

462 2392 587 2445 mihi
614 2393 847 2447 virtutem
874 2412 1109 2467 magnam
1137 2395 1269 2450 hanc
1299 2413 1318 2449 :
1357 2394 1447 2451 sed
1481 2394 1833 2462 memoraberis
1862 2381 2045 2451 Domi-

457 2476 509 2536 ni
567 2482 663 2538 Dei
709 2486 780 2539 tui
801 2527 815 2551 ,
846 2486 962 2552 quia
993 2487 1100 2557 ipse
1128 2487 1216 2540 tibi
1245 2488 1331 2540 dat
1359 2487 1707 2558 fortitudinem
1733 2491 1901 2560 facere
1940 2488 2045 2542 vir-

456 2584 610 2630 tutem
640 2576 814 2649 (Deut.
853 2595 962 2646 vut,
1003 2580 1097 2647 17,
1123 2578 1386 2652 18).Οιιί‹1
1407 2589 1584 2634 autem
1609 2579 1825 2651 prodest
1842 2581 2043 2637 bonum

455 2676 751 2735 certamen,
782 2670 882 2724 nisi
924 2680 1193 2742 sequatur-
1208 2671 1467 2726 victoria?
1497 2671 1565 2726 Et
1591 2672 1710 2742 quis
1740 2671 1832 2727 dat
1879 2673 2047 2729 victo-

457 2757 614 2823 riam,
646 2759 747 2814 nisi
792 2759 884 2816 ille
923 2761 990 2816 de
1024 2778 1128 2834 qua
1156 2762 1286 2818 dicit
1312 2764 1448 2834 ipse,
1479 2761 1683 2819 Gratias
1710 2764 1819 2819 Deo
1846 2766 1935 2837 qui
1958 2766 2045 2821 dat

456 2849 598 2903 nobis
628 2842 886 2905 victoriam
914 2870 1003 2924 per
1031 2844 1305 2909 Dominum
1331 2865 1557 2910 nostrum
1584 2855 1762 2912 Jesum
1792 2859 2044 2915 Christum

456 2937 508 3011 (l
542 2934 661 2995 Cor.
700 2959 787 3009 xv,
836 2943 968 3015 57)?
1010 2945 1076 2999 Et
1112 2946 1218 3000 alio
1253 2946 1371 3001 loco
1409 2962 1531 3003 cum
1574 2962 2046 3009 commemorasset

456 3033 822 3088 testimonium
854 3028 920 3090 de
948 3036 1182 3104 Psalmo,
1215 3039 1465 3108 Quoniam
1486 3052 1694 3114 prapter
1712 3052 1759 3098 te
1771 3047 2048 3115 mortiﬁca-

456 3141 572 3179 mur
600 3135 706 3179 tota
730 3126 828 3192 die,
854 3118 1081 3199 deputati
1106 3148 1280 3187 sumus
1302 3133 1432 3188 velut
1453 3151 1566 3190 oves
1600 3137 1900 3204 occisionis;
1920 3140 2047 3195 sub-

452 3213 587 3286 jecit
612 3226 773 3289 atque
809 3220 884 3275 ait
901 3214 1065 3288 {Sed
1086 3223 1139 3277 in
1174 3224 1252 3279 his
1277 3226 1507 3281 omnibus
1535 3230 1929 3300 supervincimus
1954 3250 2046 3303 per

456 3323 569 3362 eum
592 3308 677 3380 qui
702 3310 877 3366 dilexit
922 3329 1014 3368 nos
1056 3304 1231 3387 (Psal.
1262 3332 1410 3383 xuu,
1441 3317 1543 3386 22;
1588 3318 1739 3376 Rom.
1770 3337 1884 3387 vut,
1931 3324 2001 3379 56
2024 3364 2040 3391 ,

454 3394 546 3469 57)
577 3419 589 3455 :
618 3417 723 3457 non
751 3418 891 3483 ergo.
909 3419 1005 3475 per
1045 3421 1162 3472 nos,
1194 3408 1287 3463 sed
1322 3424 1418 3479 per
1441 3425 1565 3465 eum
1590 3412 1681 3482 qui
1708 3412 1893 3469 dilexit
1922 3431 2040 3471 nos.

456 3490 658 3549 Deinde
687 3494 841 3559 dixit,
862 3496 1077 3553 Cursum
1099 3502 1441 3557 consummavi
1472 3518 1491 3557 :
1515 3503 1608 3560 sed
1638 3505 1728 3561 ille
1756 3506 1857 3563 hoc
1884 3507 2039 3577 dixit,

454 3584 544 3655 qui
573 3586 675 3641 alio
706 3584 821 3643 loco
845 3587 995 3657 dicit,
1025 3588 1192 3662 Igitur
1229 3598 1330 3647 non
1352 3594 1564 3649 volentis
1584 3612 1743 3667 neque
1760 3599 2040 3677 currentis,

453 3675 543 3729 sed
578 3670 856 3733 miserentis
895 3690 966 3736 est
1008 3679 1105 3736 Dei
1130 3683 1305 3755 (Rom.
1338 3701 1413 3751 ιι,
1449 3684 1559 3760 16).
1601 3686 1731 3754 Qua:
1778 3670 2043 3746 sententia

454 3766 603 3823 nullo
641 3770 799 3825 modo
824 3781 1001 3842 potest
1023 3776 1183 3829 etiam
1220 3778 1297 3833 sic
1324 3779 1563 3834 converti
1589 3789 1646 3835 ut
1668 3779 1897 3851 dicatur,
1925 3782 2043 3840 Non

456 3860 763 3917 miscrentis
792 3862 906 3929 Dei,
933 3866 1027 3920 sed
1053 3866 1279 3922 volentis
1297 3876 1350 3923 et
1379 3858 1642 3925 currentis
1667 3879 1750 3927 est
1775 3871 2038 3932 hominis:

453 3951 696 4025 quisquis
734 3957 877 4011 enim
929 3957 1030 4013 hoc
1083 3975 1245 4015 ausus
1287 3960 1451 4019 fuerit
1499 3963 1697 4031 dicere,
1749 3977 1937 4037 aperte
1982 3984 2043 4026 se

454 4047 686 4103 ostendit
715 4050 968 4120 Apostolo
998 4052 1387 4109 contradicere.

529 4139 615 4195 l7.
651 4139 925 4198 Postremo
972 4142 1145 4207 dixit,
1191 4145 1372 4201 Fidem
1418 4150 1609 4204 servavi
1646 4164 1665 4207 :
1699 4152 1794 4208 sed
1825 4152 1914 4208 ille
1938 4152 2041 4210 hoc

452 4232 605 4300 dixit,
638 4235 726 4305 qui
753 4235 878 4290 alibi
908 4237 1019 4301 ait,
1070 4224 1473 4294 Hiscricordiam
1504 4254 1797 4299 consecutus
1819 4261 1952 4312 sum,
1984 4255 2041 4301 ut

455 4324 618 4395 ﬁdelis
643 4342 797 4380 essem
829 4324 848 4399 (
865 4327 886 4382 l
910 4326 1027 4382 Cor.
1059 4346 1149 4396 vn,
1190 4330 1305 4401 25).
1345 4330 1459 4386 Non
1486 4333 1627 4387 enim
1656 4334 1808 4401 dixit,
1837 4336 2043 4392 Miseri-

451 4416 687 4471 cordiam
728 4429 1048 4474 consecutus
1075 4436 1212 4485 sum,
1244 4412 1365 4492 quia
1399 4412 1569 4479 lidelis
1594 4428 1775 4492 eram;
1822 4428 1914 4482 sed
1936 4471 1949 4496 ,
1984 4432 2042 4483 ut

451 4509 619 4581 ﬁdelis
662 4527 819 4567 essent
846 4527 865 4565 :
896 4511 1019 4566 hinc
1044 4514 1333 4570 ostendens
1359 4517 1517 4572 etiam
1547 4518 1714 4588 ipsam
1752 4519 1911 4576 ﬁdem
1943 4520 2039 4577 ha-

450 4600 561 4657 beri
600 4603 699 4658 nisi
746 4602 854 4658 Deo
893 4602 1180 4660 miserante
1224 4620 1328 4661 non
1373 4622 1532 4677 posse
1556 4650 1570 4674 ,
1603 4618 1657 4663 et
1690 4624 1810 4666 esse
1835 4611 2036 4668 donum

452 4693 567 4747 Dei.
619 4692 769 4762 Quod
820 4686 1159 4765 apertissime
1209 4685 1384 4764 docet,
1443 4698 1644 4763 dicens.
1698 4698 1874 4757 Gratia
1910 4704 2040 4758 salvi

452 4787 575 4856 {acti
595 4786 709 4840 estis
734 4803 821 4858 per
841 4788 1013 4858 ﬁdem,
1048 4799 1096 4843 et
1113 4790 1207 4844 hoc
1228 4806 1329 4845 non
1353 4808 1416 4847 ex
1439 4792 1595 4859 vobis,
1617 4794 1707 4849 sed
1729 4794 1824 4850 Dei
1847 4797 2038 4852 donum

450 4882 551 4932 est.
581 4877 806 4933 Posseat
831 4882 972 4935 enim
1001 4881 1216 4950 dicere,
1260 4882 1385 4939 Ideo
1435 4887 1739 4957 accepimus
1764 4889 1985 4957 gratiam
2018 4930 2034 4958 ,

452 4967 572 5037 quia
604 4960 926 5027 credidimus
954 4970 1010 5037 ‘;
1045 4981 1293 5044 tanquam
1342 4964 1442 5030 sibi
1496 4976 1652 5032 ﬁdem
1699 4978 1992 5036 tribuentes
2017 5024 2032 5050 ,

450 5058 671 5128 gratiam
708 5056 815 5112 Deo
846 5076 859 5113 :
895 5070 1110 5131 preptcr
1138 5062 1240 5118 hoc
1280 5066 1566 5135 Apostolus
1608 5082 1729 5123 cum
1774 5058 2032 5139 dixisset,

450 5166 542 5219 per
569 5149 758 5217 ﬁdem;
784 5159 828 5204 et
852 5144 967 5219 hoc,
993 5153 1182 5225 inquit,
1210 5172 1312 5210 non
1341 5173 1404 5212 ea:
1434 5157 1590 5227 vobis,
1617 5158 1707 5213 sed
1730 5150 1824 5214 Dei
1848 5160 2038 5217 donum

450 5251 541 5295 est.
572 5240 777 5297 Rursus
796 5284 811 5311 ,
841 5260 909 5299 ne
938 5243 1174 5301 dicereut
1200 5248 1311 5304 suis
1336 5250 1585 5319 operibus
1620 5266 1678 5307 se
1708 5240 1905 5307 donum
1934 5255 2037 5311 tale

451 5336 730 5401 meruisse,
759 5337 1011 5392 continuo
1038 5332 1283 5409 subjecit,
1314 5339 1433 5396 Non
1459 5360 1523 5398 ea:
1543 5344 1796 5414 operibus,
1819 5363 1881 5400 ne
1905 5349 2037 5420 forte

515 5472 694 5552 textui,
1052 5477 1395 5545 redditurum;
1433 5484 1634 5543 omisso;
1653 5482 1871 5548 manu,
1906 5486 2036 5552 quod

452 5544 517 5583 ex
542 5542 644 5585 MSS.
669 5542 988 5590 restituimus.
1018 5590 1025 5597 _
1374 5542 1383 5545 ⁷
1622 5542 1627 5543 “
1653 5542 1665 5548 ⁷
1858 5542 1868 5547 ’
1924 5542 1942 5552 ’

514 5597 534 5627 θ
550 5604 727 5683 omnes
767 5607 893 5659 uss,
922 5600 1133 5714 owe
1162 5592 1349 5667 aliquid
1392 5598 1621 5671 tanquam
1642 5610 1707 5660 ex
1743 5607 1880 5662 nobis
1922 5608 2037 5663 met-

452 5655 569 5714 tpsis
586 5696 600 5714 ,
626 5672 823 5714 omisso.
846 5676 877 5711 α
899 5676 961 5714 no
1040 5689 1083 5710 .-

450 5655 604 5722 ιρειςς
626 5663 823 5721 omisso,
846 5655 1083 5714 “me...
1244 5655 1255 5667 -
1398 5655 1401 5656 ί
1464 5655 1502 5671 ίι
1646 5655 1701 5660 τη

451 5793 480 5801 _
494 5720 731 5801 ,ἶέπῖιίῗνο
761 5732 814 5774 θι
831 5724 1000 5788 Pulmi
1025 5734 1153 5789 “53-,
1171 5738 1224 5780 ια
1244 5732 1404 5782 Matt
1424 5728 1823 5785 Mercennarius
1840 5747 2034 5801 ignora-

450 5792 755 5901 umﬁs.
782 5835 921 5914 Mitt,
936 5846 1203 5907 credimus.

1248 333 1340 392 DE
1377 332 1634 393 GRATIA
1672 331 1762 390 ET
1798 327 2053 389 LIBERO
2080 329 2441 399 ARBITRIO,
2491 332 2551 389 S.
2593 333 2957 394 AUGUSTINI

2163 448 2277 520 quis
2318 449 2589 506 estollatur
2626 451 2840 524 (Ephes.
2887 468 2945 520 ιι,
2984 452 3052 521 8,
3094 452 3192 524 -9).
3221 455 3335 511 Non
3390 459 3511 530 quia
3534 463 3760 534 negavit

2159 549 2252 594 aut
2274 543 2550 597 evacuavit
2577 558 2739 613 opera
2764 545 2927 612 bona,
2955 561 3076 601 eum
3104 548 3246 603 dicat
3268 548 3432 606 Deum
3459 552 3757 626 unicuique

2160 631 2386 689 reddere
2411 634 2701 691 secundum
2736 652 2900 709 opera
2928 638 3043 710 ejus
3072 637 3247 714 (Rom.
3279 657 3338 709 ιι,
3365 641 3423 714 6)
3452 660 3467 699 :
3494 644 3587 701 sed
3622 648 3757 716 quia

2159 736 2322 793 Opera
2360 734 2485 782 sunt
2522 742 2591 782 ex
2630 728 2733 784 lide
2754 769 2770 793 ,
2818 745 2924 784 nou
2970 746 3033 785 ex
3065 732 3314 802 operibus
3348 732 3517 803 ﬁdes;
3552 752 3614 792 ac
3648 753 3756 807 per

2159 813 2261 872 hoc
2296 817 2365 874 ab
2395 818 2484 873 illo
2514 828 2640 876 sunt
2678 822 2847 899 nobis
2867 838 3031 893 opera
3057 825 3296 896 justitize,
3324 843 3353 880 a
3383 843 3492 900 quo
3516 840 3597 885 est
3631 831 3754 901 ipsa

2158 908 2323 978 ﬁdes,
2364 911 2432 968 de
2468 927 2571 984 qua
2599 913 2799 969 dictum
2827 925 2943 983 est,
2981 914 3162 974 Justus
3204 935 3267 975 ex
3302 921 3404 991 ﬁde
3445 922 3561 977 civit
3610 922 3753 994 (lla-

2155 998 2263 1056 bac.
2298 1018 2337 1058 tt
2357 1045 2370 1064 .
2399 1004 2479 1077 4).

2229 1097 2313 1152 l8.
2343 1098 2594 1156 llomines
2616 1110 2792 1157 autem
2819 1118 2925 1159 non
2955 1105 3332 1177 tntclligentes,
3363 1109 3505 1180 quod
3525 1110 3600 1166 ait
3627 1109 3751 1182 ipso

2156 1187 2464 1259 Apostolus,
2495 1192 2812 1250 Arbitrantur
2843 1197 3127 1267 justiﬁcari
3175 1199 3425 1256 hominem
3464 1220 3555 1273 per
3590 1205 3750 1273 ﬁdem

2154 1280 2263 1336 sine
2289 1285 2523 1354 operibus
2545 1285 2668 1358 legis
2691 1287 2868 1357 (Rom.
2895 1305 2970 1356 ιιι,
2997 1290 3125 1362 28);
3163 1300 3485 1363 putaverunt
3515 1313 3638 1352 eum
3663 1298 3746 1354 di—

2154 1388 2277 1429 cere
2306 1375 2553 1434 sul‘ticere
2582 1378 2787 1435 homini
2816 1381 3007 1447 (idem,
3053 1384 3262 1440 etiamsi
3312 1388 3451 1442 male
3496 1388 3642 1443 vimt
3688 1400 3751 1446 et

2154 1466 2290 1521 bona
2318 1483 2478 1537 opera
2509 1486 2615 1526 non
2646 1471 2856 1528 habeat.
2896 1473 3048 1542 Quod
3092 1476 3230 1531 absit
3266 1486 3321 1532 ut
3364 1480 3587 1533 sentiret
3632 1478 3748 1537 Vas

2154 1559 2431 1616 electionis
2460 1580 2472 1616 :
2500 1564 2590 1634 qui
2610 1580 2730 1619 cum
2751 1564 2974 1621 dixisset
3006 1568 3237 1639 quodam
3273 1569 3412 1633 loco,
3445 1570 3510 1625 In
3536 1572 3742 1629 Christo

2153 1651 2287 1704 enim
2312 1649 2350 1705 ,Ι
2353 1670 2439 1706 esu
2467 1671 2625 1726 neque
2645 1657 2961 1713 circumcisio
2987 1660 3179 1730 aliquid
3217 1662 3344 1715 valet
3361 1703 3379 1730 ,
3418 1681 3580 1736 neque
3603 1684 3743 1736 pre-

2154 1744 2528 1813 putinm;mox
2556 1747 2792 1816 addidit,
2840 1749 2930 1804 sed
2965 1751 3094 1821 ﬁdes
3140 1768 3253 1824 qute
3294 1770 3383 1822 per
3424 1756 3747 1811 dilectionem

2153 1846 2392 1904 aperatur
2419 1836 2614 1907 (Galat.
2652 1854 2704 1906 v,
2749 1840 2828 1912 6).
2874 1841 2989 1912 Ipsa
3019 1853 3101 1898 est
3127 1844 3260 1899 ﬁdes
3285 1860 3405 1916 quae
3433 1846 3618 1904 ﬁdeles
3646 1850 3744 1905 Dei

2153 1937 2367 1997 separat
2393 1930 2459 1983 ab
2489 1930 2777 1987 immundis
2802 1933 3137 1991 dzemnnibus
3165 1955 3181 1992 ε
3211 1952 3333 1994 nam
3366 1948 3420 1995 et
3448 1940 3567 2011 ipsi,
3601 1943 3746 1998 sicut

2152 2018 2282 2074 dicit
2305 2024 2577 2091 apostolus
2604 2025 2859 2096 Jacobus,
2890 2029 3098 2085 credunt
3126 2040 3173 2085 et
3201 2036 3586 2090 contremiscunt
3610 2036 3737 2106 (Ja-

2150 2110 2261 2165 cobi
2306 2128 2363 2180 ιι,
2394 2112 2519 2187 19);
2564 2116 2657 2171 sed
2686 2134 2795 2174 non
2822 2119 2961 2175 bene
2995 2132 3267 2192 operatur.
3310 2124 3427 2179 Non
3465 2141 3590 2197 ergo
3636 2127 3740 2183 ba—

2150 2203 2278 2259 beut
2302 2206 2458 2262 istam
2490 2208 2648 2265 [idem
2677 2226 2743 2267 ex
2771 2228 2872 2283 qua
2898 2212 3073 2283 justus
3093 2216 3239 2279 vivit,
3270 2218 3322 2272 id
3359 2228 3461 2285 est,
3488 2235 3607 2290 qua:
3639 2236 3739 2287 per

2150 2295 2490 2355 dilectionem
2522 2311 2806 2372 operatur,
2838 2314 2895 2360 ut
2923 2306 3110 2362 reddat
3135 2308 3184 2363 ei
3212 2309 3353 2364 Deus
3384 2311 3545 2367 vitam
3573 2323 3736 2369 teter-

2150 2401 2273 2442 nam
2303 2391 2593 2447 secundum
2629 2409 2790 2463 opera
2831 2396 2966 2468 ejus.
3024 2397 3128 2454 Sed
3173 2401 3296 2471 quia
3344 2411 3399 2456 et
3443 2403 3555 2473 ipsa
3599 2405 3739 2462 bona

2150 2493 2312 2550 opera
2339 2481 2493 2538 nobis
2528 2500 2591 2540 ex
2625 2472 2735 2542 Deo
2761 2496 2905 2556 sunt,
2936 2503 2967 2544 a
2991 2505 3097 2561 quo
3123 2491 3279 2547 nobis
3305 2502 3360 2549 et
3384 2472 3515 2550 ﬁdes
3551 2507 3655 2563 est,
3684 2509 3742 2554 et

2149 2566 2386 2640 dilectio,
2415 2583 2696 2644 prepterea
2736 2577 2876 2634 idem
2907 2580 3023 2653 ipse
3053 2581 3249 2637 Doctor
3274 2583 3546 2655 Gentium,
3573 2590 3737 2646 etiam

2148 2662 2318 2733 ipsam
2349 2665 2508 2721 vitam
2545 2676 2798 2724 aeternam
2824 2672 3051 2741 gratiam
3072 2677 3413 2746 nuncupavit.

2218 2752 2443 2811 CAPUT
2482 2757 2615 2814 Vill.
2641 2789 2716 2801 —-
2743 2760 2831 2817 l9.
2861 2752 2931 2817 Et
2953 2763 2970 2795 ¹
3000 2765 3236 2820 nascitur
3263 2767 3387 2823 inde
3422 2784 3529 2825 non
3572 2786 3738 2843 parva

2147 2848 2392 2917 quaestio,
2432 2864 2549 2919 quae
2591 2851 2815 2907 Domino
2840 2853 3073 2912 donante
3100 2849 3353 2915 solvenda
3381 2870 3482 2916 est.
3508 2861 3565 2919 Si
3592 2865 3737 2921 enim

2145 2939 2253 2994 vita
2281 2950 2484 2998 aeterna
2504 2943 2658 3000 bonis
2678 2946 2930 3018 operibus
2955 2940 3216 3020 redditur,
3244 2953 3379 3010 sicut
3399 2958 3739 3025 apertissime

2147 3028 2276 3087 dicit
2303 3030 2597 3105 Scriptura,
2628 3036 2891 3106 Quoniam
2934 3040 3077 3097 Deus
3122 3043 3298 3099 reddet
3340 3046 3611 3120 unicuique
3654 3068 3737 3107 se-

2147 3124 2369 3179 cundum
2411 3144 2565 3199 opera
2599 3131 2708 3201 ejus
2734 3128 2948 3206 (Matth.
2975 3150 3083 3198 xvt,
3105 3133 3197 3210 27)
3228 3152 3242 3191 :
3271 3139 3540 3208 quomodo
3563 3144 3735 3213 gratia

2147 3226 2227 3273 est
2255 3219 2357 3274 vita
2385 3230 2604 3289 acterna,
2633 3237 2754 3279 cum
2785 3226 2954 3295 gratia
2996 3241 3101 3283 non
3131 3229 3387 3299 operibus
3428 3233 3688 3292 reddatur
3714 3278 3733 3306 ,

2147 3310 2242 3365 sed
2264 3312 2430 3382 gratis
2457 3312 2634 3382 detur,
2664 3315 2783 3387 ipso
2807 3318 3066 3387 Apostolo
3095 3319 3328 3391 dicente,
3358 3322 3426 3379 Ei
3444 3327 3529 3398 qui
3553 3344 3737 3399 opera-

2148 3411 2251 3469 tur,
2281 3420 2465 3459 merces
2491 3422 2590 3460 non
2621 3408 2903 3478 imputatur
2936 3412 3213 3468 secundum
3236 3416 3498 3487 gratiam;
3534 3420 3624 3474 sed
3654 3437 3736 3476 se-

2148 3494 2369 3548 cundum
2395 3494 2616 3552 debitum
2644 3499 2666 3531 ²
2694 3499 2869 3569 (Rom.
2900 3516 2973 3570 tv,
3013 3502 3068 3574 4)
3090 3503 3114 3557 ?
3137 3514 3191 3560 et
3216 3505 3431 3575 iterum,
3464 3506 3732 3582 Reliquus,

2148 3586 2341 3672 inquit,
2371 3607 2461 3660 per
2486 3591 2775 3647 electionem
2796 3595 2978 3665 gratia:
2995 3596 3149 3652 salute
3173 3602 3325 3672 facta
3346 3610 3463 3657 sunt
3484 3618 3504 3656 :
3522 3611 3579 3658 et
3607 3620 3732 3665 mox

2147 3666 2369 3768 addidit,
2400 3682 2461 3738 Si
2486 3694 2653 3739 autem
2679 3688 2865 3759 gratia,
2889 3689 3006 3761 jam
3023 3706 3125 3745 non
3228 3695 3484 3765 operibus;
3503 3697 3732 3768 alioquin

2146 3773 2313 3859 gratia
2481 3792 2582 3831 non
2620 3758 2692 3833 est
2716 3758 3019 3854 gratiav(ld.
3053 3799 3128 3851 ιι,
3154 3784 3210 3850 5,
3238 3758 3314 3859 6).
3344 3758 3732 3854 Quomodo'est

2146 3852 2275 3934 ergo
2305 3866 2470 3937 gratia
2500 3868 2607 3922 vita
2633 3879 2853 3938 aeterna,
2895 3852 3017 3942 qua:
3055 3889 3120 3930 ex
3170 3852 3412 3946 operibus
3443 3879 3674 3935 sumitur
3700 3881 3727 3935 ’ἔ

2146 3952 2228 4011 Αιι
2257 3954 2393 4013 forte
2417 3946 2577 4014 vitam
2606 3970 2859 4018 aeternam
2888 3978 2995 4020 non
3018 3964 3452 4040 dixitApostolus
3470 3972 3730 4041 gratiam?

2145 4046 2259 4102 lino
2285 4064 2412 4104 vero
2442 4050 2518 4105 sic
2541 4049 2705 4119 dixit,
2734 4063 2790 4108 ut
2819 4056 3000 4127 negari
3030 4059 3248 4114 omnino
3271 4075 3378 4117 non
3404 4063 3604 4134 possit;
3630 4080 3732 4122 nec

2145 4140 2528 4197 intellectorem
2556 4153 2789 4212 acutum,
2822 4147 2917 4203 sed
2944 4152 3312 4208 tantummodo
3341 4154 3605 4211 intentum
3627 4157 3728 4214 de~

2145 4218 2342 4317 sideret
2379 4233 2693 4291 auditorem.
2734 4228 2866 4293 Cum
2905 4239 3047 4295 enim
3094 4241 3355 4312 dixisset,
3402 4245 3729 4318 Stipendium

2145 4312 2359 4393 peccati,
2400 4340 2577 4390 mors;
2613 4327 2873 4410 continuo
2898 4330 3149 4399 subdidit,
3184 4332 3362 4390 Gratia
3390 4312 3559 4393 autem
3584 4337 3684 4396 Dei
3708 4383 3725 4410 ,

2143 4412 2244 4467 vita
2264 4416 2473 4481 interna,
2504 4416 2557 4470 in
2582 4402 2780 4473 Christo
2802 4406 2833 4473 J
2841 4437 2927 4475 esu
2949 4421 3172 4480 Domino
3185 4436 3356 4483 nostra
3377 4427 3489 4501 (Id.
3513 4447 3588 4500 vr,
3611 4402 3727 4507 25);

2213 4502 2304 4561 20.
2354 4505 2455 4562 Ista
2504 4522 2630 4579 ergo
2671 4512 2896 4581 quaestio
2942 4516 3087 4570 nullo
3136 4517 3296 4573 modo
3339 4520 3472 4576 mihi
3519 4502 3730 4581 videtur

2142 4614 2302 4669 posse
2337 4601 2593 4669 dissolvi,
2645 4604 2747 4658 nisi
2792 4606 3148 4679 intelligamus
3174 4619 3229 4666 et
3253 4612 3367 4683 ipsa
3395 4613 3533 4669 bona
3565 4631 3728 4689 opera

2142 4698 2325 4745 nostra
2369 4690 2563 4763 quibus
2591 4702 2788 4749 aeterna
2835 4696 3073 4754 redditur
3096 4701 3204 4755 vita
3224 4743 3238 4767 ,
3279 4701 3346 4759 ad
3378 4703 3473 4759 Dei
3503 4707 3724 4775 gratiam

2141 4781 2429 4853 pertinere,
2464 4794 2682 4856 pr0pter
2703 4784 2831 4843 illud
2852 4778 2992 4865 quod
3020 4777 3094 4847 ait
3118 4777 3375 4852 Dominus
3399 4780 3578 4864 lesus,
3606 4801 3727 4857 Sine

2142 4891 2223 4929 me
2250 4875 2379 4930 nihil
2408 4878 2613 4947 potestis
2633 4881 2800 4949 facere
2825 4876 3006 4951 (Joan.
3047 4900 3135 4951 xv,
3162 4886 3238 4955 5).
3271 4886 3339 4942 Et
3359 4889 3473 4958 ipse
3498 4889 3724 4960 Aposto-

2142 4965 2225 5022 lus
2251 4982 2371 5022 cum
2404 4965 2642 5035 dixisset,
2671 4968 2849 5053 Gratia
2886 4974 3013 5029 salvi
3051 4977 3175 5048 facti
3211 4980 3329 5034 estis
3368 4998 3457 5052 per
3486 4983 3662 5053 ﬁdem,
3684 5002 3727 5040 et

2142 5056 2237 5112 hoc
2267 5075 2365 5112 non
2384 5075 2447 5114 ea:
2466 5058 2622 5127 vobis,
2664 5050 2753 5116 sed
2778 5062 2869 5117 Dei
2890 5066 3082 5121 donum
3108 5078 3179 5123 est
3201 5087 3222 5136 ;
3246 5087 3346 5126 non
3367 5088 3431 5127 ea;
3451 5077 3687 5145 operibus
3708 5118 3723 5144 ,

2142 5164 2205 5203 ne
2228 5153 2358 5221 forte
2380 5151 2489 5222 quis
2515 5151 2787 5207 extollatur
2815 5170 2836 5209 :
2863 5155 2993 5211 vidit
3018 5159 3199 5230 utique
3226 5171 3414 5230 putare
3436 5168 3595 5234 pbsse
3625 5168 3723 5222 ho-

2142 5241 2314 5295 mines
2334 5239 2437 5296 hoc
2463 5242 2529 5297 ita
2557 5241 2779 5312 dictum,
2802 5248 2950 5316 quasi
2975 5252 3272 5308 necessaria
3298 5270 3405 5310 non
3432 5244 3540 5313 sint
3564 5275 3724 5331 Opera

2140 5332 2278 5388 bona
2331 5332 2669 5392 credentibus
2697 5379 2712 5404 ,
2768 5338 2861 5395 sed
2901 5341 2981 5398 eis
3029 5342 3163 5400 fides
3208 5347 3319 5403 sola
3363 5351 3625 5420 sufﬁciat;
3675 5365 3727 5412 et

2141 5440 2327 5513 rursus
2351 5442 2510 5499 posse
2532 5428 2774 5487 homines
2799 5431 2865 5488 de
2895 5434 3049 5491 bonis
3074 5440 3327 5510 operibus
3353 5445 3561 5513 extolli,
3585 5449 3724 5504 velut

2141 5506 2207 5575 ad
2229 5536 2289 5575 ea
2317 5519 2555 5577 facienda
2581 5522 2681 5577 sibi
2708 5523 2808 5601 ipsi
2831 5506 3127 5597 sufﬁciant;
3150 5547 3272 5587 mox
3297 5531 3476 5606 itaque
3499 5506 3719 5607 addidit,

2142 5608 2315 5685 Ipsius
2359 5615 2492 5669 enim
2529 5633 2705 5672 sumus
2741 5618 3063 5689 ﬁgmentum,
3091 5625 3245 5680 creati
3278 5625 3330 5680 in
3364 5614 3567 5685 Christo
3603 5630 3720 5687 Iesu

2141 5706 2194 5760 in
2224 5705 2455 5777 operibus
2475 5707 2637 5777 bonis,
2659 5726 2774 5781 qua:
2802 5716 3104 5785 praeparavit
3135 5715 3273 5775 Deus
3291 5760 3308 5788 ,
3331 5716 3386 5775 ‘ul
3406 5706 3459 5777 in
3488 5722 3594 5781 illis
3617 5742 3717 5783 atu-

2211 5799 2227 5865 ξ
2252 5805 2382 5861 t.ov.,
2404 5798 2514 5852 sed.
2544 5808 2641 5865 Αρι.
2666 5808 2740 5853 Er.
2767 5811 2821 5856 et
2844 5810 2975 5865 uss,
2996 5812 3060 5859 et.

2209 5862 2229 5893 ¹
2243 5867 2344 5919 Am.
2369 5867 2443 5914 Er.
2466 5870 2519 5917 et
2540 5862 2708 5927 plures
2728 5874 2855 5932 Mss.
2876 5862 3118 5925 meritum.
