4022 6462
195 373 288 434 α
385 313 400 322 ’
1081 323 1086 328 ’
1603 355 1750 412 ωε

1860 355 2044 416 JNUS.

197 489 402 546 Uallis
419 479 638 552 (Ephcs.
679 495 736 542 ll,
775 475 956 550 8-10).
1005 475 1142 544 Quid
1181 481 1262 530 est
1313 473 1434 536 hoc.
1461 469 1604 544 quod
1633 489 1754 526 eum

197 581 282 636 Dei
305 577 522 648 gratiam
551 569 936 628 commendans
957 569 1210 632 dixisset,
1257 582 1358 622 non
1381 583 1450 620 es:
1483 565 1714 635 operibus
1737 605 1754 629 ,

195 689 250 727 ns
271 676 396 742 forte
421 668 532 738 quis
549 665 854 728 estollatur;
879 679 976 718 cur
1005 663 1106 716 hoc
1123 661 1320 716 dixerit
1341 659 1604 716 rationem
1631 657 1755 714 red-

194 763 328 826 dens,
361 759 530 830 Ipsius
549 759 680 814 enim
705 769 902 822 sumus,
942 754 1132 824 inquit,
1175 755 1492 824 ﬁgmentum,
1521 749 1677 804 creati
1703 749 1758 804 in

195 855 374 911 Christo
416 851 540 906 Jestt
573 853 629 905 in
661 849 899 922 operibus
945 849 1090 904 bonis
1113 848 1139 902 .9
1175 847 1452 915 Quomodo
1477 860 1626 916 ergo,
1657 860 1758 898 non

193 965 246 1002 ea
279 945 522 1014 operibus,
563 960 626 996 ne
647 945 778 1014 forte
801 942 916 1012 quis
943 941 1260 996 extollatur?
1295 939 1400 994 Sed
1425 937 1572 1000 audi,
1597 945 1652 992 et
1679 937 1760 990 in-

193 1041 352 1108 telligo
375 1081 388 1100 ,
439 1053 544 1092 non
585 1052 652 1090 ea
681 1035 914 1104 operibus
939 1033 1161 1097 dictum,
1195 1043 1444 1101 tauquam
1471 1031 1574 1084 tuis
1613 1045 1679 1084 ex
1707 1037 1758 1082 te

191 1132 293 1202 ipso
319 1130 410 1184 tibi
433 1127 808 1190 existentibus,
840 1125 934 1182 sed
961 1135 1208 1196 tanquam
1253 1125 1334 1178 his
1373 1125 1424 1178 in
1463 1123 1654 1193 quibus
1703 1130 1758 1176 te

191 1225 316 1278 Deus
349 1222 516 1288 tinxit,
545 1221 600 1276 id
635 1229 720 1276 est
749 1219 994 1275 formavit
1013 1229 1068 1274 et
1085 1218 1306 1290 ereavit.
1339 1217 1450 1272 Hoc
1477 1215 1620 1272 enim
1645 1215 1714 1269 ait
1739 1255 1754 1282 ,

191 1315 344 1384 Ipsius
379 1331 552 1368 sumus
579 1313 894 1385 ﬁgsnentum,
923 1313 1076 1366 creati
1095 1312 1148 1364 in
1167 1307 1366 1365 Christo
1385 1309 1514 1364 Jcsu
1543 1310 1594 1362 in
1631 1325 1753 1378 ope-

193 1407 314 1460 ribus
337 1405 478 1460 bouis
499 1421 522 1468 ;
549 1421 652 1460 non
695 1406 782 1459 illa
815 1403 1086 1458 creatione
1113 1417 1214 1473 qua
1246 1402 1490 1456 homines
1517 1401 1639 1456 lacti
1667 1415 1757 1456 su-

189 1513 312 1560 mus,
343 1497 434 1552 sed
461 1513 524 1552 ea
549 1497 618 1552 de
639 1512 740 1566 qua
769 1497 857 1550 ille
881 1495 1112 1562 dicebat,
1141 1495 1234 1566 qui
1257 1495 1436 1564 utique
1457 1493 1566 1563 jam
1597 1492 1756 1547 homo

190 1599 308 1654 erat,
329 1587 428 1643 Cor
451 1587 698 1642 mundum
723 1603 838 1642 crea
873 1588 928 1642 in
955 1603 1052 1654 me,
1095 1585 1234 1640 Deus
1261 1585 1429 1658 (Psal.
1461 1601 1512 1650 ι,
1547 1585 1672 1656 l2);
1701 1595 1756 1640 et

189 1679 245 1734 de
265 1695 358 1750 qua
385 1679 516 1734 dicit
553 1679 862 1748 Apostolus,
907 1679 968 1734 Si
1001 1695 1100 1750 qua
1125 1679 1282 1750 igitur
1311 1679 1364 1732 in
1399 1677 1600 1732 Christo
1627 1693 1754 1730 nova

186 1779 412 1832 creatura,
435 1779 604 1824 uetera
623 1772 950 1836 transierunt;
971 1787 1083 1824 ecce
1103 1771 1240 1839 facta
1261 1779 1378 1826 sunt
1399 1785 1528 1823 noua
1549 1785 1568 1824 :
1585 1773 1756 1824 omnia

186 1875 334 1918 alitem
357 1881 418 1918 ea:
445 1863 554 1918 Deo
583 1864 650 1936 (ll
671 1863 796 1919 Cor.
827 1880 888 1921 ν.
923 1864 1010 1928 Π,
1049 1861 1157 1934 l8).
1191 1863 1464 1933 Fingimur
1499 1877 1658 1933 ergo,
1703 1861 1754 1916 id

185 1966 254 2010 est
291 1957 578 2010 formantur
611 1963 666 2011 et
689 1971 936 2010 creamur
959 1955 1012 2008 in
1040 1955 1274 2026 operibus
1299 1955 1460 2020 bonis,
1491 1969 1620 2024 qtae,
1647 1969 1754 2008 non

185 2047 582 2119 preparavimus
623 2061 744 2115 nos,
793 2046 888 2102 sed
919 2047 1226 2118 prwparaoit
1263 2043 1424 2112 Deus,
1461 2054 1516 2098 ut
1553 2045 1610 2098 in
1651 2045 1754 2098 illis

185 2137 488 2192 ambulemus.
517 2135 722 2209 Itaque,
751 2137 1048 2193 charissimi
1089 2139 1128 2202 ⁸,
1171 2137 1214 2192 si
1257 2135 1360 2191 vita
1389 2137 1526 2192 bona
1572 2145 1750 2190 nostra

183 2231 294 2286 nihil
329 2231 474 2288 aliud
515 2241 600 2288 est
635 2247 796 2302 quam
841 2231 932 2288 Dei
973 2232 1166 2302 gratia,
1207 2232 1324 2286 sine
1351 2229 1518 2284 dubio
1546 2241 1602 2286 et
1645 2231 1752 2284 vita

183 2333 377 2388 aeterna,
409 2337 535 2394 quat
573 2323 728 2378 bona:
765 2323 888 2379 vitm
927 2322 1188 2390 redditur,
1221 2321 1314 2376 Dei
1345 2321 1514 2392 gratia
1545 2331 1628 2376 est
1655 2337 1668 2374 :
1695 2329 1752 2375 et

181 2415 278 2486 ipsa
313 2417 452 2470 enim
493 2415 666 2486 gratis
707 2414 866 2470 datur
889 2455 904 2480 ,
954 2413 1074 2486 quia
1117 2413 1282 2483 gratis
1305 2413 1424 2468 data
1449 2419 1532 2466 est
1557 2411 1646 2466 illa
1667 2411 1752 2466 cui

180 2507 336 2564 datur.
371 2508 478 2564 Sed
523 2508 610 2563 illa
644 2509 730 2564 cui
772 2509 930 2564 datur
953 2549 968 2574 ,
1017 2507 1384 2562 tantummodo
1425 2507 1592 2576 gratia
1625 2513 1708 2560 est
1737 2523 1750 2560 :

179 2599 280 2657 haec
315 2613 494 2658 autem
525 2619 646 2673 qua:
671 2603 752 2658 illi
789 2603 982 2671 datur,
1019 2602 1270 2672 quopiam
1315 2601 1592 2672 prmium
1633 2599 1749 2668 ejus

179 2701 266 2760 est,
287 2695 448 2764 gratia
475 2701 564 2750 est
587 2709 682 2764 pro
703 2693 894 2764 gratia,
915 2703 1164 2765 tanquam
1185 2707 1394 2748 merces
1413 2707 1510 2762 pro
1522 2691 1746 2762 justitia;

179 2792 226 2838 ut
249 2800 422 2842 verum
445 2785 540 2852 sit,
565 2785 820 2855 quoniam
841 2799 1024 2840 verum
1055 2793 1158 2850 est,
1179 2784 1302 2854 quia
1332 2783 1520 2838 reddet
1537 2781 1745 2836 unicui-

177 2889 265 2946 que
288 2877 424 2933 Deus
455 2876 752 2934 secundum
781 2891 944 2948 Opera
969 2877 1106 2948 ejus.

235 2967 562 3028 CAPUTIX.
579 2969 756 3024 -ει
779 2967 968 3026 Utrum
989 2979 1172 3024 autem
1193 2967 1476 3038 legerimus
1503 2967 1556 3022 iu
1579 2966 1752 3022 Libris

178 3063 374 3130 sanctis,
415 3061 640 3134 gratiam
689 3077 784 3134 pro
821 3061 1027 3133 gratia,
1073 3059 1296 3116 forsitan
1341 3059 1596 3130 quieritis.
1643 3057 1748 3113 Sed

178 3151 362 3210 habetis
395 3155 747 3226 Evangelium
791 3155 1086 3211 secundum
1136 3153 1396 3209 Joannem
1443 3161 1582 3208 tanta
1629 3152 1748 3208 luce

178 3243 536 3314 clarissimum,
567 3245 656 3302 ubi
684 3245 918 3302 Joannes
943 3245 1180 3315 Baptista
1203 3243 1270 3300 de
1293 3243 1518 3298 Domino
1535 3243 1749 3298 Christo

179 3333 306 3402 dicit,
333 3337 446 3394 Nos
473 3347 644 3394 autem
681 3354 744 3392 ea;
767 3337 1078 3409 plenitudine
1103 3337 1214 3409 ejus
1233 3335 1536 3404 accepimus,
1563 3343 1608 3390 el
1633 3351 1752 3406 gra-

179 3427 282 3484 tisut
313 3447 405 3502 pro
444 3431 612 3502 gratia
649 3427 830 3503 (locu.
855 3445 890 3498 ι,
921 3427 1034 3502 16).
1065 3429 1144 3482 Ex
1171 3429 1288 3498 ejus
1317 3437 1492 3498 Itaque
1519 3427 1748 3497 plenitu-

178 3517 284 3576 dine
307 3523 613 3594 aceepimus
631 3537 728 3592 pro
743 3521 962 3578 modulo
981 3530 1168 3576 nostro
1195 3528 1446 3590 tanquam
1465 3520 1752 3590 particulas

179 3623 366 3672 nostsz
391 3626 450 3672 ut
475 3617 613 3672 bene
641 3616 902 3684 vivamus,
927 3616 1058 3670 sicut
1091 3613 1228 3669 Deus
1253 3613 1469 3684 partitus
1503 3622 1574 3668 est
1603 3627 1748 3668 men-

179 3723 328 3762 suram
355 3711 478 3780 ﬁdei
503 3709 680 3782 (Rom.
713 3709 808 3776 in,
849 3709 944 3781 5);
971 3709 1094 3779 quia
1117 3709 1460 3780 unusquisque
1489 3707 1750 3778 proprium

181 3799 350 3857 donum
389 3803 542 3858 habet
574 3819 608 3856 a
639 3802 768 3869 Deo,
799 3801 936 3858 alius
963 3803 1056 3868 sic,
1095 3801 1230 3856 alius
1265 3811 1432 3856 autent
1457 3803 1528 3854 sic
1549 3802 1598 3872 (l
1627 3800 1745 3856 Cor.

183 3905 262 3959 ru,
285 3895 374 3964 7);
401 3903 458 3950 et
487 3895 600 3964 ipsa
635 3903 716 3950 est
745 3895 912 3965 gratia
941 3911 958 3949 :
987 3894 1082 3950 sed
1111 3895 1328 3964 insuper
1345 3894 1670 3964 accipiemus
1695 3901 1748 3949 et

178 3985 378 4050 gratiam
415 3999 510 4053 pro
533 3985 702 4052 gratia
721 4023 736 4049 ,
763 3983 978 4054 quando
1005 3984 1158 4038 nobis
1189 3985 1294 4040 vita
1321 3995 1521 4040 reterns
1553 3984 1745 4040 redde-

177 4081 272 4142 tur,
307 4077 378 4132 de
417 4091 520 4146 qua
553 4075 690 4130 dixit
732 4077 1038 4147 Apostolus,
1083 4077 1260 4132 Gratia
1301 4089 1470 4132 autem
1509 4076 1608 4133 Dei
1645 4079 1748 4132 vita

176 4175 342 4222 eterna
381 4170 436 4222 in
477 4165 677 4222 Christo
713 4167 840 4224 Jesu
895 4167 1116 4226 Domino
1160 4181 1330 4224 nostra
1367 4185 1386 4224 :
1435 4187 1554 4224 cum
1603 4172 1748 4240 prius

179 4257 408 4330 dixisset,
443 4259 768 4331 Stipendium
814 4261 1036 4332 peccati,
1081 4277 1234 4316 mors.
1266 4261 1456 4316 Merito
1481 4263 1622 4316 enim
1653 4264 1748 4316 sti-

177 4353 410 4420 pendium
435 4395 450 4420 ,
488 4354 610 4424 quia
639 4353 843 4408 militiai
871 4353 1152 4410 diabolicae
1191 4369 1336 4408 mors
1381 4363 1580 4408 tuterna
1627 4363 1746 4408 tan-

175 4459 314 4513 quam
347 4445 588 4502 debitum
631 4445 888 4500 redditur.
933 4444 1034 4502 Ubi
1078 4460 1197 4500 eum
1244 4453 1421 4514 posset
1461 4445 1658 4510 dicere,
1690 4455 1745 4500 et

175 4547 306 4592 recte
327 4537 531 4602 dicere,
563 4536 900 4608 Stipendium
931 4547 1108 4594 autem
1145 4537 1362 4608 justititu
1395 4539 1498 4593 vita
1521 4547 1743 4603 mterna;

173 4631 342 4686 maluit
379 4629 582 4696 dicere,
622 4629 800 4684 Gratia
825 4640 994 4686 autem
1015 4629 1132 4694 Dei,
1164 4631 1263 4684 vita
1297 4639 1484 4684 (eterna
1505 4647 1523 4684 :
1546 4641 1602 4684 ιιι
1625 4631 1750 4686 hinc

173 4715 598 4792 intelligeremus,
631 4739 735 4776 non
777 4737 872 4790 pro
907 4722 1112 4778 meritis
1147 4723 1344 4777 nostris
1363 4722 1532 4778 Deum
1561 4739 1656 4777 nos
1681 4723 1746 4777 ad

173 4821 407 4868 internum
445 4814 632 4880 vitam,
659 4813 752 4870 sed
787 4829 882 4883 pro
922 4827 1014 4868 sua
1060 4813 1404 4870 miseratione
1433 4815 1744 4886 perducere.

173 4901 237 4958 De
264 4923 366 4976 quo
393 4909 444 4962 in
473 4909 688 4964 Psalmo
719 4909 847 4963 dicit
883 4908 1044 4962 homo
1069 4909 1186 4976 ejus
1216 4907 1406 4964 animus
1435 4923 1546 4964 sum
1587 4926 1600 4961 :
1649 4909 1748 4974 Qui

173 5007 364 5052 coronat
389 5009 435 5054 te
465 4999 517 5053 in
545 5001 862 5054 miseratione
888 5008 932 5052 et
961 4999 1304 5054 misericordia
1347 4998 1516 5072 (Psal.
1540 5015 1632 5064 cu,
1664 5001 1742 5068 4).

173 5085 424 5163 Numquid
465 5109 572 5148 non
619 5109 816 5148 corona
859 5093 1010 5146 bonis
1050 5093 1300 5161 operibus
1341 5091 1616 5146 redditur?
1643 5091 1746 5146 Sed

174 5182 284 5248 quia
319 5183 430 5254 ipsa
469 5185 604 5240 bona
635 5200 794 5254 opera
825 5185 914 5238 ille
943 5185 992 5238 in
1017 5184 1170 5238 bonis
1197 5191 1448 5254 operatur
1477 5185 1518 5248 ¹,
1548 5183 1616 5237 de
1643 5199 1747 5252 quo

174 5270 358 5328 dictum
387 5285 487 5342 est,
523 5275 654 5330 Deus
675 5286 747 5328 est
773 5279 902 5329 enim
927 5277 1012 5346 qui
1037 5285 1278 5347 operatur
1303 5275 1354 5328 in
1377 5275 1512 5328 vobis
1547 5285 1594 5327 et
1624 5275 1749 5328 velle

175 5373 214 5416 et
239 5369 450 5436 aperari,
487 5384 580 5438 pro
622 5368 750 5422 bona
783 5367 1070 5432 voluntate;
1120 5367 1240 5422 ideo
1284 5365 1420 5422 dixit
1457 5365 1701 5420 Psalmus
1731 5405 1744 5430 ,

174 5451 380 5512 Coronat
407 5469 455 5514 te
491 5461 543 5514 in
583 5460 902 5515 miseratione
940 5469 984 5514 et
1033 5459 1384 5516 misericordia
1417 5475 1435 5514 :
1477 5457 1598 5529 quia
1629 5457 1746 5527 ejus

175 5553 501 5608 miseratione
523 5553 660 5608 bona
686 5567 990 5622 operamur,
1030 5553 1220 5622 quibus
1247 5567 1446 5607 corona
1481 5551 1739 5606 redditur.

233 5685 246 5712 '
269 5693 404 5755 _Lov.,
427 5695 610 5755 Itaque,
637 5691 816 5754 fratres
838 5685 1130 5742 charissiml.
1175 5691 1342 5752 Abest,
1361 5691 1560 5755 hatres,
1585 5705 1614 5742 a
1639 5699 1745 5742 Mss.

179 5755 220 5796 et
241 5750 298 5797 ab
324 5753 464 5801 editis
486 5750 584 5802 Ant.
599 5750 602 5752 ⁷
619 5750 690 5801 Er.

233 5812 472 5880 fyaticani
491 5825 696 5878 quatuor
857 5821 910 5867 et
939 5815 1302 5880 antiquissimus
1323 5817 1630 5868 Corbeiensis
1647 5851 1661 5878 ,
1699 5815 1750 5870 in

177 5870 296 5926 tubis
317 5870 558 5933 oneratur.

1865 473 1978 526 Non
2003 475 2168 543 enim,
2195 476 2316 547 quia
2359 475 2513 548 dixit,
2559 479 2694 534 Deus
2719 487 2794 536 est
2831 481 2962 536 enim
3001 485 3090 554 qud
3125 495 3368 557 operatur
3395 503 3449 542 ιη

1867 565 2002 620 vobis
2023 577 2068 620 et
2093 569 2222 624 uelis
2247 579 2294 622 et
2313 572 2515 641 operari
2533 611 2548 638 ,
2575 589 2666 642 pro
2691 573 2819 628 bona
2851 575 3126 644 uoluntate,
3157 579 3278 634 ideo
3319 581 3452 636 libe-

1867 674 1984 713 rum
2025 661 2302 716 arbitrium
2339 663 2624 720 abstulisse
2663 667 2930 736 putandus
2967 677 3068 724 est.
3105 669 3258 737 Quod
3301 673 3346 726 si
3379 671 3446 726 ita

1865 762 2044 820 esset,
2083 769 2185 808 non
2218 759 2462 826 superius
2489 759 2733 828 dixisset,
2767 761 2890 815 Cum
2936 763 3114 830 timore
3148 769 3194 818 et
3237 767 3452 820 tremore

1863 855 2080 898 casu-am
2113 847 2338 918 ipsorum
2375 845 2586 904 saluté'm
2625 851 2906 924 operamini
2943 853 3200 928 (Philipp.
3227 873 3264 912 ις
3287 901 3300 926 ,
3335 861 3404 914 15
3431 901 3447 927 ,

1867 935 1978 1006 12).
2007 937 2234 1004 Quando
2259 941 2406 994 enim
2433 941 2652 1012 jubetur
2675 955 2732 999 ut
2761 955 3068 1016 operentur,
3097 949 3322 1004 liberum
3355 965 3444 1006 eo-

1865 1043 1982 1084 rum
2029 1033 2344 1088 convenitur
2369 1035 2648 1092 arbitrium
2683 1055 2698 1092 :
2729 1041 2821 1096 sed
2853 1041 2972 1096 ideo
3007 1057 3126 1096 eum
3169 1045 3357 1098 timore
3397 1055 3450 1100 et

1865 1129 2129 1188 tremore;
2157 1139 2226 1179 ne
2253 1126 2352 1180 sibi
2383 1128 2663 1184 tribuendo
2685 1131 2826 1201 quod
2863 1133 2998 1188 bene
3033 1143 3342 1204 operantur,
3380 1133 3450 1190 de

1865 1213 2018 1268 bonis
2065 1225 2314 1287 tanquam
2351 1221 2466 1274 suis
2503 1223 2830 1278 extollantur
2873 1227 3143 1295 operibus.
3173 1227 3448 1296 Tanquam

1863 1319 1990 1376 ergo
2013 1307 2432 1378 interrogaretur
2463 1314 2769 1382 Apostolus,
2801 1325 2852 1370 et
2884 1315 3159 1372 diceretur
3179 1318 3251 1384 ei,
3275 1317 3452 1382 Quare

1863 1397 2060 1464 dixisti,
2084 1399 2209 1454 Cant
2235 1403 2414 1458 timore
2441 1413 2488 1458 et
2519 1409 2772 1462 tremore!
2799 1408 2990 1463 borum
3033 1411 3318 1464 verborum
3359 1421 3451 1464 ra-

1865 1491 2060 1546 tionem
2097 1493 2326 1548 reddidit
2363 1495 2564 1558 dicens.
2595 1497 2732 1552 Deus
2759 1507 2830 1552 est
2857 1499 2986 1553 enim
3019 1501 3106 1570 qui
3141 1509 3380 1571 operatur
3397 1501 3450 1554 in

1861 1583 2017 1639 vobis.
2050 1585 2104 1638 Si
2123 1589 2264 1640 enim
2291 1588 2484 1642 timetis
2505 1599 2558 1644 et
2587 1591 2831 1654 tremitis,
2855 1603 2962 1646 non
2983 1593 3308 1648 extollimini
3332 1606 3448 1647 tan-

1862 1689 2020 1743 quam
2057 1675 2124 1732 de
2159 1681 2352 1736 vestris
2385 1681 2636 1750 operibus
2675 1684 2851 1750 bonis,
2897 1685 3020 1755 quia
3059 1685 3201 1742 Deus
3237 1695 3320 1742 est
3355 1685 3448 1756 qui

1861 1777 2112 1838 operatur
2143 1771 2198 1825 in
2239 1772 2412 1827 vobis.

1929 1861 2156 1918 CAPUT
2186 1863 2254 1918 X.
2297 1895 2371 1906 --
2419 1865 2512 1922 22.
2552 1865 2768 1938 Itaque,
2807 1867 2999 1925 fratres
3025 1912 3039 1938 ,
3075 1869 3285 1926 debetis
3327 1869 3447 1942 qui-

1861 1954 1982 2010 dem
2033 1965 2127 2026 per
2171 1957 2398 2014 liberum
2455 1957 2730 2015 arbitrium
2779 1975 2886 2016 non
2935 1961 3114 2018 facere
3157 1963 3292 2017 mala
3320 2004 3334 2028 ,
3393 1969 3451 2016 et

1859 2045 2038 2104 facere
2091 2047 2265 2116 bona;
2337 2050 2440 2106 hoc
2485 2051 2632 2106 enim
2705 2053 2862 2108 nobis
2919 2053 3006 2108 lex
3059 2054 3154 2109 Dei
3209 2051 3451 2124 prcccipit

1861 2137 1914 2192 in
1941 2137 2116 2194 Libris
2161 2141 2382 2210 sanctis,
2435 2143 2548 2198 sive
2595 2145 2883 2210 veteribus,
2929 2145 3044 2200 sive
3085 2145 3238 2200 novis
3287 2163 3300 2200 :
3349 2143 3444 2200 sed

1859 2229 2096 2300 legamus
2141 2241 2194 2286 et
2247 2233 2534 2302 adjuvante
2591 2235 2816 2289 Domino
2869 2235 3230 2306 intelligamus
3297 2235 3445 2305 Apo-

1859 2322 2052 2376 stolum
2083 2321 2367 2392 dicentem,
2405 2325 2536 2392 Quia
2563 2341 2664 2379 non
2677 2326 3042 2396 justiﬂcabitur
3067 2339 3128 2381 ex
3151 2325 3258 2397 lege
3279 2327 3442 2380 omnis

1859 2427 1978 2467 caro
1999 2425 2170 2468 curam
2195 2411 2285 2472 illo
2311 2457 2322 2472 .
2349 2433 2436 2486 per
2466 2417 2623 2490 legem
2645 2419 2776 2473 enim
2802 2421 3021 2491 cognitio
3047 2421 3238 2492 peccati
3257 2418 3446 2491 (Rom.

1861 2521 1938 2572 tu,
1963 2507 2078 2578 20).
2107 2506 2337 2580 Cognitio
2361 2510 2523 2574 dixit;
2557 2525 2684 2578 non,
2713 2513 3086 2584 Consumptio.
3105 2513 3332 2581 Quando
3355 2525 3450 2568 au-

1863 2609 1966 2654 tem
1991 2603 2264 2670 cognoscit
2299 2601 2459 2658 homo
2491 2615 2792 2674 peccatum,
2824 2603 2868 2660 si
2899 2619 3004 2660 non
3036 2607 3251 2676 adjuvat
3274 2605 3443 2678 gratia

1861 2703 1918 2748 ut
1953 2695 2224 2764 cognitum
2247 2707 2515 2764 caveatur,
2551 2699 2668 2754 sine
2701 2697 2866 2754 dubio
2891 2697 2976 2754 lex
3009 2699 3140 2754 iram
3173 2707 3446 2769 operatur.

1861 2785 2012 2853 Quod
2042 2785 2146 2840 alio
2171 2787 2289 2842 loco
2309 2789 2422 2860 ipse
2449 2791 2736 2860 Apostolus
2759 2791 2907 2857 dicit,
2931 2793 3096 2863 ipsius
3116 2791 3258 2848 enim
3281 2790 3446 2846 verba

1862 2885 2028 2932 sunt:
2063 2875 2170 2931 Lex
2207 2877 2336 2932 iram
2371 2889 2624 2950 operatur.
2669 2881 2780 2936 Hoc
2808 2885 2984 2937 autem
3011 2875 3168 2949 dixit,
3214 2881 3336 2952 quia
3365 2881 3441 2936 ira

1862 2965 1956 3022 Dei
2001 2969 2172 3038 major
2197 2977 2282 3024 est
2324 2969 2376 3024 in
2415 2971 2844 3041 prmvaricatore,
2889 2973 2978 3043 qttl
3021 2985 3118 3043 per
3145 2973 3318 3045 legent
3355 2981 3447 3028 co-

1859 3062 2065 3131 gnoscit
2099 3071 2399 3132 peccatum,
2427 3073 2480 3118 et
2505 3071 2682 3119 tamen
2715 3063 2841 3118 facit
2869 3081 2882 3118 :
2913 3063 3034 3119 talis
3059 3063 3254 3136 quippe
3281 3061 3444 3118 homo

1861 3152 2238 3221 praevaricator
2275 3162 2357 3209 est
2399 3155 2528 3225 legis
2553 3195 2567 3218 ,
2611 3154 2750 3210 sicut
2784 3163 2838 3210 et
2884 3155 2936 3209 in
2985 3155 3092 3210 alio
3135 3155 3252 3211 loco
3293 3154 3446 3220 dicit,

1863 3241 1962 3298 Ubi
2013 3244 2148 3298 enim
2199 3244 2282 3300 lea:
2337 3261 2438 3299 non
2490 3255 2562 3299 est
2589 3285 2605 3314 ,
2661 3261 2753 3300 nec
2804 3246 3156 3318 prwburlcatio
3208 3253 3280 3300 est
3329 3245 3443 3319 (Id.

1857 3349 1932 3402 tv,
1971 3335 2084 3406 lli).
2137 3333 2361 3406 Propter
2407 3335 2510 3391 hoc
2551 3343 2607 3391 et
2650 3337 2776 3392 alibi
2818 3339 2914 3403 ait,
2961 3335 3029 3393 Ut
3071 3338 3346 3393 serviamus
3389 3337 3446 3392 in

1855 3426 2071 3480 nouitate
2109 3427 2338 3497 spiritus,
2379 3436 2428 3482 et
2473 3429 2663 3482 nonin
2713 3427 2955 3483 vetustate
2983 3429 3162 3483 litium
3211 3441 3231 3484 :
3267 3421 3440 3500 legem

1855 3516 2040 3572 volens
2087 3517 2310 3590 intelligi
2359 3518 2554 3574 littera
2595 3527 2935 3588 vetustatem,
2983 3521 3278 3576 novitatem
3317 3533 3446 3578 vero

1856 3611 2073 3681 spiritus
2097 3609 2246 3682 quid,
2275 3611 2374 3666 nisi
2399 3613 2660 3682 gratiam?
2688 3613 2753 3668 Et
2777 3627 2845 3668 ne
2863 3619 3144 3684 putaretur
3163 3623 3444 3670 accusasse

1855 3705 2026 3775 legem
2091 3707 2174 3761 vel
2235 3706 2679 3775 reprehendisse;
2739 3707 2992 3762 continuo
3039 3705 3142 3762 sibi
3195 3707 3444 3777 opposuit

1853 3799 2222 3868 qttmstionem,
2249 3805 2302 3852 et
2329 3798 2422 3864 ait,
2457 3797 2596 3866 Quid
2615 3813 2734 3870 ergo
2759 3798 2980 3853 dicemus
3001 3797 3028 3854 ἔ
3049 3795 3158 3853 Lex
3181 3807 3442 3870 peccatum

1853 3897 1926 3942 est
1941 3890 1968 3943 Ρ
1987 3889 2146 3944 Absit.
2167 3889 2369 3946 Deinde
2387 3891 2676 3960 subiunxit,
2693 3889 2800 3946 Sed
2815 3899 3074 3962 peccatum
3093 3901 3193 3946 non
3213 3892 3442 3963 cognovi,

1855 3979 1952 4032 nisi
1991 3995 2080 4052 per
2107 3980 2264 4051 legem
2295 3997 2313 4034 :
2357 3981 2458 4044 hoe
2485 3993 2566 4036 est
2591 3983 2730 4052 quod
2758 3983 2985 4050 dixerat,
3031 3981 3135 4038 Per
3173 3984 3330 4056 legem
3362 3999 3447 4040 cod

1852 4071 2010 4142 gnitio
2028 4071 2236 4140 peccati.
2263 4069 2400 4124 Nam
2419 4073 2894 4142 concupiscentiam,
2925 4073 3114 4144 inquit,
3144 4073 3439 4142 nesciebam,

1853 4163 1950 4216 nisi
1975 4161 2058 4216 lea:
2089 4162 2297 4226 diceret,
2331 4161 2454 4216 Non
2481 4165 2823 4232 concupisces.
2859 4161 3136 4218 Occasione
3165 4175 3331 4218 autem
3359 4177 3446 4219 ac-

1851 4265 2016 4326 cepta,
2073 4265 2332 4324 peccatum
2382 4271 2470 4324 per
2521 4255 2816 4309 mandatum
2865 4265 3124 4326 operatum
3167 4265 3238 4310 est
3273 4255 3325 4308 in
3367 4267 3448 4310 nte

1853 4363 2050 4400 onmem
2103 4347 2562 4418 concupiscentiam
2619 4363 2638 4402 :
2693 4347 2801 4400 sine
2853 4345 2958 4418 lege
3003 4349 3137 4400 enim
3185 4359 3445 4418 peccatum

1851 4447 2106 4492 mortuum
2131 4448 2203 4493 est
2227 4440 2267 4492 ι.
2303 4437 2410 4510 Ego
2437 4447 2608 4494 autem
2627 4439 2903 4510 aliquando
2929 4437 3150 4492 vivebam
3175 4439 3282 4492 sine
3302 4440 3410 4510 lege
3427 4455 3447 4493 :

1854 4531 2145 4584 adveniente
2169 4539 2338 4584 autem
2359 4529 2618 4596 mandato,
2647 4541 2904 4600 peccatum
2934 4531 3128 4594 revincit,
3155 4545 3244 4602 ego
3279 4539 3446 4582 autent

1853 4633 2078 4676 mortuus
2103 4637 2235 4690 sum,
2261 4631 2306 4676 et
2331 4622 2588 4676 inuetitum
2610 4631 2682 4675 est
2707 4621 2830 4674 mihi
2856 4622 3150 4674 nrandatum
3176 4621 3310 4692 quod
3336 4631 3444 4676 erat

1852 4715 1906 4768 in
1933 4714 2106 4780 vitam,
2134 4716 2226 4766 hoc
2250 4729 2358 4767 esse
2379 4715 2432 4766 in
2463 4722 2708 4778 mortem;
2739 4722 2998 4784 peccatum
3025 4713 3156 4766 enim
3185 4714 3446 4768 occasione

1853 4815 2058 4875 accepta
2098 4823 2184 4876 per
2213 4805 2506 4859 mandatum
2537 4803 2718 4874 fefellit
2755 4821 2853 4870 me,
2887 4815 2932 4858 et
2965 4821 3052 4876 per
3083 4805 3212 4859 illud
3241 4807 3442 4861 occidit.

1852 4896 2034 4967 Itaque
2055 4899 2138 4951 lea:
2155 4897 2352 4967 quidem
2374 4907 2568 4963 sancta,
2599 4906 2644 4950 et
2674 4899 2968 4950 mandatum
2993 4905 3241 4962 sanctum,
3271 4911 3316 4952 et
3356 4901 3449 4970 ju-

1859 4999 2012 5054 stum,
2036 4995 2080 5044 et
2112 4989 2316 5044 bonum.
2343 4989 2492 5056 Quod
2519 5005 2637 5060 ergo
2667 4991 2851 5044 bonum
2877 4999 2946 5044 est
2971 5033 2984 5058 ,
3015 4993 3138 5046 mihi
3167 4997 3354 5064 factum
3378 4999 3448 5048 est

1855 5085 2032 5138 mors?
2061 5085 2218 5138 Absit.
2253 5085 2359 5138 Sed
2389 5093 2648 5151 peccatum
2678 5095 2729 5137 ut
2759 5095 3002 5156 appareat
3035 5097 3290 5156 peccatum
3311 5128 3324 5152 ,
3361 5103 3448 5156 per

1855 5175 2038 5228 bonum
2073 5175 2196 5227 mihi
2225 5184 2487 5245 apemtum
2509 5185 2582 5228 est
2609 5185 2836 5242 mortem,
2865 5185 2918 5228 ut
2945 5177 3034 5246 ﬁat
3061 5193 3217 5246 satira
3243 5177 3446 5230 modum

1856 5279 2088 5338 peccator
2105 5280 2190 5321 aut
2219 5279 2478 5339 peccaturo
2506 5269 2526 5300 ⁸
2557 5285 2646 5336 per
2673 5269 2968 5322 mandatum
2997 5267 3105 5342 (Id.
3134 5281 3226 5334 Vit,
3259 5271 3447 5342 64?»).

1855 5361 1922 5414 Et
1948 5360 2014 5414 ad
2053 5359 2266 5415 Galatas
2293 5357 2420 5414 dicit
2461 5377 2475 5413 :
2525 5360 2754 5415 Scientes
2779 5373 2949 5414 autem
2973 5363 3209 5430 quoniam
3233 5379 3336 5418 non
3355 5365 3448 5436 jus

1852 5453 2105 5521 stiﬁcatur
2145 5450 2292 5504 homo
2330 5467 2396 5504 ea:
2433 5453 2668 5519 operibus
2697 5453 2822 5524 legis
2855 5454 2952 5508 nisi
2998 5465 3086 5523 per
3115 5453 3272 5527 ﬁdem
3323 5458 3446 5512 Jesu

1917 5563 1936 5597 ί
1961 5563 2100 5626 Editl,
2131 5565 2374 5614 mortuum
2403 5571 2525 5616 erat.
2565 5569 2674 5617 Mss.
2726 5571 2966 5616 utorth
2995 5565 3085 5618 est.
3131 5575 3294 5620 Graece
3341 5579 3448 5633 est,

1851 5639 2067 5760 nfgrgin.
2098 5695 2149 5739 et
2180 5695 2272 5748 En,
2312 5701 2460 5760 supra
2498 5691 2692 5760 modum
2715 5695 2985 5760 peccatum.
3025 5701 3154 5760 tor”
3179 5711 3326 5760 supra
3351 5711 3451 5748 tto-

1853 5751 1973 5826 dum
2013 5761 2221 5826 peccans
2261 5751 2528 5825 peccatum.
2567 5751 3002 5826 ttss.vero.sttpra
3023 5751 3215 5826 modum
3236 5751 3450 5822 peccator

1853 5821 2230 5942 glutmglezt‘ltnttlmn
2277 5827 2294 5866 :
2335 5819 2500 5879 paucis
2541 5819 2765 5878 exceptis
2779 5849 2796 5881 ,
2841 5819 2932 5884 qui
2991 5819 3302 5885 particulam,
3345 5829 3449 5888 aut,
