4022 6458
494 469 680 526 Christ:
697 511 714 537 ,
742 477 792 524 et
819 485 911 524 nos
935 468 990 522 in
1018 465 1218 521 Christo
1244 462 1371 517 Jesu
1401 461 1737 525 credidimus,
1767 470 1822 515 ut
1841 461 2092 531 justi/ice-

495 581 610 619 mur
635 581 698 620 ea:
724 564 824 632 ﬁde
848 560 1032 616 Christi
1058 599 1073 624 ,
1105 567 1150 612 et
1179 573 1280 610 non
1316 573 1378 610 ea:
1416 555 1649 625 operibus
1677 552 1818 624 legis,
1852 552 2094 623 quoniam

495 673 559 711 ea:
604 653 835 723 operibus
877 652 999 722 legis
1043 667 1145 704 non
1179 647 1545 719 justi/imbitur
1591 647 1754 700 omnis
1797 662 1915 699 caro
1965 641 2093 714 (Ga-

497 749 674 808 lutsn,
708 745 823 816 16).

569 835 795 891 CAPUT
825 834 920 891 XI.
955 864 1026 875 -
1067 835 1162 891 2'5.
1213 831 1352 900 Quid
1378 832 1460 886 es't
1489 844 1618 900 ergo
1641 828 1782 899 quod
1813 825 2087 883 vanissimi

498 929 740 984 homines
763 937 816 982 et
846 925 1235 998 perversissimi
1267 922 1538 993 Pelagiani
1565 922 1736 991 legem
1758 920 2092 1002 dicunt'esse

506 1022 598 1076 Dei
629 1021 888 1091 gratiam,
931 1037 1036 1090 qua
1061 1019 1310 1090 juvamur
1333 1017 1399 1072 ad
1427 1031 1533 1071 non
1565 1012 1930 1085 peccandum?
1958 1009 2096 1080 Quid

499 1121 582 1168 est
605 1113 786 1168 miseri
811 1112 952 1182 quod
981 1112 1183 1177 dicunt,
1214 1111 1303 1180 qui
1325 1109 1441 1164 sine
1470 1109 1570 1162 ulla
1597 1106 1928 1161 dubitatione
1945 1111 2097 1158 tanto

503 1205 763 1274 Apostolu
802 1203 1215 1260 contradicunt?
1244 1203 1336 1256 llle
1363 1201 1492 1255 dicit
1515 1208 1795 1270 peccatum
1836 1197 1974 1251 vires
1998 1193 2096 1249 ad-

1280 347 1370 404 DE
1406 347 1666 405 GRATIA
1704 346 1794 418 ΕΤ
1832 345 2084 402 LIBERO
2121 346 2466 416 ARBITRIO,
2505 349 2561 405 S.
2603 347 2966 407 AUGUSTINI

2198 477 2293 516 sua
2339 478 2445 519 non
2489 474 2632 519 esset
2671 465 2756 519 lex
2799 465 2935 534 ipsa,
2975 463 3070 519 sed
3119 465 3213 519 Dei
3254 480 3269 518 :
3309 465 3430 532 nisi,
3461 466 3584 537 quia
3625 481 3798 522 suam

2195 555 2328 610 dixit
2354 556 2636 625 justitiam,
2675 557 2917 627 quamvis
2955 572 3022 612 ex
3065 556 3180 628 lege
3219 567 3378 622 esset,
3413 559 3533 628 quia
3560 573 3656 614 sua
3682 573 3799 615 vo-

2197 647 2396 702 luntate
2419 648 2589 720 legem
2620 665 2680 704 se
2701 665 2855 719 posse
2884 649 3102 720 putabat
3131 649 3148 680 ¹
3180 650 3403 720 implere
3427 652 3544 708 sine
3571 653 3802 724 adjuto-

2169 821 2172 823 Δ
2196 743 2277 797 rio
2302 744 2484 812 gratiae
2506 760 2623 814 quae
2649 753 2731 798 est
2753 761 2845 814 per
2865 743 3022 800 ﬁdem
3048 739 3292 800 Christi?
3321 746 3445 800 Ideo
3465 761 3587 801 cum
3616 747 3803 802 dixis-

2199 843 2298 900 set,
2327 851 2428 888 non
2455 835 2642 890 habens
2668 853 2830 889 meam
2850 837 3104 906 justitiam
3134 853 3248 907 qua
3268 853 3333 892 ea:
3356 836 3464 908 lege
3491 847 3598 902 est;
3625 853 3800 892 secu-

2199 935 2282 980 tus
2311 926 2559 995 adjunxit
2581 968 2595 992 ,
2625 927 2714 980 sed
2743 943 2852 982 eam
2877 944 2992 996 qua:
3016 939 3088 982 est
3119 944 3208 998 per
3237 929 3388 997 [idem
3427 927 3644 993 Christi,
3673 943 3809 998 quia

2197 1028 2270 1071 est
2292 1034 2354 1071 ex
2375 1017 2509 1071 Deo.
2538 1017 2686 1073 Hanc
2708 1020 3040 1088 ignorabant,
3063 1019 3130 1075 de
3154 1020 3345 1093 quibus
3365 1020 3461 1084 ait,
3490 1021 3799 1091 ignorantes

2199 1107 2296 1163 Dei
2313 1111 2567 1180 justitiam
2589 1151 2604 1177 ,
2633 1111 2684 1165 id
2712 1120 2812 1176 est,
2844 1127 2963 1183 quae
2994 1121 3077 1168 est
3105 1129 3171 1168 ex
3203 1114 3313 1168 Deo
3342 1113 3506 1182 (hanc
3530 1116 3670 1167 enim
3693 1113 3804 1168 dat

2200 1218 2308 1257 non
2335 1204 2509 1258 littera
2532 1205 2806 1273 occidens,
2835 1209 2932 1261 sed
2960 1206 3234 1261 viviﬁcans
3257 1207 3540 1276 spiritus);
3567 1217 3615 1260 et
3640 1225 3800 1261 suam

501 1310 687 1350 versus
731 1295 1004 1350 hominem
1050 1295 1323 1363 accepisse
1368 1306 1464 1362 per
1512 1292 1706 1360 legem,
1745 1298 1799 1343 et
1838 1303 1959 1343 eum
2003 1300 2100 1356 per
2190 1295 2418 1350 uolentes
2442 1298 2762 1363 constituere,
2795 1314 2952 1367 quam
2975 1298 3110 1353 dixit
3135 1299 3250 1369 ipse
3275 1313 3342 1353 ex
3367 1298 3485 1369 lege
3505 1298 3801 1376 justitiam,

507 1386 839 1452 mandatum,
873 1385 1116 1456 quamvis
1170 1391 1411 1437 sanctum
1444 1390 1499 1436 et
1543 1381 1748 1450 justum
1778 1387 1834 1434 et
1876 1379 2097 1442 bonum,

508 1491 684 1534 tamen
709 1478 972 1542 occidere,
1004 1488 1058 1531 et
1088 1491 1179 1546 per
1207 1476 1406 1530 bonum
1432 1472 1642 1543 operari
1671 1472 1720 1527 ei
1751 1480 2002 1537 mortem,
2032 1468 2103 1524 de

507 1587 610 1640 qua
660 1587 764 1626 non
815 1571 1156 1632 liberaretur,
1209 1568 1313 1623 nisi
1352 1567 1643 1622 viviﬁcaret
1691 1567 1908 1636 spiritus
1955 1579 2098 1626 eum,

509 1679 666 1733 quem
690 1664 863 1718 littera
893 1663 1163 1718 occiderat
1189 1663 1325 1717 sicut
1351 1662 1456 1716 alio
1481 1661 1599 1716 loco
1622 1660 1772 1728 dicit,
1807 1658 1998 1720 Littera
2019 1673 2103 1712 oc-

512 1755 652 1819 cidit,
683 1757 893 1826 spiritus
920 1765 1084 1809 autem
1111 1755 1330 1823 vivi/icat
1360 1753 1559 1825 (llCor.
1594 1769 1670 1817 ιιι,
1694 1753 1748 1824 6)
1781 1771 1794 1807 :
1825 1762 1876 1807 et
1906 1753 1993 1807 isti
2020 1752 2104 1805 in-

515 1845 716 1901 dociles
743 1856 925 1900 contra
958 1844 1253 1901 lucem'Dci
1297 1845 1445 1910 (ιπερὶ,
1489 1854 1542 1899 et
1591 1854 1775 1898 contra
1805 1858 1988 1898 vocem
2012 1842 2108 1897 Dei

517 1939 686 2005 surdi,
719 1940 1052 1996 occidentem
1083 1939 1310 1994 litteram
1341 1937 1612 1992 viviﬁcare
1641 1937 1860 2002 dicunt,
1893 1944 1948 1990 et
1970 1934 2107 1988 vivi-

519 2031 697 2085 ﬁcanti
724 2031 931 2101 spiritui
963 2029 1354 2084 contradicunt.
1400 2028 1538 2098 Ergo
1563 2068 1578 2092 ,
1609 2028 1790 2096 fratres
1812 2068 1827 2093 ,
1857 2037 1915 2081 ut
1943 2026 2110 2096 ipsius

433 2180 444 2190 ,
516 2122 695 2192 potius
725 2123 963 2193 Apostoli
1000 2122 1177 2178 verbis
1215 2136 1313 2176 vos
1356 2135 1626 2184 moneam,
1658 2119 1905 2173 debitores
1935 2135 2110 2172 sumus

515 2230 616 2267 non
641 2213 804 2280 carni,
846 2222 900 2266 ut
927 2213 1204 2266 secundum
1230 2227 1440 2266 carnem
1479 2212 1724 2265 vivamus.
1771 2210 1833 2265 Si
1859 2210 1991 2264 enim
2027 2225 2112 2264 se-

517 2304 737 2358 cundum
763 2321 966 2358 carnem
993 2304 1239 2371 viceritis,
1282 2303 1567 2358 moriemini
1596 2318 1613 2356 :
1646 2303 1690 2356 si
1732 2311 1901 2355 autem
1929 2301 2114 2372 spiritu

517 2398 735 2452 actiones
783 2397 951 2451 carnis
995 2397 1454 2472 mortiﬁcaveritis,
1485 2397 1676 2451 uinetis.
1723 2394 1851 2450 Haec
1876 2395 2012 2463 dixi,
2060 2402 2117 2449 ut

518 2488 826 2558 apostolicis
861 2489 1038 2544 verbis
1062 2489 1289 2543 liberum
1331 2488 1609 2544 arbitrium
1648 2496 1884 2542 vestrum
1909 2502 1941 2541 a
1968 2487 2114 2542 malo

518 2580 869 2646 deterrerem,
915 2590 970 2636 et
1004 2581 1318 2636 exhortarer
1364 2582 1432 2635 ab
1481 2588 1677 2635 bonum
1723 2598 1738 2636 :
1793 2594 1891 2634 nec
1937 2588 2114 2634 tamen

520 2674 640 2730 ideo
669 2674 873 2730 debetis
901 2676 952 2729 in
983 2674 1216 2738 homine,
1251 2674 1351 2729 hoc
1372 2683 1473 2740 est,
1498 2674 1549 2728 in
1571 2673 1719 2728 vobis
1749 2672 1897 2742 ipsis,
1930 2687 2036 2727 non
2064 2673 2115 2727 in

520 2767 747 2821 Domino
782 2767 1017 2837 gloriari,
1057 2767 1269 2838 quando
1315 2781 1419 2821 non
1451 2765 1744 2821 secundum
1777 2781 1994 2820 carnem
2026 2766 2109 2820 vi-

520 2859 659 2923 vitis,
691 2857 785 2913 sed
810 2858 1000 2928 spiritu
1027 2859 1265 2913 actiones
1296 2857 1472 2912 carnis
1499 2857 1850 2911 mortiﬁcatis.
1887 2854 2115 2911 Uteuim

524 2966 629 3007 non
661 2966 718 3007 se
748 2951 1068 3007 extollerent
1095 2952 1290 3020 quibus
1319 2951 1419 3004 ista
1458 2949 1671 3005 dicebat
1695 2989 1708 3015 ,
1741 2948 2113 3003 existimantes

523 3057 582 3096 se
623 3057 722 3096 suo
764 3041 950 3111 spiritu
995 3049 1140 3095 tanta
1183 3040 1299 3094 haec
1346 3040 1484 3096 bona
1512 3055 1675 3110 opera
1716 3038 1894 3094 facere
1940 3054 2116 3109 posse,

525 3147 630 3185 non
681 3131 806 3198 Dei;
858 3139 1142 3201 propterea
1185 3145 1308 3185 cum
1351 3130 1594 3197 dixisset,
1638 3129 1698 3186 Si
1744 3139 1910 3183 autem
1939 3131 2122 3201 spiritu

523 3225 745 3276 actiones
777 3223 943 3277 carnis
969 3223 1406 3291 mortiﬁcaveritis,
1451 3223 1644 3289 vivetis,
1691 3223 1946 3278 continuo
1989 3223 2120 3278 sub-

521 3315 665 3384 jecit,
699 3315 951 3384 Quotquot
990 3317 1122 3370 enim
1155 3317 1338 3386 spiritu
1384 3315 1479 3370 Dei
1521 3325 1760 3387 aguntur,
1795 3317 1847 3369 hi
1887 3317 1982 3386 filii
2005 3325 2121 3371 sunt

526 3407 623 3462 Dei
658 3407 829 3478 (Rom.
862 3425 975 3478 vnt,
1011 3408 1226 3481 12-”).
1254 3409 1478 3477 Quando
1504 3425 1633 3479 ergo
1665 3411 1852 3479 spiritu
1881 3411 2121 3465 actiones

526 3502 704 3554 carnis
733 3499 1064 3556 mortiﬁcatis
1091 3509 1148 3555 ut
1181 3501 1391 3565 vivatis,
1441 3501 1590 3556 illum
1624 3501 1939 3571 gloriﬁcate,
1969 3502 2120 3556 illum

526 3592 758 3657 laudate,
789 3593 862 3646 illi
890 3596 1089 3664 gratias
1110 3595 1272 3664 agite,
1306 3593 1458 3662 cujus
1485 3595 1675 3664 spiritu
1696 3594 1915 3664 agitnini
1938 3605 1995 3649 ut
2017 3596 2121 3650 ista

529 3683 769 3750 valeatis,
811 3693 867 3738 ut
898 3699 992 3738 vos
1021 3685 1158 3740 ﬁlios
1200 3685 1296 3739 Dei
1322 3700 1443 3740 esse
1485 3687 1816 3740 monstrctis.
1868 3685 2123 3756 Quotquot

527 3773 657 3827 enim
686 3775 868 3842 spiritu
895 3773 990 3828 Dei
1022 3785 1262 3845 aguntur,
1294 3776 1346 3828 hi
1367 3775 1462 3842 ﬁlii
1486 3785 1601 3829 sunt
1628 3775 1741 3830 Dei.

603 3861 828 3918 CAPUT
867 3863 982 3944 Xll.
1022 3893 1093 3903 —
1131 3865 1220 3919 24.
1263 3865 1532 3935 Quotquot
1562 3880 1688 3936 ergo
1717 3865 1966 3936 adjuncto
2006 3867 2123 3922 solo

530 3957 793 4027 adjutorio
825 3958 975 4028 legis,
1007 3958 1125 4013 sine
1172 3957 1436 4028 adjutorio
1455 3959 1664 4030 gratiae,
1697 3959 2025 4015 conﬁdentes
2065 3961 2120 4015 in

531 4051 727 4105 virtute
768 4067 882 4118 sua,
931 4067 1029 4106 suo
1071 4053 1257 4122 spiritu
1286 4062 1530 4123 aguntur,
1566 4068 1672 4108 non
1709 4063 1832 4108 sunt
1868 4055 1960 4109 lilii
2004 4056 2118 4110 Dei.

532 4142 688 4198 Tales
716 4153 840 4198 sunt
862 4145 929 4198 de
951 4145 1140 4215 quibus
1168 4144 1307 4200 idem
1334 4145 1462 4200 dicit
1486 4146 1781 4216 apostolus,
1809 4147 1949 4216 quod
1970 4149 2121 4218 igno-

529 4247 698 4292 rantes
730 4238 824 4292 Dei
839 4240 1111 4309 justitiam,
1141 4237 1187 4292 et
1206 4255 1352 4294 suam
1375 4238 1595 4294 volentes
1624 4241 1942 4305 constituere,
1963 4240 2124 4310 justi-

535 4331 618 4384 tia:
653 4331 749 4385 Dei
785 4349 885 4386 non
916 4340 1032 4386 sunt
1059 4332 1270 4402 subjecti
1311 4331 1421 4400 (Id.
1456 4349 1510 4399 x,
1563 4332 1641 4403 5).
1691 4332 1764 4386 De
1794 4331 1992 4388 .ludznis
2022 4331 2123 4387 hoc

543 4421 694 4484 dixit,
729 4423 820 4492 qui
852 4423 918 4478 de
947 4438 1004 4478 se
1034 4431 1418 4492 praesumentes
1443 4424 1664 4494 gratiam
1693 4423 2041 4494 repellebant,
2070 4431 2124 4478 et

538 4516 589 4568 in
636 4515 905 4568 Christum
945 4525 1227 4584 propterea
1271 4529 1379 4570 non
1426 4514 1738 4570 credebant.
1787 4515 1948 4570 Suam
1991 4531 2124 4572 vero

531 4606 791 4675 justitiam
835 4605 965 4660 dicit
998 4622 1092 4660 eos
1119 4607 1360 4662 volentes
1387 4607 1732 4669 constituere,
1777 4621 1896 4672 qua:
1919 4605 2123 4676 justitia

538 4705 620 4751 est
642 4712 709 4752 ex
736 4697 890 4767 lege;
921 4711 1027 4751 non
1055 4698 1173 4767 quia
1213 4698 1298 4753 lex
1321 4699 1388 4752 ab
1420 4698 1549 4767 ipsis
1581 4707 1661 4753 cst
1688 4702 1997 4766 constituta,
2026 4699 2125 4754 sed

538 4788 590 4840 in
619 4789 732 4858 lege
757 4805 876 4858 quae
903 4805 968 4843 ex
1003 4791 1108 4844 Deo
1131 4798 1233 4856 est,
1258 4805 1406 4844 suam
1432 4790 1690 4860 justitiam
1712 4793 2120 4858 constituerant,

539 4881 753 4951 quando
783 4882 1026 4938 eamdem
1055 4884 1226 4953 legem
1251 4885 1364 4939 suis
1394 4884 1593 4940 viribus
1631 4900 1690 4940 se
1718 4885 1941 4955 implere
1965 4900 2124 4956 posse

536 4973 822 5028 credebant
847 4993 858 5026 :
892 4975 1197 5045 ignorantes
1219 4977 1312 5031 Dei
1340 4977 1620 5047 justitiam,
1646 4992 1881 5048 nonaqua
1904 4977 2113 5048 justitia

541 5065 680 5132 Deus
702 5069 878 5136 justus
907 5077 1009 5128 est.
1051 5069 1144 5124 sed
1175 5085 1294 5141 qua:
1319 5069 1520 5140 justitia
1550 5080 1632 5127 est
1661 5070 1864 5126 homini
1891 5086 1957 5126 ex
1987 5071 2118 5126 Deo.

539 5159 606 5213 Et
636 5169 692 5215 ut
716 5161 894 5217 sciatis
921 5161 1056 5218 hanc
1083 5163 1228 5217 illum
1259 5179 1443 5219 eorum
1469 5164 1668 5218 dixisse
1690 5164 1973 5232 justitiam,
1998 5177 2121 5234 quae

537 5261 620 5306 est
647 5268 710 5307 ex
740 5254 890 5322 lege;
919 5254 1055 5310 hanc
1081 5268 1255 5310 autem
1284 5257 1397 5323 Dei,
1425 5272 1542 5325 qua:
1562 5256 1765 5310 homini
1788 5268 1868 5311 est
1887 5274 1952 5312 ex
1978 5258 2120 5312 Deo:

539 5344 716 5400 audite
743 5347 867 5416 quid
895 5347 1002 5402 alio
1029 5347 1146 5401 loco
1170 5346 1350 5411 dicat,
1381 5362 1503 5401 cum
1529 5347 1595 5402 de
1624 5347 1838 5402 Christo
1867 5348 2122 5415 loquere-

541 5443 642 5490 tur.
679 5434 896 5507 Propter
919 5453 1066 5508 quem
1086 5435 1276 5504 oinnia,
1308 5436 1496 5507 inquit,
1525 5454 1625 5491 non
1645 5437 1809 5492 solum
1827 5437 2124 5492 detrimenta

538 5545 643 5583 esse
660 5529 869 5596 credidi,
902 5545 1072 5584 verum
1099 5539 1143 5584 et
1172 5538 1390 5584 stercora
1414 5530 1694 5584 existimavi
1724 5547 1848 5595 esse,
1883 5540 1935 5584 nt
1965 5529 2116 5584 Chri-
2166 5606 2169 5607 ν

539 5629 669 5675 stum
708 5619 1047 5690 lucrifaciam,
1091 5631 1139 5676 et
1171 5622 1396 5676 inveniar
1423 5621 1478 5675 in
1504 5621 1593 5675 illo
1617 5637 1719 5676 non
1746 5620 1932 5675 habens
1961 5637 2125 5675 meam

531 5713 782 5785 justitiam
811 5730 926 5782 qua:
954 5731 1018 5770 ea:
1045 5714 1150 5788 lege
1189 5726 1282 5784 est,
1317 5717 1406 5772 sed
1448 5732 1558 5770 eam
1595 5732 1707 5788 qua:
1740 5726 1814 5770 est
1842 5733 1930 5787 per
1968 5717 2124 5786 ﬁdem

543 5802 746 5871 Christi,
778 5822 892 5876 qua:
915 5817 988 5862 est
1021 5823 1083 5862 ea:
1109 5808 1214 5863 Deo
1241 5807 1502 5880 (Philipp.
1534 5825 1609 5876 ιιι,
1642 5809 1721 5880 8).
1755 5809 1891 5877 Quid
1918 5819 2001 5864 est
2026 5826 2124 5864 au-

540 5903 673 5965 tem,
705 5914 807 5955 non
832 5898 1018 5956 habens
1042 5917 1203 5957 meam
1221 5903 1479 5970 justitiam
1498 5917 1614 5972 qua!
1637 5918 1700 5956 ea:
1723 5902 1830 5970 tege
1858 5908 1963 5968 est;
2001 5919 2123 5958 cum

2202 1399 2320 1439 cum
2353 1386 2556 1442 diceret
2581 1430 2595 1454 ,
2623 1405 2725 1442 non
2752 1389 2937 1443 habens
2973 1407 3135 1443 meam
3172 1390 3427 1459 justitiam
3455 1405 3567 1458 quae
3593 1407 3657 1443 ex
3685 1391 3804 1459 lege

2203 1489 2275 1533 est
2301 1495 2319 1533 :
2337 1480 2554 1550 justitia:
2577 1480 2674 1535 Dei
2702 1499 2803 1536 non
2829 1491 2944 1536 sunt
2963 1482 3189 1553 subjecti,
3225 1482 3327 1536 hoc
3349 1490 3456 1548 est,
3489 1483 3671 1551 gratia:
3699 1481 3803 1536 Dei

2206 1589 2311 1626 non
2342 1582 2463 1626 sunt
2493 1573 2736 1642 subjecti.
2770 1573 2882 1628 Sub
2909 1575 3023 1642 lege
3045 1574 3187 1627 enim
3215 1581 3388 1639 erant,
3413 1587 3518 1626 non
3553 1572 3652 1625 sub
3671 1587 3806 1641 gra-

2205 1664 2306 1727 tia;
2337 1673 2391 1717 et
2421 1663 2543 1718 ideo
2568 1665 2648 1720 eis
2673 1665 3047 1719 dominabatur
3078 1674 3374 1736 peccatum,
3408 1681 3436 1716 a
3465 1680 3571 1734 quo
3598 1680 3702 1717 non
3737 1665 3806 1718 tit

2208 1755 2370 1809 homo
2396 1757 2529 1810 liber
2559 1757 2696 1827 lege,
2728 1757 2820 1811 sed
2844 1758 3031 1826 gratia.
3066 1735 3295 1826 Propter
3319 1756 3460 1826 quod
3489 1756 3612 1809 alibi
3642 1756 3802 1821 dicit,
3827 1735 3837 1771 ³

2211 1846 2486 1902 Peccatum
2515 1851 2646 1902 enim
2676 1850 2812 1903 vobis
2842 1866 2942 1903 non
2980 1849 3358 1913 dominabitur;
3387 1865 3488 1902 non
3523 1851 3654 1902 enim
3682 1851 3807 1904 estis

2209 1939 2298 1993 sub
2326 1941 2434 2011 lege
2455 1982 2469 2006 ,
2500 1941 2586 1995 sed
2612 1942 2702 1994 sub
2727 1942 2890 2010 gratia
2919 1940 3098 2010 (Rom.
3132 1958 3200 2003 τι,
3237 1942 3324 2010 M)
3359 1957 3374 1995 :
3420 1956 3524 1994 non
3557 1941 3678 2009 quia
3709 1942 3799 1995 lex

2211 2032 2346 2086 mala
2388 2042 2502 2100 est;
2537 2033 2629 2086 sed
2661 2033 2783 2104 quia
2813 2036 2915 2089 sub
2947 2035 3033 2088 illa
3065 2042 3188 2089 sunt
3227 2049 3361 2103 quos
3404 2049 3525 2089 reos
3555 2033 3678 2087 ﬁtcit
3707 2034 3806 2102 ju-

2211 2124 2407 2189 bendo,
2440 2139 2546 2180 non
2568 2125 2886 2196 adjuvando.
2917 2125 3096 2180 Gratia
3121 2126 3317 2195 quippe
3340 2124 3556 2194 adjuvat
3581 2134 3637 2178 ut
3658 2125 3804 2196 legis

2213 2217 2436 2285 quisque
2481 2218 2551 2270 sit
2589 2217 2777 2282 iactor,
2810 2219 2927 2273 siue
2955 2234 3057 2288 qua
3101 2218 3268 2288 gratia
3309 2218 3412 2272 sub
3452 2217 3568 2288 lege
3601 2219 3809 2286 positus

2215 2309 2580 2364 tantummodo
2609 2311 2711 2364 erit
2750 2310 2884 2381 legis
2913 2310 3145 2365 auditor.
3187 2309 3407 2365 Talibus
3445 2310 3620 2380 itaque
3645 2310 3806 2378 dicit,

2219 2402 2319 2470 Qui
2371 2404 2423 2456 in
2474 2405 2582 2475 lege
2614 2405 2972 2476 justiﬁcamini
2997 2445 3013 2471 ,
3071 2421 3102 2458 a
3151 2405 3318 2476 gratia
3369 2404 3623 2459 excidistis
3673 2402 3810 2474 (Ga-

2217 2496 2306 2548 lat.
2329 2510 2383 2561 v,
2411 2493 2490 2565 ιι).
2557 2479 2571 2486 ’

2286 2586 2513 2642 CAPUT
2531 2587 2842 2644 BIL—25.
2861 2588 2992 2658 Quis
3011 2588 3083 2643 ita
3102 2588 3171 2643 sit
3191 2587 3385 2644 surdus
3407 2589 3668 2644 adversus
3683 2604 3810 2658 apo-

2218 2680 2432 2733 stolicas
2457 2695 2634 2746 voces,
2665 2682 2783 2750 quis
2807 2683 2876 2735 ita
2903 2681 3151 2750 desipiat,
3177 2681 3285 2735 imo
3310 2680 3538 2735 insaniat
3565 2683 3811 2737 nesciens

2218 2770 2343 2840 quid
2365 2771 2630 2840 loquatur,
2665 2781 2720 2824 ut
2745 2771 2936 2826 audeat
2963 2771 3166 2838 dicere,
3207 2770 3378 2840 legem
3404 2785 3524 2826 esse
3561 2772 3810 2841 gratiam,

2219 2878 2340 2918 cum
2368 2865 2560 2918 clamet
2601 2865 2692 2934 qui
2721 2865 2923 2919 sciebat
2949 2863 3074 2934 quid
3122 2864 3452 2933 loqueretur,
3498 2863 3600 2930 Qui
3628 2865 3682 2917 in
3709 2866 3814 2935 tege

2210 2954 2588 3024 justiﬁcamini,
2616 2972 2647 3007 a
2671 2956 2836 3025 gratia
2861 2954 3116 3009 excidistis
3137 2954 3164 3008 ι’
3193 2953 3251 3009 Si
3277 2963 3458 3008 autem
3490 2955 3573 3008 lex
3601 2969 3708 3008 non
3733 2962 3815 3010 est

2220 3047 2407 3116 gratia,
2436 3047 2557 3116 quia
2585 3059 2640 3101 ut
2668 3049 2779 3119 ipsa
2808 3047 2894 3102 lex
2919 3048 3011 3101 tiat
3031 3089 3045 3113 ,
3085 3062 3190 3102 non
3219 3055 3396 3117 potest
3425 3046 3509 3101 lex
3537 3047 3811 3116 adjuvare,

2221 3139 2315 3194 sed
2342 3141 2542 3210 gratia;
2568 3140 2823 3210 numquid
2863 3131 3049 3195 natura
3083 3141 3188 3195 erit
3223 3139 3433 3210 gratia?
3479 3139 3612 3194 Nam
3633 3139 3817 3194 ethoc

2223 3233 2486 3303 Pelagiani
2516 3233 2629 3287 ausi
2651 3243 2797 3287 osunt
2830 3232 3026 3299 dicere,
3059 3243 3283 3304 gratiam
3315 3247 3436 3288 esse
3462 3243 3729 3297 naturam,
3760 3235 3814 3290 in

2221 3341 2326 3396 qua
2352 3327 2429 3381 sic
2453 3327 2620 3381 creati
2650 3342 2867 3392 sumus,
2906 3335 2962 3380 ut
2993 3327 3284 3381 habeamus
3315 3337 3548 3382 mentem
3578 3329 3817 3381 rationa-

2223 3419 2348 3485 lem,
2370 3434 2475 3489 qua
2505 3417 2799 3489 intelligere
2825 3419 3114 3486 valeamus,
3143 3417 3264 3474 facti
3290 3419 3357 3473 ad
3383 3420 3665 3489 imaginem
3691 3420 3809 3487 Dei,

2223 3519 2282 3564 ut
2317 3510 2657 3567 dominemur
2687 3512 2920 3582 piscibus
2959 3513 3142 3581 maris,
3173 3522 3228 3568 et
3250 3513 3557 3568 volucribus
3583 3515 3731 3581 cmli,
3759 3524 3819 3570 et

2223 3605 2470 3660 omnibus
2525 3606 2810 3674 pecoribus
2859 3621 2980 3677 quae
3024 3616 3218 3676 repunt
3256 3621 3418 3676 super
3447 3616 3666 3661 terram.
3702 3607 3812 3662 Sed

2226 3713 2332 3753 non
2363 3699 2478 3753 hazc
2507 3709 2588 3754 est
2611 3698 2780 3770 gratia
2801 3740 2816 3767 ,
2845 3714 3005 3769 quam
3031 3699 3374 3754 commendat
3397 3700 3686 3769 Apostolus
3720 3715 3818 3768 per

2225 3790 2383 3844 ﬁdem
2431 3789 2557 3844 Jesu
2599 3789 2815 3844 Christi.
2859 3790 3007 3845 Hanc
3049 3791 3194 3846 enim
3231 3799 3468 3845 naturam
3497 3791 3657 3843 etiam
3684 3805 3817 3845 cum

2227 3882 2406 3951 impiis
2446 3892 2501 3938 et
2542 3882 2847 3938 inﬁdelibus
2872 3893 3080 3938 certum
3109 3892 3192 3938 est
3230 3884 3375 3938 nobis
3400 3897 3518 3935 esse
3555 3896 3823 3936 commu-

2225 3987 2348 4027 nem
2381 3990 2395 4026 :
2424 3974 2594 4043 gratia
2622 3989 2748 4028 vero
2777 3990 2870 4043 per
2900 3973 3058 4029 fidem
3099 3974 3228 4030 Jesu
3255 3973 3451 4029 Christi
3476 3970 3662 4027 eorum
3688 3981 3822 4028 tan-

2228 4067 2499 4122 tummodo
2519 4076 2618 4134 est,
2641 4083 2864 4138 quorum
2887 4079 2969 4124 est
2991 4071 3101 4139 ipsa
3126 4069 3276 4124 ﬁdes.
3299 4066 3423 4123 Non
3443 4068 3572 4121 enim
3595 4068 3822 4122 omnium

2225 4169 2297 4213 est
2327 4160 2452 4228 ﬁdes
2475 4161 2540 4232 (ll
2563 4160 2741 4215 Thess.
2767 4179 2842 4225 tn,
2865 4162 2944 4232 2).
2982 4162 3221 4234 Denique
3245 4163 3383 4217 sicut
3403 4163 3481 4216 eis
3512 4162 3600 4232 qui
3625 4162 3822 4218 volen-
3861 4195 3874 4209 ς

2232 4259 2311 4305 tes
2338 4251 2390 4305 in
2422 4252 2537 4321 lege
2564 4251 2866 4321 jnstiﬁcari,
2919 4269 2945 4306 a
2978 4255 3143 4324 gratia
3175 4255 3510 4321 exciderunt,
3545 4255 3823 4312 verissime

2225 4342 2373 4407 dicit,
2417 4343 2479 4398 Si
2503 4359 2566 4397 ea:
2591 4346 2698 4416 lege
2725 4347 2934 4416 justitia
2953 4389 2966 4411 ,
3007 4364 3124 4418 ergo
3153 4346 3384 4402 Christus
3407 4349 3567 4418 gratis
3593 4357 3824 4404 mortuus

2226 4442 2298 4486 est
2324 4431 2523 4505 (Gatat.
2555 4451 2612 4499 ιι,
2639 4434 2732 4506 21)
2762 4453 2774 4488 :
2809 4437 2890 4491 sic
2923 4445 2978 4491 et
3004 4436 3087 4491 his
3114 4439 3201 4508 qui
3229 4439 3454 4507 gratiam
3482 4453 3643 4509 quam
3673 4453 3824 4492 com-
3865 4511 3868 4513 Α

2227 4524 2511 4580 mendatct
2539 4527 2763 4596 percipit
2789 4526 2919 4582 ﬁdes
2942 4526 3160 4593 Christi,
3196 4539 3381 4598 putant
3403 4544 3524 4584 esse
3550 4538 3819 4595 naturam,

2224 4618 2502 4674 verissime
2525 4619 2737 4684 dicitur,
2771 4621 2825 4675 Si
2854 4637 2917 4676 ex
2949 4632 3135 4676 natura
3162 4622 3388 4692 justitia,
3420 4638 3549 4694 ergo
3570 4624 3822 4679 Christus

2224 4712 2392 4782 gratis
2418 4721 2659 4768 mortuus
2680 4722 2782 4768 est.
2807 4714 2923 4768 Jam
2951 4714 3039 4769 hic
3063 4715 3204 4770 enim
3235 4725 3350 4770 erat
3380 4717 3484 4781 lex,
3521 4727 3576 4770 et
3606 4733 3708 4771 non
3732 4718 3825 4785 jn-

2226 4803 2518 4868 stiticabat;
2545 4805 2654 4874 jam
2683 4806 2768 4859 hic
2796 4815 2914 4861 erat
2940 4817 2995 4860 et
3023 4818 3232 4873 natura,
3253 4817 3307 4861 et
3335 4808 3821 4877 nonjustilicabat:

2226 4896 2347 4952 ideo
2377 4898 2623 4953 Christus
2660 4901 2968 4972 non'gratis
3008 4912 3250 4972 mortuus
3279 4911 3382 4967 est,
3415 4911 3473 4956 ut
3512 4913 3568 4957 et
3601 4903 3682 4958 lex
3721 4919 3824 4973 per

2225 4992 2374 5046 illum
2412 4991 2743 5062 impleretur,
2773 4995 2862 5064 qui
2897 4994 3050 5060 dixit,
3093 4993 3214 5048 Non
3257 4996 3368 5050 ueni
3405 4997 3598 5051 solvere
3637 4998 3821 5067 legem,

2224 5085 2313 5140 sed
2337 5086 2546 5156 implere
2573 5087 2784 5156 (Matth.
2814 5104 2866 5155 v,
2903 5088 2996 5160 17)
3029 5108 3041 5144 :
3083 5097 3136 5144 et
3163 5099 3349 5145 natura
3375 5106 3469 5161 per
3493 5091 3667 5146 Adam
3701 5109 3826 5162 pcr-

2225 5179 2356 5246 dita,
2381 5197 2477 5250 per
2503 5181 2650 5235 illum
2683 5193 3038 5252 repararetur,
3073 5185 3161 5254 qui
3189 5185 3318 5240 dixit
3351 5186 3566 5240 venisse
3593 5200 3654 5241 se
3676 5203 3826 5256 quc-

2225 5289 2336 5327 rere
2378 5283 2422 5327 et
2451 5273 2646 5328 salvure
2683 5275 2818 5345 quod
2856 5278 3070 5347 perierat
3124 5276 3230 5348 (Id.
3281 5294 3430 5342 xvnt,
3474 5279 3562 5341 il,
3604 5288 3648 5332 et
3690 5277 3823 5334 an.

2227 5381 2339 5430 nx,
2365 5364 2488 5438 10);
2521 5367 2572 5421 in
2593 5382 2749 5436 quem
2774 5378 3053 5423 venturum
3079 5370 3280 5440 antiqui
3302 5370 3460 5425 etiam
3490 5380 3669 5440 patres
3693 5385 3825 5425 cre—

2226 5458 2470 5514 diderant
2500 5461 2542 5526 ¹,
2575 5460 2662 5529 qui
2690 5459 3190 5531 diligebant‘Deum.

2297 5550 2386 5605 26.
2430 5553 2619 5606 Dicunt
2658 5554 2817 5608 etiam
2857 5553 3076 5624 gratiam
3122 5555 3248 5619 Dei,
3273 5569 3391 5624 quae
3432 5553 3554 5609 data
3602 5562 3685 5609 est
3716 5569 3822 5625 per

2229 5641 2386 5699 tidem
2412 5643 2536 5700 Jesu
2561 5643 2800 5712 Christi,
2833 5661 2952 5716 qua)
2985 5661 3160 5718 neque
3189 5647 3274 5701 lex.
3298 5655 3380 5702 est
3401 5660 3578 5718 neque
3605 5656 3828 5716 natura,

2292 5849 2309 5916 ξ
2345 5847 2416 5916 διο
2436 5854 2544 5898 uss-
2570 5847 2715 5916 Esau.
2735 5844 2994 5916 putabam...

2290 5913 2312 5944 ί
2343 5913 2415 5961 sic
2431 5919 2536 5960 Mss.
2555 5909 2673 5961 Editl
2697 5908 2833 5968 vero,
2857 5908 3183 5961 crediderint.
