4022 6464
219 423 312 479 897
1596 411 1786 466 LIBER

1896 409 2036 468 ws.
2055 390 2064 399 ’

215 536 276 593 ad
305 535 402 590 hoc
427 542 629 590 tantum
657 533 855 599 valere,
889 541 945 587 ut
975 539 1184 603 peccata
1215 529 1484 602 praeterita
1509 527 1784 584 dimittan-

215 633 311 694 tur,
343 643 448 683 non
480 635 536 683 ut
559 626 737 682 futura
759 627 1009 693 vitentur,
1040 627 1122 680 vel
1149 624 1499 695 repugnantia
1529 637 1790 692 superen-

213 730 308 775 tur.
336 719 441 775 Sed
467 721 510 775 si
536 720 637 774 hoc
663 735 846 774 verum
869 727 1031 784 esset,
1060 719 1239 788 utique
1265 717 1317 772 in
1344 718 1586 772 oratione
1615 714 1787 769 domi-

213 814 359 878 nica,
389 826 509 866 cum
553 811 910 873 dixissemus,
943 809 1151 863 Dimitte
1193 809 1333 863 nobis
1374 808 1540 863 debita
1580 816 1784 870 nostra,
1829 845 1832 848 .

211 905 327 957 sicut
355 911 401 956 et
431 920 524 958 nos
551 903 850 956 dimittimus
891 901 1196 956 debitoribus
1223 902 1442 965 nostris;
1484 915 1587 953 nou
1617 897 1783 952 addc.

211 1009 398 1059 remus,
427 1004 474 1048 et
503 1011 565 1048 ne
585 1010 677 1048 nos
704 995 758 1049 in
789 995 980 1065 [erasin
1001 995 1323 1048 tentationem
1347 992 1560 1065 (Matth.
1588 1007 1660 1056 γι,
1692 989 1781 1057 l2,

211 1085 311 1156 15).
343 1084 474 1140 illud
513 1087 654 1140 enim
685 1085 912 1141 dicimus
941 1095 995 1139 ut
1023 1095 1241 1155 peccata
1279 1084 1646 1147 dimittantur;
1683 1081 1785 1135 hoc

211 1186 374 1231 autem
401 1184 460 1231 ut
483 1188 793 1243 caveantur,
815 1178 930 1234 sive
951 1178 1228 1234 vincantur
1254 1195 1268 1232 :
1291 1176 1434 1248 quod
1458 1192 1489 1232 a
1516 1177 1672 1231 Patre
1691 1175 1785 1243 qui

210 1269 254 1322 in
282 1268 428 1323 cmlis
455 1279 569 1336 est,
597 1270 739 1325 nulla
769 1271 976 1325 ratione
1018 1280 1321 1340 peteremus
1340 1312 1355 1335 ,
1389 1271 1434 1325 si
1462 1269 1656 1324 virtute
1686 1282 1783 1322 vo-

210 1360 413 1416 luntatis
461 1362 707 1417 humanae
752 1365 852 1418 hoc
885 1377 1165 1433 possemus
1201 1364 1431 1419 efficere.
1459 1361 1786 1417 Commoneo

209 1462 373 1508 autem
400 1453 726 1510 Charitatem
773 1466 1003 1510 vestram
1027 1497 1042 1522 ,
1075 1465 1131 1511 et
1157 1458 1380 1512 multum
1419 1456 1694 1520 exhortor,
1729 1464 1788 1510 ut

210 1544 612 1619 beatiCypriani
658 1547 852 1603 librum
882 1564 1036 1618 quem
1068 1548 1280 1618 scripsit
1305 1549 1374 1604 de
1402 1547 1655 1603 Oratione
1683 1548 1788 1602 Do-

210 1637 394 1694 minica
415 1680 432 1706 ,
462 1638 748 1709 diligenter
772 1639 992 1711 legatis;
1024 1649 1079 1695 et
1106 1649 1362 1710 quantum
1403 1654 1497 1694 vos
1527 1640 1784 1694 Dominus

207 1729 477 1798 adiuverit,
513 1731 820 1801 intelligatis
838 1771 854 1798 ,
884 1732 1262 1803 memoriaeque
1291 1731 1572 1786 mandetis.
1601 1731 1678 1786 lbi
1707 1732 1787 1786 vi-

209 1823 385 1878 debitis
427 1823 877 1898 quemadmodum
921 1826 997 1881 sic
1031 1825 1335 1896 alloquatur
1373 1825 1599 1880 liberum
1643 1824 1787 1880 arbi-

209 1915 355 1968 trium
382 1929 570 1969 eorum
592 1955 606 1979 ,
639 1930 775 1985 quos
803 1916 1192 1985 conscriptione
1224 1917 1305 1971 sui
1330 1916 1596 1971 sermonis
1621 1915 1787 1970 aedifi-

207 2017 300 2070 cat,
331 2015 388 2062 ut
409 2009 660 2064 ostendat
687 2019 862 2065 tamen
893 2025 954 2065 ea
976 2025 1094 2080 qua:
1122 2010 1386 2080 implenda
1410 2009 1664 2080 iubentur
1685 2012 1702 2042 ¹
1731 2011 1784 2064 in

207 2099 331 2170 lege,
360 2101 409 2154 in
439 2102 687 2156 oratione
721 2118 842 2157 esse
881 2101 1166 2171 poscenda.
1204 2101 1355 2170 Quod
1399 2103 1584 2172 utique
1610 2101 1787 2156 vanis-

207 2191 326 2247 sime
359 2192 546 2260 lieret,
575 2193 620 2247 si
654 2193 720 2248 ad
763 2194 849 2248 illa
890 2195 1094 2264 agenda
1139 2194 1257 2250 sine
1299 2194 1480 2250 divino
1519 2195 1786 2265 adjutorio

206 2283 435 2338 voluntas
463 2283 695 2340 humana
722 2285 1015 2341 sufﬁceret.

262 2375 488 2434 CAPUT
517 2377 656 2433 XIV.
679 2408 750 2419 —-
769 2379 859 2432 27.
887 2379 992 2435 Sed
1017 2396 1136 2435 cum
1165 2381 1363 2436 fuerint
1387 2382 1648 2448 convicti,
1676 2398 1782 2437 non

199 2467 526 2536 defensores,
557 2470 653 2526 sed
681 2470 957 2527 inﬁatores
975 2481 1032 2527 et
1056 2473 1474 2543 praecipitatores
1514 2472 1667 2528 liberi
1691 2487 1781 2527 ar-

201 2558 328 2614 bitrii
349 2603 362 2627 ,
388 2562 524 2632 quia
549 2579 720 2632 neque
743 2564 961 2620 scientia
991 2563 1183 2618 divinae
1205 2564 1356 2633 legis,
1381 2579 1553 2634 neque
1572 2573 1780 2631 natura,

199 2668 354 2724 neque
385 2656 511 2709 sola
550 2636 796 2711 remissio
827 2667 1164 2728 peccatorum
1197 2665 1280 2712 est
1318 2658 1404 2712 illa
1433 2658 1638 2728 gratia,
1666 2674 1785 2729 quae

198 2762 283 2815 per
316 2748 509 2804 Jesum
554 2749 824 2804 Christum
874 2751 1153 2806 Dominum
1196 2761 1436 2806 nostrum
1483 2752 1656 2818 datur,
1688 2751 1783 2807 sed

198 2839 298 2910 ipsa
328 2841 464 2897 facil
508 2851 566 2897 ut
610 2843 696 2898 lex
741 2844 1042 2912 impleatur,
1087 2854 1147 2898 ut
1189 2853 1379 2898 natura
1409 2844 1682 2910 liberetur,
1716 2859 1783 2900 ne

198 2943 470 2999 peccatum
510 2933 994 2990 domineturzcum
1034 2950 1162 3005 ergo
1191 2935 1242 2988 in
1283 2935 1364 2989 his
1396 2935 1628 2990 convicti
1670 2934 1785 2990 fue-

198 3025 314 3093 rint,
340 3027 405 3081 ad
437 3025 549 3082 hoc
581 3043 640 3082 se
677 3038 1021 3094 convertunt,
1051 3038 1108 3082 ut
1133 3043 1466 3098 quocumque
1504 3026 1664 3082 modo
1686 3042 1784 3082 co—

198 3129 378 3174 nentur
398 3135 430 3173 ο
445 3119 696 3175 stendere
719 3122 942 3190 gratiam
964 3121 1055 3175 Dei
1079 3119 1368 3175 secundum
1392 3119 1579 3174 merita
1601 3128 1784 3174 nostra

195 3210 317 3266 dari.
346 3213 546 3268 Dicunt
565 3217 707 3268 enim
734 3231 747 3267 :
776 3231 796 3266 ι
833 3213 943 3268 Etsi
970 3229 1074 3266 non
1096 3213 1252 3267 datur
1271 3211 1561 3293 secundum
1593 3212 1783 3266 merita

197 3301 454 3358 bonorum
491 3319 714 3374 operum
739 3346 754 3371 ,
785 3305 906 3375 quia
948 3319 1045 3374 per
1082 3304 1251 3374 ipsam
1282 3305 1418 3360 bene
1457 3319 1781 3374 operamur;

204 3402 370 3450 tamen
397 3397 694 3452 secundum
725 3398 914 3452 merita
951 3397 1105 3452 bona:
1131 3398 1419 3452 voluntatis
1444 3397 1637 3452 datur:
1661 3397 1782 3467 quia

202 3484 327 3542 bona
357 3490 626 3553 voluntas,
662 3507 682 3540 ι
715 3489 978 3559 inquiunt,
1011 3507 1030 3540 ι
1070 3487 1321 3558 praecedit
1347 3489 1549 3543 orantis
1569 3530 1584 3555 ,
1616 3504 1776 3559 quam

202 3581 467 3648 praecessit
485 3581 730 3635 voluntas
748 3579 1036 3646 credentis,
1060 3589 1116 3634 ut
1137 3579 1431 3635 secundum
1455 3579 1571 3636 haec
1595 3582 1782 3636 merita

202 3673 355 3740 gratia
387 3681 645 3742 sequatur
671 3671 1007 3728 exaudientis
1034 3672 1148 3727 Dei.
1191 3692 1210 3724 ι

263 3765 350 3822 28.
392 3765 510 3820 Jam
537 3765 749 3835 quidem
775 3765 842 3820 dc
870 3764 994 3829 ﬁde,
1027 3765 1128 3820 hoc
1155 3773 1257 3832 est,
1286 3765 1353 3821 de
1374 3766 1647 3820 voluntate
1668 3779 1785 3820 cre-

206 3856 369 3912 dentis
410 3858 656 3927 superius
681 3858 944 3928 disputavi
971 3856 1197 3931 (Supra,
1229 3875 1318 3912 nn.
1361 3857 1589 3931 16-18),
1618 3873 1786 3928 usque

203 3949 324 4004 adeo
350 3965 471 4004 eam
500 3948 873 4003 demonstrans
897 3949 961 4003 ad
983 3950 1207 4019 gratiam
1230 3951 1496 4020 pertinere
1516 3992 1531 4016 ,
1561 3960 1617 4005 ut
1639 3952 1785 4020 Apo-

202 4041 360 4096 stolus
404 4053 513 4093 non
556 4037 795 4102 diceret,
825 4039 1237 4094 Misericordiatn
1282 4048 1603 4094 consecutus
1627 4055 1742 4094 sum
1766 4080 1782 4104 ,

203 4133 319 4200 quia
368 4129 552 4184 fidelis
570 4143 715 4183 eram
737 4143 752 4191 ;
778 4128 874 4184 sed
902 4129 1132 4196 diceret,
1164 4130 1570 4184 Misericordiam
1612 4147 1787 4186 conse-

203 4235 339 4279 cutus
368 4238 516 4288 sum,
562 4230 613 4274 ut
643 4221 808 4290 fidelis
845 4238 1004 4276 essem
1027 4223 1071 4294 (l
1115 4223 1232 4278 Cor.
1260 4239 1333 4278 vu
1357 4267 1372 4290 ,
1411 4223 1527 4294 25).
1562 4224 1696 4279 Sunt
1733 4233 1790 4280 ct

202 4314 293 4368 alia
321 4313 646 4379 testimonia,
677 4312 731 4366 in
757 4313 947 4383 quibus
966 4323 1050 4369 est
1075 4314 1214 4384 quod
1236 4316 1327 4382 ait,
1355 4314 1534 4386 Sapite
1560 4315 1628 4369 ad
1664 4327 1787 4370 tem-

203 4407 502 4476 perantiam,
532 4405 660 4459 sicut
691 4406 956 4476 unicuique
983 4404 1118 4460 Deus
1150 4408 1366 4476 partitus
1392 4417 1461 4461 est
1502 4425 1786 4462 mensuram

203 4497 316 4565 ﬁdei
344 4496 520 4569 (Rom.
553 4513 646 4564 xu,
675 4498 751 4567 5).
782 4498 847 4552 Ει
875 4497 1016 4567 quod
1040 4497 1149 4568 jam
1175 4501 1590 4554 commemoravi
1614 4518 1626 4553 :
1653 4498 1788 4554 Gra-

204 4589 269 4641 tia
297 4591 428 4644 salvi
471 4590 596 4659 facti
621 4591 738 4644 estis
770 4607 856 4658 per
880 4589 1062 4658 ﬁdem,
1095 4591 1257 4645 ethoc
1282 4608 1382 4646 non
1411 4609 1473 4646 ea:
1500 4593 1634 4646 vobis
1654 4635 1668 4659 ,
1699 4593 1789 4646 sed

205 4679 295 4734 Dei
315 4683 508 4735 donum
540 4690 618 4735 est
645 4681 857 4752 (Ephes.
891 4698 947 4745 ιι,
976 4682 1054 4750 8).
1082 4683 1148 4736 Et
1170 4683 1296 4737 illud
1319 4683 1458 4753 quod
1486 4685 1697 4755 scripsit
1722 4685 1787 4740 ad

206 4772 502 4842 Ephesios:
533 4773 649 4828 Pax
695 4773 938 4844 fratribus
982 4784 1027 4828 et
1073 4775 1294 4827 c/mritas
1333 4792 1447 4828 cum
1495 4777 1596 4844 ﬁde
1623 4794 1653 4829 a
1679 4776 1788 4832 Deo

207 4866 359 4920 Patre
405 4877 452 4920 et
492 4865 710 4920 Domino
738 4865 862 4920 Jesu
891 4865 1091 4920 Christo
1123 4865 1232 4937 (Id.
1260 4884 1313 4921 vr
1335 4909 1350 4932 ,
1379 4869 1492 4937 25).
1531 4869 1597 4922 Et
1626 4869 1748 4923 illud
1769 4910 1785 4936 ,

208 4958 291 5012 ubi
321 4960 396 5012 ait
420 4975 432 5009 :
462 4957 594 5024 Quia
621 4957 756 5012 vobis
777 4957 1021 5012 donatum
1051 4968 1123 5011 est
1147 4975 1239 5028 pro
1267 4959 1484 5023 Christo,
1505 4976 1605 5014 non
1625 4962 1787 5014 solum

207 5060 257 5102 ut
286 5051 502 5105 credatis
539 5052 590 5104 in
636 5067 780 5118 eum,
811 5067 979 5106 verum
1019 5053 1167 5105 etiam
1209 5064 1264 5106 ut
1309 5054 1571 5122 patiamini
1611 5071 1702 5124 pro
1731 5071 1790 5109 eo

210 5142 471 5216 (Philipp.
502 5160 537 5204 ι,
568 5143 680 5211 29).
715 5144 1010 5215 Utrumque
1037 5161 1164 5215 ergo
1193 5145 1258 5200 ad
1287 5146 1378 5200 Dei
1404 5147 1625 5216 gratiam
1667 5162 1788 5216 per-

211 5239 358 5305 tinet,
389 5248 444 5294 et
486 5238 618 5293 ﬁdes
647 5238 977 5293 credentium
998 5282 1012 5305 ,
1045 5249 1099 5294 et
1128 5240 1402 5294 tolerantia
1446 5240 1788 5308 patientium,

209 5331 326 5400 quia
357 5341 640 5400 utrumque
665 5329 796 5384 dixit
819 5345 938 5386 esse
967 5331 1240 5386 donatum.
1283 5332 1350 5386 Et
1380 5331 1506 5386 illud
1537 5333 1788 5402 maxime,

212 5422 296 5475 ubi
347 5423 478 5477 dicit
525 5441 537 5477 :
585 5421 839 5478 Habentes
885 5434 1052 5478 autent
1109 5425 1348 5478 eumdem
1382 5425 1615 5494 spiritum
1671 5425 1793 5495 ﬁdei

211 5510 276 5581 (ll
303 5511 420 5567 Cor.
450 5529 522 5576 iv,
556 5513 667 5584 15).
701 5513 815 5568 Νοιι
843 5513 985 5578 enim
1017 5515 1128 5581 ait,
1153 5514 1438 5570 Scientiam
1467 5514 1624 5580 ﬁdei;
1655 5515 1749 5572 sed
1772 5556 1789 5584 ,

211 5604 442 5673 spiritum
485 5604 603 5673 ﬁdei
627 5603 806 5674 :quod
843 5613 1125 5675 propterea
1165 5605 1332 5673 dixit,
1375 5612 1434 5660 ut
1468 5605 1794 5676 intelligere-

214 5711 350 5763 mus,
379 5697 500 5766 quia
520 5696 652 5752 ﬁdes
671 5706 724 5752 et
751 5711 856 5752 non
879 5698 1042 5767 petita
1068 5699 1401 5764 conceditur,
1431 5707 1488 5754 ut
1513 5699 1562 5754 ei
1588 5698 1788 5768 petenti

215 5788 313 5844 alia
340 5789 719 5845 concedantur.
749 5789 1014 5856 Quomodo
1043 5791 1186 5845 enim
1215 5789 1515 5846 invocabant
1539 5832 1553 5861 ,
1585 5791 1784 5864 inquit,

279 5898 297 5934 ¹
331 5909 431 5954 An.
454 5908 529 5954 8r.
555 5909 608 5956 et
637 5901 863 5969 plerique
886 5911 1014 5967 Mss,
1036 5901 1275 5957 videntur.

3381 417 3486 477 898

1896 525 1951 578 in
1977 541 2121 594 quem
2147 541 2247 580 non
2275 525 2593 582 crediderunt
2619 527 2793 598 (Rom.
2826 544 2883 594 x,
2917 527 3046 595 ιιιι
3077 529 3220 601 Ergo
3255 532 3483 602 spiritus

1899 616 2084 686 gratiae
2126 615 2252 672 facit
2284 628 2339 673 ut
2371 619 2657 674 habeamus
2686 619 2842 675 ﬁdem
2863 662 2879 688 ,
2909 631 2965 675 ut
2994 637 3088 692 per
3114 623 3274 679 fidem
3315 624 3485 695 impe-

1897 718 2100 766 tremus
2141 712 2383 778 orando,
2431 721 2488 768 ut
2533 715 2798 784 possimus
2844 714 3022 771 facere
3064 733 3182 787 quae
3212 717 3480 788 jubemnr.

1895 800 2023 858 Ideo
2045 804 2160 876 ipse
2185 807 2224 859 A
2237 805 2472 874 postolus
2490 806 2700 865 assidue
2722 807 2824 877 legi
2849 809 3111 877 praeponit
3131 808 3287 864 ﬁdem
3315 827 3328 863 :
3348 825 3482 880 quo-

1894 895 2036 951 niam
2061 897 2201 967 quod
2229 898 2312 954 lex
2332 897 2505 968 jubet,
2535 899 2708 955 facere
2738 916 2842 955 non
2865 902 3104 957 valemus
3124 945 3138 970 ,
3169 903 3268 958 nisi
3297 919 3392 974 per
3417 905 3481 958 li-

1892 989 2014 1045 dem
2035 992 2278 1061 rogando
2307 995 2674 1063 impetremus,
2705 1005 2762 1049 ut
2784 994 2959 1052 facere
2984 997 3277 1052 valeamus.

1962 1083 2053 1138 29.
2093 1083 2224 1138 Nam
2266 1085 2308 1138 si
2351 1085 2483 1140 fides
2525 1087 2675 1142 liberi
2712 1097 2794 1142 est
2826 1090 3192 1146 tantummodo
3233 1090 3476 1155 arbitrii,

1893 1189 1992 1230 nec
2017 1174 2172 1229 datur
2194 1191 2223 1229 a
2252 1177 2380 1238 Deo,
2413 1189 2632 1247 propter
2657 1179 2784 1248 quid
2807 1195 2902 1248 pro
2927 1181 3006 1235 eis
3031 1181 3122 1252 qui
3150 1183 3337 1237 nolunt
3361 1198 3482 1238 cre-

1891 1264 2037 1331 dere,
2068 1282 2283 1323 oramus
2329 1277 2387 1322 ut
2429 1269 2684 1324 credant?
2725 1273 2876 1339 Quod
2919 1289 3140 1344 prorsus
3187 1275 3483 1332 facertmus

1889 1357 2138 1437 inaniter,
2169 1360 2268 1414 nisi
2295 1361 2590 1416 rectissime
2621 1364 2982 1430 crederemus,
3013 1367 3172 1420 etiam
3203 1382 3482 1438 pervorsus

1891 1458 1945 1505 et
1970 1449 2088 1504 ﬁdei
2114 1453 2406 1507 contrarias
2431 1453 2730 1510 voluntates
2757 1459 3174 1527 omnipotentem
3220 1461 3382 1515 Deum
3413 1461 3482 1516 ad
3541 1457 3550 1466 ’

1890 1541 2214 1596 credendum
2243 1559 2399 1612 posse
2422 1556 2756 1601 convertere.
2791 1547 3041 1602 Liberum
3071 1549 3283 1618 quidem
3309 1551 3483 1604 homi-

1891 1633 1974 1684 nis
2013 1634 2290 1688 arbitrium
2335 1635 2593 1703 pulsatur,
2633 1637 2722 1692 ubi
2764 1639 2994 1693 dicitur:
3023 1639 3192 1694 Hodie
3229 1642 3274 1695 si
3307 1657 3477 1696 vocent

1891 1723 2000 1794 ejus
2027 1724 2309 1792 «adibitis,
2334 1728 2488 1781 nolite
2511 1728 2762 1783 obdurare
2780 1731 2934 1783 corda
2950 1742 3114 1785 vestra
3135 1730 3307 1801 (Psal.
3333 1748 3476 1800 χειν,

1890 1815 1968 1887 8).
2000 1816 2108 1872 Sed
2139 1818 2240 1872 nisi
2269 1829 2451 1889 posset
2480 1822 2617 1876 Deus
2641 1823 2800 1876 etiam
2822 1822 3072 1877 duritiam
3099 1824 3277 1878 cordis
3301 1825 3479 1878 aufer-

1890 1924 1970 1977 re,
1999 1925 2102 1965 non
2146 1912 2350 1968 diceret
2389 1930 2483 1982 per
2523 1915 2834 1986 prophetam
2863 1916 3145 1986 :Auferam
3189 1917 3251 1971 ab
3295 1918 3364 1972 eis
3393 1934 3480 1971 cor

1891 2004 2164 2075 lapideum,
2195 2016 2242 2060 et
2272 2007 2400 2060 dabo
2424 2009 2495 2062 eis
2522 2025 2608 2061 cor
2636 2026 2890 2064 corneum.
2922 2010 3074 2077 Quod
3102 2011 3167 2065 de
3199 2025 3336 2065 novo
3371 2010 3482 2066 Te-

1889 2105 2156 2152 stamento
2185 2096 2346 2152 fuisse
2374 2099 2706 2168 praedictum,
2738 2101 2868 2154 satis
2897 2101 3187 2170 Apostolus
3217 2101 3477 2166 ostendit,

1890 2189 1978 2243 ubi
2008 2190 2081 2244 ait
2114 2207 2126 2242 :
2161 2187 2395 2260 Epistola
2433 2202 2605 2244 nostra
2656 2207 2742 2244 vos
2793 2193 2928 2255 estis,
2975 2193 3165 2262 scripta
3208 2210 3307 2247 non
3335 2203 3479 2248 atra-

1889 2291 2077 2346 mento,
2107 2282 2195 2335 sed
2222 2283 2399 2351 spiritu
2430 2281 2520 2336 Dei
2551 2283 2683 2345 vivi;
2711 2300 2813 2336 non
2842 2285 2894 2337 in
2921 2285 3106 2338 tabulis
3132 2285 3366 2354 lapideis,
3390 2285 3480 2339 sed

1888 2377 1941 2429 in
1973 2376 2156 2428 tabulis
2183 2377 2350 2430 cordis
2377 2376 2663 2430 carnalibus
2690 2377 2709 2448 (
2733 2375 2776 2430 ll
2801 2376 2918 2431 Cor.
2953 2393 3031 2443 ιιι,
3060 2377 3159 2449 2).
3189 2377 3340 2445 Quod
3373 2395 3480 2434 non

1891 2467 2012 2522 ideo
2037 2469 2236 2522 dictum
2265 2477 2530 2537 putemus,
2563 2477 2620 2523 ut
2646 2470 2935 2524 carnaliter
2959 2472 3141 2525 vivant
3171 2471 3262 2540 qui
3284 2471 3482 2526 debent

1889 2561 2236 2630 spiritualiter
2265 2561 2443 2616 vivere
2469 2579 2482 2614 :
2508 2561 2601 2615 sed
2623 2603 2636 2624 ,
2669 2561 2792 2631 quia
2841 2563 2976 2632 lapis
3014 2564 3132 2618 sine
3168 2579 3326 2619 sensu
3356 2577 3437 2620 esr
3458 2606 3476 2632 ,

1889 2653 1974 2706 cui
2005 2662 2376 2721 comparatum
2412 2661 2494 2707 est
2533 2667 2627 2707 cor
2661 2653 2852 2708 durum
2874 2696 2888 2720 ,
2917 2655 3004 2709 cui
3035 2657 3134 2709 nisi
3177 2656 3323 2710 carni
3352 2671 3479 2711 sen—

1892 2743 2040 2798 tienti
2070 2759 2166 2797 cor
2195 2743 2495 2813 intelligens
2524 2743 2710 2798 debuit
2735 2747 3070 2814 comparari?
3091 2747 3181 2801 Sic
3203 2749 3345 2802 enim
3378 2748 3480 2803 hoc

1887 2834 2082 2888 dicitur
2123 2849 2218 2903 per
2244 2835 2579 2889 Ezechielem
2612 2835 2926 2905 prophetam
2955 2855 2968 2890 :
2997 2837 3064 2891 Et
3094 2838 3224 2894 dabo
3250 2841 3321 2894 eis
3343 2881 3358 2905 ,
3392 2840 3476 2894 in-

1887 2927 2030 2996 quit,
2063 2943 2149 2979 cor
2174 2927 2336 2991 aliud,
2361 2937 2407 2981 et
2434 2929 2668 2997 spiritum
2693 2946 2877 2983 novum
2901 2930 3031 2985 dabo
3057 2933 3166 2998 eis;
3192 2944 3238 2987 et
3264 2934 3476 2989 evellam

1887 3035 1975 3072 cor
2005 3021 2263 3090 lapideum
2287 3022 2350 3075 de
2375 3039 2528 3077 carne
2551 3039 2742 3088 eorum,
2775 3033 2822 3077 et
2847 3026 2977 3079 dabo
3006 3027 3078 3080 eis
3107 3043 3192 3081 cor
3215 3044 3473 3093 carneum,

1887 3122 1943 3164 ut
1969 3113 2023 3165 in
2055 3114 2316 3182 praceptis
2346 3115 2471 3169 meis
2511 3115 2795 3196 ambulent,
2825 3125 2871 3170 et
2903 3117 3300 3188 justiﬁcationes
3341 3136 3476 3174 meas

1889 3203 2166 3268 observent,
2199 3215 2244 3258 et
2271 3207 2461 3276 faciant
2490 3223 2574 3260 eas
2599 3222 2617 3260 :
2638 3216 2684 3261 et
2725 3217 2868 3262 erunt
2898 3210 3019 3262 mihi
3042 3211 3093 3264 in
3121 3213 3362 3282 papulum
3387 3254 3403 3280 ,
3431 3223 3478 3266 et

1888 3317 1978 3370 ego
1998 3316 2084 3353 ero
2104 3301 2174 3353 eis
2194 3300 2246 3353 in
2268 3299 2455 3367 Deum,
2479 3302 2598 3355 dicit
2627 3301 2874 3356 Dominus
2905 3301 3117 3372 (Ezech.
3143 3321 3218 3369 XI,
3247 3305 3334 3371 l9,
3357 3305 3473 3377 20).

1887 3391 2151 3462 Numquid
2198 3409 2326 3463 ergo
2364 3408 2649 3463 possumus
2694 3395 2793 3449 nisi
2837 3395 3221 3452 absurdissime
3259 3398 3474 3467 dicere,

1887 3483 2086 3538 bonum
2117 3485 2365 3538 meritum
2407 3485 2558 3539 bona:
2586 3485 2878 3540 voluntatis
2923 3487 2974 3540 in
3006 3487 3221 3542 homine
3249 3503 3478 3558 prmces-

1888 3575 2024 3632 sisse
2046 3617 2060 3640 ,
2096 3585 2150 3629 ut
2188 3576 2514 3630 evelleretur
2540 3577 2555 3607 ί
2587 3576 2654 3631 ab
2681 3592 2745 3631 eo
2774 3591 2869 3631 cor
2910 3577 3174 3648 lapideum
3199 3596 3211 3631 :
3241 3580 3480 3646 quando-

1888 3667 2100 3738 quidem
2131 3669 2302 3738 ipsum
2328 3683 2422 3722 cor
2451 3668 2716 3739 lapideum
2745 3685 2851 3724 non
2880 3671 3143 3740 signiﬁcat
3178 3671 3278 3726 nisi
3303 3671 3478 3728 duris-

1887 3759 2078 3814 simam
2108 3760 2435 3815 voluntatem
2475 3769 2530 3816 et
2571 3760 2828 3816 adversus
2869 3762 3034 3818 Deum
3077 3765 3296 3819 omnino
3327 3763 3478 3820 inﬂe-

1889 3849 2141 3905 xibilem?
2175 3851 2271 3907 Ubi
2299 3852 2439 3907 enim
2470 3853 2723 3923 praecedit
2761 3853 2898 3910 bona
2925 3856 3204 3925 voluntas,
3229 3858 3339 3929 jam
3371 3873 3476 3914 non

1889 3953 1970 3997 est
1998 3947 2179 4014 utique
2203 3960 2297 4000 cor
2323 3946 2612 4015 lapideum.

1962 4035 2053 4090 50.
2078 4035 2210 4089 Nam
2240 4046 2294 4091 et
2321 4038 2427 4092 alio
2450 4038 2569 4093 loco
2597 4054 2694 4108 per
2720 4041 2967 4097 eumdem
2998 4044 3311 4114 prophetam
3334 4047 3477 4104 Deus

1891 4124 2324 4181 manifestissime
2371 4129 2642 4196 ostendit,
2687 4146 2793 4185 non
2839 4144 3057 4202 propter
3081 4150 3267 4190 eorum
3297 4137 3475 4208 aliqua

1892 4217 2028 4272 bona
2069 4219 2294 4285 merita,
2323 4219 2415 4272 sed
2461 4230 2676 4288 propter
2704 4236 2898 4276 nomen
2937 4239 3092 4278 suum
3136 4226 3235 4280 ista
3265 4227 3472 4294 facere,

1893 4310 1980 4365 ubi
2010 4309 2085 4364 ait
2109 4327 2120 4361 :
2149 4308 2260 4380 Ego
2291 4311 2422 4381 facio
2444 4312 2485 4375 ²,
2516 4312 2694 4364 domus
2724 4312 2922 4368 Israel:
2947 4317 3036 4369 sed
3065 4328 3271 4388 propter
3295 4337 3477 4376 nomen

1894 4418 2055 4456 meum
2081 4410 2311 4454 sanctum
2337 4402 2471 4472 quod
2502 4405 2806 4474 profanastis
2834 4405 2888 4458 in
2909 4406 3156 4476 gentibus,
3188 4426 3286 4480 quo
3312 4412 3476 4466 intra-

1892 4496 1980 4550 stis
2017 4494 2140 4549 illuc
2161 4511 2181 4548 :
2202 4503 2247 4548 et
2277 4495 2605 4564 sanctiﬁcabo
2636 4513 2815 4550 nomen
2858 4515 3022 4553 meum
3063 4517 3302 4572 magnum
3343 4507 3479 4575 quod

1895 4591 2222 4656 profanatum
2251 4597 2322 4640 est
2349 4587 2402 4640 in
2427 4586 2655 4658 gentibus
2679 4629 2694 4654 ,
2724 4590 2860 4658 quod
2889 4591 3196 4660 profanastis
3232 4595 3286 4648 in
3315 4597 3478 4651 medio

1895 4694 2104 4742 eorum;
2139 4689 2185 4734 et
2211 4679 2367 4733 scient
2409 4689 2577 4750 gentes
2615 4681 2734 4750 quia
2769 4697 2860 4750 ego
2893 4699 3004 4736 sum
3052 4681 3298 4741 Dominus
3318 4729 3331 4752 ,
3360 4689 3480 4744 dicit

1892 4770 2091 4824 Adonei
2119 4769 2388 4836 Dominus,
2420 4787 2535 4824 cum
2562 4773 2903 4842 sanctiﬁcatus
2939 4779 3085 4847 fuero
3115 4778 3167 4832 in
3205 4779 3340 4834 vobis
3367 4792 3483 4838 ante

1895 4863 2066 4917 oculos
2088 4879 2280 4917 eorum.
2313 4861 2380 4914 Et
2425 4863 2672 4933 accipiam
2700 4879 2787 4918 vos
2815 4864 2878 4918 de
2905 4867 3134 4937 gentibus
3151 4911 3164 4936 ,
3200 4880 3246 4925 et
3269 4889 3480 4945 congre-

1893 4953 2020 5023 gabo
2044 4971 2128 5007 vos
2157 4970 2219 5008 ea:
2244 4953 2473 5008 omnibus
2503 4955 2648 5009 terris
2667 4997 2682 5021 ,
2733 4965 2779 5009 et
2816 4957 3053 5012 inducam
3081 4976 3166 5016 vos
3200 4963 3253 5016 in
3298 4975 3482 5020 terram

1894 5056 2109 5100 vestram
2131 5061 2149 5099 :
2171 5054 2216 5098 et
2243 5062 2510 5117 aspergunt
2537 5061 2623 5100 vos
2645 5063 2778 5118 aqua
2803 5050 3010 5114 munda,
3039 5061 3086 5106 et
3113 5055 3482 5111 mundabimini

1895 5139 1957 5192 ab
1985 5138 2214 5192 omnibus
2253 5138 2586 5193 immunditiis
2632 5141 2841 5208 vestris,
2869 5153 2914 5196 et
2961 5143 3023 5198 ab
3062 5148 3289 5201 omnibus
3331 5149 3483 5204 idolis

1895 5231 2089 5297 vestris,
2121 5239 2167 5284 et
2189 5229 2210 5260 ³
2236 5229 2487 5284 mandabo
2525 5245 2611 5284 vos
2635 5246 2654 5284 :
2672 5239 2718 5286 et
2759 5231 2889 5287 dabo
2916 5235 3052 5290 vobis
3077 5253 3165 5291 cor
3193 5253 3372 5292 novum
3392 5280 3408 5304 ,
3437 5249 3485 5295 et

1895 5322 2130 5392 spiritum
2168 5337 2348 5375 novum
2387 5318 2517 5375 dabo
2556 5322 2610 5376 in
2638 5321 2811 5388 vobis;
2849 5335 2894 5379 et
2933 5331 3191 5398 auferetur
3231 5345 3319 5383 cor
3347 5331 3483 5402 lapi-

1897 5414 2046 5466 deum
2085 5411 2149 5467 de
2173 5427 2325 5467 carne
2362 5421 2554 5481 vestra,
2585 5423 2632 5468 et
2669 5415 2798 5470 dabo
2823 5417 2961 5472 vobis
3003 5433 3088 5472 cor
3125 5435 3362 5474 carneum
3387 5462 3400 5488 ,
3434 5432 3483 5477 et

1965 5659 1983 5691 ι
2018 5655 2165 5728 ιιξόὶρ,
2191 5655 2491 5728 avelleretur.
2519 5665 2573 5728 at
2587 5657 2794 5728 Vaticani
2819 5665 2945 5728 Mss,
2969 5655 3252 5728 evelleretur
3283 5669 3483 5728 :recte;

1896 5733 2008 5792 nam
2028 5722 2081 5792 in
2103 5720 2679 5792 Egecbielepraamissmu
2694 5726 2778 5792 est
2794 5755 2808 5780 ,
2833 5725 2878 5770 et
2901 5719 3118 5792 evellam.

1960 5784 1980 5850 ξ
2015 5791 2115 5850 Am.
2140 5789 2212 5831 Er.
2233 5789 2292 5850 et
2311 5781 2509 5850 aliquot
2530 5789 2659 5850 hlss.,
2684 5790 2783 5850 Non
2806 5788 3000 5846 propter
3023 5797 3102 5835 vos
3132 5798 3220 5850 ego
3233 5786 3383 5850 facio.

1963 5845 1984 5877 ³
2013 5846 2102 5912 llic
2123 5843 2437 5912 particulam,
2459 5849 2538 5903 et,
2577 5843 2844 5906 adiecimus
2875 5843 2941 5896 ex
2979 5852 3084 5899 Mss.
3105 5879 3120 5909 ,
3158 5843 3339 5912 quibus
3373 5863 3485 5902 oon-

1899 5910 2048 5960 sentit
2061 5906 2221 5975 gnua
2241 5906 2389 5959 lectio
2404 5912 2532 5958 LXX.
