4022 6460
515 623 751 694 spiritum
774 636 937 675 meum
966 618 1094 672 dabo
1121 619 1178 671 in
1199 614 1334 670 vobis
1358 629 1381 669 :
1397 623 1443 667 et
1478 613 1660 684 faciam
1687 619 1743 664 ut
1767 610 1819 662 in
1839 603 2096 678 justiﬁed-

517 715 730 768 tionibns
756 714 878 766 meis
908 707 1187 770 ambulatio,
1223 716 1265 761 et
1283 705 1482 777 judicia
1514 719 1626 756 mea
1653 699 1916 756 observetis
1943 705 1990 751 et
2018 700 2100 766 fa-

514 809 654 862 ciatis
681 807 888 875 (Ezecli.
917 817 1104 868 unm,
1123 799 1336 870 22-97).
1363 795 1576 866 Quisita
1603 795 1881 858 sitcmcus,
1903 796 1962 844 ut
1986 802 2098 843 nou

513 903 722 966 videat;
755 899 875 969 quis
904 898 974 952 ita
1002 895 1261 966 lapideus,
1297 900 1355 946 ut
1384 906 1489 946 non
1518 888 1747 953 sentiat,
1783 885 1941 940 istam
1975 897 2101 952 gra-

514 993 641 1047 tiam
663 1035 677 1056 ,
707 1007 817 1046 non
854 988 1148 1045 secundum
1196 986 1383 1041 merita
1421 984 1580 1038 bona
1623 977 1911 1034 voluntatis
1938 974 2096 1038 dari,

517 1085 742 1139 Domino
784 1083 998 1137 dicente
1040 1092 1200 1150 stipe
1244 1084 1508 1141 testante,
1544 1071 1655 1144 Ego
1701 1070 1872 1143 facio,
1919 1067 2098 1121 domus

514 1176 699 1243 Israel,
726 1176 813 1230 sed
841 1185 1047 1246 propter
1066 1189 1248 1227 nomen
1271 1185 1435 1224 nicum
1456 1176 1688 1223 sanctum
1705 1164 1732 1218 1
1759 1160 2102 1230 Quare-enim

513 1269 666 1334 dixit,
700 1267 811 1339 Ego
854 1267 1008 1336 facio,
1052 1263 1142 1322 sed
1185 1271 1388 1332 propter
1416 1275 1594 1314 nomen
1622 1273 1790 1311 meum
1827 1262 2103 1318 sanctum;

514 1363 615 1418 nisi
647 1378 714 1417 ne
744 1361 818 1416 illi
862 1368 1108 1430 putarent
1136 1366 1354 1427 propter
1381 1355 1523 1410 bona
1569 1351 1756 1406 merita
1805 1361 1906 1404 sua
1935 1345 2052 1401 ﬁeri
2077 1385 2094 1412 ,

513 1455 657 1525 quod
705 1471 810 1509 non
850 1453 1173 1509 erubescunt
1215 1449 1396 1504 dicere
1436 1444 1744 1516 Petagiani?
1772 1458 1882 1499 non
1926 1440 2105 1497 solum

512 1556 689 1600 autem
724 1547 866 1600 bona
892 1545 1080 1598 merita
1123 1558 1308 1597 eorum
1339 1541 1498 1604 nulla,
1528 1553 1712 1592 verum
1753 1536 1914 1591 etiam
1959 1532 2096 1587 mala

515 1634 704 1687 merita
734 1631 1080 1701 pracessisse-
1097 1628 1429 1683 demonstrat
1451 1669 1466 1691 ,
1496 1624 1743 1689 dicendo,
1776 1621 1863 1676 sed
1890 1628 2098 1706 prapter

514 1742 696 1781 nomen
743 1741 911 1779 meum
946 1731 1204 1786 sanctum,
1234 1718 1369 1790 quod
1417 1716 1724 1789 profanastis
1751 1715 1804 1769 in
1823 1712 2095 1786 'gentibus.

513 1817 644 1883 Quis
670 1832 778 1870 non
805 1814 984 1869 videat
1012 1813 1339 1867 horrendum
1365 1811 1566 1864 malum
1591 1823 1730 1872 esse,
1757 1820 1949 1860 nomen
1975 1818 2106 1858 san-v

514 1917 656 1962 ctum
687 1906 892 1961 Domini
916 1903 1231 1975 profanare?
1254 1903 1320 1956 Et
1348 1912 1523 1958 tamen
1554 1907 1768 1970 propter
1796 1898 1970 1966 ipsum
1999 1909 2106 1948 no-

514 2015 636 2054 men
670 2014 870 2064 meum,
902 1996 1091 2067 impit,
1122 1995 1262 2064 quod
1291 1992 1610 2063 profanastis
1639 2005 1756 2054 vos,
1785 2004 1885 2059 ego
1909 1987 2106 2042 faciam

516 2108 614 2147 vos
641 2092 810 2146 bonos
830 2132 846 2157 ,
878 2106 981 2144 non
1024 2099 1239 2158 propter
1268 2100 1366 2140 vos
1388 2103 1401 2138 :
1423 2094 1472 2138 et
1501 2082 1825 2151 sanctiﬁcabo
1846 2120 1875 2146 ,_
1895 2079 2098 2149 inquit,

517 2202 699 2240 nomen
728 2200 894 2238 meum
929 2197 1202 2252 magnum,
1230 2178 1363 2248 quod
1391 2181 1721 2249 profanatum
1743 2183 1816 2228 est
1851 2173 1906 2226 in
1931 2171 2096 2242 genti-

522 2277 629 2341 bus,
656 2275 792 2346 quod
819 2273 1132 2345 profanastis
1163 2272 1220 2324 in
1259 2269 1422 2323 medio
1449 2284 1640 2323 eorum.
1670 2265 2020 2322 Sanctiﬁcare-
2041 2278 2102 2318 se

515 2367 643 2422 dicit
672 2382 866 2421 nomen
903 2377 1056 2419 suum
1082 2403 1096 2428 ,
1123 2359 1267 2432 quod
1306 2359 1554 2430 superius
1578 2359 1787 2412 dixerat
1829 2364 2096 2411 sanctum.

517 2460 632 2515 Hoc
669 2467 751 2513 est
781 2471 914 2526 ergo
937 2453 1086 2524 mind
1109 2467 1325 2507 oramus
1353 2452 1404 2504 in
1432 2451 1678 2505 oratione
1699 2447 1986 2513 dominica,
2015 2445 2104 2500 di-

517 2561 735 2613 centes,
766 2547 1128 2616 Sanctiﬁcetur
1167 2561 1348 2599 nomen
1385 2553 1525 2596 tuum
1551 2540 1777 2614 (Matth.
1809 2555 1882 2604 ιη,
1907 2538 1980 2610 9)
2007 2555 2020 2590 :
2045 2547 2104 2592 ut

519 2640 881 2697 sauctiﬁcetur
921 2639 974 2693 in
1008 2637 1313 2694 hominibus
1335 2637 1372 2701 ‘,
1402 2635 1542 2706 quod
1574 2651 1669 2705 per
1717 2635 1953 2704 seipsum
1983 2633 2102 2686 sine

517 2733 685 2789 dubio
723 2747 936 2803 semper
981 2740 1064 2786 est
1112 2739 1375 2784 sanctum.
1428 2729 1667 2798 Denique
1712 2727 1956 2797 sequitur
1987 2741 2001 2777 :
2032 2723 2104 2778 Et

517 2825 671 2879 scient
696 2839 872 2877 omnes
894 2832 1062 2893 gentes
1092 2820 1211 2892 quia
1237 2836 1328 2890 ego
1355 2835 1470 2873 sum
1496 2817 1779 2885 Dominus,
1807 2817 1929 2870 dicit
1962 2814 2096 2868 Ado-

518 2916 608 2970 καὶ
632 2914 918 2979 Dominus,
952 2929 1066 2967 cunt
1105 2913 1456 2981 sanctiﬁcatus.
1495 2913 1637 2982 fuero
1685 2911 1746 2964 in.
1781 2908 1938 2962 vobis.
1969 2904 2108 2963 Cum

519 3022 646 3078 ergo
675 3007 788 3076 ipse
827 3020 1042 3074 semper
1069 3004 1141 3058 sit
1174 3011 1392 3058 sanctus
1415 3044 1431 3070 ,
1458 3000 1820 3056 sanctiﬁcatur
1843 3008 2018 3054 tamen
2047 2999 2110 3052 in.

519 3099 606 3154 eis
631 3097 826 3167 quibus
872 3095 1094 3166 largitur
1121 3094 1346 3166 gratiam
1376 3102 1516 3148 tuam
1541 3135 1558 3163 ,
1598 3091 1892 3147 auferendo
1933 3089 2006 3145 ab
2027 3091 2108 3145 eis

523 3204 616 3244 cor
656 3188 946 3260 lapideum,
991 3202 1088 3259 per
1117 3186 1258 3258 quod
1298 3201 1493 3242 nomen
1532 3185 1742 3241 Domini
1785 3183 2109 3256 profanave-

521 3292 665 3338 runt.

591 3373 817 3429 CAPUT
847 3371 1110 3429 ιιι-δι
1123 3413 1136 3426 .
1155 3372 1232 3428 Ne
1249 3380 1428 3429 autem
1447 3379 1678 3442 putetur,
1691 3371 1824 3427 nihil
1839 3370 1912 3426 ibi
1931 3369 2108 3426 facere

524 3467 672 3538 ipsos
699 3466 941 3521 homines
973 3481 1067 3536 per
1093 3466 1318 3520 liberum
1340 3463 1637 3530 arbitrium,
1667 3464 1788 3519 ideo
1816 3463 1868 3518 in
1901 3461 2107 3533 psalmo

525 3557 738 3622 dicitur,
780 3556 958 3612 Nolite
995 3557 1243 3632 obdurare
1269 3557 1424 3610 corda
1460 3565 1641 3610 vestra.
1682 3556 1750 3610 Et
1795 3572 1890 3626 per
1933 3557 2110 3624 ipsum

525 3649 880 3716 Ezechielem,
913 3647 1159 3719 Projieite
1184 3665 1218 3702 a
1243 3648 1381 3702 vobis
1406 3664 1576 3702 omnes
1592 3648 1869 3718 impietates
1894 3656 2100 3713 vestras,

525 3758 652 3812 quas
671 3742 824 3812 impie
843 3741 1016 3811 egistis
1033 3741 1088 3794 in
1110 3756 1214 3806 me,
1232 3751 1278 3794 et
1301 3741 1450 3808 facite
1474 3738 1614 3793 vobis
1639 3755 1726 3793 cor
1745 3755 1926 3794 novum
1942 3739 2109 3811 etapi-

523 3833 678 3888 ritum
696 3848 902 3898 navum,
928 3841 982 3886 et.
1001 3833 1152 3904 facile
1175 3832 1352 3886 omnia
1370 3833 1612 3886 mandata
1638 3849 1768 3887 mea.
1789 3831 1982 3902 thuid
2001 3850 2106 3887 mo-

524 3923 742 3989 riemini,
763 3923 940 3977 domus
969 3921 1167 3988 Israel,
1199 3923 1320 3976 dicit
1351 3922 1639 3976 Dominus?
1671 3927 1798 3994 quia
1821 3924 1937 3977 nolo
1969 3939 2108 3976 mor-

525 4025 632 4070 tem
665 4016 962 4079 morientis,
981 4015 1102 4069 dicit
1128 4015 1332 4070 Adomi
1351 4014 1622 4083 Bantinos,
1654 4027 1700 4070 et
1723 4016 2065 4070 convertimini
2086 4018 2106 4048 ⁸

523 4114 574 4162 et
601 4107 769 4162 vivatis
795 4105 1004 4180 (Ezech.
1033 4123 1181 4174 xvut,
1212 4108 1312 4172 34,.
1330 4105 1858 4181 32)..Meminerimus
1887 4109 2110 4163 eumrdi-

524 4216 678 4268 cere,
692 4211 738 4255 et
765 4201 1170 4256 coiwertimini'et
1182 4203 1380 4267 uinetis;
1396 4203 1486 4256 cui
1506 4203 1724 4268 dicitur,
1733 4201 1971 4257 Converte
1993 4219 2105 4268 nos,

524 4291 664 4348 Deus
709 4290 881 4361 (Psat.
933 4308 1109 4356 Lxxtx,
1145 4293 1200 4359 4,
1236 4302 1280 4346 et
1329 4309 1530 4358 cxxxv,
1573 4294 1652 4362 5).
1699 4293 2100 4349 Meminerimus

524 4402 646 4442 eum
677 4386 877 4451 dicere,
911 4385 1154 4456 Projicite
1179 4403 1208 4438 a
1234 4385 1370 4440 vobis
1395 4403 1566 4440 omnes
1595 4388 1874 4457 impietates
1896 4397 2107 4454 vestras;

523 4496 643 4535 cum
673 4481 783 4548 ipse
799 4479 1059 4548 justiﬁcet
1082 4479 1297 4549 impium
1321 4478 1491 4551 (Rom.
1515 4495 1585 4542 iv,
1609 4480 1685 4550 5).
1714 4479 2110 4535 Meminerimus

526 4572 698 4639 ipsum
727 4570 928 4636 dicere,
958 4569 1136 4623 Facite
1163 4571 1304 4624 vobis
1348 4587 1435 4623 cor
1473 4587 1655 4624 novant
1682 4580 1728 4625 et
1752 4573 1987 4640 spiritum
2013 4589 2107 4626 no-

526 4677 638 4713 vum
659 4677 677 4723 ;
706 4660 796 4729 qui
840 4660 1006 4724 dicit,
1042 4660 1183 4714 Dabo
1225 4661 1368 4714 vobis
1405 4677 1492 4715 cor
1533 4678 1748 4730 novum,
1790 4672 1836 4717 et
1875 4663 2110 4733 spiritum

529 4770 712 4806 novum
739 4753 869 4807 dabo
897 4754 950 4808 in
976 4754 1131 4808 vobis.
1161 4753 1439 4820 Quomodo
1465 4770 1592 4824 ergo
1620 4756 1709 4824 qui
1753 4755 1896 4821 dicit,
1932 4751 2109 4811 Facite

533 4845 705 4909 vobis;
736 4845 837 4899 hoc
861 4845 1011 4912 dicit,
1044 4845 1186 4899 Dabo
1210 4847 1345 4900 uobis
1363 4847 1388 4899 ?
1409 4847 1585 4914 Quare
1608 4847 1778 4915 jubet,
1809 4849 1850 4902 si
1879 4848 1989 4916 ipse
2017 4848 2114 4902 da-

530 4949 678 4992 turus
706 4941 821 4992 est?
845 4938 1018 5006 Quare
1043 4940 1156 5007 dat,
1186 4939 1232 4993 si
1263 4940 1422 4994 homo
1451 4941 1684 4995 facturus
1710 4950 1826 5005 est;
1856 4940 1957 4994 nisi
1985 4941 2108 5010 quia

527 5033 610 5086 dat
639 5031 780 5102 quod
797 5033 966 5101 jubet,
991 5047 1111 5086 cum
1139 5033 1356 5102 adjuvat
1377 5041 1431 5086 ut
1452 5033 1608 5087 faciat
1631 5033 1714 5088 cui
1739 5034 1926 5102 jubet?
1953 5034 2107 5089 Sem-

529 5139 621 5194 per
659 5133 741 5178 est
782 5133 960 5177 autem
998 5123 1053 5178 in
1105 5125 1262 5179 nobis
1306 5125 1550 5180 voluntas
1600 5126 1800 5192 libera,
1853 5125 1947 5180 sed
2000 5142 2106 5180 non

526 5229 740 5287 semper
786 5226 874 5270 est
908 5215 1064 5270 bona.
1117 5217 1236 5272 Aut.
1260 5219 1403 5273 enim
1445 5233 1474 5270 a
1528 5219 1731 5289 justitia
1777 5219 1940 5275 libera
1983 5231 2062 5275 est
2089 5263 2105 5290 ,

526 5307 738 5377 quando
766 5309 929 5363 servit
961 5317 1199 5379 peccato,
1241 5317 1296 5364 et
1342 5319 1463 5366 tunc
1489 5320 1572 5366 est
1599 5311 1772 5366 mala:
1801 5321 1900 5367 aut
1919 5327 1956 5366 a:
1981 5327 2105 5382 pec-

524 5408 642 5454 cato
689 5400 852 5457 libera
881 5409 997 5468 est,
1028 5400 1244 5472 quando
1270 5404 1434 5458 servit
1474 5404 1726 5472 justitiar,
1771 5413 1826 5460 et
1867 5415 1991 5460 tunc
2029 5415 2111 5460 est

525 5493 682 5550 bona.
716 5495 897 5551 Gratia
929 5511 1057 5552 vero
1088 5495 1182 5551 Dei
1213 5511 1424 5565 semper
1451 5506 1533 5551 est
1559 5497 1698 5552 bona
1720 5539 1734 5563 ,
1763 5508 1817 5553 et
1848 5515 1943 5568 per
1972 5500 2105 5554 hanc

525 5588 580 5643 ﬁt
608 5597 665 5643 ut
692 5589 760 5643 sit
788 5588 945 5644 homo
971 5590 1124 5644 bonae
1148 5589 1434 5644 voluntatis
1451 5631 1464 5655 ,
1495 5591 1584 5660 qui
1613 5591 1762 5662 prius
1783 5591 1882 5648 fuit
1908 5592 2106 5648 volun-

525 5683 646 5738 tatis
674 5683 844 5737 malae.
878 5683 980 5738 Per
1010 5683 1147 5738 hanc
1171 5681 1335 5738 etiam
1362 5682 1422 5739 ﬁt
1443 5690 1502 5738 ut
1523 5683 1638 5754 ipsa
1664 5684 1803 5742 bona
1828 5685 2105 5755 voluntas,

591 5845 606 5874 ι
645 5843 948 5904 Antiquiores
974 5849 1079 5894 Mss.
1111 5850 1425 5905 prietercunt,
1453 5844 1504 5898 in
1521 5843 1806 5896 hominibus.
1943 5885 1952 5894 η

527 5906 643 6021 ,ἐή
641 5905 714 5954 sic
757 5911 846 5955 uss
893 5906 1100 5957 vatiani
1129 5913 1182 5957 et
1220 5904 1462 5958 Gallicam.
1487 5913 1543 5957 At
1576 5907 1725 5972 editi,
1771 5908 1857 5961 sed
1879 5913 2109 5966 conveni-

1313 495 1402 558 DE
1439 491 1697 554 GRA'IIA
1736 490 1825 548 ΕΤ
1864 481 2113 544 LIBERO
2152 481 2496 552 ARBITRIO,
2535 483 2595 541 S.
2629 482 2997 542 AUGUSTINI

3686 483 3795 542 900

2205 613 2325 668 qua:
2345 597 2458 668 jam
2485 615 2605 655 esse
2634 601 2818 670 coepit,
2844 608 3122 672 augeatur,
3149 610 3204 658 et
3229 609 3342 657 tam
3366 615 3566 672 magna
3591 600 3804 665 detaut

2207 693 2376 763 possit
2421 695 2648 765 implere
2684 695 2861 751 divina
2902 695 3149 750 mandata
3192 709 3313 766 quin
3361 694 3630 760 voluerit,
3678 709 3805 749 cum

2208 791 2372 847 valde
2396 792 2736 863 perfectoque
2758 791 3006 846 voluerit.
3048 789 3131 845 Ad
3159 789 3262 845 hoc
3301 791 3444 846 enim
3489 789 3632 844 valet
3657 787 3802 858 quod

2205 885 2461 957 scriptum
2488 895 2591 954 est,
2616 884 2680 942 Si
2705 883 2944 950 sciueris,
2964 883 3184 939 servabis
3210 883 3452 938 mandata
3477 879 3668 953 (Eccti.
3703 896 3800 949 xv,

2206 995 2306 1033 sec.
2338 978 2510 1050 LXX)
2542 996 2557 1035 :
2584 989 2642 1034 ut
2685 979 2850 1035 homo
2892 978 2984 1049 qui
3014 978 3244 1034 voluerit
3287 987 3344 1033 et
3387 992 3498 1033 non
3529 975 3798 1048 potuerit,

2208 1072 2444 1128 nondum
2472 1089 2532 1129 se
2574 1074 2730 1142 plene
2759 1073 2904 1130 velle
2924 1083 3248 1144 cognoscat,
3280 1080 3335 1128 et
3360 1081 3480 1128 oret
3504 1079 3566 1126 ut
3603 1070 3800 1126 haheat

2207 1171 2408 1218 tantam
2433 1165 2785 1233 voluntatem,
2811 1173 3008 1236 quam
3029 1164 3224 1221 sufﬁcit
3251 1165 3319 1219 ad
3350 1163 3620 1235 implenda
3653 1169 3802 1217 man-

2207 1254 2350 1309 data.
2379 1254 2474 1311 Sic
2505 1256 2702 1326 quippe
2743 1255 3046 1327 adjuvetur,
3077 1265 3137 1310 ut
3176 1255 3333 1310 faciat
3373 1253 3518 1326 quod
3557 1254 3796 1324 jubemr.

2189 1348 2359 1432 -Tunc
2400 1349 2544 1404 enim
2593 1349 2722 1405 utile
2770 1359 2856 1405 est
2879 1349 3038 1415 vetle,
3066 1365 3192 1405 cum
3219 1363 3539 1419 possumus;
3571 1357 3630 1402 et
3675 1356 3798 1402 tum:

2209 1438 2338 1494 utile
2365 1447 2450 1495 est
2477 1455 2656 1509 posse,
2687 1455 2810 1496 cum
2835 1440 3081 1496 volumus
3103 1456 3123 1495 :
3142 1454 3264 1494 nam
3292 1439 3430 1510 quid
3463 1438 3692 1510 West
3714 1481 3728 1504 ,
3755 1439 3804 1493 si

2206 1530 2349 1601 quod
2401 1546 2505 1586 non
2548 1546 2837 1602 possumus
2873 1533 3160 1597 volumus,
3189 1540 3283 1588 aut
3324 1531 3467 1602 (ιιι)ιί
3511 1545 3802 1602 possumus

2207 1623 2487 1678 nolumus?

2275 1714 2503 1771 CAPUT
2540 1713 2686 1770 XVI.
2713 1743 2784 1757 --
2811 1714 2903 1773 5%.
2945 1715 3198 1786 Magnum
3218 1712 3416 1784 aliquid
3437 1713 3714 1784 Pelagiani
3739 1727 3800 1768 ss

2206 1809 2343 1864 scire
2359 1818 2566 1880 putant,
2589 1809 2804 1880 quando
2815 1809 3022 1877 dicunt,
3049 1826 3075 1862 ς
3103 1809 3226 1865 Non
3236 1809 3450 1880 iuberet
3469 1808 3632 1874 Deus,
3656 1806 3796 1878 quod

2205 1900 2368 1955 sciret
2395 1915 2499 1954 non
2527 1915 2682 1971 posse
2708 1901 3010 1958 abhtuuim
3040 1901 3178 1956 ﬁeri.
3209 1919 3238 1953 ι
3257 1899 3385 1968 Quis
3412 1898 3513 1954 hoc
3553 1899 3798 1954 neseiat!|

2206 1991 2313 2049 Sed
2343 1993 2464 2048 ideo
2486 1993 2640 2064 jubet
2671 1995 2854 2066 aliqua
2878 2010 3002 2066 qua
3024 2009 3130 2050 non
3167 2008 3478 2065 possumus,
3505 2001 3564 2048 ut
3582 1992 3802 2048 noveri-

2206 2098 2327 2140 mus
2352 2085 2479 2155 quid
2528 2085 2598 2140 ab
2642 2087 2734 2141 illo
2784 2095 2970 2157 petere
3013 2085 3328 2142 debeamus.
3371 2083 3494 2155 Ipsa
3530 2093 3615 2140 est
3652 2083 3798 2140 enim

2207 2175 2497 2246 ﬁdes,quae
2523 2177 2728 2232 orando
2774 2178 3023 2248 impetrat
3058 2176 3200 2249 quod
3227 2176 3320 2232 les
3349 2177 3596 2246 imperat.
3635 2175 3797 2229 Deni-

2205 2283 2310 2338 que
2337 2269 2449 2337 ipse
2475 2269 2564 2338 qui
2585 2269 2735 2335 dixit,
2763 2267 2826 2325 Si
2841 2270 3068 2332 potueris
3092 2311 3108 2336 ,
3157 2267 3476 2324 conservatis
3512 2267 3754 2320 utendam
3773 2283 3798 2332 ,-

2205 2361 2260 2417 in
2287 2361 2474 2417 eodem
2507 2363 2644 2418 libro
2672 2363 3332 2433 Ecclesiasticoaiiquanto
3357 2361 3638 2432 posuit“.
3665 2359 3793 2426 Quis

2207 2453 2345 2508 dabit
2365 2455 2522 2510 inore
2549 2471 2659 2510 meo
2687 2455 2986 2522 cundiam,
3014 2465 3064 2510 et
3096 2471 3248 2526 super
3266 2454 3403 2510 labia
3427 2470 3542 2508 mea
3560 2454 3802 2520 σφεων

2207 2549 2316 2602 tum
2339 2557 2583 2613 astutum,
2611 2565 2674 2603 ne
2695 2552 2826 2620 forte
2845 2548 3027 2602 cadam
3054 2549 3118 2602 ab
3142 2564 3233 2615 eo,
3255 2557 3303 2601 et
3330 2547 3507 2618 tingue
3529 2561 3643 2599 mea
3670 2561 3787 2615 per-

2207 2641 2296 2694 dat
2322 2643 2434 2706 nw(
2459 2638 2547 2694 Id.
2576 2654 2716 2708 χιιι,
2744 2641 2814 2695 55
2843 2638 3043 2712 )‘tJam
3089 2648 3239 2695 certe
3281 2636 3532 2692 mandatu
3575 2651 3798 2706 accepe-

2207 2741 2293 2788 rat
2320 2752 2332 2787 :
2355 2732 2542 2790 Cohibe
2571 2733 2800 2805 tinguant
2826 2741 2969 2787 tuam
2993 2749 3026 2786 a
3049 2732 3206 2796 malo,
3241 2741 3289 2786 st
3329 2731 3465 2786 labia
3507 2739 3600 2784 α
3618 2746 3682 2784 ne
3723 2729 3800 2782 io-

2207 2833 2428 2896 quantur
2455 2823 2630 2878 dolum
2654 2824 2673 2897 (
2696 2823 2842 2880 Psal.
2891 2839 3092 2891 xum,
3113 2825 3179 2878 M
3281 2821 3415 2877 Cum
3443 2835 3576 2892 ergo
3612 2835 3802 2876 verum

2210 2917 2282 2972 sit
2293 2917 2434 2987 quod
2451 2917 2603 2983 dixit,
2634 2917 2698 2973 Si
2713 2919 2949 2985 volueris,
2973 2917 3288 2973 ementis
3311 2916 3556 2970 Ma
3580 2931 3601 2969 :
3626 2929 3798 2984 quare

2210 3009 2408 3080 quierit
2426 3010 2482 3064 in
2517 3025 2612 3065 ore
2657 3024 2762 3065 suo
2801 3009 2925 3066 dari
2941 3009 3238 3066 custodiam
3263 3025 3279 3075 ;
3308 3008 3497 3063 similis
3525 3009 3574 3062 ei
3601 3005 3695 3076 qui
3717 3005 3799 3060 di—

2210 3102 2286 3157 cit
2309 3102 2615 3167 inPsaimo,
2643 3101 2808 3172 Pone,
2833 3103 3068 3171 Domine,
3085 3103 3374 3158 custodiam
3387 3103 3466 3156 ori
3489 3117 3598 3156 meo
3617 3099 3796 3171 (Prol.

2212 3207 2335 3257 exn,
2369 3194 2404 3248 5
2428 3191 2448 3266 )
2473 3193 2496 3247 ?
2522 3194 2699 3274 Quarp
2725 3209 2832 3250 non
2859 3196 2906 3250 ei
2926 3193 3122 3250 sufﬁcit
3148 3194 3460 3248 mandatum
3488 3192 3582 3248 Dei
3609 3201 3664 3246 et
3689 3205 3788 3246 vu-

2217 3285 2396 3341 luntas
2440 3302 2570 3353 sua;
2599 3288 3030 3359 quandoquidem
3081 3289 3134 3343 si
3171 3288 3421 3354 voluerit,
3459 3285 3802 3342 unsermbit

2213 3381 2464 3436 mndata
2483 3381 2516 3434 ἲ
2534 3383 2704 3452 Quam
2734 3384 2904 3438 multa
2928 3383 3026 3438 Dei
3044 3381 3291 3436 mndata
3321 3390 3448 3436 sunt
3475 3388 3663 3435 contra
3701 3394 3800 3434 su-

2212 3475 2450 3546 perbiam
2475 3493 2489 3529 :
2507 3475 2619 3547 jam
2666 3477 2816 3531 novit
2851 3474 3300 3539 ea;si.voluerit,
3331 3473 3669 3530 conservabit
3713 3486 3800 3527 ea.

2215 3569 2539 3640 Quare-ergo
2567 3568 2725 3640 paulo
2761 3579 2878 3640 post
2929 3567 3078 3630 dicit,
3110 3565 3328 3621 Domine
3371 3565 3530 3620 Pater
3573 3574 3622 3618 et
3663 3563 3803 3616 Deus

2215 3665 2328 3718 vitro
2353 3679 2494 3730 mete,
2527 3663 2790 3717 elationem
2839 3658 3104 3715 acutorum
3147 3676 3210 3713 ne
3235 3659 3434 3713 dederis
3477 3657 3603 3711 mihi
3629 3657 3655 3711 ?
3677 3655 3802 3710 lam

2215 3757 2422 3812 dixerat
2445 3757 2495 3812 ei
2518 3756 2621 3820 lex,
2648 3755 2766 3808 Non
2792 3755 3112 3823 concupisces
3142 3753 3160 3824 (
3189 3752 3355 3807 Exod.
3389 3767 3477 3817 xx,
3508 3750 3574 3804 t7
3601 3748 3620 3820 )
3658 3766 3672 3801 :
3705 3763 3800 3803 ve-

2217 3849 2278 3904 lit
2297 3861 2444 3918 ergo,
2472 3857 2526 3903 et
2553 3846 2713 3901 faciat
2738 3845 2878 3914 quod
2901 3845 3154 3914 jubetur;
3193 3843 3442 3915 (pluuium
3467 3841 3510 3894 si
3540 3839 3794 3904 voluerit,

2215 3939 2552 3997 conservabit
2577 3939 2844 3994 mandata.
2890 3939 3072 4006 Quare
3097 3939 3335 4008 sequitur
3359 3942 3413 3990 et
3451 3932 3598 3997 dicit,
3647 3931 3796 3986 Con-

2213 4033 2571 4102 cupiscentiam
2595 4041 2761 4087 averte
2780 4047 2813 4085 a
2838 4048 2915 4085 me
2929 4033 2956 4086 .9
2982 4030 3177 4086 Contra
3199 4029 3461 4083 luxuriam
3483 4027 3622 4082 Deus
3634 4040 3800 4096 quam

2216 4124 2384 4178 multa
2403 4123 2668 4178 mandavit
2699 4141 2712 4177 :
2743 4124 2899 4178 faciat
2917 4137 2980 4178 ea
3007 4140 3020 4188 ;
3048 4123 3176 4194 quia
3196 4121 3240 4176 si
3272 4119 3534 4184 voluerit,
3581 4133 3804 4174 conser-

2216 4217 2361 4272 vabit
2374 4217 2643 4272 mandata.
2667 4217 2802 4285 Quid
2830 4226 2912 4270 est
2937 4216 3076 4286 quod
3118 4216 3316 4272 clamat
3337 4215 3404 4270 ad
3437 4214 3626 4280 Deum,
3665 4211 3805 4268 Ven-

2217 4307 2306 4360 tris
2327 4310 2566 4378 appetitio
2591 4316 2638 4361 et
2657 4306 2950 4361 concubitus
2997 4324 3060 4361 ne
3087 4305 3436 4377 apprehendat
3477 4321 3556 4359 nte
3583 4304 3604 4377 (
3638 4303 3801 4357 Ereti.

2217 4414 2370 4465 mn,
2395 4399 2482 4453 4-6
2506 4398 2560 4470 )?
2578 4398 2632 4454 Si
2659 4397 2776 4454 haec
2801 4399 2849 4454 ei
2871 4399 3124 4472 praesenti
3168 4399 3190 4431 ⁸
3214 4398 3537 4464 diceremus,
3571 4397 3806 4452 rectissi-
3851 4389 3854 4394 ’

2217 4505 2305 4544 me
2330 4490 2484 4544 nobis
2509 4490 2862 4560 responderet
2902 4501 2958 4546 et
3000 4491 3203 4546 diceret
3236 4509 3248 4545 :
3277 4489 3356 4544 Ex
3403 4491 3502 4544 ista
3556 4488 3803 4543 oratione

2217 4596 2357 4648 mea,
2386 4597 2489 4652 qua
2516 4581 2630 4636 haac
2649 4598 2678 4635 a
2711 4583 2820 4636 Deo
2835 4591 2978 4652 peto,
3026 4581 3304 4652 intelligite
3350 4580 3626 4650 quomodo
3652 4581 3808 4634 dixe-

2215 4673 2339 4738 rim,
2370 4672 2432 4727 Si
2486 4671 2700 4728 uolueris
2725 4713 2739 4739 ,
2791 4674 3108 4728 consermbis
3163 4673 3426 4726 mandata.
3452 4671 3676 4727 Certum
3719 4679 3804 4725 est

2215 4762 2362 4818 enim
2419 4777 2518 4818 nos
2561 4762 2808 4818 mandata
2841 4779 3077 4828 servare,
3137 4764 3181 4818 si
3225 4764 3472 4819 volumus
3504 4780 3517 4816 :
3545 4764 3640 4818 sed
3681 4761 3801 4832 quia

2215 4861 2544 4923 praeparatur
2561 4853 2805 4908 voluntas
2830 4868 2862 4908 a
2895 4854 3139 4918 Domino,
3167 4853 3234 4908 ab
3281 4854 3372 4906 illo
3398 4851 3690 4922 petendum
3724 4861 3808 4906 est

2215 4956 2276 5002 ut
2299 4955 2503 5001 tantum
2529 4946 2773 5012 velimus,
2801 4954 3059 5017 quantum
3082 4945 3278 5000 sul‘llcit
3297 4953 3356 4998 ut
3383 4944 3618 4998 valendo
3641 4943 3806 4998 facia-

2215 5054 2354 5093 mus.
2372 5038 2590 5093 Certum
2620 5046 2822 5092 estnos
2858 5036 2996 5091 velle
3020 5078 3035 5101 ,
3083 5050 3204 5090 cum
3258 5035 3543 5089 volumus:
3574 5035 3669 5088 sed
3716 5034 3804 5089 ille

2215 5131 2342 5187 facit
2385 5143 2446 5187 ut
2472 5131 2696 5186 velimus
2743 5130 2966 5197 bonum,
3006 5129 3075 5185 de
3124 5143 3232 5199 quo
3275 5127 3476 5182 dictum
3529 5136 3634 5192 est,
3666 5127 3808 5198 quod

2217 5223 2374 5293 paulo
2388 5232 2511 5278 ante
2528 5222 2701 5292 posui,
2728 5221 3062 5291 Prieparatur
3080 5220 3358 5276 ootuntasa
3375 5219 3600 5274 Domino
3625 5219 3806 5291 (i’roc.

2213 5329 2328 5379 vni,
2349 5331 2450 5368 sec.
2498 5311 2664 5383 LXX)
2694 5312 2801 5377 ;de
2838 5327 2944 5382 quo
2972 5312 3170 5367 dictum
3196 5321 3298 5376 est.
3343 5311 3390 5364 Λ
3418 5310 3642 5365 Domino
3681 5327 3810 5381 gres-

2214 5421 2304 5459 sus
2322 5404 2538 5458 hominis
2561 5405 2862 5475 dirigentur,
2896 5413 2942 5458 et
2966 5405 3099 5458 uiam
3121 5405 3230 5474 ejus
3256 5402 3386 5458 uolet
3409 5403 3583 5476 (Psat.
3615 5419 3806 5466 xxxvt,

2213 5496 2340 5566 23);
2372 5496 2439 5551 de
2457 5511 2562 5566 quo
2590 5495 2792 5551 dictum
2823 5507 2928 5561 est,
2947 5495 3086 5550 Deus
3110 5504 3182 5551 est
3219 5495 3306 5563 qui
3330 5505 3570 5567 aperatur
3590 5496 3648 5550 in
3670 5494 3810 5550 vobis

2214 5589 2404 5644 etoette
2417 5588 2676 5662 (Philipp.
2710 5605 2770 5655 ιι,
2802 5591 2916 5661 15).
2944 5591 3163 5646 Certum
3191 5600 3276 5644 est
3317 5605 3417 5646 nos
3462 5589 3664 5658 facere,
3686 5606 3810 5646 eum

2214 5681 2438 5738 facimus
2471 5700 2484 5736 :
2517 5681 2614 5738 sed
2635 5683 2724 5738 ille
2745 5683 2870 5738 facit
2897 5690 2955 5738 ut
2986 5682 3240 5738 iaciamus
3261 5723 3278 5750 ,
3330 5681 3624 5753 prabendo
3651 5683 3804 5740 vires

2282 5915 2297 5945 ί
2340 5923 2433 5976 Am.
2460 5919 2534 5960 Er.
2561 5921 2613 5963 et
2637 5911 2858 5976 plerique
2877 5920 2987 5976 Mss.
3012 5926 3023 5960 :
3047 5910 3094 5961 si
3116 5910 3220 5976 hmo
3246 5911 3375 5972 (vel,
3399 5911 3510 5972 hoc)
3534 5911 3581 5962 ei
3598 5909 3649 5964 in
3676 5925 3809 5976 pra:-

2217 5977 2355 6030 settti.
2382 5974 2468 6026 Alii
2496 5974 2690 6040 quidam
2711 5974 2846 6038 uss,
2891 5975 2934 6026 si
2971 5974 3144 6028 hwcei
3175 5974 3509 6038 inprwsenttc

3819 1411 3841 1466 i
