4022 6468
478 446 588 506 905

482 564 596 618 citis
611 559 850 632 regalem,
879 535 1152 610 secundum
1177 548 1469 618 Scripturas
1493 588 1507 612 ,
1541 544 1730 614 Diliges
1775 541 2061 632 proximum

477 662 618 709 tuum
645 627 880 722 tanquam
906 658 954 701 te
1000 647 1188 715 ipsum,
1233 640 1354 695 bene
1405 639 1568 708 facitis
1619 633 1836 708 (Jacobi
1861 648 1917 696 ιι,
1963 627 2059 701 8).

482 747 608 802 Item
635 745 866 800 Joannes
908 737 1219 808 apostolus:
1271 733 1370 800 Qui
1413 730 1596 801 diligit,
1629 727 1820 796 inquit,
1855 725 2063 793 fratrem

476 854 644 902 suum,
672 836 722 889 in
754 833 942 886 lumine
966 838 1130 885 manet
1158 827 1176 900 (
1205 826 1224 880 1
1249 824 1410 879 Joan.
1435 839 1493 888 ιι,
1521 821 1586 876 10
1605 822 1644 892 ).
1670 819 1738 873 Et
1760 819 1864 871 alio
1912 817 2060 869 loco:

480 929 580 996 Qui
605 944 706 981 non
722 936 794 980 est
823 927 1016 996 justus,
1047 938 1146 975 non
1173 927 1331 972 estex
1362 915 1488 983 Deo,
1528 923 1573 968 et
1617 913 1702 983 qui
1743 925 1846 963 non
1893 905 2064 975 diligit

477 1021 684 1091 fratrem
709 1034 855 1072 suum
887 1034 905 1070 :
925 1015 1042 1086 quia
1067 1014 1174 1067 hwc
1199 1019 1270 1065 est
1305 1004 1623 1062 annuntiatio
1666 1017 1820 1072 quam
1866 997 2064 1051 audivi-

451 1089 590 1181 ,mus
625 1113 685 1166 ab
717 1113 882 1175 initio,
929 1122 983 1162 ut
1036 1107 1307 1176 diligamus
1350 1102 1579 1155 invicem.
1619 1097 1855 1164 Itemque
1899 1089 2059 1144 alibi:

482 1206 594 1260 Hoc
624 1215 717 1272 est,
749 1204 938 1273 inquit,
968 1201 1264 1254 ntandatunt
1292 1194 1430 1250 illius
1451 1236 1466 1259 ,
1494 1201 1547 1245 ut
1578 1189 1843 1245 credamus
1873 1184 2064 1238 nomini

481 1298 608 1353 Filii
631 1299 740 1368 ejus
763 1295 889 1349 Jesu
911 1293 1121 1357 Christi,
1165 1299 1214 1344 et
1267 1288 1541 1356 diligamus
1581 1282 1791 1336 invicem
1821 1278 1840 1352 (
1871 1277 1954 1331 Id.
1985 1291 2062 1342 ιιι,

477 1392 565 1454 10,
591 1391 663 1444 25
691 1395 730 1460 ).
786 1390 851 1443 Et
879 1387 1070 1443 iterum
1101 1402 1114 1437 :
1156 1382 1301 1448 Hoc”
1329 1379 1518 1450 inquit,
1553 1375 1850 1430 mandatum
1895 1371 2052 1425 habe-

476 1501 588 1538 mus
609 1484 670 1536 ab
709 1483 840 1551 ipso,
889 1490 943 1532 ut
995 1478 1080 1546 qui
1123 1475 1288 1546 diligit
1321 1472 1503 1538 Deum,
1549 1469 1728 1540 diligat
1773 1476 1819 1521 et
1857 1468 2068 1537 fratrem

476 1593 623 1631 suum
651 1574 762 1648 (Id.
795 1589 866 1639 tv,
897 1571 1013 1640 21).
1039 1571 1103 1623 Ει
1135 1568 1291 1638 paulo
1336 1575 1453 1637 post
1479 1561 1580 1618 :In
1603 1563 1717 1629 hoc,
1748 1559 1937 1631 inquit.
1984 1573 2070 1610 co-

477 1671 784 1740 gnoscimus,
824 1665 942 1734 quia
959 1663 1215 1732 diligimus
1245 1659 1377 1728 filios
1405 1657 1522 1721 Dei,
1551 1672 1665 1708 cum
1691 1653 1850 1707 Deum
1897 1649 2070 1719 diligi-

480 1779 607 1826 mus,
649 1771 692 1814 et
734 1768 983 1829 praecepta
1031 1757 1138 1827 ejus
1165 1753 1418 1823 facimus:
1453 1749 1577 1803 Hcec
1615 1755 1686 1802 est
1711 1747 1844 1800 enim
1869 1742 2070 1798 dilectio

478 1855 596 1922 Dei,
624 1865 676 1908 ut
705 1862 954 1923 prwcepta
991 1851 1100 1921 ejus
1130 1861 1397 1910 servemus,
1429 1852 1476 1896 et
1526 1849 1777 1911 pra'cepta
1806 1837 1912 1908 ejus
1953 1850 2072 1906 gra-

479 1949 558 2001 via
587 1962 687 2000 non
708 1945 865 2016 sunt(
900 1941 986 1995 1d.
1015 1957 1069 2005 v,
1115 1938 1171 2004 2,
1201 1935 1303 2006 5).
1333 1936 1398 1989 Ει
1441 1934 1491 1986 in
1548 1929 1786 2001 Epistola
1838 1924 2071 1982 secunda

478 2041 733 2109 scriptum
761 2045 885 2091 est:
924 2033 1045 2088 Non
1086 2032 1230 2101 quasi
1284 2034 1592 2100 praeceptum
1639 2038 1821 2076 novum
1852 2019 2073 2072 scribam

480 2132 590 2197 tibi,
623 2129 710 2183 sed
737 2128 871 2198 quod
897 2126 1162 2180 habuimus
1191 2121 1251 2175 ab
1293 2120 1456 2186 initio,
1481 2126 1536 2171 ut
1559 2114 1834 2186 diligamus
1852 2111 2070 2166 invicem

486 2223 568 2294 (ιι
593 2221 751 2275 Joan.
785 2221 818 2274 5
851 2220 892 2288 ).
1579 2213 1590 2225 '

552 2335 641 2391 56.
669 2335 801 2388 Dicit
828 2332 986 2386 etiam
1017 2331 1129 2400 ipse
1155 2326 1412 2382 Dominus
1435 2323 1611 2388 Jesus,
1638 2321 1690 2376 in
1713 2317 1920 2375 duobus
1941 2331 2076 2386 pra:-

479 2429 650 2500 ccptis
672 2425 972 2483 dilectionis
1002 2423 1097 2478 Dei
1127 2431 1180 2476 et
1209 2419 1509 2475 dilectionis
1539 2413 1764 2487 proximi
1789 2423 1952 2467 totam
1978 2409 2078 2500 Le-

479 2499 598 2592 gem
628 2517 1023 2588 Prophetasquc
1055 2513 1285 2586 pendere
1313 2509 1526 2576 (Matth.
1559 2522 1688 2571 χχιι,
1719 2504 1834 2573 40).
1862 2504 1936 2556 De
1961 2499 2077 2570 qui-

484 2615 581 2668 bus
604 2610 814 2665 duobus
838 2607 1116 2679 praeceptis
1137 2605 1189 2658 in
1215 2602 1504 2671 Evangelio
1529 2596 1822 2654 secundum
1846 2592 2078 2648 Marcum

480 2707 738 2775 scriptum
773 2711 855 2757 est
887 2720 899 2755 :
933 2700 1002 2754 Et
1031 2698 1238 2752 accessit
1266 2712 1395 2749 unus
1429 2693 1491 2746 de
1528 2690 1705 2746 scribis
1737 2687 1822 2755 qui
1851 2685 2081 2738 audierat

479 2798 597 2851 illos
624 2796 984 2867 perquirentes,
1013 2801 1055 2845 et
1082 2789 1254 2843 videns
1280 2785 1520 2858 quoniam
1542 2783 1644 2836 illis
1666 2782 1788 2835 bene
1811 2775 2082 2848 respondeb

479 2892 568 2956 rit,
596 2887 918 2958 interrogavit
945 2902 1055 2938 eum
1076 2881 1210 2952 quod
1232 2889 1356 2934 esset
1378 2879 1595 2948 primunt
1620 2873 1841 2927 omnium
1869 2868 2082 2922 manda-

482 2991 608 3035 tum.
638 2979 790 3033 Jesus
819 2986 986 3030 autem
1016 2973 1274 3044 respondit
1301 2973 1344 3024 ei
1375 2986 1391 3024 :
1423 2969 1656 3022 Primum
1686 2965 1908 3020 omnium
1939 2978 2081 3014 man-

483 3073 657 3125 datum
682 3080 774 3128 est.
803 3068 956 3133 Audi,
989 3065 1173 3129 Israel,
1205 3063 1454 3116 Dominus
1485 3059 1623 3113 Deus
1649 3067 1764 3110 tuus
1792 3055 1927 3108 Deus
1953 3068 2081 3105 unus

483 3174 586 3227 est;
607 3171 677 3226 et,
710 3159 900 3230 Diliges
929 3157 1200 3211 Dominunt
1229 3154 1394 3208 Deum
1418 3163 1559 3206 tuum
1586 3166 1647 3204 ea:
1671 3156 1772 3202 toto
1797 3146 1946 3200 corde
1971 3155 2077 3208 tuo,

484 3265 530 3308 et
556 3269 618 3308 ea:
648 3233 752 3307 tota
780 3252 948 3305 anima
975 3260 1091 3314 tua,
1118 3257 1163 3302 et
1187 3263 1249 3301 ea:
1278 3256 1380 3299 tota
1407 3251 1570 3297 mente
1598 3252 1683 3294 tua
1705 3255 1724 3294 :
1751 3240 1844 3293 hoc
1874 3247 1946 3292 est
1977 3237 2082 3305 pri-

484 3363 623 3400 mum
654 3344 970 3398 mandatum.
1011 3339 1303 3395 Secundum
1337 3346 1504 3389 autent
1545 3332 1709 3388 simile
1739 3332 1818 3385 illi
1843 3346 1862 3384 :
1895 3329 2082 3399 Diliges

483 3439 770 3510 proximum
811 3445 953 3488 tuum
987 3442 1226 3501 tanquam
1255 3429 1488 3498 teipsum.
1524 3425 1695 3496 Majas
1726 3423 1906 3476 horum
1940 3419 2084 3473 aliud

484 3547 586 3584 non
621 3539 691 3584 est
729 3528 1024 3582 mandatum
1052 3523 1239 3590 (Marc.
1276 3538 1373 3588 xu,
1404 3519 1622 3588 28-51).
1658 3518 1794 3572 Dicit
1833 3517 1992 3571 etiam
2029 3515 2082 3568 in

487 3621 774 3689 Evangelio
803 3617 1095 3673 secundum
1133 3614 1394 3670 Joannem
1427 3630 1440 3666 :
1471 3610 1773 3664 Mandatum
1807 3624 1987 3661 novum
2018 3607 2083 3659 do

485 3715 641 3779 vobis,
670 3723 721 3765 ut
752 3711 975 3781 diligatis
1001 3709 1212 3763 invicem
1233 3709 1360 3761 sicut
1389 3705 1543 3760 dilexi
1571 3721 1676 3768 vos,
1707 3710 1759 3754 ut
1784 3710 1830 3754 et
1855 3716 1939 3754 vos
1962 3700 2081 3752 dili-

485 3803 617 3874 gatis
649 3801 879 3854 invicem.
921 3799 984 3852 In
1019 3799 1112 3852 hoc
1151 3806 1450 3868 cognoscent
1488 3811 1657 3849 omnes
1694 3794 1812 3864 quia
1847 3792 2084 3861 discipuli

487 3895 583 3947 mei
614 3893 762 3956 estis,
799 3893 842 3946 si
879 3889 1196 3944 dilectionem
1233 3887 1506 3942 habueritis
1545 3886 1611 3938 ad
1644 3885 1853 3938 invicem
1889 3879 2080 3956 (Joan.

487 4000 604 4051 xm,
636 3985 724 4050 5b,
751 3982 867 4053 55).

559 4118 782 4176 CAPUT
819 4116 1004 4173 XVIII.
1035 4117 1224 4172 -.57.
1259 4116 1385 4171 Haec
1425 4114 1604 4170 omnia
1641 4121 1910 4185 praecepta
1947 4111 2081 4168 dile-

486 4202 711 4279 ctionis,
744 4211 796 4266 id
824 4219 907 4266 est
933 4210 1240 4276 cbaritatis,
1273 4224 1392 4279 qua:
1420 4215 1565 4262 tanta
1593 4215 1648 4262 et
1682 4207 1803 4261 talia
1841 4214 1995 4272 sunt,
2027 4213 2086 4260 ut

487 4303 739 4375 quidquid
781 4317 838 4358 se
877 4301 1140 4372 putaverit
1169 4301 1328 4355 homo
1359 4298 1538 4354 facere
1579 4299 1744 4362 bene,
1776 4298 1822 4353 si
1852 4297 1942 4351 ﬁat
1969 4297 2085 4353 sine

489 4398 776 4462 charttate,
809 4395 953 4450 nullo
981 4393 1145 4448 modo
1171 4393 1262 4448 ﬁat
1299 4393 1468 4458 bene;
1499 4391 1616 4446 haec
1652 4406 1780 4462 ergo
1819 4398 2083 4460 prmeepta

488 4488 762 4544 charitatis
790 4486 1018 4540 inaniter
1045 4484 1299 4540 darentur
1328 4483 1668 4550 hominibus,
1701 4496 1806 4535 non
1837 4480 2083 4536 habenti-

489 4582 588 4638 bus
613 4581 838 4636 liberum
865 4578 1152 4634 voluntatis
1179 4577 1459 4632 arbitrium
1489 4593 1502 4630 :
1527 4577 1623 4631 sed
1648 4576 1769 4646 quia
1793 4592 1889 4645 per
1911 4576 2083 4645 legem

487 4673 684 4729 dantur
709 4683 764 4728 et
785 4681 1018 4728 veterem
1049 4680 1104 4726 et
1129 4685 1319 4725 novam
1347 4668 1614 4740 (quamvis
1641 4668 1694 4722 in
1721 4683 1856 4723 nova
1881 4667 2087 4722 venerit

489 4767 658 4835 gratia
697 4781 815 4835 qua:
855 4763 1265 4834 promittebatur
1294 4763 1345 4817 in
1382 4769 1594 4826 vetere,
1629 4762 1712 4816 lex
1755 4770 1930 4816 autem
1969 4761 2086 4816 sine

489 4857 656 4929 gratia
685 4858 858 4912 littera
883 4866 967 4912 est
990 4855 1263 4921 occidens,
1290 4855 1342 4908 in
1367 4854 1538 4924 gratia
1559 4868 1685 4908 vero
1712 4852 1929 4922 Spiritus
1954 4851 2086 4906 vivi-

399 4982 410 4986 α
490 4951 700 5020 licans),
725 4949 866 5005 unde
885 4951 1039 5004 estin
1062 4948 1367 5004 hominibus
1385 4947 1618 5003 charitas
1644 4946 1737 5002 Dei
1758 4954 1812 5001 et
1833 4945 2081 5016 proximi,

490 5043 593 5098 nisi
615 5057 684 5098 ex
709 5042 825 5112 ipso
853 5040 998 5095 Deo?
1026 5039 1158 5095 Nam
1184 5039 1231 5094 si
1258 5055 1364 5094 non
1389 5055 1454 5094 ex
1484 5039 1612 5105 Deo,
1643 5037 1734 5093 sed
1765 5053 1830 5093 ex
1858 5036 2085 5091 homini-

490 5137 612 5204 bus,
637 5137 880 5191 vicerunt
902 5134 1170 5205 Pelagiani
1195 5151 1209 5186 :
1233 5134 1278 5188 si
1305 5142 1482 5189 autem
1508 5149 1575 5189 ex
1596 5132 1725 5198 Deo,
1752 5131 1974 5186 vicimus
1994 5131 2086 5186 Pe-

490 5229 750 5301 lagianos.
779 5227 975 5284 Sedeat
1001 5243 1128 5298 ergo
1157 5227 1294 5282 inter
1319 5243 1414 5282 nos
1436 5226 1597 5298 judex
1626 5227 1898 5298 apostolus
1917 5226 2081 5281 Joano

431 5309 440 5313 λ’
491 5337 610 5390 nes,
641 5331 697 5378 et
721 5322 863 5376 dicat
892 5319 1044 5374 nobis
1071 5335 1087 5372 :
1115 5318 1431 5386 Charissimi,
1464 5318 1736 5390 diligamus
1764 5319 1991 5372 invicem.
2026 5316 2080 5371 Ιιι

492 5413 577 5470 his
618 5414 794 5470 verbis
830 5411 1055 5469 Joannis
1081 5426 1204 5466 cum
1241 5427 1301 5467 se
1339 5413 1412 5465 illi
1451 5411 1709 5466 extollere
1744 5411 2004 5480 ceperint
2030 5418 2085 5465 et

491 5504 692 5570 dicere,
720 5506 917 5576 thuid
947 5505 1104 5560 nobis
1132 5505 1233 5558 hoc
1260 5504 1584 5574 praecipitur,
1618 5505 1719 5559 nisi
1745 5505 1866 5575 quia
1893 5519 1960 5560 ex
1986 5518 2075 5558 no-

491 5599 575 5656 bis
601 5600 857 5654 habemus
885 5607 940 5652 ut
969 5598 1194 5652 invicem
1225 5596 1539 5666 diligamus?
1564 5599 1800 5667 sequitur
1827 5597 2083 5652 continuo

492 5690 634 5748 idem
663 5689 920 5757 Joannes,
948 5688 1281 5745 confundens
1311 5703 1403 5743 eos
1427 5699 1483 5744 et
1506 5687 1709 5753 dicens,
1737 5690 1855 5759 quia
1881 5689 2082 5744 dilectio

493 5800 557 5839 ea:
583 5782 688 5839 Deo
713 5793 784 5839 est
810 5784 853 5856 (ι
876 5781 1034 5838 Joan.
1061 5798 1133 5849 ιν,
1159 5782 1234 5853 7).
1259 5781 1374 5838 Non
1403 5783 1580 5853 itaque
1605 5799 1674 5838 ex
1699 5783 1870 5850 nobis,
1893 5783 1987 5839 sed
2015 5799 2081 5840 ex

495 5876 609 5935 Deo
633 5885 734 5938 est.
763 5876 868 5937 Cur
893 5892 1020 5948 ergo
1043 5875 1368 5961 dictume’st,
1396 5875 1682 5948 Diligamus
1707 5876 1935 5948 invicem,
1963 5877 2082 5960 quia

662 5971 702 6004 Ο

1242 433 1330 488 ne
1366 428 1622 487 unum
1666 426 1753 482 ET
1792 409 2042 481 LIBERO
2079 420 2424 489 ARBITRIO,
2466 419 2524 477 s.
2562 419 2931 478 AUGUSTINI

3647 421 3774 478 904

2171 537 2372 591 dilectio
2397 553 2459 590 ea:
2483 535 2590 590 Deo
2615 546 2720 600 est;
2748 536 2846 590 nisi
2871 535 2993 605 quia
3021 543 3288 604 prmcepto
3313 532 3642 590 admonitum
3668 544 3772 592 est

2170 629 2393 684 liberum
2415 630 2712 694 arbitrium,
2736 637 2792 682 ut
2812 636 3074 698 quaereret
3095 628 3184 681 Dei
3207 626 3443 682 donum?
3464 628 3612 696 Quod
3635 629 3770 698 qni-

2169 719 2289 775 dem
2319 721 2437 776 sine
2466 737 2563 776 suo
2595 721 2765 776 fructu
2805 735 3019 789 prorsus
3052 720 3446 785 admoneretur,
3476 720 3574 774 nisi
3606 720 3768 790 prius

2169 814 2430 882 acciperet
2449 813 2648 884 aliquid
2664 813 2984 874 dilectionis,
3005 822 3061 867 ut
3079 812 3200 866 addi
3223 813 3322 866 sibi
3340 822 3598 881 quaareret
3614 812 3769 867 unde

2169 910 2308 979 quod
2328 907 2612 978 jubebatur
2631 907 2894 976 impleret.
2917 906 3048 961 Cum
3071 906 3283 970 dicitur,
3310 904 3596 976 Diligamus
3620 904 3768 958 invi-

2170 1015 2296 1065 cem,
2324 1000 2408 1054 lex
2428 1010 2510 1054 est
2534 1019 2546 1053 :
2570 1014 2690 1054 cum
2711 999 2923 1061 dicitur,
2947 999 3065 1068 quia
3084 997 3285 1051 dilectio
3305 1013 3369 1052 ea:
3393 995 3501 1050 Deo
3521 1007 3611 1061 est,
3633 1011 3771 1066 gra-

2170 1092 2241 1145 tia
2264 1101 2364 1146 est.
2395 1077 2659 1163 Sapientia
2684 1093 2878 1162 quippe
2906 1091 2999 1146 Dei
3029 1091 3186 1162 legem
3212 1099 3256 1143 et
3287 1089 3679 1143 misericordiam
3705 1089 3771 1142 in

2173 1181 2345 1254 lingua
2363 1189 2537 1254 'portat
2559 1182 2734 1252 (Prov.
2769 1199 2847 1248 ιιι,
2874 1183 2960 1248 l6,
2985 1199 3083 1240 sec.
3109 1181 3295 1252 LXX).
3324 1181 3476 1237 Unde
3499 1183 3764 1250 scriptum

2172 1285 2252 1330 est
2279 1277 2332 1330 in
2361 1276 2573 1331 Psalmo
2605 1294 2617 1330 :
2647 1274 2850 1328 Etenim
2883 1274 3271 1328 benedictionem
3307 1272 3444 1326 dabit
3481 1273 3568 1342 qui
3601 1273 3770 1342 legem

2172 1366 2308 1420 dedit
2338 1365 2509 1436 (Psal.
2543 1381 2757 1431 Lxxxut,
2792 1365 2872 1436 8).

2243 1457 2330 1513 58.
2359 1457 2527 1514 Nemo
2545 1474 2674 1529 ergo
2693 1473 2789 1514 vos
2817 1458 2981 1523 fallat,
3007 1457 3194 1512 fratres
3217 1457 3321 1512 mei
3345 1473 3360 1512 :
3387 1456 3509 1526 quia
3535 1470 3632 1510 nos
3653 1471 3770 1511 non

2172 1539 2514 1621 diligeremus
2543 1553 2730 1615 Deum,
2764 1552 2864 1606 nisi
2892 1566 2989 1606 nos
3016 1551 3159 1620 prior
3183 1551 3297 1619 ipse
3322 1550 3582 1619 diligeret.
3617 1549 3770 1604 Idem

2172 1643 2405 1699 Joannes
2430 1645 2765 1713 apertissime
2801 1645 2902 1699 hoc
2935 1645 3194 1707 ostendit,
3227 1653 3280 1698 et
3309 1643 3465 1708 dicit,
3500 1641 3612 1696 Nos
3641 1642 3770 1695 dili-

2173 1752 2350 1806 gamus
2372 1737 2411 1800 ‘,
2431 1738 2547 1805 quia
2567 1737 2674 1806 ipse
2693 1738 2832 1807 prior
2851 1736 3028 1790 dilexit
3049 1752 3137 1789 nos
3161 1734 3201 1807 (l
3221 1734 3378 1788 Joan.
3400 1751 3470 1800 tv,
3499 1732 3608 1804 19).
3631 1733 3774 1789 Gra-

2176 1829 2246 1882 tia
2274 1843 2373 1883 nos
2405 1829 2528 1882 facit
2557 1830 2686 1898 legis
2715 1830 3019 1895 dilectores,
3053 1829 3138 1883 lex
3169 1844 3294 1882 vero
3325 1828 3434 1897 ipsa
3461 1829 3576 1880 sine.
3594 1829 3770 1897 gratia

2179 1923 2387 1977 nonnisi
2431 1924 2865 1992 prtevaricatores
2899 1924 3042 1977 facit.
3083 1923 3150 1977 Et
3185 1921 3324 1992 quod
3354 1921 3624 1992 discipulis
3653 1921 3771 1975 suis

2177 2013 2300 2066 dicit
2334 2014 2618 2077 Dominus,
2651 2013 2772 2067 Non
2799 2029 2884 2067 vos
2909 2031 2987 2066 me
3013 2013 3259 2084 elegistis,
3289 2012 3378 2066 sed
3409 2029 3498 2083 ego
3525 2013 3650 2082 elegi
3679 2027 3774 2066 vos

2177 2104 2356 2177 (Joan.
2387 2121 2476 2172 xv,
2510 2107 2632 2176 16);
2661 2105 2788 2159 nihil
2816 2107 2958 2160 aliud
2989 2105 3186 2160 indicat
3218 2105 3390 2160 nobis.
3415 2105 3467 2159 Si
3493 2105 3632 2159 enim
3662 2119 3772 2158 nos

2177 2197 2326 2266 prius
2345 2196 2649 2263 dileximus,
2669 2206 2728 2251 ut
2744 2197 2846 2251 hoc
2863 2198 3054 2251 merito
3077 2212 3174 2251 nos
3195 2197 3308 2265 ipse
3327 2195 3594 2266 diligeret;
3617 2196 3776 2266 prius

2179 2287 2331 2342 illum
2369 2303 2468 2342 nos
2505 2289 2796 2360 elegimus,
2827 2298 2885 2343 ut
2919 2289 2984 2343 ab
3015 2289 3104 2342 illo
3131 2289 3253 2358 eligi
3284 2303 3630 2343 mereremur.
3662 2288 3774 2343 Sed

2180 2379 2294 2448 ipse
2321 2381 2406 2450 qui
2435 2381 2630 2436 veritas
2656 2389 2757 2447 est,
2783 2380 2926 2435 aliud
2953 2381 3100 2445 dicit,
3130 2391 3183 2434 et
3208 2380 3330 2435 huic
3350 2379 3570 2434 vanitati
3595 2379 3773 2433 homi-

2181 2489 2308 2528 num
2345 2475 2682 2544 apertissime
2715 2461 3032 2529 contradicit
3067 2491 3080 2526 :
3127 2472 3246 2527 Non
3281 2489 3368 2527 vos
3406 2489 3484 2527 me
3521 2473 3771 2543 elegistis,

2183 2567 2370 2636 inquit.
2396 2566 2451 2620 Si
2472 2581 2600 2636 ergo
2621 2581 2725 2620 non
2747 2566 3002 2636 elegistis,
3028 2567 3142 2620 sine
3166 2565 3328 2620 dubio
3352 2580 3453 2620 nec
3474 2565 3733 2620 dilexistis
3757 2582 3771 2618 :

2182 2657 2451 2728 quomodo
2476 2657 2617 2712 enim
2645 2672 2769 2712 eum
2805 2657 3096 2727 eligerent,
3129 2673 3285 2726 quem
3316 2671 3424 2711 non
3452 2655 3779 2725 diligerent?

2186 2750 2291 2804 Sed
2313 2767 2424 2820 ego,
2456 2750 2646 2819 inquit,
2674 2767 2760 2804 vos
2785 2751 2929 2819 elegi.
2961 2749 3224 2817 Numquid
3251 2763 3355 2802 non
3384 2757 3438 2802 et
3462 2748 3562 2816 ipsi
3591 2756 3779 2817 postea

2184 2847 2459 2913 elegerunt
2487 2859 2634 2909 eum,
2665 2851 2718 2898 et
2743 2843 2990 2896 omnibus
3017 2842 3172 2896 bonis
3199 2840 3355 2910 hujus
3373 2835 3554 2895 saeculi
3582 2850 3781 2909 praetu-

2187 2937 2396 2992 lerunt?
2417 2935 2524 2989 Sed
2546 2936 2666 3004 quia
2694 2935 2847 2988 electi
2876 2943 3014 2999 sunt,
3043 2933 3320 3002 elegerunt
3343 2949 3355 2984 :
3380 2947 3486 2986 non
3515 2934 3640 3001 quia
3665 2933 3780 2987 ele-

2184 3037 2408 3100 gerunt,
2449 3027 2601 3082 electi
2643 3035 2787 3082 sunt.
2832 3026 3152 3095 Eligentium
3202 3025 3476 3080 hominum
3524 3027 3777 3080 meritum

2185 3123 2386 3175 nullutn
2421 3128 2580 3186 esset,
2610 3119 2711 3173 nisi
2737 3133 2830 3173 eos
2853 3119 3093 3188 eligentis
3117 3119 3286 3189 gratia
3314 3118 3406 3172 Dei
3437 3119 3776 3187 pr.eveniret.

2185 3213 2339 3268 Unde
2369 3222 2421 3266 et
2449 3212 2720 3281 apostolus
2747 3211 2940 3265 Paulus
2981 3210 3301 3264 benedicens
3331 3209 3779 3265 Thessalonicen-

2186 3308 2313 3360 ses"
2351 3324 2363 3360 :
2411 3305 2537 3369 Vos,
2571 3304 2767 3374 inquit,
2803 3303 3050 3357 Dominus
3079 3302 3405 3373 multiplicet,
3441 3312 3488 3357 et
3521 3303 3782 3357 abundare

2186 3397 2341 3467 faciat
2370 3396 2422 3448 in
2451 3394 2701 3449 charitate
2726 3394 2778 3447 in
2807 3394 3016 3447 invicem
3044 3402 3088 3446 et
3116 3393 3171 3446 in
3195 3409 3366 3447 omnes
3389 3395 3407 3464 (
3429 3393 3446 3446 l
3471 3392 3654 3448 Thess.
3687 3410 3778 3462 ιιι,

2187 3488 2315 3558 12).
2351 3488 2495 3542 Hane
2527 3487 2949 3542 benedictionem
2974 3486 3120 3541 dedit
3143 3497 3197 3540 ut
3225 3501 3322 3540 nos
3347 3487 3573 3541 invicem
3594 3487 3783 3558 dilige-

2186 3595 2367 3635 remus
2387 3621 2401 3645 ,
2435 3580 2524 3649 qui
2555 3580 2725 3650 legem
2748 3578 2973 3634 dederat
2998 3589 3056 3634 ut
3083 3580 3310 3634 invicem
3338 3579 3643 3650 diligamus.
3676 3581 3780 3637 De-

2188 3676 2348 3744 nique
2373 3673 2479 3728 alio
2501 3674 2621 3728 loco
2647 3673 2714 3727 ad
2739 3673 2977 3741 eosdem,
3001 3674 3125 3744 quia
3150 3674 3266 3729 sine
3289 3673 3453 3729 dubio
3479 3675 3532 3728 in
3559 3675 3785 3744 quibus-

2187 3767 2308 3822 dam
2351 3782 2538 3822 eorum
2576 3771 2685 3836 jam
2715 3777 2866 3834 erat,
2898 3767 3040 3838 quod
3081 3769 3158 3823 eis
3188 3777 3248 3823 ut
3279 3777 3418 3823 esset
3450 3778 3734 3838 optaverat
3766 3788 3779 3824 :

2190 3858 2392 3913 Gratias
2410 3900 2424 3924 ,
2460 3858 2656 3928 inquit,
2686 3875 2832 3930 agere
2861 3859 3092 3913 debemus
3118 3859 3228 3913 Deo
3255 3876 3443 3930 semper
3476 3877 3569 3928 pro
3599 3863 3778 3928 vobis,

2189 3950 2405 4022 fratres,
2447 3950 2574 4004 sicut
2616 3950 2822 4020 dignum
2867 3960 2937 4004 est
2957 3993 2971 4013 ,
3012 3953 3251 4023 quoniam
3291 3951 3615 4020 supercrescit
3652 3953 3782 4020 ﬁdes

2187 4053 2370 4108 vestra,
2403 4051 2451 4094 et
2476 4040 2698 4094 abundat
2725 4041 2948 4096 charitas
2974 4042 3364 4114 uniuscujusque
3391 4052 3607 4096 vestrum
3631 4041 3686 4095 in
3706 4044 3784 4095 in.

2188 4137 2342 4190 vicem
2363 4135 2430 4207 (Il
2454 4133 2634 4189 Thess.
2659 4150 2698 4201 ι,
2721 4137 2795 4205 5).
2824 4134 2933 4190 Hoc
2954 4135 3106 4201 dixit,
3135 4151 3204 4190 ne
3228 4135 3363 4190 forte
3383 4134 3451 4189 de
3473 4144 3621 4188 tanto
3643 4135 3783 4190 Ιιοιιο

2189 4229 2329 4300 quod
2357 4245 2422 4284 ex
2449 4229 2559 4283 Deo
2584 4227 2867 4293 habebant,
2893 4236 3141 4298 tanquam
3169 4242 3236 4282 ex
3261 4241 3320 4282 se
3345 4227 3474 4297 ipsis
3500 4226 3553 4281 id
3584 4226 3784 4281 haben-

2190 4330 2272 4378 tes
2296 4322 2696 4377 extollerentur.
2719 4320 2871 4388 Quod
2894 4335 3021 4391 ergo
3046 4320 3402 4391 supercrescit
3426 4319 3561 4374 tides
3582 4329 3777 4387 vestra,

2191 4414 2381 4484 inquit,
2413 4421 2470 4469 et
2497 4411 2730 4467 abundat
2759 4412 2993 4466 charitas
3022 4413 3436 4481 uniuscujusque
3463 4422 3700 4466 vestrum
3734 4413 3781 4466 in

2190 4507 2418 4562 invicem
2438 4547 2454 4574 ,
2486 4506 2684 4576 gratias
2711 4519 2872 4575 agere
2899 4504 3154 4560 debemus
3186 4504 3294 4558 Deo
3322 4503 3389 4558 de
3413 4505 3568 4559 vobis
3589 4503 3644 4570 a;
3679 4519 3781 4559 non

2190 4601 2263 4656 ita
2292 4615 2387 4656 vos
2416 4600 2656 4666 laudare,
2689 4607 2938 4669 tanquam
2971 4599 3071 4652 hoc
3099 4596 3342 4652 habeatis
3367 4611 3435 4652 ex
3463 4597 3639 4653 vobis.

2261 4693 2349 4749 59.
2385 4694 2452 4746 Et
2488 4690 2555 4745 ad
2592 4689 2927 4744 Timotheum
2959 4687 3088 4742 dicit
3118 4707 3130 4742 :
3161 4687 3283 4743 Non
3311 4689 3443 4742 enim
3473 4687 3616 4743 dedit
3646 4687 3783 4742 nobis

2189 4783 2330 4840 Deus
2359 4785 2591 4856 spiritum
2616 4784 2831 4849 timoris,
2859 4782 2947 4837 sed
2972 4782 3169 4836 virtutis
3193 4793 3240 4837 et
3263 4782 3525 4837 charitatis
3553 4793 3602 4838 et
3628 4784 3785 4836 conti-

2191 4877 2374 4931 nentia:
2398 4875 2462 4948 (ll
2490 4873 2625 4928 Tim.
2653 4891 2694 4941 ι,
2726 4875 2805 4944 7).
2837 4872 2894 4927 In
2921 4889 3026 4944 quo
3052 4887 3182 4929 sane
3209 4875 3448 4944 Apostoli
3477 4874 3782 4930 testimonio

2190 4981 2382 5022 cavere
2401 4966 2678 5030 debemus,
2704 4980 2771 5020 ne
2791 4979 2888 5018 nos
2909 4964 3229 5018 arbitremur
3247 4980 3352 5019 non
3375 4967 3654 5036 accepisse
3675 4966 3782 5035 spi-

2189 5056 2348 5112 ritum
2377 5055 2583 5109 timoris
2622 5055 2751 5122 Dei,
2782 5053 2923 5124 quod
2953 5055 3068 5109 sine
3101 5054 3264 5109 dubio
3297 5070 3551 5125 maguum
3577 5066 3662 5111 est
3691 5055 3782 5111 Dei

2189 5150 2410 5217 donum,
2433 5150 2501 5205 de
2525 5164 2630 5220 quo
2655 5149 2782 5203 dicit
2806 5149 3065 5220 propheta
3091 5150 3253 5204 Isaias
3276 5167 3288 5202 :
3319 5149 3616 5220 Requiescet
3636 5166 3784 5220 super

2189 5232 2304 5298 eum
2331 5244 2540 5314 spiritus
2569 5243 2828 5312 sapientiae
2855 5252 2905 5296 et
2930 5243 3210 5298 intellectus
3227 5283 3244 5311 ,
3277 5243 3487 5314 spiritus
3511 5245 3714 5299 consilii
3736 5250 3783 5297 et

2189 5335 2518 5406 fortitudinis,
2547 5334 2756 5404 spiritus
2781 5335 3000 5388 scientiae
3027 5343 3074 5387 et
3103 5335 3320 5404 pietatis,
3351 5335 3562 5405 spiritus
3591 5334 3783 5389 timoris

2188 5425 2396 5480 Domini
2429 5425 2589 5498 (Isai.
2622 5443 2700 5494 XI,
2728 5427 2782 5492 2,
2813 5425 2888 5496 5).
2921 5425 3032 5480 Non
3060 5442 3166 5497 quo
3192 5427 3382 5481 timore
3409 5427 3604 5483 Petrus
3629 5427 3781 5482 Chri-

2189 5529 2328 5573 stum
2357 5520 2599 5588 negavit,
2630 5519 2721 5572 sed
2761 5519 2901 5572 illius
2931 5518 3138 5573 timoris
3167 5519 3410 5588 spiritum
3439 5521 3777 5590 accepimus,

2189 5609 2257 5665 de
2285 5626 2392 5680 quo
2419 5609 2547 5664 dicit
2576 5611 2690 5680 ipse
2705 5608 2951 5666 Christus
2984 5629 2996 5665 :
3025 5609 3159 5664 Eum
3180 5611 3366 5678 timete,
3394 5612 3480 5681 qui
3509 5611 3657 5666 habet
3683 5627 3778 5681 po-

2253 5764 2272 5832 f
2307 5769 2357 5812 tn
2379 5765 2714 5827 manuscriptis
2732 5764 2979 5832 IVaticanis
3011 5772 3064 5815 et
3091 5764 3366 5828 Gallicanis,
3390 5774 3483 5819 nos
3507 5763 3772 5832 diligant.

2251 5827 2274 5858 ³
2305 5834 2484 5874 omnes
2501 5825 2634 5885 Mss,
2659 5825 2970 5877 colossenses.

2253 5887 2274 5922 ³
2305 5895 2434 5950 Lov.,
2456 5900 2548 5948 pro
2569 5887 2712 5941 vobis.
2731 5889 2813 5940 Alii
2837 5889 2956 5942 editi
2978 5896 3032 5942 et
3049 5894 3178 5945 ιω..
3199 5889 3262 5942 de
3283 5887 3432 5942 vobis.
