4022 6510
259 598 460 645 tamen
481 594 524 638 et
551 583 773 636 animam
800 588 849 636 et
875 596 1060 650 corpus
1085 580 1292 649 perdere
1321 579 1377 633 in
1403 577 1682 650 gehennam
1705 592 1724 632 :
1749 577 1821 629 ita

258 683 356 738 dico
378 679 526 742 vobis,
553 676 685 730 hunc
712 675 894 730 timete.
917 673 1030 729 Hoc
1053 683 1230 728 autem
1254 671 1406 736 dixit,
1430 687 1498 726 ne
1521 670 1611 726 illo
1633 669 1823 725 timore

257 785 549 844 negaremus
575 784 719 834 eum,
747 781 854 837 quo
880 766 1121 822 turbatus
1147 772 1229 820 est
1255 763 1464 820 Petrus.
1497 761 1650 818 Hunc
1676 761 1820 816 enim

256 866 436 925 auferri
462 861 626 919 voluit
651 877 680 915 a
708 861 882 927 nobis,
913 874 1034 916 cum
1064 858 1213 931 prius
1240 857 1415 913 dixit:
1448 852 1623 910 Nolite
1650 855 1824 908 timere

254 978 327 1016 eos
343 957 422 1027 qui
439 971 619 1025 corpus
639 953 897 1016 occidunt,
915 960 961 1006 et
983 960 1153 1022 postea
1172 963 1275 1004 non
1297 948 1478 1004 habent
1495 945 1616 1016 quid
1632 944 1824 1016 faciant

254 1051 397 1122 (Luc.
431 1065 521 1113 xu,
553 1047 608 1114 5,
639 1047 728 1118 4).
761 1045 928 1116 Hujus
957 1044 1162 1100 timoris
1196 1059 1301 1098 non
1331 1039 1634 1110 accepimus
1659 1035 1820 1108 spiri-

255 1156 378 1208 tum,
406 1143 498 1199 sed
525 1141 736 1196 virtutis
760 1149 815 1196 et
840 1138 1114 1193 charitatis
1141 1147 1196 1193 et
1222 1133 1582 1192 continentiae.
1614 1130 1692 1187 De
1715 1143 1822 1200 quo

250 1238 418 1295 spiritu
448 1236 583 1291 idem
625 1236 738 1304 ipse
777 1232 844 1288 ad
880 1232 1150 1287 Romanos
1184 1229 1258 1286 ait
1288 1248 1301 1284 :
1329 1228 1623 1284 Gloriamur
1649 1225 1705 1278 in
1733 1223 1824 1276 tri-

251 1330 564 1388 bulationibus
583 1345 603 1393 ,'
624 1329 832 1383 scientes
856 1325 1092 1397 quoniam
1114 1323 1370 1378 tribulatio
1391 1318 1684 1392 patientiam
1704 1330 1824 1385 ape-

248 1432 392 1488 rotur,
419 1419 657 1490 patientia
685 1417 1046 1484 probationem,
1077 1413 1305 1487 probatio
1333 1427 1494 1482 spent,
1516 1424 1628 1480 spes
1653 1416 1823 1460 autem

248 1531 336 1570 non
361 1511 621 1580 confundit
651 1526 669 1565 :
693 1511 811 1582 quia
837 1507 1056 1564 charitas
1082 1507 1178 1562 Dei
1206 1503 1394 1572 diffusa
1419 1512 1492 1558 est
1515 1501 1568 1555 in
1589 1498 1823 1554 cordibus

247 1604 413 1660 nostris
432 1619 520 1675 per
547 1602 800 1671 Spiritum
820 1608 1068 1664 sanctum,
1092 1597 1178 1670 qui
1204 1597 1354 1650 datus
1381 1601 1453 1650 est
1482 1591 1624 1646 nobis
1646 1589 1820 1661 (Rom.

247 1711 293 1757 ν.
313 1695 444 1766 5-5).
467 1693 584 1748 Non
608 1693 784 1762 itaque
807 1707 901 1762 per
925 1705 1042 1756 nos,
1067 1689 1158 1746 sed
1187 1704 1282 1760 per
1301 1685 1557 1758 Spiritum
1579 1692 1824 1739 sanctum

245 1787 325 1859 qui
348 1787 498 1842 datus
524 1796 606 1843 est
636 1785 810 1849 nobis,
863 1784 976 1854 ipsa
1003 1783 1263 1838 charitate
1290 1781 1382 1847 ﬁt,
1414 1794 1572 1850 quam
1603 1777 1699 1832 Dei
1729 1776 1824 1829 do-

245 1896 358 1936 num
395 1893 515 1936 esse
555 1877 891 1940 manifestat,
925 1885 983 1930 ut
1017 1874 1284 1930 tribulatio
1319 1887 1423 1928 non
1460 1869 1692 1934 auferat,
1727 1866 1823 1922 sed

242 1972 403 2043 potius
427 1980 682 2042 operetur
713 1968 1036 2040 patientiam.
1066 1966 1146 2022 Ad
1176 1965 1434 2035 Ephesios
1463 1962 1621 2018 etiam
1643 2001 1656 2024 ,
1685 1975 1816 2030 pax,

243 2062 416 2133 inquit,
444 2063 688 2135 fratribus
717 2070 763 2115 et
789 2059 1011 2114 charitas
1035 2074 1151 2112 cum
1173 2057 1294 2127 ﬁde.
1319 2055 1504 2123 Magna
1525 2054 1664 2108 bona
1690 2069 1702 2105 :
1727 2049 1822 2106 sed

241 2155 367 2212 dicat
392 2155 573 2211 unde?
598 2172 630 2208 a
653 2153 780 2216 Deo,
811 2153 1000 2223 inquit,
1029 2149 1186 2204 Patre
1209 2159 1256 2204 et
1285 2148 1498 2203 Domino
1519 2144 1647 2200 Iesu
1671 2143 1821 2199 Chri-

241 2259 307 2303 sto
331 2248 545 2320 (Ephes.
578 2262 652 2314 vr,
682 2245 797 2316 25).
826 2245 967 2316 Ergo
993 2241 1110 2298 haec
1135 2255 1325 2313 magna
1363 2239 1532 2307 bona,
1563 2251 1673 2292 non
1699 2241 1825 2291 sunt

241 2339 330 2394 nisi
357 2339 446 2394 Dei
472 2339 639 2394 dona.

299 2429 521 2487 CAPUT
547 2427 688 2485 XIX.
715 2457 786 2469 —
810 2427 899 2482 40.
931 2425 1036 2481 Sed
1065 2440 1169 2480 non
1196 2431 1280 2479 est
1304 2422 1519 2489 mirum,
1545 2421 1590 2476 si
1619 2420 1706 2475 lux
1734 2419 1821 2474 lu-

240 2530 314 2578 cet
337 2523 385 2576 in
417 2521 658 2578 tenebris
677 2563 691 2586 ,
723 2529 778 2575 et
806 2517 1041 2574 tenebrat
1074 2531 1193 2572 eam
1229 2530 1334 2570 non
1362 2511 1824 2582 comprehendunt

240 2611 401 2686 (Joan.
436 2630 475 2678 ι,
507 2614 586 2684 5).
613 2612 669 2666 ln
695 2611 901 2667 Joanne
929 2610 1016 2665 lux
1041 2609 1191 2676 dicit,
1219 2608 1346 2662 Ecce
1372 2605 1572 2676 qualem
1595 2605 1825 2659 dilectio—

238 2720 340 2760 nem
377 2705 516 2760 dedit
558 2703 700 2758 nobis
738 2702 914 2765 Pater,
947 2712 1002 2755 ut
1043 2699 1139 2771 ﬁlii
1174 2699 1271 2753 Dei
1312 2714 1545 2754 vocemur
1581 2705 1629 2751 et
1665 2697 1824 2752 simus

240 2794 287 2868 (l
310 2795 462 2851 Joan.
498 2813 578 2860 ιιι,
612 2794 688 2867 1).
719 2796 783 2849 Et
815 2793 866 2849 in
894 2792 1192 2863 Pelagianis
1218 2791 1454 2847 tenebras
1481 2789 1699 2854 dicunt,
1729 2788 1825 2842 Di-

237 2885 382 2943 lectio
409 2889 568 2944 nobis
593 2903 664 2943 ex
689 2886 842 2942 nobis
866 2895 966 2940 est.
990 2884 1159 2951 Quam
1185 2885 1229 2938 si
1255 2897 1459 2948 veram,
1488 2880 1542 2935 id
1566 2889 1669 2946 est,
1691 2879 1828 2934 chri-

235 2983 453 3039 stianam
480 2982 827 3038 dilectionem
853 2979 1143 3044 haberent,
1176 2976 1378 3032 scirent
1403 2983 1459 3031 et
1487 2974 1628 3030 unde
1657 2973 1824 3029 habe-

235 3087 378 3142 rent;
407 3075 553 3131 sicut
579 3072 782 3129 sciebat
805 3070 1116 3141 Apostolus,
1143 3068 1233 3139 qui
1259 3067 1486 3132 dicebat,
1519 3064 1632 3120 Nos
1661 3074 1827 3119 autem

235 3183 326 3224 non
351 3170 594 3241 spiritum
619 3167 774 3237 hujus
805 3164 981 3219 mundi
1005 3163 1288 3234 accepimus
1306 3202 1322 3227 ,
1356 3160 1444 3216 sed
1478 3159 1714 3231 spiritum
1741 3159 1826 3230 qui

235 3276 292 3316 es
321 3259 430 3317 Deo
463 3272 572 3327 est,
611 3268 665 3314 ut
703 3258 920 3313 sciamus
957 3272 1071 3327 qua
1101 3272 1133 3309 a
1167 3252 1277 3308 Deo
1312 3252 1502 3307 donata
1530 3259 1648 3306 sunt
1685 3249 1828 3305 nobis

235 3352 273 3422 (l
293 3353 408 3409 Cor.
439 3370 502 3422 ιι,
532 3352 643 3423 12).
674 3349 909 3408 Joannes
933 3348 1082 3415 dicit,
1109 3345 1249 3401 Deus
1272 3343 1475 3400 dilectio
1495 3352 1568 3398 est
1593 3341 1639 3416 (Ι
1665 3341 1824 3398 Joan.

235 3457 302 3510 tv,
330 3444 443 3514 16).
475 3443 548 3498 Ει
573 3441 847 3513 Pelagiani
874 3440 1035 3496 etiam
1065 3438 1240 3509 ipsum
1271 3437 1438 3491 Deum
1463 3451 1571 3490 non
1592 3449 1659 3491 ex
1690 3433 1822 3501 Deo,

233 3535 322 3592 sed
347 3553 416 3593 ex
443 3534 750 3604 semetipsis
777 3532 974 3588 habere
994 3545 1055 3587 se
1072 3529 1297 3585 dicunt:
1322 3538 1379 3584 et
1402 3543 1522 3583 cum
1549 3526 1824 3582 scientiam

234 3628 358 3700 legis
376 3646 446 3686 ex
468 3630 580 3684 Deo
602 3626 757 3683 nobis
779 3641 899 3682 esse
923 3623 1209 3692 fateantur,
1239 3622 1552 3678 cbaritatem
1579 3635 1644 3675 ex
1672 3619 1826 3675 nobis

232 3721 356 3792 ipsis
377 3723 593 3778 volunt.
618 3719 728 3776 Nec
751 3718 975 3774 audiunt
998 3715 1313 3786 Apostolum
1333 3713 1619 3777 dicentem,
1647 3709 1827 3767 Scien-

232 3813 296 3867 tia
316 3815 493 3884 inﬂat,
522 3812 745 3866 charitas
773 3819 940 3865 autem
963 3807 1184 3877 wdiﬁcat
1209 3806 1260 3879 (Ι
1287 3803 1407 3862 Cor.
1436 3819 1548 3867 vui,
1581 3800 1658 3876 1).
1689 3801 1828 3870 Quid

228 3915 307 3961 est
343 3906 582 3976 ineptius
601 3944 619 3972 ,
649 3904 758 3959 imo
780 3918 909 3959 vero
933 3901 1062 3973 quid
1093 3910 1176 3957 est
1209 3900 1508 3965 amantius,
1537 3906 1592 3954 et
1619 3898 1687 3954 ab
1714 3897 1827 3966 ipsa

229 4001 515 4056 sanctitate
550 3997 824 4052 charitatis
856 3997 1119 4064 alienius,
1149 4010 1310 4066 quam
1337 3991 1583 4050 conﬁteri
1612 4007 1679 4046 ex
1717 3990 1828 4044 Deo

229 4108 344 4151 esse
375 4091 682 4157 scientiam,
711 4105 830 4160 quae
861 4090 977 4145 sine
1006 4087 1265 4144 cbaritate
1299 4086 1468 4153 inﬂat,
1496 4094 1552 4140 et
1578 4101 1646 4140 ex
1672 4082 1828 4139 nobis

231 4202 344 4244 esse
368 4184 710 4249 charitatem,
733 4199 852 4254 qua:
878 4181 1003 4238 facit
1025 4191 1084 4236 ut
1107 4180 1327 4236 scientia
1355 4179 1540 4234 inﬂare
1566 4194 1672 4233 non
1694 4191 1826 4249 pos-

229 4281 329 4337 sit?
363 4281 505 4337 ltem
532 4293 653 4333 cum
680 4276 824 4332 dicat
851 4274 1166 4346 Apostolus,
1195 4272 1642 4344 supereminentem
1667 4271 1830 4324 scien-

230 4376 310 4431 tia
336 4374 641 4431 charitatem
671 4370 858 4427 Christi
885 4369 1114 4439 (Ep/tes.
1145 4385 1222 4435 ιιι,
1254 4366 1392 4438 19);
1423 4367 1552 4438 quid
1578 4375 1660 4422 est
1690 4367 1831 4422 insa-

231 4465 351 4521 nius
369 4507 386 4531 ,
417 4479 580 4534 quam
612 4472 801 4533 putare
827 4477 893 4516 ex
933 4461 1042 4515 Deo
1075 4475 1194 4516 esse
1221 4459 1529 4524 scientiam,
1558 4474 1678 4530 quas
1705 4459 1832 4514 sub-

231 4557 408 4614 denda
437 4565 524 4612 est
549 4553 814 4619 charitati,
847 4562 901 4608 et
925 4568 988 4607 ex
1021 4551 1324 4608 hominibus
1349 4550 1686 4618 charitatem,
1709 4566 1832 4621 qua:

233 4650 603 4722 supereminet
639 4646 916 4703 scientias?
946 4644 1109 4700 Fides
1141 4655 1319 4700 autem
1349 4658 1478 4700 vera
1505 4652 1561 4698 et
1590 4642 1832 4698 doctrina

175 4730 178 4733 ’
231 4757 357 4798 sana
389 4742 580 4797 ambas
605 4755 724 4796 esse
758 4739 884 4794 dicit
912 4755 980 4794 ex
1012 4738 1154 4806 Deo,
1186 4738 1310 4808 quia
1351 4737 1611 4807 scriptum
1644 4744 1756 4805 est,
1788 4736 1834 4790 A

232 4835 359 4906 facie
388 4837 504 4908 ejus
531 4835 740 4890 scientia
769 4842 816 4888 et
843 4833 1126 4888 intellectus
1163 4832 1387 4906 procedit
1421 4831 1609 4903 (Prov.
1640 4847 1700 4897 ιι,
1729 4848 1831 4887 sec.

230 4927 402 4998 LXX)
434 4947 448 4982 :
480 4929 734 4998 scriptum
761 4935 877 4991 est,
908 4923 1142 4981 Charitas
1166 4943 1230 4981 ea:
1257 4925 1367 4980 Deo
1393 4935 1464 4980 est
1491 4925 1541 4998 (l
1565 4925 1722 4980 Joan.
1755 4941 1832 4996 tv,

231 5019 306 5094 7).
342 5021 416 5077 Et
443 5021 672 5092 legimus
690 5063 706 5086 ,
736 5021 989 5091 Spiritum
1014 5021 1236 5076 scientia:
1263 5030 1310 5075 et
1338 5019 1536 5092 pietatis
1561 5019 1725 5092 (Isai.
1755 5035 1835 5089 ιι,

230 5114 286 5187 2)
317 5134 331 5170 :
364 5115 616 5186 legimus,
647 5114 898 5184 Spiritum
928 5113 1122 5168 virtutis
1145 5121 1193 5167 et
1217 5113 1478 5167 charitatis
1505 5122 1550 5166 et
1574 5114 1836 5167 continen-

231 5207 315 5261 tite
337 5207 411 5278 (ιι
443 5205 579 5260 Tim.
607 5222 644 5270 ι,
672 5207 749 5276 7).
776 5206 880 5262 Sed
903 5205 1074 5276 majus
1097 5213 1181 5260 est
1201 5203 1399 5260 donum
1425 5205 1657 5260 charitas
1677 5220 1836 5276 quam

233 5299 465 5355 scientia
494 5316 507 5352 :
531 5312 654 5352 nam
677 5297 894 5352 scientia
917 5296 1132 5367 quando
1157 5305 1239 5352 est
1266 5297 1318 5350 in
1345 5295 1580 5362 homine,
1605 5295 1839 5351 charitas

233 5399 319 5446 est
347 5388 680 5456 necessaria,
711 5403 779 5444 ne
807 5387 1056 5455 inﬂetur;
1086 5389 1309 5443 charitas
1337 5398 1515 5444 autem
1547 5403 1652 5444 non
1677 5403 1840 5443 temu«

235 5483 397 5548 latur,
431 5499 533 5536 non
559 5481 662 5553 agit
689 5498 983 5553 perperam,
1011 5499 1115 5536 non
1141 5481 1353 5553 inﬂatur
1381 5480 1436 5554 (ι
1459 5479 1579 5537 Cor.
1614 5497 1732 5544 xm,
1758 5481 1834 5552 4).

309 5572 544 5630 CAPUT
582 5572 704 5629 XX.
731 5602 804 5614 —
834 5573 924 5628 41.
960 5573 1102 5629 Satis
1142 5588 1227 5629 me
1269 5573 1569 5643 disputasse
1610 5572 1839 5628 arbitror

235 5677 503 5732 adversus
532 5687 626 5728 eos
645 5673 734 5744 qui
760 5669 988 5742 gratiam
1016 5668 1113 5723 Dei
1139 5668 1485 5724 vehementer
1507 5675 1836 5738 oppugnant,

241 5785 345 5840 qua
371 5769 623 5822 voluntas
647 5765 880 5820 humana
911 5779 1017 5818 non
1048 5762 1268 5828 tollitur,
1297 5762 1388 5817 sed
1415 5776 1481 5818 ex
1507 5762 1644 5817 mala
1670 5770 1842 5817 muta-

239 5869 329 5917 tur
366 5860 423 5915 in
463 5858 689 5920 bonam,
724 5865 777 5910 et
811 5870 932 5910 cum
969 5855 1105 5908 bona
1141 5851 1302 5907 fuerit
1339 5852 1652 5923 adjuvatur;
1682 5862 1732 5908 et
1764 5851 1843 5909 sic

241 5957 573 6028 disputasse.
604 5960 662 6006 ut
685 5968 790 6005 non
820 5949 985 6020 magis
1016 5962 1134 6019 ego.
1167 5963 1323 6019 quam
1353 5947 1528 6005 divina
1556 5947 1672 6018 ipsa
1693 5945 1840 6007 seri.

535 6046 760 6112 Sutor.
805 6045 1083 6107 Aususr.
1113 6043 1173 6111 Χ

1651 458 1853 517 LIBER
1889 457 2091 516 UNUS.

3410 467 3518 526 906

1930 583 2081 644 ptura
2119 573 2392 630 vobiscum
2427 574 2604 630 locuta
2642 573 2714 631 sit
2748 573 3160 631 evidentissimis
3199 577 3520 636 testimoniis

1927 665 2168 721 veritatis
2194 685 2209 722 :
2240 681 2359 735 qua:
2384 664 2655 737 Scriptura
2679 665 2859 722 divina
2888 667 2933 722 si
2959 667 3244 740 diligenter
3265 669 3517 743 inspicia-

1931 764 2044 824 tur,
2075 757 2308 813 ostendit
2346 773 2452 813 non
2493 758 2666 813 solum
2703 757 2872 815 bonas
2909 759 3185 815 hominum
3217 761 3521 818 voluntates

1927 864 2061 920 quas
2084 850 2198 920 ipse
2225 849 2349 906 facit
2373 867 2440 906 ex
2469 851 2642 918 malis,
2674 860 2729 908 et
2751 867 2782 906 a
2811 867 2872 908 se
2901 851 3068 909 factas
3093 853 3262 910 bonas
3289 854 3344 910 in
3367 865 3523 911 actus

1928 941 2100 999 bonos
2128 952 2182 1000 et
2211 944 2262 999 in
2294 955 2550 1000 aeternam
2576 944 2756 1016 dirigit
2782 945 2967 1013 vitam,
2997 961 3183 1002 verum
3210 948 3370 1003 etiam
3402 947 3523 1004 illas

1927 1051 2048 1108 quze
2073 1047 2395 1093 conservant
2421 1037 2498 1110 (a)
2527 1038 2708 1094 saeculi
2737 1049 3035 1095 creaturam
3053 1083 3069 1108 ,
3097 1040 3169 1096 ita
3197 1055 3320 1098 esse
3345 1040 3400 1096 in
3427 1039 3525 1095 Dei

1929 1139 2212 1201 potestate,
2241 1141 2301 1186 ut
2323 1128 2417 1187 éas
2441 1148 2552 1203 quo
2580 1133 2826 1201 voluerit,
2851 1133 3064 1204 quando
3087 1133 3332 1198 voluerit,
3363 1132 3526 1189 faciat

1928 1223 2194 1292 'mclinari,
2226 1224 2309 1280 vel
2339 1224 2406 1280 ad
2445 1224 2703 1282 beneﬁcia
2733 1225 3054 1297 quibusdam
3085 1224 3408 1296 praestanda,
3437 1241 3523 1282 ve.

1927 1315 1995 1379 ad
2022 1331 2209 1386 puellas
2237 1315 2552 1387 quibusdam
2593 1316 2942 1388 ingerendas,
2974 1318 3110 1373 sicut
3144 1317 3260 1388 ipse
3286 1317 3520 1388 judicat,
3555 1310 3568 1386 ἱ

1927 1410 2288 1466 occultissimo
2311 1410 2525 1482 quidem
2550 1409 2772 1482 judicio,
2795 1411 2888 1466 sed
2914 1411 3028 1467 sine
3055 1411 3160 1466 ulla
3188 1410 3522 1467 dubitatione
3549 1461 3552 1464 .

1923 1501 2240 1573 justissimo.
2272 1503 2404 1559 Nam
2434 1504 2737 1560 invenimus
2764 1503 2938 1575 aliqua
2973 1513 3188 1574 peccata
3217 1503 3377 1558 etiam
3405 1518 3524 1574 ptn-
3548 1485 3557 1504 τ

1927 1608 2024 1648 nas
2061 1609 2182 1650 esse
2219 1594 2442 1650 aliorum
2481 1602 2822 1665 peccatorum
2853 1610 2866 1648 :
2900 1593 3038 1649 sicut
3071 1602 3196 1648 sunt
3230 1609 3356 1649 vasa
3394 1593 3523 1661 iraa,

1927 1702 2045 1757 qua:
2072 1686 2302 1757 perfecta
2324 1687 2452 1742 dicit
2472 1689 2761 1758 Apostolus
2783 1687 2836 1742 in
2861 1687 3216 1757 perditionem
3243 1687 3418 1760 (Rom.
3442 1702 3524 1754 Ix,

1926 1778 2019 1851 2'2)
2051 1798 2064 1834 :
2094 1781 2230 1836 sicut
2256 1789 2339 1836 est
2366 1779 2633 1837 induratio
2659 1780 2974 1848 Pharaonis,
3000 1780 3153 1852 cujus
3180 1792 3236 1837 et
3259 1796 3419 1837 causa
3446 1780 3528 1836 di-

1927 1875 2083 1942 citur,
2111 1874 2179 1930 ad
2204 1875 2587 1930 ostendendam
2615 1875 2668 1930 in
2693 1874 2787 1930 illo
2811 1875 3059 1929 virtutem
3088 1873 3181 1929 Dei
3205 1873 3399 1948 (Exod.
3424 1889 3522 1940 vn,

1927 1969 1980 2034 5,
2009 1978 2056 2022 et
2077 1985 2131 2034 χ,
2157 1968 2214 2038 1)
2239 1987 2253 2023 :
2277 1968 2415 2024 sicut
2434 1978 2518 2024 est
2542 1967 2665 2039 fuga
2687 1966 3045 2023 lsraelitarum
3071 1983 3101 2021 a
3128 1966 3265 2022 facie
3289 1965 3527 2021 hostium

1926 2059 1994 2116 de
2019 2061 2233 2116 civitate
2253 2059 2353 2116 Gai
2373 2060 2466 2124 ;‘in
2495 2059 2676 2114 animo
2700 2059 2843 2114 enim
2872 2057 3043 2113 factus
3063 2066 3147 2114 est
3167 2059 3328 2112 timor
3353 2067 3413 2112 ut
3438 2055 3526 2113 fu-

1925 2161 2134 2226 gerent,
2158 2161 2212 2208 et
2237 2152 2340 2208 hoc
2367 2151 2566 2207 factum
2587 2163 2668 2206 est
2691 2161 2751 2206 ut
2775 2151 3137 2206 vindicaretur
3163 2158 3438 2220 peccatum
3464 2155 3522 2205 et

1926 2244 2116 2310 modo,
2143 2259 2250 2314 quo
2278 2243 2448 2299 fuerat
2478 2241 2855 2297 vindicandum
2886 2259 2899 2295 :
2933 2241 3073 2297 unde
3101 2241 3232 2296 dicit
3265 2241 3526 2296 Dominus

1926 2337 1993 2391 ad
2013 2335 2194 2392 Jesum
2215 2334 2382 2398 Nave,
2408 2333 2531 2388 Non
2559 2343 2793 2404 poterunt
2813 2334 2911 2403 ﬁlii
2934 2333 3101 2388 Israel
3124 2333 3390 2389 subsistere
3408 2342 3528 2387 ante

1927 2429 2108 2500 faciem
2131 2429 2149 2461 ⁸
2178 2429 2497 2482 inimicorum
2523 2444 2732 2482 suorum
2761 2427 2958 2499 (Josue
2989 2442 3063 2483 vn
3085 2469 3100 2494 ,
3130 2428 3195 2496 4,
3229 2426 3355 2499 12).
3387 2427 3524 2495 Quid

1927 2535 2010 2581 est
2029 2566 2043 2590 ,
2077 2524 2196 2578 Non
2226 2531 2459 2593 poterunt
2492 2520 2798 2576 subsistere?
2823 2519 3002 2589 Quare
3028 2535 3136 2575 non
3167 2519 3528 2576 subsistebant

1926 2631 2025 2688 per
2054 2615 2280 2670 liberum
2313 2613 2590 2668 arbitrium
2612 2653 2628 2681 ,
2658 2611 2753 2667 sed
2786 2627 2882 2682 per
2910 2613 3155 2668 timorem
3188 2611 3397 2668 turbata
3425 2627 3526 2667 vo-

1928 2709 2133 2765 luntate
2156 2708 2460 2780 fugiebant;
2490 2709 2592 2764 nisi
2616 2709 2738 2779 quia
2767 2708 2905 2766 Deus
2931 2708 3237 2764 dominatur
3261 2718 3316 2766 et
3339 2709 3530 2765 volun-

1929 2805 2124 2859 tatibus
2151 2803 2450 2870 hominum,
2479 2812 2534 2860 et
2559 2819 2696 2875 quos
2719 2805 2831 2860 vult
2860 2805 2911 2860 in
2937 2803 3276 2861 formidinem
3302 2820 3530 2862 conver-

1930 2897 1993 2953 tit
2013 2897 2218 2952 iratus?
2242 2896 2509 2967 Numquid
2539 2913 2645 2952 non
2678 2897 2861 2953 hostes
2884 2895 3245 2953 lsraelitarum
3271 2898 3529 2954 adversus

1927 2990 2181 3062 populum
2211 2990 2340 3056 Dei,
2371 3004 2532 3058 quem
2559 2988 2790 3044 ducebat
2812 2988 2969 3046 Iesus
2996 2989 3176 3058 Nave,
3207 3005 3300 3046 sua
3335 2991 3527 3046 volun-

1931 3091 2037 3137 tate
2061 3081 2389 3152 pugnarunt?
2411 3081 2478 3136 Et
2501 3091 2676 3136 tamen
2698 3081 2828 3136 dicit
2848 3081 3144 3152 Scriptura,
3167 3083 3289 3152 quia
3313 3099 3402 3154 per
3422 3083 3531 3138 Do-

1928 3175 2121 3230 minum
2147 3175 2337 3245 factum
2361 3183 2434 3230 est
2458 3175 2736 3246 confortari
2759 3191 2847 3229 cor
2874 3190 3068 3242 eorum,
3098 3184 3155 3230 ut
3178 3175 3373 3230 obviam
3398 3176 3532 3231 irent

1928 3267 1998 3322 ad
2021 3265 2208 3320 bellum
2235 3264 2304 3319 ad
2330 3264 2526 3332 Israel,
2557 3275 2613 3320 ut
2642 3267 3098 3322 exterminarentur
3121 3265 3246 3338 (1d.
3275 3283 3330 3323 ιι
3349 3309 3364 3334 ,
3394 3267 3529 3341 20).

1928 3355 2197 3427 Numquid
2223 3371 2330 3412 non
2358 3371 2453 3412 sua
2480 3357 2754 3413 voluntate
2781 3357 2944 3413 homo
2971 3359 3244 3429 improbus
3263 3357 3404 3414 ﬁlius
3425 3359 3533 3416 Ge-

1929 3457 2060 3512 mini
2093 3457 2447 3514 maledicebat
2483 3457 2595 3528 regi
2628 3457 2838 3512 David?
2866 3456 2937 3512 Et
2965 3466 3141 3514 tamen
3170 3457 3297 3528 quid
3324 3457 3400 3513 ait
3429 3457 3533 3512 Da-

1928 3550 2040 3618 vid,
2069 3551 2260 3622 plenus
2283 3566 2410 3606 vera
2439 3559 2492 3607 et
2515 3552 2618 3606 alta
2648 3560 2702 3606 et
2729 3552 2813 3621 pia
2840 3551 3176 3621 sapientia’?
3200 3552 3326 3623 quid
3354 3551 3428 3606 ait
3453 3551 3531 3608 illi

1930 3643 2020 3712 qui
2046 3643 2454 3700 maledicentem
2483 3651 2762 3712 percutere
2786 3642 2986 3698 voluit?
3009 3641 3145 3710 Quid
3165 3643 3309 3711 mihi,
3337 3643 3528 3714 inquit,

1929 3743 1976 3789 et
2000 3734 2159 3803 vobis,
2183 3734 2280 3805 ﬁlii
2307 3734 2544 3792 Serviat?
2574 3733 2822 3788 Dimittite
2847 3751 2984 3802 eum,
3017 3745 3064 3789 et
3091 3735 3392 3801 maledicat;
3414 3737 3534 3806 quia

1930 3822 2181 3880 Dominus
2212 3826 2343 3881 dixit
2380 3825 2458 3879 illi
2497 3825 2795 3880 maledicere
2832 3823 3018 3879 Dauid.
3056 3824 3124 3878 ιιι
3152 3827 3262 3897 quis
3291 3827 3420 3881 dicet
3449 3827 3496 3881 ei
3515 3869 3530 3893 ,

1935 3917 2106 3983 Quare
2124 3919 2285 3992 fecisti
2306 3919 2378 3974 sic
2396 3917 2422 3972 ?
2443 3917 2646 3974 Deinde
2666 3918 2940 3988 Scriptura
2963 3918 3145 3973 divina
3174 3919 3383 3990 plenam
3407 3935 3534 3975 sen-

1933 4011 2153 4066 tentiam
2181 4012 2322 4082 regis
2349 4011 2498 4066 velut
2523 4012 2590 4066 ab
2618 4012 2726 4067 alio
2757 4012 2908 4067 initio
2938 4013 3231 4081 repetendo
3255 4029 3536 4070 commen-

1932 4101 2068 4157 dans
2094 4121 2108 4157 :
2139 4100 2209 4156 Et
2238 4102 2386 4170 dixit,
2415 4104 2608 4174 inquit,
2641 4103 2809 4158 Dauid
2836 4104 2904 4158 ad
2933 4104 3117 4158 Abessa
3141 4105 3162 4136 ³
3189 4115 3234 4160 et
3265 4107 3333 4161 ad
3359 4124 3535 4163 omnes

1933 4214 2113 4270 pueros
2131 4198 2240 4270 ejus
2259 4214 2278 4253 :
2296 4197 2427 4252 Ecce
2442 4199 2579 4268 ﬁlius
2599 4214 2738 4254 meus
2757 4200 2843 4269 qui
2858 4199 2979 4253 exiit
2995 4201 3059 4252 de
3079 4209 3220 4253 utero
3237 4217 3379 4268 meo;
3395 4217 3533 4270 quas

1932 4290 1999 4344 rit
2019 4290 2243 4344 animam
2265 4307 2449 4358 meam,
2473 4299 2520 4344 et
2540 4289 2709 4343 adhuc
2729 4289 2877 4343 modo
2899 4288 3038 4358 ﬁlius
3062 4287 3261 4344 Gemini
3280 4289 3343 4346 ‘?
3367 4291 3534 4347 Sinite

1931 4382 2102 4448 illum,
2129 4381 2417 4447 maledicat,
2449 4381 2690 4452 quoniam
2719 4380 2847 4436 dixit
2875 4380 2951 4434 illi
2984 4379 3248 4446 Dominus,
3282 4392 3336 4436 ut
3365 4383 3532 4439 videat

1934 4475 2182 4529 Dominus
2202 4474 2535 4528 humilitatem
2558 4491 2737 4539 meum,
2764 4483 2810 4527 et
2832 4472 3073 4527 retribuat
3089 4473 3110 4505 ⁸
3137 4474 3261 4527 mihi
3284 4474 3413 4528 bona
3439 4493 3532 4547 pro

1934 4567 2201 4621 maledicto
2223 4566 2331 4637 ejus
2355 4567 2407 4620 in
2435 4565 2517 4620 die
2539 4565 2636 4620 isto
2658 4562 2720 4636 (ιι
2751 4565 2881 4636 Reg.
2911 4581 3023 4630 xvr,
3047 4564 3227 4638 5-12).
3252 4566 3532 4632 Quomodo

1936 4658 2131 4715 dixerit
2159 4659 2414 4715 Dominus
2441 4659 2565 4714 huic
2596 4659 2794 4714 homini
2827 4659 3148 4716 maledicere
3180 4659 3376 4729 David,
3409 4663 3530 4733 quis

1937 4754 2150 4823 sapiens
2168 4761 2222 4808 et
2242 4752 2535 4823 intelliget?
2555 4751 2668 4807 Non
2691 4753 2831 4807 enim
2855 4751 3092 4823 jubendo
3114 4751 3264 4820 dixit,
3291 4754 3380 4808 ubi
3403 4755 3531 4811 ohe~

1937 4846 2137 4902 dientia
2159 4845 2499 4913 laudaretur;
2528 4844 2621 4900 sed
2647 4844 2790 4916 quod
2817 4844 2935 4915 ejus
2961 4844 3285 4902 voluntatem
3315 4849 3535 4919 proprio

1938 4937 2068 4993 vitio
2091 4953 2189 4993 suo
2218 4936 2409 4993 malam
2440 4937 2494 4992 in
2521 4936 2623 4992 hoc
2660 4945 2936 5008 peccatum
2961 4936 3164 5007 judicio
3189 4954 3287 4994 suo
3311 4939 3456 5010 justo
3482 4949 3537 4997 et

1939 5030 2149 5086 occulto
2176 5028 2480 5096 inclinavit,
2515 5028 2637 5084 ideo
2662 5028 2859 5084 dictum
2886 5037 3001 5098 est,
3031 5029 3160 5084 dixit
3187 5032 3232 5085 ei
3262 5030 3531 5087 Dominus.

1937 5120 2071 5179 Nam
2103 5123 2148 5179 si
2176 5122 2382 5194 jubeuti
2412 5123 2834 5194 obtemperasset
2861 5123 2999 5192 Deo,
3035 5123 3330 5180 laudandus
3361 5128 3536 5196 potius

1941 5233 2100 5290 quam
2135 5215 2436 5289 puniendus
2464 5217 2810 5284 esset,sicut
2847 5231 2912 5272 ex
2948 5216 3051 5272 hoc
3091 5225 3311 5289 peccato
3350 5227 3532 5288 postea

2007 5393 2040 5466 ι·
2060 5393 2214 5454 Editi,
2256 5404 2288 5442 a
2307 5389 2452 5457 facie.
2495 5391 2803 5442 Oorbeiensis
2822 5396 2932 5444 lss.
2958 5398 3011 5443 et
3030 5390 3127 5442 duo
3162 5391 3390 5454 Vaticani,
3427 5398 3536 5444 ante

1940 5455 2368 5590 “ignaua
2384 5524 2485 5590 3‘39
2509 5521 2559 5590 ες
2573 5515 2672 5590 qua
2692 5515 2962 5590 εαρξεηεεας
2983 5515 3177 5590 omissa
3194 5515 3378 5590 -4?“-

2010 5581 2032 5613 ³
2063 5579 2199 5639 aditi,
2221 5578 2285 5628 ad
2314 5577 2486 5630 Abisui.
2509 5584 2564 5628 Et
2583 5585 2714 5638 Mss,
2733 5577 2796 5629 (id
2844 5577 2992 5628 .bessa
3013 5586 3100 5629 :ut
3122 5580 3170 5628 in
3194 5577 3321 5628 LXX.

2007 5641 2030 5675 ⁸
2060 5642 2132 5691 sic
2177 5641 2488 5704 manusm'ipti
2527 5640 2776 5704 Gallicani,
2825 5642 3032 5704 Vaticani
3083 5647 3134 5689 et
3156 5640 3350 5704 ‘Belgici
3396 5641 3534 5703 juxta

1944 5716 2159 5817 meum
2181 5708 2288 5751 Lxx
2307 5737 2322 5761 ,
2450 5701 2747 5774 prosétijtun
2764 5700 2798 5753 o
2820 5700 2923 5774 uias
2945 5702 3026 5754 tori
3051 5700 3217 5754 Iemini
3260 5700 3379 5753 Editi
3397 5700 3535 5754 lere-

2046 5773 2081 5817 t.
2106 5770 2281 5817 quanto
2294 5777 2447 5817 mutas
2466 5764 2545 5815 hic
2568 5764 2698 5817 ﬁlius
2715 5773 2914 5816 aenum.

2046 5770 2285 5836 t,7quanto
2294 5763 2545 5836 mugisltic
2567 5763 2698 5829 [ilius
2715 5763 2914 5816 Gemini.

2008 5827 2031 5861 ⁵
2067 5825 2192 5887 Mss,
2216 5825 2462 5877 retribuet.

1965 5887 2088 6007 mg:
2117 5887 2574 6007 mw“
2609 5895 2817 6002 (ειιῗει,
2852 5896 3103 5942 exomant.
3130 5892 3246 5942 \ide
3296 5890 3534 5943 Element.

2091 5980 2129 6007 ..
2295 5983 2307 5998 .
2394 5979 2414 6007 .
2755 5989 2766 6001 .

2060 5945 2129 6016 in,
2163 5961 2307 6015 pagg.
2330 5945 2414 6014 91,
2441 5945 2520 6001 02.
2711 5960 2766 6002 bl.

2736 6040 3212 6120 (Viam-neut.)
