4022 6468
232 545 243 572 ‘
287 548 418 605 Item
447 541 603 619 pauto
639 549 754 619 post
787 567 800 604 :
832 548 982 605 Sicut
1003 567 1104 606 non
1132 553 1462 624 probaverunt
1506 547 1667 609 Deum
1693 553 1874 610 habere

285 641 336 697 in
366 641 619 708 notitiam,
651 625 863 697 tradidit
887 645 1004 698 illos
1035 627 1172 700 Deus
1193 649 1244 700 in
1273 650 1538 718 reprobam
1566 658 1800 713 mentem,
1821 660 1876 703 ut

285 729 478 815 faciant
521 749 634 805 quae
662 752 761 789 non
790 738 1092 792 conveniunt
1131 735 1304 809 (Rom.
1348 757 1384 806 ι,
1414 741 1504 810 24,
1536 739 1626 807 26,
1656 742 1771 815 28).
1807 739 1876 797 Et

283 821 356 881 ad
378 813 887 884 Thessalonicenses
914 829 968 884 in
1009 829 1243 900 Epistula
1289 833 1521 888 secunda
1562 835 1635 888 ait
1659 813 1733 889 de
1752 835 1870 905 qui-

282 915 509 976 busdam
538 937 558 974 :
591 919 697 975 Pro
736 921 794 992 eo
835 923 974 992 quod
1002 922 1319 979 dilectionem
1353 927 1578 981 veritatis
1608 944 1707 980 non
1734 944 1871 981 rece-

281 1021 484 1083 perunt,
515 1021 571 1066 ut
598 1012 729 1067 salvi
761 1013 957 1084 ﬁerent,
989 1025 1040 1070 et
1067 1017 1179 1072 ideo
1205 1015 1364 1072 mittet
1391 1017 1498 1074 illis
1525 1018 1661 1074 Dens
1685 1037 1868 1090 opera-

280 1104 466 1158 tionem
497 1107 703 1171 erroris,
731 1115 786 1160 ut
815 1105 1022 1162 credant
1052 1109 1335 1176 mendacio,
1362 1119 1417 1164 ut
1449 1109 1739 1179 iudicentur
1763 1128 1871 1166 om-

278 1209 364 1249 nes
414 1197 503 1263 qui
559 1213 661 1251 non
719 1197 1036 1254 crediderunt
1085 1201 1283 1255 veritati
1299 1218 1319 1268 ,°
1379 1201 1470 1257 sed
1513 1213 1870 1259 consenserunt

278 1283 540 1357 iniquitati
567 1285 648 1357 (ῐῖ
675 1281 864 1344 ΤΙιεεσ.
899 1306 954 1357 ιι,
991 1289 1078 1360 i0,
1113 1293 1225 1363 11).

346 1373 437 1434 £3.
482 1379 576 1435 His
603 1389 657 1436 ct
694 1379 888 1438 talibus
927 1383 1248 1442 testimoniis
1288 1385 1588 1443 divinorum
1630 1387 1870 1460 eloquio-

275 1475 416 1537 rum,
447 1481 566 1542 q’ua:
613 1475 792 1528 Omnia
833 1489 1256 1534 commemorare
1299 1480 1458 1536 nimis
1506 1481 1722 1554 longum
1763 1489 1864 1552 est,

274 1561 428 1630 satis,
456 1571 714 1633 quantum
744 1565 1016 1634 existimo,
1043 1569 1433 1636 manifestatur,
1461 1574 1672 1643 aperari
1700 1567 1865 1629 Deum

274 1651 328 1707 in
353 1652 603 1709 cerdibus
637 1649 909 1712 hominum
947 1659 1013 1714 ad
1052 1659 1384 1716 inclinandus
1408 1677 1593 1718 eorum
1626 1665 1868 1721 volunta-

274 1749 358 1802 tes
384 1751 721 1826 quocumque
751 1751 1002 1818 voluerit,
1030 1753 1144 1808 sive
1170 1753 1236 1809 ad
1274 1755 1411 1810 bona
1448 1771 1545 1826 pro
1568 1773 1660 1812 sua
1705 1760 1869 1814 misc-

270 1819 525 1905 ricordia,
576 1819 690 1897 sive
736 1839 802 1897 ad
842 1844 979 1897 maia
1034 1860 1130 1914 pro
1181 1846 1384 1900 meritis
1430 1861 1634 1914 eorum,
1663 1847 1866 1918 judicio

271 1927 456 2003 utique
483 1947 583 1988 suo
607 1933 896 2004 aliquando
920 1946 1127 2005 aperto,
1157 1936 1442 2006 aliquando
1469 1940 1698 2005 occulto,
1724 1955 1865 1996 sem-

271 2039 368 2094 per
391 2033 571 2081 tamen
601 2025 768 2095 justo.
799 2023 987 2082 Fixum
1010 2028 1151 2084 enim
1177 2030 1338 2086 debet
1362 2046 1482 2086 esse
1509 2043 1562 2089 et
1593 2035 1865 2091 immobile

269 2116 324 2172 in
351 2117 515 2172 corde
544 2129 745 2187 vestro,
784 2121 904 2192 quia
954 2136 1060 2176 non
1105 2131 1189 2177 est
1232 2123 1483 2194 iniquitas
1513 2125 1656 2196 apud
1697 2128 1862 2182 Deum

271 2207 447 2282 (nam.
483 2225 562 2275 rx,
595 2209 706 2283 14).
740 2212 817 2266 Ac
845 2223 942 2283 per
970 2214 1070 2269 hoc
1099 2215 1313 2285 quando
1351 2216 1526 2288 legitis
1568 2217 1618 2273 in
1647 2218 1863 2274 Litteris

268 2302 530 2368 Veritatis,
559 2315 590 2357 a
624 2301 733 2359 Deo
760 2303 941 2361 seduci
972 2305 1236 2375 homines,
1257 2311 1361 2363 aut
1390 2295 1610 2365 obtundi
1651 2312 1734 2366 vel
1763 2311 1864 2366 οὓσ-

267 2393 450 2449 durari
471 2395 634 2450 corda
665 2407 874 2466 eorum,
903 2398 1066 2454 nolite
1087 2399 1332 2456 dubitare
1357 2403 1700 2472 praecessisse
1722 2402 1861 2458 mala

267 2486 458 2540 merita
483 2501 691 2554 eorum,
722 2489 778 2543 ut
798 2489 939 2560 juste
970 2491 1070 2546 ista
1101 2493 1412 2563 paterentur
1437 2513 1451 2548 :
1482 2511 1549 2550 ne
1577 2495 1862 2552 incurratis

265 2577 322 2634 in
351 2578 481 2634 illud
512 2582 848 2650 proverbium
892 2581 1216 2654 Salomonis,
1250 2583 1556 2659 [nsipientia
1585 2589 1682 2643 viri
1709 2589 1860 2644 violat

264 2674 376 2728 vias
412 2673 542 2744 ejus,
577 2669 741 2730 Deum
789 2689 956 2733 autem
982 2689 1219 2734 causatur
1260 2681 1312 2736 in
1359 2684 1510 2738 corde
1550 2683 1641 2739 suo
1677 2681 1856 2759 (Prov.

264 2779 377 2830 nx,
407 2767 486 2838 3).
515 2767 697 2823 Gratia
724 2785 850 2825 vero
880 2787 986 2826 non
1017 2765 1311 2829 secundum
1354 2775 1541 2831 merita
1585 2779 1858 2833 hominum

263 2858 444 2928 datur,
478 2861 709 2933 alioquin
751 2865 919 2934 gratia
957 2865 1068 2936 jam
1102 2883 1206 2923 non
1239 2879 1320 2925 est
1358 2871 1527 2941 gratia
1576 2871 1753 2943 (Rom.
1783 2890 1856 2936 ιιι,

265 2947 510 3024 6):quia
558 2953 680 3010 ideo
723 2955 890 3027 gratia
934 2969 1174 3028 vocatur,
1206 2962 1332 3032 quia
1380 2965 1545 3033 gratis
1595 2949 1766 3021 datur.
1799 2965 1857 3022 Si

263 3053 445 3100 autem
477 3054 666 3115 potens
708 3057 811 3115 est,
843 3050 954 3105 sive
1000 3065 1096 3122 per
1141 3054 1398 3124 Angelos,
1429 3057 1513 3112 vel
1563 3057 1732 3116 bonos
1773 3059 1857 3115 vel

261 3137 456 3203 malos,
491 3138 605 3194 sive
631 3154 968 3220 quocumque
1013 3144 1117 3206 alio
1161 3145 1319 3206 modo
1363 3150 1586 3218 operari-
1615 3151 1856 3213 etiamin

262 3232 517 3288 cordibus
544 3234 828 3303 malorum,
859 3253 956 3306 pro
996 3240 1204 3295 meritis
1247 3257 1455 3308 eorum,
1485 3258 1709 3314 quorum
1739 3261 1854 3300 ma-

261 3321 434 3386 litiam
464 3339 570 3380 non
609 3325 725 3396 ipse
751 3326 896 3395 fecit,
928 3328 1023 3385 sed
1072 3340 1174 3388 aut
1202 3332 1532 3404 originaliter
1582 3345 1748 3392 tracta
1775 3348 1857 3394 est

259 3416 334 3471 ab
361 3417 553 3485 Adam,
584 3430 677 3476 aut
701 3422 870 3477 crevit
895 3438 995 3493 per
1022 3426 1289 3496 propriam
1330 3429 1656 3485 voluntatem
1688 3448 1712 3484 :-
1730 3433 1855 3503 quid

257 3510 459 3568 mirum
479 3521 600 3586 est.
618 3511 664 3568 si
695 3527 791 3584 per
819 3511 1077 3586 Spiritum
1106 3528 1348 3574 sanctum
1375 3530 1627 3592 operatur
1655 3523 1708 3578 in
1736 3539 1854 3581 cor-

257 3600 432 3658 dibus
464 3603 758 3661 electorum
802 3622 1020 3663 suorum
1063 3609 1225 3678 bona,
1257 3613 1346 3683 qui
1390 3624 1644 3686 operatus
1684 3626 1855 3674 estut

255 3691 378 3765 ipsa
399 3697 562 3752 corda
586 3708 769 3760 essent
804 3716 872 3756 ex
900 3702 1057 3758 malis
1083 3702 1222 3760 bona
1244 3704 1270 3758 ἲν

332 3785 560 3845 CAPUT
614 3790 782 3846 XXII.
820 3823 892 3835 -—
932 3795 1022 3850 44.
1083 3796 1189 3852 Sed
1226 3799 1567 3868 suspicentur
1606 3802 1851 3861 homines

252 3881 514 3950 qumlibet
559 3884 750 3939 merita
800 3884 970 3954 bona,
1018 3903 1137 3959 quae
1182 3903 1368 3960 putant
1419 3897 1754 3965 praecedere,
1797 3910 1853 3954 ut

245 3973 618 4046 justiﬁeentur
641 3993 735 4046 per
762 3980 856 4034 Dei
882 3983 1138 4050 gratiam;
1171 3999 1278 4040 rion
1304 3986 1660 4058 intelligentes
1679 4031 1696 4058 ,
1728 4007 1850 4049 cum

249 4067 362 4123 hoc
391 4066 599 4133 dicunt,
631 4070 762 4125 nihil
790 4072 931 4127 aliud
958 4091 1116 4143 quam
1140 4092 1197 4131 se
1219 4095 1412 4148 negare
1439 4083 1660 4149 gratiam
1687 4104 1700 4138 :
1730 4086 1846 4153 sed,

246 4169 315 4216 ut
339 4159 484 4224 dixi,
513 4161 653 4230 quod
694 4162 878 4218 volunt
921 4165 988 4220 de
1037 4166 1330 4237 majoribus
1373 4173 1738 4241 suspicentur;
1783 4177 1850 4234 de

248 4249 494 4320 parvulis
525 4261 672 4307 certe
713 4252 1526 4331 Peiagianiquidrespondeaut
1555 4266 1845 4323 non-inve-

209 4342 442 4409 .niunt,
494 4356 720 4412 quorum
766 4359 866 4401 nec
887 4346 1132 4404 voluntas
1163 4350 1266 4406 ulla
1309 4360 1392 4407 est
1439 4354 1491 4408 in
1537 4358 1847 4428 accipienda

248 4435 428 4506 gratia
447 4476 462 4500 ,
491 4435 646 4506 cujus
671 4438 958 4494 voluntatis
987 4442 1236 4496 meritum
1269 4447 1608 4513 prmcessisse
1636 4449 1844 4520 dicant,

248 4535 309 4582 et
336 4525 559 4594 insuper
600 4541 696 4583 eos
740 4529 1062 4586 etiam-cum
1105 4530 1232 4588 ﬂetu
1275 4535 1524 4593 reluctari
1567 4540 1843 4611 videmus,

247 4617 470 4689 quando
504 4617 839 4689 baptizantur
864 4630 916 4676 et
935 4623 1112 4678 divina
1147 4624 1489 4684 Sacramenta
1516 4635 1843 4704 percipiunt;

250 4709 397 4779 quod
415 4711 494 4764 eis
516 4711 582 4765 ad
604 4728 852 4784 magnum
871 4715 1158 4785 impietatis
1175 4731 1450 4788 peccatum
1472 4723 1840 4794 imputaretur,

247 4801 296 4856 si
319 4799 644 4870 jamlibero
681 4811 960 4860 uterentur
1007 4806 1232 4864 arbitrio
1281 4827 1299 4864 :
1347 4820 1403 4866 et
1455 4822 1632 4870 tamen
1680 4817 1846 4874 haeret

246 4892 494 4950 etiamin
533 4893 918 4953 reluctantibus
940 4900 1108 4969 gratis
1123 4929 1142 4968 ι
1167 4903 1506 4972 apertissime
1529 4909 1678 4964 nullo
1700 4910 1845 4968 bono

245 4985 463 5042 merito
495 4989 862 5057 procedam,
907 4992 1144 5064 alioquin
1185 4997 1352 5066 gratia
1393 4999 1508 5069 jam
1550 5015 1658 5058 non
1701 5015 1844 5061 esset

245 5077 444 5147 pratia.
473 5077 538 5134 Et
575 5080 858 5140 Modo
902 5084 1042 5140 ﬁliis
1072 5086 1363 5145 inﬁdelium
1407 5103 1689 5168 priestatur
1729 5097 1852 5155 haec

244 5169 608 5240 patintia
629 5174 838 5232 occulta
866 5176 960 5232 Dei
987 5178 1317 5248 providentia
1340 5181 1392 5236 in
1419 5197 1610 5240 manus
1630 5187 1840 5258 piorum

243 5261 750 5337 modestiaque
774 5269 1126 5337 perveniunt:
1146 5271 1433 5344 aliquando
1458 5285 1638 5333 autem
1667 5280 1840 5334 ﬁliiﬁ-

244 5350 452 5414 delium
481 5369 596 5412 non
632 5372 751 5414 eam
791 5372 1207 5433 consequuntur,
1237 5365 1418 5437 aliquo
1460 5368 1842 5440 impedimento

244 5445 545 5516 uiuente,
593 5465 666 5508 ne
705 5451 873 5522 possit
901 5455 1320 5523 periclitantibus
1359 5461 1650 5516 subveniri.
1682 5464 1856 5522 Fiunt

244 5554 378 5602 vero
408 5541 518 5603 ista
559 5557 665 5613 per.
695 5545 960 5602 occultam
985 5549 1082 5603 Dei
1111 5551 1527 5621 providentiam,
1559 5556 1714 5627 cujus
1753 5560 1837 5613 in-

244 5635 554 5696 Wabiiia
576 5639 903 5711 eamindicia
919 5683 934 5707 ,
953 5651 1010 5698 et
1021 5643 1430 5718 investigabiies
1452 5650 1590 5707 vias:
1615 5653 1756 5722 quod
1782 5663 1838 5709 ut
1859 5705 1862 5708 .

246 5725 538 5796 Apostolus
567 5729 791 5796 diceret,
815 5733 938 5804 quid
979 5736 1288 5806 prazdixerit
1309 5740 1604 5797 intuemini.
1633 5746 1838 5816 Agebat

240 5821 386 5878 enim
400 5822 468 5880 de
477 5823 676 5882 Judaais
691 5835 745 5882 et
757 5825 1036 5896 Gentibus,
1049 5847 1170 5886 cum
1185 5834 1445 5891 scriberet
1459 5838 1526 5894 ad
1543 5839 1830 5904 Romanos.

241 5911 300 5971 id
329 5924 443 5986 est,
475 5918 541 5973 ad
582 5918 809 5991 Gentes,
839 5930 894 5979 et
917 5923 992 5980 ait
1020 5941 1035 5981 ε
1061 5924 1210 5983 Sicut
1252 5929 1384 5984 enim
1429 5932 1704 6004 aliquando
1753 5959 1836 5996 vos

1713 415 1913 496 om
1954 437 2152 500 unus.

3471 463 3576 521 910

1982 573 2082 610 non
2108 553 2392 614 credidistis
2420 559 2525 618 Deo
2548 605 2562 631 ,
2596 580 2730 621 nunc
2771 578 2941 623 autem
2966 571 3364 635 misericordiam
3392 593 3573 634 conse-

1980 649 2087 702 cuti
2110 651 2227 705 eslis
2256 654 2308 706 in
2340 651 2543 712 illorum
2593 655 2990 728 incredulitate;
3025 663 3168 726 itaet
3204 666 3256 719 hi
3301 684 3434 723 nunc
3472 687 3574 726 non

1979 743 2299 800 crediderunt
2331 745 2386 801 in
2411 759 2573 804 vestra
2601 753 2949 809 misericordia
2967 798 2979 819 ,
3012 767 3074 821 ut.
3091 770 3137 812 et
3163 760 3262 830 ipsi
3291 763 3572 820 misericor-

1978 833 2116 890 diam
2142 852 2511 912 consequantur
2548 849 2568 899 ὲ
2603 847 2847 900 conclusit
2871 849 3002 902 enim
3024 849 3162 907 Deus
3182 869 3351 908 omnes
3371 857 3423 910 in
3445 857 3567 926 inﬁ-

1976 927 2199 994 delitate,
2209 933 2491 988 utomnium
2504 933 3244 1014 misereatur(Rom.x1,30—33)
3254 988 3264 999 .
3275 947 3468 1004 Etcum
3487 958 3566 1004 at-

1981 1021 2237 1078 tendisset
2261 1025 2386 1094 quid
2404 1025 2615 1091 dixerit,
2640 1030 2911 1086 admirans
2927 1036 3205 1100 sementim
3223 1052 3331 1093 suae
3359 1049 3562 1096 certam

1974 1113 2188 1183 quidem
2215 1117 2494 1173 veritatem
2519 1162 2545 1196 ,Α
2566 1115 2660 1175 sed
2693 1139 2936 1203 magnam
2967 1126 3416 1198 profunditatem,
3445 1148 3571 1203 quo-

1972 1206 2136 1261 modo
2164 1210 2495 1267 concluserit
2525 1207 2663 1270 Deus
2702 1199 2891 1272 omnes
2915 1219 2974 1281 in.
2998 1220 3338 1288 inﬁdelitate,
3365 1234 3422 1278 ut
3447 1199 3566 1281 om-

1975 1296 2121 1352 nium
2141 1299 2476 1370 misereatur,
2497 1306 2647 1374 quasi
2666 1307 2866 1370 faciens
2894 1311 3030 1366 maia
3060 1322 3117 1368 ut
3136 1315 3382 1372 venirent
3406 1316 3564 1385 bona,

1971 1405 2097 1445 mox
2120 1393 2436 1450 exclamavit
2461 1406 2619 1470 atque
2647 1400 2722 1456 ait
2751 1418 2764 1454 :
2815 1401 2862 1456 0
2903 1403 3122 1460 altitudo
3151 1407 3444 1466 diuitiarum
3484 1430 3567 1466 sa—

1968 1484 2174 1554 pientia:
2197 1496 2242 1540 et
2260 1487 2482 1543 scientia:
2511 1488 2648 1544 Dei!
2667 1508 2820 1562 quam
2844 1494 3200 1552 inscrutabilia
3227 1512 3344 1554 sunt
3365 1502 3566 1573 judicia

1969 1575 2117 1647 ejus,
2147 1586 2194 1632 et
2232 1579 2598 1654 inuestigabiles
2639 1584 2733 1639 uice
2759 1587 2910 1658 ejus!
2947 1588 3075 1646 Uzec
3112 1595 3255 1648 enim
3296 1595 3562 1652 insecuta-

1970 1666 2094 1722 bilia
2118 1669 2318 1740 judicia
2361 1682 2415 1729 et
2444 1673 2847 1750 investigabiies
2891 1682 3000 1740 vias
3041 1686 3279 1752 perversi
3319 1687 3564 1748 homines

1968 1774 2075 1813 non
2110 1763 2460 1846 cogitantes.
2503 1775 2558 1821 et
2599 1770 2866 1840 proclives
2921 1771 3002 1832 ad.
3025 1777 3556 1846 reprehendendum,

1965 1866 2074 1906 non
2104 1851 2378 1916 idoneiad
2404 1855 2851 1932 intelligendum,
2883 1865 3139 1941 putabant
3168 1878 3222 1924 et
3245 1857 3564 1938 jactitabant

1965 1943 2280 2013 Apostolum
2313 1945 2524 2016 dicere,
2559 1949 2833 2010 Faciamus
2873 1955 3029 2022 mala,
3082 1968 3138 2014 ut
3187 1962 3388 2020 veniant
3431 1962 3562 2019 bona

1967 2029 1988 2110 (
2014 2031 2100 2090 Id.
2149 2054 2252 2109 m,_
2286 2025 2341 2096 8.
2376 2042 2394 2112 )
2421 2040 2572 2112 Quod
2598 2044 2737 2104 absit
2780 2052 2838 2100 ut
2865 2048 3151 2118 Apostolus
3180 2051 3385 2110 diceret
3417 2073 3431 2110 :
3463 2057 3560 2113 sed

1968 2128 2212 2185 homines
2238 2147 2346 2187 non
2377 2134 2736 2207 intelligentes
2764 2139 2865 2192 hoc
2896 2140 3155 2211 putabant
3181 2142 3287 2200 dici
3308 2187 3324 2212 ,
3349 2147 3561 2216 quando

1965 2221 2253 2276 audiebant
2279 2223 2420 2292 quod
2466 2225 2597 2282 dixit
2631 2228 2922 2298 Apostolus
2937 2273 2966 2298 ,,
2981 2231 3092 2287 Lex
3119 2237 3562 2298 autemsubintm-

1964 2309 2048 2374 vit,
2081 2321 2133 2365 ut
2162 2312 2441 2368 abundaret
2466 2315 2705 2371 delictum
2725 2334 2744 2372 :
2787 2319 2869 2374 ubi
2897 2331 3067 2380 autem
3113 2325 3390 2384 abundauit
3428 2328 3558 2385 deli—

1964 2412 2120 2469 ctum,
2164 2403 2586 2473 superabundavit
2625 2410 2790 2484 gratia
2833 2410 2957 2480 (Id..
2992 2414 3046 2481 5,
3092 2415 3205 2486 20).
3248 2418 3560 2492 Sedulith

1962 2493 2130 2568 gratia
2153 2495 2205 2549 id
2227 2497 2356 2566 agit,
2388 2506 2443 2552 ut
2486 2499 2593 2567 jam
2629 2501 2758 2560 ﬁunt
2786 2501 2922 2560 bona
2967 2505 3036 2560 ab
3069 2506 3148 2562 eis
3187 2509 3276 2578 qui
3323 2510 3560 2570 iecerunt

1963 2586 2264 2662 maia;non
2297 2596 2354 2642 ut
2379 2602 2723 2658 perseverent
2760 2583 2813 2647 in
2843 2595 3015 2664 malis,
3039 2606 3095 2654 et
3127 2599 3275 2660 reddi
3306 2601 3410 2656 sibi
3436 2604 3556 2664 exi,-

1961 2675 2179 2734 stiment
2226 2677 2387 2732 bona.
2427 2678 2540 2735 Non
2570 2682 2746 2756 itaque
2784 2683 2980 2740 debent
3018 2687 3230 2756 dicere,
3277 2689 3558 2750 Faciamus

1961 2767 2404 2843 mala,utveniant
2426 2773 2554 2827 bona
2578 2789 2597 2828 :
2616 2773 2728 2841 sed,
2757 2775 3179 2848 Fecimusmala,
3202 2791 3256 2838 et
3295 2796 3557 2844 venerunt

1959 2857 2136 2927 bona;
2176 2861 2287 2932 jam
2316 2862 2573 2920 faciamus
2601 2865 2760 2934 bona,
2793 2880 2847 2923 ut
2878 2868 2928 2923 in
2979 2869 3155 2926 futuro
3184 2875 3385 2929 saeculo
3416 2877 3554 2932 reci-

1961 2953 2168 3022 piamus
2195 2970 2292 3024 pro
2322 2956 2477 3011 bonis
2497 2955 2669 3024 bona,
2703 2960 2790 3030 qui
2825 2959 2878 3014 in
2908 2955 3012 3018 hoc
3039 2965 3237 3019 SZPCUIO
3267 2967 3554 3037 recipimus

1961 3059 2056 3113 pro
2079 3045 2234 3100 malis
2250 3046 2406 3104 bona.
2431 3047 2661 3118 Propter
2679 3052 2822 3121 quod
2849 3054 3106 3124 scriptum
3126 3067 3209 3112 est
3225 3057 3278 3112 in
3302 3059 3512 3115 Psaimo
3537 3080 3549 3114 :

1959 3132 2448 3196 Misericordiamet
2480 3141 2730 3210 judicium
2760 3144 2973 3200 cantabo
2998 3147 3106 3214 tibi,
3139 3147 3354 3206 Domine
3381 3151 3551 3224 (Psal.

1958 3239 2011 3293 c,
2047 3225 2123 3297 1).
2157 3225 2318 3292 Prius
2359 3230 2540 3303 itaque
2570 3250 2676 3292 non
2709 3234 2828 3290 ideo
2849 3237 2996 3294 venit
3030 3235 3197 3296 Filius
3222 3239 3456 3299 hominis
3496 3246 3549 3300 in

1958 3319 2236 3389 mundum,
2263 3331 2320 3379 ut
2338 3323 2545 3395 judicet
2564 3327 2842 3396 mundum,
2874 3329 2968 3385 sed
2990 3340 3047 3386 ut
3069 3333 3308 3390 salvetur.
3322 3338 3552 3395 mundus

1956 3426 2052 3482 per
2074 3413 2245 3484 ipsum
2275 3413 2454 3487 (Joan.
2483 3433 2560 3483 ιιι,
2587 3420 2674 3491 17)
2695 3438 2708 3475 :
2730 3421 2832 3477 hoc
2851 3434 3070 3494 propter
3089 3428 3545 3490 misericordiam:

1955 3513 2140 3575 postea
2185 3523 2312 3564 vero
2359 3521 2579 3586 propter
2603 3512 2860 3582 judicium
2905 3527 3162 3575 venturus
3200 3530 3283 3577 est
3306 3521 3549 3594 judicare

1953 3598 2104 3654 vivos
2151 3609 2206 3656 et
2254 3610 2545 3670 mortuos;
2573 3607 2817 3675 quamvis
2855 3608 2992 3663 etin
3023 3609 3126 3667 hoc
3168 3618 3548 3691 tempore-ipss

1953 3693 2176 3747 salvatio
2204 3689 2308 3748 non
2338 3694 2430 3750 fiat
2456 3695 2575 3750 sine
2597 3696 2827 3767 judicio,
2856 3699 2948 3756 sed
2971 3702 3214 3772 occulto,
3260 3707 3383 3764 ideo
3428 3689 3502 3766 ait
3529 3756 3545 3781 ,

1955 3781 2020 3838 In
2039 3785 2294 3856 judicium
2338 3788 2450 3842 veni
2477 3788 2530 3843 in
2559 3788 2692 3844 hunc
2721 3792 2988 3862 mundum,
3019 3804 3072 3850 ut
3099 3798 3187 3868 qui
3211 3815 3314 3855 non
3337 3803 3506 3859 uident
3527 3845 3544 3872 ,

1957 3878 2174 3945 videant;
2203 3889 2249 3934 et
2272 3883 2360 3951 qui
2377 3882 2563 3948 uident,
2592 3885 2713 3938 cwci
2737 3886 2866 3954 ﬁant
2890 3886 2998 3961 (Id.
3027 3906 3108 3958 ιι,
3137 3889 3255 3965 59).

2023 3968 2250 4026 CAPUT
2280 3971 2572 4032 XXliL—
2599 3975 2688 4030 45.
2726 3977 2808 4032 Ad
2834 3980 3040 4038 occulta
3065 3996 3196 4053 ergo
3223 3984 3316 4039 Dei
3343 3986 3539 4056 judicia

1956 4071 2235 4130 revocate,
2276 4064 2488 4135 quando
2521 4065 2716 4122 videtis
2743 4067 2797 4122 in
2845 4085 2946 4123 una
2987 4087 3168 4142 causa,
3200 4090 3358 4146 quam
3396 4091 3542 4137 certe

1952 4153 2151 4212 habent
2172 4171 2361 4213 omnes
2381 4157 2605 4226 parvuli,
2635 4159 3030 4216 haereditarium
3050 4166 3245 4221 malum
3269 4171 3543 4230 trahentes

1950 4263 2024 4304 ex
2044 4246 2234 4316 Adam,
2268 4247 2390 4306 huic
2416 4249 2794 4310 subveniriut.
2817 4253 3136 4324 baptizetur,
3173 4258 3246 4313 illi
3275 4275 3381 4315 non
3415 4265 3543 4320 sub-

1952 4340 2120 4395 veniri
2148 4348 2207 4394 ut
2231 4340 2283 4394 in
2313 4340 2427 4410 ipsa
2453 4339 2778 4412 obligatione
2804 4345 3096 4414 moriatur;
3126 4349 3270 4404 illum
3300 4351 3541 4423 baptiza-

1951 4443 2059 4489 tum
2085 4435 2134 4488 in
2163 4434 2263 4490 hac
2287 4435 2390 4489 vita
2411 4434 2659 4505 relinqui,
2685 4451 2841 4505 quem
2864 4440 3130 4508 praescivit
3155 4443 3294 4499 Deus
3317 4445 3539 4516 impium

1950 4527 2207 4594 futurum,
2240 4528 2404 4583 istum
2431 4542 2561 4582 vero
2584 4528 2914 4600 baptizatum,
2941 4535 3054 4602 rapi
3084 4549 3155 4588 ex
3184 4535 3283 4592 huc
3306 4539 3435 4605 vita;
3470 4555 3538 4598 ne

1948 4618 2149 4673 malitia
2179 4627 2346 4674 mutet
2385 4617 2878 4690 iriteiieetumlejuss
2899 4621 3063 4694 (Sor.
3093 4641 3170 4693 tv,
3197 4626 3286 4701 id)
3317 4640 3414 4687 :et
3443 4648 3540 4688 no-

1947 4712 2038 4767 lite
2064 4712 2116 4765 in
2140 4711 2255 4767 istis
2277 4711 2404 4766 dare
2425 4712 2734 4782 injustitiam
2755 4716 2842 4771 vel
2862 4717 3217 4788 insipientiam
3241 4723 3372 4791 Deo,
3389 4729 3534 4797 apud

1947 4819 2104 4873 quem
2125 4803 2344 4873 justitia:
2373 4804 2496 4860 fons
2518 4813 2600 4860 est
2623 4813 2675 4860 et
2698 4807 2974 4876 sapientia:
3004 4827 3017 4862 :
3041 4811 3134 4866 sed
3157 4812 3294 4869 sicut
3321 4831 3418 4872 vos
3437 4833 3536 4874 ex-

1948 4893 2189 4950 hortatus
2211 4909 2330 4950 sum
2359 4897 2429 4953 ab
2463 4897 2614 4951 initio
2643 4899 2906 4955 sermonis
2932 4900 3122 4972 hujus,
3159 4906 3214 4962 in
3238 4909 3380 4978 quod
3410 4926 3534 4980 per»

1946 4990 2198 5058 venistis,
2228 4991 2281 5044 in
2309 5004 2376 5045 eo
2397 4989 2698 5059 ambulate,
2722 5001 2776 5047 et
2806 4993 2821 5024 ⁸
2853 4993 2958 5051 hee
2979 5013 3190 5069 quoque
3211 5003 3361 5060 vobis
3391 5005 3532 5061 Deus

1945 5083 2200 5139 revelabit
2231 5081 2488 5154 (Philipp.
2516 5099 2594 5149 tu,
2626 5083 2693 5139 l6
2711 5085 2888 5156 erili),
2910 5095 2966 5142 et
2983 5089 3030 5143 si
3058 5105 3164 5146 non
3195 5095 3249 5149 in
3271 5095 3529 5164 baevita,

1945 5183 2094 5232 certe
2121 5176 2200 5234 in.
2223 5175 2392 5232 altera
2424 5193 2437 5229 :
2479 5174 2628 5230 nihil
2649 5186 2749 5232 est
2774 5179 2919 5234 enim
2944 5183 3396 5255 occubunquod.
3425 5204 3532 5244 non

1943 5267 2266 5324 revelabitur
2295 5265 2509 5337 (Matth.
2554 5282 2592 5322 ι
2611 5308 2627 5332 ,
2657 5267 2777 5340 26).
2823 5271 3046 5337 Quando
3074 5289 3202 5344 ergo
3231 5276 3532 5335 auditis-di-

1944 5372 2156 5418 centem
2187 5361 2489 5426 Dominum,
2530 5361 2648 5433 Ego
2671 5362 2922 5420 Dominus
2943 5367 3124 5422 seduxi
3147 5371 3446 5440 prop/ictam
3467 5374 3536 5429 ii-

1944 5457 2055 5510 lsuts
2073 5454 2286 5526 (Exacta.
2320 5471 2428 5522 xiv,
2457 5455 2538 5526 9);
2568 5457 2783 5527 etquod
2804 5459 2879 5512 ait
2906 5459 3217 5529 Apostolus;
3245 5463 3402 5536 Cujus
3428 5467 3533 5522 vult

1943 5551 2237 5617 mica-etin,
2265 5559 2313 5603 et
2341 5565 2487 5619 qum
2515 5551 2624 5605 uult
2645 5552 2860 5606 obdurat
2891 5551 3065 5624 (Rom.
3098 5571 3148 5610 ιιι
3171 5597 3187 5624 ,
3227 5557 3320 5631 18)
3345 5578 3357 5614 :
3389 5562 3440 5616 in
3467 5578 3533 5617 eo

1942 5658 2099 5712 quem
2131 5642 2311 5698 seduci
2351 5644 2612 5712 permittit
2647 5647 2730 5700 vel
2757 5647 3010 5702 obdurui
3038 5651 3080 5716 ',
3107 5653 3245 5707 maia
3275 5655 3390 5724 ejus
3415 5672 3529 5710 me-

2006 5823 2022 5853 ί
2055 5829 2158 5898 ilhc
2179 5823 2228 5872 in
2253 5823 2399 5897 editis
2429 5824 2692 5898 immissum
2717 5832 2792 5898 est
2809 5863 2823 5885 ,
2867 5825 2909 5878 si
2941 5826 3128 5891 aliquid
3151 5833 3290 5881 aliter
3333 5844 3497 5898 sapuss
3513 5868 3529 5896 ,

1942 5887 2070 5950 quod
2093 5890 2139 5937 in
2166 5887 2500 5948 manuscriptis
2524 5899 2618 5950 non
2645 5894 2768 5950 erat.

2009 5954 2028 5981 π
2063 5951 2248 6005 Aliquot
2286 5944 2433 6008 Mss.)
2461 5944 2534 5997 vel
2570 5945 2790 6000 obdurat.
