4022 6468
489 391 586 452 οη

488 501 590 558 rita
615 502 853 570 credite;
883 502 935 558 in
966 517 1032 558 eo
1057 517 1187 559 vero
1215 502 1368 573 cujus
1389 503 1699 571 miseretur,
1729 506 1953 573 gratiam
1980 503 2074 559 Dei

490 610 599 649 non
640 594 910 651 reddentis
940 594 1077 649 mala
1115 610 1212 666 pro
1240 594 1418 663 malis,
1451 594 1544 650 sed
1574 595 1710 650 bona
1756 611 1851 665 pro
1892 595 2070 659 malis,

487 684 722 742 ﬁdeliter
743 695 797 743 et
821 674 1183 743 indubitanter
1206 687 1502 759 agnoscite.
1525 686 1635 743 Nec
1673 686 1793 741 ideo
1821 685 2074 741 auferatis

487 791 517 832 a
548 777 826 835 Pharaone
851 778 1079 834 liberum
1108 779 1405 846 arbitrium,
1437 780 1562 851 quia
1583 778 1766 833 multis
1786 778 1921 833 locis
1947 777 2076 832 dicit

484 873 661 939 Deus,
694 870 807 944 Ego
835 873 1074 928 induravi
1106 874 1469 938 Pharaonem;
1509 874 1627 940 vel,
1676 873 1911 927 induravi
1933 913 1949 939 ,
1986 878 2077 925 aut

481 964 730 1021 indurabo
758 984 850 1021 cor
878 967 1165 1023 Pharaonis
1192 967 1387 1041 (Exod.
1430 983 1632 1034 lV-XIV,
1681 966 1911 1037 passim).
1958 963 2075 1018 Non

483 1057 626 1113 enim
654 1066 933 1129 propterea
962 1059 1076 1130 ipse
1115 1059 1322 1114 Pharao
1342 1074 1450 1114 non
1487 1058 1751 1113 induravit
1775 1072 1870 1112 cor
1896 1071 2074 1111 suum.

481 1145 617 1204 Nam
644 1156 699 1203 et
719 1148 823 1205 hoc
851 1148 920 1205 de
943 1149 1037 1205 illo
1057 1150 1272 1220 legitur,
1296 1150 1509 1221 quando
1530 1149 1702 1204 ablata
1727 1158 1810 1204 est
1829 1148 1898 1202 ab
1919 1147 2078 1218 Egy-

483 1239 610 1310 ptiis
656 1241 973 1313 cynomyia,
1030 1241 1241 1297 dicente
1289 1240 1561 1312 Scriptura
1612 1259 1627 1295 :
1675 1238 1744 1293 Et
1797 1239 2078 1310 ingrauavit

484 1328 698 1385 Pharao
722 1347 810 1387 cor
838 1347 989 1385 suum
1018 1341 1064 1385 et
1087 1332 1142 1386 in
1169 1333 1266 1386 isto
1294 1341 1536 1403 tempore,
1564 1340 1611 1385 et
1635 1330 1799 1385 noluit
1825 1330 2079 1385 dimittere

482 1429 727 1493 populum
753 1420 863 1493 (Id.
892 1438 1008 1487 vm,
1042 1421 1159 1495 52).
1187 1422 1265 1478 Ac
1307 1439 1404 1493 per
1429 1422 1530 1478 hoc
1559 1431 1613 1478 et
1644 1423 1781 1477 Deus
1809 1421 2079 1477 induravit

483 1528 581 1583 per
601 1514 802 1582 justum
829 1513 1112 1583 judicium,
1140 1523 1196 1570 et
1224 1513 1339 1585 ipse
1366 1514 1574 1569 Pharao
1601 1529 1695 1584 per
1732 1514 1957 1569 liberum
1984 1528 2076 1567 ar-

484 1603 724 1659 bitrium.
766 1605 909 1660 Certi
937 1621 1065 1677 ergo
1104 1614 1276 1662 estote
1301 1606 1422 1677 quia
1446 1622 1551 1661 non
1594 1606 1697 1661 erit
1726 1605 1897 1659 inanis
1923 1605 2076 1660 labor

483 1705 662 1752 vester
682 1740 697 1764 ,
729 1698 773 1752 si
801 1698 853 1753 in
886 1699 1025 1754 bono
1053 1698 1327 1769 proposito
1350 1698 1692 1770 proﬁcientes
1724 1696 2077 1767 perseveretis

483 1804 652 1860 usque
676 1790 731 1844 in
775 1790 955 1845 linem.
988 1790 1133 1845 Deus
1160 1792 1302 1846 enim
1332 1789 1422 1860 qui
1451 1789 1612 1844 modo
1644 1789 1750 1843 illis
1780 1802 1913 1859 quos
1939 1788 2076 1843 libe-

481 1894 570 1940 rat
606 1900 711 1939 non
749 1884 925 1939 reddit
961 1885 1255 1940 secundum
1283 1899 1446 1954 opera
1474 1899 1659 1939 eorum
1679 1924 1694 1949 ,
1726 1890 1854 1937 tunc
1893 1880 2081 1935 reddet

481 1974 768 2045 unicuique
816 1976 1109 2030 secundum
1164 1990 1330 2045 opera
1370 1974 1488 2043 ejus
1532 1972 1746 2046 (Matth.
1796 1988 1905 2037 xvi,
1959 1970 2076 2042 27).

481 2066 695 2123 Reddet
723 2067 945 2123 omnino
975 2069 1113 2124 Deus
1137 2077 1191 2123 et
1210 2067 1347 2122 mala
1379 2082 1479 2137 pro
1510 2066 1687 2133 malis,
1714 2064 1966 2136 quoniam
1989 2062 2078 2135 ju-

481 2168 600 2216 stus
641 2169 757 2226 est;
802 2170 857 2217 et
884 2160 1022 2216 bona
1052 2175 1151 2231 pro
1174 2161 1360 2226 malis,
1392 2160 1645 2230 quoniam
1675 2159 1849 2214 bonus
1874 2166 1993 2225 est;
2026 2166 2082 2213 et

480 2250 622 2307 bona
662 2266 760 2322 pro
800 2251 986 2315 bonis,
1023 2252 1275 2322 quoniam
1304 2250 1479 2306 bonus
1506 2259 1561 2305 et
1596 2250 1771 2321 justus
1801 2258 1923 2315 est;
1958 2258 2079 2303 tan-

484 2342 761 2399 tummodo
789 2343 925 2398 mala
965 2357 1065 2413 pro
1096 2342 1250 2398 bonis
1276 2357 1382 2397 non
1409 2340 1619 2409 reddet,
1653 2341 1910 2413 quoniam
1942 2340 2084 2411 inju-

482 2442 600 2491 stus
615 2450 725 2490 non
750 2442 851 2489 est.
881 2432 1088 2489 Reddet
1107 2449 1236 2504 ergo
1259 2433 1393 2489 mala
1418 2448 1516 2503 pro
1541 2433 1718 2498 malis,
1745 2447 1956 2503 poenam
1985 2446 2081 2502 pro

481 2526 775 2598 iniustitia;
798 2535 851 2583 et
874 2526 1062 2582 reddet
1082 2525 1218 2581 bona
1243 2541 1340 2596 pro
1365 2525 1540 2589 malis,
1565 2526 1792 2596 gratiam
1815 2540 1913 2596 pro
1943 2523 2083 2595 inju-

484 2621 659 2688 stitia;
687 2630 743 2677 et
764 2620 953 2678 reddet
979 2619 1121 2677 bona
1148 2636 1246 2691 pro
1274 2619 1449 2684 bonis,
1474 2620 1697 2691 gratiam
1726 2634 1826 2689 pro
1847 2617 2041 2690 gratia.

556 2713 785 2773 CAPUT
848 2712 1038 2770 XXIV.
1081 2744 1157 2755 —
1198 2713 1289 2769 46.
1330 2712 1574 2783 Repetite
1620 2712 1832 2769 assidue
1887 2711 2083 2768 librum

485 2805 671 2873 istum,
703 2814 757 2863 et
784 2806 830 2862 si
860 2805 1179 2878 intelligitis,
1210 2805 1324 2862 Deo
1353 2805 1551 2877 gratias
1574 2806 1717 2878 agite
1746 2804 1873 2861 :ubi
1901 2812 2082 2860 autem

1436 389 1762 449 EPISTOLA
1800 388 2169 447 VALENTINI
2203 388 2299 447 AD
2334 384 2805 447 AUGUSTINUM.

3655 386 3769 447 912

2180 519 2287 559 non
2312 503 2620 576 intelligitis,
2644 510 2793 557 orate
2817 506 2877 554 ut
2898 498 3202 571 intelligatis
3230 516 3244 553 :
3270 499 3416 555 dabit
3439 500 3584 557 enim
3610 501 3775 559 vobis

2181 595 2437 650 Dominus
2480 595 2823 651 intellectum.
2853 593 3172 648 Mementote
3213 594 3466 664 scriptum
3510 608 3632 649 esse
3663 611 3679 647 :
3710 592 3775 649 Si

2179 690 2292 761 quis
2316 698 2528 743 uestrum
2556 689 2745 760 indiget
2781 688 3046 760 sapientia,
3079 687 3298 758 postulet
3323 704 3357 742 a
3385 685 3496 743 Deo
3520 730 3535 751 ,
3564 689 3653 760 qui
3678 696 3775 743 dat

2180 781 2410 837 omnibus
2447 782 2717 854 afﬂuenter
2762 792 2809 836 et
2834 798 2934 837 non
2983 782 3290 854 improperat
3314 824 3330 850 ,
3381 790 3429 836 et
3477 781 3688 836 dabitur
3729 796 3774 835 es

2182 873 2383 947 (Jacobi
2412 891 2450 942 ι,
2474 876 2552 944 5).
2578 874 2691 945 Ipsa
2722 884 2804 930 est
2825 873 3081 945 sapientia
3106 873 3385 929 desursum
3413 872 3774 941 descendens,

2181 967 2317 1022 sicut
2346 966 2460 1036 ipse
2487 966 2765 1037 apostolus
2793 965 3021 1021 lacubus
3048 965 3196 1021 dicit.
3225 965 3375 1021 Illam
3404 980 3534 1023 vero
3560 966 3777 1036 sapien-

2184 1060 2310 1115 tiam
2350 1060 2591 1130 repellite
2619 1075 2648 1114 a
2678 1059 2858 1125 vobis,
2888 1068 2943 1115 et
2969 1069 3117 1115 orate
3144 1069 3201 1115 ut
3242 1075 3349 1115 non
3392 1061 3462 1115 sit
3501 1060 3557 1114 in
3586 1060 3773 1127 vobis,

2182 1167 2340 1222 quam
2366 1151 2659 1208 detestatus
2688 1162 2770 1207 est
2794 1195 2809 1220 ,
2836 1152 2926 1208 ubi
2947 1152 3023 1207 ait
3055 1169 3068 1206 :
3105 1151 3254 1218 Quod
3271 1152 3316 1206 si
3340 1152 3507 1206 zelum
3535 1167 3775 1205 amarunt

2183 1244 2398 1312 habetis,
2422 1256 2468 1299 et
2492 1246 2832 1300 contentiones
2853 1246 2906 1299 in
2930 1245 3066 1299 vobis
3085 1255 3224 1312 sunt,
3245 1261 3345 1299 non
3364 1257 3436 1299 est
3452 1250 3551 1299 ista
3570 1246 3773 1317 sapien-

2184 1338 2255 1392 tia
2281 1339 2543 1392 desursum
2566 1336 2907 1407 descendens;
2936 1336 3026 1391 sed
3054 1347 3273 1402 terrena,
3304 1337 3568 1403 animalis,
3599 1337 3775 1391 diabo-

2182 1429 2300 1485 lica.
2348 1428 2445 1483 Ubi
2469 1430 2602 1483 enim
2638 1430 2775 1484 zelus
2800 1438 2846 1484 et
2874 1429 3125 1485 contentio
3150 1438 3244 1494 est,
3266 1427 3335 1482 ibi
3354 1430 3705 1484 inconstantia
3728 1438 3774 1483 et

2182 1537 2331 1576 omne
2357 1538 2486 1592 opus
2511 1537 2742 1594 pravum.
2776 1522 2904 1589 Qua:
2923 1529 3090 1575 autem
3115 1520 3381 1576 desursum
3405 1532 3478 1576 est
3499 1523 3771 1593 sapientia,

2183 1616 2403 1687 primum
2429 1614 2630 1685 quidem
2659 1613 2847 1683 pudica
2875 1624 2977 1681 est,
3030 1613 3213 1669 deinde
3241 1615 3480 1684 paciﬁca,
3509 1615 3771 1682 modesta,

2182 1707 2467 1773 suadibilis,
2498 1708 2650 1778 plena
2677 1706 3023 1760 misericordia
3049 1717 3095 1760 et
3117 1708 3362 1775 [motibus
3392 1706 3558 1771 bonis,
3582 1709 3775 1763 iniusti-1

2183 1798 2381 1854 mabilis
2405 1839 2421 1864 ,
2450 1798 2559 1853 sine
2597 1798 2920 1852 simulatione
2948 1796 3060 1867 (Id.
3102 1813 3189 1863 III,
3216 1794 3438 1877 ill-I7.)
3468 1798 3608 1866 Quid
3652 1797 3772 1852 boni

2183 1906 2311 1963 ergo
2346 1908 2453 1946 non
2483 1889 2734 1958 habebit,
2766 1892 2855 1962 qui
2896 1890 3036 1945 hanc
3061 1891 3374 1960 sapientiam
3404 1891 3695 1960 postularit
3719 1898 3775 1947 et

2183 1985 2538 2057 immtrarita
2583 1984 2848 2040 Domino?
2888 1985 2953 2039 Et
3001 1984 3126 2039 hinc
3175 1984 3459 2055 intelligite
3503 1986 3771 2055 gratiam;

2184 2079 2307 2150 quia
2335 2079 2382 2133 si
2423 2094 2488 2134 ex
2518 2078 2671 2133 nobis
2695 2087 2839 2133 esset
2874 2078 2979 2133 ista
3021 2078 3280 2148 sapientia
3301 2119 3317 2145 ,
3356 2076 3634 2134 desursum
3662 2095 3773 2136 non

2184 2182 2347 2241 esset,
2373 2188 2473 2229 nec
2498 2173 2567 2227 ab
2590 2172 2708 2242 ipso
2732 2172 2823 2243 qui
2851 2186 2950 2227 nos
2971 2174 3174 2228 creavit
3198 2171 3311 2226 Deo
3337 2171 3655 2241 postulanda
3679 2187 3771 2228 es-

2184 2274 2286 2323 set.
2314 2265 2547 2330 Fratres,
2570 2272 2720 2321 orate
2738 2274 2793 2320 et
2817 2279 2913 2336 pro
2932 2264 3107 2332 nobis,
3132 2272 3192 2320 ut
3216 2274 3580 2336 temperanter
3604 2273 3658 2321 et
3686 2264 3775 2336 pie

2185 2368 2241 2416 et
2263 2359 2407 2431 juste
2443 2359 2685 2414 vivamus
2723 2358 2777 2412 in
2806 2357 2910 2412 hoc
2945 2358 3168 2423 seculo,
3214 2367 3592 2429 exspectantes
3631 2357 3773 2413 illam

2185 2453 2396 2510 beatam
2416 2467 2566 2524 spem
2585 2494 2601 2521 ,
2628 2459 2685 2508 et
2708 2449 3192 2507 manifestationem
3217 2450 3429 2506 Domini
3454 2459 3511 2506 et
3533 2449 3774 2506 Salvato-

2185 2547 2262 2602 ris
2284 2545 2452 2601 nostri
2477 2544 2603 2601 Jesu
2624 2544 2818 2600 Christi
2847 2541 2991 2614 (Tit.
3026 2559 3083 2611 ιι,
3111 2542 3199 2608 12,
3229 2544 3297 2599 15
3316 2541 3357 2613 ),
3389 2542 3478 2598 cui
3501 2549 3586 2597 est
3612 2541 3777 2596 honor

2186 2651 2243 2696 et
2282 2639 2449 2711 gloria
2473 2646 2530 2693 et
2566 2652 2790 2709 regnum
2818 2651 2938 2692 cum
2977 2636 3137 2693 Patre
3178 2647 3234 2692 et
3256 2635 3464 2707 Spiritu
3508 2640 3701 2690 sancto
3724 2631 3776 2687 in

2186 2732 2384 2790 saecula
2409 2731 2755 2789 saeculorum.
2786 2730 2980 2785 Amen.

1331 3035 1452 3120 IN
1506 3034 1964 3118 LIBRUM
2019 3025 2966 3139 SUBSEQUENTEM

581 3172 735 3239 Vide
763 3171 872 3237 lib.
902 3170 967 3244 2,
998 3187 1134 3246 cap.
1165 3171 1313 3246 ult.,
1342 3169 1898 3232 Retractationum
1921 3211 1939 3242 ,
1973 3175 2121 3229 tom.
2155 3165 2217 3242 1,
2243 3164 2364 3229 col.
2417 3160 2562 3238 656,
2594 3181 2634 3223 a
2664 3159 2889 3231 verbis,
2942 3159 3192 3222 Rursus
3247 3156 3330 3220 ad
3376 3155 3638 3219 eosdem
3668 3155 3780 3237 (a),

486 3273 679 3338 usque
707 3253 790 3316 ad
822 3251 1028 3323 verba,
1062 3247 1411 3314 Valentine
1445 3249 1646 3312 frater
1664 3247 2103 3311 dilectissime.

553 3359 629 3424 (a)
652 3358 954 3424 valentlnum
976 3339 1164 3424 scilicet
1185 3370 1396 3424 cumque
1414 3354 1528 3424 illos
1535 3354 1805 3424 monachos
1828 3353 2188 3424 Adrumetinum
2216 3350 2493 3424 emnobium
2517 3341 3779 3424 medentgigy‘ide‘suprag,‘

486 3407 1023 3485 naééer’iiigisnhd‘
1043 3407 1265 3471 scribens
1306 3407 1375 3471 ait
1394 3454 1407 3475 ,
1470 3437 1493 3466 ι
1516 3418 1693 3468 librum
1734 3417 1799 3467 de
1842 3418 2109 3479 correpunt

488 3487 721 3533 emimum
744 3497 857 3533 esse
882 3493 934 3533 et
971 3484 1022 3533 in
1041 3483 1280 3533 Gallorum
1300 3483 1519 3532 notitiam
1554 3480 1768 3530 delatum
1790 3493 1802 3528 :
1831 3496 1853 3525 ι
1871 3479 1982 3533 quia
2016 3478 2109 3526 uni‘

2200 3422 2253 3464 et
2295 3413 2452 3463 Gratia
2497 3409 2696 3475 plenum
2739 3408 2914 3458 divinae
2958 3407 3255 3457 auctoritatis
3274 3422 3299 3451 ι
3349 3412 3623 3476 opportune
3668 3410 3783 3474 tunc

2182 3478 2257 3526 sis
2276 3474 2660 3533 quaestionibus:
2690 3470 2751 3522 ad
2768 3469 2946 3520 divinae
2975 3469 3145 3533 gratiae
3179 3468 3464 3532 mysterium
3498 3472 3784 3530 perunentl-

488 3488 721 3537 emissum
744 3497 857 3534 esse
882 3493 934 3535 et
971 3488 1022 3533 in
1041 3488 1280 3533 Gallorum
1300 3488 1519 3532 notitiam
1554 3488 1802 3530 delatum:
1831 3496 1853 3525 ι
1871 3488 1982 3542 quia
2016 3488 2257 3526 umversrs
2276 3488 2660 3538 quaemanibus:
2690 3488 2751 3522 au
2768 3488 2946 3520 urvum:
2975 3488 3145 3533 grauat:
3179 3488 3464 3532 mysterium
3498 3488 3784 3530 puuueuu-

485 3546 720 3613 ιξιιειηάθ
735 3546 915 3613 quibus
934 3543 1295 3596 ωοευιθιιαιιε»
1340 3545 1402 3593 ab
1542 3560 1565 3590 α
1589 3550 1753 3613 erat).
1768 3547 1962 3613 sanans
1984 3546 2173 3613 υοςφνν
2194 3533 3167 3613 ,⁸1)ΨῖξιξεὶίΡξθθίΡξεδεῐὲκέΓΞξὲἳῗὲξῖἮ

485 3584 583 3674 ἕεῖὄ
597 3584 726 3674 in???)
736 3584 1101 3672 Ῡῆῖῶἶῶῖ-ιῗ
1106 3584 1260 3674 Ξὶὲἱιῖἑ
1275 3584 2123 3674 ὶρέεῗιοῖῖωιῖιᾷἱίῗὲίὲίιῖὧῖῗ.ἶιῗοῖιίιῖίξ
2131 3584 2173 3647 ἶ
2179 3584 2291 3674 tuis
2669 3584 2815 3674 ξειὲἐε
3631 3586 3782 3674 .9212

485 3649 2271 3734 ’Μοὲοὶέεξυῖξυῖιῖῐὶᾶῗιῖιῖιῖέτὲῶῖδίῖιίῇξξῑέιίωῑέῷηὸεηίεω
2294 3658 2447 3711 callis
2464 3649 3037 3734 διξρὶῖοὶρςξςρᾷιξὺέιὶρξ

1260 3713 1375 3781 ἐιῖῶ
1390 3713 1615 3793 signa
1630 3713 1832 3786 clavem,
1856 3738 1953 3791 qua
1974 3725 2040 3776 ad
2057 3714 2331 3776 universam
2354 3713 2601 3787 πρωτεῖά
2616 3718 2679 3771 de
2693 3715 2859 3771 divina
2878 3713 3039 3783 gratia
3059 3722 3106 3768 et
3122 3713 3273 3767 libero
3292 3713 3496 3767 arbitrio
3509 3713 3783 3766 dat:th

498 3858 3769 3892 MM

974 3979 1830 4088 VALENTINI
1970 3975 2177 4083 ΑΙ)
2298 3967 3300 4077 AUGUSTINUM

1476 4171 1605 4213 POS'I‘
1645 4170 1837 4211 LIBRI]!
1874 4168 1961 4233 DE.
1981 4168 2179 4211 GRA'I'IL
2216 4166 2284 4206 ΕΤ
2321 4164 2510 4206 ιιιιιςιω
2543 4162 2794 4205 ΛΒΒῙΤΒΙΟ

1159 4275 1266 4339 ΕΤ
1307 4270 1792 4337 SUPERIORES
1846 4268 2032 4331 EJUS
2071 4264 2466 4329 LITTERAS
2508 4261 3071 4327 RESCRIBENTIS
3097 4304 3117 4338 ,

1461 4411 1785 4470 EPISTOLA,
1831 4409 2027 4453 INTER
2069 4403 2570 4452 AUGUSTINIANAB
2609 4404 2822 4452 CCXVI.

497 4526 730 4588 Domino
762 4540 895 4585 vere
918 4530 1125 4590 sancto,
1157 4536 1220 4578 ac
1240 4520 1399 4576 nobis
1421 4518 1798 4574 venerabiliter
1826 4531 1986 4586 super
2015 4513 2193 4569 omnia
2223 4510 2576 4584 praeferendo,
2607 4518 2663 4566 et
2689 4510 2775 4581 pia
2802 4508 3157 4566 exsultatione
3183 4504 3445 4573 colendo,
3472 4504 3781 4561 beatissimo
3814 4531 3831 4572 ι

570 4638 724 4696 papa:
752 4621 1077 4683 Ancus'rtuo,
1101 4614 1443 4673 Vanammus
1472 4626 1658 4668 servus
1686 4620 1789 4667 tua:
1814 4608 2141 4676 Sanctitatis,
2162 4616 2217 4663 et
2244 4606 2419 4662 omnis
2442 4605 2784 4677 congregatio
2807 4619 2927 4675 quae
2946 4602 3051 4659 tuis
3075 4602 3405 4658 orationibus
3424 4614 3637 4656 mecum
3662 4615 3785 4670 spe-

707 4715 760 4765 in
792 4713 1018 4765 Domino
1047 4710 1294 4765 salutem.

707 4715 720 4729 '
928 4714 941 4728 '
1075 4714 1294 4765 alutem.

570 4714 1018 4864 :t’vl:u:::i|lli’:
1045 4726 1264 4872 :cripta,
1292 4808 1345 4855 et
1373 4797 1565 4872 librum
1596 4803 1701 4851 tuae
1737 4791 2044 4850 Sanctitatis
2089 4790 2159 4845 ita
2205 4787 2558 4846 tremebunda
2599 4787 2762 4844 corde
2799 4787 3153 4858 suscepimus,
3182 4795 3242 4842 ut
3266 4785 3406 4843 sicut
3426 4784 3621 4841 beatus
3641 4783 3783 4840 Elia:

501 4906 627 4960 eum
666 4899 724 4955 in
750 4900 1017 4971 speluncae
1040 4896 1223 4952 limine
1246 4902 1433 4958 staret,
1467 4891 1655 4947 faciem
1686 4904 1835 4943 suam
1865 4886 2031 4959 gloria
2056 4885 2262 4941 Domini
2290 4892 2598 4940 transeunte
2623 4884 2850 4950 velavit;
2878 4884 2952 4941 ita
2981 4900 3079 4941 nos
3106 4885 3414 4957 objurgatos
3437 4883 3629 4940 oculos
3658 4880 3788 4938 texi-

505 5008 650 5059 mus,
677 4992 800 5063 quia
827 5006 921 5062 per
950 4989 1303 5045 rusticitatem
1329 4985 1552 5041 fratrum
1584 4990 1886 5038 nostrorum
1915 4987 2098 5035 nostro
2119 4977 2320 5049 judicio
2346 4976 2675 5042 erubuimus,
2702 4993 2929 5049 quorum
2956 4978 3257 5035 inordinata
3288 4976 3623 5048 profectione
3645 4985 3788 5032 tuam

498 5085 788 5145 metuimus
818 5081 897 5158 (a)
927 5080 1317 5156 Deatitudinem
1361 5077 1628 5143 salutare;
1681 5074 1802 5143 quia
1832 5081 2041 5141 tempus
2068 5069 2339 5141 loquendi,
2368 5079 2422 5124 et
2443 5076 2650 5140 tempus
2677 5070 2908 5136 tacendi,
2930 5086 3000 5127 ne
3025 5069 3154 5126 dum
3182 5086 3277 5142 per
3302 5069 3616 5127 dubitantes
3640 5080 3696 5127 et
3722 5066 3788 5124 de

496 5181 723 5238 veritate
744 5178 1063 5233 ﬂuctuantes
1089 5173 1467 5235 scriberemus,
1490 5170 1557 5225 de
1582 5168 1738 5224 dictis
1767 5165 2041 5239 sapientiae
2067 5171 2192 5231 tuas,
2232 5179 2351 5235 qum
2377 5174 2460 5220 est
2485 5165 2623 5220 sicut
2646 5166 2821 5236 angeli
2848 5165 2966 5233 Dei,
3004 5165 3247 5221 dubitare
3274 5180 3397 5222 eum
3421 5163 3789 5222 dubitantibus

498 5272 825 5333 videremur.
859 5268 975 5325 Non
1005 5267 1147 5324 enim
1176 5273 1290 5320 erat
1330 5263 1482 5319 nobis
1509 5259 1866 5317 necessarium
1898 5257 2225 5326 interrogare
2247 5254 2315 5310 de
2349 5254 2685 5311 Beatitudine
2706 5297 2722 5321 ,
2750 5265 2807 5311 et
2829 5256 2897 5312 de
2938 5257 3196 5327 sapientia
3224 5268 3312 5313 tua
3331 5297 3348 5324 ,
3376 5272 3498 5329 quae
3522 5264 3613 5313 est
3637 5256 3793 5312 nobis

499 5372 627 5420 nota
654 5378 748 5434 per
777 5360 983 5417 Domini
1010 5358 1257 5431 gratiam.
1287 5356 1417 5410 Nam
1438 5354 1504 5409 ad
1527 5355 1717 5408 librum
1743 5350 2070 5407 dulcissimae
2091 5347 2167 5420 (b)
2190 5347 2497 5403 Sanctitatis
2522 5357 2626 5404 tua:
2655 5349 2724 5403 ita
2742 5364 2926 5405 sumus
2951 5350 3202 5407 alacriter
3223 5349 3527 5422 jucundati,
3560 5360 3623 5405 ut
3655 5350 3793 5406 sicut

500 5454 745 5527 Apostoli
775 5453 1056 5509 Dominum
1098 5457 1220 5520 post
1262 5445 1707 5503 resurrectionem
1753 5441 2102 5513 prandentem
2140 5455 2321 5495 secum
2353 5456 2457 5495 non
2487 5440 2755 5496 audebant
2798 5441 3127 5515 interrogare
3170 5443 3292 5515 quis
3335 5452 3515 5511 esset;
3544 5444 3790 5501 sciebant

503 5546 648 5603 enim
674 5546 799 5618 quia
828 5544 986 5601 Jesus
1011 5554 1092 5599 est
1120 5541 1298 5614 (Joan.
1330 5554 1442 5605 xxi,
1475 5537 1562 5607 12)
1588 5554 1600 5590 :
1635 5537 1705 5590 ita
1732 5546 1785 5591 et
1817 5549 1916 5590 nos
1940 5546 2040 5589 nec
2067 5532 2348 5598 voluimus,
2377 5547 2477 5588 nec
2501 5534 2618 5589 ausi
2643 5548 2826 5590 sumus
2851 5536 3178 5607 interrogare
3194 5535 3265 5592 de
3287 5535 3445 5605 libro,
3474 5544 3659 5592 utrum
3685 5545 3787 5592 tua:

501 5638 815 5697 Sanctitatis
842 5643 987 5694 esset
1015 5651 1030 5692 :
1057 5650 1178 5691 cum
1207 5635 1318 5704 ipsa
1346 5628 1581 5685 ﬁdelium
1609 5628 1778 5698 gratia
1803 5641 1923 5699 qua:
1950 5625 2004 5681 in
2028 5639 2094 5681 eo
2122 5622 2414 5681 liberaliter
2439 5625 2866 5699 commendatur,
2892 5629 3047 5687 nobis
3072 5636 3219 5687 tuum
3242 5644 3383 5699 esse,
3407 5629 3632 5688 domine
3659 5643 3789 5687 saa-

505 5740 592 5789 cte
618 5746 778 5806 papa,
807 5729 1035 5802 eloquiis
1058 5723 1409 5784 vivacissimis
1434 5731 1782 5777 contestetur.

567 5846 640 5911 (a)
671 5845 946 5915 Legebamr
966 5847 1114 5893 antea
1135 5848 1250 5915 tom.
1273 5836 1325 5913 2,
1635 5844 1672 5915 Δει
1684 5847 1785 5915 non
1818 5843 1975 5915 recte,
2131 5832 2601 5915 verbo-praeligata
2635 5830 2869 5915 particula
2902 5844 3107 5903 negans.
3144 5835 3398 5903 semiinutr
3428 5834 3510 5891 hic
3544 5835 3785 5904 antiquis-

498 5897 993 6036 Mogqeéense
1015 5902 1289 5967 exeunplar,
1307 5901 1360 5956 in
1379 5912 1477 5965 quo
1501 5897 1705 5963 epistola
1724 5914 1836 5959 cum
1852 5897 2108 5958 superiore
2125 5897 2378 5959 sumstihi
2400 5897 2527 5955 lib'ro
2547 5897 2870 5966 coniungitur.
2970 5897 2997 5903 ⁷
3221 5897 3239 5903 “
3346 5950 3349 5953 λ
