4022 6474
281 377 385 438 9η
1246 362 1583 425 EPISTOLA
1619 357 1995 424 VALENTINI
2030 359 2124 416 AD
2161 356 2630 422 AUGUSTINUM.
3452 362 3556 422 9M

355 493 412 549 2.
455 489 775 562 incipiamus
798 493 998 551 autem,
1025 481 1241 539 domine
1264 481 1576 539 beatissime
1605 492 1760 552 papa,
1787 477 1958 549 ipsius
1982 477 2226 534 ordinem
2257 479 2673 549 perturbationis
2696 493 2990 552 exponere.
3015 477 3386 535 Charissimus
3405 478 3573 536 frater

283 596 464 644 noster
485 584 699 649 Florus,
731 592 919 636 servus
949 577 1289 632 Paternitatis
1315 584 1440 643 tute,
1466 590 1588 632 cum
1619 573 1686 628 ad
1714 570 2033 630 Uzalensem
2065 573 2286 641 patriam
2309 572 2498 629 fuisset
2519 572 2776 629 suadente
2803 573 3061 628 charitate
3093 574 3386 644 profectus,
3421 573 3572 630 eulo-

279 679 392 752 δίας
418 677 738 732 monasterio
766 671 781 702 ¹
807 669 946 723 inter
971 667 1111 738 ipsas
1137 684 1246 723 sua:
1275 671 1509 726 civitatis
1538 683 1716 724 moras
1731 667 1800 722 de
1829 667 2097 738 Opusculis
2128 667 2280 721 nobis
2310 675 2412 721 tua:
2438 667 2615 722 attulit
2642 667 2969 727 Sanctitatis.
3004 682 3110 722 uno
3156 666 3322 723 fratre
3348 667 3530 725 Felice
3553 711 3572 738 ,

276 773 362 844 qui
389 771 456 826 ad
479 780 621 826 tuam
649 771 997 832 Sanctitatem
1026 772 1175 830 tarde
1200 777 1322 843 post
1343 767 1566 823 comites
1591 778 1716 818 suos
1740 761 1948 816 venisse
1975 762 2319 832 dignoscitur,
2347 761 2594 816 eumdem
2614 761 2805 814 librum
2824 762 2897 831 (a)
2919 761 3111 816 devote
3137 763 3404 828 dictante;
3429 779 3564 819 ven-

286 875 394 921 tum
424 874 505 920 est
529 865 594 920 ad
624 869 1005 924 monasterium
1033 882 1154 923 cum
1183 863 1373 921 eodem
1406 858 1610 923 libello,
1643 856 1810 911 fratre
1833 854 1994 910 Floro
2025 855 2089 910 ad
2115 855 2487 926 Carthaginem
2528 854 2594 910 de
2625 853 2873 911 Uzalensi
2903 856 3116 910 civitate
3146 860 3406 926 profecto.
3438 857 3571 914 Mihi

278 973 382 1014 non
415 967 712 1015 monstrato
754 959 891 1014 libro
913 1001 928 1024 ,
957 958 1216 1030 imperitis
1244 953 1495 1011 fratribus
1521 951 1749 1007 recitare
1776 957 2056 1018 creperum
2087 965 2099 1000 :
2130 949 2219 1019 qui
2260 947 2611 1018 quorumdam
2644 964 2747 1002 non
2795 949 3199 1019 intelligentiam
3229 950 3388 1004 corda
3416 965 3570 1006 com-

278 1052 470 1115 movit;
493 1052 613 1122 quia
636 1060 837 1108 etcum
868 1052 1067 1109 diceret
1101 1051 1381 1113 Dominus,
1418 1046 1520 1114 Qui
1545 1061 1644 1099 non
1671 1042 2048 1097 manducauerit
2076 1058 2279 1095 carnem
2308 1039 2436 1094 Filii
2461 1042 2700 1108 hominis,
2735 1059 2894 1108 neque
2915 1041 3090 1097 biberit
3118 1043 3414 1115 sanguinem
3434 1046 3566 1113 eius,

278 1162 374 1200 non
401 1144 598 1200 habebit
621 1148 776 1201 vitam
804 1149 857 1201 in
882 1147 1146 1218 semetipso
1175 1143 1350 1217 (Joan.
1376 1157 1450 1208 vi,
1484 1138 1620 1212 54),
1653 1138 2012 1193 discesserunt
2039 1136 2127 1206 qui
2159 1135 2319 1206 impie
2347 1135 2745 1206 intellexerunt,
2779 1153 2887 1194 non
2911 1140 3062 1209 culpa
3088 1139 3299 1194 Domini
3325 1139 3572 1208 dicentis,
3629 1145 3636 1151 '

275 1241 367 1296 sed
394 1240 591 1295 duritia
623 1241 920 1312 impiissimi
950 1239 1150 1296 cordis.

343 1335 396 1390 5.
439 1334 730 1406 Coeperunt
756 1336 1034 1391 memorati
1064 1333 1280 1398 fratres,
1309 1331 1399 1402 qui
1425 1329 1604 1386 omnia
1631 1327 2031 1394 subverterunt,
2058 1327 2400 1384 innocentum
2429 1328 2636 1385 animas
2657 1343 3018 1392 commovere,
3043 1344 3159 1384 mea
3191 1329 3444 1398 parvitate
3469 1343 3570 1401 pe-

278 1428 420 1482 nitus
448 1427 746 1499 ignorante,
776 1428 829 1483 in
858 1436 1062 1483 tantum
1093 1434 1387 1483 conventus
1415 1423 1628 1480 illorum
1651 1421 2031 1477 murmurantis
2053 1421 2073 1452 ²
2093 1421 2282 1487 nescii,
2311 1431 2370 1476 ut
2400 1421 2502 1476 nisi
2543 1421 2707 1477 frater
2736 1421 2927 1478 Florus
2959 1421 3026 1477 de
3051 1421 3374 1492 Carthagine
3414 1437 3573 1490 repe-

286 1521 440 1587 dans,
472 1528 529 1576 et
551 1536 738 1577 eorum
767 1521 1197 1592 perturbationes
1224 1519 1246 1552 ³
1271 1532 1566 1590 agnoscens
1594 1517 1723 1572 mihi
1744 1517 1970 1574 sollicite
1989 1516 2310 1581 nuntiasset,
2341 1516 2532 1571 furtiva
2563 1525 2618 1570 et
2641 1524 2890 1586 tanquam
2929 1518 3136 1570 servilis
3163 1527 3275 1570 erat
3312 1517 3450 1570 inter
3475 1531 3572 1570 eos

276 1612 341 1668 de
366 1627 471 1667 non
499 1613 845 1684 intelligenda
878 1612 1104 1668 veritate
1128 1613 1422 1669 contentio.
1454 1611 1737 1681 Proposui,
1780 1609 1847 1664 ad
1885 1609 2205 1664 auferendus
2237 1608 2426 1678 impias
2453 1611 2772 1680 quaestiones
2792 1651 2806 1675 ,
2834 1620 2891 1663 ut
2911 1609 2977 1664 ad
2997 1609 3253 1664 domuum
3279 1609 3299 1639 ⁸
3325 1620 3569 1664 sanctnm

276 1715 480 1779 patrem
513 1705 774 1761 Evodium
800 1705 1157 1773 mitteremus,
1179 1712 1234 1761 et
1262 1705 1376 1776 ipse
1422 1702 1578 1758 nobis
1619 1701 1689 1758 de
1730 1701 1832 1758 hoc
1861 1709 2205 1757 sacrosancto
2246 1700 2382 1754 libro
2421 1710 2638 1772 propter
2683 1701 2893 1771 ignaros
2923 1701 3121 1771 aliquid
3153 1702 3350 1756 certius
3381 1701 3577 1756 rescri-

277 1797 471 1867 psisset
494 1795 598 1867 (a).
633 1796 739 1852 Nec
767 1796 867 1852 hoc
897 1799 1140 1868 accipere
1177 1795 1468 1868 patientius
1497 1794 1817 1859 voluerunt,
1847 1794 1941 1850 sed
1972 1793 2312 1864 arripuerunt
2352 1793 2738 1862 profectionem
2776 1795 2930 1849 nobis
2959 1795 3136 1849 taliter
3162 1810 3269 1848 non
3295 1806 3530 1864 optatam
3555 1810 3574 1850 :

276 1888 439 1946 fratre
470 1889 634 1945 Floro
657 1889 831 1946 furore
857 1891 1072 1944 illorttm
1103 1888 1492 1960 propemodum
1525 1887 1864 1954 conturbata,
1896 1887 1949 1942 in
1990 1903 2146 1956 quem
2179 1887 2490 1953 saeviebant,
2522 1887 2643 1956 quia
2674 1886 2786 1958 ipse
2815 1889 2942 1952 illis,
2977 1896 3034 1942 ut
3059 1889 3333 1958 putabant,
3356 1889 3578 1944 vulnera

276 1982 394 2038 libri
423 1981 587 2052 hujus
616 1983 917 2047 attulisset;
949 1983 1001 2036 in
1029 1998 1135 2052 quo
1161 1981 1484 2037 medicinam
1510 1996 1615 2035 non
1647 1989 1896 2051 poterant
1925 1980 2125 2037 infirmi
2155 1994 2499 2050 cognoscere.
2533 1980 2682 2036 Unde
2716 1992 2770 2036 et
2793 1991 3032 2036 sanctum
3073 1981 3445 2053 presbyterum
3475 1982 3578 2037 Sa-

274 2071 456 2124 binum
496 2071 564 2126 ad
593 2071 850 2142 majorem
883 2073 1256 2127 auctoritatem
1286 2071 1592 2142 rogavimus
1613 2115 1627 2136 ,
1661 2080 1714 2128 et
1744 2072 1910 2143 ipsius
1939 2073 2206 2129 Sanctitas
2234 2071 2426 2126 librum
2468 2087 2590 2126 cum
2615 2073 2830 2143 liquidis
2857 2073 3385 2144 interpretationibus
3416 2075 3576 2145 legit;

274 2181 369 2221 nec
391 2166 470 2220 sic
500 2168 678 2220 anima
706 2168 941 2221 sauciata
979 2176 1162 2222 curata
1195 2176 1296 2220 est.
1342 2165 1545 2235 Quibus
1571 2176 1789 2237 propter
1815 2168 1982 2238 ipsam
2012 2167 2263 2236 pietatem
2306 2176 2550 2237 sumptus
2577 2166 2840 2230 dedimus,
2867 2183 2934 2222 ne
2963 2169 3181 2223 vulnera
3217 2170 3450 2236 ipsorum
3479 2185 3576 2223 cu-

272 2261 634 2328 mularemus,
664 2277 784 2332 quze
817 2269 997 2330 posset
1040 2275 1231 2316 sanare
1262 2260 1380 2315 libri
1427 2261 1594 2330 ipsius
1639 2259 1805 2330 gratia
1827 2301 1842 2327 ,
1889 2260 1942 2315 in
1989 2274 2091 2330 qua
2121 2258 2348 2328 refulget
2379 2268 2464 2312 tua
2509 2270 2689 2314 saneta
2733 2261 3037 2330 prmsentia.
3069 2260 3272 2328 Quibus
3301 2261 3574 2330 profectis,

270 2352 418 2423 quies
451 2360 509 2408 et
531 2367 630 2422 pax
657 2368 749 2422 per
767 2366 956 2408 omnes
977 2352 1171 2409 fratres
1195 2351 1481 2408 exsultavit
1504 2353 1558 2407 in
1587 2352 1833 2407 Domino.
1854 2351 2101 2422 Quinque
2126 2355 2269 2407 enim
2296 2352 2380 2407 vel
2412 2351 2642 2422 amplius
2668 2351 2889 2407 fratrum
2921 2353 3259 2408 animositate
3276 2353 3373 2407 ista
3392 2364 3473 2412 est
3490 2353 3574 2408 iu-

269 2455 392 2501 nata
420 2446 724 2501 contentio.

329 2547 383 2602 6.
411 2545 533 2603 Sed
557 2546 681 2617 quia
716 2544 1006 2609 interdum,
1035 2543 1253 2600 domine
1274 2558 1428 2614 papa,
1455 2543 1704 2615 provenit
1729 2543 1981 2614 gaudium
2010 2557 2076 2597 ex
2099 2541 2334 2609 tristitia,
2367 2555 2472 2596 non
2495 2541 2630 2596 adeo
2652 2541 3076 2609 mmstificamur,
3101 2543 3223 2614 quia
3247 2559 3343 2614 per
3363 2545 3580 2615 ignaros

262 2649 313 2696 et
333 2641 594 2696 curiosos
621 2639 956 2694 suavissimis
982 2638 1367 2694 monitionibus
1397 2646 1501 2692 tua:
1525 2636 1833 2692 Sanctitatis
1855 2635 2140 2690 illuminari
2169 2635 2480 2689 meruimus.
2509 2634 2640 2689 Nam
2664 2645 2719 2690 et
2741 2635 3002 2691 dubitatio
3031 2636 3168 2691 beati
3195 2636 3420 2693 Thomm-
3443 2654 3576 2710 apo-

261 2733 378 2788 stoli
411 2731 687 2788 foramina
708 2731 980 2786 clavorum
1011 2732 1302 2802 qumrentis
1331 2728 1510 2801 (Joan.
1539 2747 1630 2792 xx,
1657 2728 1750 2800 25)
1783 2727 2123 2784 confirmatio
2146 2727 2242 2782 fuit
2265 2728 2515 2784 Ecclesiae
2543 2730 2886 2785 universalis.
2917 2732 3242 2801 Accepimus
3271 2732 3447 2801 igitur,
3477 2732 3579 2788 do-

260 2826 400 2881 mine
461 2839 594 2895 papa
619 2866 635 2891 ,
665 2824 1108 2880 medicamentum
1156 2825 1242 2894 pie
1283 2823 1582 2878 curantium
1634 2832 1841 2877 tuarum
1881 2835 2003 2877 cum
2045 2822 2213 2892 gratia
2259 2820 2574 2889 litterarum,
2608 2829 2661 2876 et
2701 2823 3042 2877 contudimus
3089 2833 3306 2894 pectora
3361 2834 3576 2892 nostra;

259 2917 417 2972 utsic
453 2916 640 2972 saltem
668 2923 887 2971 sanetur
914 2917 1238 2971 conscientia
1268 2923 1466 2978 nostra,
1487 2929 1647 2984 quam
1680 2929 1774 2984 per
1804 2912 2031 2968 liberum
2053 2913 2330 2968 arbitrium
2359 2923 2625 2977 nostrum,
2653 2914 2794 2984 quod
2822 2901 2984 2970 donat
3005 2916 3392 2983 misericordia,
3425 2925 3581 2973 curat

261 3020 314 3067 et
345 3009 590 3065 vivificat
619 3009 787 3081 gratia
819 3027 832 3063 :
863 3008 957 3065 sed
986 3008 1039 3063 in
1068 3010 1171 3064 hoc
1199 3019 1460 3078 tempore,
1489 3007 1702 3078 quando
1732 3006 1908 3062 adhuc
1947 3005 2366 3060 misericordiam
2390 3020 2510 3060 eum
2536 3005 2795 3062 dilatione
2824 3017 3122 3063 cantamus.
3151 3009 3283 3064 Nam
3312 3025 3433 3067 cum
3463 3026 3577 3067 ete-

261 3103 510 3175 perimus
535 3102 792 3172 judicium
817 3110 1035 3156 cantare
1065 3100 1312 3167 Domino,
1339 3100 1663 3170 reportaturi
1690 3113 1874 3154 sumus
1922 3097 2226 3154 mercedem
2257 3113 2353 3168 pro
2382 3113 2548 3169 opere
2580 3109 2763 3154 nostro
2785 3141 2800 3165 ,
2844 3101 2966 3171 quia
2999 3101 3305 3157 misericors
3333 3103 3580 3173 etjustus

266 3197 552 3260 Dominus,
578 3195 860 3249 miseratur
888 3203 942 3250 et
973 3202 1150 3250 rectus
1175 3193 1461 3266 (Psal.cxr,
1485 3191 1562 3266 4).
1594 3191 1749 3261 Quia,
1783 3192 1922 3247 sicut
1948 3190 2108 3246 docet
2135 3206 2231 3245 nos
2257 3189 2525 3246 Sanctitas
2549 3200 2660 3257 tua,
2689 3195 3062 3262 repraeSentari
3088 3210 3185 3250 nos
3211 3205 3423 3266 Oportet
3452 3205 3579 3253 ante

273 3291 505 3348 tribunal
549 3290 770 3353 Christi,
806 3299 863 3345 ut
891 3290 1113 3361 recipiat
1155 3289 1515 3358 unusquisque
1556 3296 1797 3341 nostrum
1830 3285 2040 3356 propria
2081 3285 2323 3355 corporis
2348 3327 2362 3351 ,
2397 3293 2555 3354 prout
2594 3287 2792 3357 gessit,
2824 3287 2937 3342 sive
2967 3288 3164 3342 bonum
3191 3331 3206 3353 ,
3237 3289 3350 3344 sive
3377 3291 3579 3347 malum

278 3386 340 3458 (ll
371 3385 492 3440 Cor.
524 3400 576 3450 v,
606 3382 695 3454 10)
736 3401 749 3438 :
778 3385 900 3454 quia
929 3384 1108 3438 veniet
1131 3383 1405 3444 Dominus,
1431 3389 1484 3435 ct
1506 3394 1712 3435 merces
1747 3379 1862 3448 ejus
1889 3394 2009 3433 cum
2045 3379 2160 3449 ipso
2192 3377 2342 3449 (Iani.
2388 3396 2474 3442 XL,
2504 3379 2594 3453 10)
2623 3397 2634 3432 :
2665 3382 2786 3451 quia
2815 3382 2976 3435 stabit
3006 3383 3185 3446 homo,
3217 3394 3272 3439 et
3300 3400 3436 3455 opus
3463 3385 3579 3456 ejus

271 3489 396 3534 ante
424 3479 599 3548 ipsum
637 3495 650 3531 :
681 3477 805 3546 quia
842 3476 1019 3530 veniet
1047 3476 1301 3529 Dominus
1332 3475 1464 3528 sicut
1493 3473 1733 3527 clibanus
1757 3471 1973 3538 ardens,
2003 3483 2058 3526 ut
2087 3472 2334 3528 incendat
2361 3473 2552 3542 impios
2583 3482 2833 3545 tanquam
2857 3476 3104 3546 stipulam
3147 3476 3285 3549 (Joel
3310 3495 3369 3545 ll,
3400 3480 3455 3545 '5,
3485 3478 3567 3552 5),

271 3583 324 3626 et
349 3571 660 3626 timentibus
688 3585 882 3624 nomen
917 3568 1123 3622 Domini
1154 3570 1356 3622 orietur
1381 3566 1461 3620 sol
1486 3565 1737 3636 jnstitia,
1772 3565 1984 3636 quando
2032 3564 2177 3634 impii
2217 3567 2502 3636 punientur
2525 3566 2724 3636 judicio
2761 3567 2981 3638 justitize
3012 3568 3285 3642 (Malach.
3310 3587 3384 3638 tv,
3415 3573 3514 3627 1-5
3535 3573 3575 3642 ).

271 3664 386 3720 Hoc
410 3666 606 3733 justus,
641 3664 796 3732 cujus
826 3672 878 3718 tu
907 3664 1108 3718 amicus
1137 3676 1216 3725 es,
1247 3661 1463 3715 domine
1496 3675 1652 3730 papa,
1682 3660 1964 3726 exclamat,
1999 3660 2386 3727 eontremisvit,
2418 3670 2473 3716 et
2498 3661 2809 3732 suppliciter
2835 3663 2963 3718 dicit
2997 3683 3009 3718 :
3043 3663 3292 3734 Domine,
3329 3683 3392 3720 ne
3425 3668 3582 3721 intres

272 3760 322 3812 in
341 3760 599 3829 judicium
622 3775 736 3811 cum
757 3775 899 3812 servo
927 3767 1012 3810 tuo
1043 3755 1212 3826 (Prol.
1246 3758 1406 3819 chtt,
1433 3753 1511 3824 2).
1546 3755 1598 3808 Si
1631 3754 1798 3822 gratia
1830 3764 1972 3808 esset
2003 3756 2394 3810 remnnerantis
2415 3799 2428 3818 ,
2456 3771 2558 3811 non
2597 3758 2810 3814 timeret
2844 3759 3020 3828 justus
3045 3760 3392 3816 secretarium
3430 3761 3581 3833 judi-

271 3853 416 3906 cium
443 3851 754 3920 majestatis.
787 3850 938 3906 Servi
971 3850 1042 3903 tui
1076 3849 1217 3904 Flori
1252 3850 1364 3901 lnrc
1397 3848 1526 3902 fides
1553 3855 1652 3909 est,
1685 3855 1854 3917 pater,
1881 3863 1986 3901 non
2015 3847 2151 3902 sicut
2175 3846 2364 3902 fratres
2397 3849 2481 3903 isti
2512 3859 2636 3904 sunt
2667 3851 2849 3905 locuti.
2881 3852 2935 3906 in
2961 3853 3363 3923 praesentiarum
3390 3855 3579 3912 audie-

272 3957 403 4001 runt
431 3945 498 3998 ab
526 3945 618 3998 illo
645 3945 866 4010 dictum,
894 3960 1000 3998 non
1027 3945 1174 4012 juxta
1210 3944 1395 3997 merita
1429 3954 1610 3996 nostra
1638 3941 1753 3996 dari
1785 3942 1982 3996 (lotium
2018 3943 2230 4011 pietatis
2251 3984 2265 3999 .
2299 3944 2393 3998 sed
2421 3960 2518 4014 per
2544 3947 2770 4016 gratiam
2802 3947 3174 4018 Redemptoris
3199 3967 3213 4002 :
3247 3967 3368 4006 nam
3395 3951 3463 4007 de
3486 3953 3582 4009 illo

273 4039 386 4104 die,
417 4036 538 4106 quis
560 4035 766 4089 dubitet
789 4037 943 4106 longe
971 4052 1089 4090 esse
1127 4038 1372 4106 gratiam,
1405 4051 1525 4090 cum
1553 4036 1776 4104 eruperit
1803 4036 1959 4090 irasci
1985 4036 2232 4105 justitia?
2262 4037 2372 4091 lioc
2401 4039 2715 4104 clamamus,
2734 4052 2924 4110 pater;
2960 4043 3063 4100 hoc
3086 4052 3137 4098 te
3164 4044 3388 4100 docente
3429 4049 3583 4102 cant-

272 4146 419 4191 mus.
445 4144 551 4183 non
583 4128 777 4193 securi,
810 4127 902 4181 sed
935 4127 1125 4196 trepidi
1158 4145 1170 4180 :
1209 4127 1440 4194 Domine,
1487 4145 1548 4182 ne
1572 4129 1623 4182 in
1659 4133 1831 4200 furore
1865 4140 1949 4182 tuo
1976 4146 2160 4200 arguas
2194 4148 2289 4196 me,
2319 4149 2474 4201 neque
2500 4133 2552 4186 in
2581 4133 2659 4186 ira
2687 4143 2774 4187 tua
2803 4137 3050 4203 corripias
3079 4154 3160 4192 me
3187 4137 3358 4204 (Psal.
3395 4157 3465 4206 vt,
3496 4141 3581 4212 2).

275 4226 390 4281 Hoc
412 4223 638 4276 dicimus
669 4237 682 4274 :
719 4219 948 4274 Emenda
975 4238 1084 4288 nos,
1111 4220 1344 4282 Domine,
1373 4232 1420 4274 et
1440 4222 1502 4275 de
1528 4223 1636 4292 lege
1673 4230 1758 4275 tua
1783 4224 1926 4277 crudi
1947 4240 2039 4277 nos
2076 4234 2129 4277 ut
2159 4225 2352 4294 mitiges
2391 4242 2481 4278 nos
2511 4242 2542 4276 a
2571 4226 2743 4280 diebus
2789 4228 2936 4282 malis
2967 4228 3140 4298 (Paul.
3173 4245 3316 4296 xcm,
3346 4231 3434 4299 12,
3463 4234 3580 4305 13).

274 4319 392 4374 Hoc
422 4316 714 4380 credimus,
743 4315 968 4370 docente
998 4323 1066 4378 te,
1095 4315 1416 4370 venerabilis
1441 4326 1610 4387 pater,
1649 4317 1771 4386 quia
1804 4317 1936 4371 Dom
1957 4317 2076 4370 inus
2102 4317 2396 4387 interrOgat
2421 4318 2626 4386 justum
2657 4327 2712 4373 et
2743 4320 2982 4389 impium,
3014 4322 3136 4391 quia
3167 4337 3194 4374 a
3223 4321 3427 4378 dextris
3456 4335 3511 4380 et
3537 4342 3567 4382 a

275 4412 512 4467 sinistris
543 4410 725 4480 positis
755 4409 905 4464 bonis
931 4417 985 4462 et
1003 4409 1154 4462 malis
1176 4408 1399 4478 imputat
1428 4409 1815 4463 remunerando
1840 4424 2000 4479 Opera
2040 4411 2271 4480 pietatis,
2295 4420 2574 4466 enumerat
2606 4413 2928 4482 puniendam
2961 4414 3300 4484 tenacitatem
3325 4417 3570 4489 impieta-

277 4505 365 4559 tis.
400 4502 501 4559 Ubi
525 4504 626 4556 erit
645 4502 836 4573 gratia,
867 4501 1080 4572 quando
1108 4515 1205 4570 pro
1232 4500 1310 4554 sui
1339 4501 1590 4571 qualitate
1616 4501 2008 4572 dispungentur
2034 4517 2217 4572 opera,
2253 4503 2364 4557 sive
2388 4503 2550 4570 bona,
2584 4505 2698 4560 sive
2722 4506 2901 4560 mala?

349 4598 406 4652 5,
437 4595 541 4650 Sed
573 4611 668 4649 cur
699 4611 802 4649 non
835 4595 1092 4650 directum
1117 4611 1222 4649 non
1251 4594 1400 4649 timet
1438 4594 1662 4664 proferri
1682 4596 1701 4626 ⁸
1735 4594 2109 4649 mendacium?
2135 4595 2384 4650 Liberum
2412 4596 2686 4651 arbitrium
2718 4599 2810 4652 Dei
2839 4599 3006 4670 gratia
3031 4610 3269 4656 curatum
3293 4618 3398 4660 non
3421 4621 3585 4678 nega-

278 4707 401 4746 mus
434 4707 446 4742 :
480 4687 573 4743 sed
606 4704 700 4758 per
729 4687 926 4741 Christi
957 4687 1320 4756 quotidianam
1347 4687 1571 4756 gratiam
1604 4689 1863 4756 prolicere
1892 4687 2182 4752 credimus,
2211 4696 2266 4741 et
2299 4686 2537 4756 adjuvari
2567 4689 2902 4747 confidimus.
2933 4691 3066 4760 Quid
3096 4693 3338 4753 homines
3367 4697 3575 4770 dicunt,

280 4783 336 4839 ln
383 4798 500 4837 mea
528 4791 610 4837 est
647 4790 930 4852 potestate,
966 4790 1020 4834 ιιι
1063 4779 1248 4835 faciam
1297 4779 1537 4834 bonum?
1565 4780 1611 4834 si
1651 4791 1824 4835 tamen
1866 4779 2100 4835 facerent
2144 4781 2386 4836 homines
2424 4783 2642 4839 bonum.
2670 4783 2714 4839 Ο
2757 4785 2928 4840 inanis
2965 4788 3208 4859 gloriatio
3229 4793 3578 4853 miserorum!

279 4876 522 4949 quotidie
555 4884 770 4944 peccata
793 4883 1038 4944 arguunt,
1068 4883 1121 4927 et
1151 4873 1247 4942 ipsi
1273 4871 1373 4927 sibi
1401 4883 1680 4926 assumunt
1707 4873 1904 4927 nudum
1925 4874 2146 4929 liberum
2171 4875 2434 4944 jactantes
2463 4876 2762 4944 arbitrium;
2793 4895 2899 4934 non
2930 4880 3274 4942 discutientes
3299 4891 3581 4946 conscien-

282 4971 413 5025 tiam
455 4983 628 5031 suam,
679 4983 797 5038 quae
838 4981 943 5020 non
986 4974 1160 5036 potest
1199 4964 1372 5019 curari
1419 4964 1518 5018 nisi
1561 4980 1659 5035 per
1700 4967 1943 5036 gratiam,
1979 4975 2036 5021 ut
2074 4965 2312 5021 dicerent
2343 4983 2361 5022 :
2389 4968 2629 5025 Miserere
2670 4987 2788 5039 mea,
2817 4989 2944 5029 sana
2979 4977 3205 5033 animam
3247 4997 3428 5051 meam,
3458 4983 3580 5054 quia

349 5110 370 5181 ξ
399 5107 500 5181 -Α1.,
845 5133 906 5181 -Ϊ
936 5105 1118 5181 {coria
1135 5111 1238 5165 Ms.,
1261 5112 1634 5181 murrina-uiues.
1651 5131 1707 5142 —-
1750 5107 1770 5138 ³
1795 5105 1883 5169 AL,
1910 5107 2134 5172 repetitas
2150 5123 2316 5162 eorum
2333 5110 2732 5176 perturbationes.
2756 5140 2817 5154 -
2849 5115 2873 5150 ⁸
2889 5115 2982 5181 AL,
3006 5118 3270 5175 dontinum.

349 5171 372 5204 ³
391 5171 700 5220 Corbeiensis
720 5177 800 5218 Ms.
821 5207 836 5229 ,
874 5168 968 5220 sed
993 5169 1478 5279 cor.......agroferre.

351 5233 426 5279 (al
461 5233 646 5279 Librum
670 5245 760 5279 seu
795 5231 1049 5279 epistolam
1076 5229 1184 5279 194.
1289 5232 1478 5279 Sixtum.

351 5233 427 5356 (a)
461 5233 646 5281 Librum
670 5245 760 5281 seu
795 5231 1049 5294 epistolam
1076 5229 1184 5289 194,
1208 5229 1266 5279 ad
1289 5229 1486 5280 Sixtum.

352 5295 405 5355 (ὁ
463 5295 716 5356 Rescripsit
736 5305 855 5343 sane
879 5294 1109 5356 Evodius,
1125 5293 1330 5355 ejusque
1353 5307 1486 5352 supet

352 5293 427 5377 Sb)
453 5295 716 5377 .ltescripsit
736 5293 855 5377 sane
879 5294 1114 5377 Modius;
1124 5293 1501 5377 ejttsqtiensuiier
1517 5294 1609 5377 hac
1631 5295 1733 5377 ipsa
1754 5306 1818 5377 re
1835 5293 1892 5342 ad
1905 5294 2216 5377 IValentinum
2239 5300 2439 5373 epistola
2468 5303 2515 5350 in
2536 5302 2703 5377 codice
2725 5310 2772 5354 s.
2811 5308 2998 5358 Maximi
3030 5312 3350 5362 neverensis
3379 5322 3583 5377 reperta

352 5307 427 5356 (ο)
463 5307 716 5372 uescrtpsn
736 5307 855 5343 sane
879 5307 1098 5368 modius.
1125 5307 1330 5364 ejusque
1353 5307 1501 5352 super
1521 5307 1609 5367 nac
1631 5307 1733 5403 ipsa
1754 5307 1812 5344 re
1835 5307 1892 5342 ao
1913 5307 2216 5371 vatenttnum
2239 5307 2439 5373 epistola
2468 5307 2515 5350 in
2536 5307 2703 5353 codice
2725 5310 2772 5354 s.
2811 5308 2998 5358 Maximi
3030 5312 3350 5362 neverensis
3379 5322 3583 5377 reperta

291 5365 369 5407 est
393 5370 419 5431 a
445 5359 618 5431 .tlacobo
639 5355 905 5431 sirmondo,
926 5369 1009 5431 qut
1036 5355 1150 5427 inde
1175 5358 1498 5431 fragmentum
1508 5420 1518 5429 O
1538 5364 1642 5405 istm
1670 5372 1748 5431 _u_i
1789 5357 2452 5431 Prtedestinattana‘ﬂistoria,
2477 5377 2580 5431 cap.
2609 5366 2655 5431 1,
2691 5369 2936 5420 transtulit
2960 5384 2972 5420 :
3007 5373 3362 5425 «Honorabiles
3403 5375 3584 5431 fratres

297 5439 319 5466 ι
344 5417 622 5502 rletuIeruAnt
646 5419 783 5468 nobis
940 5417 1104 5502 nesgio
1126 5430 1236 5502 quae
1261 5419 1796 5502 lileQUZPSliOIIIBSjlitm‘
1813 5431 1899 5502 vo’s
1921 5429 2183 5502 nataa‘sunt
2203 5424 2266 5496 de
2293 5417 2449 5475 libero
2464 5417 2661 5502 arbitrio
2685 5437 2735 5479 et
2751 5417 2816 5479 de
2832 5417 3027 5494 justitia
3048 5417 3584 5502 'iiéii'tiiiaaimis'au‘ii

298 5499 322 5527 ιι
343 5480 689 5562 dem_studittm
714 5487 953 5562 vestr-uim},
975 5479 1061 5562 sed
1087 5479 1198 5562 nolo
1223 5492 1310 5562 aus
1332 5479 1839 5562 ciseﬂcoutentios‘um.
1865 5484 2116 5556 Contentio
2141 5487 2271 5533 enim
2299 5490 2709 5562 perturbationem
2737 5479 3582 5562 excitatised"studium—piciazem

300 5562 320 5589 ι
347 5542 569 5624 requirit.
599 5543 751 5624 Liberi
774 5541 954 5624 arbitrii
984 5558 990 5600 ι
1014 5539 1563 5624 leuissimumratl‘cctuni
1585 5543 1750 5624 habuit
1787 5543 1927 5591 homo
1952 5547 2105 5624 primo
2137 5539 2432 5608 procreatus,
2460 5552 2602 5601 Adam
2635 5539 2760 5603 dico:
2794 5539 3580 5624 séiiiibisiu'ciiﬁiETe‘s'iiEs'JE

301 5622 323 5650 ι
1190 5612 1290 5690 ρει..
1311 5611 1430 5690 [ξι-κο
1454 5613 1529 5653 est
1554 5606 1816 5690 in'homine
1843 5602 1969 5654 nunc
1989 5602 2196 5656 liberum
2217 5602 2486 5690 arbitrium.
2511 5615 2598 5690 sed
2634 5602 3401 5690 sauciatumilnde“ditium-esi:

301 5685 325 5713 ι
347 5671 504 5715 "unus
527 5673 596 5744 εδξ
614 5665 665 5715 θη
687 5658 892 5739 εθξδεάεε
916 5662 1046 5744 λίθοι·
1069 5677 1217 5744 "lens.
1245 5672 1302 5744 ρι’
1321 5658 1476 5715 hlium
1499 5665 1757 5744 potiorum
1794 5680 2006 5744 meorum
2044 5682 2208 5744 non_es
2247 5658 2598 5736 maintain?
2619 5658 3276 5744 κῖἱῗῖὶἷὲὶ

302 5728 676 5812 ιιριιιιθῐξηάιιω
699 5726 873 5776 missus
897 5735 981 5812 est.
995 5726 1444 5812 méitiicusﬁalvattlir
1465 5730 1706 5803 Christus,
1724 5737 1775 5780 ut
1802 5727 2019 5812 s’alvaret
2034 5733 2162 5812 quod
2188 5736 2419 5812 perierat,
2448 5726 2499 5786 et
2533 5726 3369 5801 curaret'quodvvitiatum'fuerati;

299 5788 391 5871 alia
411 5788 487 5871 ἔνι
510 5796 690 5871 Legam
714 5803 834 5871 ergo
855 5789 1528 5871 sanctileeiAI-tuijoruundicta,
1547 5793 1673 5871 sicut
1688 5792 1786 5871 jam
1804 5791 1920 5871 disi,
1939 5794 2022 5855 qui
2045 5788 2230 5847 habent
2250 5788 2640 5850 divini'muneris
2662 5788 2791 5863 pium
2807 5788 3136 5866 auec'iuﬁéi
3379 5788 3580 5863 πῖιιπ

308 5865 334 5900 ι
355 5849 602 5918 ιεωαιωιζ
625 5865 724 5903 non
740 5849 837 5902 σῐω
856 5849 1237 5913 reprehendant,
1254 5851 1345 5900 sed
1366 5849 1585 5902 orent'ut
1606 5849 1939 5912 intelligant.»
