4022 6468
277 361 378 422 ιιι

277 479 385 536 Deo
411 477 701 532 miserante
727 481 790 530 et
823 471 944 544 clm
967 471 1196 528 insidias
1229 469 1286 528 in
1309 485 1528 528 mum
1569 483 1847 526 servorum

278 579 588 642 prosectu
611 568 628 600 ³
653 565 882 622 mirabili
909 565 1144 621 bonitate
1167 572 1429 632 vertente,
1457 563 1522 618 ad
1551 561 1654 618 hoc
1679 559 1856 632 potius

277 659 468 724 valuit.
499 667 558 718 ut
587 657 722 716 nulli
753 667 998 712 vestrum
1027 655 1430 712 destruerentur
1458 656 1512 710 in
1549 655 1729 726 pejus,
1757 653 1854 710 sed

278 749 512 807 nonnulli
557 749 952 806 instruerentur
992 747 1047 802 in
1091 747 1302 802 melius.
1352 745 1468 804 Non
1505 747 1682 816 itaque
1719 745 1854 816 opus

277 850 358 900 est
399 842 576 896 omnia
647 837 936 898 identidem
981 849 1308 908 retractare,
1361 855 1480 910 qua
1525 839 1854 894 sufficienter

277 935 420 990 vobis
469 934 629 1004 pleno
677 932 816 990 libro
857 933 1124 1002 disputata
1149 917 1548 988 transmisimus
1589 929 1764 1002 (Libro
1789 930 1855 984 de

277 1025 452 1082 Gratia
475 1035 523 1080 et
547 1024 730 1082 Libero
755 1023 1002 1096 Arbitrio)
1035 1043 1049 1080 :
1077 1039 1236 1094 quem
1261 1023 1532 1094 quomodo
1557 1021 1855 1092 susceperi-

275 1119 360 1184 tis,
413 1117 671 1186 rescripta
719 1117 956 1184 indicant
1005 1127 1202 1176 vestra.
1255 1117 1632 1172 Verumtamen
1685 1115 1854 1170 semei

273 1209 464 1266 lectam
511 1209 660 1266 nullo
705 1208 864 1264 modo
912 1208 1242 1264 arbitremini
1285 1209 1416 1264 satis
1443 1208 1595 1262 vobis
1643 1208 1854 1262 innote-

273 1317 420 1358 scere
449 1301 704 1370 potuisse.
739 1299 796 1356 Si
827 1316 954 1370 ergo
983 1316 1108 1358 eum
1137 1299 1618 1356 fructuosissimum
1657 1299 1856 1356 habere

271 1394 445 1460 vultis,
479 1409 586 1448 non
617 1407 711 1448 vos
735 1393 912 1464 pigeat
955 1393 1242 1464 relegendo
1269 1393 1465 1448 habere
1493 1393 1852 1460 notissimum,

272 1495 328 1542 ut
367 1484 775 1556 diligentissime
803 1485 825 1518 ³
869 1485 1051 1540 sciatis
1087 1485 1282 1556 quibus
1321 1494 1379 1541 et
1419 1487 1664 1556 qualibus
1707 1501 1856 1556 qum-

270 1581 530 1638 stionibus
557 1579 832 1636 solvendis
859 1589 1020 1652 atque
1045 1579 1317 1646 sanandis,
1365 1595 1468 1634 non
1503 1579 1574 1634 ibi
1601 1580 1850 1646 humana,

273 1672 362 1730 sed
401 1672 581 1730 divina
613 1681 858 1730 occurrat
885 1673 1204 1738 auctoritas,
1237 1689 1268 1726 a
1313 1687 1416 1744 qua
1457 1672 1710 1728 recedere
1749 1685 1854 1727 non

270 1763 548 1832 debemus,
575 1764 622 1824 si
647 1765 892 1820 volumus
923 1766 1200 1836 pervenire
1229 1781 1336 1836 quo
1365 1765 1650 1820 tendimus.

338 1855 390 1912 2.
435 1855 698 1920 Dominus
725 1865 904 1912 autem
933 1855 1050 1926 ipse
1077 1873 1184 1910 non
1215 1857 1384 1910 solum
1421 1855 1654 1911 ostendit
1679 1855 1852 1925 nobis,

271 1962 300 2004 a
337 1963 442 2018 otto
483 1949 626 2008 male
667 1949 1031 2014 declinemus,
1059 1959 1112 2004 et
1151 1949 1292 2020 quod
1335 1949 1534 2004 bonum
1575 1949 1852 2016 faciamus,

269 2037 404 2108 quod
643 2049 818 2108 pctest
845 2041 976 2110 legis
1001 2041 1170 2096 littera
1203 2059 1216 2096 :
1241 2055 1427 2096 rerum
1455 2042 1614 2096 etiam
1641 2041 1857 2112 adjuvat

269 2145 385 2198 nos,
403 2140 468 2188 ιιι
497 2131 834 2198 declinemus
855 2148 890 2188 a
913 2133 1073 2198 malo,
1097 2141 1152 2188 et
1177 2133 1434 2188 faciamus
1458 2133 1656 2188 bonum
1681 2133 1852 2206 (Psal.

268 2237 426 2278 ιιιιί
447 2263 462 2290 ,
493 2222 620 2294 27),
646 2225 794 2296 quod
823 2225 1008 2280 nullus
1037 2233 1208 2294 potest
1233 2225 1348 2281 sine
1375 2226 1564 2296 spiritu
1591 2225 1774 2297 gratim
1797 2227 1854 2286 ':

269 2329 382 2383 qua:
411 2315 454 2370 si
481 2314 631 2372 desit
651 2357 666 2380 ,
689 2315 754 2370 ad
781 2315 883 2372 hoc
909 2317 994 2372 lex
1021 2317 1191 2382 adest,
1223 2327 1278 2372 ut
1305 2331 1426 2372 reos
1457 2317 1612 2372 faciat
1635 2326 1690 2372 et
1715 2319 1860 2374 occi-

267 2405 370 2462 dat.
421 2407 654 2478 Propter
701 2409 842 2478 quod
889 2410 1018 2464 dicit
1059 2411 1364 2478 Apostolus,
1411 2411 1604 2466 Littera
1651 2411 1854 2479 occidit,

268 2499 469 2570 spiritus
499 2509 668 2554 autem
695 2501 913 2572 vieiﬁctu
941 2499 1022 2575 (ΙΙ
1047 2499 1168 2556 Cor.
1195 2517 1286 2566 ιιι,
1313 2500 1404 2573 6).
1431 2502 1536 2570 Qui
1563 2517 1692 2573 ergo
1724 2503 1858 2573 legi-

271 2592 396 2648 time
441 2593 564 2664 iege
609 2593 794 2659 utitur,
839 2593 996 2650 discit
1033 2594 1090 2650 in
1118 2609 1179 2648 ea
1219 2594 1420 2652 malum
1447 2603 1502 2650 et
1549 2595 1774 2660 bonum,
1799 2603 1860 2650 et

269 2699 370 2742 non
409 2686 696 2754 conlidens
745 2685 796 2742 in
829 2686 1022 2748 virtute
1065 2701 1162 2742 sua
1211 2685 1448 2756 etaufugit
1492 2687 1558 2741 ad
1605 2687 1856 2758 gratiam,

270 2791 370 2852 qua
419 2786 710 2848 praestante
755 2759 988 2838 declinet
1031 2793 1064 2832 a
1117 2777 1280 2844 malo,
1330 2787 1382 2834 et
1425 2776 1586 2832 faciat
1635 2778 1855 2832 bonum.

270 2865 396 2936 Quis
419 2877 602 2926 autem
643 2867 882 2938 confugit
908 2868 972 2924 ad
1001 2869 1261 2946 gratiam.
1295 2869 1394 2924 nisi
1421 2885 1544 2926 cum
1571 2883 1602 2924 ιι
1631 2869 1860 2924 Domino

271 2973 492 3030 gressus
521 2960 750 3016 hominis
779 2959 1098 3031 diriguntur,
1125 2970 1180 3018 et
1203 2961 1338 3022 viam
1365 2962 1484 3032 ejus
1511 2962 1652 3016 volet
1683 2961 1856 3034 (Psal.

271 3068 464 3120 xxxvr,
493 3053 633 3124 ιδῃ
663 3055 740 3114 Ac
767 3069 863 3124 per
887 3053 990 3108 hoc
1019 3063 1074 3110 et
1099 3052 1408 3110 desiderare
1433 3055 1691 3110 auxilium
1729 3071 1854 3126 gra-

271 3145 390 3214 tiae,
421 3147 634 3214 initium
675 3145 858 3216 gratiae
893 3155 980 3204 est
1011 3164 1022 3198 :
1059 3145 1127 3200 de
1165 3161 1271 3216 quo
1317 3146 1391 3202 ait
1437 3147 1559 3210 ille.
1595 3147 1658 3202 Et
1693 3148 1806 3202 dixi
1837 3163 1858 3202 :

272 3234 428 3290 Nam:
456 3237 588 3308 capi
609 3255 628 3304 ;
657 3236 766 3290 haec
795 3246 866 3290 est
893 3237 1174 3300 immutatio
1199 3238 1420 3292 dextera:
1443 3237 1651 3293 Επειεὶ
1681 3237 1854 3310 (Psal.

270 3344 462 3406 1,3:th
495 3330 554 3386 ll
579 3329 618 3400 ).
653 3329 906 3398 Liberum
937 3329 1116 3400 itaque
1157 3331 1436 3388 arbitrium
1465 3341 1521 3387 et
1561 3331 1627 3387 ad
1657 3333 1856 3388 malum

269 3429 322 3476 et
347 3421 413 3488 ad
441 3421 642 3496 bonum
669 3421 972 3484 faciendum
997 3423 1360 3480 eottfitendum
1387 3434 1469 3480 est
1493 3441 1593 3480 nos
1619 3425 1852 3482 habere:

269 3510 362 3568 sed
393 3513 448 3568 in
485 3513 632 3588 malo
663 3512 905 3584 faciendo
935 3513 1071 3572 liber
1111 3524 1193 3570 est
1233 3516 1458 3585 quisque
1495 3515 1714 3585 institue
1743 3532 1858 3572 ser-

269 3616 472 3678 vasque
525 3603 774 3676 peccati;
821 3603 873 3660 in
919 3603 1061 3664 bono
1103 3615 1282 3660 autem
1333 3605 1468 3666 liber
1507 3621 1630 3664 esse
1677 3609 1856 3665 nullus

269 3704 480 3764 potest,
511 3696 616 3752 nisi
665 3695 822 3750 fuerit
863 3695 1122 3752 liberatus
1169 3697 1238 3752 ab
1267 3713 1334 3752 eo
1359 3699 1448 3769 qui
1475 3699 1650 3766 dixit,
1679 3701 1742 3756 Si
1769 3718 1856 3757 vos

269 3783 438 3866 Filius
465 3788 766 3862 libet-atterit,
791 3799 910 3848 tunc
933 3805 1045 3856 vere
1069 3789 1214 3854 liberi
1241 3793 1380 3850 eritis
1395 3792 1582 3864 (han.
1601 3811 1716 3860 VIII,
1735 3795 1853 3866 36).

271 3877 380 3936 Nec
405 3865 481 3936 ita
513 3889 590 3946 ut,
625 3896 744 3936 cum
773 3884 997 3954 quisque
1019 3884 1179 3952 fuerit
1205 3901 1234 3940 a
1265 3888 1466 3956 peccati
1495 3865 1857 3946 dominatione

265 3969 562 4038 liberatus,
594 3973 702 4040 jam
749 3991 854 4040 non
897 3977 1130 4048 indigeat
1157 3979 1240 4034 sui
1285 3981 1588 4038 liberatoris
1612 3985 1852 4038 auxilio:

266 4060 364 4116 sed
393 4061 466 4116 ita
495 4061 692 4140 potius,
723 4073 782 4118 ut
808 4065 874 4124 ab
903 4066 996 4134 illo
1021 4069 1274 4146 audiens,
1303 4069 1430 4126 Sine
1456 4089 1533 4128 me
1559 4074 1690 4128 nihil
1713 4084 1856 4146 pote-

264 4153 356 4207 stis
385 4155 551 4224 facere
578 4153 690 4222 (Id.
719 4171 814 4221 xv,
846 4155 900 4229 5)
927 4173 942 4222 ;
975 4158 1117 4213 dicat
1141 4161 1188 4214 ei
1215 4169 1270 4216 et
1307 4162 1440 4234 ipse,
1473 4165 1692 4236 Adjutor
1716 4185 1856 4225 meas

267 4251 404 4324 esto,
433 4260 498 4322 ne
533 4244 851 4318 derelinquas
877 4264 955 4310 me
983 4249 1166 4320 (Psal.
1200 4268 1340 4320 xxvi,
1371 4253 1448 4326 9).
1491 4255 1643 4313 Hanc
1669 4258 1851 4330 fidem,

265 4351 385 4412 quae
429 4337 545 4412 sine
583 4337 744 4412 dubio
770 4355 894 4396 vera
935 4351 988 4398 et
1031 4344 1336 4414 prophetica
1381 4356 1436 4404 et
1469 4353 1762 4420 apostolica
1799 4363 1854 4410 et

267 4429 530 4486 catholica
561 4429 694 4486 fides
733 4441 815 4500 est
834 4475 849 4500 ,
879 4434 1041 4490 etiam
1071 4437 1124 4492 in
1171 4437 1334 4494 fratre
1363 4449 1550 4498 nostro
1577 4442 1736 4499 Floro
1763 4445 1852 4500 in-

267 4521 478 4576 venisse
509 4537 593 4578 me
617 4521 824 4592 gaudeo
855 4541 867 4576 :
897 4525 1038 4584 unde
1067 4527 1122 4582 hi
1149 4529 1326 4598 potius
1363 4533 1664 4604 corrigendi
1705 4545 1849 4605 sunt,

268 4625 402 4682 quos
448 4613 658 4692 quidem
693 4617 922 4688 prepitio
963 4617 1074 4684 Deo
1111 4633 1384 4678 correctos
1425 4639 1548 4682 esse
1585 4628 1696 4696 jam
1737 4629 1854 4684 exi-

266 4706 444 4770 stimo,
476 4707 562 4776 qui
590 4722 710 4778 eum
743 4701 847 4774 non
873 4710 1258 4782 intelligebant.

333 4797 416 4872 βλ
430 4787 562 4862 PU'I‘
603 4799 664 4854 ll.
693 4829 763 4840 -—-
791 4801 844 4864 5.
889 4801 1235 4875 lntelligenda
1263 4814 1348 4862 est
1383 4808 1526 4866 enim
1555 4811 1722 4881 gratia
1753 4811 1848 4868 Dei

265 4903 362 4959 per
405 4890 588 4970 ,lcsnrn
629 4890 896 4950 Christum
945 4894 1230 4954 Dominum
1277 4909 1541 4968 nostrum,
1589 4919 1690 4974 qua
1737 4906 1850 4962 sola

266 4978 508 5056 homines
537 4983 834 5042 liberantur
859 5001 888 5038 a
915 4987 1076 5053 malo,
1105 4999 1160 5046 et
1195 4991 1315 5052 sine
1341 5007 1443 5062 qua
1469 4995 1670 5050 nullum
1697 5011 1853 5068 pror-

266 5087 357 5130 sus
403 5078 517 5154 sive
563 5079 868 5148 cogitando,
915 5081 1030 5138 sive
1071 5083 1300 5140 valendo
1343 5097 1399 5142 et
1441 5089 1689 5158 amando,
1737 5093 1850 5150 sive

265 5166 472 5237 agendo
512 5166 712 5244 faciunt
759 5171 954 5242 bonum
995 5190 1010 5226 :
1053 5188 1159 5228 non
1197 5177 1368 5234 solum
1415 5188 1474 5234 ut
1517 5191 1850 5241 monstrante

267 5259 378 5329 ipsa
411 5260 534 5330 quid
563 5260 861 5324 faciendum
891 5265 960 5320 sit
985 5266 1187 5334 sciant,
1218 5285 1402 5326 verum
1435 5274 1595 5330 etiam
1625 5285 1680 5330 ut
1704 5292 1848 5346 prae-

267 5359 438 5408 stante
465 5352 576 5422 ipsa
617 5353 812 5430 faciant
835 5371 960 5412 cum
985 5358 1271 5424 dilectione
1307 5364 1448 5434 quod
1475 5368 1669 5422 sciunt.
1699 5369 1848 5426 Hanc

265 5441 457 5514 quippe
501 5445 904 5516 inspirationem
949 5449 1105 5510 bona:
1143 5454 1430 5516 voluntatis
1465 5467 1626 5530 atque
1667 5463 1848 5531 operis

322 5557 356 5628 Ξ.
373 5556 561 5628 blitum
581 5565 710 5620 '88-.
733 5561 1016 5628 protection-

323 5619 702 5698 τζξργζιρξςπιξςι
716 5697 721 5698 ,
733 5619 1083 5698 ἒοιέίεςςιειιιιη.
1103 5630 1357 5698 Putabant.
1375 5631 1752 5698 ,άίιιιειιίίεείηιεο
1791 5645 1849 5690 At

261 5683 566 5758 [ιξξιιιιιεςῄιιιὶ
587 5681 808 5758 βειΙΙξςςιηὶ
836 5681 888 5758 ei
909 5681 1124 5756 Vaticani
1139 5681 1248 5739 cuin
1287 5681 1846 5758 intonaturisBaio;

261 5743 401 5809 uibus
423 5743 624 5809 habent,
649 5743 1030 5809 diligentissime.

325 5805 1066 5886 ῗΗΞξξείεέξὲξιξέξιιιίξεξωυδ
1091 5812 1266 5876 codex.
1289 5813 1384 5870 nisi
1415 5817 1619 5886 φθίιω
1653 5822 1843 5886 om.

263 5863 541 5934 Casalensis,
567 5863 662 5919 nisi
683 5863 856 5933 spiritu
874 5863 1064 5936 grdlit'e'.

1674 347 1880 414 LIBER
1911 343 2116 412 ﬂNUS.

3453 363 3556 418 918

1969 467 2220 538 poscebat
2245 469 2531 540 Apostolus
2557 469 2636 526 eis
2660 513 2674 539 ,
2720 469 2916 542 quibus
2945 461 3176 538 dicebat,
3207 467 3432 527 'Oram'as
3460 477 3558 527 au-

1965 571 2062 615 tem
2087 561 2156 615 ad
2180 561 2376 631 Deum,
2409 580 2473 618 ne
2499 563 2622 637 quid
2650 563 2850 635 faciatis
2879 549 3002 621 mali
3023 609 3040 635 ,
3063 584 3188 622 ~non
3217 577 3274 622 ut
3303 585 3394 623 nos
3433 585 3556 640 pro-

1963 651 2065 706 bati
2093 641 2430 723 appar-eamus
2452 698 2465 724 ,
2499 657 2588 710 sed
2623 667 2678 710 ut
2715 671 2802 712 vos
2839 659 2980 728 quod
3023 659 3208 714 bonum
3237 671 3311 715 est
3354 661 3556 734 faciatis

1963 740 2038 815 (Il
2065 743 2182 798 Cor.
2215 759 2345 812 xm,
2371 743 2450 818 7).
2491 747 2622 814 Quis
2663 747 2768 804 hoc
2807 749 3024 816 audiat,
3073 761 3126 806 et
3165 765 3270 806 non
3315 753 3552 823 evigilet,

1963 842 2126 904 atque
2151 833 2384 891 fateatur
2415 851 2445 892 a
2471 837 2697 894 Domino
2719 841 2832 896 Deo
2859 841 3017 897 nobis
3043 857 3164 898 esse
3185 886 3198 910 ,
3227 851 3283 898 ut
3316 843 3555 899 decline-

1964 939 2082 980 mus
2127 941 2157 980 a
2207 928 2368 992 malo,
2417 937 2472 984 et
2515 929 2771 986 faciamus
2815 931 3059 988 bonum?
3107 933 3550 1007 Quandoquidem

1963 1032 2070 1072 non
2113 1019 2187 1073 ait
2231 1021 2536 1090 Apostolus,
2577 1023 2876 1092 Men-emus,
2929 1025 3205 1094 docemus,
3247 1027 3552 1100 hortamur,

1965 1110 2304 1180 increpamus
2331 1134 2344 1166 :
2375 1114 2470 1168 sed
2497 1115 2590 1178 ait,
2613 1115 2838 1172 Ofonius
2863 1119 2931 1172 ad
2953 1119 3136 1184 Deum,
3165 1137 3228 1175 ne
3249 1121 3372 1192 quid
3396 1115 3556 1192 facio?-

1963 1201 2026 1256 tis
2055 1203 2194 1268 mali,
2228 1205 2318 1258 sed
2337 1207 2476 1276 quod
2503 1207 2689 1262 bonum
2717 1217 2788 1262 est
2815 1211 3034 1282 faciatis.
3073 1211 3142 1266 Et
3177 1222 3354 1269 tamen
3385 1213 3548 1268 etiam

1963 1295 2280 1368 loquebatur
2309 1299 2422 1367 eis,
2453 1309 2508 1355 et
2537 1299 2766 1357 faciebat
2813 1303 2900 1358 illa
2946 1305 3123 1358 omnia
3153 1321 3271 1376 quae
3313 1321 3554 1360 comme-

1968 1391 2209 1456 moravi;
2251 1391 2528 1461 monebat,
2567 1392 2812 1460 docebat,
2847 1395 3179 1462 hortabatur,
3210 1399 3553 1469 increpabat:

1963 1482 2056 1538 sed
2087 1483 2291 1540 sciebat
2321 1483 2437 1540 haec
2459 1487 2639 1540 omnia
2669 1501 2773 1542 non
2801 1488 3010 1556 valere,
3037 1505 3156 1560 qua:
3181 1489 3468 1560 plantando
3499 1499 3554 1547 e't

1963 1575 2184 1646 rigando
2215 1575 2442 1633 faciebat
2475 1579 2526 1632 in
2571 1589 2786 1649 aperto,
2829 1580 2930 1634 nisi
2957 1595 3078 1636 eum
3109 1595 3206 1652 pro
3244 1582 3347 1636 illis
3383 1597 3556 1637 exau-

1967 1668 2104 1724 diret
2129 1681 2394 1738 orantem,
2427 1672 2518 1742 qui
2543 1672 2632 1726 dat
2655 1673 3040 1728 incrementum
3075 1674 3125 1728 in
3153 1675 3382 1729 occulto.
3411 1675 3558 1743 Quo-

1961 1762 2103 1814 niam
2150 1761 2288 1816 sicut
2331 1761 2470 1818 idem
2513 1761 2704 1817 doctor
2733 1761 2981 1818 Gentium
3037 1764 3183 1831 dicit,
3239 1762 3416 1834 Neque
3463 1764 3552 1834 qni

1965 1851 2162 1920 plantat
2205 1862 2278 1907 est
2321 1852 2536 1922 aliquid,
2577 1871 2736 1922 neque
2777 1855 2860 1926 qui
2905 1857 3078 1926 rigat;
3123 1855 3214 1910 sed
3256 1856 3343 1927 qui
3387 1855 3556 1909 incre-

1962 1953 2186 1996 mentum
2210 1944 2298 1996 dat
2329 1944 2466 1998 Deus
2499 1943 2558 2014 (Ι
2585 1943 2705 2000 Cor.
2739 1961 2815 2011 Ill,
2847 1945 2932 2018 7).

2031 2035 2087 2090 4.
2129 2035 2244 2090 Non
2273 2051 2332 2090 se
2369 2037 2548 2106 itaque
2579 2035 2782 2102 fallant,
2813 2039 2905 2108 qui
2935 2037 3138 2104 dicunt,
3171 2057 3190 2090 ι
3225 2037 3422 2109 thuid
3451 2051 3556 2094 no-

1963 2127 2046 2184 bis
2089 2127 2411 2198 pradicatur
2459 2137 2620 2198 atque
2665 2131 3006 2200 praecipitur,
3053 2139 3112 2184 ut
3149 2129 3479 2186 declinemus
3521 2144 3558 2186 ι

1963 2219 2104 2274 malo
2143 2227 2198 2275 et
2239 2219 2498 2276 faciamus
2541 2221 2760 2288 bonum,
2811 2223 2854 2276 si
2895 2222 2997 2278 hoc
3035 2238 3134 2277 nos
3173 2239 3280 2278 non
3325 2224 3554 2294 agimus,

1963 2311 2058 2366 sed
2109 2311 2160 2366 id
2213 2312 2350 2366 velle
2403 2321 2458 2366 et
2511 2313 2721 2382 operari
2765 2314 2904 2368 Deus
2954 2323 3205 2383 operatur
3249 2315 3304 2368 in
3343 2315 3498 2368 nobis
3525 2331 3550 2367 ι

1965 2401 2221 2473 (Philipp.
2249 2419 2306 2466 ιι,
2339 2404 2471 2472 13)?
2526 2403 2631 2458 Sed
2663 2405 2840 2474 potius
2887 2405 3224 2476 intelligant,
3253 2405 3296 2459 si
3331 2405 3424 2460 lilii
3456 2405 3556 2462 Dei

1965 2503 2122 2562 sunt,
2161 2496 2350 2566 spiritu
2393 2497 2486 2551 Dei
2531 2511 2590 2552 se
2627 2498 2710 2568 agi
2755 2497 2947 2568 (Rom.
2977 2515 3099 2565 vm,
3139 2499 3276 2571 M),
3309 2507 3366 2553 ut
3409 2499 3558 2570 quod

1963 2587 2225 2658 agendum
2255 2597 2338 2642 est
2365 2597 2557 2656 agant;
2595 2597 2650 2643 et
2675 2604 2794 2643 cum
2823 2591 3050 2659 egerint,
3081 2589 3154 2644 illi
3189 2605 3216 2642 a
3248 2603 3354 2660 (pro
3391 2599 3562 2662 agunt

1963 2679 2162 2749 gratias
2199 2689 2376 2750 agant.
2423 2681 2666 2750 Aguntur
2699 2684 2842 2738 enim
2887 2689 2947 2736 ut
2987 2692 3180 2752 agant,
3211 2697 3316 2736 non
3357 2691 3416 2736 ut
3455 2681 3558 2751 ipsi

1965 2769 2096 2826 nihil
2145 2779 2352 2842 agant;
2403 2781 2458 2828 et
2495 2773 2560 2826 ad
2609 2775 2709 2827 hoc
2755 2773 2834 2828 eis
2881 2774 3178 2828 ostenditur
3222 2773 3350 2844 quid
3395 2789 3558 2844 agere

1963 2862 2210 2927 debeant,
2243 2871 2302 2918 ut
2337 2864 2553 2936 quando
2587 2865 2640 2920 id
2681 2875 2845 2936 agunt
2881 2867 3018 2922 sicut
3045 2866 3309 2937 agendum
3351 2874 3461 2934 est,
3501 2867 3556 2924 id

1962 2967 2064 3020 est,
2093 2971 2214 3012 cum
2249 2955 2538 3013 dilectione
2573 2965 2628 3014 et
2661 2957 3020 3014 delectatione
3048 2959 3284 3029 justitlte,
3321 2959 3558 3013 suavita-

1965 3057 2068 3106 tem
2111 3063 2270 3119 quam
2315 3049 2459 3104 dedit
2501 3050 2790 3115 Dominus,
2833 3058 2892 3105 ut
2929 3060 3068 3106 terra
3107 3066 3298 3124 eorum
3340 3053 3357 3084 ί
3401 3051 3558 3107 daret

1961 3143 2192 3200 fructum
2237 3157 2389 3200 suum
2419 3142 2586 3216 (Psal.
2619 3159 2836 3212 Lxxxw,
2867 3143 2994 3217 lii),
3035 3146 3306 3217 accepisse
3333 3161 3394 3202 se
3419 3161 3560 3216 gau-

1963 3235 2143 3290 deant.
2189 3233 2413 3302 Quando
2457 3243 2632 3290 autem
2681 3250 2786 3290 non
2829 3243 3010 3306 agunt,
3057 3238 3168 3293 sive
3203 3238 3420 3292 omnino
3447 3251 3558 3294 non

1961 3325 2242 3392 faciendo,
2273 3325 2386 3380 sive
2413 3339 2516 3380 non
2545 3340 2608 3380 ex
2649 3325 2910 3384 charitate
2949 3327 3228 3392 faciendo;
3273 3336 3460 3396 orent,
3497 3337 3558 3386 ut

1964 3417 2108 3488 quod
2135 3416 2370 3496 nondum
2395 3417 2594 3474 habent
2619 3419 2900 3490 accipiant.
2929 3419 3066 3488 Quid
3093 3420 3233 3474 enim
3261 3420 3554 3488 habebunt,

1967 3511 2108 3582 quod
2141 3495 2246 3566 nun
2263 3495 2542 3578 accepturi
2569 3511 2736 3566 sunt?
2773 3519 2864 3566 aut
2885 3512 3014 3582 quid
3035 3511 3254 3580 habent,
3279 3513 3420 3584 quod
3447 3529 3556 3570 non

1961 3612 2280 3672 acceperunt
2311 3601 2366 3673 (Ι
2393 3599 2513 3656 Cor.
2541 3617 2615 3668 tv,
2650 3601 2703 3673 7)
2725 3602 2748 3656 7

2029 3693 2256 3750 CAPUT
2295 3693 2382 3766 ΙΙΙ.
2413 3722 2486 3734 -
2507 3693 2562 3750 5.
2599 3711 2618 3746 ι
2647 3693 2808 3766 Ergo,
2845 3713 2865 3748 ι
2891 3695 3157 3765 inquiunt,
3191 3714 3211 3750 ι
3240 3697 3556 3768 pmipiant

1962 3787 2332 3860 tantummodo
2381 3787 2534 3842 nobis
2573 3787 2700 3857 quid
2740 3785 2916 3844 facere
2947 3787 3237 3846 debeamus
3277 3791 3368 3862 qui
3401 3791 3556 3848 nobis

1962 3891 2215 3950 praesunt,
2245 3889 2381 3938 etut
2405 3880 2662 3938 faciamus
2685 3891 2841 3940 orent
2875 3898 2970 3952 pro
3003 3883 3158 3940 nobis
3187 3904 3200 3942 :
3235 3901 3344 3940 non
3373 3894 3554 3942 aute

1961 3987 2060 4028 nos
2087 3973 2378 4044 corripiant
2417 3983 2472 4028 et
2513 3985 2771 4045 arguant,
2803 3975 2848 4030 si
2887 3991 2994 4034 non
3037 3975 3341 4034 fecerimus.
3381 3997 3402 4032 ι
3441 3979 3554 4034 lmo

1963 4065 2140 4126 omnia
2173 4063 2302 4118 (iant
2327 4081 2342 4118 :
2374 4063 2625 4134 quoniam
2649 4063 2896 4122 doctores
2919 4065 3280 4128 Ecclesiarum
3309 4067 3554 4140 Δρωιοιὶ

1960 4158 2138 4214 omnia
2191 4155 2495 4224 faciebant,
2543 4168 2594 4212 et
2641 4157 3023 4228 prrecipiebant
3069 4176 3190 4229 qttm
3235 4160 3456 4227 fierent,
3495 4169 3556 4218 et

1960 4249 2319 4319 corripiebant
2361 4250 2404 4302 si
2451 4265 2558 4304 non
2601 4249 2830 4314 fierent.
2867 4258 2924 4306 et
2963 4251 3190 4306 orabant
3235 4259 3292 4306 ut
3339 4251 3550 4308 tierent.

1961 4341 2208 4412 Praecipit
2235 4340 2523 4411 Apostolus
2549 4341 2732 4396 dicens
2755 4383 2772 4408 ,
2805 4341 2991 4400 Omnia
3015 4351 3180 4398 vestra
3223 4359 3339 4398 cunt
3375 4343 3552 4398 chari-

1961 4443 2063 4486 tate
2088 4433 2108 4462 ¹
2137 4433 2265 4502 fiant
2297 4431 2405 4502 (Id.
2431 4448 2542 4496 xvr,
2571 4433 2682 4499 li).
2707 4431 2942 4504 Corripit
2967 4433 3178 4498 dicens.
3203 4432 3326 4492 lam
3348 4435 3552 4506 quidem

1961 4524 2164 4580 omnino
2207 4525 2444 4582 delictum
2485 4535 2558 4580 est
2609 4525 2662 4580 in
2705 4526 2841 4580 vobis
2867 4525 2916 4592 ³,
2960 4526 3080 4597 quia
3117 4527 3319 4598 judicia
3357 4527 3554 4590 habetis

1959 4618 2230 4672 vobiscum.
2264 4617 2434 4686 Quare
2457 4619 2590 4672 enim
2619 4635 2721 4672 non
2749 4617 2910 4689 magis
2936 4618 3252 4688 iniquitatem
3278 4619 3551 4690 patimini?

1959 4725 2114 4780 quare
2161 4725 2262 4764 non
2317 4710 2484 4780 potius
2531 4709 2845 4778 fraudamini
2867 4711 2895 4764 2
2949 4709 3056 4766 Sed
3097 4725 3186 4766 vos
3229 4711 3548 4781 iniquitatem

1961 4806 2147 4876 facitis,
2193 4815 2240 4858 et
2269 4803 2542 4876 fraudatis,
2569 4813 2615 4862 et
2647 4803 2742 4858 hoc
2778 4804 2961 4874 fratres
2984 4803 3023 4858 ’⁵.
3063 4804 3144 4860 An
3184 4805 3387 4862 nescitis
3421 4807 3546 4876 quia

1957 4895 2136 4966 injusti
2179 4913 2388 4968 regnum
2415 4893 2514 4950 Dei
2555 4912 2658 4950 non
2703 4895 3029 4966 possidebunt
3069 4894 3198 4968 (Id.
3221 4911 3306 4966 Vl,
3335 4897 3368 4952 7
3385 4926 3412 4940 -
3431 4896 3500 4968 9)
3523 4897 3545 4952 i

1959 4987 2251 5042 Audiamus
2275 4995 2333 5043 et
2367 4997 2608 5044 orantem
2641 5005 2657 5042 :
2691 4985 2793 5046 Vos
2819 4997 2984 5044 autem:
3005 5031 3020 5056 ,
3053 4989 3264 5060 inquit,
3293 4988 3546 5046 Dominus

1959 5079 2257 5148 multiplicat
2277 5121 2290 5146 ,
2319 5089 2366 5134 et
2393 5078 2655 5138 abundare
2695 5079 2854 5148 faciat
2879 5080 2930 5134 in
2967 5080 3211 5136 charitate
3243 5082 3298 5136 in
3333 5081 3544 5136 invicem

1957 5181 2004 5226 et
2041 5171 2094 5226 in
2133 5188 2305 5226 omnes
2343 5172 2400 5242 (l
2429 5171 2608 5226 Thess.
2637 5187 2714 5236 tu,
2749 5171 2856 5244 12).
2883 5173 3162 5244 Praecipit,
3190 5182 3247 5227 ut
3285 5171 3546 5232 habeatur

1956 5261 2187 5318 Charitas
2215 5280 2229 5318 :
2262 5265 2508 5334 corripit,
2539 5264 2660 5334 quia
2689 5280 2794 5320 non
2825 5263 3050 5322 habetur
3083 5265 3315 5320 charitas
3353 5284 3366 5320 :
3399 5275 3543 5334 orat,

1957 5363 2014 5408 ut
2042 5354 2275 5412 abundet
2311 5354 2564 5412 cbaritas.
2593 5355 2638 5412 Ο
2663 5355 2843 5426 homo,
2871 5359 2924 5414 in
2957 5358 3312 5428 praeceptione
3347 5373 3544 5430 cogno-

1956 5459 2046 5500 sce
2093 5445 2218 5514 quid
2272 5445 2468 5502 debeas
2513 5448 2748 5514 habere;
2795 5448 2848 5502 in
2893 5449 3232 5520 correptione
3277 5463 3544 5521 cognosce

2018 5579 2036 5643 ξ
2072 5587 2170 5643 Am.
2193 5585 2272 5630 Er.
2293 5587 2346 5630 et
2367 5579 2590 5643 plerique
2611 5589 2738 5643 uss,
2761 5580 2883 5643 ejus.

2019 5641 2038 5671 θ
2073 5641 2796 5712 ξξιξ-ιιιιιηιιξοιὶυιὶϐιιιιίωιιῐει
2817 5643 3026 5693 Vaticani
3061 5649 3117 5694 ut
3131 5655 3276 5708 supra
3311 5645 3403 5696 col.
3427 5647 3540 5700 901.

1957 5707 2013 5750 Αι
2038 5702 2170 5762 editi,
2197 5703 2248 5752 in
2281 5702 2532 5754 citat-itote.

2019 5765 2040 5795 ³
2061 5772 2166 5812 Mss.
2193 5766 2436 5825 ontittunt,
2463 5767 2514 5816 in
2535 5765 2682 5817 vobis.
3499 5787 3504 5792 ·

2017 5827 2037 5856 δ
2072 5827 2205 5898 ιξίιὶιί,
2232 5826 2482 5898 fratribus.
2508 5837 2686 5898 Omnes
2708 5833 2870 5878 autem
2893 5836 3020 5892 Mss,
3054 5831 3229 5894 fratres
3257 5844 3275 5882 .'
3299 5833 3545 5898 accipiu-

1954 5887 2067 5938 dum
2091 5890 2140 5938 in
2163 5887 2414 5940 accusandi
2432 5903 2565 5951 casu,
2582 5890 2721 5954 juxta
2743 5903 2972 5954 graecum.
