4022 6476
439 327 547 386 919

437 455 534 505 tuo
572 453 629 505 te
651 445 783 503 vitio
810 457 918 501 non
942 441 1180 508 habere;
1231 440 1284 496 in
1327 441 1570 497 oratione
1595 455 1860 513 cognosce
1885 439 2029 497 unde

437 543 674 614 accipias
709 537 849 612 quod
889 537 969 592 vis
1009 534 1227 591 habere.

507 632 736 691 CAPUT
775 631 862 686 IV.
891 659 966 671 —
988 628 1042 685 6.
1091 646 1110 681 ι
1135 627 1435 698 Quomodo,
1471 647 1492 681 ι
1527 627 1717 698 inquit,
1750 645 1772 680 ι
1794 641 1918 684 meo
1945 627 2031 683 vi-

436 733 514 788 tio
538 744 644 785 non
672 726 916 792 habetur,
939 723 1080 794 quod
1107 739 1215 778 non
1240 722 1420 792 accepi
1447 721 1515 777 ab
1553 721 1676 788 illo,
1719 736 1749 776 a
1786 736 1894 793 quo
1929 722 2030 778 nisi

435 825 615 890 detur,
658 835 764 877 non
804 827 887 873 est
929 817 1148 871 omnino
1189 815 1362 870 alius‘
1411 813 1554 870 unde
1597 815 1698 869 tale
1734 830 1797 870 ac
1826 823 2029 870 tantum

434 929 630 972 munus
678 910 1021 968 habeatur?»
1076 907 1326 964 Patimini
1367 922 1453 962 me
1493 907 1784 978 paululum,
1835 906 2030 963 fratres

435 1009 566 1075 mei,
599 1023 706 1064 non
736 1005 1019 1064 adversum
1049 1017 1164 1065 vos,
1196 1015 1420 1074 quorum
1452 1010 1656 1056 rectum
1680 1009 1764 1055 est
1789 1015 1884 1056 cor
1907 1017 2028 1057 cum

434 1099 583 1168 Deo,
622 1098 716 1154 sed
756 1097 1014 1151 adversus
1043 1109 1136 1150 eos
1165 1095 1254 1164 qui
1287 1103 1496 1148 terrena
1537 1091 1778 1162 sapiunt,
1824 1092 1908 1147 vel
1937 1092 2031 1147 ad-

433 1206 624 1248 versus
651 1191 794 1262 ipsas
820 1189 1078 1242 humanas
1105 1185 1474 1256 cogitationes,
1498 1199 1596 1254 pro
1615 1182 1849 1239 caelestis
1873 1192 1927 1238 et
1949 1183 2031 1238 di-

432 1287 574 1343 vinze
602 1287 788 1358 gratia:
817 1285 1042 1339 veritate
1069 1280 1332 1336 certare'.
1366 1278 1478 1332 Hoc
1506 1278 1648 1332 enim
1678 1277 1860 1333 dicunt
1883 1320 1899 1345 ,
1940 1278 2029 1348 qui

432 1380 487 1436 in
519 1380 630 1434 suis
661 1377 904 1449 malignis
926 1374 1177 1446 Operibus
1213 1373 1280 1428 ab
1310 1373 1464 1442 hujus
1487 1373 1672 1443 gratiae
1711 1372 2028 1442 prtedicato-

433 1474 584 1532 ribus
607 1473 802 1544 corripi
833 1473 1023 1526 nolunt
1051 1485 1065 1519 :
1105 1488 1123 1520 ‹
1148 1468 1388 1537 Ριιίιιοὶρθ
1415 1467 1544 1521 mihi
1573 1467 1697 1537 quid
1726 1465 1914 1521 faciam
1943 1476 2032 1522 :et

433 1569 479 1626 si
510 1568 719 1632 fecero,
749 1581 847 1638 age
878 1581 976 1635 pro
1004 1579 1089 1618 me
1112 1562 1310 1633 gratias
1339 1561 1481 1628 Deo,
1519 1561 1610 1631 qui
1641 1561 1768 1615 mihi
1806 1568 1864 1615 ut
1892 1560 2032 1616 face-

431 1675 548 1716 rem
575 1659 751 1723 dedit;
787 1658 832 1712 si
868 1666 1044 1711 autem
1086 1670 1190 1710 non
1221 1653 1422 1718 fecero,
1472 1669 1576 1708 non
1608 1668 1706 1724 ego
1735 1654 2028 1724 corripien-

432 1753 534 1810 dus
565 1768 704 1820 sum,
727 1750 822 1808 sed
854 1749 942 1805 ille
969 1747 1201 1804 orandus
1225 1756 1329 1812 est,
1361 1754 1417 1800 ut
1445 1745 1535 1801 det
1559 1745 1699 1816 quod
1727 1761 1833 1800 non
1862 1745 2028 1812 dedit,

433 1845 488 1900 id
514 1853 599 1899 est
625 1843 820 1914 ipsam,
845 1856 948 1908 qua
972 1848 1235 1910 praecepta
1265 1837 1385 1908 ejus
1410 1836 1601 1905 fiunt’,
1625 1837 1834 1892 fidelem
1867 1837 1958 1892 Dei
1979 1847 2034 1894 et

433 1936 663 2011 proximi
691 1934 1034 1990 charitatem.
1063 1931 1169 1986 Ora
1199 1943 1326 2001 ergo
1366 1943 1462 2000 pro
1503 1943 1588 1984 me
1633 1938 1690 1982 ut
1725 1928 1862 1983 hanc
1889 1929 2032 1984 acci-

430 2029 597 2103 piam,
627 2041 680 2083 et
707 2043 800 2097 per
823 2025 960 2081 hanc
991 2040 1056 2079 ex
1095 2024 1272 2077 animo
1297 2037 1417 2078 cum
1448 2023 1585 2078 bona
1614 2022 1887 2078 voluntate
1910 2038 2030 2094 qua:

428 2121 673 2194 prazcipit
697 2119 909 2175 faciam.
935 2118 1108 2174 Recte
1129 2125 1306 2173 autem
1331 2118 1653 2186 corriperer,
1683 2117 1730 2172 si
1758 2132 1878 2172 eam
1909 2133 2029 2173 mea

429 2215 588 2286 culpa
612 2229 720 2269 non
741 2211 1028 2276 haberem;
1056 2211 1156 2264 hoc
1176 2218 1280 2275 est,
1305 2215 1348 2264 si
1372 2225 1487 2265 eam
1510 2225 1721 2280 possem
1749 2211 1878 2265 mihi
1900 2211 2031 2267 dare

427 2310 514 2366 vel
541 2323 750 2366 sumere
767 2307 903 2377 ipse,
928 2321 1026 2360 nec
1053 2305 1303 2369 facerem,
1328 2303 1410 2358 vel
1436 2303 1481 2357 si
1511 2303 1669 2358 dante
1699 2303 1790 2358 illo
1815 2319 1914 2374 ego
1940 2319 2030 2360 ac-

428 2404 608 2474 cipere
633 2401 945 2457 noluissem.
971 2397 1104 2454 Cum
1128 2413 1256 2452 vero
1280 2405 1335 2452 et
1362 2397 1473 2466 ipsa
1493 2397 1735 2451 voluntas
1755 2412 1784 2450 a
1803 2397 2028 2453 Domino

428 2505 762 2570 praeparetur
791 2513 810 2546 ι
837 2493 1020 2566 (Prov.
1040 2507 1155 2559 vin,
1177 2509 1278 2546 sec.
1303 2490 1493 2564 LXX),
1518 2514 1542 2544 ‹
1563 2507 1661 2546 cur
1677 2507 1764 2547 me
1779 2493 2024 2562 corripis,

429 2592 555 2663 quia
581 2589 731 2645 vides
758 2603 844 2643 me
871 2587 988 2659 ejus
1011 2596 1280 2658 praecepta
1310 2583 1487 2640 facere
1516 2585 1689 2651 nolle;
1720 2595 1774 2640 et
1799 2601 1906 2640 non
1929 2602 2026 2656 po-

429 2683 534 2738 tius
562 2683 733 2752 ipsum
765 2694 942 2751 rogas,
973 2687 1030 2732 ut
1055 2678 1106 2732 in
1133 2691 1219 2733 me
1245 2686 1498 2747 operetur
1528 2685 1582 2732 et
1601 2676 1776 2732 velle?
1809 2697 1829 2730 ι

499 2773 729 2830 CAPUT
770 2772 834 2827 V.
863 2802 933 2812 —
961 2773 1014 2826 7.
1058 2770 1138 2825 Ad
1166 2771 1279 2825 haec
1304 2769 1690 2840 respondemus
1723 2763 2024 2837 :‘Quicum-

430 2879 538 2939 que
566 2866 664 2920 Dei
695 2872 957 2936 praecepta
985 2863 1094 2934 jam
1127 2862 1218 2917 tibi
1252 2872 1372 2917 nota
1404 2877 1508 2916 non
1549 2861 1708 2930 facis,
1749 2872 1803 2917 et
1829 2865 2025 2934 corripi

429 2974 536 3014 non
563 2958 666 3025 vis,
696 2959 856 3012 etiam
878 2965 1162 3027 propterea
1184 2953 1554 3024 corripiendus
1575 2969 1656 3023 es,
1681 2954 1802 3026 quia
1828 2956 2026 3026 corripi

428 3067 538 3110 non
560 3052 659 3107 vis.
693 3050 809 3106 Non
840 3051 923 3104 vis
951 3049 1092 3104 enim
1119 3047 1213 3102 tibi
1240 3057 1326 3102 tua
1357 3047 1482 3101 vitia
1504 3046 1854 3102 demonstrari
1879 3067 1893 3104 :
1917 3064 2024 3104 non

428 3148 510 3204 vis
536 3155 594 3200 ut
615 3140 894 3210 feriantur,
926 3143 1118 3213 fiatque
1145 3142 1242 3196 tibi
1270 3141 1414 3196 utilis
1435 3141 1611 3208 dolor,
1633 3158 1738 3213 quo
1759 3142 2023 3197 medicum

429 3253 640 3312 quaeras
672 3254 686 3292 :
719 3252 824 3292 non
855 3236 938 3291 vis
977 3235 1071 3290 tibi
1100 3244 1156 3290 tu
1191 3235 1306 3305 ipse
1343 3235 1583 3302 ostendi,
1615 3245 1673 3290 ut
1699 3250 1820 3292 cum
1848 3236 2026 3292 defor-

429 3349 572 3392 mem
602 3341 654 3388 te
677 3331 848 3399 vides,
880 3331 1288 3386 reformatorem
1313 3329 1607 3394 desideres,
1638 3331 1793 3402 eique
1819 3333 2024 3403 suppli-

429 3443 543 3494 ces,
583 3442 648 3482 ne
687 3427 739 3481 in
785 3425 872 3479 illa
903 3439 1182 3479 remaneas
1212 3423 1469 3479 foeditate.
1502 3423 1678 3480 Tuum
1716 3425 1912 3497 quippe
1949 3427 2027 3481 vi-

431 3521 561 3578 tium
593 3530 675 3576 est
704 3520 844 3591 quod
876 3519 1048 3574 malus
1072 3531 1150 3584 es,
1179 3529 1232 3573 et
1258 3517 1427 3588 majus
1456 3517 1641 3572 vitium
1666 3520 1865 3589 corripi
1885 3521 2026 3577 nolle

442 3615 554 3686 quia
581 3613 751 3676 malus
783 3627 840 3668 es
866 3631 878 3666 :
904 3613 1055 3683 quasi
1095 3611 1357 3666 laudanda
1397 3611 1482 3665 vel
1521 3611 1888 3666 indifferenter
1927 3613 2023 3666 ha-

431 3707 604 3764 benda
648 3707 756 3761 sint
793 3705 940 3771 vitia,
988 3713 1046 3758 ut
1089 3720 1261 3772 neque
1302 3703 1584 3757 laudentur
1613 3718 1788 3774 neque
1819 3704 2026 3774 vitupe-

431 3806 648 3864 rentur;
686 3806 778 3852 aut
801 3811 929 3851 vero
961 3795 1094 3850 nihil
1133 3805 1255 3865 agat
1296 3796 1455 3848 timor
1494 3795 1725 3864 correpti
1768 3795 2021 3866 hominis,

431 3890 518 3946 vel
547 3887 739 3962 pudor,
768 3887 850 3942 vel
877 3885 1060 3952 dolor;
1105 3894 1197 3939 aut
1223 3885 1365 3940 aliud
1412 3896 1552 3955 agat,
1594 3901 1714 3942 cum
1744 3888 2028 3944 salubriter

431 3982 692 4050 stimulat,
720 3981 820 4036 nisi
846 3989 906 4035 ut
926 3989 1142 4050 rogetur
1169 3980 1359 4046 bonus,
1389 3989 1442 4035 et
1464 3979 1484 4011 ’⁸
1515 3996 1578 4035 ex
1611 3982 1766 4037 malis
1792 3983 1881 4054 qui
1907 3998 2026 4039 cor-

432 4079 720 4149 ripiuntur,
753 4077 922 4132 bonos
953 4074 1110 4129 faciat
1129 4074 1220 4145 qui
1243 4073 1538 4129 laudentur.
1571 4075 1722 4144 Quod
1750 4077 1894 4132 enim
1913 4077 2026 4132 vult

432 4185 533 4242 pro
556 4185 614 4225 se
640 4167 751 4230 fieri
782 4168 872 4238 qui
897 4166 1093 4236 corripi
1125 4181 1233 4221 non
1261 4165 1405 4233 vult,
1445 4177 1500 4221 et
1527 4167 1689 4232 dicit,
1719 4167 1823 4224 Ora
1850 4170 2027 4240 potius

433 4279 534 4335 pro
567 4276 683 4328 me;
731 4259 852 4316 ideo
889 4257 1261 4329 corripiendus
1287 4267 1398 4323 est,
1433 4267 1490 4312 ut
1521 4257 1678 4314 faciat
1708 4262 1867 4316 etiam
1913 4263 2027 4332 ipse

433 4369 534 4425 pro
563 4369 642 4408 se.
675 4352 836 4407 Dolor
857 4351 1053 4421 quippe
1090 4349 1198 4416 ille,
1235 4362 1341 4418 quo
1367 4349 1467 4403 sibi
1499 4349 1774 4417 diSplicet,
1817 4355 2028 4422 quando

436 4444 601 4502 sentit
620 4441 974 4512 correptionis
1004 4439 1271 4506 aculeum,
1286 4439 1482 4493 excitat
1497 4456 1615 4494 eum
1636 4442 1687 4495 in
1707 4441 1924 4511 majoris
1949 4444 2026 4515 (α)

435 4537 692 4594 orationis
736 4533 1019 4597 affectum;
1070 4541 1126 4585 ut
1174 4532 1285 4586 Deo
1334 4530 1642 4600 miserante,
1696 4532 2029 4590 incremento

437 4628 712 4687 charilatis
751 4625 962 4695 adjutus
991 4623 1200 4680 desinat
1233 4639 1393 4694 agere
1419 4623 1664 4692 pudenda
1695 4635 1748 4680 et
1776 4625 2024 4694 dolenda,

437 4728 492 4776 et
521 4728 640 4788 agat
671 4716 930 4771 laudanda
962 4725 1120 4784 atque
1147 4713 1424 4784 gratanda.
1463 4714 1589 4769 Haec
1617 4723 1700 4770 est
1734 4718 2028 4788 correptio-

439 4827 521 4866 ms
548 4811 765 4873 utilitas,
800 4824 918 4878 qua:
950 4823 1092 4863 nunc
1119 4809 1310 4878 major,
1343 4823 1483 4863 nunc
1522 4808 1698 4864 minor
1720 4825 1818 4880 pro
1843 4827 2031 4882 pecea-

439 4913 614 4956 torum
636 4900 940 4954 diversitate
971 4899 1256 4954 salubriter
1277 4898 1586 4967 adhibetur;
1618 4910 1670 4955 et
1695 4911 1821 4957 tunc
1840 4911 1923 4958 est
1945 4918 2031 4958 sa-

439 4993 629 5060 lubris,
662 4990 875 5062 quando
903 5004 1166 5063 supernus
1203 4991 1438 5046 medicus
1473 4992 1706 5062 reSpieit.
1738 4993 1854 5048 Non
1885 4995 2028 5050 enim

441 5084 638 5156 aliquid
674 5083 904 5155 prolicit,
934 5083 1033 5137 nisi
1059 5097 1179 5137 cum
1207 5081 1332 5138 facit
1359 5093 1418 5138 ut
1437 5085 1636 5154 peccati
1659 5086 1740 5141 sui
1767 5103 2031 5158 quemque

442 5177 718 5248 poeniteat.
748 5175 811 5228 Et
836 5173 954 5243 quis
978 5175 1078 5227 hoc
1095 5173 1205 5239 dat,
1230 5175 1331 5229 nisi
1353 5176 1439 5245 qui
1468 5178 1702 5247 reSpexit
1730 5181 2029 5249 apostolum

442 5272 660 5327 Petrum
682 5277 981 5339 negantem,
1003 5277 1058 5324 et
1082 5267 1204 5324 fecit
1219 5268 1434 5324 ﬂentem
1459 5269 1609 5344 (Luc.
1626 5289 1758 5342 χχιι,
1791 5273 1878 5343 6i,
1901 5274 2031 5349 62)?

442 5364 597 5422 Unde
625 5371 679 5419 et
697 5361 972 5432 apostolus
1003 5361 1196 5418 Paulus
1217 5372 1558 5435 posteaquam
1585 5366 1736 5435 dixit,
1767 5383 1888 5423 eum
1917 5385 2032 5426 mo-

506 5457 525 5488 ί
560 5463 659 5504 Am.
687 5461 738 5504 et
758 5459 884 5513 Mss,
921 5450 1076 5503 aliud.

505 5521 660 5586 ’.Δία
689 5522 742 5565 et
761 5521 834 5586 gr.
859 5523 910 5586 et
939 5523 1137 5586 oetolex
1166 5514 1413 5586 Gallicanis
1439 5525 1584 5586 Mss),
1623 5534 1713 5586 pro
1756 5521 1960 5586 emtam:
1987 5530 2033 5577 et

444 5578 623 5632 divini:
662 5575 835 5642 gratia:
857 5577 1091 5642 charitate
1128 5585 1332 5642 certare.
1358 5575 1641 5633 Sorimnieus
1672 5591 1724 5635 et
1765 5575 2036 5638 immensis

445 5637 892 5714 Iss.,pri_i_cmles.ti
905 5645 954 5711 et
978 5638 1141 5714 diuina
1161 5639 1395 5714 eharitate
1414 5650 1616 5694 certare.

510 5706 532 5736 ³
560 5700 636 5766 sic
666 5709 772 5750 Mss.
799 5702 916 5750 [aditi
941 5716 1076 5763 vero,
1105 5700 1238 5766 ﬁam.

510 5766 534 5798 ἰ
567 5765 755 5828 Aliquot
777 5771 901 5828 Mss,
917 5769 985 5813 ut.

510 5827 585 5889 (a)
615 5825 774 5886 Forte,
798 5825 1048 5888 maiorem

1259 325 1350 382 DE
1388 323 1871 384 CORREPTIONE
1909 325 2001 382 ET
2037 325 2318 399 GRATIA,
2357 331 2416 389 S.
2455 334 2826 394 AUGUSTlNl

3620 352 3729 411 920

2140 441 2310 500 destia
2339 447 2705 519 corripiendos
2727 466 2847 509 esse
2873 452 3084 511 diversa
3111 457 3402 516 sentientes
3419 502 3436 528 ,
3482 466 3731 534 protinus

2138 535 2358 603 addidit,
2391 537 2442 592 Ν
2447 556 2474 594 e
2501 542 2706 612 quando
2730 543 2815 598 de:
2833 545 2903 600 eis
2930 545 3065 602 Deus
3085 549 3426 618 paenitentiam
3448 555 3519 609 ad
3535 572 3730 628 cogno-

2136 630 2371 685 scendam
2399 635 2651 689 ueritatem
2669 677 2684 703 ,
2711 646 2760 691 et
2786 639 3084 710 resipiscam
3118 642 3182 697 de
3207 644 3399 700 diaboli
3434 648 3629 720 laqueis
3649 650 3730 725 (ll

2135 721 2271 780 Tim.
2294 741 2352 792 ιι,
2381 727 2470 794 25,
2502 728 2618 799 26).

2207 817 2260 874 8.
2300 817 2412 874 Cur
2434 831 2610 877 autem
2643 823 2727 878 isti
2753 825 2841 896 qui
2873 827 3063 897 corripi
3082 829 3290 896 nolunt,
3307 831 3510 902 dicunt,
3540 854 3560 887 ι
3582 835 3729 893 Tan-

2136 919 2248 965 tum
2267 913 2496 982 praecipe
2520 915 2670 982 mihi,
2700 925 2754 971 et
2774 933 2866 972 ora
2895 935 2990 989 pro
3011 936 3117 987 me,
3144 932 3198 976 ut
3217 924 3357 992 quod
3385 927 3631 998 praecipis
3651 929 3730 984 fa-

2134 1003 2310 1080 ciam?
2344 1025 2363 1058 ι
2393 1004 2502 1061 Cur
2523 1024 2628 1062 non
2663 1011 2838 1079 potius
2864 1013 3156 1070 secundum
3183 1033 3335 1072 suum
3368 1035 3590 1088 pravum
3613 1038 3729 1078 sen-

2135 1109 2252 1152 sum
2278 1107 2332 1154 et
2357 1100 2455 1154 ista
2481 1100 2588 1156 duo
2616 1114 2892 1174 respuunt,
2923 1115 2978 1162 et
2996 1108 3200 1176 dicunt,
3233 1110 3341 1167 Nec
3361 1122 3417 1167 ut
3443 1116 3726 1186 prtecipias

2135 1189 2286 1258 mihi,
2317 1207 2414 1248 nec
2439 1203 2496 1248 ut
2525 1211 2648 1250 ores
2678 1213 2774 1268 pro
2799 1214 2885 1254 me
2910 1201 3066 1256 volo?
3107 1202 3239 1270 Quis
3267 1206 3409 1261 enim
3445 1207 3723 1266 hominum

2134 1284 2432 1339 ostenditur
2457 1301 2640 1342 orasse
2667 1304 2763 1360 pro
2790 1289 2981 1358 Petro,
3027 1301 3087 1347 ut
3111 1293 3261 1350 daret
3297 1297 3345 1352 ei
3379 1297 3520 1353 Deus
3547 1302 3725 1371 poeni-

2137 1375 2377 1441 tentiam,
2406 1393 2509 1447 qua
2541 1394 2599 1434 se
2622 1396 2845 1452 negasse
2874 1383 3154 1440 Dominum
3181 1386 3362 1442 flevit?
3389 1390 3518 1458 Quis
3549 1391 3725 1448 homi-

2135 1481 2261 1521 num
2290 1467 2510 1524 Paulum
2550 1469 2743 1527 divinis
2779 1477 3058 1545 praeceptis
3081 1477 3149 1532 ad
3182 1477 3341 1534 fidem
3378 1480 3723 1539 christianam

2134 1562 2522 1630 pertinentibus
2540 1566 2806 1621 erudivit?
2833 1569 2964 1623 Cum
2992 1585 3119 1641 ergo
3135 1571 3410 1628 audiretur
3427 1575 3723 1644 praedicans

2135 1651 2499 1724 Evangelium,
2543 1666 2596 1711 et
2631 1657 2839 1726 dicens,
2888 1660 3082 1715 Notum
3112 1665 3245 1717 enim
3271 1664 3406 1719 vobis
3430 1666 3586 1735 facio,
3618 1672 3724 1739 fra-

2135 1754 2254 1813 tres,
2289 1745 2621 1820 Evangelium
2638 1751 2774 1822 quod
2795 1755 3194 1826 euangelizatum
3218 1767 3293 1812 est
3311 1776 3343 1811 a
3360 1775 3456 1824 me,
3485 1761 3607 1831 quia
3623 1778 3722 1816 non

2133 1847 2207 1892 est
2233 1843 2508 1894 secundum
2532 1843 2820 1909 hominem;
2851 1862 3008 1917 neque
3033 1848 3164 1901 enim
3193 1864 3284 1919 ego
3316 1850 3377 1904 ab
3405 1851 3606 1907 homine
3633 1870 3720 1908 ac-

2134 1931 2246 2002 cepi
2280 1931 2430 1997 illud,
2465 1950 2633 2005 neque.
2654 1935 2832 2004 didici,
2874 1937 2962 1992 sed
3006 1955 3096 2010 per
3142 1941 3494 1997 reuelationem
3535 1943 3722 2000 Christi

2132 2022 2258 2078 Iesu
2279 2023 2476 2097 (Galat.
2506 2043 2545 2090 ι.
2571 2029 2660 2092 11,
2689 2029 2779 2098 ιε)
2810 2048 2822 2084 :
2857 2031 3274 2099 responderetur
3299 2033 3369 2101 ei,
3399 2035 3532 2104 Quid
3561 2037 3718 2093 nobis

2133 2119 2393 2174 molestus
2433 2135 2512 2188 es,
2553 2130 2612 2177 ut
2642 2123 2738 2180 abs
2779 2134 2831 2179 te
2874 2124 3199 2194 accipiamus
3239 2134 3396 2198 atque
3427 2128 3714 2198 discamus,

2133 2208 2274 2280 quod
2316 2219 2370 2265 tu
2415 2227 2519 2266 non
2562 2213 2630 2268 ab
2678 2214 2892 2270 homine
2933 2217 3186 2287 accepisti
3234 2235 3410 2290 neque
3453 2220 3717 2277 didicisti?

2133 2302 2329 2358 Potens
2357 2313 2440 2359 est
2471 2305 2562 2360 ille
2581 2306 2598 2337 ί
2627 2307 2716 2376 qui
2747 2307 2838 2362 tibi
2868 2307 3034 2375 dedit,
3067 2309 3145 2364 sic
3172 2318 3228 2365 et
3255 2309 3409 2364 nobis
3432 2310 3561 2366 dare
3585 2327 3718 2382 quo-

2132 2395 2294 2451 modo
2330 2397 2446 2452 tibi.
2488 2399 2658 2454 Porro
2704 2400 2749 2455 si
2781 2400 2883 2456 hoc
2913 2418 3016 2456 non
3049 2403 3249 2459 audent
3271 2404 3470 2471 dicere,
3501 2405 3596 2460 sed
3627 2422 3718 2477 pa-

2133 2488 2336 2541 tiuntur
2359 2489 2460 2543 sibi
2488 2489 2833 2561 Evangelium
2860 2492 2927 2546 ab
2956 2492 3170 2549 homine
3201 2494 3508 2563 pradicari;
3541 2513 3720 2566 quam-

2130 2584 2212 2636 vis
2237 2582 2397 2637 etiam
2425 2584 2594 2652 possit
2616 2600 2723 2640 non
2750 2601 2848 2656 per
2889 2586 3158 2644 hominem
3190 2588 3390 2643 homini
3411 2589 3523 2645 dari
3549 2607 3562 2619 °
3592 2606 3719 2646 con-

2129 2675 2324 2730 cedant
2357 2677 2516 2731 etiam
2554 2679 2752 2748 corripi
2797 2695 2856 2735 se
2895 2680 3092 2737 debere
3131 2697 3160 2736 a
3204 2684 3506 2754 praepositis
3535 2684 3665 2752 suis,
3690 2700 3720 2741 a

2129 2767 2326 2838 quibus
2368 2767 2660 2826 christiana
2708 2773 2876 2843 gratia
2929 2774 3277 2844 praedicatur;
3328 2780 3572 2845 quamvis
3621 2791 3721 2834 non

2129 2868 2351 2930 negetur
2383 2862 2523 2917 Deus
2554 2877 2735 2932 posse,
2769 2880 2929 2935 quem
2957 2866 3102 2929 velit,
3133 2867 3291 2921 etiam
3327 2868 3474 2922 nullo
3510 2869 3722 2926 homine

2129 2953 2472 3022 eorripiente,
2503 2955 2794 3026 corrigere,
2819 2965 2875 3012 et
2897 2957 2962 3010 ad
2989 2957 3227 3013 dolorem
3258 2959 3527 3014 salubrem
3555 2960 3719 3031 pinni-

2131 3046 2311 3101 tentiaa
2355 3048 2710 3103 occultissima
2761 3059 2816 3104 et
2864 3050 3232 3120 potentissima
3277 3053 3556 3108 medicina:
3613 3069 3719 3110 sua

2129 3145 2394 3208 potestate
2420 3139 2727 3209 perducere.
2759 3141 2825 3196 Et
2847 3142 2982 3197 sicut
3012 3157 3119 3198 non
3146 3153 3227 3198 est
3254 3143 3321 3199 ab
3340 3146 3586 3202 oratione
3606 3162 3719 3202 ces-

2129 3229 2354 3284 sandum
2388 3247 2483 3301 pro
2508 3233 2588 3288 eis
2611 3247 2747 3302 quos
2775 3234 2968 3305 corrigi
2997 3235 3266 3304 volumus,
3305 3239 3466 3292 etiam
3504 3240 3548 3293 si
3580 3241 3717 3297 nullo

2131 3319 2407 3375 hominum
2431 3331 2617 3377 orante
2648 3338 2743 3393 pro
2765 3323 2923 3380 Petro
2951 3325 3207 3381 Dominus
3232 3330 3468 3398 respexit
3495 3345 3639 3396 eum,
3668 3339 3720 3388 et

2130 3414 2255 3470 fecit
2278 3430 2401 3470 eum
2419 3430 2574 3470 suum
2600 3427 2873 3486 peccatum
2897 3418 3026 3475 flere
3050 3439 3062 3476 :
3087 3421 3156 3476 ita
3184 3436 3288 3478 non
3310 3435 3393 3478 est
3410 3426 3716 3498 negligenda

2129 3510 2417 3578 correptio,
2462 3511 2706 3581 quamvis
2752 3512 2894 3566 Deus
2931 3529 3066 3584 quos
3109 3515 3369 3581 voluerit,
3406 3519 3566 3574 etiam
3615 3536 3714 3576 non

2130 3611 2428 3672 correptos,
2467 3601 2622 3658 faciat
2663 3618 2781 3660 esse
2819 3614 3110 3662 correctos.
3144 3606 3294 3663 Tunc
3328 3618 3508 3666 autem
3539 3626 3717 3668 corre-

2132 3694 2314 3763 ptione
2357 3693 2565 3763 proficit
2599 3695 2780 3762 homo,
2813 3711 2936 3751 cum
2975 3698 3260 3753 miseretur
3283 3711 3442 3771 atque
3483 3703 3710 3773 adjuvat,

2131 3785 2220 3856 qui
2249 3786 2390 3845 facit
2419 3803 2552 3858 quos
2585 3789 2815 3844 voluerit
2851 3791 3009 3846 etiam
3037 3792 3155 3848 sine
3186 3795 3514 3864 correptione
3553 3797 3710 3866 profi-

2131 3894 2274 3935 cere.
2307 3879 2417 3936 Sed
2447 3896 2610 3952 quare
2653 3882 2738 3938 isti
2779 3883 2876 3950 sic,
2921 3883 2995 3938 illi
3031 3886 3202 3952 aliter,
3241 3895 3391 3956 atque
3416 3887 3506 3942 alii
3534 3889 3703 3954 aliter,

2130 3971 2360 4027 diversis
2384 3981 2438 4028 et
2467 3974 2935 4030 innumerabilibus
2964 3976 3138 4032 modis
3163 3986 3417 4033 vocentur
3447 3988 3507 4034 ut
3540 3979 3711 4035 refor-

2132 4071 2366 4130 mentur,
2396 4064 2536 4120 absit
2575 4073 2633 4119 ut
2656 4063 2897 4122 dicamus
2921 4067 3180 4138 judicium
3226 4069 3321 4125 luti
3351 4085 3472 4128 esse
3497 4071 3710 4142 debere,

2131 4156 2226 4212 sed
2253 4157 2415 4228 ﬁguli.

2203 4248 2430 4305 CAPUT
2475 4247 2558 4303 VI.
2582 4280 2654 4290 —
2677 4250 2730 4306 9.
2779 4270 2798 4303 ι
2828 4252 3148 4322 Apostolus,
3185 4273 3204 4307 ι
3251 4254 3526 4326 inquiunt,
3571 4276 3592 4310 ι
3623 4258 3712 4324 ait,

2136 4341 2262 4408 Quis
2293 4342 2425 4395 enim
2453 4351 2498 4396 te
2521 4341 2803 4398 discernit?
2827 4345 2964 4413 Quid
2993 4357 3156 4400 autem
3185 4347 3338 4402 habes
3357 4348 3496 4419 quod
3515 4366 3615 4404 non
3634 4366 3718 4403 ac-

2133 4434 2344 4504 cepisti?
2375 4432 2434 4488 Si
2458 4443 2624 4487 autem
2649 4444 2693 4488 et
2722 4437 2986 4506 accepisti,
3032 4439 3155 4508 quid
3184 4439 3420 4510 gloriaris
3445 4442 3593 4508 quasi
3620 4457 3717 4495 non

2133 4526 2386 4596 acceperis
2411 4525 2453 4596 (Ι
2484 4525 2602 4581 Cor.
2636 4542 2709 4591 tv,
2743 4528 2834 4599 7)?
2862 4529 2970 4584 Cur
2998 4545 3126 4602 ergo
3166 4532 3508 4602 eorripimur,
3541 4536 3717 4605 argui-

2135 4633 2274 4686 mur,
2305 4617 2766 4688 reprehendimur,
2796 4622 3146 4677 aecusamur?
3188 4623 3324 4691 Quid
3356 4623 3602 4695 facimus,
3630 4628 3719 4699 qui

2134 4725 2240 4766 non
2277 4709 2616 4780 accepimus?
2645 4729 2663 4763 ι
2695 4711 2796 4778 Qui
2832 4711 2947 4767 haec
2988 4713 3191 4782 dicunt,
3223 4725 3373 4772 extra
3413 4718 3622 4789 culpam
3660 4733 3720 4775 se

2134 4803 2304 4859 videri
2341 4803 2549 4870 volunt,
2598 4803 2653 4857 in
2693 4802 2797 4858 hoc
2825 4803 2964 4873 quod
2992 4819 3097 4860 non
3125 4805 3382 4862 obediunt
3415 4809 3524 4865 Deo
3553 4829 3569 4865 :
3598 4809 3720 4879 quia

2135 4895 2317 4966 utique
2346 4895 2460 4965 ipsa
2491 4895 2791 4950 obedientia
2817 4911 3010 4952 munus
3044 4897 3158 4967 ejus
3181 4909 3296 4965 est;
3337 4916 3460 4971 quae
3501 4916 3721 4958 necesse

2137 4996 2221 5044 est
2247 4995 2308 5042 ut
2335 4988 2405 5042 sit
2429 4988 2483 5042 in
2503 5002 2568 5043 eo
2596 4988 2680 5044 cui
2710 4987 2943 5044 charitas
2973 4990 3130 5058 inest,
3159 5008 3278 5061 quze
3303 4993 3421 5048 sine
3457 4993 3620 5049 dubio
3648 5010 3719 5051 ex

2137 5080 2249 5136 Deo
2268 5088 2349 5135 est
2370 5079 2412 5150 (I
2441 5078 2596 5134 Joan.
2631 5096 2704 5146 tv,
2736 5081 2814 5152 7),
2844 5089 2899 5136 et
2934 5081 3026 5137 dat
3063 5097 3180 5138 eam
3222 5083 3380 5139 Pater
3423 5086 3546 5140 filiis
3590 5087 3721 5141 suis.

2144 5191 2164 5225 ι
2199 5171 2363 5238 Hanc,
2398 5189 2418 5225 ›
2468 5171 2731 5242 inquiunt,
2774 5188 2924 5228 «non
2971 5176 3308 5244 accepimus;
3363 5177 3490 5246 quid
3543 5177 3724 5248 itaque

2137 5264 2472 5335 eorripimur,
2515 5265 2666 5334 quasi
2707 5279 2804 5320 nos
2833 5281 2949 5321 eam
2987 5266 3140 5322 nobis
3178 5267 3308 5323 dare
3353 5269 3639 5339 possimus,
3673 5280 3726 5326 et

2139 5367 2322 5412 nostro
2369 5357 2589 5412 arbitrio
2629 5357 2760 5413 dare
2805 5360 3072 5415 nolimus?
3104 5379 3124 5414 ι
3169 5360 3280 5416 Nec
3325 5362 3626 5428 attendunt,
3681 5365 3725 5419 si

2139 5450 2372 5506 nondum
2400 5453 2698 5522 regenerati
2724 5461 2869 5520 sunt,
2892 5453 3116 5524 primam
3138 5469 3258 5510 esse
3271 5469 3506 5522 causam,
3526 5473 3621 5512 cur
3636 5456 3728 5511 ob-

2136 5542 2331 5617 jurgati
2372 5543 2515 5614 quod
2573 5545 2679 5599 sint
2727 5545 3094 5602 inobedientes
3146 5548 3292 5616 Deo,
3337 5548 3439 5603 sibi
3495 5549 3728 5604 debeant

2140 5637 2445 5707 displicere,
2470 5637 2588 5707 quia
2617 5637 2743 5694 fecit
2771 5638 2912 5694 Deus
2933 5639 3203 5696 hominem
3230 5649 3436 5698 rectum
3473 5643 3540 5697 ab
3574 5642 3728 5699 initio

2205 5811 2223 5844 ι
2259 5815 2457 5862 mir.
2485 5819 2538 5863 et
2565 5811 3457 5878 pluresnammmmem'mule.
