4022 6468
243 403 336 464 9,,
1639 383 1845 442 LIBER
1881 382 2083 442 UNUS.

242 531 474 580 cumanae
493 521 750 572 creaturae
781 510 976 586 (Eccle.
996 525 1094 578 vn,
1119 507 1234 582 50),
1256 515 1437 566 etnon
1459 513 1541 564 est
1559 505 1812 577 iniquitas

239 614 370 689 apud
398 613 562 669 Deum
588 609 759 682 (Rom.
793 623 868 674 rx,
903 603 1013 680 14).
1041 606 1120 661 Ac
1141 619 1239 675 per
1259 604 1360 659 hoc
1379 603 1550 675 prima
1580 600 1812 672 pravitas

238 725 329 782 qua
349 708 455 762 Deo
478 719 582 760 non
610 701 872 768 obeditur,
897 699 965 754 ab
993 698 1205 754 homine
1230 707 1343 764 est;
1372 697 1495 767 quia
1515 696 1530 727 ¹
1558 709 1623 749 ex
1653 692 1814 748 recti-

237 801 427 863 tudine,
451 798 503 852 in
528 810 632 866 qua
661 808 782 850 eum
809 793 951 848 Deus
979 791 1228 863 primitus
1254 790 1397 857 fecit,
1430 803 1524 843 sua
1551 787 1687 842 mala
1714 801 1810 840 vo-

239 896 428 950 luntate
454 889 727 953 decidens,
764 901 957 958 pravus
995 883 1215 940 eﬂ‘ectus
1247 890 1349 938 est.
1396 883 1478 937 An
1515 895 1646 936 vero
1690 879 1811 935 ideo

235 984 457 1058 pravitas
477 984 576 1036 ista
602 977 940 1048 corripienda
966 991 1073 1031 non
1099 983 1182 1030 est
1208 974 1259 1029 in
1283 973 1518 1036 homine,
1547 971 1673 1042 quia
1701 984 1809 1024 non

233 1076 339 1146 ejus
360 1072 569 1144 propria
597 1069 688 1140 qui
717 1068 1025 1138 corripitur,
1056 1065 1150 1120 sed
1179 1063 1477 1120 communis
1506 1071 1588 1116 est
1629 1061 1808 1116 omni-

233 1165 360 1224 bus?
400 1164 510 1218 lmo
533 1175 662 1217 vero
691 1159 1009 1230 corripiatur
1046 1166 1101 1212 et
1143 1158 1194 1211 in
1241 1156 1501 1226 singulis,
1545 1153 1686 1225 quod
1727 1161 1810 1208 est

231 1257 476 1314 omnium.
527 1254 642 1310 Non
687 1253 827 1308 enim
871 1259 1154 1322 propterea
1201 1249 1514 1319 cujusquam
1555 1262 1659 1301 non
1702 1255 1805 1312 est,

232 1349 361 1423 quod
387 1349 455 1402 ab
478 1362 542 1402 ea
567 1345 744 1401 nullus
784 1343 1034 1398 immunis
1065 1350 1169 1396 est.
1207 1341 1430 1396 Peccata
1458 1339 1671 1409 quidem
1709 1332 1810 1393 ista

230 1439 498 1512 originalia
545 1438 665 1492 ideo
707 1436 956 1492 dicuntur
994 1435 1185 1501 aliena,
1226 1432 1366 1503 quod
1406 1447 1467 1487 ea
1512 1431 1703 1500 singuli
1741 1429 1810 1485 de

228 1533 525 1606 parentibus
568 1532 824 1586 trahunt:
854 1527 948 1584 sed
979 1543 1086 1582 non
1125 1527 1242 1582 sine
1283 1539 1444 1580 causa
1473 1523 1720 1578 dicuntur
1756 1532 1810 1579 et

225 1633 418 1691 nostra,
447 1622 572 1694 quia
601 1623 652 1676 in
678 1621 769 1676 illo
795 1635 902 1676 uno
925 1635 1114 1684 omnes,
1154 1617 1291 1672 sicut
1329 1617 1456 1672 dicit
1494 1614 1804 1685 Apostolus,

227 1725 540 1790 peccaverunt
558 1712 668 1784 (Id.
692 1729 747 1776 v,
771 1712 882 1784 l2).
913 1711 1246 1782 Corripiatur
1265 1723 1394 1779 ergo
1420 1707 1570 1778 origo
1589 1707 1811 1761 damna-

225 1812 356 1878 bilis,
380 1818 438 1864 ut
463 1824 534 1865 ex
563 1807 754 1862 dolore
779 1804 1136 1877 correptionis
1172 1803 1420 1858 voluntas
1446 1800 1812 1872 regeneratio-

223 1905 300 1960 nis
325 1903 525 1958 oriatur
560 1919 573 1955 :
611 1902 655 1955 si
678 1908 856 1955 tamen
882 1898 971 1969 qui
997 1897 1285 1966 corripitur
1309 1894 1450 1950 ﬁlius
1472 1903 1555 1949 est
1579 1895 1810 1964 promis-

224 1997 398 2063 sionis,
430 2006 490 2050 ut
523 1995 751 2064 strepitu
791 1991 1147 2062 correptionis
1188 1989 1484 2044 forinsecus
1528 1988 1808 2042 insonante

227 2105 284 2146 ac
310 2089 646 2160 ﬂagellante,
679 2086 821 2142 Deus
851 2087 904 2140 in
933 2085 1026 2140 illo
1057 2085 1376 2139 intrinsecus
1403 2082 1610 2137 occulta
1641 2082 1807 2150 inspi-

227 2185 421 2240 ratione
445 2191 703 2252 operetur
727 2188 783 2236 et
818 2180 973 2236 velle.
1019 2178 1078 2236 Si
1117 2189 1293 2234 autem
1326 2179 1436 2248 jam
1465 2186 1808 2247 regeneratus

222 2288 268 2332 et
290 2275 609 2346 justiﬁcatus
631 2274 684 2328 in
706 2273 899 2327 malam
922 2273 1082 2326 vitam
1105 2287 1202 2326 sna
1225 2271 1501 2326 voluntate
1528 2269 1804 2337 relabitur,

221 2377 355 2424 certe
384 2369 483 2422 iste
509 2381 618 2420 non
650 2373 830 2436 potest
854 2363 1055 2428 dicere,
1086 2362 1205 2418 Non
1235 2363 1415 2431 accepi
1451 2380 1464 2416 :
1497 2362 1619 2432 quia
1649 2376 1804 2416 accc-

226 2470 354 2531 ptam
377 2460 603 2530 gratiam
636 2458 727 2512 Dei
748 2459 770 2489 ¹
797 2473 894 2511 suo
922 2457 972 2510 in
999 2456 1194 2510 malum
1239 2455 1406 2509 libero
1443 2453 1621 2508 amisit
1667 2453 1806 2507 arbi-

223 2555 332 2608 trio.
365 2554 462 2621 Qui
491 2554 536 2608 si
569 2551 907 2621 correptione
944 2558 1297 2620 compunctus
1327 2547 1612 2601 salubriter
1653 2547 1798 2615 inge-

223 2647 326 2710 mit,
349 2657 400 2702 et
419 2647 485 2702 ad
512 2645 708 2701 similia
734 2645 872 2700 bona
901 2659 1063 2713 Opera
1092 2643 1173 2697 vel
1194 2644 1353 2697 etiam
1379 2641 1601 2696 meliora
1624 2655 1810 2694 rever-

224 2743 370 2806 titur;
421 2755 622 2812 nempe
674 2739 762 2795 hic
819 2737 1157 2810 apertissime
1207 2735 1407 2790 utilitas
1454 2734 1806 2805 correptionis

220 2843 444 2904 apparet.
475 2833 586 2889 Sed
611 2849 704 2903 per
728 2831 999 2886 hominem
1022 2829 1288 2899 correptio
1309 2828 1423 2884 sive
1453 2843 1518 2882 ex
1545 2825 1806 2882 cltaritate

221 2927 298 2991 sit,
326 2927 437 2982 sive
465 2942 574 2981 non
605 2925 695 2993 sit,
735 2932 914 2979 tamen
943 2931 1005 2978 ut
1029 2930 1277 2992 correpto
1319 2920 1514 2992 prosit,
1552 2934 1667 2994 ~non
1702 2917 1807 2974 nisi

222 3035 308 3090 per
334 3020 499 3075 Deum
533 3019 610 3073 lit.

285 3112 367 3168 10.
409 3115 492 3167 Αη
522 3111 697 3166 adhuc
726 3118 780 3165 et
809 3109 912 3165 iste
938 3108 1130 3164 nolens
1154 3104 1372 3176 corripi,
1401 3113 1575 3177 potest
1601 3104 1800 3174 dicere,

225 3221 243 3257 ι
266 3202 398 3270 Quid
426 3218 528 3274 ego
555 3202 678 3267 feci,
710 3202 800 3273 qui
831 3216 935 3256 non
966 3199 1188 3270 accepi?
1216 3217 1235 3251 ι
1268 3213 1425 3270 quem
1455 3206 1665 3253 constat
1709 3212 1802 3253 ac-

219 3298 438 3367 cepisse,
471 3306 526 3352 et
546 3311 639 3350 sua
661 3295 815 3365 culpa
843 3293 983 3366 quod
1012 3300 1294 3363 acceperat
1319 3291 1600 3345 amisisse?
1631 3309 1648 3342 ‹
1676 3291 1804 3344 Pos-

218 3403 349 3456 sum,
386 3409 404 3443 ι
444 3389 636 3460 inquit,
671 3406 690 3441 ι
723 3403 940 3460 possum
971 3387 1210 3453 omnino,
1246 3384 1460 3452 quando
1492 3400 1576 3439 me
1603 3385 1798 3455 arguis,

218 3483 349 3554 quod
372 3499 435 3539 ex
464 3483 601 3537 bona
630 3481 735 3536 vita
777 3481 829 3535 in
861 3480 1054 3534 malam
1097 3493 1214 3533 mea
1259 3479 1532 3532 voluntate
1563 3478 1804 3549 relapsus

217 3591 346 3643 sum,
378 3578 559 3633 dicere
590 3576 784 3640 adhuc,
825 3573 961 3641 Quid
1001 3588 1101 3644 ego
1144 3571 1268 3636 feci,
1305 3574 1394 3643 qui
1436 3587 1540 3626 non
1578 3571 1802 3642 accepi?

217 3671 406 3741 Accepi
435 3671 577 3726 enim
623 3669 800 3734 ﬁdem,
836 3683 954 3738 qua:
983 3683 1079 3738 per
1118 3666 1460 3721 dilectionem
1503 3675 1754 3734 operatur
1783 3683 1798 3720 :

215 3761 302 3815 sed
329 3762 381 3816 in
415 3763 506 3816 illa
536 3776 702 3832 usque
727 3760 779 3814 in
809 3758 966 3814 linem
990 3757 1442 3829 persevcrantiam
1465 3771 1569 3810 non
1591 3757 1797 3827 accepi.

211 3853 291 3908 An
312 3854 591 3924 quisquam
611 3853 788 3908 dicere
804 3851 1019 3906 audebit
1038 3850 1191 3904 istam
1214 3849 1664 3920 perseverantiam
1694 3863 1800 3904 non

211 3958 324 4001 esse
348 3945 550 3999 donum
578 3945 694 4006 Dei,
723 3952 777 3998 et
803 3943 903 3998 hoc
935 3951 1040 3997 tam
1072 3957 1320 4012 magnum
1351 3941 1548 3997 bonum
1585 3943 1655 3997 ita
1682 3956 1802 3997 esse

211 4048 472 4103 nostrum,
497 4045 554 4090 ut
579 4037 818 4107 quisquis
847 4036 899 4090 id
938 4035 1200 4100 habuerit,
1233 4051 1337 4090 non
1364 4037 1412 4091 ei
1450 4039 1620 4108 possit
1653 4040 1800 4108 Apo-

213 4133 379 4188 stolus
407 4130 610 4197 dicere,
666 4129 801 4195 Quid
845 4129 977 4184 enim
1019 4128 1172 4184 habes
1210 4129 1347 4200 quod
1385 4145 1485 4183 non
1529 4132 1803 4200 accepisti?

212 4227 457 4296 quoniam
503 4224 604 4279 hoc
638 4224 716 4279 sic
762 4222 920 4278 habet
965 4230 1022 4276 ut
1051 4237 1157 4276 non
1185 4221 1488 4292 acceperit?
1523 4240 1542 4274 ι
1574 4222 1654 4276 Ad
1687 4223 1801 4278 lucc

213 4332 305 4373 nos
331 4333 528 4390 negare
552 4316 765 4386 quidem
795 4330 899 4370 non
927 4329 1233 4386 possumus,
1261 4313 1421 4370 etiam
1446 4330 1797 4385 perseveran-

213 4411 333 4464 tiam
366 4411 417 4465 in
448 4410 589 4464 bono
634 4408 996 4480 proﬁcientem
1029 4422 1197 4478 usque
1226 4407 1278 4462 in
1316 4407 1474 4463 linem
1494 4449 1510 4474 ,
1548 4423 1798 4480 magnum

213 4515 327 4556 esse
365 4499 459 4556 Dei
499 4514 695 4555 munus
725 4518 737 4555 :
767 4514 867 4555 nec
907 4513 1030 4555 esse
1067 4497 1171 4554 nisi
1199 4497 1267 4554 ab
1313 4497 1404 4552 illo
1433 4498 1500 4554 de
1526 4514 1632 4570 quo
1660 4500 1798 4555 scri-

214 4602 354 4662 ptum
384 4601 486 4658 est,
523 4591 684 4645 Omne
708 4591 882 4645 datum
903 4592 1144 4664 Optimum
1163 4633 1178 4659 ,
1218 4599 1265 4646 et
1292 4607 1440 4646 omne
1463 4591 1652 4646 donum
1678 4609 1795 4664 per-

213 4686 390 4753 fectum
413 4687 672 4740 desursum
693 4692 788 4750 est,
812 4684 1114 4739 descendens
1141 4700 1172 4738 a
1210 4685 1367 4739 Patre
1392 4685 1639 4740 luminum
1675 4685 1796 4755 (.Ia-

213 4778 316 4831 cobi
343 4795 381 4846 r,
412 4779 523 4850 17).
553 4776 657 4834 Sed
688 4792 794 4832 non
823 4776 943 4832 ideo
966 4785 1051 4832 est
1080 4776 1196 4847 ejus
1227 4779 1316 4849 qui
1344 4793 1448 4832 non
1477 4794 1794 4850 persevera-

211 4872 361 4937 verit,
395 4871 706 4944 negligenda
725 4873 1012 4942 correptio,
1041 4886 1108 4926 ne
1134 4870 1273 4927 forte
1298 4872 1387 4926 det
1413 4873 1486 4927 illi
1516 4873 1657 4929 Deus
1678 4891 1793 4943 poe-

212 4966 501 5033 nitentiam,
525 4977 579 5021 et
594 4967 867 5036 resipiscat
891 4966 956 5020 de
973 4965 1166 5021 diaboli
1187 4967 1406 5037 laqueis.
1425 4966 1793 5036 Correptionis

210 5057 400 5128 quippe
420 5058 629 5113 utilitati
661 5057 796 5114 hanc
821 5057 1137 5114 sententiam
1175 5057 1449 5127 subjunxit
1475 5060 1787 5130 ApOstolus,

210 5146 408 5219 dicens,
436 5150 572 5205 sicut
598 5165 756 5220 supra
781 5150 1195 5206 commemoravi
1221 5165 1234 5202 :
1265 5149 1391 5204 Cum
1417 5150 1661 5205 modestia
1681 5169 1792 5207 cor-

211 5241 466 5310 ripientem
506 5243 702 5297 diversa
739 5245 1025 5310 sentientes,
1072 5244 1337 5314 nequando
1376 5243 1459 5299 det
1501 5245 1605 5300 illis
1654 5244 1792 5304 Deus

212 5335 542 5400 paenitentiam
571 5335 637 5408 (ll
670 5325 802 5390 Tim.
847 5352 903 5402 η,
945 5336 1036 5401 26,
1077 5334 1194 5405 25).
1225 5335 1355 5391 Nam
1407 5337 1450 5391 si
1500 5337 1790 5396 dixerimus

212 5422 356 5479 istam
382 5429 831 5496 perseverantiam
855 5436 962 5483 tam
986 5428 1301 5485 laudabilem
1334 5439 1550 5500 tamque
1580 5431 1786 5488 felicem

211 5516 280 5570 sic
310 5533 427 5575 esse
448 5520 702 5587 hominis,
730 5531 784 5574 ut
809 5521 857 5575 ei
887 5536 991 5576 non
1021 5523 1090 5576 sit
1120 5539 1185 5577 ex
1214 5523 1352 5589 Deo;
1386 5523 1513 5578 illud
1545 5524 1789 5593 primitus

211 5622 541 5680 cvacuamus,
573 5613 714 5683 quod
744 5613 817 5668 ait
844 5614 1095 5670 Dominus
1131 5615 1307 5682 Petro,
1344 5615 1455 5688 Ego
1495 5617 1669 5690 rogavi
1696 5635 1788 5688 pro

270 5743 288 5815 ξ
319 5751 422 5815 atss.
447 5758 538 5796 sex
559 5747 717 5799 Gallic.
745 5755 798 5815 et
826 5757 932 5815 tres
947 5753 1113 5813 vatlc.,
1138 5751 1239 5815 qui.

455 5817 667 5884 quatuor
706 5812 888 5884 βεδιεὶεῄ
903 5847 919 5873 ,
974 5822 1078 5866 tres
1100 5806 1310 5866 'va'ticani
1350 5823 1404 5867 et
1444 5819 1786 5884 Gorbeiensis,

215 5868 334 5926 Quod
355 5868 601 5933 acceptum
617 5872 778 5937 gratia
791 5868 903 5927 Μ.

1919 510 1986 570 te,
2013 519 2075 557 ne
2093 503 2296 566 deﬁciat
2322 503 2449 574 ﬁdes
2475 513 2561 559 tua
2591 504 2741 578 (Luc.
2763 521 2898 574 nu,
2942 507 3057 578 32).
3095 508 3232 579 Quid
3271 513 3412 568 enim
3455 517 3506 573 ei

1917 596 2142 666 rogavit,
2187 596 2288 652 nisi
2331 601 2780 668 perseverantiam
2827 617 2997 674 usque
3037 603 3088 658 in
3137 605 3336 660 linem?
3373 607 3505 678 Qum

1917 688 2158 759 profecto
2186 691 2229 745 si
2257 691 2324 745 ab
2354 691 2569 748 homine
2612 693 2811 748 homini
2845 705 3005 760 esset,
3041 713 3069 750 a
3101 697 3209 751 Deo
3237 701 3502 768 poscenda

1916 796 2023 837 non
2052 793 2214 838 esset.
2234 783 2433 839 Deinde
2453 801 2572 840 cum
2601 786 3060 857 dicitApostolus,
3091 789 3310 846 Oramus
3335 803 3503 849 autem

1914 875 1984 928 ad
2011 874 2194 943 Deum,
2226 893 2289 931 ne
2313 877 2434 947 quid
2454 879 2654 950 faciatis
2675 882 2798 934 mali
2820 880 2884 950 (ll
2909 881 3029 937 Cor.
3052 899 3167 951 xm,
3202 884 3288 953 7);
3317 887 3503 956 procul

1914 966 2076 1023 dubio
2105 971 2560 1040 perseverantiam
2587 971 2665 1026 eis
2695 981 2809 1027 orat
2841 974 2905 1028 ad
2938 976 3122 1030 Deum.
3151 975 3332 1047 Neque
3358 979 3503 1036 enim
3555 995 3560 998 '

1915 1060 2043 1114 nihil
2072 1063 2195 1116 mali
2229 1062 2368 1126 facit,
2399 1065 2487 1134 qui
2520 1064 2716 1120 bonum
2746 1067 2964 1136 deserit,
2987 1080 3040 1124 et
3059 1085 3088 1123 a
3110 1086 3218 1141 quo
3233 1071 3504 1132 declinare

1913 1154 2128 1223 debet‘,
2180 1157 2462 1213 inclinatur
2505 1158 2558 1214 in
2619 1161 2856 1228 malum,
2902 1179 3006 1218 non
3055 1180 3402 1235 perseverans
3450 1169 3504 1225 in

1915 1247 2076 1304 bono.
2101 1249 2195 1304 lllo
2225 1251 2384 1305 etiam
2414 1252 2533 1307 loco
2565 1254 2654 1308 ubi
2684 1255 2831 1319 dicit,
2871 1254 3074 1312 Gratias
3112 1275 3208 1330 ago
3247 1259 3351 1314 Deo
3391 1278 3504 1318 meo

1913 1343 1967 1396 in
1993 1345 2130 1397 omni
2160 1345 2400 1399 memoria
2425 1349 2595 1415 vestri,
2624 1365 2820 1417 semper
2847 1351 2899 1404 in
2930 1353 3067 1407 ontni
3103 1371 3249 1425 prece
3276 1373 3388 1410 mea
3414 1373 3506 1428 pro

1914 1435 2145 1492 omnibus
2163 1438 2300 1492 vobis
2325 1456 2440 1493 cum
2466 1441 2654 1511 gaudio
2677 1442 3082 1512 deprecationem
3113 1450 3323 1519 faciens,
3352 1467 3506 1520 super

1913 1531 2299 1584 communione”
2339 1543 2500 1586 vestra
2543 1535 2596 1587 in
2642 1535 2921 1607 Evangelia
2953 1555 2985 1590 a
3024 1540 3190 1610 prima
3231 1542 3311 1596 die
3354 1560 3508 1612 usque

1912 1634 2077 1686 nunc;
2103 1622 2361 1690 conﬁdens
2388 1625 2482 1678 hoc
2509 1624 2697 1695 ipsum,
2725 1627 2962 1698 quoniam
2995 1631 3081 1699 qui
3105 1633 3251 1702 coepit
3279 1633 3330 1686 in
3365 1635 3505 1689 vobis

1911 1725 2040 1780 opus
2064 1711 2272 1781 bonum,
2299 1716 2523 1786 perﬁciet
2543 1733 2702 1787 usque
2728 1719 2782 1774 in
2814 1721 2949 1775 diem
2978 1720 3166 1778 Christi
3190 1724 3316 1779 Jesu
3349 1725 3506 1796 (Phi-

1913 1804 2041 1876 lipp.
2071 1822 2109 1872 ι,
2137 1807 2259 1880 5-6)
2303 1827 2317 1865 :
2348 1810 2474 1880 quid
2501 1811 2642 1866 aliud
2675 1813 2752 1868 eis
2781 1829 2939 1884 quam
2970 1820 3424 1885 perseverantiam
3452 1819 3508 1876 in

1910 1897 2053 1954 bono
2081 1914 2246 1970 usque
2275 1901 2329 1956 in
2361 1902 2517 1958 linem
2537 1946 2553 1968 ,
2600 1904 2670 1960 de
2703 1905 2800 1960 Dei
2839 1907 3184 1964 miseratione
3215 1911 3510 1980 promittit?

1912 1988 2148 2062 Itemque
2175 1991 2262 2047 ubi
2289 1993 2438 2060 dicit,
2467 1993 2673 2075 salutat
2708 2012 2796 2051 vos
2830 1995 3137 2071 Epaphras,
3169 2002 3255 2067 qui
3282 2019 3346 2057 ea:
3370 2005 3510 2060 vobis

1911 2095 1986 2140 est
2006 2102 2177 2141 servus
2207 2087 2393 2142 Christi
2420 2087 2458 2141 J
2461 2105 2568 2156 esu,
2590 2106 2788 2161 semper
2814 2101 3012 2147 certans
3041 2111 3133 2164 pro
3158 2095 3294 2150 vobis
3315 2097 3367 2150 in
3389 2113 3508 2152 ora-

1911 2179 2149 2244 tionibus,
2195 2190 2252 2233 ut
2290 2182 2430 2236 stetis
2462 2183 2669 2252 perfecti
2707 2192 2754 2238 et
2798 2184 2935 2253 pleni
2975 2185 3028 2240 in
3077 2187 3215 2240 omni
3254 2189 3510 2246 voluntate

1909 2267 2009 2322 Dei
2037 2267 2255 2341 (Coloss.
2280 2286 2350 2336 tv,
2378 2271 2466 2341 i2)
2494 2289 2506 2324 :
2537 2273 2661 2342 quid
2683 2283 2786 2340 est,
2819 2285 2872 2328 ut
2899 2277 3058 2344 stetis,
3091 2277 3213 2343 nisi,
3235 2278 3302 2334 Ut
3329 2295 3510 2349 perse-

1910 2359 2138 2414 veretis?
2175 2359 2330 2416 Unde
2354 2361 2555 2416 dictum
2583 2373 2665 2418 est
2699 2364 2768 2420 de
2796 2364 3037 2431 diabolo,
3082 2366 3150 2422 In
3174 2371 3380 2425 veritate
3403 2388 3506 2428 non

1909 2451 2043 2506 stetit
2073 2451 2249 2522 (Joan.
2282 2470 2396 2522 vm,
2429 2455 2519 2527 44)
2547 2475 2560 2510 :
2591 2457 2712 2526 quia
2740 2457 2839 2513 fuit
2867 2459 2961 2528 ibi,
2986 2461 3079 2515 sed
3110 2477 3217 2516 non
3247 2477 3502 2533 perman-

1909 2543 1998 2598 sit.
2024 2541 2158 2599 Nam
2187 2545 2368 2614 utique
2392 2547 2477 2600 isti
2501 2547 2554 2600 in
2577 2547 2680 2603 lide
2699 2549 2808 2619 jam
2835 2551 3064 2606 stabant.
3089 2553 3199 2610 Nec
3223 2556 3363 2610 aliud
3385 2572 3508 2612 ora-

1909 2649 2052 2702 mus,
2082 2649 2204 2690 cum
2235 2651 2470 2704 oramus,
2503 2648 2561 2692 ut
2587 2641 2678 2709 qui
2719 2650 2844 2707 stat,
2887 2652 3012 2710 stet,
3046 2645 3148 2700 nisi
3176 2656 3232 2701 ut
3257 2663 3507 2717 perseve-

1909 2737 2010 2784 ret.
2051 2728 2180 2785 ltem
2221 2729 2385 2786 Judas
2407 2733 2700 2802 apostolus,
2742 2749 2863 2790 cum
2905 2735 3051 2806 dicit,
3094 2738 3160 2792 Ei
3203 2751 3373 2795 autem
3419 2743 3506 2811 qui

1910 2830 2084 2891 potens
2107 2831 2181 2877 est
2215 2839 2509 2879 conservare
2544 2841 2630 2879 vos
2659 2827 2768 2881 sine
2796 2827 3092 2898 offensione,
3125 2840 3170 2885 et
3197 2834 3503 2890 constituere

1909 2922 2026 2968 ante
2052 2924 2376 2985 conspectum
2397 2916 2578 2987 gloriae
2599 2935 2705 2973 suae
2723 2919 3074 2977 immaculatos
3099 2923 3152 2977 in
3179 2924 3357 2978 latitia
3384 2925 3505 2998 (Ju-

1909 3007 1990 3061 dar
2011 3006 2108 3078 2i)
2143 3026 2155 3062 :
2185 3023 2362 3065 nonne
2387 3010 2726 3080 apertissime
2755 3012 2992 3068 ostendit
3014 3013 3214 3070 donum
3238 3017 3335 3072 Dei
3359 3032 3499 3087 esse,

1908 3099 1963 3155 in
1987 3100 2128 3156 bono
2148 3117 2496 3172 perseverare
2524 3119 2691 3175 usque
2715 3102 2770 3159 in
2799 3105 2994 3160 linem?
3022 3105 3160 3175 Quid
3190 3109 3332 3163 enim
3361 3109 3504 3166 aliud

1907 3191 2100 3258 donat,
2147 3194 2239 3264 qui
2273 3203 2559 3250 conservat
2587 3197 2703 3251 sine
2734 3195 3069 3266 oﬂ‘ensione,
3119 3209 3177 3254 ut
3217 3203 3506 3260 constituat

1907 3293 2035 3340 ante
2055 3293 2402 3355 conspectum
2430 3286 2615 3357 gloriae
2643 3302 2754 3342 sua:
2785 3288 3150 3345 immaculatos
3199 3291 3253 3346 in
3295 3292 3500 3364 laetitia,

1907 3377 2011 3432 nisi
2042 3379 2497 3448 perseverantiam
2525 3379 2752 3434 bonam?
2777 3381 2914 3449 Quid
2955 3390 3038 3437 est
3069 3383 3229 3438 etiam
3271 3385 3411 3454 quod
3449 3387 3502 3442 in

1907 3471 2286 3541 Apostolorum
2315 3471 2539 3528 Actibus
2566 3473 2790 3545 legimus
2810 3516 2824 3539 ,
2858 3476 3129 3531 Audientes
3161 3487 3332 3532 autem
3361 3478 3500 3534 Gen-

1908 3573 1980 3618 tes
2007 3564 2192 3635 gavisa:
2219 3573 2353 3632 sunt,
2391 3573 2435 3619 et
2464 3576 2764 3636 exceperunt
2802 3566 3018 3623 Verbum
3052 3569 3282 3638 Domini,
3315 3582 3361 3626 et
3388 3589 3501 3628 cre-

1907 3657 2144 3712 diderunt
2169 3667 2412 3730 quotquot
2435 3669 2580 3714 erant
2601 3661 2824 3716 ordinati
2842 3661 2896 3715 in
2923 3663 3078 3716 vitam
3097 3673 3338 3718 cateruam
3359 3664 3498 3736 (Act.

1905 3767 2022 3818 xm,
2047 3751 2177 3822 48)?
2198 3753 2328 3822 Quis
2351 3753 2402 3807 in
2433 3762 2688 3808 aeternam
2720 3755 2883 3810 vitam
2913 3759 3085 3827 potuit
3109 3757 3368 3825 ordinari,
3397 3761 3502 3820 nisi

1905 3847 2313 3915 perseverantia:
2335 3846 2512 3902 dono?
2538 3848 2978 3920 Quandoquidem
2999 3852 3086 3923 qui
3111 3857 3501 3923 perseveraverit

1905 3953 2062 4008 usque
2082 3940 2136 3993 in
2162 3941 2335 4009 ﬁnem,
2356 3941 2438 3995 hic
2469 3942 2640 3996 salvus
2663 3944 2757 3997 erit
2786 3943 3000 4015 (Matth.
3033 3961 3094 4012 x,
3122 3946 3238 4018 22).
3269 3948 3382 4017 Qua
3408 3964 3497 4004 sa-

1905 4030 2034 4097 lute,
2059 4033 2159 4088 nisi
2188 4036 2422 4090 aeterna?
2445 4035 2578 4090 Cum
2599 4052 2729 4093 vero
2754 4037 2806 4092 in
2836 4038 3077 4095 oratione
3097 4039 3362 4098 dominica
3387 4043 3498 4100 Deo

1904 4123 2046 4180 Patri
2075 4125 2322 4192 dicimus,
2367 4127 2726 4198 Sanctiﬁcetur
2751 4146 2932 4184 nomen
2969 4141 3109 4185 tuum
3153 4131 3259 4202 (Id.
3294 4150 3368 4200 γι,
3398 4136 3454 4207 9)
3481 4156 3496 4194 :

1905 4217 2030 4287 quid
2059 4217 2201 4272 aliud
2230 4217 2478 4283 dicimus,
2504 4235 2663 4289 quam
2687 4228 2746 4274 ut
2773 4235 2967 4276 nomen
2993 4223 3109 4292 ejus
3135 4225 3497 4283 sanctiﬁcetur

1904 4309 1957 4364 in
1986 4309 2174 4364 nobis?
2199 4310 2351 4378 Quod
2377 4326 2496 4366 cum
2520 4312 2630 4382 jam
2664 4329 2759 4383 per
2781 4313 3049 4370 lavacrum
3071 4308 3496 4388 regeneratiOnis

1903 4401 2146 4458 eﬂ'ectum
2177 4404 2266 4472 sit,
2305 4419 2470 4474 quare
2493 4406 2731 4476 quotidie
2759 4421 2788 4461 a
2820 4407 3062 4464 ﬁdelibus
3096 4412 3352 4482 poscitur,
3382 4414 3489 4471 nisi

1901 4502 1962 4549 ut
1987 4494 2038 4549 in
2065 4509 2131 4550 eo
2152 4495 2290 4565 quod
2315 4494 2514 4552 factum
2543 4507 2626 4552 est
2645 4498 2696 4553 in
2724 4499 2899 4567 nobis,
2927 4511 3303 4571 perseveretur
3329 4519 3358 4558 a
3387 4521 3491 4562 no-

1900 4586 2054 4641 bis"?
2081 4587 2213 4642 Nam
2240 4596 2294 4643 et
2322 4589 2507 4645 beatus
2533 4589 2833 4662 Cyprianus
2854 4591 2955 4648 hoc
2983 4593 3060 4648 sic
3080 4593 3360 4665 intelligit:
3388 4612 3487 4653 ex—

1901 4695 2106 4752 ponens
2144 4682 2338 4752 quippe
2379 4684 2624 4738 eamdem
2653 4685 2971 4752 orationem,
3009 4703 3029 4738 (
3058 4685 3316 4754 Dicimus,
3348 4708 3368 4742 ι
3402 4691 3486 4747 in-
3526 4730 3528 4733 -

1899 4772 2032 4843 quit,
2067 4791 2087 4824 ι
2117 4773 2474 4843 Sanctiﬁcetur
2501 4792 2683 4831 nomen
2712 4785 2884 4845 tuum;
2929 4792 3034 4833 non
3065 4779 3207 4849 quod
3232 4788 3479 4851 optemus

1900 4865 2043 4931 Deo,
2085 4874 2143 4920 ut
2181 4866 2545 4922 sanctiﬂcetur
2582 4869 2914 4925 orationibus
2941 4871 3177 4938 nostris;
3222 4873 3316 4929 sed
3345 4877 3487 4946 quod

1900 4967 2141 5028 petamus
2164 4975 2194 5015 a
2222 4961 2353 5029 Deo,
2386 4970 2444 5016 ut
2469 4976 2662 5017 nomen
2694 4963 2809 5033 ejus
2828 4962 3191 5020 sanctiﬁcatur
3214 4964 3267 5022 in
3309 4969 3483 5026 nobis.

1895 5049 2160 5106 Caeterum
2191 5069 2220 5107 a
2247 5069 2354 5123 quo
2385 5053 2528 5109 Deus
2547 5051 2928 5122 sanctiﬁcatur,
2973 5055 3066 5127 qui
3104 5057 3219 5127 ipse
3246 5059 3484 5115 sanctiﬁ-

1896 5143 2015 5197 cat?
2043 5141 2147 5198 Sed
2199 5144 2320 5215 quia
2376 5144 2490 5215 ipse
2535 5146 2689 5211 dixit,
2742 5144 2921 5202 Sancti
2960 5157 3136 5215 estote,
3166 5150 3404 5220 quoniam
3437 5159 3485 5206 et

1895 5237 2024 5308 ego‘
2054 5248 2258 5294 sanctus
2282 5255 2394 5293 sum
2423 5237 2607 5308 (Levit.
2635 5255 2756 5308 xu,
2783 5239 2879 5306 2);
2910 5239 2964 5296 id
2995 5242 3223 5312 petimus
3246 5252 3301 5297 et
3329 5259 3487 5315 roga-

1895 5345 2034 5396 mus,
2085 5338 2146 5385 ut
2193 5329 2280 5400 qui
2322 5330 2372 5385 in
2423 5331 2692 5401 Baptismo
2721 5332 3036 5388 sanctiﬁcati
3078 5347 3283 5401 sumus,
3328 5334 3381 5390 in
3412 5351 3480 5393 eo

1959 5449 1977 5481 ι
2014 5448 2150 5510 Editi,
2179 5461 2278 5518 non
2299 5447 2474 5518 debet;
2515 5449 2674 5500 addita
2707 5449 2805 5502 illic
2841 5457 3057 5518 negante
3098 5451 3347 5518 particula,
3368 5467 3481 5518 quae

1893 5523 1922 5560 a
1954 5513 2289 5574 manuscriptis
2317 5513 2503 5574 aberat.
2529 5519 2702 5562 Locum
2739 5513 3003 5574 emendare
3036 5513 3241 5563 tentavit
3263 5513 3481 5569 Erasnms

1894 5573 2264 5644 transigositione
2284 5573 2572 5644 copulativa:
2596 5573 3137 5644 particulaboclrnodo
3164 5575 3285 5644 :_qui
3307 5576 3479 5644 bonum

1895 5634 2072 5685 deserit
2093 5649 2122 5685 a
2144 5649 2237 5698 quo
2260 5634 2506 5686 declinare
2536 5634 2631 5686 non
2654 5636 2808 5695 debet,
2831 5634 2876 5698 et
2894 5634 3152 5686 inclinatur
3173 5634 3225 5688 in
3245 5638 3444 5692 malum.

1957 5699 1978 5762 ξ
2010 5707 2110 5762 Am.
2131 5696 2204 5746 Er.
2232 5706 2283 5748 et
2299 5698 2466 5762 plures
2479 5706 2614 5762 _Mss.,
2637 5696 3076 5762 commaticats'one.

1958 5761 1979 5793 ³
2013 5759 2280 5828 sibinensis
2301 5759 2405 5821 bis,
2436 5759 2531 5810 nisi
2552 5767 2602 5810 ut
2623 5760 2749 5822 quod
2771 5762 2952 5823 factum
2969 5768 3048 5814 est-
3063 5761 3116 5813 in
3135 5761 3285 5826 nobis,
3313 5776 3478 5828 per“.

1893 5824 2366 5949 “damnabilius:
2387 5883 2516 5946 δίκαι
2536 5878 2771 5945 Μκαο
2789 5890 2894 5947 εσσε
