4022 6488
206 427 306 487 ηδ

203 547 404 604 electus
436 546 530 602 'e'st
576 544 739 602 ludas
783 542 849 600 ad
897 557 1031 616 opus
1057 543 1142 598 cui
1187 539 1531 612 congruebat.
1577 537 1658 592 Ab
1701 537 1791 590 illo

203 643 398 713 quippe
422 639 625 696 electus
651 651 753 703 (εει,
784 639 872 710 qui
896 639 1050 693 novit
1067 637 1213 692 bene
1239 637 1313 690 uti
1344 635 1500 708 etiam
1532 631 1705 696 malis,
1737 641 1796 684 ut

201 746 254 789 et
275 747 377 802 per
405 733 525 804 ejus
549 746 683 802 opus
717 731 1041 793 damnabile,
1076 727 1204 783 illud
1247 737 1467 798 propter
1499 724 1640 795 quod
1681 725 1797 794 ipse

202 834 446 890 venerat,
482 839 623 894 opus
663 823 970 877 venerabile
1013 821 1392 890 complcretur.
1439 817 1576 873 Cum
1621 817 1798 886 itaque

207 920 477 982 audimus,
516 917 703 971 Nonne
745 934 836 986 ego
865 931 950 969 vos
989 914 1254 967 duodecim
1291 911 1434 981 elegi,
1481 920 1529 964 et
1568 926 1700 962 unus
1738 924 1801 962 ex

206 1013 344 1066 vobis
364 1012 594 1066 diabolus
630 1018 704 1063 est
725 1007 906 1080 (loan.
936 1023 1010 1073 vr,
1046 1004 1180 1077 7i)?
1219 1005 1335 1058 illos
1357 1003 1613 1057 debemus
1648 998 1802 1054 intcl.

209 1104 374 1175 ligare
399 1103 604 1158 electos
631 1115 726 1171 per
745 1097 1189 1162 misericordiam,
1221 1096 1369 1150 illum
1401 1093 1799 1164 perjudiciutn;

212 1197 330 1252 illos
349 1197 367 1227 ‘
394 1195 464 1248 ad
489 1193 838 1250 obtinendum
865 1204 1088 1261 regnum
1111 1204 1286 1251 suum,
1317 1187 1463 1241 illum
1486 1185 1553 1240 ad
1572 1184 1802 1240 funden-

211 1288 335 1344 dum
366 1287 678 1356 sataguinem
699 1298 880 1340 suum.

282 1380 374 1436 15.
417 1379 604 1433 Merito
627 1379 871 1447 sequitur
899 1388 1001 1428 vox
1029 1372 1094 1427 ad
1125 1386 1346 1443 regnum
1379 1370 1670 1424 electorum
1697 1387 1715 1424 τ
1744 1367 1806 1423 Si

210 1469 352 1528 Beas
379 1487 473 1542 pro
498 1468 659 1533 nobis,
679 1470 791 1540 quis
815 1477 990 1521 contra
1023 1465 1150 1519 nos?
1181 1463 1278 1531 Qui
1306 1461 1440 1515 Filio
1467 1462 1672 1532 proprio
1699 1477 1798 1513 non

213 1567 456 1638 pepercit,
482 1563 570 1617 sed
595 1579 689 1632 pro
713 1561 858 1614 nobis
887 1558 1118 1612 omnibus
1149 1556 1359 1609 tradidit
1394 1569 1528 1614 eum.
1555 1551 1808 1623 quomodo

212 1675 314 1714 non
339 1669 388 1712 et
415 1673 528 1710 cum
552 1657 645 1709 illo
673 1655 814 1707 nobis
830 1654 1000 1706 onmia
1025 1649 1263 1704 donavit?
1291 1648 1418 1714 Quis
1434 1647 1688 1698 accusabit
1709 1645 1808 1697 ad-

211 1767 387 1808 versus
426 1749 608 1802 electos
643 1746 771 1800 Dei?
819 1743 957 1797 Deus
985 1743 1072 1814 qui
1107 1740 1399 1812 justi/ient?
1444 1739 1573 1803 Quis
1619 1737 1808 1789 conde-

211 1841 434 1897 παιᾶνι)
461 1839 692 1893 Clu-ictus
732 1837 817 1908 qui
839 1845 1074 1906 mergunt
1101 1841 1196 1899 est,
1225 1832 1384 1902 magis
1425 1838 1596 1882 autem
1635 1828 1721 1898 qui
1763 1835 1810 1880 et

211 1931 506 1995 resurrexit,
539 1930 622 1998 qui
645 1938 725 1982 est
755 1927 806 1980 in
831 1925 1039 1980 dextera
1066 1922 1183 1988 Dei,
1206 1922 1291 1992 qui
1320 1931 1364 1974 et
1391 1917 1686 1989 interpellat
1717 1933 1808 1986 pro

211 2023 398 2080 nobis?
422 2022 591 2087 Quam
623 2019 774 2073 fortis
801 2027 982 2072 autem
1007 2012 1422 2085 perseverantia:
1447 2025 1616 2080 usque
1659 2010 1711 2063 in
1744 2012 1808 2062 tl-

213 2128 340 2170 ηοω
391 2125 585 2166 munus
624 2109 954 2178 acceperint,
1000 2114 1292 2174 sequantur
1327 2113 1380 2157 et
1412 2103 1634 2156 dicunt:
1684 2102 1810 2168 Quis

211 2221 304 2259 nos
334 2202 587 2274 separabit
623 2219 655 2255 α
682 2202 930 2254 ειιιινιίαιε
952 2198 1182 2253 Christi?
1213 2195 1512 2250 inundatio?
1550 2213 1616 2248 an
1643 2211 1809 2264 angu-

210 2296 310 2351 stia
326 2295 354 2351 ?
381 2312 449 2350 ait
475 2293 792 2365 persecutio?
819 2309 886 2346 an
917 2291 1112 2362 fames?
1139 2307 1206 2343 an
1235 2287 1476 2342 auditas?
1501 2304 1567 2340 an
1608 2287 1808 2357 pericu-

213 2386 362 2442 lum?
399 2401 467 2446 an
509 2384 750 2456 gladius?
792 2383 939 2439 Sicut
973 2385 1220 2451 scriptum
1245 2389 1336 2445 est,
1365 2379 1502 2447 Quia
1531 2389 1742 2449 propter
1757 2389 1815 2434 te

213 2479 585 2548 mortiﬁcamur
609 2486 715 2537 tota
743 2477 844 2542 die,
861 2475 1098 2531 mtisuati
1114 2489 1289 2529 sumus
1311 2483 1368 2527 ut
1389 2489 1504 2526 oues
1525 2473 1808 2528 occisionis.

215 2571 326 2628 Sed
353 2571 407 2624 iu
438 2571 517 2625 Itis
545 2570 777 2626 omnibus
817 2567 1214 2639 upwaiucimus
1241 2582 1332 2636 per
1358 2582 1475 2619 eum
1510 2566 1596 2636 qui
1634 2559 1839 2620 dilexit.

213 2679 330 2728 nos.
363 2661 542 2720 Certus
561 2679 672 2718 sum
695 2663 829 2718 enim
853 2663 974 2733 quia
995 2677 1156 2731 neque
1191 2675 1351 2726 mors,
1385 2675 1544 2730 neque
1568 2660 1689 2726 vita,
1719 2674 1816 2715 πο-

215 2772 313 2829 qate
333 2754 568 2828 angelus,
591 2771 751 2824 neque
774 2755 1114 2824 principatus,
1143 2769 1301 2822 neque
1326 2752 1620 2824 praesentia,
1655 2768 1817 2824 neque

217 2851 417 2913 futura,
449 2865 609 2918 neque
629 2849 810 2914 uirtus,
833 2863 997 2918 neque
1021 2846 1260 2910 altitudo,
1290 2861 1449 2913 neque
1473 2845 1810 2917 profundum,

215 2957 382 3012 neque
404 2951 636 3000 creatura
657 2941 765 2998 alia
784 2941 961 3013 poterit
987 2956 1080 2995 nos
1101 2955 1339 3010 separare
1365 2956 1398 2992 a
1423 2938 1666 2993 chan'tatc
1697 2937 1812 3005 Del,

212 3049 336 3104 qui!
385 3042 459 3090 ut
495 3033 552 3092 in
587 3031 788 3090 Christo
834 3030 961 3087 Iesu
1006 3031 1226 3086 Domino
1274 3041 1445 3086 nostra
1483 3030 1667 3101 (Ruit.
1695 3045 1812 3097 vnl,

213 3127 282 3190 51
291 3126 443 3196 ο59).

293 3217 386 3276 16.
411 3215 500 3273 Isti
526 3216 808 3289 signiﬁcati
831 3228 957 3273 sunt
982 3215 1049 3272 ad
1071 3215 1431 3282 Timotheum,
1461 3215 1551 3270 ubi
1569 3229 1693 3270 cum
1725 3214 1814 3270 di-

213 3319 371 3370 uum
403 3310 611 3378 fuisset,
637 3309 985 3382 Hymenaeum
1004 3318 1057 3365 et
1083 3309 1344 3365 Philetum
1375 3309 1529 3364 ﬁdem
1557 3323 1816 3379 quorum-

213 3403 348 3462 dam
390 3402 741 3469 subvertere;
787 3418 910 3458 mox
957 3403 1198 3458 additum
1241 3412 1340 3467 est,
1375 3401 1610 3456 Firmum
1648 3412 1817 3456 autem

215 3495 615 3570 fundamentum
653 3495 750 3552 Dei
793 3506 915 3559 stat,
949 3496 1136 3552 habent
1164 3497 1485 3566 signaculum
1509 3496 1624 3560 hoc,
1655 3495 1818 3550 Scioit

213 3585 481 3642 Dominus
522 3590 613 3657 qui
651 3594 770 3646 sunt
811 3587 923 3656 ejus
949 3585 1016 3656 (ll
1042 3584 1178 3642 Tim.
1199 3600 1260 3649 tt,
1290 3585 1399 3653 19).
1429 3585 1634 3639 ﬂorum
1662 3584 1814 3650 ﬁdes,

213 3692 345 3750 qua:
385 3691 483 3747 per
521 3677 859 3740 dilectionem
901 3686 1176 3747 operatur,
1211 3677 1447 3746 profecto
1477 3685 1568 3732 aut
1593 3678 1818 3732 omnino

213 3783 334 3828 non
360 3766 562 3832 deﬁcit,
596 3778 688 3832 aut
715 3770 760 3824 si
786 3769 878 3840 qui
895 3779 1024 3826 sunt
1057 3783 1284 3841 quorum
1315 3768 1512 3835 deﬁcit,
1539 3778 1821 3840 reparatur

211 3870 513 3933 antequam
537 3860 642 3916 vita
669 3861 767 3918 ista
793 3861 1027 3924 ﬁniatur.
1055 3872 1111 3918 et
1137 3862 1314 3918 deleta
1343 3878 1463 3934 qua:
1490 3863 1817 3918 intercurre-

210 3961 306 4014 πει
327 3953 630 4022 iniquitate,
654 3968 822 4021 usque
847 3953 899 4010 in
915 3955 1075 4012 linem
1098 3954 1492 4023 perseverantia
1516 3954 1816 4022 deputatur.

208 4046 321 4116 Qui
355 4058 486 4100 vero
512 4045 902 4112 perseveraturi
929 4059 1037 4100 non
1065 4055 1207 4108 sunt,
1231 4061 1295 4101 ac
1340 4047 1416 4102 sic
1461 4062 1488 4101 a
1537 4047 1642 4102 ﬁde
1679 4045 1820 4101 chri-

210 4136 398 4191 stiana
428 4141 481 4188 et
503 4133 911 4190 conversatione
941 4136 1143 4204 lapsuri
1173 4146 1318 4201 sunt,
1339 4145 1396 4191 ut
1427 4139 1556 4193 tales
1579 4153 1672 4192 eos
1697 4139 1820 4196 vitae

213 4229 384 4302 hujus
415 4224 536 4280 ﬁnis
568 4226 831 4293 inveniat;
869 4229 1054 4297 procul
1103 4227 1264 4290 dubio
1305 4245 1404 4282 nec
1430 4228 1520 4282 illo
1553 4237 1818 4298 tempore,

215 4337 330 4400 quo
363 4319 498 4375 bene
526 4319 714 4388 pieque
741 4319 952 4384 vivunt,
984 4320 1036 4378 in
1066 4319 1290 4380 istorum
1309 4321 1569 4376 ’numero
1597 4336 1820 4390 compu-

216 4411 372 4470 tandi
405 4417 548 4465 stunt.
586 4408 700 4466 Non
730 4411 872 4464 enim
921 4421 1045 4470 sunt
1085 4426 1116 4464 a
1165 4426 1341 4468 massa
1379 4413 1465 4467 illa
1509 4411 1824 4482 perditionis

218 4501 566 4576 praescientia
601 4501 692 4555 Dei
733 4511 786 4556 et
832 4502 1298 4571 praedestinatione
1339 4503 1588 4570 discreti;
1617 4513 1672 4560 et
1699 4504 1822 4564 ideo

217 4610 327 4654 nec
353 4592 646 4654 secundum
673 4597 1011 4665 propositum
1044 4598 1237 4661 vocati,
1257 4613 1322 4652 ae
1343 4613 1433 4666 per
1459 4597 1563 4654 hoc
1584 4613 1681 4654 nec
1708 4599 1823 4658 ele-

219 4687 294 4742 cti
331 4704 344 4740 :
376 4685 470 4744 scd
514 4685 569 4740 in
605 4684 684 4742 eis
724 4686 915 4750 vocati,
949 4687 1016 4742 de
1053 4687 1247 4759 quibus
1292 4689 1492 4743 dictum
1527 4697 1640 4756 est,
1673 4688 1826 4744 Multi

220 4778 431 4842 uocati;
460 4793 567 4832 non
613 4777 667 4832 in
708 4778 786 4832 eis
825 4778 892 4834 de
935 4779 1128 4848 quibus
1171 4781 1366 4836 dictum
1399 4790 1501 4848 est,
1526 4782 1673 4850 pauci
1710 4797 1825 4836 vero

221 4873 392 4928 electi.
424 4871 488 4926 Et
518 4880 694 4926 tamen
726 4871 844 4941 quis
874 4883 1031 4942 neget
1074 4887 1168 4928 eos
1185 4873 1404 4938 electos,
1430 4889 1550 4928 cum
1578 4873 1822 4941 credunt,

224 4976 281 5022 et
314 4966 672 5034 baptizantur,
701 4973 757 5022 et
782 4966 1074 5028 secundum
1103 4966 1269 5030 Deum
1300 4967 1514 5022 vivunt?
1549 4966 1714 5022 Plane
1743 4967 1824 5022 di-

221 5066 426 5112 cuntur
453 5055 609 5114 electi
639 5070 668 5110 a
699 5056 1060 5116 nescientibus
1098 5056 1224 5128 quid
1270 5056 1431 5120 l‘uturi
1461 5058 1587 5120 sint,
1619 5073 1729 5110 non
1757 5057 1826 5112 ab

223 5151 322 5206 illo
353 5147 443 5218 qui
475 5161 569 5204 eos
598 5146 746 5214 novit
773 5164 878 5203 non
907 5148 1104 5210 habere
1133 5148 1583 5219 perseverantiam
1614 5163 1732 5218 quae
1755 5146 1825 5202 ad

228 5242 446 5297 beatam
471 5240 630 5292 vitam
657 5238 897 5312 perducit
917 5239 1136 5305 electos,
1163 5239 1370 5311 scitque
1399 5239 1524 5296 illos
1554 5240 1625 5300 ita
1654 5247 1820 5308 stare,

227 5342 289 5388 ut
322 5331 614 5400 prmscierit
645 5346 764 5388 esse
795 5346 1036 5388 casuros.

302 5422 532 5480 CAPUT
575 5422 706 5480 Vlll.
735 5453 810 5462 —
835 5425 922 5480 l7.
954 5425 1050 5482 llic
1070 5425 1114 5480 si
1143 5441 1171 5478 a
1193 5440 1278 5483 me
1299 5434 1591 5498 quaeratur,
1621 5440 1719 5480 cur
1739 5427 1817 5482 eis

225 5514 374 5568 Deus
421 5514 874 5583 perseverantiam
918 5532 1022 5572 non
1051 5517 1284 5586 dederit,
1316 5518 1512 5590 quibus
1537 5533 1655 5574 eam
1673 5517 1694 5549 ⁸
1721 5532 1823 5588 qua

294 5666 632 5780 :wl-Jélliet‘i’billos
668 5682 783 5734 ergo
813 5669 972 5734 elegit.
1013 5676 1309 5738 Mttnuscripti
1350 5691 1468 5726 vero
1492 5691 1586 5726 non
1626 5676 1826 5736 habent;

227 5744 348 5826 ergo
371 5739 531 5795 elegit.
767 5791 778 5802 .
988 5795 998 5806 _

300 5857 315 5860 _
351 5792 518 5860 Plures
541 5801 667 5860 Mss,
694 5806 802 5860 qius
824 5801 892 5846 est
917 5810 997 5860 qui
1012 5797 1333 5848 condemnet?

297 5857 319 5918 ξ
350 5857 424 5908 Sic
447 5863 551 5918 uss.
591 5855 725 5916 miti,
748 5857 857 5914 isto.

297 5914 321 5952 ⁸
351 5925 454 5969 Am.
479 5914 553 5968 Er.
591 5925 643 5968 et
664 5914 792 5978 MSs..

1617 403 1830 477 enim
1853 403 2068 479 illius.

1905 537 2192 598 christiano
2227 541 2487 609 viverent,
2521 542 2858 601 dilectionem
2892 543 3084 614 “dedit;
3127 562 3212 605 me
3241 547 3488 621 lgttdrare

1903 633 2224 702 respondeo.
2256 635 2369 690 Non
2397 635 2539 691 enim
2562 648 2894 708 arroganter,
2923 639 3020 694 sed
3049 641 3348 711 agnosc'lans
3369 649 3486 695 mo-

1902 724 2083 780 dulum
2116 741 2314 793 meum,
2345 728 2502 784 audio
2541 729 2803 785 dicentem
2847 733 3182 801 Apostolum,
3225 730 3270 786 0
3311 733 3484 800 homo,

1904 823 1957 868 tu
1981 817 2091 885 quis
2115 833 2164 870 es
2189 820 2274 887 qui
2301 821 2604 890 respondeas
2632 821 2736 876 Deo
2767 822 2943 893 (Rom.
2975 840 3049 888 ιι,
3075 823 3212 894 ‘20)?
3241 827 3315 890 et,
3352 823 3493 878 0a!-

1906 903 2086 963 titudo'
2107 909 2394 964 divitiarum
2429 914 2688 981 sapientia:
2725 923 2769 967 et
2813 916 3030 969 scientiae
3071 915 3202 969 Dei!
3229 931 3379 987 quam
3409 916 3489 970 in-

1905 1001 2195 1055 scrutabilia
2227 1012 2345 1056 sunt
2367 1004 2566 1072 judicia
2607 1006 2738 1075 ejus,
2765 1014 2811 1058 et
2840 1006 3206 1076 investigabiles
3242 1008 3338 1060 υιω
3381 1009 3494 1078 ejus

1910 1091 2019 1164 (Id.
2046 1109 2120 1162 tu,
2151 1096 2273 1163 33)!
2307 1096 2573 1163 Quantum
2607 1096 2783 1166 itaque
2824 1097 2975 1151 nobis
3015 1098 3210 1167 judicia
3247 1111 3343 1152 sua
3369 1114 3489 1153 ma-

1909 1188 2161 1242 nifestare
2199 1187 2464 1257 dignatur,
2497 1190 2698 1259 gratias
2741 1205 2962 1259 agamus
3001 1207 3014 1244 :
3061 1199 3316 1258 quantum
3363 1204 3495 1244 vero

1907 1280 2255 1347 abscondere,
2290 1296 2393 1335 non
2433 1280 2690 1336 adversus
2724 1283 2840 1351 ejus
2875 1284 3156 1336 consilium
3189 1298 3495 1338 murmure-

1910 1391 2051 1442 mus,
2083 1375 2175 1431 sed
2205 1376 2305 1429 hoc.
2330 1392 2541 1450 quoque
2581 1378 2734 1431 nobis
2775 1379 3184 1432 saluberrimum
3230 1395 3349 1434 esse
3375 1394 3497 1433 cre-

1911 1469 2117 1523 damus.
2147 1469 2224 1523 Tu
2253 1477 2429 1524 autem
2461 1471 2703 1542 quisquis
2750 1471 2998 1525 inimicus
3047 1472 3162 1541 ejus
3199 1473 3384 1542 gratia:
3421 1472 3500 1527 sic

1912 1561 2227 1632 interrogas,
2258 1562 2371 1634 ipse
2398 1564 2522 1634 quid
2548 1563 2716 1618 dicis?
2745 1562 2908 1629 Bene,
2939 1563 3079 1631 quod
3111 1574 3161 1617 te
3196 1579 3302 1617 non
3336 1577 3498 1633 negas

1913 1669 2029 1709 esse
2059 1655 2428 1722 christianum,
2458 1665 2511 1710 et
2537 1657 2855 1710 catholicum
2883 1655 3072 1725 jactus.
3105 1655 3160 1712 Si
3179 1669 3310 1725 ergo
3329 1655 3498 1709 confl-

1915 1748 2060 1810 teris,
2086 1747 2285 1802 donum
2321 1748 2419 1801 Dei
2468 1763 2586 1802 esse
2623 1763 2968 1817 perseverare
2999 1751 3050 1802 in
3079 1749 3224 1803 bono
3251 1760 3419 1818 usque
3444 1745 3500 1801 in

1914 1840 2109 1906 ﬁnem;
2157 1856 2252 1895 cur
2301 1841 2402 1895 hoc
2442 1841 2640 1895 donum
2685 1840 2774 1894 ille
2821 1842 3076 1910 accipiat,
3107 1842 3196 1895 ille
3225 1855 3332 1894 non
3363 1839 3505 1894 acci-

1914 1937 2041 2006 piat,
2070 1946 2199 2006 puto
2233 1936 2373 2006 quod
2415 1952 2632 1990 mecum
2682 1938 2880 2005 pariter
2910 1938 3105 2000 nescis,
3137 1946 3189 1990 et
3219 1936 3376 1990 ambo
3417 1935 3504 1989 hic

1915 2029 2278 2084 inscrulabilia
2321 2029 2519 2098 judicia
2572 2026 2663 2082 Dei
2704 2039 2986 2098 penetrare
3040 2045 3143 2082 non
3193 2043 3503 2097 possumus.

1914 2123 2018 2176 Aut
2047 2123 2089 2176 si
2122 2122 2187 2175 ad
2216 2122 2438 2176 liberum
2484 2121 2760 2175 arbitrium
2805 2121 3056 2188 hominis,
3086 2121 3226 2190 quod
3263 2137 3370 2175 non
3413 2135 3507 2176 se-

1915 2214 2146 2269 cundum
2180 2215 2272 2269 Dei
2298 2216 2544 2285 gratiam,
2575 2215 2669 2269 sed
2700 2226 2883 2269 contra
2924 2230 3042 2269 eam
3083 2214 3347 2277 defendis,
3380 2231 3506 2288 pcr—

1919 2307 2085 2362 tinerc
2113 2308 2247 2362 dicis
2289 2318 2345 2362 ut
2391 2317 2702 2379 perseveret
2741 2309 2796 2361 in
2840 2309 2981 2362 bono
3009 2308 3252 2377 quisque,
3284 2307 3364 2362 vel
3396 2323 3505 2362 non

1918 2407 2239 2470 perseveret,
2271 2414 2374 2454 non
2409 2401 2516 2454 Deo
2543 2399 2777 2454 donante
2820 2400 2864 2453 si
2907 2404 3245 2470 perseveret,
3275 2398 3371 2453 sed
3399 2399 3503 2452 ltu-

1920 2505 2072 2544 mana
2111 2491 2388 2545 voluntate
2435 2490 2691 2557 faciente;
2720 2491 2847 2561 quid
2893 2473 3175 2544 moﬁ'turus
3221 2503 3278 2544 es
3319 2499 3506 2545 contra

1917 2585 2076 2639 verba
2107 2584 2357 2650 dicentis,
2383 2583 2580 2654 Rogavi
2623 2601 2714 2654 pro
2759 2593 2825 2647 te,
2853 2582 3020 2648 Petre,
3043 2599 3106 2636 ne
3149 2582 3349 2653 deficiat
3379 2583 3508 2652 fides

1917 2687 2002 2731 tua
2033 2676 2178 2749 (imo.
2214 2694 2346 2742 χιιι,
2381 2676 2508 2752 52)?
2538 2679 2616 2732 An
2647 2677 2866 2732 audebis
2893 2677 3072 2732 dicere
3097 2679 3255 2731 etiam
3285 2686 3508 2748 rogante

1917 2768 2136 2823 Christo
2185 2783 2252 2824 ne
2286 2768 2540 2824 deﬁceret
2567 2767 2699 2823 ﬁdes
2723 2768 2888 2834 Petri,
2918 2767 3244 2823 defecturam
3273 2767 3437 2822 fuisse
3464 2768 3508 2822 si

1920 2845 2108 2916 Petrus
2137 2875 2254 2915 eam
2286 2859 2516 2916 deﬁcere
2549 2861 2822 2926 voluisset,
2851 2860 2956 2915 hoc
2984 2869 3087 2927 est,
3121 2860 3165 2914 si
3194 2875 3312 2915 eam
3340 2875 3510 2930 usque

1920 2952 1972 3006 in
2009 2951 2168 3007 ﬁnem
2211 2965 2561 3024 perseverare
2598 2951 2900 3006 noluisset?
2925 2952 3074 3022 quasi
3123 2950 3264 3005 aliud
3318 2951 3509 3006 Petrus

1921 3045 2028 3100 ullo
2053 3044 2214 3099 modo
2242 3045 2423 3110 vellet,
2461 3059 2618 3114 quam
2643 3057 2741 3114 pro
2773 3044 2866 3097 illo
2895 3043 3140 3098 Christus
3176 3043 3424 3114 rogasset
3451 3049 3512 3096 ut

1922 3130 2104 3184 vellet.
2133 3127 2266 3184 Nam
2289 3129 2414 3199 quis
2437 3131 2668 3199 ignorat,
2686 3137 2819 3183 tunc
2841 3128 3007 3183 fuisse
3029 3127 3324 3199 perituram
3347 3125 3510 3182 ﬁdem

1921 3221 2086 3287 Petti,
2109 3221 2156 3276 si
2179 3235 2240 3276 ea
2269 3235 2372 3292 qua
2401 3221 2576 3276 ﬁdelis
2605 3222 2778 3286 erat‘,
2810 3221 3055 3274 voluntas
3079 3220 3198 3289 ipsa
3223 3218 3510 3285 deﬁceret;

1921 3323 1978 3369 et
2027 3325 2451 3384 permansuram,
2483 3315 2531 3368 si
2574 3313 2760 3367 eadem
2805 3311 3047 3366 voluntas
3094 3310 3368 3365 maneret?
3406 3310 3512 3365 Sed

1921 3406 2043 3477 quia
2071 3412 2402 3476 praeparatur
2430 3405 2676 3458 voluntas
2715 3419 2745 3458 a
2797 3403 3021 3457 Domino
3053 3399 3236 3472 (Prov.
3268 3417 3378 3466 vm,
3409 3417 3511 3456 sec.

1922 3498 2088 3570 LXX)
2111 3517 2125 3563 ;
2150 3499 2272 3553 ideo
2303 3511 2400 3568 pro
2433 3497 2526 3552 illo
2565 3495 2765 3551 Christi
2806 3509 2912 3549 non
2953 3500 3140 3564 posset
3177 3506 3300 3547 esse
3340 3491 3516 3548 inanis

1922 3590 2112 3645 oratio.
2139 3589 2362 3655 Quando
2387 3587 2592 3657 rogavit
2625 3601 2754 3657 ergo
2785 3601 2856 3640 ne
2905 3584 3040 3640 ﬁdes
3084 3583 3201 3652 ejus
3227 3583 3509 3652 deﬁceret,

1922 3685 2046 3756 quid
2067 3684 2211 3740 aliud
2237 3685 2466 3754 rogavit,
2485 3682 2588 3736 nisi
2618 3690 2675 3736 ut
2703 3681 2924 3736 haberet
2941 3681 2995 3733 iu
3023 3678 3127 3734 ﬁde
3158 3677 3509 3744 liberrimam,

1923 3776 2266 3831 lenissimum
2285 3815 2300 3841 ,
2345 3772 2769 3837 invictissimum,
2809 3769 3394 3841 perseverantissimam
3419 3783 3517 3823 vo-

1923 3868 2220 3923 luntatem?
2271 3866 2408 3922 Ecce
2454 3863 2902 3936 quemadmodum
2952 3861 3245 3917 secundum
3288 3861 3512 3930 gratiam

1926 3962 2042 4029 Dei,
2077 3973 2183 4015 non
2229 3970 2411 4014 contra
2453 3974 2595 4023 eam,
2632 3958 2851 4013 libertas
2879 3955 3182 4012 defenditur
3205 3954 3517 4008 voluntatis.

1925 4053 2186 4109 Voluntas
2213 4054 2410 4123 quippe
2451 4052 2681 4106 humana
2727 4064 2835 4103 non
2878 4047 3132 4102 libertate
3171 4046 3520 4116 consequitur

1925 4146 2170 4216 gratiam,
2200 4144 2292 4198 sed
2323 4144 2490 4213 gratia
2537 4142 2714 4210 potius
2755 4141 3079 4204 libertatem,
3103 4148 3158 4192 et
3186 4145 3245 4191 ut
3264 4151 3518 4206 perseve-

1927 4246 2007 4292 ret
2029 4236 2393 4292 delectabilem
2431 4233 2864 4305 perpetuitatem,
2889 4239 2944 4286 et
2971 4229 3381 4300 insuperabilem
3402 4228 3518 4283 for-

1929 4327 2081 4384 titudi
2089 4339 2232 4381 nem.
2921 4319 2927 4325 ’

1999 4420 2088 4476 18.
2115 4417 2414 4474 Mirandum
2443 4425 2525 4472 est
2549 4415 2764 4487 quidem
2781 4457 2796 4481 ,
2831 4415 3160 4484 multumque
3185 4412 3514 4481 mirandum,

1928 4513 2069 4585 quod
2091 4512 2213 4568 ﬁliis
2241 4513 2354 4566 suis
2377 4510 2696 4581 quibusdam
2729 4509 2872 4566 Deus
2903 4523 3041 4578 quos
3081 4507 3420 4578 regeneravit
3462 4507 3519 4560 in

1929 4604 2162 4670 Christo,
2189 4604 2384 4674 quibus
2415 4602 2596 4669 ﬁdem,
2625 4616 2799 4671 spem,
2833 4599 3174 4656 dilectionem
3218 4597 3382 4661 dedit,
3411 4613 3520 4652 non

1931 4697 2023 4753 dat
2049 4695 2538 4768 perseverantiam;
2566 4709 2689 4748 cum
2733 4692 2858 4748 ﬁliis
2899 4691 3090 4746 alienis
3135 4689 3336 4745 scelera
3373 4698 3517 4744 tanta

1931 4791 2182 4855 dimittat,
2233 4799 2391 4860 atque
2439 4788 2707 4858 impertita
2757 4786 2925 4857 gratia
2975 4785 3132 4840 faciat
3180 4783 3322 4838 ﬁlios
3370 4800 3516 4839 suos.

1931 4883 2062 4949 Quis
2095 4885 2194 4937 hoc
2220 4898 2324 4937 non
2353 4881 2615 4936 miretur?
2639 4879 2760 4949 quis
2787 4878 2890 4932 hoc
2915 4893 3022 4932 non
3047 4877 3520 4934 vehementissime

1932 4977 2180 5048 stupent?
2206 4975 2312 5031 Sed
2354 4975 2517 5031 etiam
2557 4972 2687 5027 illud
2734 4986 2839 5026 non
2883 4972 3064 5027 minus
3103 4973 3298 5027 mirum
3330 4981 3433 5038 est,
3467 4979 3525 5026 et

1933 5079 2109 5126 tamen
2141 5084 2350 5134 verum,
2381 5078 2541 5138 atque
2572 5067 2641 5120 ita
2669 5063 3034 5126 manifestum.
3065 5065 3128 5119 ut
3155 5079 3256 5120 nec
3286 5065 3385 5134 ipsi
3418 5065 3520 5118 ini-

1935 5163 2055 5217 mici
2079 5162 2267 5232 gratiis
2289 5160 2380 5216 Dei
2403 5157 2675 5229 quomodo
2705 5157 2760 5212 id
2787 5166 2985 5227 negent
3014 5157 3224 5212 valeant
3252 5154 3514 5220 invenire,

1933 5255 2074 5326 quod
2124 5254 2262 5309 ﬁlios
2303 5252 2560 5323 quosdam
2605 5251 2900 5305 amicorum
2932 5265 3172 5313 suorum,
3199 5249 3301 5302 hoc
3325 5257 3407 5301 est
3436 5262 3524 5302 re-

1933 5355 2309 5418 generatorum
2360 5345 2731 5414 bonorumque
2775 5342 3040 5408 ﬁdelium,
3083 5343 3200 5397 sine
3245 5339 3521 5409 Baptismo

1937 5441 2059 5495 hinc
2087 5440 2336 5510 parvulos
2363 5446 2640 5504 exeuntes,
2671 5437 2864 5507 quibus
2891 5437 3073 5504 utique
3103 5433 3148 5488 si
3176 5432 3335 5488 vellet
3357 5431 3520 5501 hujus

1935 5534 2127 5588 lavacri
2175 5533 2397 5602 gratiam
2443 5539 2772 5601 prowrarct,
2799 5531 2853 5583 in
2895 5526 3046 5596 cuius
3086 5532 3351 5596 potestate
3394 5531 3522 5577 sunt

1935 5628 2131 5691 omnia,
2163 5627 2362 5680 alienat
2387 5640 2418 5680 a
2449 5640 2622 5694 regno
2648 5640 2768 5688 suo,
2800 5638 2906 5691 quo
2934 5629 3180 5692 parentes
3210 5619 3371 5673 mittit
3401 5618 3521 5673 illo-

1939 5737 2074 5784 rum,
2101 5728 2153 5773 et
2177 5718 2433 5789 quosdam
2476 5717 2616 5772 ﬁlios
2659 5715 2994 5770 inimicorum
3042 5727 3259 5767 suorum
3301 5709 3424 5764 facit
3468 5711 3521 5764 in

1941 5826 2127 5866 tnauus
2168 5810 2588 5865 Christianorum
2613 5808 2813 5873 venire,
2855 5815 2912 5864 el
2955 5819 3050 5877 per
3103 5802 3206 5864 hoc
3249 5803 3522 5880 lavacrum

2011 5924 2028 5955 ι
2058 5918 2948 5983 Am.etsr.,steaauwﬁdeliserat.
