4022 6460
465 493 856 557 ιιιιτοὰιιθίιίὶη
884 504 1128 562 regnum,
1157 501 1189 541 a
1229 499 1335 556 quo
1381 495 1568 538 eorum
1615 485 1864 548 parentes
1901 472 2064 530 alieni

468 602 767 658 sunt;cum
811 597 866 642 et
907 586 1014 642 illis
1060 582 1283 643 malum,
1310 587 1363 634 et
1413 577 1529 632 istis
1574 575 1770 631 bonum
1816 573 2064 626 meritum

469 689 674 747 nullum
695 686 765 740 sit
790 681 1041 754 parvulis,
1070 694 1137 733 ex
1157 690 1341 732 eorum
1371 671 1582 744 pr0pria
1607 669 1901 723 voluntate.
1930 664 2066 718 Cer-

471 794 524 841 te
552 784 637 838 hic
659 780 858 852 judicia
887 778 1003 842 Dei,
1026 773 1276 845 quoniam
1300 770 1444 840 justa
1475 775 1531 821 et
1556 766 1661 820 alta
1689 770 1833 826 sunt,
1861 775 1969 852 nec
1991 759 2070 852 vi-

472 850 706 946 tuperari
736 875 979 943 possunt,
1011 881 1110 921 nec
1136 861 1430 935 penetrari.
1466 859 1522 913 ln
1551 857 1635 912 his
1661 864 1742 911 est
1771 863 1826 908 et
1851 851 1980 908 illud
2002 850 2071 906 de

473 945 892 1040 perseverantia,
915 961 983 1017 de
1024 974 1127 1030 qua
1173 970 1316 1011 nunc
1343 954 1699 1022 disputamus.
1724 948 1799 1002 De
1828 945 2071 1015 utrisque

472 1037 602 1129 ergo
623 1056 1004 1116 exclamemus,
1039 1049 1084 1105 0
1125 1047 1340 1103 altitudo
1385 1044 1681 1097 divitiarum
1721 1037 1987 1108 sapientite
2025 1043 2073 1090 et

473 1128 694 1204 scientiae
719 1147 850 1201 Dei!
869 1161 1022 1211 quam
1040 1138 1394 1197 inscrutabilia
1415 1145 1533 1190 sunt
1551 1132 1754 1206 judicia
1779 1131 1887 1202 ejus
1910 1128 1932 1182 !

550 1241 634 1297 19.
662 1239 770 1295 Nec
797 1237 1058 1292 miremur
1087 1248 1185 1289 nos
1214 1231 1479 1299 vestigare
1505 1241 1612 1282 non
1655 1239 1814 1296 posse
1854 1220 2076 1278 inveSIi-

475 1333 679 1403 gabiles
705 1332 817 1385 vias
847 1329 982 1400 ejus.
1012 1325 1082 1382 Ut
1107 1325 1249 1380 enim
1276 1323 1379 1376 alia
1402 1317 1812 1374 innumerabilia
1841 1323 2070 1380 taceam,

476 1441 594 1497 quas
621 1424 739 1478 aliis
765 1423 977 1487 dantur,
1007 1418 1126 1472 aliis
1152 1431 1258 1472 non
1287 1415 1482 1469 dantur
1513 1411 1816 1467 hominibus
1837 1423 1867 1462 a
1888 1406 2076 1462 Domi-

479 1535 547 1572 no
596 1517 726 1580 Deo,
760 1514 899 1586 apud
941 1527 1098 1583 quem
1149 1525 1256 1564 non
1303 1516 1388 1563 est
1430 1505 1670 1576 acceptio
1722 1514 2075 1572 personarum

478 1611 656 1683 (Rom.
685 1626 741 1674 ιι,
776 1610 891 1679 ll),
916 1621 1018 1662 nec
1034 1604 1340 1660 tribuuntur
1363 1602 1465 1657 ista
1492 1599 1698 1654 meritis
1715 1597 2071 1661 voluntatum,

479 1706 618 1761 sicut
667 1713 794 1760 sunt
845 1702 1168 1764 celeritates,
1217 1698 1380 1763 vires,
1432 1695 1586 1748 bonae
1640 1689 1992 1753 valetudines,
2022 1695 2079 1742 et

479 1793 902 1866 pulchritudines
923 1805 1232 1862 corporum,
1261 1786 1471 1859 ingenia
1493 1784 1776 1848 mirabilia,
1801 1791 1855 1836 et
1876 1780 2074 1835 multa-

480 1903 598 1942 rum
629 1888 821 1941 artium
851 1899 1076 1956 capaces
1102 1891 1304 1938 naturae
1334 1879 1631 1938 mentium:
1665 1877 1751 1933 vel
1781 1891 1899 1947 qua:
1923 1889 2077 1930 acce-

479 1979 1026 2043 dunt’extrinsecus,
1059 1985 1118 2031 ut
1154 1985 1236 2030 est
1279 1973 1571 2044 opulentia,
1603 1971 1876 2035 nobilitas,
1906 1969 2078 2024 hono-

485 2089 594 2141 res,
614 2083 670 2130 et
689 2082 882 2128 czetera
910 2069 1231 2142 hujusmodi,
1257 2084 1374 2139 qua:
1393 2067 1618 2138 quisque
1638 2074 1695 2118 ut
1713 2063 1928 2130 habeat,
1966 2077 2075 2117 non

481 2165 584 2221 nisi
614 2166 666 2220 in
695 2165 789 2220 Dei
819 2173 902 2220 est
925 2171 1189 2234 potestate
1216 2168 1308 2214 :ut
1356 2173 1458 2214 non
1505 2158 1764 2212 immorer
1810 2155 1969 2209 etiam
2018 2153 2073 2207 in

481 2258 809 2327 Baptismate
840 2257 1181 2328 parvulorum
1216 2251 1378 2326 (quod
1410 2251 1590 2306 nullus
1634 2250 1858 2304 istorum
1897 2252 2074 2316 potest

481 2352 682 2416 dicere,
713 2350 852 2404 sicut
878 2349 986 2413 illa,
1014 2347 1079 2402 ad
1111 2362 1334 2417 regnum
1366 2345 1458 2399 Dei
1490 2359 1597 2398 non
1629 2337 1947 2413 pertinere),
1975 2353 2074 2394 cur

481 2445 557 2500 illi
596 2443 818 2514 parvulo
850 2438 1028 2508 detur,
1064 2440 1142 2495 illi
1186 2455 1293 2493 non
1319 2437 1509 2503 detur;
1541 2450 1663 2492 cum
1691 2435 1760 2487 sit
1789 2443 2071 2501 utrumque

481 2538 536 2594 in
567 2545 826 2607 potestate
853 2535 970 2601 Dei,
999 2544 1052 2589 et
1090 2533 1206 2588 sine
1235 2532 1329 2586 illo
1355 2529 1703 2585 Sacramento
1725 2540 1885 2580 nemo
1910 2524 2074 2578 intret

481 2630 534 2686 in
562 2645 784 2700 regnum
816 2627 912 2683 Dei
935 2644 948 2680 :
971 2634 1032 2681 ut
1057 2640 1186 2696 ergo
1226 2623 1342 2678 haec
1383 2631 1588 2677 taceam
1632 2619 1714 2674 vel
1748 2617 2068 2687 relinquam,

481 2721 604 2776 illos
627 2721 770 2789 ipsos
798 2715 1136 2774 intueantur‘
1166 2714 1234 2770 de
1272 2713 1466 2785 quibus
1493 2712 1688 2782 agitur.
1715 2709 1791 2764 De
1815 2708 1898 2764 his
1928 2707 2071 2762 enim

483 2811 819 2875 disserimus,
843 2809 932 2880 qui
961 2806 1409 2879 perseverantiam
1436 2802 1689 2858 bonitatis
1715 2815 1821 2856 non
1849 2799 2068 2866 habent,

481 2903 577 2959 sed
607 2918 674 2958 ex
698 2903 838 2958 bono
871 2901 927 2956 in
953 2900 1152 2956 malum
1175 2897 1457 2954 deﬁciente
1483 2896 1623 2950 bona
1654 2894 1927 2948 voluntate
1951 2907 2072 2946 mo-

481 2997 712 3053 riuntur.
741 2994 1141 3066 Respondeant,
1166 2992 1209 3046 si
1241 2996 1481 3060 possunt,
1502 3002 1597 3042 cur
1619 2986 1739 3041 illos
1761 2986 1923 3050 Deus,
1949 2998 2072 3039 cum

484 3089 716 3144 ﬁdeliter
743 3095 799 3142 et
825 3088 911 3158 pie
933 3088 1194 3150 viverent,
1227 3099 1334 3138 non
1377 3091 1504 3137 tunc
1529 3081 1598 3135 de
1628 3080 1750 3134 vitae
1793 3077 1950 3147 hujus
1973 3091 2073 3148 pe-

485 3183 669 3239 riculis
693 3181 892 3253 rapuit,
924 3196 993 3236 ne
1019 3178 1221 3234 malitia
1242 3184 1480 3232 mutaret
1506 3174 1833 3230 intellectum
1861 3185 2072 3238 eorum,

485 3284 636 3331 etne
683 3275 827 3330 ﬁctio
867 3273 1141 3344 deciperet
1179 3269 1385 3325 animas
1427 3283 1634 3322 eorum.
1665 3264 1856 3322 Utrum
1888 3263 1992 3318 hoc
2020 3263 2074 3317 in

485 3374 748 3438 potestate
778 3380 884 3421 non
911 3363 1114 3430 habuit,
1138 3379 1204 3418 an
1231 3377 1416 3418 eorum
1447 3360 1584 3416 mala
1613 3359 1785 3413 futura
1814 3357 2076 3412 nescivit?

484 3459 685 3530 Nempe
710 3458 843 3514 nihil
877 3458 1068 3512 horum
1104 3455 1204 3510 nisi
1236 3452 1638 3525 perversissime
1662 3459 1823 3520 atque
1850 3448 2078 3504 insanis-

485 3553 622 3607 sime
651 3550 865 3606 dicitur.
893 3548 1003 3604 Cur
1049 3563 1178 3618 ergo
1221 3562 1324 3601 non
1364 3544 1529 3601 fecit?
1565 3541 1942 3612 Respondeant
1985 3540 2077 3610 qui

483 3661 582 3702 nos
611 3645 854 3711 irrident,
888 3642 1100 3713 quando
1143 3642 1195 3696 in
1232 3641 1395 3697 rebus
1437 3638 1628 3694 talibus
1687 3637 2076 3698 exclamamus,

488 3739 655 3804 Quam
695 3733 1047 3790 inscrutabilia
1084 3742 1200 3787 sunt
1225 3732 1427 3803 judicia
1461 3731 1591 3799 ejus,
1624 3737 1670 3782 et
1708 3724 2079 3797 iuvestigabiles

484 3833 579 3884 via:
597 3829 740 3898 ejus!
769 3826 951 3896 Neque
978 3826 1118 3880 enim
1145 3824 1249 3879 hoc
1274 3838 1380 3878 non
1401 3821 1565 3876 donat
1592 3822 1732 3875 Deus
1761 3818 1953 3889 quibus
1978 3832 2079 3872 vo-

484 3923 665 3984 luerit.
695 3929 787 3976 aut
811 3934 942 3975 vero
964 3918 1235 3989 Scriptura
1258 3918 1344 3971 illa
1372 3916 1653 3982 mentitur,
1677 3929 1798 3984 qum
1827 3912 1895 3967 de
1928 3927 2076 3966 mor-

487 4023 542 4068 te
579 4012 728 4068 velut
772 4011 1058 4066 immatura
1098 4007 1330 4063 hominis
1365 4005 1496 4076 justi
1535 4005 1628 4067 ait,
1661 4003 1862 4072 Raptus
1903 4011 1995 4064 est,
2021 4018 2083 4058 ne

485 4107 682 4161 malitia
711 4112 925 4160 mutaret
961 4103 1268 4157 intellectum
1292 4101 1423 4171 ejus,
1454 4107 1545 4152 aut
1571 4115 1634 4153 ne
1659 4097 1795 4167 ﬁctio
1829 4097 2080 4166 deciperet

486 4201 707 4254 animam
735 4195 1023 4268 ejus(Sap.
1054 4193 1266 4264 1v,ll).
1298 4191 1406 4247 Cur
1449 4192 1610 4262 igitur
1649 4190 1753 4245 hoc
1799 4197 1908 4244 tam
1959 4203 2078 4243 ma-

491 4306 654 4362 gnum
693 4289 1014 4345 beneﬁcium
1048 4285 1166 4340 aliis
1195 4284 1305 4350 dat,
1337 4283 1456 4338 aliis
1486 4298 1592 4338 non
1620 4281 1714 4336 dat
1742 4281 1903 4342 Deus.
1935 4279 2077 4350 apud

487 4399 646 4455 quem
672 4397 780 4438 non
805 4389 888 4436 est
913 4379 1183 4450 iniquitas,
1214 4391 1312 4433 nec
1339 4376 1580 4446 acceptio
1613 4389 1965 4446 personarum
1983 4415 1998 4438 ,
2025 4380 2081 4428 et

489 4478 539 4532 in
569 4475 722 4546 cujus
750 4481 1014 4544 potestate
1047 4480 1129 4528 est
1168 4469 1422 4542 quamdiu
1471 4469 1698 4541 quisque
1743 4469 1797 4523 in
1843 4468 1944 4523 hac
1973 4466 2079 4522 vita

488 4577 722 4628 maneat.
758 4583 875 4637 qua:
921 4565 1145 4621 tentatio
1189 4562 1330 4618 dicta
1371 4569 1455 4617 est
1497 4575 1658 4631 super
1710 4569 1908 4615 terram
1934 4558 2076 4633 (Job.

488 4677 582 4726 vn,
618 4659 708 4730 l)?
737 4658 887 4714 Sicut
932 4672 1060 4727 ergo
1107 4664 1370 4726 coguntur
1408 4654 1582 4719 fateri,
1609 4653 1807 4709 donum
1835 4653 1929 4708 Dei
1959 4667 2080 4710 esse

492 4759 549 4804 ut
576 4751 722 4804 finiat
756 4749 919 4804 homo
941 4749 1104 4802 vitam
1131 4748 1308 4811 istam,
1339 4754 1622 4817 antequam
1643 4761 1706 4800 ex
1736 4745 1876 4799 bono
1904 4754 2078 4799 mnte-

494 4851 578 4894 tnr
607 4841 656 4894 iu
687 4841 918 4906 malum;
949 4856 1045 4895 cur
1073 4849 1250 4895 autem
1293 4839 1413 4894 aliis
1437 4839 1684 4905 donetur,
1718 4839 1837 4893 aliis
1862 4854 1964 4893 non
1986 4838 2083 4893 do-

493 4942 671 4999 netur,
697 4935 940 5004 ignorant
961 4949 975 4988 :
996 4943 1064 4988 ita
1092 4933 1291 4988 donum
1321 4933 1412 4988 Dei
1436 4947 1557 4989 esse
1586 4932 1640 4987 in
1657 4931 1800 4987 bono
1831 4949 2082 5003 perseve-

493 5028 718 5082 rantiam
765 5027 1056 5083 secundum
1099 5025 1433 5097 Scripturas,
1464 5025 1532 5081 de
1556 5025 1749 5094 quibus
1775 5026 2078 5082 testimonia

495 5121 657 5176 multa
685 5119 794 5191 jam
820 5121 990 5190 posui.
1021 5119 1286 5176 fateantur
1307 5120 1616 5187 nobiscum;
1645 5130 1699 5176 et
1719 5136 1814 5177 cur
1837 5121 1955 5176 aliis
1980 5121 2079 5177 de-

494 5223 599 5272 tur,
630 5212 749 5267 aliis
781 5227 886 5266 non
913 5211 1091 5278 detur,
1132 5213 1248 5268 sine
1294 5229 1567 5270 murmure
1611 5212 1867 5270 adversus
1915 5214 2080 5270 Deum

491 5305 780 5373 dignentur
807 5304 1053 5373 ignorare
1083 5303 1389 5360 nobiscum.

563 5395 787 5452 CAPUT
829 5395 918 5480 lx.
945 5396 1130 5452 —-20.
1182 5396 1290 5452 Nec
1334 5414 1432 5455 nos
1477 5407 1721 5466 moveat,
1775 5397 1916 5470 quod
1959 5399 2082 5455 ﬁliis

492 5488 603 5540 suis
632 5487 946 5558 quihusdam
978 5489 1117 5544 Dens
1145 5508 1248 5546 non
1292 5492 1384 5548 dat
1422 5493 1577 5547 istam
1604 5492 2079 5562 perseverantiam.

493 5580 644 5636 Absit
668 5583 809 5636 enim
844 5592 899 5636 ut
930 5583 999 5637 ita
1022 5595 1184 5651 esset,
1214 5586 1259 5641 si
1309 5587 1376 5643 de
1422 5587 1526 5642 illis
1568 5587 1960 5659 prmdestinatis
1986 5602 2078 5643 es-

557 5759 575 5791 ί
610 5758 684 5806 sic
707 5763 830 5818 uss,
874 5764 925 5808 At
950 5759 1084 5817 editi,
1109 5758 1368 5812 introduci.

558 5823 580 5855 ’
616 5830 712 5872 Am.
738 5824 811 5882 Er.
839 5828 890 5869 et
913 5819 1078 5882 plures
1100 5829 1225 5881 Mss,
1250 5822 1493 5874 accidunt.

559 5884 581 5916 ⁸
613 5880 831 5934 Nonnulli
851 5880 980 5940 uas,
1001 5880 1288 5933 intueantur.

1323 365 1413 422 DE
1449 357 1936 423 CORREPTIONE
1975 355 2066 413 ET
2101 353 2380 422 GRATIA,
2415 353 2473 410 S.
2518 352 2889 413 AUGUSTINI

2175 480 2294 526 sent
2319 479 2375 527 et
2405 472 2700 527 secundum
2739 475 3073 544 propositum
3109 476 3331 544 vocatis,
3362 479 3610 551 quivere
3637 490 3769 538 sunt

2172 563 2266 619 ﬁlii
2307 564 2692 633 promissionis.
2726 567 2856 622 Nam
2887 569 2973 624 isti
3000 584 3121 624 cum
3153 571 3239 642 pie
3266 573 3481 642 vivunt,
3510 575 3772 636 dicuntur

2174 656 2266 711 ﬁlii
2290 657 2535 714 Deizsed
2579 661 2828 730 quoniam
2875 664 3062 720 victuri
3103 679 3228 722 sunt
3271 670 3433 740 impie
3481 681 3538 729 et
3577 675 3629 729 in
3674 692 3772 732 ea-

2174 750 2296 806 dem
2330 752 2600 822 impietate
2626 758 2889 822 morituri,
2921 774 3026 814 non
3056 776 3150 816 eos
3174 762 3306 818 dicit
3330 764 3472 822 ﬁlios
3501 767 3598 823 Dei
3625 786 3769 840 prae~

2175 846 2394 900 scientia
2427 847 2543 902 Dei.
2571 847 2706 904 Sunt
2737 852 2880 906 enim
2925 852 3016 908 ﬁlii
3063 854 3193 923 Dei,
3235 858 3327 928 qui
3369 860 3607 916 nondum
3641 872 3773 921 sunt

2176 939 2348 1003 nobis,
2380 947 2437 995 et
2473 949 2600 996 sunt
2639 943 2748 1011 jam
2793 944 2936 1011 Deo;
2967 947 3034 1002 de
3084 949 3278 1019 quibus
3319 951 3394 1007 ait
3437 957 3772 1026 evangelista

2175 1032 2428 1100 Joannes,
2461 1036 2592 1101 Quia
2610 1036 2761 1092 Jesus
2787 1041 3063 1096 moriturus
3091 1054 3198 1097 erat
3227 1062 3318 1115 pro
3338 1054 3504 1117 gente,
3529 1066 3622 1102 nec
3651 1059 3770 1104 tau-

2179 1135 2282 1179 tum
2317 1143 2410 1197 pro
2447 1139 2614 1198 gente,
2640 1131 2728 1185 sed
2754 1133 2904 1186 etiam
2929 1144 2986 1188 ut
3014 1135 3148 1204 filios
3174 1135 3272 1192 Dei
3291 1139 3547 1211 dispersos
3567 1160 3773 1215 congre-

2177 1228 2319 1288 garet
2350 1217 2402 1272 in
2429 1235 2587 1273 unum
2621 1221 2798 1291 (Joan.
2842 1240 2918 1290 XI,
2947 1225 3037 1292 5i,
3070 1226 3161 1299 52)
3190 1245 3203 1281 :
3232 1230 3374 1299 quod
3425 1233 3611 1303 utique
3655 1249 3774 1290 cre-

2178 1309 2356 1367 dendo
2384 1311 2548 1368 futuri
2576 1325 2728 1368 erant
2760 1331 2853 1386 per
2895 1318 3165 1390 Evangelii
3209 1323 3686 1392 prmdicationem;
3716 1339 3772 1385 et

2181 1417 2358 1463 tamen
2387 1418 2669 1480 antequam
2696 1420 2839 1466 esset
2869 1409 3086 1481 factum,
3115 1415 3226 1484 jam
3275 1416 3367 1472 ﬁlii
3412 1419 3502 1474 Dei
3532 1429 3692 1476 erant
3716 1423 3770 1478 in

2179 1501 2475 1557 memoriali
2500 1503 2672 1558 Patris
2693 1505 2774 1559 sui
2799 1505 3112 1562 inconcussa
3137 1510 3427 1566 stabilitate
3453 1516 3771 1586 conscripti.

2181 1593 2250 1648 Et
2276 1603 2404 1649 sunt
2428 1611 2616 1651 rursus
2643 1597 2878 1668 quidam,
2911 1600 3000 1669 qui
3042 1600 3131 1655 ﬁlii
3179 1601 3272 1656 Dei
3324 1613 3544 1674 propter
3590 1623 3776 1664 susce-

2182 1695 2325 1755 ptam
2355 1686 2442 1741 vel
2479 1689 2843 1758 temporaliter
2860 1692 3087 1762 gratiam
3111 1691 3361 1750 dicuntur
3397 1712 3428 1751 a
3469 1699 3646 1764 nobis,
3676 1717 3774 1759 nec

2179 1789 2304 1834 sunt
2335 1790 2508 1836 tamen
2541 1781 2681 1836 Deo:
2702 1782 2768 1838 de
2795 1785 2986 1855 quibus
3011 1786 3089 1860 ενι
3118 1786 3259 1843 idem
3291 1788 3550 1856 Jonnnes,
3578 1793 3663 1848 Ex
3681 1812 3776 1850 no-

2181 1872 2257 1926 bis
2284 1873 2534 1938 exierunt,
2562 1875 2652 1929 sed
2672 1893 2772 1930 non
2799 1887 2944 1932 erant
2989 1895 3052 1934 ea:
3088 1881 3268 1948 nobis;
3296 1885 3434 1954 quod
3485 1887 3532 1940 si
3563 1890 3776 1958 fuissent

2181 1982 2244 2020 ea:
2266 1966 2430 2036 nobis,
2455 1971 2842 2038 permansisseut
2859 1973 3029 2043 utique
3048 1974 3308 2029 nobiscum
3325 1977 3366 2049 (Ι
3388 1976 3549 2034 Joan.
3576 1998 3631 2042 tt.
3662 1984 3774 2055 19).

2181 2058 2296 2112 Non
2329 2060 2424 2124 ait,
2453 2075 2517 2114 ex
2545 2062 2700 2116 nobis
2737 2063 3003 2127 exierunt,
3035 2066 3129 2120 sed
3162 2067 3282 2137 quia
3317 2085 3420 2124 non
3455 2087 3776 2132 manserunt

2183 2151 2480 2216 nobiscum,
2506 2151 2616 2222 jam
2643 2169 2749 2209 non
2777 2164 2901 2210 sunt
2927 2172 2994 2211 ex
3023 2158 3214 2224 nobis;
3239 2161 3421 2216 verum
3452 2165 3544 2230 ait,
3578 2165 3663 2220 Ea:
3683 2184 3777 2222 no-

2182 2243 2258 2297 bis
2287 2245 2538 2311 exierunt,
2562 2247 2652 2300 sed
2676 2263 2778 2300 non
2803 2258 2946 2302 erant
2972 2251 3230 2316 eznobis;
3258 2252 3359 2307 hoc
3377 2265 3474 2321 est,
3506 2256 3576 2310 Et
3601 2275 3781 2328 quan-

2181 2334 2253 2390 do
2272 2335 2592 2391 videbantur
2629 2337 2683 2392 in
2725 2339 2901 2407 nobis,
2931 2356 3037 2395 non
3083 2352 3240 2398 erant
3266 2360 3332 2399 ex
3361 2346 3528 2401 nobis.
3562 2349 3630 2403 Et
3657 2361 3782 2407 tan.

2182 2441 2340 2496 quam
2363 2427 2410 2482 ei
2429 2427 2717 2498 diceretur,
2742 2429 2895 2486 Unde
2923 2432 2974 2487 id
2991 2435 3272 2490 ostendis?
3303 2436 3454 2504 Quod
3478 2441 3521 2492 si
3538 2442 3776 2513 fuissent,

2183 2520 2376 2590 inquit,
2406 2537 2469 2575 ea:
2489 2522 2652 2588 nobis,
2687 2528 3081 2595 pernmusisseut
3103 2530 3274 2600 utique
3301 2533 3582 2587 uobiscum.
3607 2535 3779 2592 Filio-

2180 2627 2300 2666 rum
2340 2613 2432 2668 Dei
2459 2629 2561 2668 vox
2591 2623 2705 2669 est:
2728 2615 2964 2674 Joannes
3002 2619 3256 2691 loquitur,
3289 2624 3342 2677 in
3378 2623 3502 2680 ﬁliis
3535 2629 3624 2683 Dei
3661 2629 3778 2687 loco

2181 2705 2453 2775 praecipuo
2473 2708 2815 2764 constitutus.
2841 2709 2977 2765 Cum
3007 2727 3137 2783 ergo
3167 2714 3259 2769 lilii
3289 2716 3585 2775 Deidicunt
3607 2721 3677 2777 de
3700 2721 3781 2778 his

2183 2799 2272 2869 qui
2296 2801 2753 2868 perseverantiam
2779 2817 2882 2856 non
2905 2804 3226 2871 habuerunt,
3252 2807 3337 2862 Ea;
3358 2811 3501 2864 nobis
3521 2814 3776 2882 exierunt,

2181 2892 2272 2945 sed
2295 2909 2396 2946 non
2423 2903 2566 2948 erant
2592 2911 2655 2948 ex
2681 2895 2862 2962 nobis;
2887 2907 2940 2951 et
2966 2898 3200 2963 addunt,
3234 2899 3384 2966 Quod
3408 2905 3452 2956 si
3475 2905 3693 2974 fuissent
3718 2925 3783 2964 ea:

2180 2985 2342 3049 nobis,
2368 2987 2754 3054 permansissent
2796 2990 2967 3059 utique
3001 2993 3261 3048 nobiscum
3296 3012 3315 3050 :
3359 2998 3484 3066 quid
3511 2999 3658 3054 aliud
3689 3001 3775 3056 di-

2182 3086 2329 3144 cunt,
2360 3079 2483 3144 nisi,
2509 3079 2625 3133 Non
2657 3090 2811 3135 erant
2835 3082 2951 3144 lilii,
2971 3085 3130 3140 etiam
3155 3088 3370 3156 quando
3397 3100 3549 3145 erant
3577 3093 3630 3146 in
3657 3109 3782 3164 pro-

2183 3171 2415 3227 fessione
2435 3181 2490 3227 et
2518 3174 2733 3228 nomine
2756 3175 2984 3231 filiorum
3002 3179 3026 3233 ?
3043 3195 3148 3234 non
3170 3182 3293 3251 quia
3317 3183 3578 3251 justitiam
3610 3189 3782 3244 simu-

2183 3263 2457 3329 laverunt;
2489 3263 2582 3320 sed
2613 3266 2735 3336 quia
2788 3269 2838 3320 in
2882 3284 2943 3322 ea
2990 3286 3094 3324 non
3129 3287 3559 3341 permanserunt.
3592 3279 3781 3350 Neque

2183 3357 2325 3412 enim
2355 3359 2448 3424 ait,
2468 3357 2600 3412 Nam
2631 3360 2674 3413 si
2703 3361 2922 3416 fuissent
2943 3379 3008 3417 ex
3037 3365 3210 3432 nobis,
3233 3382 3436 3435 veram,
3463 3387 3570 3428 non
3599 3373 3778 3432 ﬁctam

2178 3452 2440 3522 justitiam
2470 3454 2770 3509 tenuissent
2791 3457 2972 3527 utique
2993 3459 3269 3514 uobiscum
3293 3480 3306 3514 :
3326 3464 3444 3529 sed,
3476 3466 3520 3517 si
3541 3466 3776 3536 fuissent,

2184 3544 2377 3614 inquit,
2397 3562 2460 3600 ea:
2474 3547 2637 3612 nobis,
2655 3549 3046 3616 permansissent
3067 3553 3241 3623 utique
3259 3554 3537 3608 nobiscum.
3552 3555 3608 3611 ln
3634 3559 3780 3613 bono

2185 3638 2308 3694 illos
2334 3639 2543 3696 volebat
2591 3643 2774 3711 procul
2819 3643 2981 3699 dubio
3030 3661 3366 3715 permanere.
3400 3649 3562 3705 Erant
3602 3653 3782 3724 itaque

2184 3730 2236 3784 in
2265 3731 2426 3798 bono,
2451 3731 2544 3786 sed
2584 3733 2707 3802 quia
2729 3734 2865 3788 ineo
2891 3751 2996 3791 non
3015 3749 3435 3806 permanserunt,
3464 3741 3514 3794 id
3533 3752 3616 3796 est
3661 3761 3770 3800 non

2185 3836 2354 3890 usque
2379 3823 2430 3876 in
2459 3823 2614 3877 ﬁnem
2647 3839 3144 3896 perseveraverunt,
3177 3847 3275 3884 non
3300 3841 3459 3897 erant,
3491 3832 3686 3902 inquit,
3711 3851 3782 3890 ea:

2185 3914 2349 3981 nobis,
2382 3923 2436 3971 et
2463 3917 2678 3985 quando
2707 3928 2863 3973 erant
2889 3920 3203 3987 nobiscum;
3234 3922 3329 3977 hoc
3355 3935 3456 3987 est,
3488 3939 3596 3979 non
3620 3937 3785 3985 erant

2186 4025 2253 4064 ex
2285 4025 2508 4064 numero
2540 4010 2792 4078 ﬁliorum,
2821 4021 2875 4067 et
2897 4015 3108 4084 quando
3139 4025 3291 4070 erant
3314 4017 3366 4070 in
3395 4017 3499 4072 lide
3525 4018 3779 4075 filiorum:

2186 4102 2435 4170 quoniam
2471 4103 2559 4172 qui
2599 4119 2726 4158 vere
2770 4103 2861 4159 filii
2905 4116 3048 4174 sunt,
3075 4109 3305 4177 prtcsciti
3333 4109 3778 4180 etpraadestinati

2186 4205 2313 4252 sunt
2335 4199 2637 4252 conformes
2669 4199 2917 4270 imaginis
2945 4201 3062 4256 Filii
3095 4201 3231 4272 ejus,
3258 4211 3314 4258 et
3341 4203 3638 4258 secundum
3668 4221 3784 4276 pro-

2189 4290 2416 4358 positum
2447 4291 2619 4344 vocati
2649 4299 2775 4345 sunt
2819 4300 2877 4345 ut
2905 4292 3058 4346 electi
3088 4303 3287 4348 essent.
3316 4292 3434 4347 Non
3463 4295 3605 4350 enim
3641 4296 3780 4365 perit

2186 4383 2326 4437 ﬁlius
2380 4384 2788 4453 promissionis.
2849 4385 2944 4441 sed
3008 4385 3146 4442 ﬁlius
3205 4387 3522 4458 perditionis
3581 4388 3776 4460 (Joan.

2189 4491 2326 4544 xvn,
2359 4476 2473 4550 12).

2256 4568 2348 4624 21.
2381 4569 2618 4625 Fuerunt
2661 4585 2790 4642 ergo
2817 4571 2900 4626 isti
2941 4587 3008 4629 ex
3050 4573 3389 4630 multitudine
3418 4584 3733 4633 vocatorum
3767 4592 3779 4610 ³

2187 4677 2254 4717 ex
2282 4663 2576 4717 electorum
2616 4673 2793 4720 autem
2831 4669 3096 4736 paucitate
3135 4681 3237 4721 non
3271 4667 3504 4724 fuerunt.
3533 4669 3651 4724 Non
3685 4671 3780 4743 igi-

2188 4764 2274 4809 tur
2317 4755 2438 4810 tiliis
2486 4757 2596 4810 suis
2643 4757 3035 4826 prmdestinatis
3076 4760 3093 4790 ¹
3143 4760 3284 4815 Deus
3327 4765 3780 4831 perseverantiam

2187 4863 2295 4902 non
2321 4848 2499 4914 dedit;
2543 4849 2961 4904 haberentenim
2986 4866 3101 4904 eam
3135 4851 3179 4905 si
3225 4853 3276 4905 in
3323 4868 3388 4906 eo
3423 4853 3656 4909 ﬁliorum
3689 4872 3783 4910 nu-

2188 4955 2340 4996 mero
2365 4952 2582 4996 essent:
2615 4951 2671 4997 et
2717 4942 2844 5012 quid
2897 4942 3154 4997 haberent
3177 4984 3192 5007 ,
3223 4943 3364 5014 quod
3410 4959 3517 4998 non
3547 4947 3781 5016 accepis-

2187 5043 2346 5100 sent,
2390 5034 2684 5090 secundum
2733 5035 3083 5106 apostolicam
3129 5050 3415 5108 veramque
3457 5040 3781 5095 sententiam

2189 5125 2231 5200 (l
2257 5125 2375 5182 Cor.
2411 5143 2480 5194 tv,
2511 5127 2592 5196 7)?
2640 5128 2716 5182 Ac
2740 5142 2835 5197 per
2861 5129 2964 5181 hoc
2990 5127 3123 5183 tales
3156 5127 3246 5182 ﬁlii
3272 5127 3407 5183 Filio
3431 5127 3650 5185 Christo
3676 5130 3782 5186 dati

2187 5228 2389 5286 essent,
2424 5219 2873 5290 quemadmodum
2897 5220 3012 5292 ipse
3039 5219 3170 5274 dicit
3194 5219 3260 5275 ad
3277 5220 3514 5288 Patrem,
3550 5221 3620 5278 Ut
3641 5239 3786 5277 omne

2187 5314 2322 5385 quod
2343 5312 2526 5368 dedisti
2546 5313 2698 5380 mihi,
2728 5329 2827 5368 non
2858 5323 3047 5385 pereat,
3065 5314 3154 5367 sed
3173 5315 3350 5368 habeat
3374 5316 3524 5369 vitam
3545 5326 3785 5370 cateruam

2189 5408 2367 5478 (Joan.
2391 5424 2468 5473 tn,
2513 5408 2600 5472 l5,
2625 5417 2672 5461 et
2687 5423 2758 5475 vt,
2788 5406 2897 5480 39).
2936 5405 2998 5462 Hi
3020 5423 3146 5478 ergo
3164 5406 3375 5463 Christo
3413 5409 3785 5479 intelliguntur

2189 5500 2325 5567 dari,
2355 5501 2444 5570 qui
2470 5500 2703 5555 ordinati
2724 5509 2848 5553 sunt
2873 5501 2925 5554 in
2949 5501 3110 5554 vitam
3129 5510 3405 5555 :elernam.
3428 5501 3531 5570 lpsi
3563 5513 3686 5556 sunt
3709 5501 3780 5560 illi

2190 5593 2548 5663 praedestinati
2593 5601 2648 5647 et
2683 5591 2974 5647 secundum
3023 5592 3355 5662 propositum
3393 5593 3605 5658 vocati,
3651 5609 3782 5664 quo-

2190 5702 2305 5742 rum
2342 5685 2519 5741 nullus
2551 5685 2705 5756 perit.
2750 5685 2828 5740 Ac
2865 5700 2961 5756 per
2989 5684 3090 5740 hoc
3117 5685 3296 5741 nullus
3327 5701 3513 5741 eorum
3541 5701 3609 5741 ex
3639 5686 3785 5743 bono

2192 5821 2906 5937 cuinﬂ'réiugl‘ﬁsﬁi‘ﬁui":
2924 5820 3428 5946 mdiﬁﬁﬁm‘
3469 5823 3678 5876 nm
3698 5821 3789 5877 ιδ
