4022 6468
221 511 277 567 in
305 509 512 566 malum
543 516 776 565 mutatus
802 508 916 565 ﬁnit
947 507 1084 564 hanc
1112 509 1310 577 vitam;
1340 509 1592 582 quoniam
1626 510 1706 566 sic
1727 519 1810 566 est

221 605 527 671 ordinatus,
557 613 611 660 et
637 604 760 670 ideo
785 604 998 660 Christo
1020 603 1210 672 datus,
1241 613 1302 659 ut
1325 619 1430 660 non
1462 612 1682 676 pereat,
1716 603 1810 660 sed

221 696 424 754 habeat
448 697 609 753 vitam
640 706 914 752 aeternam.
963 697 1033 752 Et
1055 712 1243 752 rursus
1280 712 1414 767 quos
1449 697 1678 752 dicimus
1710 697 1813 751 ini-

221 790 397 846 micos
416 790 555 860 ejus,
579 788 660 844 vel
683 788 934 859 parvulos
962 788 1103 843 ﬁlios
1127 788 1466 843 inimicorum
1494 788 1630 859 ejus,
1655 801 1817 858 quos-

221 897 455 954 cumque
475 897 661 938 eorum
679 882 757 937 sic
781 888 1190 951 regeneraturus
1209 887 1311 946 est,
1333 880 1463 935 utin
1491 895 1555 935 ea
1572 879 1676 935 ﬁde
1697 895 1816 950 quae

221 992 318 1048 per
347 975 694 1032 dilectionem
722 983 998 1046 operatur,
1022 974 1160 1029 hanc
1183 975 1345 1030 vitam
1377 974 1596 1041 finiant;
1623 975 1733 1044 jam
1761 984 1817 1030 et

220 1077 510 1138 antequam
558 1067 662 1123 hoc
693 1067 812 1132 ﬁat,
843 1067 894 1122 in
917 1067 1005 1140 illa
1051 1066 1521 1136 praedestinatione
1553 1076 1678 1123 sunt
1725 1067 1817 1122 ﬁlii

219 1159 360 1230 ejus,
384 1167 441 1215 et
459 1159 570 1215 dati
594 1168 720 1214 sunt
747 1158 962 1215 Christo
1001 1158 1138 1214 Filio
1165 1159 1314 1231 ejus,
1337 1168 1399 1215 ut
1427 1175 1535 1216 non
1563 1168 1814 1231 pereant,

219 1250 314 1307 sed
337 1249 572 1306 habeant
597 1250 758 1306 vitam
796 1261 1070 1306 :cternam.

291 1342 384 1396 22.
411 1343 653 1414 Denique
680 1343 792 1414 ipse
823 1343 1090 1411 Salvator,
1119 1342 1183 1399 Si
1197 1344 1504 1408 manseritis,
1528 1343 1734 1415 inquit,
1763 1344 1818 1399 in

221 1433 370 1488 uerbo
415 1451 560 1501 meo,
598 1449 711 1490 uere
733 1435 970 1506 discipuli
1007 1435 1107 1488 mei
1147 1435 1263 1489 estis
1291 1436 1309 1505 (
1334 1434 1491 1489 Joan.
1518 1451 1612 1490 vni
1636 1478 1650 1502 ,
1683 1436 1744 1490 51
1773 1435 1819 1508 ).

221 1525 492 1596 Numquid
513 1526 566 1581 in
601 1527 683 1581 his
702 1526 1091 1596 computandus
1117 1537 1198 1582 est
1219 1526 1404 1594 ludas,
1428 1528 1518 1598 qui
1545 1542 1652 1582 non
1672 1543 1819 1583 man-

222 1617 293 1673 sit
322 1619 377 1673 in
418 1618 582 1674 verbo
608 1617 768 1688 ejus?
813 1618 1078 1689 Numquid
1127 1619 1180 1674 in
1212 1618 1296 1673 his
1317 1619 1665 1690 computandi
1697 1633 1824 1675 sunt

222 1708 340 1776 illi,
373 1709 442 1765 de
462 1709 654 1780 quibus
683 1710 1030 1781 Evangelium
1059 1711 1138 1766 sic
1165 1711 1419 1782 loquitur,
1447 1711 1539 1766 ubi
1564 1711 1821 1767 Dominus

224 1816 349 1858 cum
403 1801 836 1858 commendasset
861 1803 1286 1858 manducandum
1327 1819 1545 1859 carnem
1588 1819 1740 1859 suam
1767 1813 1823 1860 et

221 1893 520 1950 bibendum
549 1895 860 1966 sanguinem
892 1912 1072 1963 suum,
1101 1900 1174 1950 ait
1203 1897 1552 1965 evangelista,
1584 1896 1712 1952 Haec
1741 1897 1823 1952 di-

219 1985 294 2039 xit
343 1986 398 2039 in
446 2001 702 2057 synagoga
741 1987 959 2053 docens,
1002 1987 1055 2040 in
1094 1986 1472 2054 Capharnaum.
1505 1987 1659 2041 Multi
1701 2004 1822 2060 ergo

222 2077 484 2131 audientes
529 2094 593 2132 ea:
638 2077 903 2148 discipulis
948 2082 1058 2148 ejus
1100 2079 1376 2146 dixerunt,
1425 2078 1598 2135 Durus
1643 2090 1715 2135 est
1740 2081 1822 2134 hic

221 2186 388 2225 sermo
411 2212 426 2235 ,
475 2172 588 2241 quis
623 2179 782 2241 potest
825 2187 940 2224 eum
979 2170 1202 2226 audire?
1239 2170 1418 2227 Sciens
1461 2181 1627 2226 autem
1668 2171 1822 2227 Iesus

220 2261 366 2333 apud
407 2262 729 2332 semetipsum
761 2263 880 2334 quia
918 2273 1290 2316 murmurarent
1342 2264 1404 2317 de
1442 2263 1536 2317 hoc
1581 2263 1823 2335 discipuli

222 2355 361 2424 ejus,
385 2355 513 2408 dixit
540 2355 610 2408 eis
629 2370 649 2408 :
678 2352 792 2408 Hoc
835 2371 920 2408 vos
958 2356 1310 2410 scandalizat?
1348 2355 1410 2410 Si
1451 2373 1566 2428 ergo
1596 2356 1821 2411 videritis

222 2447 420 2504 Filium
453 2449 673 2504 hominis
710 2449 1060 2504 ascendentem
1099 2449 1185 2504 ubi
1226 2459 1334 2504 erat
1362 2452 1543 2521 prius?
1594 2450 1822 2523 Spiritus

221 2550 294 2596 est
331 2542 418 2612 qui
459 2542 711 2612 uiviﬁcat,
754 2558 874 2596 caro
913 2552 1079 2598 autem
1129 2560 1232 2598 non
1275 2544 1475 2614 prodest
1524 2545 1819 2616 quidquam.

230 2631 395 2688 Verba
423 2649 537 2702 qua:
559 2650 650 2704 ego
671 2635 870 2690 locutus
893 2651 1004 2688 sum
1035 2633 1170 2689 vobis
1189 2676 1204 2700 ,
1231 2635 1438 2704 spiritus
1467 2644 1516 2690 et
1554 2636 1656 2690 uita
1682 2645 1818 2690 sunt.

220 2725 330 2782 Sed
353 2736 472 2781 sunt
494 2727 700 2800 quidam
729 2745 792 2783 ea:
811 2729 946 2783 vobis
974 2728 1062 2798 qui
1081 2745 1182 2782 non
1205 2728 1433 2783 credunt.
1459 2728 1660 2784 Sciebat
1687 2730 1821 2784 enim

221 2819 282 2872 ab
323 2820 471 2874 initio
494 2820 646 2876 Jesus
671 2863 686 2886 ,
723 2821 808 2891 qui
847 2831 1010 2875 essent
1034 2821 1319 2889 credentes,
1343 2830 1388 2875 et
1416 2823 1527 2894 quis
1547 2823 1823 2877 traditurus

220 2921 350 2966 esset
369 2928 508 2978 eum;
537 2921 583 2967 et
611 2911 806 2966 dicebat
829 2928 848 2966 :
878 2911 1158 2981 Propterea
1186 2913 1294 2968 dixi
1319 2913 1454 2969 vobis
1481 2955 1496 2981 ,
1524 2915 1656 2980 Quia
1676 2931 1822 2969 nemo

223 3005 359 3060 venit
378 3005 448 3058 ad
468 3021 547 3060 me
565 3048 581 3073 ,
622 3006 721 3059 nisi
745 3006 896 3076 fuerit
933 3007 978 3060 ei
1003 3007 1179 3059 datum
1203 3023 1235 3060 a
1265 3005 1423 3060 Patre
1469 3023 1597 3062 meo.
1622 2995 1708 3062 Ea:
1727 3008 1822 3063 hoc

226 3098 376 3152 multi
401 3098 766 3169 discipulorum
784 3099 893 3170 ejus
918 3099 1146 3152 abierunt
1170 3109 1304 3153 retro
1321 3141 1338 3167 ,
1363 3107 1408 3153 et
1425 3101 1542 3170 jam
1570 3117 1672 3155 non
1709 3117 1825 3155 cum

223 3191 321 3247 illo
347 3191 673 3246 ambulabant
698 3190 820 3263 (Id.
851 3207 903 3246 γι
926 3231 942 3258 ,
969 3190 1138 3247 60-67
1162 3190 1206 3262 ).
1247 3191 1510 3262 Numquid
1535 3207 1640 3247 non
1663 3203 1718 3248 et
1738 3192 1825 3248 isti

227 3281 474 3353 discipuli
497 3281 747 3353 appellati
767 3291 926 3350 sunt,
951 3282 1202 3353 loquente
1223 3283 1539 3355 Evangelio?
1559 3284 1625 3338 Et
1645 3293 1824 3340 tamen

227 3389 338 3430 non
384 3383 540 3430 erant
579 3389 708 3429 vere
750 3373 1034 3444 discipuli,
1081 3374 1205 3443 quia
1259 3389 1366 3430 non
1415 3369 1728 3430 manserunt
1769 3373 1824 3429 in

226 3465 396 3522 verbo
437 3465 589 3536 ejus,
617 3465 908 3521 secundum
941 3464 992 3520 id
1019 3465 1162 3535 quod
1197 3465 1310 3530 ait,
1346 3464 1408 3520 Si
1445 3466 1731 3521 manseritis
1769 3466 1824 3520 in

226 3557 375 3612 uerbo
396 3573 536 3626 meo,
568 3573 680 3612 uere
702 3557 941 3627 discipuli
979 3557 1078 3611 mei
1112 3559 1247 3612 estis.
1277 3557 1414 3625 Quia
1440 3573 1571 3629 ergo
1592 3573 1698 3613 non
1721 3557 1822 3614 ha-

225 3651 462 3708 buerunt
510 3651 995 3723 perseverantiam,
1055 3651 1192 3706 sicut
1245 3666 1352 3705 non
1398 3667 1523 3706 vere
1579 3650 1824 3721 discipuli

223 3742 464 3811 Christi,
493 3742 564 3799 ita
596 3758 694 3798 nec
714 3758 841 3798 vere
881 3742 974 3796 ﬁlii
1006 3742 1101 3797 Dei
1141 3741 1385 3808 fuerunt,
1415 3742 1577 3797 etiam
1606 3742 1824 3812 quando

223 3851 348 3894 esse
375 3833 694 3890 videbantur
737 3843 793 3891 et
848 3835 919 3890 ita
950 3835 1298 3891 vocabantur.
1327 3834 1674 3904 Appellamus
1697 3850 1825 3906 ergo

219 3944 324 3986 nos
348 3937 405 3985 et
428 3928 631 3987 electos
651 3969 667 3996 ,
701 3936 756 3983 et
782 3927 985 3983 Christi
1020 3927 1313 3998 discipulos
1340 3927 1358 3958 ³
1378 3968 1393 3993 ,
1427 3935 1482 3983 et
1510 3927 1602 3983 Dei
1647 3927 1820 3994 ﬁlios,

219 4025 354 4094 quia
379 4019 460 4075 sic
483 4019 786 4088 appellandi
828 4027 982 4085 sunt,
1010 4034 1146 4090 quos
1167 4030 1512 4090 regeneratos
1536 4022 1620 4090 pie
1647 4021 1826 4078 vivere

218 4112 542 4173 cernimus:
571 4111 666 4167 sed
714 4117 842 4166 tunc
871 4125 1002 4167 vere
1046 4120 1171 4168 sunt
1196 4112 1338 4183 quod
1379 4113 1749 4183 appellantur,
1779 4114 1825 4170 si

219 4202 529 4262 manserint
569 4201 623 4257 in
672 4217 738 4258 eo
780 4209 1000 4272 propter
1038 4203 1182 4273 quod
1225 4204 1306 4260 sic
1359 4204 1720 4274 appellantur.
1768 4204 1826 4262 Si

220 4307 411 4355 autem
464 4295 916 4366 perseverantiam
964 4311 1071 4350 nun
1112 4295 1348 4363 habent,
1400 4296 1452 4351 id
1497 4305 1618 4367 est,
1665 4300 1718 4354 in
1759 4314 1826 4358 eo

223 4388 375 4463 quod
403 4396 688 4460 coeperunt
711 4404 831 4445 esse
857 4404 964 4443 non
992 4398 1243 4455 manent,
1276 4405 1383 4445 non
1412 4404 1536 4446 vere
1560 4391 1828 4462 appellan-

223 4493 318 4541 tur
344 4481 486 4554 quod
529 4483 866 4552 appellantur
909 4491 963 4537 et
1001 4497 1108 4538 non
1150 4491 1314 4538 sunt:
1343 4483 1487 4554 apud
1521 4499 1645 4538 eum
1681 4486 1825 4540 enim

224 4575 338 4632 hoc
367 4569 472 4630 non
503 4584 648 4642 sunt,
677 4575 762 4631 cui
784 4584 968 4632 notum
1005 4585 1088 4632 est
1115 4575 1439 4650 quodfuturi
1465 4585 1609 4645 sunt,
1637 4577 1690 4634 id
1719 4584 1823 4649 est,

225 4683 298 4723 ex
326 4667 482 4722 bonis
510 4667 657 4722 mali.

299 4763 392 4818 25.
429 4760 654 4831 Propter
685 4760 786 4817 hoc
826 4761 1112 4834 Apostolus
1154 4777 1276 4818 cum
1322 4762 1579 4831 dixisset,
1621 4763 1827 4820 Scimus

227 4855 470 4927 quoniam
497 4848 822 4926 diligentibus
839 4854 1001 4910 Deum
1030 4857 1202 4909 omnia
1227 4865 1525 4928 coaperatur
1545 4855 1597 4910 in
1616 4855 1824 4924 bonum;

227 4949 409 5005 sciens
436 4949 721 5004 nonnullos
747 4948 966 5020 diligere
993 4948 1160 5004 Deum
1183 4991 1199 5016 ,
1231 4959 1285 5005 et
1315 4954 1369 5004 in
1395 4963 1460 5004 eo
1482 4948 1624 5005 bono
1660 4965 1828 5021 usque

228 5042 284 5097 in
313 5042 473 5098 ﬁnem
499 5057 604 5098 non
632 5057 947 5112 permanere
964 5084 978 5109 ,
1012 5057 1138 5098 mox
1162 5042 1396 5111 addidit,
1428 5043 1508 5098 his
1534 5044 1621 5114 qui
1645 5061 1827 5100 secun-

229 5135 354 5189 dum
379 5135 690 5205 propositum
719 5135 879 5189 vocati
906 5143 1045 5189 sunt.
1087 5134 1151 5189 Hi
1175 5134 1317 5190 enim
1347 5135 1399 5189 in
1439 5150 1504 5190 eo
1533 5134 1674 5206 quod
1701 5134 1827 5191 dili-

228 5238 364 5302 guut
379 5230 567 5297 Deum,
584 5239 899 5301 permanent
920 5245 1089 5300 usque
1110 5229 1162 5285 in
1188 5230 1364 5296 ﬁnem;
1389 5238 1444 5285 et
1469 5231 1558 5301 qui
1589 5230 1654 5286 ad
1688 5240 1826 5288 tem-

229 5337 332 5393 pus
357 5321 484 5379 inde
508 5322 754 5389 deviant,
782 5331 1142 5390 revertuntur,
1169 5331 1231 5378 ut
1259 5337 1425 5393 usque
1449 5322 1502 5377 in
1524 5322 1681 5378 ﬁnem
1708 5338 1828 5393 per-

230 5414 462 5484 ducant,
521 5414 663 5486 quod
715 5415 770 5470 in
828 5415 970 5470 bono
1022 5431 1144 5472 esse
1181 5423 1478 5486 coeperunt.
1525 5414 1827 5472 Ostendens

231 5515 413 5565 autem
462 5508 590 5580 quid
615 5509 686 5565 sit
729 5507 1025 5564 secundum
1071 5508 1400 5578 propositum
1442 5508 1650 5577 vocari,
1695 5522 1824 5564 mox

231 5600 437 5657 addidit
464 5616 528 5658 ea
571 5616 689 5672 qua:
713 5600 825 5672 jam
859 5615 1015 5670 supra
1057 5602 1244 5670 posui,
1279 5599 1529 5668 Quoniam
1559 5617 1682 5672 quos
1708 5609 1829 5655 ante

295 5737 312 5808 ξ
335 5744 459 5808 ,ιργς
481 5750 495 5789 ε
520 5734 822 5808 Appellamus
843 5749 958 5802 ergo
979 5748 1059 5787 eos
1080 5742 1127 5808 ες
1153 5734 1326 5808 electos
1346 5733 1524 5808 Christi
1545 5736 1822 5808 ᾴρεερρυιοε-

229 5799 348 5874 Editi
369 5800 481 5851 alii:
509 5797 810 5874 appellamus
832 5797 958 5874 ergo
968 5812 1052 5874 nos
1073 5804 1117 5850 et
1144 5799 1317 5874 electos
1333 5797 1512 5850 Christi
1534 5797 1826 5874 discipulos;

577 5859 1076 5991 itcpmgpulante
1100 5859 1357 5927 particula,
1391 5876 1537 5928 quam
1578 5864 1630 5914 in
1655 5859 1827 5919 multis

1646 393 1854 452 LIBER
1887 396 2088 456 UNUS.

1921 514 2190 607 prwscivit,
2205 524 2253 570 et
2265 519 2632 585 praedestinavit
2648 524 2931 595 conformes
2962 527 3199 601 imaginis
3218 530 3343 588 Filii
3375 551 3510 607 enus,

1921 612 1974 656 ut
1991 605 2056 658 sit
2083 605 2188 676 ipse
2207 607 2566 680 primogenitus
2593 613 2646 667 in
2672 615 2842 670 nmltis
2867 618 3109 688 fratribus
3133 637 3152 676 :
3195 639 3319 692 quos
3347 605 3519 682 autem

1920 698 2306 766 praedestinavit,
2332 702 2447 756 illos
2457 712 2504 756 et
2524 707 2733 770 vocavit,
2754 709 2959 766 scilicet
2972 714 3264 771 secundum
3285 721 3521 789 proposi-

1921 794 2035 840 tum
2055 805 2069 853 ;
2088 806 2210 861 quos
2225 802 2391 847 autem
2403 796 2613 863 vocavit,
2633 798 2770 869 ipsos
2786 810 2832 854 et
2839 802 3142 873 justiﬁcavit
3159 824 3178 871 ;
3210 824 3336 880 quos
3352 821 3518 866 autem

1911 885 2232 980 justiﬁcavit,
2288 889 2424 959 ipsos
2447 900 2493 946 et
2517 893 2817 964 gloriﬁcavit
2846 899 3022 971 (Rom.
3050 904 3390 980 vm,28-50).
3424 909 3519 964 illa

1922 977 2098 1031 omnia
2123 978 2232 1047 jam
2251 980 2386 1036 facta
2407 993 2553 1049 sunt,
2572 989 2852 1057 priescivit,
2883 993 3272 1065 pradestinauit,
3303 977 3514 1069 vocavit,

1913 1068 2210 1163 justtﬁcavit
2225 1091 2246 1140 ;
2262 1076 2508 1144 quoniam
2536 1087 2588 1135 et
2602 1095 2790 1139 omnes
2802 1083 2910 1155 jam
2928 1091 3158 1156 praesciti
3174 1107 3236 1148 ae
3246 1068 3522 1163 praedestis

1924 1162 2037 1216 nati
2063 1174 2185 1219 sunt
2205 1205 2220 1230 ,
2249 1174 2306 1222 et
2333 1169 2488 1224 multi
2508 1170 2619 1241 jam
2653 1176 2827 1230 vocati
2853 1185 3014 1250 atque
3033 1181 3305 1251 justiﬁeati
3335 1188 3516 1258 :quod

1923 1264 2101 1311 autem
2141 1260 2315 1328 posuit
2358 1261 2410 1317 in
2461 1262 2602 1332 ﬁne,
2654 1267 2770 1323 illos
2807 1279 2853 1324 et
2893 1271 3196 1343 glori/ienuit
3233 1279 3518 1348 (siquidem

1924 1348 2012 1404 illa
2055 1351 2222 1420 gloria
2245 1363 2328 1408 est
2372 1353 2458 1411 hic
2493 1357 2840 1430 intelligenda
2861 1405 2875 1430 ,
2905 1363 2972 1419 de
3012 1382 3119 1437 qua
3154 1369 3296 1425 idem
3350 1371 3517 1439 dicit,

1926 1440 2051 1496 Cum
2101 1442 2331 1500 Christus
2377 1452 2674 1519 apparuerit
2707 1453 2807 1506 vita
2835 1464 2996 1511 vestra
3017 1499 3033 1524 ,
3060 1467 3180 1514 tunc
3218 1471 3266 1516 et
3294 1479 3380 1517 vos
3405 1480 3522 1518 cum

1924 1532 2014 1588 illo
2029 1535 2332 1605 apparebitis
2343 1539 2395 1592 in
2418 1541 2580 1610 gloria
2603 1540 2818 1615 [Coloss.
2841 1562 2920 1616 In,
2940 1548 3043 1621 4]),
3069 1552 3302 1608 nondum
3323 1555 3518 1613 factum

1925 1634 2026 1680 est.
2053 1625 2306 1718 Quamvis
2335 1637 2388 1684 et
2418 1630 2507 1685 illa
2537 1631 2661 1700 duo,
2687 1635 2737 1689 id
2768 1645 2889 1704 est,
2917 1643 3110 1696 vocavit
3135 1652 3184 1697 et
3192 1645 3518 1718 justiﬁcavit,

1926 1730 2032 1770 non
2085 1717 2140 1771 in
2184 1719 2434 1776 omnibus
2483 1723 2616 1779 tacta
2648 1725 2786 1792 sint,
2823 1728 2892 1784 de
2933 1733 3129 1802 quibus
3175 1735 3319 1794 dicta
3357 1717 3518 1808 sunt;

1926 1806 2100 1862 adhuc
2147 1810 2290 1864 enim
2329 1827 2496 1882 usque
2529 1815 2582 1869 in
2626 1816 2787 1872 ﬁnem
2815 1823 2995 1878 saeculi
3035 1827 3188 1882 multi
3217 1831 3442 1888 vocandi
3465 1806 3524 1890 et

1920 1897 2248 1969 justiﬁeandi
2287 1915 2411 1960 sunt
2439 1915 2530 1962 :et
2558 1916 2734 1965 tamen
2778 1914 2939 1968 verba
2977 1920 3229 1985 praeteriti
3263 1926 3519 1994 temporis

1926 1993 2104 2062 posuit
2127 1993 2194 2050 de
2234 1996 2394 2052 rebus
2445 2000 2604 2055 etiam
2633 2000 2826 2060 futuris
2849 2045 2864 2070 ,
2892 2017 3143 2079 tanquam
3181 2011 3294 2081 jam
3335 1993 3524 2073 fecerit

1929 2083 2105 2180 Deus,
2137 2104 2254 2180 quae
2299 2089 2410 2160 jam
2460 2101 2518 2147 ut
2562 2093 2753 2151 ﬁerent
2797 2113 2864 2153 ex
2908 2103 3206 2161 aeternitate
3238 2106 3520 2180 disposuit.

1924 2174 2050 2232 ldeo
2069 2180 2136 2272 de
2153 2179 2245 2235 illo
2261 2181 2390 2238 dicit
2403 2193 2456 2239 et
2471 2186 2725 2256 propheta
2752 2188 2930 2259 lsaias,
2962 2193 3064 2259 Qui
3086 2196 3203 2266 fecit
3218 2174 3340 2269 qua;
3349 2204 3523 2272 futura

1924 2281 2041 2364 sunt
2059 2271 2191 2364 (Isai
2207 2290 2326 2335 ην,
2342 2293 2440 2330 sec.
2466 2277 2653 2349 LXX).
2676 2281 3009 2357 Quicumque
3023 2291 3214 2358 ergoin
3233 2292 3326 2349 Dei
3343 2271 3524 2364 provi-

1928 2359 2238 2454 dentissima
2256 2365 2606 2436 dispositione
2621 2373 2883 2454 praesciti,
2927 2378 3305 2447 praedestinati,
3327 2359 3520 2454 vocati,

1920 2443 2662 2528 justiticati,glorificatisuni,
2681 2480 2786 2522 non
2815 2443 2944 2524 dico
2971 2471 3130 2527 etiam
3160 2443 3394 2533 nondum
3438 2443 3525 2537 re;

1925 2547 2053 2612 nati,
2077 2548 2171 2605 sed
2192 2551 2348 2605 ctiam
2369 2555 2604 2610 nondum
2633 2559 2763 2625 nati,
2786 2559 2895 2631 jam
2930 2562 3019 2618 lilii
3038 2564 3133 2621 Dei
3157 2579 3298 2637 sunt,
3324 2579 3379 2626 et
3407 2587 3524 2628 om-

1926 2638 2054 2696 nino
2083 2642 2256 2710 perire
2276 2658 2381 2699 non
2403 2657 2642 2715 possunt.
2673 2649 2734 2704 Hi
2762 2667 2884 2709 vere
2908 2656 3124 2714 veniunt
3142 2659 3209 2715 ad
3228 2659 3518 2733 Christum;

1926 2733 2052 2828 quia
2081 2734 2151 2828 ita
2178 2737 2430 2803 veniunt,
2460 2743 2727 2810 quomodo
2752 2746 2866 2815 ipse
2886 2747 3054 2818 dicit,
3091 2752 3254 2810 Omne
3275 2758 3412 2828 quod
3431 2760 3522 2814 dat

1928 2825 2054 2878 mihi
2084 2825 2260 2896 Pater,
2288 2829 2357 2883 ad
2381 2848 2460 2885 me
2490 2834 2691 2902 veniet;
2715 2846 2763 2914 et
2791 2854 2905 2893 eum
2923 2842 3009 2912 qui
3033 2845 3166 2899 venit
3194 2848 3263 2901 ad
3286 2825 3387 2917 me,
3418 2867 3522 2906 non

1929 2918 2129 2989 ejiciam
2155 2923 2316 2992 foras.
2348 2923 2415 2978 Et
2445 2927 2602 2995 paulo
2631 2938 2791 2998 post,
2821 2930 2946 2988 Hac
2971 2944 3078 3004 est,
3108 2937 3313 3010 inquit,
3338 2944 3521 2998 volun-

1929 3018 2008 3064 tas
2033 3012 2145 3081 ejus
2181 3015 2268 3086 qui
2297 3015 2432 3070 misit
2458 3034 2537 3071 me
2573 3017 2746 3076 Patris
2765 3063 2780 3089 ,
2813 3033 2867 3077 ut
2891 3041 3039 3082 omne
3063 3031 3198 3100 quod
3229 3032 3366 3087 dedit
3394 3035 3520 3089 mihi

1928 3117 2030 3156 non
2059 3104 2268 3196 perdam
2293 3122 2356 3160 ea:
2373 3123 2431 3161 eo
2456 3107 2636 3179 (Joan.
2663 3127 2718 3166 vi
2738 3154 2753 3179 ,
2783 3114 2871 3179 57,
2905 3115 3017 3188 59).
3046 3119 3130 3174 Ab
3155 3120 3250 3178 illo
3269 3138 3399 3196 ergo
3423 3126 3520 3181 da-

1930 3201 2018 3248 tur
2043 3195 2202 3249 etiam
2229 3200 2625 3266 perseverantia
2652 3202 2706 3257 in
2739 3203 2882 3262 bono
2907 3223 3077 3280 usque
3101 3211 3154 3266 in
3185 3195 3349 3270 ﬁnem
3374 3233 3389 3270 :
3418 3233 3520 3274 ne-

1928 3299 2034 3379 que
2053 3286 2193 3342 enim
2211 3288 2408 3368 ‘datur,
2438 3291 2540 3348 nisi
2566 3293 2645 3348 eis
2684 3295 2774 3366 qui
2803 3313 2910 3354 non
2953 3302 3232 3374 peribunt;
3264 3308 3517 3379 quoniam

1928 3376 2018 3448 qui
2046 3393 2151 3433 non
2173 3393 2520 3450 perseverant
2543 3387 2811 3456 peribunt.

2000 3469 2113 3566 241
2138 3471 2355 3566 Talibus
2383 3475 2526 3532 Deus
2567 3479 2910 3551 diligentibus
2950 3501 3072 3542 eum
3099 3490 3279 3547 omnia
3320 3507 3518 3566 c00pe-

1928 3572 2077 3618 ratur
2101 3563 2152 3618 in
2184 3564 2404 3634 bonum;
2440 3583 2609 3642 usque
2634 3573 2772 3629 adeo
2796 3590 3016 3647 prorsus
3039 3583 3238 3649 omnia,
3271 3592 3331 3640 ut
3355 3563 3517 3644 etiam

1929 3655 1974 3711 si
2031 3657 2119 3727 qui
2174 3674 2358 3715 eorum
2407 3661 2622 3720 deviant
2673 3673 2728 3721 et
2781 3669 3122 3740 exorbitant,
3182 3677 3342 3733 etiam
3415 3679 3519 3738 hoc

1929 3749 2102 3819 ipsum
2127 3751 2207 3807 eis
2227 3753 2383 3810 iaciat
2407 3757 2670 3826 proﬁcere
2699 3759 2753 3815 in
2795 3761 2992 3820 bonum
3011 3806 3028 3834 ,
3061 3767 3185 3839 quia
3207 3767 3519 3832 humiliores

1928 3843 2156 3902 redeunt
2201 3856 2361 3919 atque
2409 3849 2699 3910 doctiores.
2745 3856 2964 3914 Discunt
3005 3861 3148 3916 enim
3175 3862 3228 3919 in
3250 3865 3362 3935 ipsa
3387 3867 3516 3923 via‘

1925 3935 2068 4006 justa
2099 3953 2222 3994 cum
2253 3950 2486 4000 tremore
2519 3960 2580 4002 se
2604 3949 2874 4008 exsultare
2902 3951 3120 4023 debere,
3154 3972 3262 4013 non
3298 3960 3398 4016 sibi
3427 3977 3517 4018 ar—

1929 4031 2169 4100 rogando
2191 4041 2442 4104 tanquam
2461 4036 2531 4092 de
2549 4052 2645 4094 sua
2664 4041 2856 4098 virtute
2878 4043 3124 4101 ﬁduciam
3147 4053 3517 4122 permanendi,

1935 4136 2038 4177 nec
2065 4122 2292 4181 dicendo
2321 4126 2374 4182 in
2403 4121 2725 4188 abundantia
2767 4148 2862 4190 sua
2885 4177 2901 4202 ,
2925 4135 3044 4192 Non
3087 4143 3421 4200 movebimur
3465 4121 3518 4202 in

1930 4223 2212 4270 aeternum.
2242 4217 2468 4290 Propter
2514 4223 2656 4292 quod
2686 4223 2764 4278 eis
2811 4224 3036 4294 dicitur,
3067 4229 3262 4288 Servite
3301 4233 3519 4294 Domino

1929 4308 1983 4364 in
2010 4317 2219 4376 timore,
2248 4320 2299 4366 et
2339 4312 2560 4369 exultate
2596 4317 2642 4369 ei
2666 4333 2783 4371 cum
2808 4326 3056 4389 tremore,
3093 4339 3158 4378 ne
3184 4326 3388 4395 quando
3409 4328 3519 4383 ira-

1930 4413 2102 4457 scatur
2131 4402 2382 4461 Dominus
2403 4448 2418 4473 ,
2445 4415 2493 4461 et
2519 4410 2735 4480 pereatis
2755 4410 2818 4465 de
2843 4413 2923 4466 via
2942 4414 3087 4486 justo
3116 4415 3289 4488 (Psal.
3321 4435 3359 4475 ti
3378 4462 3394 4489 ,
3428 4424 3516 4489 il,

1932 4495 2044 4568 12).
2090 4495 2274 4568 Neque
2298 4498 2441 4554 enim
2471 4500 2579 4570 ait,
2609 4502 2676 4557 Et
2705 4517 2810 4559 non
2838 4506 2858 4536 ¹
2884 4508 3107 4564 veniatis
3154 4511 3222 4567 ad
3265 4514 3404 4568 viam
3426 4517 3517 4586 ju-

1930 4597 2089 4656 stam;
2117 4590 2228 4656 sed,
2254 4607 2317 4645 ne
2331 4593 2565 4664 pereatis,
2591 4594 2781 4666 inquit,
2801 4596 2864 4652 de
2880 4598 2960 4652 aia
2973 4599 3120 4670 justa
3149 4616 3170 4656 :
3189 4602 3316 4673 quid
3337 4615 3518 4663 osten-

1931 4682 2084 4750 dens,
2115 4684 2218 4740 nisi
2241 4700 2336 4741 eos
2359 4701 2481 4743 esse
2502 4689 2876 4758 commonitos,
2903 4691 2992 4762 qui
3016 4692 3128 4763 jam
3159 4696 3432 4756 ambulant
3459 4701 3518 4759 in

1931 4776 2014 4832 via
2036 4776 2200 4847 justa,
2228 4786 2286 4833 ut
2305 4778 2359 4834 in
2381 4778 2573 4836 timore
2589 4781 2700 4838 Deo
2725 4783 2982 4851 serviant,
3010 4783 3064 4841 id
3088 4795 3191 4856 est,
3217 4805 3324 4847 non
3349 4793 3516 4851 altum

1931 4868 2175 4938 sapiant,
2205 4869 2298 4925 sed
2329 4870 2550 4927 timeant
2579 4871 2768 4945 (Rom.
2790 4889 2876 4942 xi,
2907 4875 3029 4949 20)?
3047 4880 3189 4950 quod
3215 4882 3516 4957 signiﬁcat,

1930 4959 2048 5016 Non
2076 4963 2422 5033 superbiant,
2456 4964 2552 5021 sed
2597 4965 2824 5026 humiles
2853 4969 2960 5025 sint
2985 4985 3000 5026 :
3029 4972 3171 5030 unde
3193 4985 3250 5032 et
3272 4977 3398 5035 alibi
3435 4980 3522 5037 di-

1931 5053 2007 5109 cit
2027 5096 2042 5121 ,
2086 5052 2209 5110 Non
2251 5056 2357 5110 alta
2400 5058 2651 5129 sapientes
2672 5099 2689 5129 ,
2723 5061 2813 5116 sed
2841 5061 3121 5121 humilibus
3157 5071 3523 5128 consentientes

1933 5143 2044 5229 (Id.
2084 5161 2158 5201 xu
2181 5188 2198 5214 ,
2231 5147 2320 5219 i6)
2351 5165 2364 5202 :
2393 5149 2660 5206 exsultent
2685 5150 2828 5222 Deo,
2869 5153 2964 5210 sed
2991 5170 3112 5213 cum
3154 5166 3424 5229 tremore;
3463 5163 3518 5220 in

1932 5238 2078 5294 nullo
2123 5239 2451 5312 gloriantes,
2490 5243 2703 5314 quando
2743 5253 2984 5304 nostrum
3030 5249 3161 5306 nihil
3201 5251 3310 5320 sit;
3337 5259 3398 5309 ut
3425 5253 3520 5327 qui

1931 5330 2216 5401 gloriatur,
2249 5332 2303 5386 in
2334 5333 2562 5390 Domino
2589 5335 2846 5407 glorietur
2889 5339 3104 5409 (Jerem.
3130 5357 3188 5397 ix
3208 5383 3226 5412 ,
3252 5343 3353 5411 25,
3382 5343 3476 5418 24)
3500 5363 3518 5404 :

1932 5435 2000 5476 ne
2026 5430 2248 5491 pereant
2271 5422 2340 5480 de
2361 5424 2444 5480 via
2469 5425 2612 5496 justa
2630 5469 2647 5496 ,
2675 5428 2730 5485 in
2757 5445 2862 5501 qua
2897 5429 3008 5501 jam
3030 5432 3306 5492 ambulare
3333 5450 3516 5509 caepe-

1932 5520 2076 5578 runt,
2106 5513 2232 5570 dum
2254 5515 2352 5572 sibi
2371 5516 2474 5574 hoc
2497 5517 2669 5590 ipsum
2692 5521 2998 5593 assignant,
3027 5523 3172 5596 quod
3201 5526 3256 5582 in
3279 5541 3342 5584 ea
3366 5534 3512 5586 sunt.

1932 5607 2027 5662 His
2053 5608 2227 5665 verbis
2255 5625 2384 5666 usus
2407 5623 2491 5668 est
2523 5622 2578 5669 et
2598 5614 2883 5686 Apostolus
2900 5654 2918 5681 ,
2945 5614 3035 5671 ubi
3059 5617 3160 5684 ait,
3187 5616 3314 5674 Cum
3340 5624 3520 5684 tiniore

1931 5707 1980 5754 et
2029 5708 2244 5756 tremore
2298 5713 2514 5759 uestram
2555 5705 2783 5776 ipsorum
2827 5704 3045 5766 salutem
3092 5714 3394 5785 operamini.
3445 5717 3518 5777 Et

1995 5861 2012 5928 ξ
2051 5869 2228 5928 sinet
2248 5859 2417 5928 plures
2435 5869 2562 5923 Mss,
2587 5861 2698 5914 vita.

1997 5925 2019 5961 ι
2054 5926 2188 5989 eam,
2211 5924 2288 5980 ne.
2325 5924 2492 5981 uenus
2511 5933 2639 5992 uss,
2659 5937 2770 5982 nat.
