4022 6474
252 503 542 590 ιιμᾳςξτεριάᾳ
565 516 626 560 se
644 501 774 580 ipsis
801 497 989 572 Angeli
1012 496 1277 563 nesciunt,
1303 510 1408 554 non
1436 497 1691 576 aequales,
1724 497 1822 576 sed

531 577 751 674 erimus.
789 595 997 651 Veritas
1023 602 1201 649 autem
1230 593 1382 649 nobis
1402 607 1588 666 eorum
1620 592 1824 664 promi-

252 667 682 772 sjtacq‘ualitatem
760 687 948 744 Matth.
976 686 1212 766 xxn,_30
1242 683 1282 757 ).
1306 683 1523 744 Certum
1553 695 1634 742 est
1664 685 1822 756 igitur

250 769 462 860 hoccos,
488 769 648 866 nosse
673 798 769 856 per
795 782 1050 852 Speciem,
1081 778 1221 850 quod
1249 793 1345 858 nos
1372 795 1467 854 per
1497 776 1678 854 (idem,
1706 777 1824 858 nul-

252 867 574 952 lamscilicet
601 880 808 954 rpinam
850 875 1162 948 cujusquam
1206 873 1372 940 sancti
1407 872 1581 944 angeli
1605 871 1715 942 jam
1743 869 1825 950 fu-

252 953 431 1038 turam.
459 971 708 1048 Diabolus
731 984 862 1024 vero
889 977 942 1024 et
969 965 1142 1037 angeli
1173 966 1312 1042 ejus,
1346 965 1446 1020 etsi
1481 963 1625 1019 beati
1670 971 1824 1042 erant

251 1039 539 1143 antequam
562 1039 836 1138 caderent,
860 1067 914 1113 et
941 1072 1000 1112 se
1045 1057 1096 1116 in
1139 1039 1426 1138 miseriam?
1449 1068 1668 1132 casuros
1702 1039 1823 1108 esse

250 1132 568 1227 nesciebam,
593 1132 710 1211 erat
741 1162 917 1210 tamen
948 1149 1124 1206 adhuc
1148 1133 1292 1218 quod
1318 1132 1505 1206 eorum
1535 1147 1823 1202 adderetur

249 1246 570 1320 beatitudini,
599 1245 770 1320 si‘per
813 1243 1037 1320 liberum
1063 1239 1342 1296 arbitrium
1381 1239 1433 1292 in
1461 1239 1686 1308 veritate
1712 1247 1824 1293 ste-

249 1315 426 1422 tissent
455 1381 478 1412 ,τ
521 1315 693 1394 donec
731 1315 887 1411 istam
935 1347 1161 1402 summa:
1210 1329 1551 1412 beatitudinis
1593 1329 1824 1422 plenitu-

464 1409 1032 1508 ta‘nquamprmmium
1064 1422 1229 1498 ipsius
1266 1409 1656 1494 permansionis
1683 1421 1823 1498 acci-

476 1497 528 1577 id
554 1495 656 1592 est,
681 1495 969 1590 tit—magna
1016 1495 1110 1587 per
1151 1515 1404 1590 Spiritum
1435 1520 1677 1606 sanctum
1704 1495 1827 1580 data

244 1603 555 1684 abundantia
583 1603 856 1667 charitatis
880 1607 996 1678 Dei,
1021 1607 1211 1663 cadere
1232 1606 1456 1661 ulterius
1477 1605 1697 1684 omnino
1721 1620 1828 1660 non

248 1679 478 1782 posSent,
503 1679 558 1772 et
593 1702 696 1770 hoc
717 1702 785 1758 de
807 1718 865 1758 se
886 1701 1183 1782 certissime
1208 1708 1450 1755 nossent.
1476 1698 1624 1754 Hanc
1651 1698 1826 1767 pleni-

247 1796 476 1862 tudinem
506 1793 852 1852 beatitudinis
877 1808 982 1846 non
1015 1790 1282 1846 habebant
1314 1808 1326 1843 :
1352 1789 1443 1846 sed
1473 1790 1596 1860 quia
1625 1789 1829 1844 nescie-

245 1875 367 1946 bant
404 1904 556 1953 suam
605 1886 839 1953 futuram
885 1885 1178 1953 miseriam,
1225 1883 1433 1940 minore
1470 1882 1708 1953 quidem,
1733 1881 1824 1937 sed

251 1963 418 2054 tamen
461 1947 799 2062 b‘eaiitudi‘ne
821 1949 936 2032 sine
963 1978 1070 2032 ullo
1104 1975 1232 2031 vitio
1259 1973 1589 2030 fruebantur.
1619 1973 1750 2030 Nam
1782 1973 1828 2029 si

246 2049 390 2130 suum
409 2049 844 2128 casumll'utu‘rum
862 2079 1084 2127 nossent
1105 2079 1470 2141 reternumque
1486 2069 1826 2140 supplicium,

245 2165 375 2224 beati
399 2167 584 2236 utique
613 2180 734 2220 esse
758 2179 861 2219 non
891 2173 1129 2234 possent,
1172 2177 1324 2234 quos,
1346 2160 1504 2230 hujus
1533 2161 1660 2216 tanti
1700 2159 1828 2216 mali

245 2265 404 2340 metus
419 2239 532 2329 jam
560 2266 688 2334 tunc
719 2257 940 2310 miseros
967 2270 1086 2310 esse
1115 2253 1482 2326 compelleret.

307 2347 394 2424 28,
435 2350 530 2424 Sic
571 2359 624 2404 et
677 2347 945 2402 hominem
987 2346 1110 2401 fecit
1136 2363 1254 2400 cum
1288 2345 1456 2400 libero
1485 2343 1748 2424 arbitrio,
1776 2354 1831 2400 et

246 2411 481 2520 quamvis
503 2421 583 2495 sui
610 2427 770 2520 futuri
790 2455 945 2514 casus
973 2439 1234 2520 ignarum,
1261 2448 1432 2494 tamen
1457 2436 1575 2514 ideo
1595 2437 1826 2501 beatum,

245 2513 359 2604 quia
387 2521 436 2588 et
461 2515 567 2586 non
598 2531 733 2610 mori
752 2513 805 2586 et
833 2513 1086 2585 miserum
1117 2546 1218 2583 non
1240 2529 1353 2584 ﬁeri
1377 2529 1426 2583 in
1451 2513 1543 2583 sua
1570 2539 1830 2608 potestate

244 2639 355 2680 esse
383 2623 669 2680 sentiebat.
701 2623 757 2678 In
785 2639 889 2693 quo
920 2632 1059 2698 statu
1082 2631 1227 2676 recto
1253 2637 1313 2673 ac
1335 2621 1448 2675 sine
1478 2620 1625 2687 vitio,
1658 2621 1700 2675 si
1739 2636 1832 2690 per

244 2713 407 2790 ipsum
441 2699 668 2792 liberum
713 2713 989 2790 arbitrium
1022 2729 1239 2767 manere
1280 2712 1560 2777 voluisset,
1593 2710 1830 2782 profecto

245 2805 352 2861 siue
379 2807 488 2862 ullo
518 2805 706 2860 mortis
737 2817 791 2859 et
811 2803 1135 2858 infelicitatis
1156 2804 1541 2873 experimento,
1566 2803 1831 2873 acciperet

244 2897 404 2967 illam,
436 2881 632 2970 merito
660 2895 849 2968 hujus‘
876 2895 1297 2976 permansionis,
1331 2893 1674 2950 beatitudinis
1713 2894 1828 2965 ple-

245 2971 558 3056 nitudinem,
587 3006 690 3061 qua
718 2999 772 3044 et
815 2971 982 3043 sancti
1014 2983 1201 3058 Angeli
1228 2994 1351 3040 sunt
1375 2987 1536 3052 beati,
1569 2985 1620 3040 id
1650 2995 1751 3054 est,
1776 2994 1833 3041 ut

246 3085 431 3142 cadere
460 3100 564 3138 non
617 3091 796 3154 posset
833 3082 1077 3164 ulterius,
1109 3089 1162 3135 et
1193 3080 1295 3135 hoc
1321 3080 1618 3134 certissime
1647 3081 1828 3134 sciret.

244 3157 369 3231 Nam
401 3192 576 3246 neque
606 3175 718 3248 ipse
743 3157 1107 3252 possetetiam
1136 3172 1190 3226 in
1213 3171 1458 3242 paradiso
1479 3173 1663 3227 beatus
1691 3187 1831 3238 esse,

246 3265 348 3323 imo
377 3268 448 3323 ibi
476 3283 580 3323 non
609 3265 786 3321 esset'
807 3309 822 3333 ,
857 3265 943 3320 ubi
969 3281 1087 3324 esse
1111 3265 1361 3318 miserum
1390 3281 1495 3318 non
1521 3263 1755 3331 deceret,
1787 3264 1832 3319 si

246 3377 362 3416 eum
409 3360 490 3416 sui
527 3373 686 3414 casus
717 3359 1049 3430 praescientia
1095 3341 1284 3412 timore
1308 3357 1334 3388 ³’
1362 3358 1490 3412 tanti
1519 3358 1643 3412 mali
1668 3359 1832 3412 mise-

246 3468 360 3508 rum
388 3452 607 3526 faceret.
634 3451 769 3526 Quia
810 3467 941 3506 vero
986 3467 1081 3522 per
1109 3450 1638 3526 Iiberumarbitrium
1666 3449 1832 3504 Deum

247 3521 499 3612 deseruit,
528 3527 728 3616 justum
751 3525 1007 3614 judicium
1054 3541 1147 3596 Dei
1192 3551 1445 3612 expertus
1483 3550 1584 3609 est,
1630 3550 1686 3595 ut
1711 3556 1830 3596 cum

248 3643 354 3692 tota
378 3625 472 3692 sua
495 3623 681 3707 stirpe,
712 3652 829 3706 qua:
862 3635 914 3690 in
944 3633 1036 3689 illo
1061 3632 1236 3689 adhuc
1263 3635 1432 3704 posita
1457 3642 1563 3688 tota
1595 3649 1714 3688 cum
1743 3632 1835 3689 illo

247 3740 578 3801 peccaverat,
603 3730 966 3804 damnaretur.
1001 3727 1273 3798 Quotquot
1293 3728 1432 3782 enim
1457 3745 1522 3783 ex
1553 3727 1652 3781 hac
1672 3729 1836 3798 stirpe

247 3825 412 3894 gratia
443 3823 533 3878 Dei
567 3805 926 3887 liberantur,a
948 3820 1288 3876 damnatione
1319 3822 1497 3890 utique
1524 3819 1833 3885 liberantur,

245 3896 347 3988 qua
374 3918 486 3988 jam
520 3926 764 3996 tenentur
790 3918 1055 3973 obstricti.
1083 3915 1235 3972 Unde
1265 3916 1471 3970 etiamsi
1504 3915 1677 3969 nullus
1706 3913 1838 3967 Iibe-

245 4020 478 4080 raretur,
502 4007 705 4080 justum
740 4007 830 4062 Dei
874 4009 1132 4076 judicium
1181 4023 1336 4061 nemo
1362 4009 1505 4076 juste
1550 4006 1839 4077 reprehen-

245 4101 419 4156 deret.
447 4097 599 4167 Quod
625 4116 751 4168 ergo
774 4100 925 4178 pauci
955 4099 1005 4152 in
1032 4099 1431 4167 comparatione
1462 4099 1794 4167 pereuntium
1816 4138 1833 4162 ,

247 4195 298 4250 in
318 4211 417 4249 suo
449 4209 578 4248 vero
602 4173 828 4248 numero
856 4192 1000 4245 umlti
1032 4193 1343 4268 liberantur,
1370 4191 1536 4260 gratia
1565 4191 1639 4257 ιιι,
1671 4191 1838 4262 gratis

248 4285 327 4352 ﬁt,
361 4285 546 4356 gratia:
567 4294 694 4340 sunt
717 4285 934 4354 agenda:
962 4285 1083 4354 quia
1112 4283 1188 4349 fit,
1215 4299 1282 4337 ne
1317 4279 1434 4352 quis
1458 4283 1602 4337 velut
1630 4281 1696 4338 de
1725 4284 1838 4339 suis

249 4379 458 4437 meritis
488 4379 791 4442 extollatur,
813 4377 905 4432 sed
933 4393 1090 4431 omne
1111 4393 1171 4431 os
1192 4376 1500 4430 obstruatnr
1522 4375 1540 4449 (
1564 4375 1712 4430 Rom.
1757 4393 1834 4444 ιιι,

254 4475 340 4547 19)
361 4517 377 4542 ,
409 4483 463 4529 et
489 4475 577 4544 qui
605 4475 883 4543 gloriatur,
920 4471 969 4525 in
1003 4471 1226 4524 Domino
1251 4470 1526 4540 glorietur.

319 4565 552 4622 CAPUT
585 4565 674 4619 XI.
699 4594 770 4604 —
793 4564 882 4619 29.
917 4562 1050 4629 Quid
1091 4562 1263 4633 ergo?
1302 4563 1468 4616 Adam
1513 4578 1617 4615 non
1658 4562 1844 4618 habuit

253 4659 344 4715 Dei
371 4656 638 4730 gratiam?
661 4657 770 4710 lmo
791 4672 918 4711 vero
940 4657 1119 4710 habuit
1144 4671 1407 4724 magnam,
1427 4655 1518 4710 sed
1550 4655 1838 4726 disparem.

252 4749 345 4806 Ille
363 4751 417 4806 in
449 4750 605 4806 bonis
631 4760 767 4814 erat,
797 4765 914 4819 quae
941 4748 1009 4803 de
1051 4749 1286 4802 bonitate
1313 4747 1393 4802 sui
1425 4748 1731 4805 Conditoris
1757 4766 1845 4804 ac-

255 4853 473 4916 ceperat
505 4861 518 4896 :
552 4859 724 4912 neque
763 4843 903 4896 enim
953 4857 1014 4896 ea
1070 4840 1208 4895 bona
1255 4851 1310 4896 et
1359 4843 1451 4896 ille
1488 4844 1600 4898 suis
1639 4844 1843 4898 meritis

251 4946 679 5010 comparaverat,
728 4936 781 4990 in
827 4935 1017 5005 quibus
1057 4950 1276 5004 prorsus
1304 4935 1507 4990 nullum
1545 4937 1846 5007 patiebatur

254 5033 476 5086 malum.
504 5027 685 5098 Sancti
709 5044 839 5084 vero
870 5027 922 5082 in
955 5027 1055 5083 hac
1093 5028 1220 5093 vita,
1254 5027 1321 5082 ad
1361 5044 1495 5098 quos
1520 5031 1750 5100 pertinet
1778 5031 1844 5085 li-

255 5121 551 5179 berationis
578 5121 692 5176 haec
736 5121 927 5191 gratia,
967 5121 1017 5174 in
1050 5119 1205 5174 malis
1244 5129 1388 5184 sunt,
1417 5138 1483 5175 ex
1519 5122 1711 5191 quibus
1736 5122 1846 5176 cla-

255 5224 405 5270 mant
435 5203 499 5268 ad
530 5213 715 5275 Deum,
748 5211 930 5267 Libera
962 5229 1050 5267 nos
1076 5229 1106 5265 a
1136 5213 1270 5267 malo
1319 5211 1335 5282 (
1373 5212 1559 5266 Matth.
1590 5231 1675 5281 v1,
1705 5216 1773 5271 15

257 5306 350 5365 llle
395 5309 446 5361 in
493 5306 596 5360 illis
627 5305 782 5375 bonis
811 5304 1007 5360 Christi
1053 5313 1226 5360 morte
1266 5321 1373 5360 non
1415 5305 1557 5376 eguit
1595 5324 1608 5361 :
1642 5306 1773 5362 istos
1815 5323 1844 5361 a

257 5409 409 5454 reatu
435 5409 490 5454 et
537 5397 878 5452 Iunreditario
930 5407 984 5451 et
1015 5397 1250 5468 proprio,
1292 5398 1430 5452 illius
1465 5399 1598 5467 Agni
1631 5399 1846 5470 sanguis

257 5495 503 5558 absolvit.
547 5494 641 5550 Ille
680 5509 784 5548 non
827 5507 960 5563 opus
991 5493 1220 5550 habebat
1269 5509 1332 5550 eo
1372 5493 1658 5564 adjutorio,
1705 5493 1848 5565 quod

260 5587 547 5658 implorant
593 5586 681 5642 isti
732 5600 853 5640 cum
910 5585 1135 5641 dicunt:
1175 5585 1331 5642 Video
1381 5587 1538 5641 aliam
1588 5586 1748 5657 legem
1793 5586 1845 5640 in

324 5765 343 5798 ι
377 5765 451 5816 Sic
468 5771 578 5816 uss.
601 5762 736 5822 eam,
760 5759 1050 5824 huiusmodi.

324 5828 346 5895 ξ
378 5824 694 5895 Vaticaniduo
716 5832 986 5895 assuesce.

325 5885 348 5924 ⁸
379 5882 601 5948 nonnulli
625 5895 754 5950 κει..
777 5882 1001 5940 ειέἁηον.

1665 379 1882 452 LIBER:
1907 375 2108 446 υΝυε.

1931 499 2162 576 membris
2193 502 2336 571 meis,
2365 512 2732 581 repugnantem
3092 524 3238 576 mea,
3266 521 3315 582 et
3342 515 3515 586 capti-

1927 602 2127 650 vantem
2147 610 2224 648 me
2251 595 2304 648 in
2324 595 2430 668 lege
2448 598 2658 674 peccati,
2683 614 2798 669 qua
2813 609 2883 657 est
2908 602 2961 656 in
2984 604 3226 668 membris.
3243 606 3386 661 meis.
3413 606 3514 672 In-

1930 683 2058 753 felix
2074 700 2166 757 ego
2186 686 2356 755 homo,
2379 688 2490 766 quis
2527 705 2607 762 me
2633 690 2862 746 liberabit
2887 693 2950 750 de
2974 710 3186 768 corpore
3212 697 3389 758 mortis
3418 698 3516 752 lm-

1919 774 2010 854 jus
2025 775 2052 828 Ρ
2073 773 2251 831 Gratia
2278 775 2374 832 Dei
2400 795 2490 849 per
2515 779 2692 840 Jesum
2717 781 2971 844 Christum
2987 785 3265 861 Dominum
3291 799 3517 848 nostrum

1929 866 1948 936 (
1979 865 2130 922 Rom.
2162 885 2254 935 vn,
2282 870 2450 927 23—25
2480 872 2520 942 ).
2544 873 2804 951 Quoniam
2840 876 2892 934 in
2918 877 2997 932 eis
3035 894 3161 935 caro
3184 881 3518 951 concupiscit

1929 957 2184 1016 adversus
2206 961 2470 1032 spiritum,
2487 974 2547 1036 et
2569 949 2781 1036 spiritus
2803 967 3061 1026 adversus
3076 985 3292 1027 carnem
3315 949 3514 1045 (Cum.

1929 1063 1983 1116 v,
2014 1049 2128 1122 17),
2161 1061 2320 1122 atque
2348 1052 2398 1106 in
2429 1054 2518 1110 tali
2547 1057 2844 1114 certamine
2883 1059 3188 1118 laborantes
3217 1076 3281 1118 ac
3305 1064 3516 1134 pericli-

1931 1151 2103 1198 tantes
2128 1141 2244 1198 dari
2286 1145 2387 1200 sibi
2417 1149 2694 1220 pugnandi
2738 1152 3093 1228 vincendique
3134 1155 3403 1230 virtutem...
3422 1172 3521 1226 per

1928 1231 2129 1291 Christi
2157 1238 2380 1308 gratiam
2409 1250 2653 1310 poscunt.
2686 1243 2780 1300 Ille
2816 1261 2946 1300 vero
2990 1247 3135 1320 nulla
3153 1248 3252 1322 ptati
3292 1244 3408 1328 ri'xa
3449 1248 3526 1305 de

1931 1343 1989 1383 se
2015 1330 2130 1399 ipso
2154 1331 2171 1362 ¹
2202 1330 2458 1390 adversus
2482 1349 2540 1389 se
2569 1335 2742 1408 ipsum
2778 1346 3010 1410 tentatus
3049 1349 3214 1411 atque
3255 1341 3518 1411 turbauit,

1930 1420 1984 1476 in
2008 1422 2099 1476 illo
2121 1423 2466 1480 beatitudinis
2493 1427 2612 1482 loco
2637 1443 2731 1484 sua
2752 1444 2934 1486 secum
2964 1446 3096 1500 pace
3122 1433 3438 1505 fruebatur.

2003 1514 2093 1569 50.
2135 1513 2367 1570 Proinde
2398 1517 2498 1575 etsi
2527 1535 2632 1574 non
2655 1519 2867 1582 interim
2888 1522 3092 1578 laetiore
3106 1539 3284 1596 nunc;
3308 1540 3522 1594 vertitur

1934 1615 2111 1662 tamen
2144 1609 2445 1677 potentiore
2478 1612 2646 1680 gratia
2678 1612 2916 1683 indigent
2953 1615 3040 1670 isti
3070 1623 3160 1686 :et
3186 1625 3523 1687 quaepotenn

1934 1699 2040 1754 tior
2081 1716 2240 1772 quam
2301 1703 2395 1758 Dei
2442 1705 2744 1774 unigenitus
2790 1705 2976 1774 Filius,
3023 1708 3242 1778 mqualis
3283 1708 3430 1766 Patri
3468 1718 3536 1768 et

1931 1801 2254 1858 coaeternus,
2281 1808 2378 1862 pro
2404 1795 2480 1850 eis
2511 1794 2671 1851 homo
2702 1795 2889 1864 factus,
2911 1807 2966 1854 et
2987 1798 3104 1866 sine
3132 1801 3279 1874 suo.1|
3309 1801 3418 1860 ullo
3435 1801 3532 1870 vel

1932 1885 2176 1956 originali
2203 1886 2531 1962 vellproprio
2558 1902 2777 1960 peccato
2807 1892 2873 1947 ab
2897 1893 3202 1962 hominibus
3228 1895 3523 1967 peccatum

1930 1977 2031 2033 bus
2069 1978 2388 2034 cruciﬁxus?
2436 1980 2536 2050 Qui
2588 1983 2830 2053 quamvis
2877 1985 2964 2048 die
3011 1985 3170 2042 tertio
3205 1986 3520 2056 resurrexit,

1933 2085 2204 2140 nunquam
2230 2073 2518 2127 moriturus
2544 2075 2796 2141 ulterius;
2829 2076 3044 2148 pertulit
3066 2085 3242 2134 tamen
3259 2093 3356 2149 pro
3377 2093 3534 2148 more

1933 2161 2124 2216 talibus
2155 2173 2384 2218 mortem
2404 2204 2418 2230 ,
2448 2165 2538 2234 qui
2570 2167 2795 2226 mortuis
2825 2169 3070 2242 prmstitit
3109 2170 3292 2237 vitam,
3340 2179 3400 2226 ut
3435 2185 3522 2226 re-

1932 2253 2278 2332 dempti’ejus
2312 2257 2592 2327 sanguine,
2637 2269 2786 2314 tanto
2811 2275 2874 2314 ac
2905 2262 2996 2318 tali
3042 2261 3262 2340 pignore
3300 2272 3526 2334 accepto

1934 2347 2216 2416 dicerent:
2247 2350 2308 2406 Si
2359 2349 2508 2412 Deus.
2539 2368 2631 2422 pro
2666 2354 2828 2421 nobis,
2869 2354 2983 2425 quis
3032 2365 3209 2426 contra
3250 2357 3382 2410 nos?
3421 2355 3526 2422 Qui

1935 2436 2076 2494 Filio
2107 2457 2197 2504 suo
2229 2441 2436 2517 proprio
2463 2459 2563 2496 non
2594 2445 2848 2515 pepercit,
2880 2446 2969 2500 sed
3004 2463 3096 2516 pro
3121 2448 3262 2503 nobis
3293 2448 3526 2517 omnibus

1934 2529 2142 2582 tradidit
2163 2519 2300 2600 eum,
2324 2533 2572 2603 quomodo
2602 2517 2703 2587 nou
2729 2544 2776 2588 et
2801 2551 2914 2588 cum
2939 2535 3028 2592 illo
3054 2539 3224 2592 omnia
3249 2539 3391 2614 nobis
3418 2540 3518 2609 tio-.-

1935 2622 2070 2676 navit
2101 2630 2116 2691 (
2145 2621 2298 2677 Rom.
2333 2640 2446 2690 vnt,
2495 2626 2584 2691 51,
2617 2626 2684 2679 52
2712 2625 2729 2696 )
2765 2627 2954 2684 ?Deus
2993 2641 3526 2707 ergonaturamuo-

1936 2723 2122 2781 stram,
2151 2715 2200 2768 id
2222 2725 2304 2770 est
2333 2717 2562 2792 animam
2594 2719 2911 2776 rationalem
2935 2735 3260 2794 carnemque
3290 2723 3530 2796 hominis

1935 2804 2131 2861 Christi
2163 2807 2184 2838 ³
2228 2809 2483 2884 suscepit,
2524 2811 3251 2888 susceptione,singulariter
3295 2816 3526 2888 mirabili

1937 2899 2021 2952 vel
2050 2898 2365 2955 mirabiliter
2394 2900 2675 2972 singulari,
2715 2912 2770 2958 ut
2797 2905 2925 2960 nulli
2949 2906 3301 2984 justitiresua
3325 2923 3528 2980 praece-

1937 2989 2184 3064 dentibus
2207 2993 2410 3062 meritis
2439 2993 2607 3050 Filius
2637 2996 2729 3051 Dei
2752 2996 2828 3052 sic
2854 3006 2997 3053 esset
3024 2997 3257 3076 ab‘initio
3281 3017 3385 3072 quo
3407 3017 3530 3068 esse

1938 3082 2100 3138 homo
2128 3086 2399 3154 coapisset,
2429 3095 2486 3142 ut
2505 3087 2519 3141 i
2527 3103 2618 3156 pse
2641 3097 2696 3144 et
2720 3089 2948 3145 Verbum
2967 3090 3109 3160 quod
3123 3092 3240 3147 sine
3253 3092 3404 3164 initio
3420 3103 3526 3164 est,

1937 3190 2043 3228 una
2073 3191 2299 3246 persona
2339 3187 2500 3234 esset.
2550 3179 2731 3251 Neque
2779 3183 2923 3237 enim
2952 3185 3232 3254 quisquam
3262 3195 3404 3242 tanta
3445 3188 3530 3246 rei

1940 3266 2098 3336 hujus
2127 3276 2182 3322 et
2210 3267 2334 3324 ﬁdei
2360 3285 2535 3342 caecus
2562 3282 2645 3327 est
2671 3273 2992 3354 ignorantia,
3023 3286 3080 3330 ut
3107 3277 3300 3342 audeat
3323 3280 3527 3354 dicere,

1941 3359 2184 3440 quamvis
2208 3359 2274 3416 de
2297 3359 2498 3430 Spiritu
2527 3347 2792 3438 sanctobt
2817 3365 3020 3436 virgine
3038 3367 3205 3422 Maria
3236 3369 3404 3440 tilium

1940 3435 2099 3506 minis
2131 3435 2335 3520 natum,
2373 3469 2472 3525 per
2514 3456 2738 3511 liberum
2772 3468 2945 3513 tamen
2976 3460 3254 3516 arbitrium
3285 3464 3532 3539 benevie

1940 3545 2134 3614 vendo,
2163 3554 2217 3600 et
2255 3547 2372 3602 sine
2402 3559 2620 3618 peccato
2644 3551 2782 3606 bona
2808 3568 2971 3622 opera
3000 3555 3240 3624 faciendo
3267 3561 3530 3631 meruisse

1942 3647 2000 3691 ut
2021 3649 2161 3693 esset
2186 3639 2278 3694 Dei
2309 3640 2496 3710 Filius,
2515 3645 2797 3700 resistente
2814 3646 3104 3718 Evangelia
3120 3659 3282 3726 atque
3295 3651 3530 3723 dicente,

1955 3729 2169 3786 Verbum
2197 3750 2316 3787 caro
2345 3735 2535 3804 factum
2562 3746 2632 3791 est
2674 3737 2692 3808 (
2721 3738 2877 3793 Joan.
2911 3756 2948 3807 t,
2983 3742 3050 3796 14
3076 3741 3117 3812 ).
3148 3743 3284 3810 Nam
3312 3745 3402 3800 ubi
3430 3746 3534 3804 hoc

1944 3823 2138 3880 factum
2171 3837 2270 3894 est,
2305 3829 2407 3884 nisi
2447 3830 2500 3884 iu
2529 3840 2681 3886 utero
2706 3832 2992 3906 virginali,
3023 3837 3165 3904 unde
3195 3839 3291 3894 fuit
3322 3839 3530 3896 initium

1943 3915 2177 3995 hominis
2221 3919 2460 3975 Christi?
2492 3922 2730 3994 Itemque
2772 3925 2990 3996 Virgine
3030 3931 3368 3999 requirente,
3399 3948 3520 4003 quo-

1944 4011 2105 4066 modo
2133 4012 2286 4068 ﬁeret
2317 4015 2456 4083 quod
2480 4017 2526 4070 ei
2562 4033 2654 4086 per
2681 4019 2928 4090 angelqu
2967 4025 3339 4093 nuntiabatur,
3373 4044 3534 4099 auge-

1944 4099 2029 4156 lus
2058 4105 2366 4184 respondit,
2411 4106 2635 4176 Spiritus
2665 4122 2868 4164 sanctus
2894 4117 3202 4181 superveniet
3245 4119 3298 4170 iu
3337 4129 3385 4174 te
3413 4119 3453 4185 ⁸,
3489 4132 3535 4177 et

1945 4195 2100 4249 virtus
2120 4181 2366 4251 Altissimi
2389 4199 2698 4256 obumbrabit
2721 4201 2810 4256 tibi
2840 4220 2858 4256 :
2886 4215 3171 4274 propterea,
3205 4212 3341 4280 quod
3361 4229 3537 4270 nasce-

1943 4297 2028 4341 tur
2049 4305 2110 4344 ea;
2135 4299 2181 4342 te
2208 4289 2476 4360 Sanctum,
2505 4294 2762 4350 vocabitur
2788 4294 2960 4350 Filius
2991 4297 3086 4354 Dei
3113 4299 3132 4371 (
3157 4300 3285 4356 Luc.
3312 4320 3348 4369 ι,
3390 4307 3459 4362 55

1948 4377 2226 4449 Pr0pterea
2249 4423 2264 4448 ,
2300 4381 2507 4452 inquit:
2543 4402 2648 4440 non
2693 4399 2910 4458 propter
2936 4405 3121 4459 opera,
3155 4409 3273 4462 qua:
3299 4377 3532 4452 nondum

1949 4474 2058 4527 nati
2097 4475 2277 4544 utique
2308 4475 2451 4531 nulla
2493 4487 2646 4545 sunt;
2691 4480 2784 4536 sed
2827 4492 3092 4552 propterea
3137 4487 3257 4555 quia
3308 4487 3536 4559 Spiritu:

1947 4575 2148 4622 sanctus
2179 4569 2488 4637 superveniet
2517 4569 2570 4623 in
2597 4582 2662 4635 te,
2691 4582 2736 4625 et
2763 4572 2920 4626 virtus
2947 4575 3189 4632 Altissimi
3222 4580 3534 4638 obumbrabit

1950 4657 2057 4724 tibi,
2091 4659 2225 4728 quod
2252 4669 2482 4713 nascetur
2503 4679 2564 4716 ex
2589 4672 2636 4716 te
2663 4662 3202 4732 Sanctum,vocabitur
3223 4669 3389 4726 Filius
3417 4672 3533 4729 Dei.

1949 4746 2052 4804 lsla
2089 4752 2338 4806 uativitas
2380 4752 2618 4823 profecto
2655 4757 2882 4824 gratuita
2910 4758 3186 4828 conjunxit
3212 4763 3265 4817 in
3293 4765 3495 4821 unitate
3515 4768 3537 4800 ⁵

1951 4859 2194 4913 personae
2224 4845 2496 4901 hominem
2526 4849 2654 4914 Deo,
2673 4865 2887 4907 carnem
2917 4853 3114 4911 Verbo.
3147 4859 3306 4915 Istam
3340 4864 3533 4918 nativi-

1954 4946 2116 5000 tatem
2145 4937 2282 4993 bona
2315 4955 2478 5009 opera
2508 4952 2688 4998 secuta
2731 4955 2875 5013 sunt,
2912 4963 3018 5002 non
3061 4949 3200 5008 bona
3225 4968 3387 5025 opera
3418 4973 3535 5013 me-

1952 5039 2191 5085 ruerunt.
2217 5030 2399 5102 Neque
2416 5034 2559 5088 enim
2581 5037 2926 5096 metuendum
2947 5051 3082 5111 erat,
3115 5060 3184 5104 ne
3208 5046 3311 5103 isto
3350 5049 3534 5112 inetl‘a-

1955 5123 2047 5179 bili
2089 5124 2246 5179 modo
2278 5125 2334 5179 in
2373 5131 2632 5183 unitatem
2661 5145 2904 5199 personze
2945 5149 2973 5187 a
2999 5134 3178 5193 Verbo
3208 5139 3319 5194 Deo
3347 5153 3532 5199 natura

1955 5215 2184 5270 humana
2227 5227 2496 5287 suscepta,
2544 5233 2641 5289 per
2683 5219 2909 5279 liberum
2958 5228 3242 5286 voluntatis
3291 5245 3542 5301 peccaret

1955 5307 2254 5374 arbitrium,
2286 5323 2410 5363 cum
2455 5309 2568 5380 ipsa
2593 5315 2860 5383 susceptio
2889 5316 3010 5371 talis
3047 5327 3209 5386 esset,
3246 5331 3302 5376 ut
3348 5334 3539 5381 natura

1957 5398 2189 5455 hominis
2237 5416 2267 5454 a
2321 5401 2434 5458 Deo
2463 5403 2530 5457 ita
2571 5416 2818 5477 suscepta
2843 5451 2859 5477 ,
2893 5409 3095 5466 nullum
3133 5412 3184 5466 in
3230 5429 3289 5471 se
3336 5427 3538 5474 motum

2019 5517 2038 5592 ξ
2165 5521 2308 5592 vetus
2322 5516 2477 5592 codex
2500 5520 2824 5592 Corbeiensis.
2851 5528 2907 5572 At
2930 5523 3076 5585 editi,
3099 5537 3131 5574 a
3158 5539 3211 5578 se
3232 5524 3353 5592 ipso.

2017 5579 2039 5610 ³
2070 5577 2173 5635 Hic.
2195 5589 2300 5638 suo,
2325 5591 2388 5628 ex
2414 5587 2518 5630 Mss.
2543 5581 2864 5632 restituimus.

2019 5639 2042 5672 ³
2073 5643 2176 5701 Am.
2212 5645 2285 5690 Er.
2314 5647 2366 5691 et
2386 5647 2518 5701 bov.,
2543 5642 2776 5694 Christus.
2810 5644 2980 5697 Melius

1954 5699 2640 5780 ptisanae,
2676 5704 2889 5780 cm.-
2923 5723 2986 5773 qu

1955 5764 2216 5828 quissimus
2238 5764 2394 5816 cOdex
2415 5764 2738 5818 Oorbeieusis.
2868 5764 2874 5770 ’

2020 5827 2046 5898 ξ
2076 5829 2300 5895 Plerique
2322 5839 2449 5894 Mss,
2465 5832 2622 5898 perdet
2644 5847 2791 5898 super
2811 5839 2874 5889 te.

2026 5892 2049 5926 ³
2077 5892 2284 5951 Quatuor
2309 5892 2507 5956 λιεε.,’ὑι
2526 5892 2768 5949 unitatem.

3089 5650 3302 5730 Ρθῐέοἰθξ
3318 5653 3543 5730 arma!“

3073 5725 3100 5762 s
3133 5721 3375 5768 consentit
3416 5721 3541 5775 anti-
