4022 6472
437 521 597 576 malze
639 516 929 575 voluntatis
972 513 1299 573 admitteret.
1341 515 1446 572 Per
1482 515 1625 572 hunc
1677 514 2023 570 Mediatorem

439 613 583 670 Deus
608 612 841 668 ostendit
868 626 983 679 eos,
1014 627 1151 684 quos
1167 610 1288 682 ejus
1307 612 1566 682 sanguine
1582 610 1828 674 redemit,
1848 609 2024 664 facere

440 719 502 759 se
527 719 591 760 ex
621 704 776 759 malis
802 703 1056 775 deinceps
1099 704 1150 758 in
1191 715 1451 758 aeternum
1495 702 1685 769 bonos,
1733 717 1893 772 quem
1947 700 2026 755 sic

436 796 692 866 suscepit,
726 805 786 850 ut
815 811 1084 866 nunquam
1116 805 1260 851 esset
1288 795 1482 861 malus,
1529 810 1626 852 nec
1669 810 1736 850 ex
1765 793 1908 850 malo
1949 791 2026 848 fa-

439 897 558 943 ctus
583 902 798 958 semper
826 899 968 945 esset
993 890 1165 944 bonus
1192 890 1233 944 ί.

510 979 599 1034 31.
641 977 797 1036 Istam
827 981 1050 1052 gratiam
1082 996 1186 1036 non
1228 980 1416 1035 habuit
1443 981 1606 1036 homo
1652 980 1878 1052 primus,
1924 995 2027 1051 qua

435 1086 707 1142 nunquam
753 1072 917 1128 vellet
959 1088 1078 1130 esse
1121 1075 1291 1128 malus
1321 1075 1341 1105 ¹
1377 1091 1389 1127 :
1423 1073 1518 1128 sed
1563 1089 1692 1130 sane
1736 1073 1940 1138 habuit,
1975 1075 2028 1128 in

435 1179 538 1236 qua
569 1164 612 1219 si
657 1179 973 1236 permanere
1019 1165 1202 1234 vellet,
1249 1183 1518 1236 nunquam
1570 1166 1741 1221 malus
1769 1175 1930 1229 esset,
1974 1175 2030 1222 et

433 1256 552 1311 sine
594 1269 699 1327 qua
737 1257 899 1314 etiam
929 1271 1051 1312 cum
1095 1258 1264 1312 libero
1308 1258 1530 1311 arbitrio
1573 1258 1744 1313 bonus
1774 1274 1893 1313 esse
1925 1274 2030 1313 non

435 1356 640 1418 posset,
681 1346 778 1404 sed
817 1364 935 1404 eam
965 1356 1140 1404 tamen
1172 1363 1265 1418 per
1292 1348 1519 1404 liberum
1547 1349 1827 1404 arbitrium
1870 1349 2028 1404 dese-

435 1454 556 1495 rere
588 1448 784 1509 posset.
823 1439 935 1495 Nec
985 1440 1157 1510 ipsum
1199 1455 1325 1510 ergo
1364 1441 1505 1495 Deus
1552 1456 1672 1496 esse
1701 1441 1871 1496 voluit
1914 1443 2031 1496 sine

435 1544 530 1587 sua
552 1532 742 1601 gratia,
775 1546 934 1602 quam
964 1531 1182 1602 reliquit
1211 1531 1262 1586 in
1292 1532 1407 1602 ejus
1430 1533 1599 1587 libero
1621 1532 1861 1587 arbitrio.
1889 1531 2032 1600 Quo-

436 1623 579 1678 niam
612 1621 838 1678 liberum
867 1623 1145 1680 arbitrium
1176 1623 1242 1678 ad
1265 1623 1464 1678 malum
1492 1623 1712 1690 sufficit,
1739 1625 1804 1679 ad
1832 1625 2030 1679 bonum

436 1723 615 1772 autem
659 1731 846 1786 parum
887 1725 969 1771 est
998 1716 1041 1782 ⁸,
1090 1717 1193 1771 nisi
1234 1717 1516 1785 adjuvetur
1563 1718 1630 1772 ab
1677 1719 2030 1788 omnipotenti

439 1807 603 1864 bono.
635 1806 790 1878 Quod
821 1809 1141 1878 adjutorium
1170 1809 1215 1864 si
1245 1809 1405 1864 homo
1436 1811 1524 1865 ille
1554 1825 1649 1880 per
1671 1810 1896 1866 liberum
1926 1827 2031 1865 non

437 1901 764 1958 deseruisset
806 1903 1108 1970 arbitrium,
1151 1919 1364 1973 semper
1391 1913 1533 1959 esset
1564 1903 1736 1959 bonus
1765 1921 1779 1958 :
1812 1903 1906 1958 sed
1935 1903 2032 1958 de-

440 1994 629 2061 seruit,
676 2004 732 2051 et
756 1995 1001 2051 desertus
1025 2005 1127 2050 est.
1168 1995 1298 2050 Tale
1322 1997 1518 2066 quippe
1544 2008 1660 2051 erat
1685 1995 2030 2066 adjutorium,

441 2087 583 2158 quod
625 2087 903 2144 desereret
928 2104 1050 2144 cum
1089 2089 1270 2153 vellet,
1312 2098 1366 2144 et
1394 2092 1446 2142 in
1487 2105 1593 2160 quo
1622 2099 1964 2160 permaneret
1989 2091 2034 2144 si

440 2179 634 2235 vellet:
669 2196 774 2234 non
803 2196 908 2250 quo
937 2181 1092 2236 fieret
1116 2189 1176 2235 ut
1199 2181 1378 2236 vellet.
1421 2181 1546 2235 Haec
1569 2183 1740 2253 prima
1764 2194 1844 2238 est
1865 2183 2036 2253 gratia

444 2285 566 2342 qua:
592 2272 713 2328 data
733 2281 816 2327 est
844 2273 1016 2343 primo
1044 2272 1212 2328 Adam
1247 2291 1260 2327 :
1289 2273 1382 2329 sed
1407 2273 1506 2328 hac
1533 2272 1556 2306 "
1582 2276 1852 2345 potentior
1880 2287 1962 2331 est
1979 2277 2035 2330 in

444 2365 680 2419 secundo
701 2364 888 2420 Adam.
917 2364 1092 2420 Prima
1117 2375 1200 2420 est
1219 2365 1359 2420 enim
1378 2381 1482 2435 qua
1499 2364 1558 2420 fit
1584 2375 1641 2421 ut
1667 2366 1857 2422 habeat
1873 2367 2035 2422 homo

444 2455 704 2528 justitiam
718 2459 764 2514 si
785 2459 940 2514 velit:
957 2458 1190 2514 secunda
1217 2475 1343 2531 ergo
1358 2461 1473 2529 plus
1498 2469 1672 2530 potest
1686 2462 1729 2528 ',
1746 2477 1848 2531 qua
1875 2462 2032 2516 etiam

450 2551 511 2606 fit
529 2563 585 2607 ut
611 2552 756 2616 velit,
786 2561 840 2607 et
866 2562 1068 2607 tantum
1101 2551 1249 2618 velit,
1267 2561 1520 2623 tantoque
1536 2553 1726 2608 ardore
1753 2553 1959 2622 diligat,
1981 2563 2039 2608 ut

447 2646 627 2704 carnis
657 2645 982 2701 voluntatem
1003 2645 1267 2700 contraria
1283 2647 1746 2716 concupiscentem
1766 2647 2039 2701 voluntate

444 2737 663 2808 spiritus
691 2735 712 2767 ⁶
736 2736 934 2791 vincat.
975 2737 1081 2790 Nec
1107 2736 1192 2790 illa
1219 2736 1433 2806 quidem
1464 2752 1624 2808 parva
1649 2747 1784 2803 erat,
1813 2753 1914 2807 qua
1942 2737 2038 2793 de-

446 2838 740 2885 monstrata
769 2839 855 2883 est
882 2829 1040 2883 etiam
1071 2829 1303 2898 potentia
1345 2828 1497 2884 liberi
1526 2830 1752 2893 arbitrii,
1783 2831 2035 2901 quoniam

446 2923 527 2979 sic
555 2921 926 2990 adjuvabatur,
974 2929 1030 2974 ut
1074 2921 1193 2974 sine
1239 2919 1340 2975 hoc
1367 2920 1632 2989 adjutorio
1663 2922 1715 2975 in
1762 2922 1902 2977 bono
1932 2939 2036 2978 non

445 3023 712 3079 maneret,
740 3014 835 3069 sed
857 3013 958 3068 hoc
983 3013 1306 3083 adjutorium
1329 3013 1374 3067 si
1402 3013 1562 3068 vellet
1587 3013 1880 3070 desereret.
1913 3015 2039 3070 Haec

445 3113 626 3160 autem
649 3113 794 3158 tanto
820 3104 993 3174 major
1016 3112 1118 3170 est,
1154 3111 1213 3158 ut
1238 3119 1421 3174 parum
1445 3105 1515 3160 sit
1541 3107 1740 3161 homini
1773 3123 1864 3176 per
1891 3107 2036 3162 illam

446 3211 699 3268 reparare
722 3197 984 3268 perditam
1013 3197 1334 3266 libertatem,
1366 3212 1554 3269 parum
1579 3199 1649 3255 sit
1669 3199 1899 3272 denique
1925 3216 2034 3256 non

448 3303 609 3361 posse
651 3289 768 3345 sine
813 3289 903 3344 illa
945 3289 1034 3346 vel
1074 3290 1476 3362 apprehendere
1519 3292 1739 3358 bonum,
1784 3293 1867 3349 vel
1915 3310 2038 3364 per-

446 3397 669 3439 manere
718 3382 772 3436 in
823 3381 964 3437 bono
1015 3382 1061 3437 si
1110 3383 1259 3450 velit,
1314 3384 1419 3440 nisi
1471 3386 1632 3441 etiam
1679 3385 1939 3442 efﬁciatur
1983 3398 2042 3444 ut

446 3475 596 3532 velit.

525 3566 615 3623 32.
657 3565 808 3622 Tunc
848 3580 976 3634 ergo
1003 3565 1225 3620 dederat
1253 3565 1455 3622 homini
1489 3568 1626 3624 Deus
1669 3567 1862 3624 bonam
1891 3572 1913 3604 '
1942 3586 2041 3626 vo-

449 3661 746 3724 luntatem;
779 3659 830 3713 in
862 3658 950 3713 illa
996 3659 1194 3730 quippe
1223 3675 1345 3715 eum
1377 3659 1578 3716 fecerat
1605 3662 1696 3732 qui
1727 3663 1924 3718 fecerat
1953 3679 2040 3719 re-

453 3762 598 3808 ctum
632 3769 646 3806 :
676 3749 900 3806 dederat
945 3749 1266 3820 adjutorium
1312 3752 1371 3819 ⁸,
1419 3753 1534 3807 sine
1574 3769 1680 3823 quo
1725 3755 1776 3809 in
1828 3771 1890 3811 ea
1937 3771 2041 3812 non

455 3852 634 3915 posset
663 3856 978 3912 permanere
1020 3841 1066 3895 si
1095 3841 1290 3908 vellet;
1343 3851 1399 3897 ut
1425 3854 1603 3900 autem
1635 3846 1812 3912 vellet,
1846 3848 1902 3902 in
1927 3849 2043 3919 ejus

454 3933 626 3989 libero
674 3932 885 4003 reliquit
937 3933 1179 3988 arbitrio.
1221 3934 1409 3989 Posset
1459 3951 1588 4008 ergo
1631 3952 1949 4008 permanere
1997 3943 2044 3997 si

454 4026 615 4081 vellet
647 4042 662 4079 :
695 4027 816 4096 quia
856 4041 962 4081 non
986 4025 1172 4082 deerat
1199 4026 1518 4096 adjutorium
1550 4045 1644 4100 per
1667 4032 1806 4102 quod
1837 4045 2039 4104 posset,

453 4127 507 4174 et
536 4116 652 4172 sine
689 4132 793 4187 quo
823 4131 929 4171 non
974 4125 1155 4187 posset
1197 4131 1603 4188 perseveranter
1632 4121 1831 4177 bonum
1861 4133 2044 4181 tenere

455 4208 597 4281 quod
627 4207 800 4264 vellet.
831 4207 937 4264 Sed
959 4209 1079 4278 quia
1109 4209 1279 4264 noluit
1306 4225 1638 4280 permanere.
1670 4215 1906 4283 profecto
1927 4216 2042 4286 ejus

455 4303 608 4373 culpa
629 4313 730 4369 est,
752 4301 906 4372 cujus
926 4303 1174 4358 meritum
1204 4303 1408 4369 fuisset,
1431 4305 1477 4359 si
1504 4321 1818 4374 permanere
1838 4309 2042 4365 voluis-

456 4405 540 4451 set
572 4413 586 4450 :
616 4397 754 4450 sicut
781 4396 1021 4451 fecerunt
1049 4396 1232 4467 Angeli
1259 4398 1562 4469 saneti,qui
1589 4399 1900 4457 cadentibus
1926 4404 2044 4459 aliis

458 4503 558 4560 per
587 4488 810 4542 liberum
841 4486 1136 4552 arbitrium,
1171 4503 1267 4558 per
1309 4489 1446 4545 idem
1498 4491 1721 4547 liberum
1765 4495 2043 4551 arbitrium

456 4589 716 4634 steterunt
740 4578 862 4649 ipsi.
893 4587 949 4633 et
975 4577 1128 4647 hujus
1154 4581 1544 4648 permansionis
1571 4583 1804 4639 debitam
1831 4602 2041 4644 merce-

457 4670 578 4725 dem
605 4670 843 4738 recipere
869 4678 1199 4735 meruerunt,
1241 4680 1439 4726 tantam
1469 4673 1675 4728 scilicet
1703 4677 2046 4734 beatitudinis

461 4755 864 4826 plenitudinem,
917 4769 1018 4822 qua
1065 4754 1143 4808 eis
1181 4755 1538 4811 certissimum
1581 4760 1692 4813 sit9
1732 4778 1944 4832 semper
1987 4780 2046 4821 se

465 4845 520 4900 in
551 4845 639 4900 illa
683 4861 802 4901 eSse
829 4859 1129 4900 mansuros.
1167 4845 1221 4902 Si
1251 4855 1429 4902 autem
1471 4849 1572 4904 hoc
1608 4851 1927 4922 adjutorium
1959 4857 2044 4912 vel

463 4937 652 5010 angelo
674 4937 756 4993 vel
784 4936 1006 5015 homini,
1033 4953 1154 4993 cum
1198 4939 1424 5010 primum
1444 4939 1566 4996 facti
1589 4953 1730 5010 sunt,
1759 4945 2042 5018 defuisset;

525 5055 543 5087 ι
578 5058 644 5104 ιω
670 5054 877 5103 Vaticani
899 5061 1231 5121 quatuor‘ﬂss.
1269 5053 1352 5106 Alii
1378 5055 1486 5121 libri
1509 5057 1707 5121 habent,
1744 5077 1804 5114 ne
1829 5078 1893 5116 ex
1923 5069 2050 5121 malo

461 5118 756 5193 factitantem.
775 5117 1205 5193 Alnposteriorihus
1243 5117 1510 5193 nonnullis_
1529 5117 1819 5193 editionibus
1863 5117 2049 5193 adjecta

466 5177 947 5259 i'?_"}jcl'}§-_'.‘°game
979 5177 1180 5242 ΙΘΒῘΙ-ιιτ,
1214 5193 1274 5231 ne
1311 5193 1377 5231 ea:
1411 5181 1540 5234 nullo
1571 5185 1725 5248 factus
1745 5201 1840 5240 non

459 5239 584 5291 esset
600 5239 772 5290 ibonus.
805 5239 821 5241 '
1037 5239 1055 5242 ’
1166 5239 1171 5240 ί
1571 5239 1581 5248 ’

527 5303 547 5369 ξ
582 5304 949 5369 Quinque_t_tss.,
977 5314 1330 5369 quamnquam
1349 5312 1470 5357 esset
1491 5309 1662 5360 malus.

529 5365 550 5433 ξ
571 5371 700 5424 Lov.,
720 5362 844 5415 'm'ht'l
864 5362 951 5415 est.
976 5362 1092 5416 Εἷόὶιί
1108 5362 1210 5433 alii
1220 5373 1272 5416 et
1292 5373 1420 5430 Mss,
1437 5384 1609 5433 parum
1637 5381 1724 5424 est.

466 5425 558 5538 ha;
583 5435 682 5476 Arn.
705 5433 776 5476 Er.
803 5433 856 5477 et
878 5434 1009 5488 bov.,
1033 5428 1116 5478 sed
1141 5426 1264 5480 hare.
1288 5425 1572 5485 Conciunius
1605 5434 1786 5500 aliquot
1810 5445 1936 5503 Mss,
1964 5443 2051 5494 sed

527 5551 551 5644 :
583 5551 1286 5644 sesesesmmee
1309 5552 1600 5644 2mm
1619 5573 1639 5644 ε
1875 5579 2007 5632 ergo-

499 5611 860 5694 2:-Acasalensisg
873 5611 1670 5694 Ms.,_cmruritim_eonct}piscettte
1702 5611 2055 5694 υοὶιὶὶιὶᾰέεΰὲῥὶτ

463 5675 605 5748 ﬁt”:
651 5681 751 5725 Duo
786 5675 864 5726 alii
909 5675 1015 5728 MSS-
1038 5712 1053 5739 .
1095 5678 1337 5730 contraria
1388 5675 1700 5748 cmicupucen'
1703 5694 1795 5739 ιεηι
1827 5675 2057 5746 δοξάηῆὶέ

466 5743 803 5862 ψέηδῗιῖληυθ
825 5806 954 5861 Mss,
988 5801 1202 5854 liberam.

530 5858 556 5931 ξ
585 5858 1092 5931 ἑριιάίιονημέᾴεναι
1108 5873 1154 5917 et
1186 5867 1493 5931 qdjutorium.

529 5920 557 5957 '
587 5920 709 5982 tios
729 5936 762 5980 ο
783 5920 1015 5984 vannus
1035 5935 1163 5996 Mss,
1182 5920 1257 5996 ﬁt:

1286 400 1380 459 DE
1413 397 1897 460 COBREPTIONE
1933 393 2026 454 ET
2061 393 2342 463 GRATIA,
2383 395 2446 455 S.
2484 397 2860 458 AUGUSTINI

2131 513 2383 583 quoniam
2397 528 2501 568 non
2520 515 2642 570 talis
2668 526 2853 570 natura
2879 514 3013 570 facta
3028 522 3164 581 erat,
3178 520 3240 570 ut
3251 511 3370 570 sine
3385 511 3567 571 divino
3582 513 3749 585 adju-

2131 605 2269 662 torio
2293 617 2470 677 posset
2485 624 2700 664 manere
2727 610 2772 664 si
2797 609 2972 676 vellet,
2988 624 3090 663 non
3109 609 3293 680 utique
3309 623 3404 664 sua
3419 609 3570 679 culpa
3589 608 3744 664 ceci-

2131 697 2336 753 dissent
2355 717 2368 754 :
2387 699 2708 770 adjutorium
2726 701 2922 771 quippe
2943 700 3218 764 defuisset,
3242 702 3358 756 sine
3379 717 3485 770 quo
3510 715 3750 758 manere

2132 806 2241 846 non
2263 803 2498 857 possent.
2523 792 2673 848 Nunc
2690 805 2867 850 autem
2881 795 3073 864 quibus
3087 796 3242 851 deest
3259 795 3361 851 tale
3381 795 3716 865 adjutorium
3728 837 3746 863 ,

2126 879 2238 953 jam
2257 898 2412 952 poma
2439 886 2640 953 peccati
2668 894 2749 940 est
2773 904 2786 940 :
2811 885 3001 956 quibus
3021 895 3198 940 autem
3225 886 3403 950 datur,
3433 886 3745 942 secundum

2134 976 2355 1046 gratiam
2372 977 2550 1044 datur,
2565 993 2674 1032 non
2689 977 2977 1032 secundum
2997 978 3256 1043 debitum;
3277 989 3330 1033 et
3342 986 3488 1032 tanto
3502 979 3752 1050 amplius

2134 1066 2288 1122 datur
2315 1085 2408 1138 per
2434 1068 2615 1126 Jesum
2637 1070 2908 1125 Christum
2941 1071 3222 1125 Dominum
3246 1081 3510 1136 nostrum,
3535 1072 3749 1141 quibus

2135 1159 2188 1215 id
2213 1160 2340 1216 dare
2364 1162 2470 1216 Deo
2497 1163 2710 1231 placuit,
2742 1171 2800 1217 ut
2825 1179 2929 1218 non
2960 1165 3132 1218 solum
3163 1163 3301 1218 adsit
3332 1163 3450 1219 sine
3475 1178 3580 1234 quo
3612 1180 3751 1233 per-

2135 1269 2354 1310 manere
2378 1270 2480 1310 non
2505 1272 2809 1324 possumus,
2841 1257 2999 1310 etiam
3025 1259 3068 1312 si
3093 1259 3336 1320 velimus,
3364 1273 3547 1312 verum
3570 1260 3746 1310 etiam

2136 1354 2339 1401 tantum
2370 1362 2432 1402 ac
2469 1347 2571 1402 tale
2603 1349 2688 1413 sit,
2724 1359 2783 1403 ut
2807 1349 3054 1403 velimus.
3099 1348 3184 1403 Fit
3212 1351 3229 1382 ¹
3261 1350 3457 1418 quippe
3493 1350 3543 1403 in
3576 1349 3748 1404 nobis

2137 1451 2234 1508 per
2274 1437 2411 1492 hanc
2454 1438 2542 1493 Dei
2581 1440 2806 1509 gratiam
2839 1440 2889 1494 in
2931 1440 3071 1494 bono
3101 1441 3412 1510 recipiendo
3455 1449 3507 1495 et
3537 1455 3740 1510 perse-

2135 1539 2387 1584 veranter
2433 1531 2682 1596 tenendo,
2727 1547 2829 1585 non
2872 1533 3045 1586 solum
3080 1549 3242 1604 posse
3279 1533 3422 1604 quod
3464 1534 3738 1598 volumus,

2139 1635 2320 1676 verum
2348 1623 2507 1678 etiam
2549 1623 2687 1678 velle
2715 1623 2856 1695 quod
2885 1640 3185 1693 possumus.
3227 1626 3379 1692 Quod
3422 1641 3524 1680 non
3551 1625 3648 1680 fuit
3680 1627 3742 1679 in

2137 1711 2352 1768 homine
2372 1715 2542 1784 primo
2571 1733 2586 1770 :
2617 1731 2777 1770 unum
2803 1718 2944 1771 enim
2969 1717 3158 1772 horum
3183 1719 3234 1772 in
3256 1711 3346 1772 illo
3367 1717 3481 1778 fuit,
3506 1720 3743 1773 alterum

2139 1820 2243 1860 non
2290 1805 2407 1861 fuit.
2449 1807 2687 1878 Namque
2735 1819 2792 1862 ut
2832 1811 3094 1880 reciperet
3141 1811 3361 1874 bonum,
3405 1812 3576 1882 gratia
3625 1828 3743 1866 non

2137 1898 2359 1967 egebat,
2405 1899 2526 1969 quia
2573 1900 2808 1956 nondum
2856 1902 3206 1970 perdiderat:
3241 1912 3296 1957 ut
3344 1917 3521 1958 autem
3569 1904 3622 1957 in
3666 1919 3744 1958 eo

2140 2002 2508 2061 permaneret,
2559 1993 2750 2062 egebat
2791 1995 3056 2063 adjutorio
3097 1999 3314 2066 gratiae,
3365 1998 3481 2051 sine
3524 2012 3630 2068 quo
3677 1995 3742 2050 id

2139 2087 2355 2140 omnino
2380 2101 2484 2140 non
2514 2095 2697 2157 posset
2727 2107 2740 2143 :
2772 2097 2826 2144 et
2853 2099 3133 2160 acceperat
3179 2106 3335 2160 posse
3361 2091 3402 2144 si
3433 2092 3606 2155 vellet,
3636 2089 3743 2144 sed

2140 2192 2247 2232 non
2274 2177 2458 2233 habuit
2486 2179 2622 2234 velle
2647 2179 2789 2250 quod
2817 2190 3036 2250 posset;
3067 2199 3188 2236 nam
3216 2183 3260 2238 si
3291 2183 3576 2242 habuisset,
3610 2199 3744 2252 per-

2142 2280 2466 2326 severasset.
2507 2270 2697 2327 Posset
2715 2271 2858 2326 enim
2887 2289 3232 2344 perseverare
3258 2279 3301 2329 si
3326 2276 3479 2330 vellet
3501 2277 3521 2306 ²
3551 2275 3748 2345 :quod

2143 2373 2199 2418 ut
2226 2365 2412 2431 nollet,
2439 2366 2505 2421 de
2533 2366 2704 2422 libero
2741 2364 3019 2423 descendit
3042 2370 3304 2435 arbitrio;
3335 2369 3471 2440 quod
3515 2378 3644 2424 tunc
3665 2371 3748 2424 ita

2142 2453 2366 2510 liberum
2398 2465 2534 2522 erat,
2559 2467 2617 2513 ut
2635 2469 2689 2513 et
2707 2459 2841 2515 bene
2856 2461 2992 2515 velle
3015 2471 3190 2531 posset
3209 2472 3265 2517 et
3292 2463 3450 2516 male.
3469 2459 3605 2529 Quid
3631 2461 3747 2517 erit

2141 2557 2318 2602 autem
2368 2548 2585 2604 liberius
2632 2551 2798 2606 libero
2839 2555 3081 2614 arbitrio,
3128 2554 3339 2624 quando
3391 2570 3498 2609 non
3549 2556 3748 2625 poterit

2141 2643 2345 2696 servire
2386 2651 2626 2710 peccato,
2673 2659 2793 2713 quae
2840 2643 3011 2699 futura
3053 2655 3169 2701 erat
3213 2646 3234 2677 ⁸
3263 2655 3314 2702 et
3346 2645 3570 2709 homini,
3603 2647 3749 2701 sicut

2142 2728 2280 2786 facta
2305 2742 2387 2786 est
2412 2733 2629 2803 Angelis
2654 2735 2873 2799 sanctis,
2904 2751 3110 2791 merces
3135 2737 3351 2790 meriti?
3382 2735 3532 2791 Nunc
3554 2748 3739 2791 autem

2143 2841 2239 2896 per
2262 2838 2538 2896 peccatum
2569 2828 2778 2897 perdito
2804 2829 2944 2884 bono
2968 2831 3176 2895 merito,
3205 2831 3257 2885 in
3283 2831 3365 2884 his
3392 2831 3480 2900 qui
3508 2829 3750 2884 liberan-

2144 2927 2230 2974 tur
2260 2919 2455 2974 factum
2484 2930 2568 2977 est
2593 2921 2790 2977 donum
2831 2926 3034 2994 gratiae,
3063 2939 3183 2994 quae
3214 2939 3422 2980 merces
3447 2925 3624 2980 meriti
3654 2923 3747 2979 fu-

2143 3021 2260 3070 tura
2292 3023 2427 3069 erat.

2215 3105 2440 3163 CAPUT
2487 3106 2603 3162 XII.
2647 3137 2719 3148 —-
2762 3109 2851 3163 33.
2893 3107 3249 3180 Quaprdpter,
3299 3109 3422 3165 bina
3471 3109 3570 3164 ista
3613 3107 3746 3179 quid

2144 3197 2282 3254 inter
2319 3215 2378 3254 se
2406 3198 2674 3268 differant,
2706 3200 2991 3272 diligenter
3019 3212 3075 3257 et
3104 3203 3384 3274 vigilanter
3425 3204 3744 3259 intuendum

2144 3304 2244 3358 est;
2290 3307 2444 3363 posse
2472 3309 2578 3348 non
2604 3309 2847 3366 peccare,
2893 3305 2947 3351 et
2976 3311 3082 3352 non
3113 3312 3271 3367 posse
3303 3313 3542 3368 peccare,
3576 3312 3746 3369 posse

2145 3402 2251 3440 non
2295 3386 2451 3453 mori,
2493 3395 2547 3442 et
2570 3401 2674 3442 non
2707 3401 2865 3458 posse
2893 3388 3050 3455 mori,
3080 3387 3279 3444 bonum
3322 3405 3479 3461 posse
3508 3406 3610 3444 non
3641 3389 3746 3444 de-

2145 3493 2346 3543 serere,
2389 3487 2442 3533 et
2480 3478 2676 3534 bonum
2708 3495 2813 3534 non
2861 3495 3020 3550 posse
3063 3480 3336 3538 deserere.
3378 3481 3556 3537 Potuit
3594 3482 3750 3536 enim

2147 3587 2254 3625 non
2287 3586 2508 3639 peccare
2552 3572 2753 3642 primus
2783 3571 2967 3638 homo,
3013 3574 3183 3642 potuit
3224 3589 3329 3630 non
3365 3574 3519 3638 mori,
3566 3574 3751 3645 potuit

2148 3661 2343 3718 bonum
2391 3679 2495 3719 non
2527 3665 2796 3721 deserere.
2838 3664 3106 3738 Numquid
3152 3668 3341 3723 dicturi
3373 3682 3573 3734 sumus,
3622 3667 3751 3723 Non

2149 3755 2318 3825 potuit
2347 3771 2588 3824 peceare,
2627 3757 2716 3826 qui
2759 3756 2864 3812 tale
2893 3757 3122 3812 habebat
3168 3758 3389 3814 liberum
3413 3757 3694 3812 arbitrium
3721 3757 3752 3810 2

2146 3859 2271 3915 aut,
2305 3850 2417 3905 Non
2451 3852 2619 3920 potuit
2659 3853 2816 3917 mori,
2847 3851 2932 3908 cui
2961 3852 3163 3908 dictum
3192 3863 3289 3915 est,
3320 3852 3373 3908 Si
3405 3850 3744 3922 peccaveris,

2147 3954 2320 4000 morte
2349 3943 2593 3999 morieris
2615 3943 2766 4014 (Gen.
2798 3961 2858 4012 ιι,
2903 3945 3031 4017 l7)?
3058 3957 3172 4013 aut,
3201 3945 3313 4001 Non
3340 3945 3507 4015 potuit
3527 3943 3751 4000 bonum

2147 4039 2416 4103 deserere,
2445 4054 2566 4094 cum
2595 4039 2696 4093 hoc
2723 4039 2992 4109 peccando
3021 4038 3342 4105 deseruerit,
3370 4048 3422 4093 et
3447 4036 3566 4092 ideo
3590 4052 3752 4090 mor-

2149 4140 2270 4188 tuus
2315 4133 2420 4188 sit?
2451 4133 2628 4188 Prima
2653 4149 2782 4203 ergo
2825 4134 3042 4188 libertas
3085 4133 3374 4188 voluntatis
3417 4141 3551 4196 erat,
3581 4147 3753 4202 posse

2149 4240 2256 4280 non
2287 4239 2545 4295 peccare;
2574 4224 2862 4279 novissima
2888 4225 2987 4278 erit
3018 4224 3188 4279 multo
3220 4223 3412 4294 major,
3446 4239 3549 4279 non
3582 4238 3754 4292 posse

2148 4332 2374 4389 peccare
2404 4337 2417 4373 :
2450 4319 2617 4389 prima
2647 4318 3020 4373 immortalitas
3056 4327 3190 4384 erat,
3238 4333 3394 4389 posse
3422 4332 3526 4371 non
3559 4315 3694 4370 mori
3727 4332 3747 4383 ;

2150 4411 2438 4466 novissima
2475 4411 2576 4465 erit
2607 4411 2773 4465 multo
2818 4411 3006 4481 major,
3034 4427 3139 4466 non
3171 4425 3329 4480 posse
3359 4408 3494 4464 mori
3526 4427 3538 4464 :
3569 4410 3748 4478 prima

2149 4512 2264 4556 erat
2295 4503 2704 4572 perseverantia:
2737 4513 2970 4573 p0testas
2990 4545 3004 4569 ,
3037 4503 3234 4559 bonum
3268 4518 3424 4572 posse
3454 4518 3558 4556 non
3585 4501 3756 4555 dese-

2150 4609 2308 4660 rere;
2343 4593 2629 4648 novissima
2660 4595 2762 4648 erit
2807 4595 3036 4649 felicitas
3083 4595 3517 4664 perseverantiae,
3549 4591 3755 4647 bonum

2152 4701 2258 4740 non
2291 4701 2447 4756 posse
2476 4687 2747 4741 deserere.
2790 4686 3077 4756 Numquid,
3129 4689 3249 4756 quia
3289 4697 3445 4740 erunt
3478 4687 3610 4739 bona
3655 4701 3759 4737 no-

2151 4777 2366 4832 vissima
2387 4778 2591 4848 p0tiora
2621 4787 2780 4848 atque
2807 4779 3046 4846 meliora,
3071 4777 3190 4832 ideo
3217 4775 3433 4832 fuerunt
3462 4776 3549 4830 illa
3577 4777 3759 4846 prima

2151 4870 2233 4924 vel
2278 4871 2416 4924 nulla
2444 4871 2526 4924 vel
2554 4866 2757 4942 parva?

2225 4962 2314 5020 34.
2355 4961 2594 5032 Itemque
2614 4964 2721 5032 ipsa
2745 4961 3004 5032 adjutoria
3023 4963 3394 5034 distinguenda
3412 4971 3558 5018 sunt.
3591 4963 3756 5018 Aliud

2153 5063 2236 5108 est
2279 5053 2602 5125 adjutorium
2631 5054 2748 5109 sine
2787 5071 2891 5122 quo
2920 5055 3118 5124 aliquid
3151 5071 3254 5109 non
3297 5056 3372 5121 fit,
3419 5064 3473 5109 et
3500 5054 3640 5109 aliud
3667 5065 3758 5110 est

2154 5147 2478 5218 adjutorium
2510 5162 2617 5217 quo
2654 5148 2853 5218 aliquid
2900 5147 2977 5202 fit.
3017 5149 3151 5204 Nam
3190 5149 3307 5205 sine
3344 5149 3613 5204 alimentis
3640 5163 3757 5204 non

2219 5262 2237 5294 ί
2271 5261 2344 5310 sic
2373 5273 2545 5310 omnes
2568 5269 2672 5311 Mss.
2697 5268 2754 5312 At
2777 5261 2911 5321 editi,
2934 5267 3021 5311 est.

2219 5325 2239 5355 ί
2272 5322 2408 5384 editi,
2441 5322 2585 5373 etiam
2611 5323 2652 5374 si
2682 5322 2834 5387 vellet.
2887 5323 3110 5387 Plerique
3148 5325 3457 5387 manuscripti
3500 5324 3756 5387 omittunt,

2154 5384 2334 5445 etiam;
2367 5386 2505 5448 cujus
2529 5387 2769 5448 particulae
2784 5386 2898 5448 loco
2918 5384 3046 5436 unus
3066 5400 3096 5436 e
3132 5388 3366 5437 Vaticanis
3387 5384 3555 5446 habet,
3577 5384 3754 5437 «iam;

2223 5449 2244 5480 ³
2276 5447 2528 5513 Henrieus
2551 5449 2746 5497 Gravius
2780 5447 2880 5511 legi
2916 5447 3145 5510 volebat,
3193 5461 3303 5513 qua:
3351 5448 3541 5513 libertas
3583 5449 3759 5512 ftuura

2157 5515 2261 5561 erat
2282 5511 2424 5580 :quia
2447 5510 2934 5580 scilicetprononien,
2971 5524 3097 5580 qtae,
3140 5510 3236 5562 non
3266 5510 3758 5580 concordatgenere

2158 5586 2288 5630 cum,
2312 5570 2462 5636 libero
2483 5570 2699 5636 arbitrio,
2731 5572 2861 5636 quod
2896 5573 2944 5622 in
2983 5570 3135 5636 prima
3176 5582 3314 5636 parte
3334 5570 3594 5636 sententia:
3619 5583 3756 5635 prae-

2159 5636 2323 5684 cessit.
2365 5634 2454 5682 sed
2479 5648 2573 5682 non
2596 5634 2904 5694 ineleganter
2929 5634 3102 5686 factum
3127 5634 3204 5686 est
3221 5643 3276 5686 ut
3296 5635 3609 5685 concordaret
3627 5634 3756 5682 eum

2159 5697 2356 5746 nomine
2407 5705 2592 5758 postea
2617 5706 2877 5758 sequente,
2917 5697 3121 5758 scilicet,
3156 5710 3356 5748 merces.
3391 5702 3452 5758 Eo
3493 5695 3757 5758 locutionis

2161 5759 2303 5808 modo
2323 5759 2487 5806 cicero
2509 5760 2558 5807 in
2583 5757 2705 5807 libro
2743 5759 2807 5808 de
2847 5761 3055 5826 Legibus
3093 5757 3178 5820 ait,
3207 5779 3230 5805 ι
3263 5757 3441 5826 animal
3474 5757 3751 5826 providum,

2169 5839 2192 5868 ι
2213 5832 2382 5882 sagax,
2404 5833 2553 5881 quem
2594 5834 2818 5884 vocamus
2852 5821 3116 5884 hominem.
3138 5839 3162 5868 ι
3202 5828 3255 5871 Et
3284 5821 3474 5871 actione
3496 5821 3667 5884 quinta
3696 5821 3755 5868 in

2165 5881 2399 5956 Verrem,
2426 5888 2636 5956 tcarcer
2669 5882 2787 5956 ille,
2814 5896 2925 5946 qua
2958 5881 3174 5937 latum
3208 5889 3457 5938 vocum.
3481 5881 3530 5930 »⁷
3555 5887 3612 5935 ει
3633 5891 3756 5934 eum

2163 5945 2342 6006 passim
2361 5945 2573 6002 mutatur
2593 5945 2900 6010 angustiam.
