4022 6468
242 367 343 425 957

223 490 503 552 possumus
532 477 729 539 vivere,
761 487 859 528 nec
879 480 1058 529 tamen
1084 486 1204 526 cum
1230 470 1497 527 adfuerint
1520 469 1805 531 alimenta.

232 567 311 625 eis
340 567 396 623 ﬁt
427 580 483 622 ut
528 568 667 621 vivat
713 568 801 637 qui
832 568 968 621 mori
1016 564 1260 617 voluerit.
1302 562 1442 630 Ergo
1484 555 1808 626 adjutorinm

232 662 604 715 alimentorum
633 670 715 713 est
757 660 872 713 sine
898 674 1003 727 quo
1034 672 1137 709 non
1171 656 1246 717 ﬁt,
1280 670 1383 706 non
1426 665 1533 719 quo
1564 650 1621 702 lit
1647 658 1701 701 ut
1732 645 1815 699 vi-

230 768 431 807 vamus.
478 755 547 807 At
594 768 723 807 vero
760 752 1029 807 beatitudo
1069 766 1228 819 quam
1267 764 1370 802 non
1418 746 1579 800 bibet
1609 744 1772 797 homo
1796 780 1811 803 ,

230 861 353 900 cum
386 845 504 899 data
543 843 723 905 fuerit,
752 843 1007 898 continuo
1031 842 1089 895 ﬁt
1118 841 1326 895 beatus.
1368 834 1705 905 Adjutorium
1731 838 1813 885 est

225 939 370 991 enim
406 952 509 990 non
540 937 714 990 solum
742 936 857 989 sine
901 950 1005 1003 quo
1035 948 1139 987 non
1171 934 1248 993 lit,
1280 945 1466 985 verum
1505 928 1665 982 etiam
1706 936 1813 994 quo

228 1028 288 1082 ﬁt
320 1038 535 1099 propter
581 1027 721 1096 quod
768 1025 944 1080 datur.
983 1024 1317 1093 Quapropter
1360 1020 1462 1074 hoc
1486 1016 1811 1087 adjutorium

225 1131 281 1175 et
321 1136 428 1189 quo
475 1120 534 1173 ﬁt
557 1130 660 1185 est,
707 1128 761 1173 et
806 1119 920 1173 siue
948 1134 1056 1187 quo
1087 1134 1192 1172 non
1234 1115 1291 1169 ﬁt
1322 1132 1335 1168 :
1366 1114 1487 1183 quia
1518 1123 1572 1167 et
1617 1112 1662 1167 si
1690 1110 1812 1164 data

227 1213 390 1265 fuerit
442 1212 641 1265 homini
690 1209 982 1274 beatitudo,
1031 1210 1285 1263 continuo
1312 1209 1370 1259 ﬁt
1393 1206 1617 1268 beatus;
1670 1212 1727 1258 et
1768 1201 1815 1256 si

226 1304 349 1356 data
390 1318 663 1372 nunquam
693 1301 872 1364 fuerit,
908 1315 1189 1369 .nunquam
1219 1300 1337 1353 erit.
1379 1298 1644 1352 Alimenta
1686 1309 1815 1349 vero

227 1410 332 1448 non
362 1403 752 1469 consequenter
794 1393 989 1448 iaciunt
1019 1402 1077 1447 ut
1102 1391 1263 1446 homo
1288 1392 1430 1445 vivat
1462 1407 1474 1445 :
1508 1389 1602 1445 sed
1636 1396 1813 1443 tamen

225 1487 346 1541 sine
374 1486 478 1541 illis
510 1501 616 1539 non
665 1494 839 1551 potest
883 1489 1083 1541 vivere.
1124 1484 1303 1539 Primo
1339 1485 1517 1554 itaque
1565 1482 1812 1549 homini,

225 1578 315 1646 qui
340 1578 393 1629 in
416 1592 481 1631 eo
497 1577 638 1631 bono
659 1592 764 1644 quo
781 1576 951 1631 factus
970 1576 1140 1630 luerat
1160 1584 1338 1631 rectus
1359 1584 1637 1642 acceperat
1657 1588 1816 1642 posse

225 1683 334 1722 non
383 1682 625 1738 peccare,
677 1682 837 1737 posse
875 1684 982 1722 non
1028 1670 1185 1731 mori,
1216 1682 1372 1736 posse
1401 1666 1574 1735 ipsum
1615 1666 1813 1720 bonum

225 1776 333 1814 non
380 1759 653 1826 deserere,
695 1758 877 1814 datum
908 1767 991 1814 est
1015 1757 1336 1828 adjutorium
1365 1756 1772 1826 perseverantiae
1795 1796 1813 1823 ,

223 1867 334 1905 non
378 1865 483 1922 quo
526 1849 678 1905 ﬁeret
707 1858 762 1904 ut
792 1858 1175 1918 perseveraret,
1208 1848 1304 1903 sed
1329 1848 1447 1902 sine
1471 1862 1578 1917 quo
1621 1861 1716 1915 per
1746 1845 1815 1900 li-

223 1942 415 1997 berum
454 1943 731 1996 arbitrium
762 1956 1107 2011 perseverare
1136 1956 1239 1995 non
1272 1950 1470 2010 posset.
1510 1938 1662 1993 Nunc
1690 1952 1816 1993 vero

221 2039 426 2091 sanctis
452 2038 503 2091 in
529 2053 749 2106 regnum
790 2037 886 2091 Dei
929 2052 1023 2106 per
1042 2036 1268 2105 gratiam
1302 2034 1396 2088 Dei
1428 2031 1817 2103 praadestinatis

223 2145 332 2185 non
359 2132 469 2184 tale
500 2131 516 2162 ί
546 2130 867 2200 adjutoriutn
910 2127 1324 2198 perseverantiae
1362 2126 1539 2191 datur,
1584 2125 1679 2180 sed
1711 2125 1816 2179 tale

221 2232 281 2276 ut
309 2222 391 2277 eis
418 2224 812 2291 perseverantia
844 2222 956 2290 ipsa
995 2221 1262 2285 donetur;
1286 2234 1392 2274 non
1423 2219 1594 2275 solum
1621 2227 1680 2271 ut
1698 2218 1817 2272 sine

220 2314 328 2369 isto
346 2313 495 2369 dono
515 2324 917 2383 perseverantes
938 2328 1057 2369 esse
1078 2327 1181 2369 non
1204 2313 1429 2382 possint,
1449 2325 1632 2366 verum
1654 2312 1815 2365 etiam

221 2414 281 2458 ut
308 2420 409 2474 per
440 2402 542 2459 hoc
569 2403 767 2459 donum
814 2417 920 2459 non
951 2404 1053 2457 nisi
1100 2412 1503 2471 perseverantes
1533 2403 1658 2456 sint.
1698 2400 1813 2456 Non

220 2496 400 2551 solum
424 2496 567 2552 enim
589 2496 744 2559 dixit,
773 2494 901 2551 Sine
919 2512 997 2549 me
1021 2494 1150 2549 nihil
1177 2494 1380 2564 potestis
1401 2494 1566 2563 facere
1591 2509 1610 2547 :
1631 2507 1813 2547 verum

218 2589 386 2644 etiam
412 2587 566 2653 dixit,
596 2589 716 2642 Non
743 2604 828 2643 ros
854 2604 935 2642 me
961 2588 1217 2658 elegistis;
1242 2588 1330 2641 sed
1357 2603 1446 2657 ego
1482 2586 1607 2657 elegi
1630 2601 1739 2651 vos,
1770 2593 1817 2639 et

221 2679 371 2747 posui
399 2695 504 2741 vos,
536 2689 590 2731 ut
612 2680 758 2746 eatis,
786 2688 833 2732 et
859 2681 1078 2749 fructum
1107 2676 1352 2744 offeratis,
1384 2686 1430 2731 et
1449 2677 1641 2746 fructus
1660 2685 1818 2730 uester

219 2778 429 2822 maneat
458 2768 634 2839 (Joan.
667 2784 759 2834 xv,
804 2770 860 2836 5,
894 2766 1005 2839 16).
1046 2767 1248 2836 Quibus
1273 2766 1452 2822 verbis
1488 2766 1570 2821 eis
1597 2782 1701 2820 non
1729 2780 1819 2820 so-

218 2859 335 2914 lum
358 2859 643 2928 justitiam,
676 2874 855 2914 verum
884 2859 1049 2913 etiam
1077 2858 1129 2912 in
1159 2858 1247 2913 illa
1279 2858 1727 2927 perseverantiam
1758 2871 1818 2913 se

218 2950 441 3005 dedisse
468 2949 802 3005 monstravit.
841 2949 1059 3004 Christo
1082 2948 1226 3003 enim
1268 2949 1348 3003 sic
1384 2963 1479 3003 eos
1504 2959 1735 3017 ponente
1762 2958 1819 3004 ut

217 3050 374 3107 eant,
404 3050 460 3096 et
505 3040 732 3096 fructum
770 3040 1012 3105 afferant,
1055 3050 1111 3095 et
1132 3038 1339 3095 fructus
1367 3055 1553 3095 eorum
1583 3051 1816 3107 maneat,

218 3134 348 3203 quis
388 3131 582 3187 audeat
609 3131 808 3196 dicere,
842 3131 957 3186 Non
986 3130 1223 3186 manebit
1258 3130 1324 3183 ’ἲ
1368 3132 1487 3201 quis
1512 3131 1704 3186 audeat
1731 3131 1816 3185 di-

217 3240 372 3289 cere,
402 3224 643 3279 Forsitan
667 3239 773 3279 non
795 3224 1060 3280 manebit?
1090 3224 1215 3279 Sine
1240 3224 1528 3295 paenitentia
1553 3233 1667 3277 sunt
1688 3226 1821 3277 enim

218 3316 365 3371 dona
389 3324 438 3369 et
454 3316 644 3369 vacatio
674 3314 770 3369 Dei
793 3314 965 3386 (Rom.
997 3330 1075 3381 xt,
1093 3313 1189 3383 29)
1222 3332 1235 3367 :
1268 3314 1364 3369 sed
1399 3315 1605 3368 vocatio
1631 3330 1816 3368 eorum

217 3412 313 3480 qui
344 3408 639 3463 secundum
669 3409 1001 3478 propositum
1031 3407 1202 3461 vocati
1231 3415 1375 3461 sunt.
1417 3406 1520 3461 Pro
1550 3406 1631 3459 itis
1660 3406 1819 3475 igitur

219 3500 606 3569 interpellante
648 3498 864 3554 Christo
909 3514 976 3554 ne
1017 3498 1231 3553 deﬁciat
1273 3498 1408 3553 ﬁdes
1449 3512 1654 3562 eorum,
1703 3500 1820 3555 sine

218 3592 393 3647 dubio
423 3607 528 3645 non
551 3591 765 3647 deﬁciet
789 3606 957 3661 usque
982 3590 1034 3645 in
1065 3590 1222 3645 ﬁnem
1252 3606 1266 3644 :
1295 3604 1359 3643 ac
1388 3605 1483 3659 per
1510 3590 1613 3644 hoc
1633 3606 1817 3659 perse-

218 3682 439 3737 verabit
468 3697 634 3750 usque
658 3683 710 3735 in
752 3682 932 3749 linem,
960 3697 1061 3736 nec
1089 3696 1207 3737 eam
1238 3681 1338 3735 nisi
1365 3682 1669 3735 manentem
1698 3682 1820 3736 vita:

218 3772 391 3842 hujus
418 3771 653 3827 inveniet
677 3772 697 3802 ³
725 3772 863 3826 ﬁnis.

291 3868 393 3921 35.
436 3864 600 3933 Major
626 3863 822 3934 quippe
862 3865 1081 3921 libertas
1112 3874 1195 3921 est
1240 3866 1537 3921 necessaria
1565 3865 1821 3922 adversus

216 3970 301 4015 tot
328 3967 390 4013 et
425 3967 596 4010 tantas
644 3958 963 4013 tentationes
990 3958 1033 4020 ⁸.
1075 3976 1194 4028 qua:
1224 3960 1276 4013 in
1307 3961 1550 4029 paradiso
1575 3978 1679 4016 non
1708 3962 1822 4017 fuc-

216 4058 376 4113 runt,
420 4046 563 4099 dono
610 4048 1020 4115 perseverantiae
1062 4050 1263 4103 munita
1305 4061 1463 4120 atque
1502 4051 1730 4119 ﬁrmata,
1766 4063 1823 4107 ut

216 4155 354 4195 cum
394 4136 643 4192 omnibus
688 4138 980 4199 amoribus,
1028 4140 1353 4204 terroribus,
1398 4144 1671 4197 erroribus
1710 4147 1821 4200 suis

216 4234 475 4289 vincatur
514 4230 599 4284 hic
630 4230 855 4284 mundus
888 4248 901 4285 :
934 4232 1035 4286 hoc
1075 4241 1380 4287 sanctorum
1428 4238 1678 4305 martyria
1723 4236 1822 4289 do-

216 4328 479 4379 cuerunt.
510 4320 743 4390 Denique
766 4321 856 4377 ille
882 4320 959 4392 (a)
988 4332 1045 4377 et
1078 4330 1309 4378 terrente
1330 4324 1497 4389 nullo,
1530 4338 1581 4379 et
1605 4325 1821 4397 insuper

216 4423 418 4470 contra
465 4411 555 4466 Dei
602 4412 848 4466 terrentis
878 4411 1157 4481 imperium
1201 4412 1371 4467 libero
1398 4429 1523 4468 usus
1559 4415 1778 4470 arbitrio
1800 4457 1816 4482 ,

217 4520 336 4559 non
368 4500 514 4556 stetit
543 4501 597 4555 in
643 4510 785 4557 tanta
815 4501 1085 4567 felicitate,
1132 4502 1184 4556 in
1227 4512 1370 4557 tanta
1413 4520 1518 4558 non
1565 4508 1819 4575 peccandi

217 4592 482 4648 facilitate
512 4610 525 4645 :
558 4590 644 4645 isti
670 4601 867 4655 autem,
903 4605 1005 4645 non
1048 4590 1168 4645 dico
1212 4599 1447 4648 terrente
1476 4594 1692 4658 mundo,
1724 4595 1818 4649 sed

218 4682 485 4738 saeviente
528 4696 597 4737 ne
637 4689 857 4745 starent,
891 4689 1152 4735 steterunt
1190 4682 1241 4736 in
1289 4682 1426 4744 ﬁde;
1459 4698 1579 4737 cum
1616 4684 1820 4739 videret

219 4774 319 4829 ille
362 4772 500 4827 bona
527 4772 807 4842 praesentia
834 4788 951 4841 qua:
979 4772 1148 4826 fuerat
1185 4773 1487 4838 relicturus,
1531 4774 1616 4827 isti
1644 4776 1817 4830 lutnra

217 4879 351 4935 quae
380 4862 649 4931 accepturi
679 4863 888 4916 fuerant
916 4876 1021 4915 non
1050 4863 1310 4919 viderent.
1355 4864 1505 4919 Unde
1546 4864 1668 4931 hoc,
1714 4866 1817 4921 nisi

218 4958 465 5013 donante
502 4955 611 5021 illo,
641 4972 670 5009 a
710 4971 816 5025 quo
846 4956 1260 5010 misericordiam
1288 4959 1557 5011 consecuti
1595 4967 1719 5012 sunt
1759 4968 1819 5014 ut

219 5048 421 5106 fideles
448 5055 627 5103 essent
653 5046 695 5118 (l
733 5045 851 5102 Cor.
883 5063 974 5112 vn,
1001 5046 1119 5117 95).
1151 5063 1181 5101 a
1216 5064 1321 5117 quo
1344 5058 1664 5119 acceperunt
1703 5054 1818 5118 Spl-

218 5142 416 5205 ritum,
445 5154 549 5193 non
581 5139 805 5204 timoris,
837 5153 942 5208 quo
968 5139 1408 5207 persequentibus
1426 5140 1700 5207 cederent,
1719 5140 1815 5197 sed

291 5273 310 5303 ι
349 5268 487 5327 Editi,
510 5274 804 5319 nontantttm
832 5267 941 5319 tale.
978 5270 1140 5327 Abest,
1165 5275 1366 5327 tantum,
1404 5284 1432 5319 a
1454 5276 1817 5324 Lovaniensinm

217 5339 338 5397 uss.
359 5329 580 5397 eclgicis,
600 5330 733 5397 nullo
757 5340 984 5397 excepto,
1001 5345 1030 5380 a
1053 5335 1286 5397 vaticanis
1302 5346 1439 5397 nova:
1464 5336 1686 5385 editionis
1707 5349 1819 5397 gra-

218 5396 291 5444 tia
316 5389 522 5455 collatis,
547 5400 599 5441 et
620 5394 681 5441 ab
712 5389 935 5441 omnibus
955 5408 1077 5455 quos
1100 5396 1301 5444 vidimus
1316 5394 1516 5444 Gallicis.

292 5456 315 5517 ξ
350 5454 432 5501 Hic
448 5454 571 5517 editi
595 5454 1023 5515 pratereunuqais
1042 5456 1219 5507 audeat
1242 5457 1421 5517 dicere,
1450 5466 1548 5507 non
1570 5456 1774 5509 manebit
1793 5456 1820 5509 .’

219 5516 421 5567 Habent
443 5515 490 5562 id
513 5528 686 5563 omnes
703 5528 853 5577 prope
878 5524 982 5564 Mss.

291 5579 314 5610 ⁸
350 5584 449 5624 Am.
477 5582 548 5623 Er.
576 5584 626 5625 et
650 5575 997 5636 ais—sq'im'enit.

247 5702 259 5711 ο
289 5639 313 5670 δ
345 5639 653 5687 corbeiensis
675 5648 777 5698 ως»,
802 5638 1091 5701 necessaria,
1113 5649 1159 5693 et
1181 5642 1305 5694 inter
1339 5648 1405 5693 tot
1428 5650 1473 5695 et
1491 5650 1645 5697 tantas
1668 5648 1818 5699 tenta-

288 5786 364 5847 (u)
398 5784 444 5831 Id
470 5790 563 5841 est,
590 5783 761 5832 Adam.

471 5870 676 5930 Ssxcr
745 5875 1022 5931 Auensr.
1071 5872 1151 5933 Χ.

1651 344 1854 401 LlBER
1894 344 2095 402 UNUS.

3407 357 3513 416 933

1924 467 2127 522 virtutis
2155 478 2209 523 et
2233 466 2506 524 charitatls
2530 478 2585 526 et
2607 471 2947 527 continentia:
2977 471 3039 542 (ll
3069 469 3203 527 Tim.
3235 486 3272 540 ι,
3296 474 3375 542 7),
3399 492 3505 545 quo
3556 526 3557 529 η

1928 572 2119 619 cuncta
2152 564 2427 632 minantia,
2458 576 2647 621 cuneta
2673 568 2973 632 invitantis,
3000 580 3189 625 cuncta
3218 572 3510 627 cruciantia

1926 656 2280 727 superarent?
2317 658 2393 713 illi
2420 674 2548 729 etgo
2577 659 2691 714 sine
2721 671 2939 730 peccato
2970 662 3077 716 ullo
3105 662 3227 717 data
3256 673 3359 730 est,
3388 679 3511 719 cum

1926 763 2028 817 qua
2052 748 2299 803 conditus
2317 758 2419 813 est,
2452 752 2693 805 voluntas
2723 752 2907 815 libera,
2935 761 2990 806 et
3017 768 3133 807 eam
3158 752 3286 809 fecit
3309 755 3515 812 servire

1925 848 2145 908 peccato
2171 858 2183 893 :
2211 840 2399 894 horum
2425 856 2551 896 vero
2577 858 2697 896 cum
2727 843 2914 897 fuisset
2940 846 3183 901 voluntas
3208 861 3359 901 serva
3390 861 3516 916 peo-

1924 929 2050 994 cati,
2081 930 2298 984 liberata
2313 938 2396 984 est
2423 948 2515 999 per
2535 932 2680 985 illum
2704 934 2793 1003 qui
2823 933 2975 997 dixit,
2996 934 3056 989 Si
3074 952 3158 989 vos
3187 934 3235 987 F
3237 937 3356 990 ilius
3384 938 3513 992 libo-

1925 1021 2127 1083 rtwerit,
2158 1030 2275 1075 tunc
2299 1037 2411 1076 vere
2434 1023 2578 1077 liberi
2610 1026 2747 1078 eritis
2768 1023 2947 1093 (loan.
2974 1041 3085 1092 vnt,
3112 1027 3237 1095 36).
3279 1028 3344 1082 Et
3367 1029 3514 1084 accia

1926 1109 2079 1179 piunt
2095 1119 2293 1164 tantam
2314 1126 2409 1181 per
2428 1113 2581 1167 istam
2598 1114 2819 1183 gratiam
2835 1114 3153 1182 libertatem,
3170 1125 3229 1171 ut
3243 1119 3511 1187 quamvis,

1924 1201 2176 1270 quamdiu
2220 1202 2308 1256 hic
2336 1203 2537 1269 vivunt,
2571 1214 2804 1274 pugnent
2839 1216 3026 1262 contra
3053 1210 3514 1279 concupiscentias

1925 1300 2286 1361 peccatorum,
2313 1293 2499 1364 eisque
2526 1297 2779 1350 nonnulla
2807 1297 3117 1369 subrepant,
3147 1311 3368 1371 propter
3391 1317 3514 1373 quas

1923 1382 2103 1439 dicant
2130 1386 2388 1455 quotidie,
2430 1386 2641 1442 Dimitte
2684 1390 2826 1444 nobis
2873 1390 3042 1446 debita
3072 1404 3245 1448 nostra
3292 1392 3509 1465 (Matth.

1922 1492 1997 1544 Vl,
2030 1477 2156 1550 ﬁ);
2188 1495 2293 1535 non
2336 1490 2512 1536 tamen
2544 1482 2679 1537 ultra
2708 1484 2946 1539 serviant
2983 1496 3203 1555 peccato
3243 1488 3385 1557 quod
3430 1498 3515 1544 est

1923 1570 1988 1625 ad
2016 1580 2261 1638 mortem,
2294 1572 2360 1627 de
2382 1589 2488 1643 quo
2526 1574 2655 1628 dicit
2677 1574 2910 1630 Joannes
2934 1578 3226 1645 apostolus,
3260 1578 3353 1633 Est
3391 1596 3512 1649 pec-

1923 1670 2091 1713 catum
2118 1662 2185 1714 ad
2210 1671 2420 1717 mortem
2443 1678 2463 1727 ;
2491 1680 2590 1717 non
2619 1681 2712 1732 pro
2739 1664 2829 1718 illo
2855 1666 2968 1719 dico
2996 1678 3051 1720 ut
3078 1678 3217 1738 roget
3240 1667 3257 1700 ¹
3284 1668 3327 1735 (l
3349 1668 3507 1725 Joan.

1921 1766 1975 1816 v,
2007 1754 2117 1822 i6).
2161 1754 2235 1808 De
2261 1769 2368 1824 quo
2390 1765 2606 1824 peccato
2633 1756 2904 1827 (quoniam
2930 1774 3038 1813 non
3064 1775 3374 1831 expressum
3401 1766 3508 1835 est)

1923 1853 2145 1913 possunt
2172 1845 2334 1899 multa
2359 1855 2411 1900 et
2439 1846 2651 1902 diversa
2693 1849 2880 1903 sentiri
2914 1868 2926 1902 :
2958 1864 3058 1920 ego
3086 1859 3262 1907 autem
3306 1852 3428 1909 dico
3457 1853 3513 1909 id

1922 1949 2042 1990 esse
2079 1946 2374 2005 peccatum,
2403 1937 2561 1992 ﬁdem
2600 1953 2720 2009 qua:
2747 1955 2843 2009 per
2869 1940 3209 1997 dilectionem
3239 1954 3510 2013 operatur,

1922 2025 2173 2081 deserere
2211 2043 2380 2096 usque
2416 2026 2484 2082 ad
2527 2037 2773 2083 mortem.
2814 2029 2949 2085 lluic
2979 2039 3199 2100 peccato
3237 2034 3370 2087 ultra
3402 2049 3514 2089 non

1922 2119 2179 2185 serviunt,
2199 2136 2304 2174 non
2340 2120 2510 2190 prima
2532 2120 2860 2187 conditione,
2888 2123 3026 2177 sicut
3051 2123 3158 2189 ille,
3192 2124 3344 2179 liberi
3369 2140 3383 2190 ;
3416 2124 3514 2181 sed

1925 2227 2019 2281 per
2047 2213 2341 2267 secundum
2371 2212 2538 2266 Adam
2573 2213 2664 2268 Dei
2693 2214 2861 2283 gratia
2893 2214 3125 2281 liberati,
3153 2226 3209 2270 et
3250 2216 3347 2270 ista
3375 2216 3515 2272 libe-

1922 2303 2130 2358 ratione
2184 2303 2444 2359 habentes
2497 2304 2725 2359 liberum
2775 2304 3052 2360 arbitrium
3107 2322 3214 2377 quo
3273 2310 3515 2365 serviant

1924 2394 2055 2461 Deo,
2085 2410 2188 2450 non
2217 2410 2324 2464 quo
2358 2396 2691 2465 captiventur
2719 2410 2748 2449 a
2776 2396 3006 2451 diabolo.
3049 2397 3283 2453 Liberali
3309 2398 3451 2455 enim
3479 2416 3512 2455 a

1923 2493 2144 2555 peccato
2168 2486 2307 2540 servi
2335 2486 2454 2541 facti
2481 2495 2606 2541 sunt
2626 2486 2844 2557 justitite
2874 2486 3065 2557 (Rom._
3078 2503 3151 2552 vt,
3181 2489 3295 2560 i8),
3326 2490 3377 2544 in
3407 2507 3512 2560 qua

1921 2575 2137 2633 stabunt
2160 2592 2329 2648 usque
2356 2578 2412 2632 in
2440 2578 2621 2643 ﬁnem,
2651 2578 2886 2634 donante
2914 2580 3015 2634 sibi
3043 2580 3134 2635 illo
3165 2596 3512 2650 perseveran-

1924 2667 2071 2731 tiam,
2092 2667 2181 2737 qui
2204 2681 2302 2722 eos
2324 2668 2609 2737 prtescivit,
2627 2678 2682 2724 et
2702 2668 3118 2738 prtedestinavit,
3141 2679 3195 2725 et
3219 2672 3512 2727 secuudtun

1924 2761 2254 2831 propositum
2304 2760 2531 2825 vocavit,
2579 2768 2635 2815 et
2675 2760 3002 2829 justilicavil,
3052 2771 3107 2815 ct
3150 2762 3506 2833 gloriﬁcavit;

1921 2852 2171 2924 quoniam
2198 2851 2289 2907 illa
2318 2867 2437 2922 qua:
2462 2851 2530 2907 de
2558 2853 2579 2883 ³
2604 2850 2687 2905 his
2714 2852 2979 2921 promisit,
3005 2853 3164 2908 etiam
3203 2853 3378 2910 futura
3400 2856 3513 2925 jam

1921 2945 2048 3002 fecit
2077 2960 2092 2999 :
2124 2944 2208 3000 cui
2238 2944 2570 3015 promittenti
2598 2944 2812 2999 credidit
2840 2946 3119 3012 Abraham,
3148 2958 3193 3001 et
3218 2949 3515 3017 deputatum

1919 3047 1996 3093 est
2019 3038 2094 3092 illi
2116 3036 2181 3090 ad
2197 3037 2474 3107 justitiam.
2503 3036 2811 3093 Deditenim
2833 3038 3050 3110 gloriam
3072 3038 3200 3105 Deo,
3227 3042 3516 3110 plenissime

1922 3132 2149 3197 credens,
2194 3131 2329 3186 sicut
2356 3131 2611 3202 scriptum
2640 3138 2743 3199 est,
2771 3132 2888 3201 quia
2913 3147 3028 3204 qua:
3055 3134 3307 3204 promisit,
3338 3145 3515 3207 potens

1922 3236 1993 3280 est
2021 3234 2065 3279 et
2094 3228 2279 3295 facere.

1994 3316 2083 3371 36.
2116 3315 2230 3385 Ipse
2270 3330 2397 3385 ergo
2439 3315 2560 3370 illos
2601 3314 2772 3371 bonos
2801 3313 2959 3382 facit,
3004 3326 3065 3371 ut
3102 3317 3240 3373 bona
3289 3316 3510 3375 faciant.

1922 3407 2104 3477 Neque
2142 3408 2285 3462 enim
2336 3416 2612 3477 propterea
2656 3422 2753 3462 eos
2795 3408 3042 3478 promisit
3083 3408 3342 3475 Abrahae,
3388 3412 3514 3481 quia

1923 3497 2187 3569 praescivit
2213 3514 2241 3551 a
2264 3513 2323 3553 se
2352 3498 2482 3567 ipsis
2503 3497 2671 3552 bonos
2689 3499 2917 3553 futuros.
2945 3498 3080 3553 Nam
3108 3500 3152 3553 si
3183 3500 3253 3554 ita
3278 3510 3380 3564 est,
3403 3518 3513 3557 non

1923 3604 2099 3655 suum,
2132 3589 2225 3644 sed
2254 3604 2440 3643 eorum
2472 3597 2555 3644 est
2581 3589 2721 3659 quod
2755 3589 3019 3659 promisit.
3040 3590 3178 3646 ‘Non
3223 3601 3403 3648 autem
3432 3595 3511 3649 sic

1922 3680 2149 3736 credidit
2178 3680 2468 3746 Abraham,
2497 3680 2613 3746 sed,
2641 3697 2742 3735 non
2763 3690 2837 3736 est
2860 3683 3145 3751 inﬁrmatus
3165 3686 3219 3738 in
3240 3687 3363 3754 ﬁde,
3382 3688 3514 3742 dans

1923 3773 2140 3845 gloriam
2166 3772 2274 3827 Deo
2292 3813 2306 3837 ,
2331 3781 2387 3827 et
2415 3772 2704 3843 plenissime
2731 3773 2939 3828 credens
2975 3775 3095 3844 quia
3120 3791 3235 3845 qua:
3261 3781 3512 3847 promisit,

1924 3876 2099 3937 potens
2126 3876 2197 3920 est
2222 3875 2266 3920 et
2296 3866 2462 3934 facere
2488 3864 2662 3937 (Rom.
2688 3881 2760 3932 tv,
2790 3868 2843 3929 5,
2873 3866 3086 3936 ili-2|).
3116 3867 3231 3923 Non
3262 3869 3357 3935 ait,
3381 3871 3511 3937 Qua:

1926 3958 2218 4027 prtescivit,
2252 3966 2441 4025 potens
2470 3964 2524 4010 et
2549 3956 2890 4026 promittere;
2918 3966 3027 4021 aut,
3064 3958 3194 4024 Qua:
3237 3960 3511 4028 pratdixit,

1925 4056 2119 4117 potens
2146 4056 2228 4100 est
2251 4046 2569 4117 ostendere;
2600 4054 2725 4112 aut,
2754 4046 2883 4114 Quze
2913 4048 3186 4115 promisit,
3217 4060 3407 4119 potens
3429 4063 3514 4108 est

1927 4137 2177 4207 praescire
2209 4156 2221 4190 :
2259 4137 2376 4203 sed,
2402 4152 2515 4205 qua
2543 4138 2791 4205 promisit,
2816 4148 2989 4206 potens
3015 4147 3087 4191 est
3114 4150 3159 4192 et
3185 4144 3369 4210 facere.
3395 4143 3516 4212 Ipso

1926 4227 2088 4298 igitur
2112 4241 2207 4281 eos
2230 4224 2354 4281 facit
2382 4241 2728 4296 perseverare
2750 4228 2801 4281 in
2827 4228 2987 4292 bono,
3011 4229 3101 4298 qui
3128 4228 3255 4284 facit
3271 4231 3292 4262 ⁸
3316 4232 3514 4291 bonos.

1925 4318 2027 4387 Qui
2071 4329 2250 4373 autem
2294 4318 2493 4374 cadunt
2533 4328 2588 4373 et
2632 4327 2889 4388 pereunt,
2924 4319 2978 4374 in
3009 4321 3512 4391 prindestinatorum

1927 4428 2152 4467 numero
2183 4427 2290 4467 non
2325 4412 2559 4467 fuerunt.
2591 4410 2845 4479 Quamvis
2873 4428 3004 4483 ergo
3037 4413 3106 4469 de
3145 4417 3394 4473 omnibus
3420 4435 3511 4475 re—

1924 4503 2191 4573 generatis
2215 4512 2271 4557 et
2298 4503 2383 4572 pie
2413 4502 2713 4556 viventibus
2744 4502 3056 4573 loqueretur
3086 4506 3396 4575 Apostolus,
3424 4509 3514 4564 di-

1926 4610 2073 4659 cens,
2091 4593 2167 4648 Tu
2179 4595 2291 4664 quis
2313 4611 2364 4648 es
2377 4596 2461 4665 qui
2477 4593 2680 4666 judices
2696 4594 2916 4649 alienum
2935 4612 3132 4651 servum
3146 4598 3172 4650 Ρ
3191 4614 3284 4652 suo
3305 4600 3513 4660 domine

1926 4696 2024 4741 stat
2064 4694 2152 4740 aut
2191 4686 2359 4750 cadit;
2386 4686 2638 4740 continuo
2662 4695 2836 4740 tamen
2867 4687 3100 4755 respexit
3129 4689 3195 4742 ad
3233 4690 3511 4759 przedesti-

1925 4788 2099 4845 natos,
2131 4788 2186 4833 ct
2212 4780 2303 4843 ait,
2334 4778 2499 4833 Stabit
2518 4789 2684 4833 autem
2712 4794 2732 4833 :
2751 4787 2804 4834 et
2830 4794 2897 4833 ne
2923 4780 3023 4833 hoc
3042 4780 3141 4835 sibi
3168 4797 3505 4855 arrogarent,

1926 4869 2114 4925 Potens
2137 4880 2209 4924 est
2234 4870 2363 4923 enim
2387 4869 2543 4935 Deus,
2573 4870 2764 4938 inquit,
2786 4879 3003 4923 statuere
3021 4887 3134 4924 eum
3156 4871 3268 4940 (Id.
3294 4890 3406 4940 xlv,
3429 4880 3513 4947 4).

1925 4962 2044 5032 Ipse
2073 4962 2250 5030 itaque
2283 4960 2373 5014 dat
2418 4960 2865 5029 perseverantiam
2884 5000 2900 5025 ,
2928 4960 3019 5031 qui
3056 4971 3291 5021 statuere
3319 4979 3517 5036 potens

1924 5063 2009 5111 est
2033 5069 2125 5109 eos
2149 5054 2238 5124 qui
2264 5061 2439 5117 stant,
2472 5061 2531 5107 ut
2555 5053 3278 5122 perseverantissime‘stent;
3310 5060 3393 5113 vcl
3419 5077 3509 5115 re-

1927 5147 2147 5201 stituere
2174 5146 2263 5216 qui
2296 5144 2604 5199 ceciderunt
2622 5142 2645 5175 ⁸
2668 5160 2681 5199 :
2707 5144 2963 5199 Dominus
2986 5146 3131 5201 enim
3156 5149 3312 5218 erigit
3348 5151 3512 5209 elisos

1926 5237 2095 5312 (Psal.
2124 5251 2281 5303 θην,
2305 5234 2383 5305 8).

1999 5332 2086 5386 57.
2124 5330 2192 5386 Ut
2211 5345 2341 5399 ergo
2362 5326 2465 5382 non
2490 5329 2757 5399 acciperet
2780 5328 2883 5385 hoc
2899 5332 3097 5385 nonum
3127 5331 3241 5399 Dei,
3270 5333 3320 5386 hl
3347 5345 3427 5388 Cal
3453 5335 3507 5393 in

1927 5421 2070 5477 bono
2098 5420 2568 5489 persevcrantiam,
2605 5421 2806 5490 primus
2833 5421 3012 5487 homo,
3041 5422 3134 5476 sed
3165 5436 3510 5490 perseverare

1991 5541 2005 5572 ε
2044 5538 2179 5608 miti,
2202 5542 2254 5608 ut
2276 5541 2406 5601 roget
2430 5532 2553 5584 auis.
2586 5536 2751 5595 Abest,
2796 5532 2916 5597 quis,
2954 5546 2981 5582 a
3026 5540 3165 5593 3185.,
3193 5542 3244 5584 ct
3281 5548 3308 5584 a
3351 5550 3514 5599 ενι-τωο

1926 5608 2066 5653 textu
2090 5607 2295 5649 Joannis.

1991 5666 2012 5695 ³
2044 5663 2127 5710 Hic
2150 5661 2197 5708 in
2223 5661 2365 5708 editis
2399 5670 2644 5715 otntssum,
2671 5660 2763 5714 de:
2780 5657 2908 5720 quod
2934 5666 3090 5707 evstat
3119 5660 3163 5709 iu
3190 5668 3294 5708 uss.

1994 5725 2016 5757 ³
2048 5722 2405 5771 Vetustissimos
2426 5723 2727 5783 mrbeiensis
2750 5728 2848 5781 \ts.,
2876 5722 2905 5783 f
2922 5720 2986 5771 ci

1994 5786 2017 5819 ⁸
2047 5786 2117 5835 sic
2140 5791 2243 5833 Mss.
2268 5784 2405 5844 Editi,
2427 5783 2604 5833 cccidut
2618 5782 2701 5833 int.

2953 5868 3271 5945 (TrenteJ
