4022 6474
443 372 552 428 939

445 487 532 542 vel
563 501 666 540 non
687 494 1041 554 perseverare
1083 479 1136 532 in
1175 476 1296 546 ejus
1335 475 1722 544 relinqueretur
1764 473 2021 537 arbitrio,

445 577 580 632 tales
609 576 750 629 vires
778 571 1008 626 habebat
1033 568 1150 638 ejus
1177 567 1424 621 voluntas
1440 604 1456 629 ,
1481 579 1601 634 qua:
1626 563 1744 617 sine
1769 562 1882 616 ullo
1909 559 2029 616 fue-

445 678 530 724 rat
553 667 794 724 instituta
815 671 1062 735 peccato,
1083 669 1138 715 ct
1158 657 1288 714 nihil
1316 657 1391 712 illi
1416 673 1484 712 es
1508 671 1568 711 se
1582 655 1706 725 ipso
1730 655 1747 687 ⁸
1775 654 2030 725 εοιιειιρίο

444 756 768 814 scentialiter
813 752 1135 816 resistebat,
1181 760 1244 803 ut
1289 748 1448 818 digne
1496 758 1658 802 tanta:
1705 746 1929 800 bonitati
1974 754 2031 800 et

443 856 604 903 tantm
625 847 646 878 ¹
673 846 810 900 bene
840 841 1054 898 vivendi
1085 839 1324 895 facilitati
1365 835 1748 909 perseverandi
1780 835 2028 890 commit-

445 949 647 994 teretur
672 935 949 991 arbitrium
974 952 988 988 :
1013 933 1124 987 Deo
1149 929 1363 1001 quidem
1394 930 1709 999 przesciente
1732 925 1860 996 quid
1885 934 2029 981 esset

367 1087 385 1092 _
447 1029 681 1085 facturus
707 1026 933 1097 injuste;
977 1023 1292 1094 prmsciente
1322 1031 1497 1074 tamen
1518 1059 1533 1083 ,
1571 1033 1676 1072 non
1702 1016 1769 1072 ad
1805 1016 1908 1071 hoc
1934 1029 2032 1070 ω-

442 1130 643 1191 gente:
671 1118 767 1174 sed
804 1116 961 1172 simul
1007 1115 1212 1169 sciente
1251 1111 1378 1183 quid
1427 1111 1496 1166 de
1539 1109 1632 1164 illo
1675 1110 1790 1178 ipse
1833 1106 2034 1162 faceret

441 1213 606 1281 juste.
633 1209 783 1265 Nunc
809 1224 938 1263 vero
978 1216 1323 1276 posteaquam
1355 1212 1438 1257 est
1478 1202 1566 1256 illa
1607 1214 1797 1270 magna
1830 1197 2032 1268 peccati

445 1303 640 1358 merito
667 1300 861 1355 aluisse
892 1299 1149 1360 libertas,
1180 1296 1341 1350 etiam
1373 1293 1663 1362 majoribus
1685 1291 1842 1345 donis
1869 1289 2028 1358 adju-

445 1394 614 1450 vanda
663 1391 919 1448 remansit
962 1388 1264 1443 inﬁrmitas.
1307 1384 1514 1440 Placuit
1552 1382 1694 1436 enim
1737 1382 1880 1446 Deo,
1924 1393 2032 1449 quo

445 1487 678 1541 niaxime
721 1483 968 1536 humana:
1013 1477 1314 1548 superbiam
1358 1472 1790 1544 praesumptionis
1831 1470 2037 1524 exstin-

445 1588 651 1647 gueret,
681 1583 858 1630 utnon
875 1571 1124 1643 glorietur
1148 1568 1311 1622 omnis
1336 1581 1455 1620 caro
1481 1580 1655 1618 coram
1678 1563 1811 1633 ipso,
1841 1561 1896 1616 id
1925 1568 2030 1625 est,

445 1670 621 1726 omnis
646 1669 826 1723 homo.
855 1664 1008 1721 Unde
1033 1671 1213 1717 autem
1241 1675 1348 1714 non
1375 1658 1635 1728 glorietur
1675 1669 1804 1710 caro
1844 1667 2031 1708 coram

446 1765 586 1835 ipso,
610 1761 709 1817 nisi
729 1759 798 1816 de
822 1757 1027 1813 meritis
1051 1753 1201 1811 suis?
1225 1768 1345 1822 qua:
1368 1750 1582 1822 quidem
1610 1750 1781 1818 potuit
1807 1746 2028 1810 habere,

447 1856 542 1913 sed
572 1852 835 1925 perdidit;
860 1859 915 1905 et
941 1863 1037 1920 per
1061 1843 1203 1916 quod
1228 1843 1428 1898 habere
1459 1841 1650 1910 potuit,
1678 1854 1774 1908 per
1799 1836 1900 1891 hoc
1921 1851 2037 1906 per-

449 1946 617 2009 didit,
642 1944 744 1998 hoc
773 1949 883 2006 est,
917 1954 1012 2009 per
1035 1938 1264 1992 liberum
1291 1932 1572 1989 arbitrium
1603 1949 1618 1986 :
1648 1938 1866 2001 propter
1889 1927 2034 1998 quod

450 2054 557 2094 non
581 2044 750 2092 restat
772 2031 1060 2089 liberandis
1104 2029 1204 2083 nisi
1233 2026 1400 2097 gratia
1443 2024 1740 2080 liberantis.
1784 2021 1860 2075 ita
1907 2035 2038 2089 ergo

448 2145 556 2185 non
584 2127 840 2200 gloriatur
866 2124 1042 2180 omnis
1069 2137 1198 2177 caro
1226 2134 1405 2174 coram
1438 2118 1572 2188 ipso.
1597 2117 1713 2171 Non
1743 2116 1889 2171 enim
1912 2113 2038 2185 gloo

449 2223 655 2277 riantur
681 2219 886 2289 injusti,
915 2216 1004 2287 qui
1025 2216 1048 2247 ³
1075 2228 1181 2268 non
1208 2211 1407 2267 habent
1427 2208 1598 2273 unde;
1622 2221 1720 2261 nec
1738 2205 1889 2276 justi.
1913 2203 2036 2275 quia

447 2332 514 2370 ex
546 2316 662 2383 ipso
689 2313 891 2366 habent
918 2307 1090 2371 unde,
1129 2319 1230 2361 nec
1266 2303 1465 2358 habent
1497 2299 1725 2372 gloriam
1753 2312 1906 2352 suam
1934 2297 2038 2352 nisi

449 2410 646 2477 ipsum,
677 2405 760 2462 cui
787 2404 991 2466 dicunt,
1018 2399 1194 2456 Gloria
1222 2413 1356 2463 mea,
1376 2404 1425 2460 et
1444 2394 1675 2449 exultans
1703 2399 1852 2462 caput
1869 2404 2038 2444 meum

450 2498 621 2569 (Psal.
645 2513 725 2564 ιιι,
755 2497 835 2568 4).
858 2495 936 2549 Ac
969 2507 1065 2563 per
1094 2491 1197 2545 hoc
1219 2488 1288 2544 ad
1317 2501 1535 2543 omnem
1567 2483 1838 2540 hominem
1869 2482 2038 2552 perti-

451 2601 544 2645 net
568 2587 709 2660 quod
745 2586 1004 2656 scriptum
1039 2591 1156 2648 est,
1201 2579 1270 2635 Ut
1299 2595 1402 2633 non
1444 2577 1689 2649 glorietur
1715 2574 1879 2629 omnis
1916 2589 2038 2627 caro

448 2701 622 2739 coram
656 2683 788 2752 ipso.
817 2679 900 2734 Ad
934 2677 1108 2748 justos
1146 2682 1325 2728 autem
1355 2670 1506 2736 illud,
1541 2669 1641 2736 Qui
1677 2667 1946 2739 gloriatur,
1983 2666 2039 2720 in

450 2774 670 2829 Domino
713 2769 974 2842 glorietur.
1013 2767 1126 2822 lloc
1153 2763 1336 2820 enim‘
1371 2761 1662 2833 Apostolus
1703 2757 2039 2830 apertissime

449 2865 702 2930 ostendit,
728 2863 819 2934 qui
843 2875 964 2918 cum
984 2859 1229 2920 dixisset,
1249 2855 1302 2911 11
1307 2865 1325 2909 t
1345 2871 1446 2909 non
1472 2852 1718 2925 glorietur
1735 2852 1898 2905 omnis
1916 2864 2039 2903 caro

452 2974 624 3013 carm
651 2957 802 3026 ipso;
827 2967 896 3008 ne
922 2957 1182 3022 putarent
1202 2946 1375 3002 sancti
1401 2945 1518 2999 sine
1544 2943 1712 3014 gloria
1741 2955 1802 2996 se
1826 2954 2041 2995 reman-

451 3050 608 3112 sisse,
630 3061 756 3100 mox
797 3040 1030 3106 addidit,
1075 3038 1160 3092 Ea:
1197 3038 1310 3105 ipso
1347 3045 1629 3088 antemnas
1665 3032 1783 3087 estis
1824 3031 1878 3084 in
1915 3028 2042 3084 Iesu

452 3137 680 3201 Christo,
706 3133 792 3204 qui
815 3133 980 3202 [actus
1005 3139 1077 3184 est
1111 3128 1254 3182 nobis
1272 3125 1524 3197 sapientia
1543 3139 1576 3176 a
1598 3121 1725 3188 Deo,
1742 3131 1788 3175 et
1804 3120 2038 3191 justitia,

455 3239 501 3284 et
530 3226 864 3296 sanctiﬁcatio
884 3265 899 3290 ,
930 3233 976 3276 et
1003 3220 1315 3290 redemptio;
1356 3227 1431 3279 ut,
1463 3213 1887 3289 quemadmodum
1915 3213 2043 3266 scri-

452 3331 595 3392 ptum
621 3327 713 3384 est,
743 3315 843 3383 Qui
861 3314 1128 3387 gloriatur,
1155 3312 1209 3364 in
1239 3309 1458 3363 Domino
1477 3306 1728 3378 glorietur
1751 3305 1770 3375 (
1794 3303 1811 3358 l
1839 3301 1958 3358 Cor.
1992 3317 2038 3369 ι,

452 3410 664 3482 29-51).
695 3409 828 3465 lliuc
855 3414 939 3462 est
963 3404 1104 3476 quod
1144 3403 1197 3457 in
1237 3401 1338 3456 hoc
1385 3400 1505 3454 loco
1551 3397 1906 3459 miseriarum,
1953 3393 2043 3449 ubi

455 3504 681 3562 tentatio
709 3510 794 3556 est
819 3499 926 3555 vita
953 3497 1183 3552 humana
1237 3508 1398 3562 super
1427 3501 1623 3546 terram
1655 3487 1794 3559 (Job
1815 3503 1906 3551 vn,
1947 3487 1968 3541 ι
1996 3484 2041 3556 ),

454 3599 611 3652 virtus
630 3596 685 3649 in
710 3591 1006 3662 inﬁrmitate
1033 3587 1290 3659 perﬁcitur
1312 3581 1391 3658 (ll
1423 3582 1541 3637 Cor.
1563 3597 1657 3644 xu,
1682 3579 1736 3647 9)
1761 3594 1914 3649 :qua:
1933 3577 2046 3632 vir-

456 3698 568 3754 tus,
591 3686 696 3741 nisi
723 3693 778 3738 ut
801 3683 886 3749 qui
906 3681 1176 3753 gloriatur,
1198 3678 1252 3731 in
1274 3675 1493 3730 Domino
1513 3670 1754 3742 glorietur
1771 3670 1797 3724 2

529 3780 620 3835 38.
662 3781 742 3833 Ac
780 3791 878 3846 per
921 3774 1027 3828 hoc
1069 3785 1168 3826 nec
1205 3769 1275 3824 de
1318 3769 1430 3838 ipsa
1474 3763 1872 3837 perseverantia
1918 3762 2044 3817 boni

461 3869 633 3924 voluit
664 3868 802 3921 Deus
829 3870 1048 3920 sanctos
1075 3874 1202 3915 suos
1229 3859 1283 3914 in
1314 3856 1520 3911 viribus
1549 3854 1692 3921 suis,
1724 3853 1819 3908 sed
1850 3855 1901 3907 in
1923 3852 2048 3922 ipso

457 3958 674 4030 gloriari
699 3976 712 4012 :
738 3956 830 4028 qui
859 3955 939 4011 eis
969 3969 1073 4008 non
1101 3949 1273 4006 solum
1297 3949 1390 4005 dat
1411 3947 1729 4018 adjutorium
1756 3946 1908 4017 quale
1937 3947 2048 4014 prio

459 4069 551 4109 mo
578 4049 780 4106 homini
809 4047 976 4114 dedit,
1004 4047 1120 4101 sine
1140 4059 1246 4114 quo
1273 4059 1379 4097 non
1409 4041 1613 4112 possint
1633 4054 1982 4109 perseverare
2000 4039 2046 4094 si

459 4147 657 4211 velint;
686 4142 780 4199 sed
815 4141 870 4196 in
905 4140 984 4195 eis
1008 4139 1169 4193 etiam
1192 4178 1208 4203 ,
1247 4142 1506 4205 operatur
1531 4141 1586 4186 et
1611 4132 1750 4186 velle
1779 4149 1793 4186 :
1821 4140 1881 4184 ut
1909 4144 2047 4199 quo-

459 4241 603 4296 niam
647 4252 756 4294 non
797 4231 1252 4305 perseverabunt,
1286 4227 1388 4282 nisi
1417 4236 1472 4282 et
1500 4224 1709 4295 possint
1751 4233 1805 4278 et
1847 4223 2046 4284 velint,

461 4325 837 4401 perseverandi
881 4324 959 4379 eis
1006 4332 1062 4377 et
1103 4319 1430 4390 possibilitas
1467 4325 1522 4371 et
1561 4316 1805 4370 voluntas
1848 4314 2048 4368 divinze

460 4422 646 4494 gratiae
672 4418 914 4489 largitate
938 4414 1188 4470 donetur.
1211 4411 1438 4466 Tantum
1469 4407 1666 4478 quippe
1691 4405 1893 4476 Spiritu
1913 4419 2044 4458 san-

463 4522 551 4568 cto
578 4507 886 4568 accenditur
913 4505 1159 4558 voluntas
1179 4515 1364 4556 eorum
1381 4540 1396 4564 ,
1426 4507 1485 4552 ut
1509 4497 1633 4552 ideo
1660 4497 1899 4566 possint,
1928 4495 2050 4565 quia

463 4606 542 4661 sie
566 4603 784 4665 volunt;
811 4598 936 4653 ideo
958 4596 1038 4653 sic
1061 4594 1246 4660 velint,
1268 4593 1391 4663 quia
1419 4592 1562 4646 Deus
1587 4599 1839 4660 operatur
1869 4597 1927 4644 ut
1951 4603 2050 4644 ve-

465 4697 581 4751 lint.
610 4692 742 4748 Nam
784 4689 830 4745 si
874 4689 926 4743 in
959 4696 1105 4742 tanta
1133 4685 1442 4740 infirmitate
1479 4683 1602 4738 vita;
1633 4681 1790 4752 hujus
1829 4681 1923 4751 (in
1948 4695 2052 4751 qua

467 4797 643 4840 tamen
697 4779 1007 4836 inlirmitate
1061 4785 1278 4847 propter
1322 4775 1610 4831 elationem
1657 4771 2050 4843 reprimendam

467 4873 651 4945 perﬁci
692 4873 944 4927 virtutem
988 4867 1307 4939 oportebat)
1355 4867 1485 4936 ipsis
1527 4865 1918 4935 relinqueretur
1958 4879 2055 4917 vo-

468 4966 644 5020 luntas
673 4977 769 5018 sua
791 5002 807 5026 ,
839 4971 897 5016 ut
925 4961 982 5015 in
1008 4958 1274 5028 adjutorio
1300 4957 1392 5011 Dei
1418 4956 1536 5010 sine
1563 4971 1668 5026 quo
1706 4967 2055 5025 perseverare

469 5074 578 5114 non
622 5033 886 5127 possent,
918 5061 1199 5108 manerent
1223 5051 1269 5104 si
1298 5049 1531 5114 vellent,
1562 5061 1662 5103 nec
1700 5048 1839 5102 Deus
1881 5045 1938 5100 in
1975 5046 2055 5101 eis

469 5156 784 5222 operaretur
813 5155 872 5202 ut
896 5145 1131 5209 vellent,
1164 5142 1306 5196 inter
1334 5147 1412 5194 tot
1439 5147 1495 5193 et
1531 5146 1706 5193 tantas
1731 5137 2056 5192 tentationes

470 5239 780 5296 inlirmitate
807 5251 903 5293 sua
943 5235 1188 5289 voluntas
1228 5231 1342 5301 ipsa
1383 5229 1787 5294 succumberet,
1835 5235 1890 5282 et
1933 5225 2054 5282 ideo

471 5342 816 5402 perseverare
845 5340 952 5381 non
979 5332 1219 5395 possent,
1242 5321 1367 5389 quia
1395 5318 1705 5374 deﬁcientes
1743 5317 2052 5372 inﬁrmitate

473 5437 573 5478 nec
597 5421 818 5486 vellent,
845 5425 939 5473 aut
964 5433 1070 5472 non
1097 5415 1168 5469 ita
1192 5413 1392 5470 vellent
1420 5410 1728 5468 inﬁrmitate
1764 5409 2055 5465 voluntatis

537 5578 552 5608 ¹
589 5576 663 5624 sic
681 5581 788 5623 Mss.
812 5579 865 5622 Αι
887 5570 1024 5627 editi,
1047 5582 1112 5620 ea:
1131 5581 1183 5630 se
1203 5567 1324 5630 ipsa.

535 5639 557 5670 ⁸
590 5637 728 5692 mliti,
751 5641 796 5685 et
828 5632 941 5684 bene
972 5625 1190 5691 vivendi,
1213 5625 1477 5693 facilitati:
1500 5629 1694 5686 omisso,
1719 5632 1900 5697 tanta;
1929 5625 2059 5692 quod

477 5713 539 5750 ex
575 5705 682 5747 Mss.
705 5697 990 5746 restituitur.

542 5762 562 5828 ξ
595 5767 704 5828 ιιεῃρνἶ
728 5766 780 5807 et
804 5760 1099 5828 posteriores
1122 5754 1377 5814 editiones,
1401 5748 1531 5817 quia.

539 5823 560 5853 ⁸
593 5821 726 5880 liditi,
751 5821 913 5870 etiam.

1301 361 1387 415 DE
1422 359 1903 416 CORliEPTlONE
1941 359 2028 414 ET
2067 359 2344 427 GiHTlA,
2385 359 2441 416 S.
2485 361 2850 418 AUGUSTINI

3606 362 3729 420 950

2139 483 2199 528 ut
2216 485 2452 544 possent.
2469 476 2798 532 Subventum
2820 487 2901 532 est
2917 478 3082 549 igitur
3108 477 3398 532 inﬁrmitati
3427 477 3736 534 voluntatis

2139 564 2403 627 humanae.
2431 578 2488 622 ut
2513 567 2688 622 divina
2711 570 2877 638 gratia
2899 569 3340 625 indeclinabiliter
3361 580 3416 625 et
3442 572 3693 641 insepara
3708 603 3722 612 -

2137 655 2316 712 biliter
2337 658 2354 689 ¹
2381 668 2663 728 ageretur;
2695 670 2749 716 et
2778 661 2918 725 ideo,
2949 664 3192 732 quamvis
3219 661 3428 722 inﬁrma
3447 705 3462 726 ,
3497 679 3603 717 non
3634 675 3730 717 ta-

2138 762 2258 801 men
2287 747 2541 805 deﬁceret
2565 791 2579 812 ,
2609 766 2783 820 neque
2824 751 3148 807 adversitate
3182 755 3356 823 aliqua
3392 755 3729 809 vinceretur.

2139 837 2210 891 Ita
2241 839 2438 893 factum
2468 851 2552 895 est
2581 851 2636 894 ut
2664 843 2908 896 voluntas
2936 843 3166 898 hominis
3193 843 3420 898 invalida
3459 852 3514 898 et
3541 845 3736 898 imbe-

2134 933 2257 986 cilla
2289 933 2340 986 in
2374 933 2514 986 bono
2541 933 2713 988 adlmc
2755 950 2917 1004 parvo
2948 947 3314 1004 perseveraret
3346 952 3442 1006 per
3466 937 3734 991 virtutem

2140 1022 2234 1077 Dei
2263 1040 2276 1074 :
2304 1038 2424 1076 cum
2457 1024 2704 1078 voluntas
2724 1027 2746 1056 ⁸
2777 1027 2932 1095 primi
2960 1026 3191 1080 hominis
3230 1025 3382 1081 fortis
3411 1035 3468 1082 et
3506 1042 3634 1081 sana
3671 1029 3732 1079 in

2138 1115 2281 1170 bono
2315 1115 2575 1184 ampliore
2613 1133 2719 1171 non
2753 1119 3202 1186 perseveraverit,
3234 1117 3438 1173 habens
3468 1119 3732 1172 virtutem

2139 1204 2292 1260 liberi
2331 1205 2563 1270 arbitrii;
2606 1208 2854 1277 quamvis
2899 1225 3004 1262 non
3042 1209 3292 1263 del'uturo
3329 1209 3597 1278 adjutorio
3627 1209 3734 1263 Dei

2138 1297 2253 1350 sine
2281 1311 2386 1366 quo
2416 1313 2517 1350 non
2545 1308 2725 1367 posset
2749 1313 3092 1368 perseverare
3117 1300 3163 1354 si
3189 1301 3378 1365 vellet,
3406 1317 3512 1354 non
3543 1311 3732 1355 tamen

2139 1389 2226 1442 tali
2252 1403 2359 1458 quo
2385 1389 2437 1443 in
2467 1390 2558 1442 illo
2585 1390 2724 1444 Deus
2758 1401 3072 1460 operaretur
3103 1402 3160 1446 ut
3186 1392 3368 1446 vellet.
3400 1392 3734 1446 FortiSsimo

2138 1479 2332 1548 quippe
2359 1479 2562 1534 dimisit
2587 1492 2747 1551 atque
2772 1483 3013 1551 permisit
3043 1481 3217 1538 facere
3237 1483 3379 1554 quod
3402 1485 3560 1538 vellet
3589 1502 3602 1538 :
3633 1485 3728 1538 in—

2139 1573 2306 1627 lirmis
2347 1573 2613 1636 servavit,
2663 1583 2720 1628 ut
2767 1575 2883 1643 ipso
2929 1574 3161 1628 donante
3201 1576 3545 1632 invictissime
3577 1574 3731 1644 quod

2139 1661 2334 1716 bonum
2357 1671 2440 1716 est
2464 1663 2682 1727 vellent,
2711 1675 2766 1719 et
2786 1665 2808 1696 ³
2835 1664 2937 1719 hoc
2959 1664 3208 1719 deserere
3233 1665 3578 1721 invictissime
3607 1667 3732 1720 nol-

2137 1752 2269 1806 lent.
2300 1753 2518 1809 Dicente
2556 1770 2684 1824 ergo
2711 1754 2963 1820 Christo,
2999 1756 3195 1827 Rogavi
3224 1774 3318 1827 pro
3347 1767 3394 1810 te
3431 1773 3496 1810 ne
3521 1760 3734 1827 deﬁciat

2139 1843 2265 1912 ﬁdes
2289 1854 2376 1897 tua
2401 1843 2551 1915 (Luc.
2583 1862 2712 1911 ml,
2735 1845 2806 1900 5‘3
2826 1846 2867 1915 ),
2893 1847 3248 1916 intelligamus
3269 1847 3316 1900 ei
3341 1847 3564 1913 dictum,
3591 1849 3684 1918 qui
3706 1849 3732 1880 δ

2138 1935 2430 1990 ωάίηαιιιιι-
2454 1951 2617 2007 super
2645 1947 2870 2008 petram.
2899 1941 3069 2009 Atque
3091 1940 3160 1992 ita
3185 1938 3347 1992 homo
3369 1939 3462 1994 Dei
3492 1955 3595 1994 non
3622 1955 3727 1994 so-

2139 2026 2248 2081 lum
2276 2028 2398 2096 quia
2429 2028 2848 2082 misericordiam
2871 2038 3193 2084 consecutus
3221 2039 3307 2083 est
3346 2039 3401 2083 ut
3433 2029 3602 2084 ﬁdelis
3631 2044 3728 2084 es-

2139 2129 2244 2183 set,
2258 2134 2441 2173 verum
2466 2119 2627 2174 etiam
2644 2119 2767 2188 quia
2791 2119 2920 2174 ﬁdes
2941 2119 3053 2190 ipsa
3075 2135 3180 2174 non
3201 2120 3400 2187 delieit,
3421 2121 3510 2191 qui
3529 2121 3735 2192 gloria-

2138 2218 2245 2273 tur,
2276 2209 2328 2262 in
2353 2208 2578 2262 Domino
2607 2210 2872 2280 glorietur.

2209 2301 2435 2358 CAPUT
2460 2301 2785 2358 XllI.—39.
2814 2302 2938 2357 Haec
2957 2303 3024 2358 de
3051 2303 3134 2357 llis
3159 2303 3364 2373 loquor,
3390 2304 3477 2374 qui
3508 2303 3738 2372 praede-

2139 2393 2315 2448 stinati
2341 2404 2464 2448 sunt
2489 2395 2542 2448 in
2574 2409 2794 2464 regnum
2822 2394 2936 2461 Dei,
2965 2409 3192 2464 quorum
3215 2395 3286 2448 ita
3311 2403 3486 2450 certus
3503 2406 3587 2450 est
3617 2410 3733 2449 nu-

2140 2498 2344 2550 merus,
2371 2494 2429 2538 ut
2453 2499 2552 2539 nec
2572 2484 2798 2538 addatur
2815 2488 2894 2539 eis
2919 2486 3222 2555 quisquam.
3246 2501 3347 2541 nec
3372 2487 3638 2540 minuatur
3655 2502 3736 2542 ex

2139 2573 2220 2628 eis
2245 2593 2258 2630 :
2286 2589 2390 2628 non
2421 2573 2489 2630 de
2515 2574 2598 2628 his
2622 2575 2710 2645 qui
2727 2616 2742 2642 ,
2772 2589 2893 2630 cum
2919 2576 3293 2630 annuntiasset
3327 2587 3381 2631 et
3407 2577 3618 2632 locutus
3641 2593 3740 2632 es-

2140 2674 2244 2732 set,
2263 2664 2592 2734 multiplicati
2619 2675 2742 2719 sunt
2756 2680 2921 2736 super
2942 2681 3226 2720 numerum
3245 2664 3420 2735 (Psal.
3445 2682 3624 2731 xxxix,
3644 2667 3735 2738 6).

2141 2753 2246 2826 ipsi
2270 2756 2414 2812 enim
2442 2757 2616 2812 vocati
2645 2757 2749 2812 dici
2782 2768 3025 2826 possunt,
3057 2774 3165 2813 non
3192 2767 3371 2813 autem
3402 2759 3579 2825 electi,
3604 2761 3738 2831 quia

2141 2863 2248 2902 non
2275 2846 2566 2901 secundum
2605 2848 2934 2918 propositum
2964 2849 3158 2902 vocati.
3199 2848 3414 2904 Certum
3444 2864 3572 2904 vero
3609 2865 3740 2906 esse

2141 2952 2422 2993 numerum
2439 2939 2752 3002 electorum.
2773 2952 2944 3007 neque
2963 2938 3266 3009 augendum
3286 2954 3459 3010 neque
3483 2941 3740 2995 minuen-

2140 3028 2289 3095 dum,
2314 3029 2555 3098 quamvis
2574 3038 2628 3083 et
2649 3028 2881 3084 Joannes
2902 3030 3134 3099 Baptista
3160 3031 3441 3100 signiﬁcet,
3466 3032 3554 3086 ubi
3576 3032 3736 3097 dicit,

2143 3121 2323 3175 Facite
2345 3137 2462 3192 ergo
2484 3125 2707 3189 fructum
2728 3121 2936 3192 dignum
2959 3121 3264 3191 pauitantia:
3281 3137 3300 3176 :
3321 3131 3368 3176 et
3389 3123 3542 3176 nolite
3560 3124 3742 3178 dicere

2148 3215 2290 3283 apud
2315 3213 2660 3282 vosmetipsos,
2691 3211 2891 3266 Patrem
2909 3211 3147 3267 habemus
3161 3212 3452 3277 Abraham;
3473 3223 3642 3284 potens
3655 3224 3743 3269 est

2143 3305 2278 3358 enim
2317 3301 2462 3356 Deus
2498 3302 2562 3356 tle
2599 3301 2857 3370 lapidibus
2901 3302 3010 3356 istis
3055 3304 3300 3357 suscitare
3343 3303 3478 3372 ﬁlios
3516 3303 3744 3358 Abram

2148 3391 2360 3463 (Matth.
2394 3408 2469 3455 ιιι,
2493 3391 2549 3458 8,
2578 3391 2633 3463 9)
2658 3409 2672 3458 ;
2699 3401 2758 3446 ut
2775 3392 3026 3446 ostendat
3047 3393 3126 3446 sic
3153 3393 3284 3446 istos
3308 3407 3432 3448 esse
3451 3403 3741 3463 amputan—

2144 3483 2244 3540 dos
2263 3483 2308 3539 si
2331 3497 2438 3538 non
2464 3481 2688 3537 fecerint
2705 3483 2956 3547 fructum,
2982 3491 3040 3536 ut
3063 3498 3170 3536 non
3197 3482 3340 3538 desit
3363 3498 3615 3538 numerus
3638 3485 3740 3552 qui

2145 3576 2440 3648 promissus
2463 3584 2548 3630 est
2567 3574 2794 3630 Abrahae
2817 3591 2833 3630 :
2855 3583 3032 3630 tamen
3058 3575 3296 3644 apertius
3325 3575 3375 3628 in
3407 3575 3739 3646 Apocalypsi

2145 3667 2359 3732 dicitur,
2388 3664 2522 3720 Tene
2555 3665 2692 3736 quod
2729 3665 2880 3720 habes
2901 3706 2918 3732 ,
2957 3682 3020 3720 ne
3059 3667 3193 3720 alius
3237 3667 3453 3736 accipiat
3491 3683 3746 3721 coronans

2147 3770 2284 3816 tuam
2309 3761 2494 3834 (Apoc.
2521 3777 2602 3825 ιιι,
2627 3761 2739 3832 ll).
2762 3759 2822 3817 Si
2849 3761 2992 3816 enim
3019 3761 3156 3816 alius
3177 3776 3280 3816 non
3305 3771 3390 3816 est
3416 3768 3750 3831 accepturus

2149 3853 2248 3908 nisi
2276 3854 2374 3908 iste
2395 3852 2706 3923 perdiderit,
2732 3861 2914 3908 certus
2937 3860 3020 3908 est
3050 3867 3317 3908 numerus.

2218 3945 2308 4001 40.
2337 3943 2490 4012 Quod
2531 3954 2708 4000 autem
2748 3943 2909 3998 etiam
2957 3943 3370 4014 persevcraturis
3409 3940 3608 3997 sanctis
3648 3943 3751 3998 sic

2147 4037 2250 4093 ista
2277 4037 2547 4103 dicuntur,
2573 4037 2725 4106 quasi
2753 4051 2849 4091 eos
2882 4047 3318 4106 perseveraturos
3358 4035 3618 4090 habeatur
3648 4035 3745 4090 in-

2151 4140 2352 4186 certum
2383 4149 2396 4185 :
2425 4145 2532 4184 non
2561 4131 2719 4184 aliter
2747 4129 2864 4184 lucc
2891 4129 3075 4183 audire
3104 4128 3320 4192 debent,
3353 4127 3544 4198 quibus
3571 4141 3751 4195 expe-

2151 4221 2230 4276 dit
2258 4237 2362 4276 non
2389 4222 2552 4276 altum
2581 4235 2790 4289 sapere,
2822 4220 2915 4276 sed
2945 4221 3134 4276 timere
3164 4220 3340 4290 (Rom.
3365 4236 3439 4285 xu,
3462 4218 3578 4288 20).
3602 4217 3747 4284 Quis

2151 4314 2295 4368 enim
2321 4329 2384 4366 es
2408 4312 2748 4367 multitudine
2775 4313 3027 4376 ﬁdelium,
3053 4314 3304 4384 quamdiu
3333 4314 3384 4367 in
3416 4313 3516 4368 hac
3542 4321 3716 4366 morta
3728 4302 3762 4353 -”

2153 4403 2300 4458 litate
2342 4403 2560 4465 vivitur,
2607 4403 2659 4456 in
2708 4417 2934 4457 numero
2977 4402 3473 4472 prmdestinatorum
3520 4417 3579 4456 se
3618 4416 3748 4457 esse

2154 4494 2478 4566 przesumat?
2499 4494 2631 4562 Quia
2663 4495 2713 4549 id
2737 4495 2991 4550 occultari
3021 4510 3154 4564 opus
3177 4504 3261 4550 est
3285 4497 3338 4550 in
3362 4495 3466 4551 hoc
3489 4495 3624 4558 loco,
3647 4494 3750 4549 ubi

2220 4644 2236 4674 ί
2271 4647 2321 4689 ιιι
2345 4648 2414 4700 8.,
2438 4637 2840 4700 insuperabilitcr,
2867 4655 2978 4691 cum
3016 4641 3107 4692 hAc
3141 4641 3487 4692 adnotatione:
3521 4659 3544 4688 ι
3565 4650 3662 4690 Am.
3695 4651 3757 4693 et

2156 4711 2250 4776 Εικ,
2274 4701 2672 4776 msepm'abiliter,
2696 4704 2930 4776 mendgse
2951 4716 3008 4776 ac
3028 4703 3432 4776 dissentientibus
3456 4711 3556 4776 Mss.
3583 4719 3606 4746 ι
3633 4701 3754 4776 ule-

2155 4769 2298 4828 rique
2322 4763 2469 4827 igitur
2489 4765 2609 4828 editi
2629 4771 2811 4828 ac
2839 4763 3018 4828 ferunt,
3061 4763 3468 4828 insuperabiliter.
3507 4767 3578 4828 Sic
3599 4765 3752 4814 etiam

2159 4782 2196 4816 ι·ι
2235 4781 2298 4816 ue
2322 4781 2469 4827 lgtlul'
2489 4781 2606 4814 eum
2629 4781 2685 4813 ac
2707 4781 2811 4814 mss.
2839 4781 3018 4824 lerunt,
3061 4781 3466 4828 msuperaoutwr.
3507 4781 3578 4813 sic
3599 4781 3752 4814 etiam

2159 4781 2309 4878 editio
2352 4833 2460 4876 Lov.
2503 4827 2615 4889 anui
2657 4826 2793 4883 1577,
2817 4839 2928 4888 qua:
2963 4826 3069 4889 haec
3106 4827 3155 4874 in
3195 4834 3312 4889 nota
3343 4826 3574 4889 subjicit:
3626 4844 3647 4870 ι
3681 4833 3755 4876 tta

2165 4910 2187 4938 ι
2209 4896 2345 4938 recte
2381 4888 2684 4948 manuscripti
2707 4885 2879 4949 omnes
2909 4899 3011 4949 pro,
3041 4885 3451 4949 inseparabilier
3480 4895 3575 4936 Non
3598 4889 3757 4936 sentit

2165 4971 2190 4999 ι
2209 4958 2373 5000 autem
2391 4947 2682 5010 augustinus
2698 4947 2883 4998 electos
2901 4947 2928 4996 ι
2951 4951 3027 4997 via
3045 4947 3180 4998 recta
3193 4948 3441 4999 declinare
3462 4956 3514 4998 et
3527 4951 3754 5010 superari

2160 5031 2189 5059 ι
2211 5025 2239 5060 a
2261 5012 2529 5061 tentatione
2563 5021 2660 5058 non
2704 5023 2875 5074 posse;
2912 5010 3002 5074 sed
3025 5018 3123 5074 tam
3146 5017 3395 5074 potentem
3419 5012 3493 5060 eis
3512 5010 3614 5060 dari
3637 5024 3760 5074 gra-

2167 5093 2189 5120 ιι
2213 5074 2343 5130 tiam,
2366 5080 2422 5120 ut
2443 5070 2749 5134 quantumvis
2771 5070 2940 5120 inﬁrmi
2975 5079 3026 5121 et
3048 5070 3337 5131 imbecilles,
3361 5081 3524 5122 tamen
3546 5070 3759 5134 neede—

2166 5153 2192 5183 ι
2211 5134 2397 5197 clinent
2418 5133 2512 5197 nec
2529 5141 2821 5194 superentur
2845 5147 2858 5182 :
2884 5139 2940 5182 ut
2961 5146 3056 5182 non
3074 5135 3303 5197 peganda
3336 5133 3560 5197 peccandi
3599 5133 3762 5197 impo-

2167 5215 2192 5245 ι
2212 5196 2382 5258 tentia,
2399 5195 2488 5258 sed
2508 5200 2717 5258 eventus
2739 5201 2924 5258 tantum
2936 5195 3265 5258 (signiﬁcetur.
3280 5197 3331 5258 td_
3338 5195 3476 5258 quod
3493 5196 3762 5257 sequentia

2167 5277 2192 5307 ι
2210 5257 2360 5321 verba
2395 5256 2515 5306 satis
2551 5256 2764 5321 indicant
2785 5271 2800 5307 :
2823 5262 2870 5321 et
2891 5255 3007 5307 ideo
3021 5255 3238 5321 quantis
3248 5255 3459 5321 inﬁrma,
3480 5255 3764 5321 nontamen

2169 5339 2192 5366 ι
2214 5317 2442 5380 deﬁceret
2481 5329 2634 5380 neque
2671 5317 2956 5380 adversitate
2999 5317 3163 5380 aliqua
3191 5317 3476 5380 abiceretur.
3510 5324 3562 5380 Et,
3587 5317 3762 5380 intra:

2169 5400 2192 5428 α
2213 5377 2421 5443 inﬁrmis
2443 5377 2664 5443 servavit,
2689 5385 2741 5443 ut
2761 5379 2865 5443 ipso
2885 5377 3090 5443 donante
3103 5379 3411 5443 inuictissime
3433 5378 3557 5442 quod
3580 5377 3766 5428 bonum

2169 5461 2192 5489 s
2214 5439 2282 5494 est
2303 5440 2471 5492 uellent
2488 5479 2502 5500 ,
2527 5447 2574 5491 et
2595 5439 2682 5490 hoc
2707 5439 2928 5492 deserere
2963 5440 3269 5491 invictissime
3309 5439 3502 5492 nollent.
3527 5456 3550 5483 ι
3581 5447 3768 5490 Vocem

2159 5501 2544 5568 insuperabiliter
2563 5502 2872 5552 nihilominus
2905 5504 3248 5567 expunximus,
3265 5512 3435 5568 utpote
3462 5505 3599 5552 novis
3621 5514 3770 5552 e170-

2161 5567 2296 5616 ribus
2313 5566 2577 5615 faventem.
2642 5569 2700 5611 tu.

2227 5630 2249 5660 ³
2273 5628 2408 5687 miti,
2431 5638 2542 5675 cum
2561 5630 2610 5674 et
2631 5623 2862 5676 voluntas.
2885 5627 3048 5688 Abest,
3073 5632 3137 5688 et,
3162 5639 3191 5676 a
3215 5634 3320 5677 atss.

2228 5691 2249 5721 ³
2282 5689 2447 5737 Plures
2470 5696 2593 5744 Mss,
2629 5694 2697 5735 ut.

2226 5751 2249 5782 δ
2282 5749 2449 5819 Plures
2479 5755 2754 5819 Mss.,_qute.
2803 5755 2850 5797 tn
2884 5752 3104 5812 proxime
3137 5758 3384 5813 sequente
3419 5763 3567 5801 versu
3598 5749 3773 5811 abest,

2165 5812 2304 5863 homo
2325 5810 2425 5872 Dei,
2453 5823 2481 5860 a
2505 5809 2753 5873 plerisque
2778 5820 2880 5861 llss.
