4022 6530
245 418 335 478 θιι

242 537 316 593 sic
338 533 574 592 cavenda
599 543 682 591 est
706 533 888 600 elatio,
915 541 973 588 ut
997 531 1156 589 etiam
1181 547 1280 603 per
1305 540 1504 587 satame
1529 525 1778 598 angelum
1799 563 1816 590 ,

242 643 306 683 ne
362 626 752 690 extolleretur,
819 635 995 680 tantus
1058 624 1481 694 colaphizaretur
1548 619 1821 689 apostolus

244 719 304 789 (ll
331 716 450 773 Cor.
476 734 571 785 xu,
593 719 673 789 7).
694 716 827 772 [linc
846 716 1116 786 Apostolis
1136 714 1431 778 dicebatur,
1459 711 1520 767 Si
1541 710 1823 765 manseritis

241 813 290 866 in
311 827 388 865 me
416 809 596 884 (Joan.
624 793 714 872 xv,
747 810 804 879 7)
836 826 848 862 :
880 807 1091 863 dicente
1119 807 1209 862 illo
1234 806 1324 876 qui
1348 819 1442 860 eos
1472 804 1655 872 utique
1683 801 1826 856 scie-

240 905 326 960 bat
348 918 470 958 esse
501 917 802 957 mansuros.
828 899 897 955 Et
922 915 1016 968 per
1044 897 1380 968 prOphetam,
1411 895 1475 951 Si
1494 895 1753 949 volueritis
1778 901 1827 948 et

239 994 495 1048 audieritis
525 991 788 1064 me(lsai.
814 1008 850 1058 ι,
882 989 984 1062 l9)
1010 1008 1022 1043 :
1049 1005 1171 1044 cum
1202 989 1363 1044 sciret
1391 987 1504 1058 ipse
1545 987 1598 1040 in
1635 985 1827 1055 quibus

238 1096 552 1156 eperaretur
578 1093 632 1140 et
659 1085 795 1138 velle
824 1082 1084 1154 (Philipp.
1109 1097 1171 1148 ιι,
1204 1081 1316 1150 l3).
1345 1080 1411 1134 Et
1439 1078 1631 1132 similia
1659 1076 1825 1131 multa

239 1178 507 1233 dicuntur.
537 1176 668 1231 Nam
693 1177 709 1207 ί
738 1185 958 1245 propter
995 1173 1156 1244 hujus
1181 1173 1462 1227 utilitatem
1499 1169 1727 1233 secreti,
1759 1182 1829 1224 ne

243 1270 379 1324 forte
405 1270 530 1340 quis
555 1268 863 1333 extollatur,
892 1265 988 1322 sed
1014 1279 1203 1321 omnes
1231 1264 1390 1319 etiam
1421 1262 1510 1333 qui
1540 1261 1677 1316 bene
1700 1275 1826 1315 cur-

239 1368 359 1414 runt
385 1359 628 1425 timeant,
656 1357 782 1413 dum
809 1356 1076 1412 occultum
1103 1364 1186 1410 est
1210 1354 1298 1425 qui
1328 1353 1642 1424 perveniant
1667 1368 1681 1406 :
1707 1365 1830 1421 pro.

241 1460 356 1519 pter
405 1448 563 1517 lmjus
606 1463 736 1518 ergo
783 1447 1063 1502 utilitatem
1114 1445 1308 1500 secreti
1361 1442 1690 1499 credendum
1746 1448 1831 1496 est

239 1539 494 1609 quosdam
524 1538 592 1594 de
618 1538 740 1592 ﬁliis
770 1536 1100 1607 perditionis,
1142 1551 1247 1589 non
1275 1542 1496 1603 accepto
1532 1532 1676 1586 dono
1707 1546 1832 1600 per-

238 1631 518 1687 severandi
548 1645 713 1701 usque
736 1630 786 1682 in
811 1629 992 1694 linem,
1019 1628 1072 1682 in
1103 1626 1207 1682 ﬁde
1231 1642 1351 1697 qua;
1372 1639 1468 1695 per
1490 1624 1831 1679 dilectionem

239 1731 492 1792 operatur
522 1721 756 1791 incipere
784 1721 1000 1785 vivere,
1049 1728 1104 1774 et
1143 1717 1452 1789 aliquandiu
1498 1715 1726 1771 ﬁdeliter
1768 1728 1834 1770 ac

235 1816 377 1884 juste
405 1815 615 1878 vivere,
661 1823 716 1868 et
763 1821 946 1883 postea
988 1811 1204 1877 cadere,
1249 1825 1420 1880 neque
1468 1809 1537 1864 de
1580 1807 1680 1862 hac
1726 1807 1832 1862 vita

240 1908 551 1976 priusquam
583 1904 685 1960 hoc
721 1905 801 1960 eis
829 1905 1102 1974 contingat
1144 1902 1364 1956 auferri.
1394 1901 1632 1970 Quorum
1663 1901 1706 1955 si
1735 1915 1834 1955 ne-

240 2001 370 2055 mini
419 1999 767 2070 contigisset,
818 1997 1022 2052 tamdiu
1075 1996 1337 2051 haberent
1379 1995 1626 2050 homines
1671 1994 1832 2049 istum

241 2090 652 2147 saluberrimum
675 2091 944 2150 timorem,
967 2102 1073 2158 quo
1093 2087 1278 2142 vitium
1307 2086 1552 2141 elationis
1571 2085 1834 2155 Opprimi-

241 2192 348 2247 tur,
379 2181 552 2236 donec
579 2180 645 2234 ad
671 2179 863 2234 Christi
894 2180 1120 2249 gratiam
1149 2193 1252 2248 qua
1293 2177 1378 2247 pie
1418 2177 1612 2231 vivitur
1639 2191 1834 2246 perve-

240 2274 452 2338 nirent,
490 2271 743 2340 deinceps
767 2271 875 2339 jam
907 2269 1080 2324 securi
1109 2283 1379 2339 nunquam
1409 2282 1470 2322 se
1499 2267 1567 2322 ab
1595 2267 1687 2321 illo
1713 2281 1834 2323 esse

240 2377 486 2420 casuros.
521 2362 652 2428 Qua:
692 2360 1036 2430 praesumptio
1081 2360 1132 2413 in
1180 2359 1281 2413 isto
1326 2357 1678 2413 tentationum
1716 2356 1837 2412 loco

242 2471 350 2510 nou
377 2453 623 2522 expedit,
653 2451 741 2506 ubi
770 2461 912 2505 tanta
952 2459 1035 2504 est
1074 2448 1355 2504 inﬁrmitas
1379 2489 1394 2514 ,
1437 2457 1496 2502 ut
1530 2447 1836 2518 superbiam

243 2547 415 2617 possit
439 2559 699 2615 generare
719 2543 997 2598 securitas.
1023 2540 1256 2612 Denique
1276 2540 1438 2596 etiam
1461 2539 1562 2595 hoc
1581 2540 1717 2605 erit;
1742 2538 1838 2595 sed

243 2645 398 2704 tunc,
431 2635 572 2706 quod
593 2637 613 2667 ’
638 2633 749 2704 jam
779 2643 862 2689 est
887 2633 943 2688 in
969 2633 1171 2703 angelis
1191 2673 1206 2698 ,
1247 2632 1407 2686 etiam
1449 2631 1503 2685 in
1531 2631 1840 2686 hominibus

242 2729 372 2792 erit,
392 2725 607 2798 quando
632 2726 736 2780 ulla
765 2724 1012 2794 superbia
1041 2739 1162 2778 esse
1191 2737 1299 2777 non
1329 2722 1544 2792 poterit.
1569 2721 1842 2778 Numerus

242 2832 378 2887 ergo
403 2824 710 2870 sanctorum
741 2829 837 2882 per
863 2813 956 2868 Dei
979 2813 1206 2884 gratiam
1237 2813 1332 2867 Dei
1359 2827 1526 2883 regno
1563 2813 1843 2883 praedesti-

242 2918 430 2974 natus,
453 2905 648 2961 donata
667 2905 769 2960 sibi
787 2905 946 2960 etiam
970 2919 1135 2974 usque
1159 2903 1211 2958 in
1234 2905 1394 2959 linem
1417 2903 1839 2974 perseverantia,

243 2999 381 3054 illuc
403 2998 610 3066 integer
639 2996 979 3066 perducetur,
997 3005 1054 3051 et
1077 2996 1184 3050 illic
1206 2995 1578 3066 integerrimus
1593 2995 1702 3065 jam
1727 2996 1846 3052 sine

245 3091 360 3146 lina
393 3088 734 3144 beatissimus
776 3088 1098 3152 servabitur,
1139 3086 1447 3142 adhaerente
1489 3086 1591 3141 sibi
1633 3086 1848 3142 miseri-

243 3182 439 3238 cordia
479 3181 768 3236 Salvatoris
805 3179 920 3244 sui,
970 3179 1084 3234 sive
1123 3193 1246 3233 cum
1290 3186 1694 3246 convertuntur,
1734 3177 1849 3234 sive

242 3287 380 3330 cum
410 3271 738 3343 prmliantur,
765 3269 878 3324 sive
903 3283 1024 3324 cum
1050 3277 1397 3323 coronantur.

316 3365 420 3420 4t.
448 3363 578 3418 Nam
598 3372 654 3420 et
679 3373 806 3419 tunc
823 3377 943 3418 esse
970 3361 1076 3417 illis
1099 3362 1192 3416 Dei
1218 3360 1638 3419 misericordiam
1663 3375 1850 3417 neces-

245 3457 458 3514 sariam
501 3465 684 3511 sancta
728 3454 1002 3524 Scriptura
1051 3460 1296 3520 testatur,
1345 3451 1436 3508 ubi
1477 3450 1739 3507 sanetus’
1781 3451 1851 3508 de

245 3547 492 3603 Domino
519 3546 632 3602 Deo
657 3560 756 3601 suo
775 3544 799 3577 ⁵
832 3545 964 3600 dicit
991 3543 1183 3598 animm
1207 3559 1339 3610 sum,
1367 3543 1467 3609 Qui
1487 3552 1697 3597 coronat
1721 3552 1770 3598 te
1796 3545 1851 3597 in

245 3640 582 3695 miseratione
613 3647 658 3692 et
682 3635 1024 3692 misericordia
1050 3635 1069 3702 (
1092 3633 1238 3689 Psal.
1268 3649 1362 3700 cu,
1393 3634 1492 3703 4).
1515 3633 1654 3688 Dicit
1687 3634 1851 3689 etiam

242 3731 492 3790 Iacobus
521 3729 810 3800 apostolus,
842 3725 876 3781 J
883 3726 1107 3781 udicium
1131 3725 1239 3780 sine
1274 3725 1620 3779 misericordia
1656 3725 1736 3779 illi
1764 3731 1854 3794 qui

247 3841 366 3880 non
412 3822 534 3893 fecit
563 3820 960 3877 misericordiam
990 3815 1202 3890 (Jacobi
1233 3832 1290 3883 ιι,
1315 3814 1416 3886 l5)
1445 3833 1460 3870 :
1488 3815 1577 3870 ubi
1620 3816 1855 3872 ostendit

243 3916 426 3972 etiam
459 3913 512 3966 in
541 3911 631 3966 illo
655 3910 878 3982 judicio,
905 3910 958 3966 in
983 3926 1090 3980 quo
1111 3909 1240 3979 justi
1263 3917 1608 3973 coronantur,
1636 3908 1853 3978 injusti-

244 4021 364 4076 que
410 4002 749 4066 damnantur,
797 4001 932 4055 alios
977 4016 1098 4055 cum
1148 3999 1546 4065 misericordia,
1575 3999 1710 4055 alios
1740 4000 1855 4056 sine

246 4091 633 4153 misericordia
669 4090 1006 4160 jndicandns.
1048 4091 1276 4158 Propter
1310 4090 1450 4160 quod
1493 4091 1653 4144 etiam
1685 4101 1856 4146 mater

244 4183 688 4242 Machabznoruin
711 4181 817 4234 ﬁlio
841 4195 940 4236 suo
963 4180 1110 4242 dicit,
1133 4177 1198 4235 Ut
1221 4181 1274 4234 in
1295 4181 1386 4234 illa
1403 4180 1723 4237 miseratione
1740 4197 1856 4236 cum

248 4278 512 4355 fratribus
537 4285 584 4329 te
605 4276 844 4344 recipiam
867 4272 929 4346 (ll
958 4272 1196 4327 Mue/tab.
1219 4289 1315 4337 νυ,
1337 4270 1452 4344 29).
1475 4271 1600 4326 Cum
1615 4275 1746 4326 enim
1767 4290 1859 4328 rea:

241 4373 434 4442 justus
456 4409 470 4432 ,
503 4367 638 4420 sicut
670 4365 923 4434 scriptum
950 4371 1065 4430 est,
1102 4363 1282 4417 sederit
1315 4361 1371 4416 in
1399 4364 1609 4428 throno,
1639 4381 1740 4417 non
1763 4363 1859 4417 ad-

248 4459 544 4516 versabitur
563 4466 678 4510 ante
699 4472 813 4510 eum
837 4471 984 4510 omne
1016 4454 1227 4507 malum.
1263 4453 1388 4520 Quis
1427 4453 1728 4524 gloriabitur
1765 4471 1857 4508 ca-

249 4563 402 4610 stum
427 4567 481 4606 se
505 4550 686 4604 habere
704 4548 828 4603 cor?
850 4556 938 4601 aut
957 4547 1070 4618 quis
1092 4546 1391 4618 gloriabitur
1416 4546 1657 4599 mundum
1680 4563 1732 4599 se
1752 4563 1859 4602 esse

251 4666 289 4702 a
318 4655 531 4719 peccato
547 4643 727 4717 (Prov.
750 4658 842 4708 xx,
861 4642 916 4709 8,
933 4641 988 4706 9,
1012 4657 1112 4696 sec.
1131 4639 1339 4712 LXX)?
1360 4641 1436 4694 Ac
1458 4654 1554 4709 per
1573 4639 1676 4694 hoc
1695 4641 1854 4696 etiam

252 4739 338 4794 ibi
368 4737 461 4791 Dei
492 4733 854 4792 misericordia
898 4731 1195 4788 necessaria
1235 4740 1351 4797 est,
1379 4747 1482 4801 qua
1513 4729 1571 4786 ﬁt
1594 4731 1615 4763 ⁸
1647 4731 1853 4798 beatus,

252 4831 354 4886 cui
388 4843 493 4881 non
522 4825 801 4895 imputavit
823 4825 1084 4879 Dominus
1109 4831 1383 4892 peccatum
1413 4820 1582 4894 (Psal.
1604 4838 1750 4886 XXXI,
1771 4822 1854 4896 2).

253 4919 378 4978 Sed
409 4927 534 4972 tunc
565 4932 659 4986 pro
689 4917 948 4970 bonorum
985 4929 1207 4984 operum
1239 4913 1443 4967 meritis
1467 4911 1615 4981 justo
1654 4911 1857 4980 judicio

253 5014 432 5068 etiam
462 5010 575 5078 ipsa
601 5007 962 5063 misericordia
991 5005 1273 5060 tribuetur.
1297 5005 1433 5059 Cum
1462 5003 1606 5060 enim
1637 5004 1852 5072 dicitur,

251 5101 536 5158 Iudicium
563 5105 672 5157 sine
699 5097 1045 5152 misericordia
1072 5096 1151 5150 illi
1175 5098 1262 5165 qui
1292 5111 1394 5149 non
1425 5095 1543 5165 fecit
1571 5095 1858 5149 misericor-

254 5195 444 5256 diam;
471 5188 841 5246 manifestatur
866 5189 919 5244 in
951 5189 1032 5243 his
1054 5187 1109 5242 in
1138 5186 1329 5256 quibus
1355 5186 1694 5240 inveniuntur
1718 5186 1857 5242 bona

252 5301 435 5355 opera
464 5281 865 5348 misericordiae,
888 5280 1144 5350 judicium
1170 5293 1290 5334 cum
1319 5277 1680 5335 misericordia
1707 5278 1856 5345 ﬁeri;

259 5393 334 5430 ac
369 5390 466 5444 per
492 5373 595 5427 hoc
623 5373 785 5427 etiam
814 5372 982 5440 ipsam
1010 5368 1430 5426 misericordiam
1464 5369 1669 5423 meritis
1695 5369 1862 5424 bono-

255 5483 391 5525 rum
416 5479 639 5536 operum
662 5462 831 5519 reddi.
856 5461 976 5518 Non
995 5462 1074 5517 sic
1101 5469 1186 5518 est
1214 5476 1376 5526 nunc,
1406 5462 1620 5531 quando
1640 5475 1747 5515 non
1772 5473 1862 5514 so-

333 5624 354 5654 ι
395 5631 493 5670 Am.
519 5626 572 5668 et
593 5625 666 5668 Er.
687 5619 932 5675 omi.tunt,
962 5623 1100 5666 Nam.
1122 5615 1312 5678 Habent
1333 5616 1483 5678 nostri
1506 5621 1612 5665 Mss.

332 5686 358 5716 ³
391 5680 608 5732 Nonnulli
630 5687 760 5740 5159.,
783 5679 869 5730 sed
887 5685 1019 5740 tunc,
1041 5677 1234 5735 quando
1254 5677 1398 5740 quod.

334 5746 360 5777 ³
391 5745 526 5803 ιηλιιιι,
555 5741 636 5792 ubi
655 5737 847 5792 sanctus
868 5737 1038 5803 noted.
1054 5737 1430 5803 Δξιιιθειλωυειι,
1455 5751 1483 5787 a
1507 5746 1611 5788 Mss.

333 5807 359 5836 δ
392 5798 557 5855 Plures
577 5811 703 5862 Mss,
725 5804 786 5854 de
813 5801 1009 5853 Domino
1029 5798 1150 5850 dicit
1174 5798 1349 5850 anima!
1370 5813 1472 5850 sua:
1499 5813 1516 5849 :
1541 5803 1735 5861 omisso,
1767 5807 1862 5850 Deo

254 5882 374 5918 800.

333 5931 359 5961 ⁸
397 5938 492 5976 Am.
518 5934 591 5976 lit.
621 5936 666 5975 ιιι
689 5926 868 5988 δίη-λιι
896 5923 1133 5981 “ε·δ;ς.,,Ιὶίίι.
1173 5931 1269 5972 Du"
1301 5933 1421 5972 Vss.
1454 5921 1548 5973 ’iat.

1656 407 1858 466 LIBER
1897 403 2097 463 UNUS.

3410 411 3520 472 9B

1935 517 2046 574 lum
2091 516 2249 573 nullis
2294 518 2446 575 bonis
2468 560 2484 587 ,
2534 517 2632 576 sed
2669 519 2829 574 etiam
2859 519 3044 576 multis
3081 520 3235 577 malis
3259 523 3511 593 operibus

1929 610 2374 681 praecedentibus,
2406 613 2773 668 misericordia
2798 613 2914 684 ejus
2935 615 3191 685 praevenit
3219 613 3520 680 hominem.

1929 708 1990 756 ut
2017 701 2270 757 liberetur
2310 719 2341 758 a
2391 704 2576 770 malis,
2607 712 2663 760 et
2689 720 2810 775 qua:
2854 704 3011 772 fecit,
3053 714 3108 762 et
3135 721 3255 777 quia
3278 706 3518 765 facturus

1930 791 2104 846 fuerat
2138 793 2239 847 nisi
2271 794 2364 849 Dei
2405 796 2576 866 gratia
2619 797 2959 867 regeretur‘,
2999 806 3056 855 et
3099 813 3220 869 quas
3262 813 3519 869 passurus

1930 883 2100 940 fuerat
2129 885 2182 940 in
2212 895 2470 942 teternum
2501 889 2602 943 nisi
2623 897 2902 944 erueretur
2920 905 2950 944 a
2978 900 3240 960 potestate
3269 895 3521 948 tenebra.

1932 989 2070 1038 rum,
2097 985 2152 1031 et
2182 976 2563 1034 transferretur
2602 978 2654 1034 in
2695 995 2917 1050 regnum
2952 979 3070 1036 Filii
3101 981 3378 1038 charitatis
3417 983 3518 1041 Dei

1935 1064 2151 1137 (Coloss.
2183 1083 2220 1132 ι,
2255 1067 2364 1139 l3).
2393 1068 2768 1124 Verumtamen
2796 1071 2915 1140 quia
2937 1081 2990 1127 et
3016 1071 3130 1140 ipsa
3157 1073 3264 1127 vita
3290 1082 3519 1139 arterna,

1931 1173 2091 1228 quam
2129 1169 2331 1214 certum
2377 1171 2461 1214 est
2503 1160 2657 1216 bonis
2703 1162 2955 1231 operibus
2995 1161 3231 1218 debitam
3277 1162 3447 1230 reddi,
3481 1179 3516 1220 ι

1932 1261 2082 1309 tanto
2103 1256 2360 1327 Apostolo
2382 1257 2551 1326 gratia
2580 1257 2672 1311 Dei
2702 1257 2896 1312 dicitur
2921 1256 3112 1331 (Rom.
3139 1257 3362 1330 vr,23),
3389 1272 3516 1313 cum

1931 1347 2100 1417 gratia
2125 1363 2231 1402 non
2258 1349 2511 1417 operibus
2537 1348 2809 1416 reddatur,
2841 1348 2936 1404 sed
2971 1350 3138 1420 gratis
3177 1349 3368 1417 detur;
3398 1352 3519 1408 sine

1934 1437 2037 1492 ulla
2065 1436 2396 1494 dubitatione
2422 1439 2786 1494 conﬁtendum
2812 1451 2933 1507 est,
2963 1440 3084 1496 ideo
3106 1442 3329 1512 gratiam
3356 1443 3521 1499 vitam

1931 1537 2188 1582 aeternam
2219 1529 2419 1595 vocari,
2451 1530 2571 1599 quia
2601 1530 2684 1584 his
2711 1531 2919 1586 meritis
2949 1531 3210 1598 redditur,
3244 1547 3366 1602 qua:
3391 1548 3519 1606 gra-

1934 1621 2007 1675 tia
2029 1621 2254 1674 contulit
2283 1621 2506 1675 homini.
2529 1621 2692 1678 Recte
2712 1623 2906 1693 quippe
2929 1624 3040 1694 ipsa
3069 1624 3383 1695 intelligitur
3400 1639 3523 1696 qua

1936 1713 1991 1766 in
2017 1712 2304 1783 Evangelio
2332 1713 2522 1784 legitur
2539 1715 2582 1780 ³,
2613 1714 2792 1771 Gratia
2819 1731 2914 1786 pro
2938 1718 3105 1787 gratia
3132 1717 3310 1791 (Joan.
3339 1734 3379 1785 ι,
3404 1717 3524 1791 l6).

1935 1803 1988 1858 id
2016 1813 2117 1867 est,
2149 1819 2245 1874 pro
2275 1804 2357 1860 his
2383 1806 2590 1860 meritis
2613 1822 2732 1876 quas
2759 1808 2991 1862 contulit
3009 1809 3197 1878 gratia.

2005 1895 2098 1950 42.
2123 1895 2186 1950 Ili
2211 1911 2336 1949 vero
2363 1896 2451 1966 qui
2476 1912 2585 1951 non
2615 1897 2880 1966 pertinent
2903 1898 2970 1952 ad
3000 1897 3142 1954 hunc
3165 1900 3522 1972 praedestina-

1938 1995 2112 2043 torum
2145 2003 2426 2042 numerum
2446 2029 2461 2054 ,
2489 2004 2624 2058 quos
2654 1989 2748 2044 Dei
2797 1989 2964 2058 gratia
2993 1989 3108 2045 sive
3151 1991 3387 2046 nondum
3429 1993 3528 2048 ha-

1938 2080 2128 2138 bentes
2169 2082 2332 2136 ullum
2363 2082 2590 2138 liberum
2619 2097 2731 2137 sua:
2767 2083 3054 2138 voluntatis
3082 2084 3383 2153 arbitrium,
3412 2086 3529 2143 sive

1937 2187 2060 2228 cum
2103 2173 2327 2228 arbitrio
2373 2174 2683 2238 voluntatis,
2712 2174 2832 2229 ideo
2867 2191 2992 2230 vere
3029 2175 3196 2231 libero
3219 2219 3235 2244 ,
3267 2177 3389 2247 quia
3431 2193 3530 2248 per

1940 2261 2111 2332 ipsam
2136 2263 2362 2333 gratiam
2393 2263 2637 2330 liberato,
2666 2263 2907 2332 perducit
2932 2263 2998 2318 ad
3029 2280 3248 2334 regnum
3277 2283 3291 2322 :
3315 2266 3370 2320 hi
3396 2282 3529 2337 ergo

1940 2356 2028 2426 qui
2068 2371 2174 2411 non
2202 2356 2470 2426 pertinent
2505 2355 2572 2410 ad
2603 2356 2761 2410 istum
2797 2357 3153 2412 certissimum
3195 2367 3251 2414 et
3286 2358 3532 2416 felicissi-

1943 2463 2091 2504 mum
2136 2463 2452 2512 numerum,
2499 2462 2598 2518 pro
2645 2448 2850 2504 meritis
2884 2449 3179 2518 justissima
3201 2450 3531 2522 judicantur.

1947 2541 2055 2597 Aut
2070 2541 2213 2596 enim
2239 2541 2422 2610 jacent
2440 2539 2539 2596 sub
2566 2549 2788 2611 peccato
2806 2583 2820 2603 ,
2845 2541 2986 2610 quod
3013 2541 3340 2612 originaliter
3365 2557 3533 2613 ganeo

1943 2631 2188 2689 ratione'
2220 2640 2532 2699 traxerunt,
2578 2639 2634 2686 et
2679 2647 2803 2687 cum
2833 2631 2926 2687 illo
2971 2631 3308 2690 hmreditario
3353 2633 3535 2690 debito

1944 2724 2070 2780 hinc
2094 2733 2310 2790 exeunt,
2341 2724 2484 2793 quod
2522 2738 2628 2778 non
2665 2731 2749 2779 est
2785 2725 3189 2794 regeneratione
3216 2725 3531 2794 dimissum;

1945 2823 2038 2872 aut
2063 2831 2162 2886 per
2197 2816 2426 2871 liberum
2477 2815 2757 2870 arbitrium
2791 2816 2893 2870 alia
2923 2817 3140 2887 insuper
3166 2817 3484 2875 addiderunt
3513 2837 3532 2878 :

1946 2906 2247 2970 arbitrium,
2286 2906 2522 2977 inquam,
2554 2906 2802 2974 liberum,
2825 2906 2919 2961 sed
2941 2922 3047 2963 non
3074 2907 3381 2974 liberatum;
3404 2909 3538 2966 libe-

1948 3011 2064 3053 rum
2094 2997 2339 3068 justitizc,
2379 2999 2582 3067 peccati
2612 3007 2790 3054 autem
2829 3013 3042 3054 servum
3064 3040 3080 3065 ,
3115 3015 3220 3071 quo
3251 3001 3538 3058 volvuntur

1950 3103 2048 3160 per
2070 3089 2309 3144 diversas
2335 3089 2522 3145 noxias
2541 3089 2879 3159 cupiditates,
2898 3091 2987 3145 alii
3013 3092 3200 3162 magis,
3224 3093 3314 3148 alii
3335 3094 3534 3161 minus;

1951 3181 2046 3237 sed
2074 3196 2262 3237 omnes
2291 3181 2437 3246 mali,
2466 3189 2522 3236 et
2559 3195 2658 3251 pro
2685 3181 2799 3252 ipsa
2826 3181 3130 3238 diversitate
3156 3184 3386 3240 diversis
3413 3201 3540 3257 sup-

1952 3273 2126 3344 pliciis
2147 3271 2439 3344 judicandi.
2463 3272 2569 3327 Aut
2587 3273 2809 3343 gratiam
2832 3273 2924 3330 Dei
2951 3276 3262 3345 suscipiunt,
3285 3277 3380 3332 sed
3403 3286 3540 3334 tem-

1954 3365 2165 3438 porales
2189 3373 2333 3432 sunt,
2361 3381 2459 3421 nec
2487 3375 2860 3436 perseverant;
2883 3365 3172 3422 deserunt‘
3202 3377 3258 3423 et
3282 3364 3541 3424 deseruit;

1955 3467 2062 3515 tur.
2095 3458 2307 3514 Dimissi
2343 3458 2486 3514 enim
2528 3467 2650 3514 sunt
2679 3457 2846 3512 libero
2888 3457 3141 3524 arbitrio,
3171 3475 3278 3514 non
3321 3471 3541 3533 accepto

1957 3551 2366 3624 perseverantia:
2391 3551 2554 3617 dono,
2581 3549 2781 3620 judicio
2813 3549 2904 3604 Dei
2927 3548 3072 3618 justo
3101 3559 3154 3605 ct
3176 3551 3407 3606 occulto.

2028 3643 2254 3702 CAPUT
2292 3642 2434 3699 XlV.
2475 3673 2545 3685 —
2583 3643 2674 3698 45.
2716 3642 2992 3696 Patiantur
3028 3657 3157 3712 ergo
3196 3643 3440 3700 homines
3478 3660 3542 3702 se

1956 3738 2155 3809 corripi
2177 3735 2390 3808 quando
2416 3743 2662 3806 peccant,
2695 3748 2796 3789 nec
2817 3732 2884 3788 de
2908 3733 3018 3803 ipsa
3051 3735 3389 3806 correptione
3409 3751 3544 3792 cou-

1959 3840 2038 3888 Ira
2064 3830 2288 3902 gratiam
2309 3835 2769 3899 argumentemur,
2801 3841 2900 3882 nec
2927 3827 2994 3882 de
3021 3828 3188 3897 gratia
3209 3839 3393 3884 contra
3419 3845 3544 3886 cor-

1960 3924 2256 3994 reptionem
2284 3939 2298 3975 :
2327 3921 2450 3991 quia
2469 3929 2525 3976 et
2553 3919 2753 3991 peccati
2771 3917 2914 3988 justa
2941 3934 3096 3988 pcena
3126 3919 3366 3990 debetur,
3395 3931 3450 3978 et
3473 3924 3542 3979 ad

1960 4015 2128 4084 ipsam
2147 4011 2531 4083 pertinetjusta
2553 4010 2838 4079 correptio,
2857 4025 2974 4079 quae
2992 4009 3378 4067 medicinaliter
3392 4014 3546 4069 adhi-

1961 4105 2138 4168 betur,
2170 4102 2376 4157 etiamsi
2407 4101 2552 4156 salus
2593 4099 2901 4170 aegrotantis
2940 4098 3142 4154 incerta
3176 4110 3295 4155 est:
3329 4111 3385 4156 ut
3423 4105 3467 4158 si
3499 4106 3545 4161 is

1959 4195 2049 4266 qui
2069 4193 2371 4262 corripitur,
2390 4191 2454 4246 ad
2472 4190 2968 4261 prmdestinatorum
2990 4205 3269 4245 numerum
3294 4195 3542 4261 pertinet,

1961 4287 2028 4342 sit
2053 4287 2102 4341 ei
2126 4284 2395 4352 correptio
2419 4281 2634 4336 salubre
2656 4280 3133 4346 medicamentum;
3161 4282 3204 4335 si
3234 4292 3409 4338 autem
3435 4299 3545 4342 non

1961 4377 2212 4448 pertinet,
2235 4375 2306 4429 sit
2329 4373 2378 4429 ei
2407 4371 2676 4441 correptio
2701 4369 2910 4440 ptenale
2937 4380 3278 4426 tormentum.
3307 4373 3417 4428 Sub
3442 4374 3546 4430 isto

1961 4482 2090 4538 ergo
2119 4467 2324 4521 incerto
2353 4478 2420 4519 ex
2447 4462 2710 4518 charitate
2734 4459 3036 4516 adhibenda
3064 4470 3164 4525 cst,
3196 4463 3345 4531 cujus
3373 4465 3546 4520 exitus

1969 4560 2277 4629 ignoratur;
2309 4564 2363 4610 et
2392 4569 2489 4625 pro
2527 4553 2617 4609 illo
2642 4553 2726 4607 cui
2757 4551 3056 4618 adhibetur,
3090 4553 3349 4607 orandum
3380 4563 3462 4609 est
3490 4563 3548 4610 ut

1963 4658 2203 4705 sanetur.
2247 4647 2382 4701 Cum
2425 4652 2602 4698 autem
2649 4642 2892 4696 homines
2932 4656 3029 4711 per
3066 4644 3457 4712 correptionem
3482 4644 3547 4700 in

1962 4742 2102 4796 viam
2136 4737 2358 4808 justitim
2383 4751 2477 4790 seu
2508 4734 2728 4790 veniunt
2747 4748 2840 4788 seu
2872 4742 3237 4799 revertuntur,
3269 4736 3389 4805 quis
3417 4751 3550 4806 ope-

1964 4841 2112 4888 ratur
2147 4831 2200 4885 in
2227 4828 2478 4885 cordibus
2503 4841 2689 4882 eorum
2720 4825 2978 4889 salutem,
3010 4824 3113 4879 nisi
3141 4824 3231 4880 ille
3256 4827 3344 4895 qui
3373 4829 3549 4895 quoli-

1966 4926 2056 4981 bet
2082 4925 2353 4996 plantante
2390 4927 2550 4990 atque
2584 4920 2824 4990 rigante,
2861 4926 2915 4972 et
2942 4917 3184 4986 quolibet
3222 4919 3272 4973 in
3299 4920 3440 4991 agris
3464 4921 3549 4977 Vel

1965 5015 2256 5074 arbustulis
2280 5021 2537 5084 operante
2575 5010 2667 5066 dat
2705 5011 3090 5065 incrementum
3123 5009 3299 5077 Deus;
3331 5012 3416 5067 cui
3454 5028 3550 5067 vo-

1965 5111 2096 5167 lenti
2134 5108 2336 5164 salvum
2375 5106 2552 5160 facere
2588 5102 2794 5158 nullum
2825 5099 3101 5156 hominum
3122 5100 3143 5133 ⁸
3171 5101 3372 5157 resistit
3403 5103 3552 5158 arbi-

1966 5203 2125 5257 trium
2143 5199 2166 5253 ’ἰ
2184 5197 2274 5256 Sic
2301 5196 2443 5253 enim
2469 5194 2608 5250 velle
2627 5208 2720 5248 seu
2749 5191 2894 5248 nolle
2918 5191 2970 5246 in
2997 5174 3226 5248 volentis
3245 5203 3333 5246 aut
3359 5193 3550 5249 nolen-

1967 5294 2036 5349 tis
2064 5304 2146 5347 est
2183 5299 2475 5362 potestate,
2506 5296 2563 5342 ut
2603 5287 2838 5342 divinam
2871 5286 3196 5341 voluntatem
3244 5302 3345 5340 non
3381 5287 3551 5357 impe-

1968 5387 2098 5451 diat,
2123 5399 2224 5440 nec
2250 5391 2468 5453 superet
2489 5387 2828 5450 potestatem.
2859 5379 3029 5434 Etiam
3055 5379 3075 5409 °
3099 5378 3167 5432 de
3190 5378 3271 5433 his
3297 5379 3437 5434 enim
3462 5380 3554 5451 qui

1967 5477 2168 5534 faciunt
2187 5491 2306 5545 qua:
2334 5489 2441 5529 non
2469 5474 2599 5538 vult,
2626 5473 2747 5527 facit
2773 5471 2889 5542 ipse
2915 5487 3032 5541 qua:
3057 5469 3189 5524 vult.

2032 5613 2049 5640 ι
2084 5607 2157 5657 sic
2179 5619 2351 5656 novem
2373 5611 2478 5654 Mss.
2502 5603 2623 5653 ιεόίιὶ
2649 5615 2784 5662 vero,
2809 5607 3191 5664 regenerqretur.
3255 5599 3257 5601 ’

2030 5672 2052 5702 ²
2087 5679 2187 5718 Am.
2209 5675 2282 5716 Er.
2304 5675 2356 5717 et
2380 5667 2546 5728 plures
2567 5675 2692 5725 5:55.,
2720 5660 2829 5726 qua'
2843 5660 2998 5728 oratio
3021 5661 3072 5712 in
3091 5660 3356 5725 Evangelia.

2033 5733 2054 5764 ³
2085 5732 2219 5787 Edili,
2243 5731 2302 5779 de
2316 5727 2633 5793 generatione.
2654 5729 2814 5786 Abest,
2841 5727 2919 5784 de,
2943 5739 2967 5772 a
2990 5732 3094 5775 uss.

2029 5795 2052 5824 δ
2085 5801 2186 5842 Duo
2207 5791 2334 5849 Mss,
2357 5791 2443 5840 sed
2468 5791 2706 5840 deserunt.

2033 5858 2055 5888 ⁸
2089 5854 2189 5902 Sola
2217 5855 2362 5904 editio
2391 5861 2520 5908 l.ov.,
2541 5852 2650 5901 Ιιοιιι
2669 5849 2756 5900 nis.

2035 5918 2056 5948 °
2084 5915 2225 5972 Etliti.
2257 5916 2413 5966 l)t’/.i.v
2434 5915 2577 5971 enim,
2601 5926 2790 5967 (utesse,
2824 5908 2984 5966 etimit,
3024 5911 3149 5972 quod
3178 5917 3335 5960 exstat
3371 5924 3416 5958 ιιι
3439 5915 3546 5959 Mss.
