4022 6482
503 401 609 458 ΜΞ

507 521 518 538 ι
572 491 666 549 ιι.
707 489 772 548 Et
797 488 937 562 quod
973 487 1228 558 scriptum
1247 498 1352 551 est,
1375 486 1514 558 quod
1541 488 1642 540 uult
1668 501 1837 539 omnes
1862 485 2087 538 homines

504 585 671 641 salvos
694 583 805 653 ﬁeri
831 583 872 654 (Ι
903 581 1033 636 Tim.
1050 597 1108 648 ιι,
1130 580 1211 652 ι),
1241 595 1341 635 nec
1366 590 1542 634 tamen
1567 593 1755 633 omnes
1776 578 1906 632 salvi
1934 577 2088 641 liunt,

505 677 687 733 multis
709 673 923 745 quidem
941 671 1570 741 modis-intelligipotest,
1596 685 1660 724 ex
1691 668 1950 738 quibusin
1973 666 2092 721 aliis

505 766 776 838 opusculis
792 764 990 820 nostris
1012 763 1216 832 aliquos
1235 757 2090 831 commemoravimus.(Enclririd.

505 874 621 928 cap.
649 857 787 922 105;
811 854 989 910 lib.22
1008 855 1072 910 de
1096 854 1243 910 Civil.
1266 852 1382 916 Dei,
1411 869 1562 922 capp.
1593 853 1618 906 1
1647 851 1973 920 ε12.’;-διιρτα,
2002 849 2090 903 lib.

505 948 540 1002 ι
568 957 747 1002 contra
769 947 995 1011 Julian.,
1021 963 1136 1017 cap.
1164 945 1199 1001 8
1223 987 1239 1012 ,
1266 945 1390 1016 etc.)
1424 962 1436 997 :
1463 943 1558 1000 sed
1587 944 1670 998 hic
1701 959 1862 997 unum
1891 941 2088 996 dicam.

505 1038 579 1095 Ita
605 1040 805 1095 dictum
834 1047 937 1105 est,
971 1037 1158 1093 Omnes
1182 1038 1409 1092 homines
1439 1037 1542 1090 vult
1571 1037 1738 1090 salvos
1767 1035 1988 1103 ﬁeri,-ut
2013 1033 2096 1086 iu-

507 1133 810 1202 telligantur
851 1145 1039 1186 omnes
1095 1129 1486 1200 pnedestinati;
1540 1128 1660 1196 quia
1713 1141 1874 1182 omne
1925 1139 2094 1196 genus

507 1225 782 1280 hominum
810 1225 862 1279 in
888 1224 968 1279 eis
989 1232 1092 1277 esi.
1120 1222 1271 1277 Sicut
1293 1223 1490 1277 dictum
1511 1231 1590 1274 est
1614 1218 1916 1281 Phariszeis,
1937 1218 2096 1272 Deci-

506 1317 658 1371 matis
680 1331 828 1370 onme
851 1316 962 1372 olus
981 1313 1131 1382 (Luc.
1164 1330 1238 1379 ιι,
1265 1313 1357 1384 6‘2)
1383 1329 1395 1366 :
1428 1313 1516 1367 ubi
1546 1327 1650 1367 non
1675 1319 1758 1366 est
1789 1309 2095 1380 intelligen-

505 1407 634 1464 dum
677 1407 779 1462 nisi
809 1422 968 1462 omne
995 1405 1138 1476 quod
1188 1405 1484 1470 habebant;
1533 1418 1710 1472 neque
1752 1402 1894 1457 enim
1935 1415 2095 1456 omne

398 1561 406 1568 ,
506 1498 628 1553 olus
661 1498 802 1568 quod
845 1507 962 1553 erat
1003 1498 1054 1552 in
1091 1505 1201 1552 toto
1240 1507 1505 1551 terrarum
1558 1496 1689 1550 orbe
1736 1493 2093 1549 decimabant.

503 1587 808 1645 Secundum
839 1589 997 1644 istum
1037 1588 1320 1642 locutionis
1348 1586 1562 1641 modum
1590 1585 1789 1641 dictum
1816 1593 1918 1650 est,
1948 1583 2096 1638 Sicut

505 1688 553 1734 et
573 1695 664 1750 ego
689 1679 919 1733 omnibus
945 1695 1032 1748 per
1077 1678 1244 1732 omnia
1267 1679 1441 1748 placeo
1471 1675 1513 1748 (Ι
1540 1676 1658 1731 Cor.
1686 1675 1896 1747 1,53).
1925 1674 2094 1730 Num-

503 1767 632 1838 quid
661 1768 806 1823 enim
833 1771 923 1838 qui
968 1767 1070 1822 hoc
1111 1767 1279 1834 dixit,
1324 1767 1565 1836 placebat
1591 1765 1750 1820 etiam
1780 1773 1884 1820 tam
1917 1765 2096 1820 multis

506 1858 940 1928 persecutoribus
969 1858 1115 1912 suis?
1144 1857 1248 1914 Sed
1279 1856 1521 1928 placebat
1545 1858 1688 1910 omni
1709 1855 1895 1925 generi
1919 1854 2093 1910 homi-

507 1965 660 2015 num,
683 1949 825 2020 quod
854 1948 1046 2004 Christi
1071 1949 1428 2020 congregabat
1456 1948 1712 2014 Ecclesia,
1733 1948 1855 2003 sive
1868 1947 1985 2018 jam
2008 1947 2093 2004 in-

510 2048 596 2096 tus
626 2041 834 2110 positis,
859 2040 971 2094 sive
994 2038 1396 2094 iutroducendis
1423 2038 1477 2092 in
1503 2053 1646 2094 eam.

511 2179 518 2185 .
579 2131 671 2188 i5.
709 2129 828 2186 Non
854 2138 939 2186 est
964 2130 1140 2200 itaque
1172 2127 1544 2194 dubitandum,
1578 2128 1834 2183 voluntati
1861 2126 1973 2194 Dei,
2003 2130 2094 2198 qui

508 2222 561 2276 in
611 2221 750 2276 cmlo
796 2229 852 2276 et
899 2221 950 2275 in
999 2228 1137 2274 terra
1181 2219 1361 2274 omnia
1404 2232 1750 2289 qumcumque
1777 2217 1944 2272 voluit
1969 2217 2096 2274 fecit

512 2312 530 2380 (
558 2311 701 2366 Psul.
733 2327 957 2377 cxxxtv,
986 2311 1084 2382 6),
1115 2319 1170 2366 et
1193 2311 1282 2381 qui
1311 2310 1472 2365 etiam
1504 2310 1590 2366 illa
1626 2324 1744 2379 quae
1771 2309 2096 2365 futura-sunt

509 2403 633 2460 fecit
663 2403 813 2472 (Isai.
849 2418 969 2467 va,
1001 2418 1100 2456 sec.
1140 2399 1328 2472 LXX),
1375 2400 1638 2469 humanas
1661 2400 1964 2455 voluntates
1986 2415 2092 2454 non

511 2508 667 2562 posse
717 2494 967 2548 resistere
993 2535 1008 2559 ,
1057 2492 1342 2562 quominus
1385 2490 1541 2545 iaciat
1581 2490 1697 2560 ipse
1738 2489 1880 2560 quod
1921 2489 2035 2544 vult
2075 2507 2090 2544 :

507 2584 936 2655 quandoquidem
965 2585 1124 2640 etiam
1152 2583 1220 2639 dc
1248 2583 1376 2653 ipsis
1407 2582 1681 2639 hominum
1711 2582 2090 2647 voluntatibus,

511 2677 654 2746 quod
687 2678 830 2741 vult,
860 2691 982 2732 cum
1027 2676 1169 2741 vult,
1203 2673 1349 2730 facit.
1382 2674 1493 2730 Nisi
1523 2673 1661 2730 forte
1693 2677 1795 2745 (ut
1817 2689 1882 2729 ex
1912 2673 2094 2730 multis

509 2768 684 2837 aliqua
715 2766 1169 2838 commemorem)
1194 2765 1408 2836 quando
1435 2765 1580 2820 Deus
1609 2766 1776 2821 voluit
1821 2765 1968 2822 Sauli
2009 2781 2098 2823 re-

507 2875 668 2929 gnum
698 2860 846 2924 dare,
870 2858 946 2914 sic
971 2868 1089 2913 erat
1113 2858 1162 2910 in
1194 2866 1458 2929 potestate
1482 2855 1838 2913 lsraelitarum
1863 2856 2095 2915 subdere

509 2963 566 3003 se
610 2958 902 3004 memorato
928 2950 1061 3010 viro,
1105 2948 1218 3002 sive
1247 2961 1350 3002 non
1379 2947 1627 3014 subdere,
1664 2948 1806 3018 quod
1833 2948 2013 3020 utique
2039 2949 2095 3005 in

509 3054 694 3094 eorum
718 3045 832 3093 erat
859 3039 1092 3109 positum
1125 3038 1422 3102 voluntate,
1454 3045 1510 3092 ut
1533 3037 1694 3093 etiam
1725 3038 1832 3094 Deo
1858 3039 2093 3096 valerent

512 3133 786 3187 resistere.
819 3131 922 3198 Qui
949 3140 1124 3186 tamen
1149 3129 1250 3185 hoc
1279 3145 1383 3184 non
1425 3129 1568 3196 fecit,
1598 3130 1698 3186 nisi
1727 3146 1824 3200 per
1851 3132 2093 3202 ipsorum

509 3223 783 3278 hominum
812 3225 1146 3287 voluntates,
1175 3223 1292 3277 sine
1318 3221 1482 3277 dubio
1510 3222 1711 3278 habens
1742 3223 2093 3279 humanorum

507 3317 748 3388 cordium
775 3332 880 3387 quo
909 3316 1142 3386 placeret
1182 3314 1606 3369 inrliuandorum
1633 3316 2094 3384 omnipotentissi-

512 3425 652 3463 mam
699 3415 1037 3477 potestatem.
1079 3408 1166 3461 Sic
1197 3407 1338 3461 enim
1370 3408 1626 3476 scriptum
1653 3416 1768 3474 est,
1809 3405 1876 3460 Et
1906 3407 2096 3462 dimisit

511 3499 724 3554 Samuel
760 3500 1027 3570 paputum,
1056 3509 1103 3553 et
1127 3499 1249 3552 abiit
1277 3500 1616 3569 unusquisque
1639 3500 1692 3553 in
1719 3499 1886 3553 locum
1913 3516 2094 3566 suum;

507 3602 555 3648 et
582 3592 712 3647 Saftl
739 3593 859 3646 abiit
884 3593 937 3646 in
966 3592 1170 3646 domum
1198 3608 1342 3646 suam
1367 3593 1420 3644 in
1450 3591 1662 3656 Gabaa;
1683 3601 1728 3645 et
1757 3593 1985 3647 abierunt
2004 3610 2097 3664 po-

507 3692 663 3736 tentes
688 3699 901 3753 quorum
932 3683 1089 3750 tetigit
1116 3681 1366 3736 Dominus
1389 3682 1546 3735 corda
1567 3698 1680 3735 cum
1705 3681 1882 3736 Saule.
1911 3682 1977 3736 Et
2001 3683 2097 3751 ﬁlii

508 3771 792 3841 pestilentes
825 3771 1060 3825 dixerunt
1088 3786 1107 3825 :
1138 3771 1264 3837 Quis
1289 3771 1497 3825 salvabit
1522 3773 1649 3826 nos?
1671 3773 1752 3825 hic
1775 3771 1920 3825 ‘?Et
1951 3773 2098 3828 inlto-

509 3872 809 3919 noraverunt
839 3879 971 3926 eum,
995 3871 1039 3918 et
1061 3880 1162 3917 non
1186 3864 1462 3918 attulerunt
1483 3863 1531 3918 ei
1558 3881 1767 3934 munera
1791 3865 1845 3935 (Ι
1878 3864 2007 3936 Reg.
2039 3883 2093 3934 κ,

511 3948 720 4024 25-27).
750 3953 1013 4024 Numquid
1035 3954 1226 4025 aliquis
1245 3953 1606 4018 dicturusest,
1625 3970 1729 4010 non
1750 3956 1942 4010 iturum
1967 3956 2096 4011 luis-

514 4060 574 4102 se
603 4061 723 4101 cum
749 4041 897 4111 Baﬁl,
925 4060 1247 4115 quemquam
1279 4061 1463 4100 eorum
1481 4060 1750 4116 ,rquorum
1775 4045 1946 4116 tetigit
1971 4061 2094 4102 cor-

511 4137 578 4191 da
613 4137 866 4192 Dominus
897 4147 954 4192 ut
983 4138 1264 4192 irentcum
1295 4137 1421 4203 illo;
1460 4147 1553 4192 aut
1589 4138 1696 4192 isse
1720 4139 1960 4208 aliquem
1999 4154 2095 4208 pe-

512 4231 826 4296 ctilcntium,
851 4244 1076 4298 quorum
1095 4239 1161 4284 .ut
1179 4229 1282 4285 hoc
1305 4229 1542 4285 lacerent
1565 4230 1725 4285 corda
1753 4246 1858 4286 non
1890 4231 2098 4302 tetigit?

511 4323 642 4377 item
685 4323 754 4378 de
799 4322 986 4389 David,
1013 4337 1172 4393 quem
1211 4323 1464 4377 Dominus
1495 4321 1547 4376 in
1586 4337 1806 4392 regnum
1846 4337 2096 4378 successu

513 4415 850 4487 prosperiore
873 4415 1174 4479 consuluit,
1200 4415 1272 4471 ita
1301 4415 1499 4485 legitur
1528 4432 1541 4469 :
1575 4414 1644 4469 Et
1670 4417 1957 4471 ambulabat
1979 4415 2094 4470 Da-

513 4508 596 4560 vid
629 4507 919 4576 proﬁciens,
957 4507 1544 4578 etmagniﬁcabatur,.et
1581 4505 1828 4560 Dominus
1850 4516 2098 4562 eratcum

515 4597 604 4650 illo
627 4596 669 4666 (1
706 4595 830 4649 Par.
863 4611 940 4661 ιι,
964 4595 1043 4666 9).
1079 4595 1334 4650 ﬂoccum
1361 4595 1921 4664 praemissumfuisset,
1939 4598 2100 4666 paulo

517 4696 638 4760 post
662 4687 861 4742 dictum
892 4695 975 4742 est
1002 4704 1018 4741 :
1048 4684 1114 4738 Et
1139 4685 1364 4755 Spiritus
1391 4685 1561 4738 induit
1588 4686 1796 4740 Amasai
1822 4686 2101 4757 principem

515 4780 774 4848 triginta”,
799 4787 843 4831 et
859 4778 996 4832 dixit
1020 4775 1157 4831 :.Tui
1183 4793 1377 4842 sumus,
1400 4793 1430 4830 ο
1456 4775 1642 4842 David,
1661 4785 1708 4830 et
1731 4786 1890 4831 tecum
1919 4777 2098 4847 futttri,

519 4873 632 4944 ﬁli'
666 4873 828 4928 Jesse.
863 4872 1008 4937 Pax,
1032 4888 1135 4942 pax
1167 4872 1274 4932 tibi,
1299 4881 1345 4924 et
1371 4887 1474 4942 pax
1496 4871 1813 4940 adjutoribus
1831 4871 1952 4936 tuis,
1981 4873 2102 4942 quia

519 4961 802 5018 auxiliatos
815 4975 890 5018 est
913 4963 999 5016 tibi
1015 4961 1176 5017 Deus.
1205 4961 1469 5032 Numquid
1500 4962 1600 5017 iste
1630 4973 1807 5031 posset
1827 4961 2097 5019 adversari

519 5057 778 5114 voluntati
799 5056 922 5122 Dei,
954 5065 1009 5112 et
1046 5070 1151 5110 non
1186 5056 1361 5126 potius
1392 5055 1509 5124 ejus
1538 5053 1712 5110 facere
1742 5054 2105 5124 voluntatem,

520 5151 610 5222 qui
649 5151 705 5206 in
741 5150 866 5220 ejus
889 5146 1060 5208 corde'
1098 5156 1351 5218 operatus
1383 5156 1468 5202 est
1507 5163 1604 5216 per
1645 5148 1900 5217 Spiritum
1946 5163 2102 5204 suum

520 5259 628 5315 quo
656 5244 870 5300 indutus
899 5250 982 5298 est
1001 5284 1018 5310 ,
1054 5248 1112 5296 ut
1140 5241 1243 5296 hoc
1268 5239 1461 5309 vellet,
1492 5239 1714 5305 diceret,
1747 5247 1802 5294 et
1832 5237 2104 5296 faceret‘?

522 5335 654 5392 item
686 5334 842 5406 paulo
870 5341 993 5404 post
1025 5331 1102 5388 ait
1121 5329 1316 5386 eadem
1355 5329 1629 5401 Scriptura
1665 5346 1680 5386 :
1713 5328 1902 5384 Omnes
1929 5330 1983 5385 In'
2002 5330 2104 5385 υἱνὶ

587 5546 604 5577 ι
639 5545 713 5615 sic
731 5548 838 5593 uss.
870 5542 1009 5615 juxta
1049 5539 1176 5615 t._X_X.
1197 5542 1380 5615 aram;
1397 5544 1492 5601 En,
1515 5545 1637 5589 Num
1655 5534 1852 5589 salvabit
1875 5549 1961 5588 nos
1982 5535 2062 5588 hic
2082 5535 2108 5588 ?

523 5597 1380 5673 υηοοκυπηιιέάβιξέυαθτιηρδιξίεῖ
1477 5597 1516 5673 ⁷.
1551 5659 1562 5672 .
1601 5659 1663 5673 .,
1727 5660 1841 5673 -..,.

585 5670 608 5700 ³
640 5659 690 5715 in
707 5659 830 5726 Mss.',
853 5665 1016 5727 induit
1031 5662 1193 5727 sumas“
1211 5661 1477 5727 principem
1498 5659 1710 5723 triginta.
1727 5660 1844 5710 Editi
1864 5659 2105 5722 ferebant,

526 5727 791 5792 primipem
809 5723 938 5792 itaret;
948 5724 1167 5792 triginta.
1189 5723 1354 5792 abest,
1368 5723 1521 5784 inter,
1545 5735 1573 5772 a
1596 5729 1703 5772 Lxx
1729 5730 1782 5772 et
1802 5736 1828 5771 a
1848 5729 1951 5772 uss.

587 5793 611 5823 ³
751 5797 880 5848 t.ov.,
902 5786 996 5849 ﬁlii
1017 5786 1038 5836 Ξ
1063 5787 1311 5849 mendose.

588 5851 610 5885 δ
641 5843 1004 5913 ρυίικιιιυ’›ἰδε.,
1029 5847 1164 5898 vellet
1184 5847 1346 5900 dicere
1374 5858 1420 5902 et
1443 5847 1618 5906 facere.
1643 5847 1941 5906 Sorhouicus,
1967 5843 2102 5896 vellet

1143 397 1229 453 DE
1266 393 1743 452 CORREPTIUNE
1781 393 1870 448 ET
1909 390 2187 455 GRATIA,
2231 391 2287 446 S.
2331 391 2694 449 AUCUSTINI
2737 395 2936 452 LIBER
2976 397 3174 456 UNUS.

2231 407 2287 446 δ.
2331 407 2694 449 Αυιιυδ-ιτιᾱι
2737 407 2936 452 Lmen
2978 407 3174 456 UNUS.
3675 407 3774 466 9η

2199 483 2490 549 bellatores,
2525 485 2794 555 dirigentes
2820 490 2988 543 aciem
3027 491 3179 544 corde
3212 491 3427 564 paciﬁca
3457 510 3702 553 venerunt
3726 502 3776 553 iri

2201 571 2429 640 Ilebron,
2457 585 2508 626 ut
2537 578 2889 630 constituerent
2933 579 3097 633 David
3127 597 3280 652 super
3300 599 3496 638 omnem
3522 586 3685 643 Israel
3726 588 3777 650 (1

2202 662 2330 718 Par.
2371 680 2464 730 xu,
2498 665 2584 728 18,
2625 667 2741 737 58).
2781 668 2884 723 Sua
2933 671 3204 727 voluntate
3243 674 3427 745 utique
3471 676 3556 731 isti
3586 682 3780 733 consti-

2200 764 2416 810 tuerunt
2436 773 2613 827 regem
2645 760 2828 814 David.
2859 761 2991 828 Quis
3025 778 3131 816 non
3169 764 3382 820 videat?
3406 771 3526 838 quis
3554 769 3654 824 hoc
3686 788 3778 824 ne.-

2197 851 2320 919 get?
2349 851 2462 904 Non
2496 853 2636 906 enim
2675 853 2784 907 hoc
2823 870 2927 908 non
2955 871 3018 910 ex
3050 857 3229 913 animo
3251 899 3266 923 ,
3307 870 3397 914 aut
3422 876 3528 916 non
3556 878 3622 916 ex
3649 863 3777 918 bum

2199 943 2466 998 voluntate
2523 943 2764 1000 fecerunt
2799 986 2812 1008 .
2867 947 3007 1016 quod
3073 947 3362 1005 fecerunt'
3413 954 3574 1008 corde
3641 958 3779 1023 paci-

2201 1033 2302 1087 lico
2331 1043 2427 1089 :-et
2453 1043 2629 1089 tamen
2659 1036 2837 1090 hocin
2870 1041 2949 1092 eis
2975 1042 3100 1110 egit,
3131 1042 3221 1110 qui
3251 1046 3302 1095 in
3327 1043 3580 1099 cordibus
3607 1045 3780 1100 homi-

2199 1139 2324 1178 num
2349 1127 2488 1195 quod
2513 1128 2751 1182 voluerit
2779 1139 3049 1197 operatur.
3092 1132 3316 1201 Propter
3341 1134 3482 1204 quod
3523 1138 3777 1206 praemisit

2199 1217 2491 1286 Scriptura,
2520 1218 2902 1274 Etambulabat
2931 1220 3094 1276 David
3122 1225 3393 1292 proﬁciens
3410 1266 3425 1290 ,
3466 1237 3512 1279 et
3537 1230 3770 1297 magniﬁ-

2198 1307 2429 1376 cabatur,
2459 1320 2504 1363 et
2535 1309 2785 1364 Dominus
2819 1313 3132 1381 omnipotens
3158 1323 3266 1368 erat
3297 1331 3412 1369 cum
3439 1316 3549 1370 illo.
3589 1320 3665 1372 Ac
3691 1333 3784 1388 per

2199 1398 2302 1452 hoc
2331 1399 2588 1453 Dominus
2613 1402 2954 1471 omnipotens
2996 1404 3084 1473 qui
3113 1413 3230 1459 erat
3257 1421 3377 1460 cum
3408 1407 3500 1461 illo
3522 1449 3537 1472 ,
3565 1409 3774 1466 adduxit

2201 1488 2333 1545 istos
2361 1498 2416 1544 ut
2444 1506 2564 1545 eum
2595 1505 2773 1562 regem
2795 1493 3202 1548 constituerent.
3234 1497 3583 1566 El'quomodo
3613 1499 3777 1553 addu-

2198 1583 2310 1636 xit?
2341 1583 2991 1653 numquid~eorporalibus
3021 1587 3143 1640 ullis
3164 1587 3389 1641 vinculis
3408 1590 3674 1659 alligavit?
3700 1592 3778 1644 lno

2200 1681 2286 1726 tus
2310 1673 2438 1742 egit,
2459 1674 2618 1728 corda
2648 1675 2834 1738 tenuit,
2860 1676 3038 1731 corda
3065 1680 3250 1744 movit,
3277 1693 3478 1750 eosque
3500 1681 3779 1736 voluntati.

2201 1763 2302 1818 bus
2330 1780 2709 1837 eorum,-quus
2739 1767 2853 1837 ipse
2878 1768 2930 1821 in
2970 1767 3076 1823 illis
3103 1777 3356 1840 operatus
3392 1780 3494 1835 est,
3525 1773 3700 1827 traxit.
3714 1773 3776 1828 Si

2197 1868 2326 1922 ergo
2347 1869 2486 1908 eum
2526 1855 2756 1910 voluerit
2784 1870 2938 1926 reges
2981 1857 3033 1911 in
3067 1865 3208 1912 terra
3237 1858 3392 1914 Deus
3424 1862 3772 1925 constituere,

2202 1945 2372 2014 magis
2413 1945 2652 2000 hebetia
2692 1954 2957 2017 potestate
2980 1948 3282 2002 voluntates
3311 1950 3583 2004 hominum
3622 1967 3775 2020 quam

2201 2035 2300 2104 ipsi
2328 2051 2486 2101 suas;
2514 2037 2633 2106 quis
2659 2039 2798 2093 alius
2817 2037 2944 2093 facit
2967 2049 3026 2094 ut
3050 2040 3287 2094 salubris
3309 2042 3378 2095 sit
3401 2042 3696 2111 correptio,
3726 2054 3777 2100 et

2198 2125 2292 2179 tiat
2315 2125 2369 2180 in
2396 2127 2629 2196 correpti
2654 2127 2817 2184 corde
2857 2121 3140 2195 correctio,
3172 2139 3230 2184 ut
3255 2131 3460 2186 caelesti
3482 2132 3778 2191 conuiuia-

2198 2222 2284 2269 tur
2311 2216 2362 2270 in
2393 2217 2598 2286 regno?

2255 2307 2494 2362 CAPUT
2533 2307 2651 2362 XV.
2681 2339 2752 2350 —-
2779 2309 2870 2364 46.
2910 2309 3282 2380 Corripiautur
3311 2312 3536 2382 itaquea
3565 2331 3778 2388 prapo-

2197 2397 2314 2452 sitis
2350 2398 2460 2452 suis
2498 2398 2696 2453 subditi
2725 2398 2917 2455 fratres
2965 2403 3396 2470 eorreptionibus
3423 2404 3493 2460 de
3519 2406 3778 2463 cbaritatis

2196 2490 2568 2556 venientibus,
2611 2508 2710 2563 pro
2745 2497 3022 2564 culparum
3065 2497 3377 2554 diversitate
3414 2499 3666 2566 diversis,
3693 2501 3778 2557 vel

2195 2582 2511 2650 minoribus,
2541 2584 2624 2638 vel
2649 2585 3015 2655 amplioribus.
3047 2587 3179 2654 Quia
3199 2597 3254 2642 et
3275 2589 3385 2658 ipsa
3415 2605 3534 2659 qua:
3553 2591 3776 2646 damna-

2198 2672 2273 2727 tio
2302 2674 2644 2742 nominatur.,
2677 2690 2834 2746 quam
2867 2675 2992 2731 facit
3019 2679 3322 2750 episcopale
3353 2679 3644 2750 judicium,
3673 2698 3772 2754 qua

2197 2777 2354 2833 plena
2403 2764 2456 2818 in
2503 2764 2740 2820 Ecclesia
2793 2767 2939 2820 nulla
2981 2769 3151 2837 major
3178 2778 3290 2834 est,
3332 2780 3538 2841 potest,
3568 2774 3615 2828 si
3644 2774 3779 2830 Deus

2195 2855 2448 2921 voluerit,
2475 2854 2530 2910 in
2550 2857 2945 2927 correptionem
2975 2860 3378 2916 saluberrimam
3405 2865 3599 2920 cedere
3623 2875 3781 2936 atque

2197 2947 2476 3018 prolicere.
2495 2947 2680 3019 Neque
2701 2951 2842 3004 enim
2865 2951 3064 3006 scimus
3083 2953 3207 3022 quid
3237 2955 3510 3025 contingat
3539 2959 3781 3028 sequenti

2191 3038 2314 3106 die;
2335 3049 2427 3095 aut
2449 3048 2573 3095 ante
2594 3040 2752 3096 linem
2777 3042 2900 3098 vita
2920 3041 3079 3113 hujus
3103 3043 3170 3099 de
3197 3045 3374 3115 aliquo
3392 3046 3780 3116 desperandum

2196 3137 2306 3196 est;
2333 3139 2425 3185 aut
2446 3130 2740 3187 contradici
2768 3132 2880 3188 Deo
2901 3142 3095 3201 potest.
3125 3151 3192 3190 ne
3218 3136 3466 3206 respiciat
3489 3138 3648 3193 etdet
3675 3155 3787 3208 pos-

2196 3219 2510 3288 nitentiam,
2551 3229 2607 3276 et
2650 3224 3158 3293 aaceptosacrilicio
3183 3225 3404 3294 spiritus
3446 3229 3783 3284 eontribulati

2196 3312 2478 3384 cordisque
2507 3315 2724 3370 contriti
2750 3329 2780 3368 a
2811 3325 2960 3371 reatu
2982 3317 3230 3386 quamvis
3251 3317 3408 3387 justas
3432 3319 3784 3376 damnationis

2195 3403 2466 3470 absolvat,
2505 3403 2917 3476 damnatumque
2956 3407 3072 3477 ipse
3101 3423 3204 3461 non
3231 3411 3465 3463 damnet.
3494 3410 3786 3467 Pastoralis

2197 3505 2375 3553 tamen
2410 3499 2699 3554 necessitas
2727 3499 2918 3566 habet,
2964 3515 3031 3555 ne
3074 3515 3168 3570 per
3198 3500 3374 3570 plures
3413 3511 3630 3572 serpant
3670 3503 3784 3559 dira

2197 3591 2462 3661 contagia,
2490 3605 2743 3660 separare
2757 3593 2828 3647 ab
2847 3592 3035 3648 ovibus
3053 3594 3196 3646 sanis
3223 3593 3516 3650 morbidam
3542 3614 3557 3649 :
3580 3596 3650 3650 ab
3671 3597 3783 3662 ille,

2198 3682 2284 3736 cui
2312 3682 2444 3737 nihil
2463 3691 2548 3738 est
2573 3683 2922 3752 impossibile,
2953 3684 3064 3753 ipsa
3096 3683 3314 3738 forsitan
3337 3688 3676 3755 separatione
3698 3702 3786 3742 sa-

2199 3772 2450 3827 nandam.
2481 3773 2792 3830 Nescientes
2817 3775 2958 3828 enim
2989 3775 3108 3844 quis
3136 3777 3392 3844 pertineat
3419 3777 3486 3830 ad
3507 3779 3791 3846 praedesti-

2199 3873 2444 3918 natorum
2475 3879 2774 3927 numerum,
2809 3865 2927 3935 quis
2956 3880 3060 3920 non
3091 3867 3379 3936 pertineat;
3406 3868 3484 3920 sic
3510 3867 3652 3922 allici
3681 3868 3787 3923 de-

2199 3953 2388 4009 bemus
2401 3953 2672 4010 cbaritatis
2687 3955 2898 4021 allecto,
2919 3966 2977 4010 ut
2993 3971 3181 4012 omnes
3205 3958 3420 4012 velimus
3435 3958 3622 4014 salvos
3641 3959 3787 4016 fieri.

2200 4043 2315 4100 Hoc
2337 4046 2534 4116 quippe
2564 4046 2650 4113 ﬁt,
2680 4062 2801 4102 cum
2824 4049 3060 4118 singulos
3097 4063 3357 4120 quosque,
3381 4059 3437 4103 ut
3455 4052 3792 4106 occurrerint

2199 4152 2321 4192 cum
2346 4140 2540 4209 quibus
2561 4139 2610 4193 id
2636 4155 2796 4209 agere
2819 4141 3113 4208 valeamus,
3137 4141 3202 4196 ad
3227 4141 3326 4196 hoc
3347 4143 3793 4196 conamur-adduc

2201 4228 2363 4296 dere,
2405 4238 2460 4284 ut
2480 4229 2750 4298 justiticati
2793 4245 2858 4285 ex
2887 4231 2989 4286 lide
3034 4247 3214 4301 pacem
3260 4233 3487 4287 habeant
3527 4233 3594 4287 ad
3622 4233 3790 4289 Deum

2202 4318 2379 4389 (Boni.
2407 4337 2460 4386 v,
2482 4320 2542 4390 4)
2571 4337 2584 4373 :
2616 4337 2773 4390 quam
2800 4322 3118 4391 prmdicabat
3146 4325 3306 4378 etiam
3333 4325 3641 4395 Apostolus.
3667 4341 3790 4380 cum

2201 4408 2432 4472 dicebat,
2461 4408 2569 4464 Pro
2594 4412 2793 4466 Christo
2817 4429 2935 4482 ergo
2969 4414 3217 4485 legatione
3241 4417 3524 4484 fungimur,
3545 4425 3791 4486 tanquam

2203 4499 2312 4556 Deo
2337 4503 2634 4556 exhortante
2653 4519 2742 4573 per
2762 4520 2853 4556 nos
2872 4518 2892 4556 :
2919 4507 3234 4558 obsecramus
3258 4521 3352 4574 pro
3372 4505 3593 4571 Christo,
3615 4522 3793 4560 recon-

2204 4591 2368 4646 ciliari
2397 4590 2505 4646 Deo
2538 4591 2604 4655 (ll
2638 4592 2757 4648 Cor.
2789 4609 2842 4658 v,
2868 4592 2983 4666 20).
3011 4594 3148 4661 Quid
3174 4603 3258 4648 est
3283 4594 3426 4648 enim
3455 4596 3503 4650 ei
3541 4598 3792 4651 reconci-

2206 4681 2344 4747 liari,
2370 4682 2468 4736 nisi
2510 4699 2691 4753 pacem
2717 4684 2782 4738 ad
2814 4685 2958 4738 illum
2989 4684 3219 4738 habere?
3240 4683 3480 4753 Propter
3507 4701 3669 4754 quam
3702 4701 3796 4755 pa-

2205 4787 2323 4826 cem
2349 4773 2508 4827 etiam
2538 4773 2650 4842 ipse
2685 4775 2945 4828 Dominus
2976 4773 3134 4830 Iesus
3159 4774 3292 4829 dixit
3329 4775 3606 4845 discipulis
3633 4779 3749 4831 suis
3779 4793 3793 4829 :

2205 4862 2274 4917 In
2302 4879 2664 4933 quamcumque
2703 4865 2906 4918 domum
2947 4866 3284 4932 intraveritis,
3333 4868 3556 4936 priurum
3599 4868 3793 4932 dicite,

2209 4953 2327 5008 Pax
2353 4956 2468 5008 huic
2489 4955 2662 5008 domui
2688 4971 2706 5009 :
2731 4965 2779 5008 et
2805 4957 2850 5010 si
2877 4956 2947 5008 ibi
2973 4957 3124 5026 fuerit
3154 4957 3293 5024 ﬁlius
3327 4957 3490 5025 pacis,
3519 4960 3799 5028 requiescet

2207 5061 2361 5115 super
2399 5045 2544 5099 illum
2581 5062 2684 5115 paa:
2713 5055 2884 5100 uestra
2898 5063 2918 5111 ;
2960 5046 3040 5100 sin
3080 5057 3269 5111 autem,
3301 5047 3370 5100 ad
3410 5063 3498 5102 vos
3521 5057 3800 5102 revertetur

2209 5137 2384 5209 (Luc.
2419 5154 2476 5204 ι,
2505 5138 2560 5202 5,
2590 5137 2689 5209 6).
2734 5138 2868 5192 Cum
2906 5137 3047 5192 hanc
3084 5139 3449 5209 evangelizant
3487 5154 3700 5210 pacem,
3731 5138 3800 5194 de

2209 5231 2401 5302 quibus
2424 5230 2732 5301 prmdictum
2757 5239 2872 5294 est,
2895 5230 3061 5295 Quam
3095 5232 3311 5301 speciosi
3337 5232 3489 5302 pedes
3514 5247 3692 5286 eorum
3716 5229 3803 5300 qui

2209 5323 2511 5377 annuntiant
2539 5337 2733 5392 pacem,
2763 5323 2850 5392 qui
2866 5322 3172 5376 annuntiant
3202 5322 3330 5376 bona
3357 5321 3525 5395 (lsai.
3559 5339 3651 5388 ut,
3683 5323 3716 5376 7
3740 5321 3796 5390 )!

2211 5413 2366 5470 nobis
2392 5411 2605 5483 quidem
2651 5421 2777 5467 tunc
2813 5411 3001 5482 incipit
3024 5426 3147 5468 esse
3181 5413 3405 5483 quisque
3442 5413 3585 5469 ﬁlius
3613 5412 3802 5484 pacis,

2211 5520 2333 5560 cum
2358 5502 2619 5559 obedierit
2642 5510 2698 5558 et
2723 5501 3011 5558 crediderit
3037 5503 3162 5559 huic
3183 5503 3224 5558 Ε
3233 5504 3493 5574 vangelio,
3523 5514 3578 5560 et
3598 5519 3663 5559 ex
3690 5501 3801 5556 ﬁde

2213 5719 2438 5846 illic/cret}
2449 5715 2584 5769 vellet
2627 5723 2672 5769 et
2711 5719 2890 5782 faceret
2916 5731 2935 5771 :
2959 5718 3082 5770 forte
3113 5732 3216 5784 pro,
3244 5717 3380 5770 vellet
3419 5717 3582 5770 dicere
3597 5754 3614 5780 ,
3657 5715 3802 5769 uellet

2213 5796 2239 5835 e
2299 5795 2410 5831 acer
2443 5816 2454 5829 .

2212 5795 2256 5835 ει
2280 5795 2454 5835 Iacere.

2284 5840 2414 5900 ’Hic
2439 5858 2500 5897 ex
2525 5855 2623 5894 uao
2645 5843 2865 5893 Vaticano
2888 5851 2968 5893 Ms.
2993 5842 3225 5904 addimus,
3249 5840 3377 5906 quod
3401 5843 3630 5904 Ῑεαιταηι,
