4022 6470
257 525 562 599 justiﬁcatus
607 535 792 592 pacem
817 519 884 575 ad
917 519 1080 574 Deum
1109 517 1307 572 habere
1334 516 1565 584 coeperit
1590 532 1602 568 :
1634 524 1828 566 secun-

260 625 378 677 dum
413 625 587 670 autem
621 611 1140 684 prtedestiuationem
1190 609 1320 673 Dei,
1363 608 1471 677 jam
1508 605 1644 658 ﬁlius
1689 602 1833 672 pacis

257 716 385 764 erat.
407 705 586 775 Neque
603 705 747 759 enim
773 703 974 774 dictum
1006 710 1108 767 cst,
1139 700 1311 769 Super
1331 711 1486 765 quem
1515 693 1837 765 requieverit

261 813 354 869 pax
384 807 578 862 vestra,
609 795 864 849 ﬁct‘ﬁlius
892 794 1035 862 pacis
1064 791 1222 856 :‘sed,
1255 790 1318 845 Si
1344 791 1412 844 ibi
1441 789 1612 858 fuerit,
1645 787 1832 856 inquit,

260 887 389 953 (ilius
423 887 581 959 pacis,
609 888 889 950 requiescet
904 900 1055 952 super
1086 883 1227 936 illam
1255 883 1460 936 domum
1477 880 1496 910 ¹
1525 895 1626 947 pax
1651 887 1833 932 vestra.

264 981 367 1036 lam
400 993 526 1049 ergo
545 988 599 1032 et
620 987 902 1046 antequam
935 973 1443 1028 illi‘annuntiaretur
1468 971 1581 1026 lucc
1606 985 1734 1040 pax,
1779 967 1839 1021 ﬁa-

262 1083 354 1125 nus
383 1069 527 1139 pacis
551 1067 621 1122 ibi
647 1077 783 1132 erat,
812 1067 949 1122 sicut
969 1081 1088 1118 eum
1119 1072 1339 1118 noverat
1357 1073 1514 1132 atque
1536 1059 1842 1131 pncscierat

260 1174 358 1212 ttutl
386 1156 730 1226 evangelista,
765 1155 874 1210 sed'
893 1155 1053 1210 Deus.
1081 1154 1162 1208 A‘d
1190 1168 1287 1207 nos
1311 1168 1438 1222 ergo
1463 1152 1552 1221 qui
1575 1151 1840 1206 nescimus

261 1251 498 1318 quisnam
523 1249 596 1302 sit
621 1248 760 1302 ﬁlius
797 1248 960 1318 pacis,
991 1255 1082 1300 aut
1117 1260 1221 1300 non
1249 1247 1337 1306 sit.
1377 1245 1606 1314 pertinet
1630 1243 1832 1296 nullum

264 1349 536 1410 exceptum
582 1339 790 1402 facere,
828 1339 1138 1409 nullumque
1177 1337 1514 1400 discernere;
1564 1335 1656 1390 sed
1701 1333 1842 1389 velle

263 1448 442 1485 utimes
478 1432 655 1484 salvos
685 1432 796 1486 ﬁeri
819 1472 835 1497 ,
875 1431 1068 1500 quibus
1097 1429 1445 1498 praedicamus
1473 1427 1609 1483 banc
1628 1442 1839 1498 pacem.

266 1525 440 1594 Neque
468 1527 610 1578 enim
641 1522 984 1577 metuendum
1012 1530 1092 1576 est
1116 1537 1183 1574 ne
1214 1519 1498 1590 perdamus
1523 1534 1661 1583 eam,
1690 1518 1734 1570 si
1756 1517 1844 1571 ille

265 1617 342 1670 cui
371 1615 735 1685 przedicamus,
769 1630 874 1668 non
896 1625 978 1668 est
1005 1612 1145 1666 ﬁlius
1173 1611 1337 1682 pacis,
1367 1609 1730 1681 ignorantibus
1751 1623 1847 1661 no-

264 1707 340 1759 bis
370 1724 383 1758 :
415 1706 479 1758 ad
517 1720 614 1758 nos
642 1705 784 1758 enim
827 1713 1145 1767 revertetur,
1187 1702 1240 1756 id
1279 1709 1395 1767 est,
1429 1700 1582 1754 nobis
1609 1697 1848 1770 proderit

263 1799 353 1848 ista
387 1794 696 1865 przedicatio
718 1835 730 1856 ,
763 1810 866 1847 non
904 1803 957 1847 et
995 1793 1106 1858 illi;
1137 1793 1182 1846 si
1213 1801 1388 1845 autem
1415 1806 1576 1860 super
1597 1805 1718 1845 eum
1746 1804 1845 1858 pax

263 1887 544 1958 praedicata
571 1887 911 1956 requieverit,
941 1895 992 1939 et
1017 1885 1190 1947 nobis,
1223 1893 1277 1938 et
1303 1883 1399 1937 illi.

326 1981 410 2032 47.
441 1980 577 2046 Quia
611 1994 741 2048 ergo
771 1992 870 2032 nos
908 1976 998 2048 qui
1025 1976 1157 2030 salvi
1185 1976 1345 2031 futuri
1373 1975 1482 2029 sint
1510 1973 1845 2035 nescientes,

260 2087 440 2124 onmes
491 2072 685 2141 quibus
731 2070 1081 2140 prtedicamus
1121 2069 1259 2123 hanc
1299 2082 1486 2137 pacem
1528 2065 1705 2119 salvos
1735 2064 1849 2119 ﬁeri

261 2163 560 2217 velle‘ilmis
589 2163 774 2232 jubet,
804 2173 859 2218 et
883 2162 997 2232 ipse
1023 2163 1074 2216 in
1120 2162 1273 2216 nobis
1301 2159 1405 2214 hoc
1433 2168 1682 2230 operatur
1704 2200 1718 2221 ,
1749 2157 1855 2212 dif-

263 2252 528 2307 ﬁunlendo
566 2254 724 2308 istam
772 2253 1085 2308 cbaritatem
1133 2253 1186 2306 in
1232 2251 1483 2306 cordibus
1528 2249 1727 2303 nostris
1758 2264 1853 2318 per

261 2343 514 2412 Spiritum
546 2353 788 2399 sanctum
834 2344 922 2414 qui
950 2343 1107 2398 datus
1135 2353 1218 2397 est
1259 2342 1412 2396 nobis
1441 2339 1618 2411 (Rom.
1658 2355 1714 2405 v,
1746 2340 1800 2409 5)
1831 2355 1860 2392 τ

260 2445 429 2502 potest
470 2436 636 2490 etiam
668 2435 746 2489 sic
785 2434 1048 2504 intelligi,
1079 2433 1220 2504 quod
1265 2449 1435 2487 omnes
1462 2431 1686 2485 homines
1715 2430 1852 2484 Deus

260 2528 358 2580 rult
387 2529 558 2581 salvos
589 2527 702 2595 fieri
717 2544 737 2592 ;
773 2526 1026 2596 quoniam
1056 2541 1153 2580 nos
1185 2525 1310 2580 facit
1349 2524 1524 2579 velle:
1552 2523 1691 2578 sicut
1717 2522 1864 2576 misit~

264 2621 514 2688 Spiritum
567 2618 690 2673 Filii
745 2619 836 2673 sui'
870 2619 1204 2684 clamantem,
1247 2616 1423 2682 Abba,
1456 2614 1614 2669 Pater
1654 2613 1850 2688 (Galat.

262 2729 329 2778 iv,
357 2713 437 2783 6),
467 2711 521 2766 id
544 2721 625 2766 est
649 2755 664 2779 ,
699 2727 796 2766 nos
821 2712 1057 2766 clamare
1079 2711 1380 2765 iacientem.
1416 2708 1492 2764 De
1519 2707 1638 2778 ipso
1658 2708 1854 2778 quippe

261 2801 484 2871 Spiritu,
517 2803 623 2857 alio
648 2803 766 2857 loco
789 2803 936 2866 dicit,
966 2791 1268 2869 Accepinms
1289 2800 1540 2872 Spiritum
1567 2799 1854 2871 adOptionis

263 2893 506 2961 ﬁliorum,
530 2893 1016 2961 inquoclumamus,
1042 2891 1198 2954 Abba,
1229 2890 1381 2946 Pater
1401 2890 1576 2959 (Rom.
1597 2905 1712 2954 vm,
1737 2887 1851 2962 15).

262 2983 366 3040 Nos
395 3000 529 3053 ergo
559 2984 854 3038 clamanms
873 3025 886 3047 ,
919 2982 1013 3037 sed
1043 2982 1129 3036 ille
1157 2984 1390 3036 clamare
1413 2982 1587 3036 dictus
1616 2990 1732 3046 est,
1763 2983 1854 3052 qui

262 3077 422 3132 efﬁcit
485 3087 541 3130 ιιι
591 3077 903 3132 clamemus.
956 3076 1013 3132 Si
1052 3092 1180 3146 ergo
1233 3077 1550 3131 clamantem
1600 3076 1853 3147 Spiritum

263 3177 405 3222 recte
428 3168 566 3221 dixit
608 3168 912 3238 Scriptura,
945 3184 974 3222 a
1014 3183 1121 3238 quo
1157 3167 1385 3222 efﬁcitur
1432 3177 1488 3221 ut
1526 3168 1852 3234 clamemus;

264 3271 403 3314 recte
441 3257 608 3313 etiam
650 3259 916 3312 volentem
949 3258 1116 3312 Deum
1147 3275 1176 3312 a
1226 3257 1589 3328 quo-efﬁcitur
1627 3267 1683 3313 ut
1720 3260 1854 3314 veli-

264 3367 400 3406 mus.
435 3354 511 3406 Ac
537 3367 633 3422 per
661 3353 781 3416 hoc,
817 3351 936 3421 quia
977 3361 1031 3406 et
1058 3351 1402 3421 corripiendo
1425 3353 1552 3406 nilnil
1591 3353 1732 3406 aliud
1762 3353 1859 3407 de-

265 3442 448 3497 bemus
485 3458 643 3511 agcre
667 3485 681 3508 ,
724 3442 824 3496 nisi
856 3452 925 3496 ut
947 3441 1014 3496 ab
1053 3442 1149 3496 ista
1183 3457 1316 3511 pace
1337 3457 1456 3511 qua:
1485 3452 1567 3496 est
1593 3443 1658 3496 ad
1691 3443 1856 3498 Deum

265 3549 369 3589 non
401 3534 708 3598 recedatur,
735 3543 824 3587 aut
851 3534 915 3587 ad
943 3548 1057 3587 eam
1082 3534 1169 3603 qui
1198 3541 1492 3588 recesserat
1522 3543 1819 3589 revertatur
1838 3577 1867 3601 ,.

266 3643 362 3681 nos
401 3642 622 3697 agamus
651 3627 766 3680 sine
801 3625 1172 3695 desperatione
1201 3624 1341 3694 quod
1381 3624 1604 3693 agimus.
1637 3624 1690 3680 Si
1723 3625 1858 3679 ﬁlius

268 3719 412 3788 pacis
454 3729 534 3772 cst
578 3733 735 3788 quem
781 3717 1137 3786 corripimus,
1186 3717 1485 3786 requiescet
1531 3732 1692 3786 super
1736 3733 1857 3771 eum

269 3827 366 3879 pax
400 3821 581 3864 nostra
613 3827 626 3862 :
656 3810 736 3864 sin
764 3817 963 3874 autem,
992 3809 1058 3862 ad
1100 3823 1196 3862 nos
1222 3817 1539 3862 revertetur.

337 3903 426 3956 48.
454 3902 705 3969 Quamvis
749 3902 928 3972 itaque
969 3903 1129 3956 etiam
1157 3901 1284 3955 dum
1333 3901 1685 3969 quorumdam
1731 3901 1860 3956 ﬁdes

267 3993 627 4055 subvertitur,
661 3994 870 4045 ﬁrmum
900 3993 990 4046 Dei
1023 3993 1420 4047 fundamentum
1445 4001 1578 4060 stet,
1611 3995 1859 4062 quoniam

267 4082 427 4136 scivit
474 4080 724 4133 Dominus
754 4083 842 4150 qui
885 4091 1008 4135 sunt
1037 4083 1153 4151 ejus
1185 4101 1198 4136 ε
1233 4100 1336 4137 non
1385 4094 1559 4139 tamen
1607 4085 1726 4140 ideo
1764 4102 1862 4140 nos

270 4173 405 4243 pigri
429 4181 482 4224 et
505 4171 832 4242 negligentes
853 4187 973 4227 esse
1001 4171 1258 4228 debemus
1290 4175 1341 4228 in
1369 4175 1742 4244 corripiendis,
1771 4178 1862 4247 qui

270 4262 592 4332 corripiendi
640 4271 783 4316 sunt.
834 4263 1016 4334 Neque
1062 4265 1205 4319 enim
1256 4265 1447 4320 frustra
1497 4267 1696 4321 dictum
1745 4278 1860 4339 est,

275 4353 620 4424 Corrumpunt
673 4370 834 4408 mores
878 4356 1032 4408 bonos
1072 4356 1324 4426 colloquia
1350 4357 1486 4411 mala
1527 4357 1568 4426 (I
1598 4356 1714 4412 Cor.
1760 4376 1862 4427 xv,

271 4447 401 4518 '53);
442 4455 517 4512 et,
554 4445 742 4500 Peribit
767 4448 788 4478 ⁸
813 4447 1047 4516 inﬁrmus
1068 4449 1225 4501 inltua
1245 4449 1452 4502 scientia
1474 4491 1488 4513 ,
1521 4448 1711 4518 frater,
1741 4467 1864 4520 pro-

339 4581 354 4612 ί
395 4587 461 4646 tta
482 4579 572 4628 lioc
592 4579 699 4630 loco
724 4587 831 4630 Mss.
853 4587 909 4630 At
946 4581 1062 4631 editi
1087 4582 1284 4642 habent,
1308 4595 1454 4646 super
1487 4595 1596 4632 eum
1611 4591 1706 4645 ,'.et
1727 4591 1868 4634 ornit-

274 4647 402 4700 tunt,
427 4641 638 4690 domum.

340 4705 360 4733 ²
395 4709 446 4753 ιιι
465 4708 595 4764 Mss,
619 4700 767 4753 Perit.

899 4815 1425 4826 —I———_.—-.-
1446 4813 1724 4826 ἑοῖ-ο

703 4853 881 4863 ___
928 4823 931 4824 ν
980 4856 1015 4863 _
1080 4823 1422 4826 ηίὴνίῄέ

703 4853 881 4863 -——.

1025 4855 1432 4865 —._______.

1058 407 1149 463 A'J
1185 398 1722 471 SUBSEQUENTES
1762 396 1950 454 DUUS’
1976 397 2218 456 LIBROS
2255 397 2650 454 ADMONITIO.

3413 400 3518 458 946

1939 522 2049 582 pter
2065 529 2213 585 quem
2229 511 2456 568 Christus
2481 523 2702 568 mortuus
2726 522 2796 566 est
2814 512 2988 581 (ICor.
3011 530 3099 569 vnt
3119 555 3135 582 ,
3163 514 3276 586 li).
3302 501 3528 571 Nonar-

1939 617 2310 675 gumentcmur
2337 617 2519 661 contra
2545 607 2641 659 ilsta
2671 615 2930 675 praecepta
2955 605 3330 676 salubremque
3360 616 3528 662 terroo

1940 711 2054 750 rem
2081 695 2318 751 dicentes
2340 738 2352 761 ,
2399 698 2474 751 Et
2487 706 2830 767 corrumpant
2861 711 3037 750 mores
3062 695 3234 752 bonos
3260 696 3526 766 colloquia

1941 787 2103 852 mala;
2135 786 2219 850 Ει,
2253 798 2436 856 pereat
2463 788 2724 854 inﬁrmus,
2747 787 2873 858 quid
2899 787 2965 842 ad
2987 788 3125 843 nos?
3146 787 3384 842 Firmum
3408 788 3533 842 ttin-

1941 877 2248 932 damentum
2277 880 2368 934 Dei
2396 888 2520 945 stat,
2551 889 2605 935 et
2627 894 2786 936 nemo
2815 879 2952 950 perit
2977 878 3087 935 nisi
3109 878 3247 934 ﬁlius
3270 878 3530 950 perditio-

2013 1058 2240 1114 CAPU'I‘
2279 1058 2418 1113 XVI.
2445 1089 2516 1100 -—
2547 1060 2696 1115 Absit
2720 1068 2780 1115 ut
2824 1061 2922 1115 ista
2949 1061 3246 1132 garrientes
3266 1103 3282 1128 ,
3313 1073 3533 1116 securos

1945 1169 2044 1210 nos
2076 1153 2128 1207 iu
2161 1154 2258 1208 bac
2286 1154 2602 1223 negligentia
2629 1168 2748 1209 esse
2783 1154 2980 1208 debere
3000 1154 3300 1209 credamus.
3334 1154 3532 1208 Verum

1945 1255 2029 1301 est
2052 1246 2192 1300 enim
2219 1246 2339 1316 quia
2369 1261 2527 1300 netno
2553 1245 2731 1316 perit,
2762 1245 2862 1300 nisi
2893 1246 3029 1300 iilius
3058 1244 3369 1317 perditionis
3397 1262 3412 1298 :
3438 1243 3536 1299 sed

1947 1337 2025 1391 ait
2049 1336 2186 1390 Deus
2214 1353 2305 1406 per
2331 1336 2661 1390 Ezechielem
2701 1336 3048 1406 prophetam,
3092 1335 3194 1390 Ille
3233 1337 3436 1407 quidem
3477 1335 3536 1388 in

1949 1439 2152 1498 peccato
2185 1446 2276 1483 suo
2307 1429 2579 1492 morietur,
2624 1430 2918 1498 sanguinem
2955 1445 3071 1483 vero
3116 1430 3226 1500 ejus
3273 1430 3337 1484 de
3378 1443 3536 1484 manu

1947 1520 2277 1591 speculatoris
2299 1521 2545 1591 requiram
2575 1519 2789 1590 (Ezech.
2820 1537 2874 1575 Ill
2895 1563 2910 1587 ,
2939 1523 3050 1591 18).

2021 1615 2110 1669 49.
2142 1614 2370 1669 Proinde
2395 1656 2408 1676 ,
2437 1623 2690 1684 quantum
2717 1614 2781 1668 ad
2822 1630 2920 1670 nos
2950 1616 3212 1684 pertinet,
3257 1616 3344 1686 qui
3393 1630 3536 1687 prae-

1951 1704 2242 1760 destinatos
2269 1720 2299 1758 a
2339 1720 2442 1758 non
2488 1705 2874 1775 prtcdeSIinatis
2912 1707 3217 1762 discernere
3260 1723 3366 1762 non
3395 1708 3538 1762 vale-

1954 1812 2105 1858 mus,
2138 1806 2192 1850 et
2228 1795 2298 1850 ob
2340 1795 2440 1850 hoc
2469 1811 2656 1851 tnnues
2693 1799 2870 1850 salvos
2901 1797 3012 1852 ﬁeri
3053 1799 3191 1853 velle
3239 1798 3536 1863 debemus;

1953 1887 2222 1953 omnibus,
2250 1904 2317 1942 ne
2345 1897 2582 1958 pereant,
2611 1889 2693 1942 vel
2721 1905 2786 1945 ne
2811 1889 2946 1945 alios
2971 1891 3213 1960 perdant,
3240 1892 3540 1947 adhibenda

1953 1991 2035 2036 est
2060 1996 2090 2035 a
2122 1982 2275 2037 nobis
2301 1981 2687 2037 mediciualiter
2727 1997 2910 2038 severa
2954 1986 3222 2054 correptio
3267 2003 3282 2042 :
3324 1985 3418 2040 Dei
3458 1993 3544 2040 est

1954 2082 2129 2126 autem
2158 2072 2260 2126 illis
2287 2087 2407 2127 eam
2437 2071 2612 2127 ﬁicere
2643 2073 2826 2128 utilem
2853 2117 2867 2141 ,
2901 2089 3034 2144 quos
3060 2076 3172 2143 ipse
3199 2077 3461 2145 pra-scivit
3487 2087 3544 2131 et

1956 2163 2351 2234 praedestinavit
2397 2165 2698 2231 conformes
2749 2167 2992 2237 imaginis
3022 2168 3138 2222 Filii
3181 2169 3282 2223 sui.
3314 2169 3369 2224 Si
3398 2170 3542 2224 enim

1956 2256 2240 2325 aliquando
2261 2257 2450 2311 timore
2477 2273 2580 2310 non
2603 2259 2942 2327 corripimus,
2965 2276 3030 2312 ne
3050 2260 3240 2329 aliquis
3268 2261 3389 2314 inde
3415 2276 3538 2330 pcr-

1956 2356 2064 2411 eat',
2088 2363 2186 2402 cur
2207 2364 2310 2402 non
2340 2349 2498 2402 etiam
2527 2349 2716 2405 timore
2742 2351 3076 2419 corripimus,
3105 2367 3172 2406 ne
3201 2352 3390 2422 aliquis
3420 2353 3543 2408 inde

1959 2437 2080 2509 plus
2116 2438 2334 2508 pereat?
2369 2438 2551 2508 Neque
2579 2439 2722 2494 enim
2765 2438 3065 2494 dilectionis
3108 2441 3310 2496 viscera
3342 2442 3543 2510 majora

1957 2543 2228 2602 gestamus
2247 2546 2404 2600 quam
2431 2531 2618 2586 beatus
2643 2531 2948 2600 Apostolus,
2977 2533 3064 2602 qui
3092 2531 3219 2587 dicit
3249 2550 3262 2586 :
3295 2533 3544 2602 Corripite

1959 2623 2230 2691 inquietos,
2259 2623 2590 2676 consolamini
2609 2623 2952 2692 pusillanimes
2967 2665 2982 2689 ,
3013 2623 3251 2692 suscipite
3275 2623 3505 2687 inﬁrmos
3523 2665 3540 2690 ,

1961 2715 2208 2784 patientes
2232 2721 2385 2766 estote
2418 2713 2497 2764 σάν
2525 2728 2695 2766 omnes
2722 2729 2741 2767 :
2767 2713 2926 2767 videte
2968 2729 3032 2766 ne
3056 2714 3167 2784 quis
3215 2714 3406 2767 malum
3449 2729 3546 2783 pro

1959 2806 2095 2859 malo
2120 2805 2275 2859 alicui
2301 2805 2480 2858 reddat
2507 2804 2548 2874 (l
2570 2803 2746 2858 Thess.
2772 2820 2826 2870 v,
2857 2805 2944 2871 Mr,
2978 2805 3090 2875 15).
3121 2803 3222 2860 Ubi
3249 2803 3548 2874 intelligen-

1960 2896 2089 2952 dum
2119 2904 2201 2951 est
2229 2908 2352 2950 tunc
2374 2897 2547 2966 potius
2578 2896 2772 2950 malum
2801 2911 2899 2968 pro
2923 2897 3064 2950 malo
3087 2895 3238 2950 reddi
3262 2936 3275 2959 ,
3297 2899 3343 2950 st
3371 2896 3547 2949 corri-

1963 2989 2185 3060 piendus
2214 3005 2319 3043 non
2346 2988 2633 3057 corripitur
2650 3027 2675 3053 τ
2693 2987 2787 3043 sed
2815 3003 2972 3058 prava
2999 2987 3422 3043 dissimulatione
3449 3004 3548 3041 ne-

1961 3083 2198 3154 gligitur.
2239 3083 2376 3137 Dicit
2401 3082 2560 3138 etiam
2591 3097 2606 3135 :
2639 3080 2915 3136 Peccantes
2943 3097 3117 3134 coram
3159 3081 3390 3135 munibus
3429 3096 3548 3133 cor-

1959 3175 2100 3245 ripe,
2135 3183 2187 3226 ut
2213 3174 2378 3227 cteteri
2420 3174 2647 3226 timorem
2685 3172 2901 3226 habeant
2928 3172 2971 3243 (Ι
2990 3169 3122 3226 Tim.
3150 3187 3206 3238 ν,
3246 3171 3364 3242 20).
3398 3171 3550 3238 Quod

1960 3264 2028 3320 de
2057 3263 2139 3318 bis
2168 3263 2396 3334 peccatis
2424 3261 2791 3332 accipiendum
2824 3273 2909 3317 est
2948 3278 3068 3332 qute
3108 3277 3214 3316 non
3255 3263 3420 3318 latent
3439 3303 3453 3326 ,
3484 3278 3553 3318 ne

1961 3365 2144 3410 contra
2193 3355 2396 3408 Domini
2436 3356 2751 3410 sententiam
2793 3362 3005 3424 putetur
3034 3354 3259 3409 locutus.
3289 3354 3379 3408 ille
3407 3354 3550 3408 enim

1961 3449 2092 3504 dicit
2125 3467 2138 3502 :
2170 3448 2230 3501 Si
2253 3447 2527 3518 peccaverit
2552 3448 2605 3500 in
2630 3459 2678 3500 te
2705 3449 2862 3518 frater
2887 3457 3002 3500 tuus
3027 3487 3043 3513 ,
3071 3447 3269 3516 corripe
3288 3462 3402 3500 eum
3421 3446 3553 3500 inter

1962 3551 2010 3594 te
2052 3551 2096 3594 et
2125 3541 2313 3610 ipsum.
2338 3539 2715 3595 Verumtamen
2741 3547 2796 3593 et
2845 3539 2958 3608 ipse
2985 3538 3325 3594 severitatem
3373 3552 3556 3592 corre-

1965 3634 2158 3704 ptionis
2178 3648 2244 3688 eo
2274 3648 2439 3701 usque
2466 3631 2742 3701 perducit,
2777 3640 2836 3685 ut
2859 3631 3032 3697 dicat,
3061 3630 3123 3686 Si
3152 3646 3242 3684 nec
3269 3627 3553 3684 Ecclesiam

1963 3727 2200 3791 audierit,
2223 3727 2286 3780 sit
2313 3726 2397 3778 tibi
2427 3735 2664 3792 tanquam
2691 3725 2915 3778 ethnicus
2943 3733 2988 3778 et
3011 3723 3309 3794 publicanus
3334 3721 3553 3792 (Matth.

1969 3833 2093 3871 svnt
2117 3858 2132 3882 ,
2166 3817 2261 3876 15.
2294 3814 2405 3887 i7).
2449 3815 2516 3869 Et
2539 3815 2659 3884 quis
2685 3815 2853 3886 magis
2881 3814 3068 3870 dilexit
3102 3814 3369 3878 inﬁrmos,
3394 3829 3552 3884 quam

1965 3909 2054 3963 ille
2083 3909 2171 3978 qui
2205 3925 2300 3978 pro
2326 3908 2574 3962 omnibus
2618 3919 2700 3962 est
2730 3907 2898 3962 factus
2928 3907 3170 3962 inﬁrmus
3194 3949 3210 3971 ,
3237 3916 3292 3962 et
3320 3923 3414 3976 pro
3440 3923 3556 3960 onl-

1967 4000 2124 4054 nibus
2169 4015 2232 4054 ex
2287 4001 2400 4070 ipsa
2443 4000 2748 4054 inﬁrmitate
2787 3999 3114 4054 cruciﬁxus?
3153 3998 3283 4067 Qttzc
3321 4011 3442 4052 cum
3485 3998 3558 4052 ita

1967 4095 2073 4148 sint
2095 4134 2110 4160 ,
2137 4109 2233 4148 ncc
2263 4095 2431 4162 gratia
2463 4092 3138 4164 probibetcorreptionem,
3162 4105 3262 4145 nec
3289 4091 3558 4159 correptio

1968 4193 2136 4256 negat
2167 4187 2392 4255 gratiam
2421 4201 2434 4238 :
2466 4193 2528 4240 et-
2564 4184 2690 4238 ideo
2711 4184 2790 4238 sic
2825 4191 2908 4237 est
2940 4181 3289 4251 przecipieuda
3312 4181 3513 4250 justitia
3539 4222 3554 4247 ,

1969 4289 2084 4334 uta
2113 4279 2222 4332 Deo
2261 4277 2427 4346 gratia
2449 4317 2464 4343 ,
2495 4288 2598 4346 qua
2647 4274 2697 4330 id
2736 4273 2876 4345 quod
2905 4273 3210 4345 prtecipitur
3249 4274 3372 4336 ﬁat,
3420 4272 3560 4328 lideli

1969 4375 2210 4430 oratione
2253 4381 2542 4443 poscatur;
2575 4381 2630 4429 et
2677 4371 2780 4428 hoc
2819 4381 3103 4441 utrumque
3141 4371 3212 4426 ita
3257 4371 3557 4427 faciendum

1970 4476 2086 4530 est,
2120 4473 2175 4519 ut
2206 4480 2378 4534 neque
2404 4465 2562 4532 justa-
2577 4464 2844 4534 correptio
2867 4463 3181 4533 negligatur.
3212 4462 3402 4517 Omnia
3434 4479 3559 4519 vero

1973 4561 2088 4615 inec
2123 4577 2244 4614 cum
2289 4559 2551 4614 cbaritate
2599 4560 2771 4612 liant':
2797 4557 3049 4627 quoniam
3078 4555 3310 4610 citaritas
3349 4569 3446 4610 nec
3487 4555 3560 4614 fac

1971 4651 2045 4707 cit
2069 4660 2375 4721 peccatum,
2407 4659 2463 4706 et
2501 4652 2746 4720 cooperit
2770 4647 3162 4703 multitudinem
3197 4654 3560 4716 peccatorum.

1447 4809 3254 4861 :.__,___________________
3483 4810 3490 4814 .

895 4947 1050 5039 AD
1116 4949 2020 5060 SUBSEQUENTES
2081 4949 2412 5035 DUOS'
2485 4948 2940 5039 LIBROS,

535 5102 729 5147 υιωιικ
759 5103 852 5145 DE-
887 5102 1491 5146 PBEDESTINATIONE
1533 5103 1946 5161 SANCTOBUM,
1997 5104 2297 5148 ALTERUM
2357 5105 2442 5147 DE
2498 5103 2667 5150 DONO
2715 5101 3283 5159 PERSEVERANTUE,

1410 5223 1654 5350 AD
1675 5221 2458 5354 MONITIO

1105 5407 1394 5469 PETITA
1459 5407 1584 5468 EX.
1647 5406 2268 5471 LOVANIENSIUM.
2322 5410 2726 5474 EDITIONE.

1726 5551 2133 5588 -οαυοοκ-σ-

353 5643 709 5712 Postquamin
735 5639 934 5698 Gallias
956 5639 1098 5695 allati
1129 5640 1280 5696 fuere
1310 5639 1428 5696 libri
1452 5639 1665 5712 quidam
1687 5649 1966 5710 Augustini
1993 5653 2175 5698 contra
2205 5643 2518 5714 Pelagianos
2547 5647 2749 5716 scripti,
2770 5662 2874 5700 non
2892 5661 3177 5717 paucorum
3203 5647 3310 5703 illic
3333 5649 3564 5718 animos,

286 5735 658 5798 «intenderunt;
695 5750 811 5790 non.
831 5731 1085 5792 modolde
1111 5733 1382 5788 communi
1411 5733 1691 5789 doctorum
1719 5735 1910 5803 vulgo,
1939 5733 2032 5789 sed
2063 5735 2411 5804 quorumdam
2439 5738 2599 5791 etiam
2632 5737 3066 5808 presbyterorum
3103 5753 3166 5794 ac
3192 5739 3564 5811 episcoporum

284 5832 453 5900 quiet
482 5828 676 5900 pietate
697 5827 1072 5885 eteruditione
1100 5825 1339 5885 celebres
1380 5834 1434 5883 ct
1459 5826 2167 5884 commendatihabebantur
2198 5827 2375 5886 :adco
2417 5840 2475 5886 ut
2519 5832 2668 5887 multi
2722 5849 2934 5905 quoque
2977 5833 3255 5905 Augustini
3304 5835 3559 5891 doctrina:
