4022 6460
475 355 580 412 9η
1440 348 1766 405 EPISTULA
1808 345 2145 404 PROSPERI
2185 347 2276 403 AD
2313 344 2776 404 AUGUSTINUM.
3658 348 3766 405 948

476 466 745 532 faventes,
774 479 962 522 eorum
986 461 1355 519 auctoritatem
1379 460 1596 516 reveriti
1620 501 1636 526 ,
1667 475 1698 514 a
1727 458 1950 516 meliore
1971 460 2230 516 sententia
2254 469 2649 531 revocarentur,
2678 471 2769 515 aut
2787 475 2905 517 eam
2939 473 3085 518 certe
3123 461 3358 534 proliteri
3385 463 3602 534 publice
3643 479 3755 518 non

483 560 764 615 auderent.
795 557 991 612 Verum
1021 556 1111 611 alii
1133 555 1348 627 quidam
1371 553 1700 610 cordatiores
1727 553 2125 624 lirmioresqtte,
2155 553 2294 608 inter
2321 569 2454 624 quos
2482 555 2731 624 praacipui
2754 555 2982 626 Prosper
3005 567 3059 612 et
3081 556 3309 612 llilarius
3334 557 3436 629 (a),
3461 559 3758 614 scutientcs

477 671 575 712 eos
606 655 872 726 Pelagiani
892 654 1095 712 erroris
1118 654 1204 709 vel
1234 653 1475 708 incautos
1498 650 1769 721 negotium
1795 664 1953 720 agere
1972 690 1989 715 ,
2022 648 2282 719 quosdam
2311 663 2440 704 vero
2485 663 2598 702 rem
2626 665 2732 703 non
2772 647 3093 704 intellectam
3121 651 3366 720 imperite
3401 652 3752 719 calumniari;

477 749 770 808 l‘ortiter.se
798 747 861 802 iis
886 760 1204 818 opposuere.
1233 743 1435 810 Quibus
1459 757 1580 797 cum
1608 756 1706 812 per
1727 740 1906 796 omnia
1931 738 2239 796 satisfacere
2264 755 2368 794 non
2399 749 2651 808 possent,
2678 754 2739 795 re
2784 739 2852 794 ad
2876 742 3226 808 Augustinum
3273 743 3440 798 relata
3479 753 3671 814 rogant
3701 753 3760 799 ut

478 856 600 911 quae
630 840 684 896 in
707 839 830 911 ejus
857 839 1030 905 libris,
1063 837 1360 909 praesertim
1387 835 1455 892 de
1482 833 1835 904 Correptione
1859 842 1912 888 et
1938 831 2117 888 Gratia
2136 875 2154 900 ,
2181 830 2440 903 quosdam
2483 845 2704 886 suorum
2748 831 3088 888 oll'endebant
3108 875 3125 901 ,
3166 833 3364 890 clarius
3395 835 3758 907 disertiusque

473 933 747 1003 explicare
772 931 1102 1004 dignaretur.
1125 930 1202 984 Ea
1225 943 1353 984 vero
1379 943 1498 999 qua:
1537 927 1680 992 sint,
1713 942 1780 981 ex
1827 925 2083 994 subjectis
2110 897 2386 996 utriusque
2414 923 2656 994 epistolis
2699 939 3022 995 cognoscere
3067 897 3267 983 licebit.
3314 928 3425 984 llac
3467 897 3760 986 occasione

473 1024 696 1093 scripsit
722 1023 1048 1095 Augustinus
1073 1028 1363 1090 sequentes
1414 1019 1580 1073 libros
1622 1016 1762 1072 duos
1778 1058 1794 1083 ,
1824 1017 2051 1072 alterum
2077 1018 2146 1074 de
2172 1015 2652 1071 Prmdestinatione
2671 1012 3012 1083 Sanctorum,
3039 1018 3265 1073 alterum
3291 1017 3359 1074 de
3385 1019 3537 1074 Dono
3563 1020 3760 1077 Perse-

475 1116 752 1170 verantiie.
777 1115 884 1171 Sed
910 1115 1045 1170 adeo
1073 1129 1171 1168 nec
1199 1112 1280 1166 bis
1300 1111 1515 1182 quidem
1537 1108 1865 1170 satisfactum
1897 1108 2201 1165 hominibus
2230 1107 2336 1162 illis
2357 1106 2485 1172 fuit,
2514 1114 2572 1162 ut
2606 1108 2885 1177 Augustini
2928 1108 3226 1164 doctrinam
3254 1125 3318 1165 ac
3368 1110 3536 1167 libros
3582 1113 3764 1184 magis

473 1211 636 1266 etiam
663 1210 936 1281 magisque
960 1216 1354 1272 aversarentur,
1376 1203 1541 1259 multa
1559 1203 1611 1258 in
1638 1202 1716 1258 eis
1735 1201 1982 1271 imperite
2001 1203 2375 1270 malitioseque
2399 1201 2973 1256 calumniantes.Unde
2995 1201 3190 1257 factum
3214 1213 3268 1258 ut
3284 1203 3540 1260 adversus
3565 1219 3759 1262 eorum

472 1303 920 1374 reprehensiones
950 1303 1178 1371 Prosper
1197 1297 1452 1356 defuncto
1465 1299 1576 1367 jam
1608 1295 1902 1367 Augustino
1929 1295 2103 1350 varios
2123 1294 2352 1351 ediderit
2375 1293 2736 1364 apologiarum
2763 1293 2969 1348 libellos
3000 1311 3014 1348 :
3043 1295 3197 1364 cujus
3220 1295 3434 1364 generis
3455 1305 3580 1351 sunt
3611 1314 3760 1367 pra:-

473 1407 557 1451 tcr
582 1396 745 1460 alios,
773 1394 840 1449 ad
861 1393 1088 1464 capitula
1110 1391 1383 1447 Gallorum
1405 1431 1421 1456 ,
1450 1388 1515 1443 ad
1543 1389 1872 1458 obiectiones
1901 1387 2314 1450 Vincentianas,
2342 1385 2408 1440 ad
2437 1395 2687 1454 excerpta
2717 1384 3077 1440 Genuensium
3098 1427 3112 1450 ,
3142 1395 3197 1441 et
3237 1386 3492 1443 adversus
3515 1388 3761 1444 Collato-

476 1505 586 1543 rem
610 1487 1005 1558 responsiones.
1030 1485 1234 1554 Quibus
1253 1499 1374 1540 cum
1399 1498 1585 1538 eorum
1614 1481 1876 1536 inscitiam
1897 1488 1951 1535 et
1969 1479 2264 1536 calumnias
2287 1478 2584 1534 clarissime
2602 1478 2958 1548 coarguisset,
3001 1487 3058 1532 ut
3082 1477 3402 1534 erubescere
3423 1478 3532 1548 jam
3559 1481 3759 1536 merito

469 1583 630 1644 etiam
656 1581 918 1635 deberent
939 1621 956 1647 ,
986 1580 1216 1648 majores
1239 1587 1415 1632 tamen
1441 1584 1626 1645 postea
1657 1585 1832 1628 motus
1867 1573 2234 1638 concitarunt,
2267 1587 2365 1626 nec
2401 1570 2664 1640 Prospero
2684 1569 2796 1639 jam
2826 1579 2881 1625 et
2904 1570 3104 1626 llilario
3144 1579 3424 1642 parcentes
3452 1589 3466 1626 :
3492 1582 3552 1628 ut
3578 1572 3759 1630 coacti

471 1675 668 1732 fuerint
708 1674 777 1728 ad
804 1673 1163 1744 Apostolicam
1194 1670 1386 1727 Sedem
1414 1667 1731 1738 confugere,
1760 1681 1918 1737 quam
1941 1681 2008 1723 eo
2043 1675 2284 1736 tempore
2303 1664 2622 1720 leesnnus
2647 1663 2880 1734 pontifex
2905 1663 3252 1734 gubernabat.
3283 1665 3333 1720 ls
3354 1681 3467 1721 rem
3494 1675 3658 1722 totam
3680 1667 3758 1723 ab

481 1772 560 1827 eis
581 1770 800 1826 edoctus
823 1770 888 1824 ad
918 1768 1104 1825 Gallia:
1133 1767 1414 1836 episcopos
1436 1763 1698 1835 quosdam
1719 1762 1922 1817 litteras
1944 1759 2127 1825 mittit,
2145 1758 2336 1830 quibus
2352 1758 2702 1828 Augustinum
2726 1765 2782 1812 et
2805 1756 3102 1811 doctrinam
3123 1759 3239 1826 ejus
3267 1767 3445 1812 tuetur
3469 1775 3532 1814 ac
3555 1760 3757 1830 praedi-

468 1873 558 1918 cat
576 1905 591 1929 ,
613 1864 1002 1918 obtrectatores
1021 1861 1138 1932 ejus
1164 1859 1397 1931 graviter
1415 1856 1675 1927 coarguit,
1697 1853 1960 1925 episcOpis
1990 1851 2205 1907 mandat
2230 1859 2289 1906 ut
2315 1850 2396 1905 eis
2415 1848 2681 1903 silentium
2702 1847 2996 1915 imponant.
3016 1846 3120 1902 Sed
3146 1863 3214 1903 ne
3234 1848 3312 1902 sic
3342 1849 3556 1918 quidem
3603 1867 3764 1919 pror-

470 1972 566 2011 sus
587 1958 855 2025 quievere.
872 1955 1006 2022 Quia
1027 1954 1170 2009 enim
1187 1951 1421 2024 pontifex
1449 1950 1614 2004 libros
1633 1961 1728 2002 cos
1741 1961 1875 2017 quos
1895 1944 1968 2000 illi
1997 1953 2106 1999 tam
2135 1942 2320 1998 odiose
2337 1941 2706 2006 traducebant,
2729 1939 2976 1994 videlicet
2998 1937 3066 1995 de
3095 1938 3445 2010 Correptione
3465 1950 3518 1995 et
3541 1941 3755 2010 Gratia,

468 2047 540 2102 de
570 2047 1044 2102 Praedestinatione
1065 2045 1381 2100 Sanctorum
1401 2083 1416 2107 ,
1441 2041 1509 2096 de
1538 2037 1954 2095 Perseverantitn
1982 2032 2491 2101 Dono,_nominalim
2523 2045 2630 2086 non
2678 2039 3051 2100 espresserat,
3101 2031 3269 2086 titulis
3308 2047 3404 2087 eos
3445 2033 3557 2088 suis
3609 2034 3760 2090 desi-

413 2137 416 2140 ’
467 2155 671 2210 gnans;
704 2148 825 2210 post
845 2137 1119 2194 Ctelestini
1145 2147 1371 2192 mortem
1391 2133 1605 2189 aiebant
1631 2145 1736 2185 non
1763 2145 1857 2185 eos
1878 2127 2046 2185 fuisse
2067 2125 2388 2197 approbatos
2405 2165 2420 2187 ,
2445 2139 2545 2178 nec
2576 2132 2792 2193 propter
2815 2121 2938 2177 illos
2963 2123 3397 2179 commendatum
3437 2134 3715 2182 auctorem
3735 2171 3753 2190 ,

471 2235 568 2289 sed
601 2249 698 2303 pro
725 2235 1051 2289 anteriorum
1073 2232 1392 2301 scriptorum
1417 2226 1621 2283 meritis
1663 2223 2024 2281 laudationem
2064 2221 2218 2276 istam
2248 2220 2302 2273 in
2331 2233 2451 2272 eum
2474 2215 2638 2271 fuisse
2671 2215 2920 2272 collatam
2950 2231 2966 2271 :
2995 2225 3051 2269 nt
3085 2216 3234 2271 testis
3265 2226 3350 2272 est
3379 2228 3595 2288 propter
3630 2220 3760 2276 illos

468 2323 704 2394 Prosper
754 2324 854 2378 sub
893 2323 1052 2380 linem
1099 2321 1220 2377 libri
1279 2328 1463 2375 contra
1509 2316 1854 2373 Collatorem.
1922 2311 2181 2379 Quocirca
2208 2350 2224 2376 ,
2271 2320 2510 2378 tempore
2568 2307 2758 2362 Felicis
2811 2307 2968 2375 Papa:
3010 2305 3120 2373 ιν,
3169 2308 3500 2363 celebratum
3543 2309 3640 2363 fuit
3681 2311 3742 2366 in

468 2417 796 2471 Arausicana
823 2415 1044 2481 civitate
1071 2413 1357 2472 concilium
1385 2409 1485 2480 (b),
1517 2407 1657 2480 quod
1683 2418 1768 2463 est
1789 2405 1910 2476 ejus
1936 2405 2040 2459 loci
2063 2400 2356 2458 secundum
2374 2441 2390 2464 ,
2418 2399 2470 2454 in
2499 2414 2606 2468 quo
2628 2406 2881 2453 renovata
2904 2405 2959 2453 et
2981 2407 3171 2454 tterato
3193 2401 3507 2456 conﬁrmata
3554 2409 3639 2456 est
3660 2416 3756 2455 ca-

462 2509 669 2565 tholica
695 2517 751 2564 et
774 2508 1096 2580 apostolica,
1117 2506 1415 2575 eademque
1444 2500 1718 2573 Augustini
1743 2498 1813 2554 de
1853 2499 2022 2568 gratia
2043 2503 2097 2550 et
2135 2493 2303 2550 libero
2329 2491 2553 2546 arbitrio
2603 2489 2867 2556 doctrina,
2893 2489 3192 2546 canonibus
3237 2490 3367 2560 ipsis
3392 2507 3459 2546 ex
3476 2491 3760 2562 Augustini

472 2601 627 2658 libris
653 2601 848 2672 passim
867 2600 1152 2670 decerptis.
1179 2599 1309 2666 Qna:
1336 2595 1515 2652 omnia
1533 2595 1585 2649 in
1613 2589 1921 2664 Appendice
1939 2629 1956 2656 ,
1994 2595 2146 2658 parte
2164 2583 2398 2642 secunda
2419 2624 2438 2651 ,
2463 2581 2699 2652 reperire
2725 2580 2923 2636 licebit.
2947 2580 3210 2636 Czrterum
3236 2581 3376 2652 quod
3405 2581 3596 2636 borum
3620 2583 3760 2637 duo-

473 2709 595 2751 rum
625 2695 880 2750 librorum
910 2694 961 2748 in
989 2689 1476 2748 Retractationibus
1500 2687 1609 2743 suis
1631 2700 1736 2740 non
1769 2678 2072 2738 meminerit
2094 2677 2450 2748 Augustinus,
2478 2673 2602 2728 inde
2625 2672 2821 2727 factum
2842 2713 2856 2737 ,
2882 2671 3023 2743 quod
3047 2688 3170 2727 cum
3198 2671 3314 2728 tunc
3337 2673 3619 2736 scriberet,
3647 2674 3759 2743 jam

463 2788 610 2845 duos
631 2788 1086 2844 Retractationum
1114 2785 1280 2841 libros
1303 2782 1577 2847 ediderat,
1602 2773 2050 2850 quemadmodum
2090 2771 2317 2841 ipsemet
2345 2768 2478 2822 infra
2507 2775 2760 2830 testatur,
2813 2765 2950 2819 libro
2996 2764 3170 2834 primo
3216 2773 3272 2820 et
3320 2765 3458 2821 libro
3497 2767 3758 2821 secundo.

541 2882 636 2938 His
663 2883 962 2953 praisertim
987 2897 1052 2937 ex
1074 2880 1223 2934 libris
1247 2874 1525 2948 Augustini
1546 2871 1761 2944 agnosci
1792 2868 1960 2923 voluit
1987 2863 2294 2921 llormisdas
2331 2863 2471 2930 Papa
2489 2901 2504 2924 ,
2534 2858 2659 2929 quid
2687 2858 2924 2912 [iiunana
2947 2865 3003 2912 et
3027 2855 3304 2912 Catholica
3335 2857 3576 2913 Ecclesia
3599 2859 3668 2914 de
3688 2859 3758 2914 li-

469 2977 603 3034 bero
626 2949 847 3033 arbitrio
876 2987 929 3032 et
953 2976 1122 3048 gratia
1145 2974 1236 3028 Dei
1261 2973 1590 3042 proﬁteatur.
1621 2965 1783 3035 Cujus
1804 2960 2076 3018 Pontiﬁcis
2114 2955 2427 3011 auctoritate
2455 2951 2620 3006 libros
2647 2950 2864 3006 eosdem
2889 2949 3124 3019 episcopi
3152 2949 3384 3004 Africani
3419 2967 3514 3020 pro
3542 2950 3648 3008 [ide
3705 2955 3761 3008 in

463 3070 712 3126 Sardinia
738 3039 1212 3125 exsules'maxime
1230 3039 1605 3119 commendant
1624 3062 1675 3114 in
1707 3055 1946 3126 Epistola
1968 3050 2240 3124 synodica.
2270 3045 2392 3100 Prw
2417 3045 2677 3108 omnibus,
2706 3040 2947 3110 inquiunt
2969 3079 2985 3105 ,
3031 3039 3255 3094 studium
3281 3042 3468 3113 gerite,
3521 3059 3649 3111 quos
3690 3044 3760 3098 ad

467 3162 786 3233 Prospei-um
813 3172 860 3217 et
891 3160 1148 3218 Hilarium
1165 3158 1400 3229 scripsit,
1427 3151 1716 3208 memoratis
1736 3149 1978 3220 fratribus
2007 3143 2241 3216 legendos
2260 3142 2502 3212 ingerere.
2535 3137 2762 3205 Quorum
2789 3135 3089 3188 mentionem
3119 3135 3277 3188 beatas
3325 3137 3576 3190 memoria
3614 3135 3757 3189 ﬂor-

465 3257 661 3311 misdas
687 3253 840 3311 Sedis
861 3253 1161 3324 Apostolicw
1179 3227 1431 3323 gloriosus
1445 3246 1654 3299 antistes
1680 3243 1733 3296 in
1753 3240 1964 3312 epistola
1979 3279 1994 3303 ,
2012 3253 2164 3310 quant
2183 3231 2463 3289 consulenti
2481 3247 2534 3284 se
2561 3236 2734 3283 sancto
2755 3227 2904 3298 fratri
2923 3227 3364 3297 consacerdotiqne
3389 3237 3563 3282 nostra
3611 3228 3752 3283 Pos-

467 3347 655 3402 sessori
670 3317 947 3416 rescripsit,
976 3359 1091 3397 cum
1112 3317 1296 3412 magno
1317 3337 1569 3410 pra'conio
1590 3333 1853 3388 catholij
1875 3329 2043 3386 laudis
2063 3325 2316 3390 inseruit;
2354 3324 2499 3392 cujus
2523 3324 2630 3375 lucc
2669 3322 2816 3374 verba
2837 3329 2954 3374 sunt
2979 3333 2999 3374 :
3025 3317 3106 3372 De
3129 3319 3340 3373 arbitrio
3384 3331 3552 3374 tamen
3599 3321 3756 3376 libero

467 3449 517 3495 et
541 3439 708 3512 gratia
731 3411 863 3505 Dei,
891 3435 1013 3506 quid
1043 3411 1276 3491 Romana
1297 3473 1313 3500 ,
1345 3431 1440 3485 hoc
1459 3437 1532 3484 est
1553 3427 1804 3481 catholica
1820 3464 1837 3484 .
1867 3430 2104 3491 sequatur
2129 3430 2174 3474 et
2193 3426 2348 3473 servet
2371 3413 2630 3478 Ecclesia,
2656 3411 2772 3466 licet
2793 3413 2844 3466 in
2874 3412 3030 3467 variis
3055 3411 3172 3466 libri
3193 3411 3322 3465 beati
3360 3412 3663 3484 Augustini,
3706 3427 3758 3470 et

465 3503 696 3585 mdxime
715 3530 784 3583 ad
813 3503 1126 3600 Prosperunt
1148 3535 1196 3580 et
1225 3522 1486 3578 Hilarium
1506 3518 1706 3574 abunde
1735 3515 1892 3589 possit
1917 3513 2331 3588 agnosci,.tanten
2351 3517 2395 3560 et
2418 3505 2472 3559 in
2494 3504 2692 3560 scriniis
2721 3503 3070 3558 ecclesiasticis
3095 3519 3334 3574 expressa
3373 3505 3601 3576 capitula
3625 3520 3754 3560 con-

465 3625 706 3678 tinentur.

1889 3676 2310 3737 εθςοοσοοοωὼ

1184 3823 1573 3894 EPISTOLA
1613 3821 1860 3885 INTER
1901 3809 2539 3881 AUGUSTINIANAS
2581 3805 2868 3872 CCXXV
2919 3805 3028 3888 (c).

597 3957 827 4014 Domino
855 3953 1163 4012 beatissimo
1190 3967 1371 4025 papaz,
1401 3946 1737 4004 ineﬂabilitcr
1762 3939 2020 4004 mirabili,
2047 3933 2532 4005 incomparabiliter
2558 3931 2897 3997 honorando,
2928 3929 3362 4002 praestantissimo
3387 3940 3610 4002 patrono

1791 4039 2097 4091 Aucusrmo
2115 4073 2132 4099 ,
2158 4031 2424 4086 Paosrt-ztt.

543 4177 596 4231 l.
625 4173 842 4246 Ignotus
864 4167 1078 4242 quidem
1103 4166 1194 4222 tibi
1218 4164 1350 4220 facie
1369 4206 1384 4232 ,
1414 4161 1508 4218 sed
1534 4161 1644 4232 jam
1672 4158 2038 4229 aliquatenus,
2069 4153 2113 4207 si
2146 4149 2526 4214 reminiscaris,
2548 4149 2729 4204 animo
2753 4163 2817 4204 ac
2841 4162 3093 4203 sermone
3115 4157 3452 4217 compertus;
3486 4163 3611 4204 nam
3656 4166 3756 4220 per

465 4279 707 4326 sanctum
736 4240 952 4322 fratrem
973 4277 1152 4318 meum
1173 4258 1452 4315 Leontium
1483 4256 1762 4310 diaconum
1791 4250 1909 4305 misi
1935 4247 2188 4318 epistolas
2210 4244 2226 4276 ¹
2254 4252 2309 4298 ct
2345 4241 2553 4310 recepi;
2597 4255 2738 4296 nunc
2779 4255 2990 4310 quoque
3023 4240 3341 4294 Beatitudini
3383 4251 3486 4296 tua:
3513 4243 3753 4300 scribere

464 4365 674 4423 audeo.
703 4377 808 4416 non
834 4359 1004 4414 solum
1026 4351 1356 4410 salutationis
1375 4392 1390 4414 ,
1433 4358 1489 4402 ut
1511 4357 1656 4412 tunc,
1687 4344 1891 4408 studio;
1917 4342 2010 4396 sed
2037 4341 2196 4395 etiam
2243 4335 2397 4399 fidei,
2425 4349 2526 4403 qua
2563 4331 2800 4388 Ecclesia
2831 4332 2994 4397 vivit,
3023 4331 3236 4387 affectu.
3269 4333 3580 4389 Escubante
3603 4337 3749 4391 enim

465 4472 567 4530 pro
615 4453 880 4512 universis
905 4447 1158 4506 membris
1177 4443 1419 4514 corporis
1439 4439 1636 4496 Christi
1677 4433 2076 4507 vigilantissima
2110 4427 2365 4485 industria
2394 4434 2515 4490 tua,
2557 4433 2611 4479 et
2658 4423 2914 4479 adversus
2961 4423 3331 4479 lucreticarum
3380 4424 3750 4481 doctrinarum

467 4517 690 4608 insidias
736 4545 977 4602 veritatis
1014 4542 1208 4597 virtute
1258 4544 1557 4608 pugnante,
1615 4531 1763 4588 nullo
1810 4529 1968 4583 modo
2016 4524 2143 4580 mibi
2187 4519 2476 4576 verendum
2524 4517 2699 4587 putavi
2730 4531 2796 4572 ne
2825 4531 3088 4572 onerosus
3120 4517 3248 4581 tibi,
3278 4527 3368 4572 aut
3407 4519 3751 4590 importunus

463 4659 642 4700 essem
685 4642 738 4697 in
778 4655 845 4696 eo
893 4636 1036 4708 quod
1080 4635 1146 4688 ad
1189 4633 1476 4688 multorum
1515 4627 1768 4687 salutem.
1813 4637 1874 4678 ac
1919 4617 2137 4691 perinde
2175 4616 2241 4670 ad
2283 4615 2530 4684 pietatem
2580 4619 2722 4664 tuam
2759 4610 3032 4678 pertinet:
3077 4625 3199 4690 cum
3233 4612 3407 4680 potius
3456 4629 3608 4667 reum
3661 4614 3754 4668 fn-

466 4686 642 4700 νυυν...
780 4686 842 4696 ,ν
897 4686 1036 4708 νη,
1082 4686 1146 4688 __
1760 4686 1763 4687 ν
1920 4686 1932 4691 _
3119 4686 3124 4690 ε

466 4747 646 4792 turum
689 4749 812 4789 esse
849 4746 935 4787 me
981 4727 1289 4789 crederem,
1325 4722 1371 4777 si
1407 4737 1501 4787 ea,
1537 4733 1655 4789 qum
1699 4715 1850 4770 valde
1901 4711 2195 4784 perniciosa
2239 4721 2360 4763 esse
2409 4703 2676 4773 intelligo,
2716 4701 2783 4755 ad
2827 4701 3111 4771 specialem
3158 4714 3440 4774 patronum
3485 4704 3609 4760 lidei
3639 4724 3750 4761 non

464 4827 745 4885 referrem.

537 4921 594 4975 2.
622 4919 769 4975 Multi
791 4933 918 4987 ergo
947 4927 1220 4971 servorum
1247 4907 1442 4965 Christi
1470 4903 1550 4980 (Δ)
1571 4905 1660 4975 qui
1688 4903 1740 4957 in
1761 4897 2074 4956 Massiliensi
2102 4897 2232 4951 urbe
2255 4876 2584 4955 consistunt,
2615 4889 2667 4943 in
2693 4885 3004 4944 Sanctitatis
3026 4897 3128 4944 tum
3155 4889 3388 4960 scriptis,
3407 4904 3526 4960 qua:
3556 4891 3758 4946 adver-

449 5031 552 5074 sus
576 5011 888 5082 Pelagianos
905 5007 1182 5063 hereticos
1207 5000 1521 5065 condidisti,
1548 4995 1872 5052 contrarium
1898 4997 2085 5062 putant
2104 4999 2311 5058 patrum
2337 4984 2571 5054 opinioni
2597 4995 2650 5037 et
2674 4985 3034 5040 ecclesiastico
3072 4984 3276 5047 sensui,
3306 4984 3559 5053 quidquid
3588 4983 3641 5036 iu
3674 4981 3759 5035 eis

451 5105 526 5161 de
557 5073 833 5161 vocatione
854 5101 1143 5157 electorum
1167 5092 1457 5151 secundum
1488 5089 1580 5144 Dei
1609 5085 1938 5158 propositum
1959 5076 2261 5150 disputasti.
2289 5075 2494 5132 Etcum
2529 5075 2833 5146 aliquandiu
2861 5075 3167 5130 tarditatem
3194 5088 3347 5128 suam
3377 5073 3598 5143 culpare
3627 5089 3741 5125 tua.

529 5271 548 5302 ¹
583 5272 791 5329 Quatuor
806 5269 933 5320 Mss,
959 5256 1226 5324 epistolam.
1871 5307 1883 5318 _

525 5326 858 5404 ςαλυιέὶιξξὶξιω
892 5323 1022 5374 hunc
1057 5319 1391 5371 Arelatensem
1433 5309 1678 5378 appellant
1716 5313 2062 5364 tmamenses,
2095 5313 2113 5351 s

2165 5299 2186 5350 i
2227 5296 2365 5349 falso.
2406 5295 2526 5346 Vide
2566 5295 2929 5346 annotationem
2967 5292 3028 5343 ad
3069 5293 3230 5344 Hilarii
3263 5292 3514 5356 epistolam
3532 5325 3549 5353 ,
3595 5293 3753 5352 infra.

461 5388 926 5516 ῆὶξῦῖῖιῗὲῗίιὲδυω
946 5441 1220 5508 corrigendi
1242 5439 1580 5497 Lovanienses,
1602 5434 1686 5499 qui
1723 5429 2058 5482 Arausicanttm
2096 5422 2222 5476 istud
2264 5419 2530 5472 secundum
2562 5417 2815 5470 concilium
2843 5418 2983 5481 jussu
3020 5418 3196 5466 Leonis
3218 5425 3352 5480 Papa:
3391 5423 3407 5465 I
3443 5414 3761 5467 celebratum

461 5514 738 5621 diglgltiimc
761 5567 960 5621 epistola
983 5567 1187 5616 mittitur
1211 5576 1238 5612 a
1260 5571 1492 5621 Prospero
1509 5558 1568 5609 ad
1591 5557 1918 5621 Augustinum
1938 5551 2003 5601 de
2044 5546 2266 5621 reliquiis
2302 5542 2858 5621 belagianm_b§reuseos
2875 5542 2927 5614 in
2945 5539 3087 5621 pallia
3111 5539 3556 5621 soboles/sentibus,
3584 5539 3762 5601 deque

527 5578 596 5638 (c)
630 5583 738 5623 nec
761 5567 960 5633 epistola
983 5567 1187 5616 mittitur
1211 5576 1238 5612 a
1260 5571 1492 5624 Prospero
1509 5567 1568 5609 ad
1591 5567 1903 5621 Augustinum
1938 5567 2003 5601 ue
2044 5567 2266 5620 renquns
2303 5567 2568 5617 ι-υευδιιιιιιυ
2609 5567 2858 5615 men-scus
2882 5567 2927 5590 ιιι
2945 5567 3087 5589 nauta
3111 5567 3556 5597 auuuuzmxsuuuua,
3584 5567 3762 5601 υιημισ

463 5636 732 5698 hujusmodi
756 5633 1003 5698 hominum
1024 5625 1242 5683 querelis
1263 5625 1505 5698 adversus
1516 5616 1950 5698 Praedestinationis
1971 5621 2023 5664 et
2042 5619 2210 5662 Gratiae
2231 5609 2494 5658 doctrinam
2515 5605 2851 5668 superioribus
2872 5605 3023 5667 ipsius
3043 5603 3291 5666 augustiui
3321 5601 3585 5664 Opusculis,
3625 5614 3764 5663 prum

463 5681 878 5751 Ebiiiiii'iabro’de
901 5681 1213 5753 Correpttonc
1239 5695 1289 5735 et
1309 5686 1461 5734 Gratia
1488 5681 1789 5753 explicatam.

527 5721 800 5820 S'ii'Z'si.
815 5721 1830 5812 inoiii‘iiiatwis‘simus
1851 5745 2062 5789 Joanne!I
2078 5734 2329 5785 Cassianus
2349 5725 2656 5778 Ccllationum
2681 5727 2855 5789 editor,
2876 5728 3024 5790 ipsius
3043 5726 3261 5789 Prosperi
3282 5731 3449 5776 contra
3469 5721 3765 5776 Collatorem

464 5824 587 5874 libro
611 5829 776 5881 postea
799 5821 1082 5868 commutas.
