4022 6474
259 338 364 394 989
1219 339 1546 398 EPISTULA
1585 340 1918 399 PROSPERI
1958 345 2048 401 AD
2088 327 2550 404 AUGUSTINUM.
3436 352 3539 409 930

263 451 481 520 lueriut,
517 465 675 522 quam
706 467 811 508 non
844 453 1108 510 intellecta
1131 457 1544 526 reprehendere,
1572 459 1892 532 quidamque
1915 477 2102 517 eorum
2151 463 2462 519 lucidiorem
2492 479 2653 533 super
2694 464 2793 520 hoc
2817 473 2980 536 atque
3003 465 3321 534 apertiorem
3353 465 3535 519 Beati-

265 547 462 602 tudinis
489 556 592 600 tuae
621 548 1008 615 expositionem
1037 549 1301 604 voluerint
1330 552 1632 620 postulare;
1662 554 1840 608 evenit
1875 569 1939 608 ex
1986 553 2331 623 dispositione
2359 557 2737 611 misericordiae
2770 557 2883 624 Dei,
2915 571 2971 612 ut
3011 573 3132 612 cum
3175 557 3432 626 quosdam
3456 557 3534 628 (τι)

267 643 402 693 intra
428 636 663 691 Africam
692 637 882 691 similia
914 639 1233 705 movissent,
1265 641 1458 695 librum
1490 642 1558 696 de
1585 642 1939 713 Correptione
1965 653 2021 699 et
2043 644 2230 700 Gratia
2253 647 2471 716 plenum
2498 647 2689 702 divinae
2718 649 3051 703 auctoritatis
3087 650 3386 704 emitteres.
3416 648 3534 716 Quo

265 729 319 783 in
349 727 596 781 notitiam
622 739 858 781 nostram
889 730 1152 798 insperata
1179 732 1571 801 Opportunitate
1595 733 1791 796 delato,
1825 737 2126 803 putavimus
2160 752 2347 792 omnes
2374 740 2618 808 querelas
2666 740 3026 794 resistentium
3058 739 3374 809 sopiendas;
3410 740 3535 808 quia

263 819 530 875 universis
547 821 946 890 quaestionibus,
980 823 1050 878 de
1085 825 1282 894 quibus
1303 827 1625 880 consulendo
1669 839 1783 883 erat
1807 829 2076 884 Sanctitas
2101 838 2208 896 tua,
2240 839 2344 884 tam
2379 831 2534 900 plene
2559 832 2665 885 illic
2690 832 3034 903 absoluteqne
3073 847 3387 902 reSponsum
3415 843 3498 885 est

260 912 409 980 quasi
441 910 542 966 hoc
570 913 874 981 specialiter
901 913 1191 976 studueris.
1226 926 1282 969 ιιι
1306 934 1426 986 quae
1451 919 1592 988 apud
1620 934 1717 973 nos
1737 929 1890 974 erant
1917 920 2158 988 turbata,
2190 937 2560 991 componeres.
2617 922 2904 978 lteceusito
2948 893 3124 978 autem
3158 893 3258 978 hoc
3288 893 3548 978 Beatitu:

259 1011 395 1066 diuis
421 1022 524 1068 tuae
554 1013 720 1078 libro,
749 1013 883 1068 sicut
903 1015 991 1084 qui
1018 1023 1254 1069 sanctam
1280 1025 1438 1085 atque
1467 1016 1810 1084 apostolicam
1837 1015 2096 1072 doctrinae
2125 1027 2227 1072 tuae
2255 1018 2623 1072 auctoritatem
2647 1027 2798 1072 antea
2819 1019 3195 1088 sequebantur,
3230 1018 3500 1086 intelligcu
3523 1046 3548 1059 -

259 1104 422 1158 tiores
441 1104 1106 1175 multoinstructioresque
1141 1114 1267 1160 sunt
1305 1104 1463 1172 facti;
1492 1109 1562 1161 ita
1588 1108 1677 1176 qui
1711 1109 2068 1176 persuasionis
2090 1123 2200 1163 suae
2249 1108 2674 1177 impediebantur
2715 1109 2943 1163 obscuro
2967 1150 2981 1173 ,
3031 1110 3330 1163 aversiorcs
3373 1123 3535 1178 quam

259 1198 501 1263 fuerant,
533 1206 891 1252 recesserunt.
922 1199 1166 1265 Quorum
1184 1206 1290 1252 tam
1333 1199 1556 1268 abrupta
1582 1199 1846 1254 dissensio
1867 1200 2097 1270 primum
2124 1210 2342 1271 propter
2370 1200 2514 1270 ipsos
2537 1200 2816 1256 metuenda
2844 1210 2954 1267 est,
2975 1217 3040 1255 ne
3071 1212 3178 1255 tam
3209 1201 3369 1255 claris
3395 1209 3536 1254 tam-

255 1304 358 1358 que
385 1289 616 1360 egregiis
645 1289 698 1343 in
728 1291 965 1345 omnium
991 1290 1245 1344 virtutum
1267 1289 1441 1346 studio
1461 1291 1587 1345 viris
1607 1291 1823 1361 spiritus
1842 1291 2140 1362 Pelagiana:
2163 1291 2450 1362 impietatis
2477 1290 2661 1346 illudat
2685 1309 2697 1344 :
2721 1290 2914 1346 deinde
2937 1307 3002 1346 ue
3035 1291 3389 1362 simpliciores
3411 1292 3536 1360 qui~

255 1394 384 1447 ιιιε,
403 1378 554 1448 apud.
573 1395 706 1449 quos
731 1379 920 1434 horum
939 1397 1124 1451 magna
1147 1383 1316 1438 estde
1347 1383 1622 1453 probitatis
1649 1383 2098 1452 contemplatione
2128 1383 2450 1450 reverentia,
2479 1383 2580 1437 hoc
2602 1383 2920 1438 tutissimum
2944 1381 3043 1437 sibi
3070 1382 3357 1446 aestiment,
3386 1378 3532 1450 quod

252 1470 469 1524 audiant
497 1485 613 1536 eos,
640 1487 861 1541 qiiorum
891 1474 1260 1528 auctoritatem
1283 1474 1614 1544 sinejudicio
1634 1484 1948 1543 sequuntur,
1976 1489 2240 1528 asserere.

325 1561 375 1616 '5.
412 1559 538 1615 llaec
559 1563 700 1615 enim
732 1564 965 1632 ipsorutn
992 1563 1232 1618 definitio
1260 1581 1322 1619 ac
1351 1565 1608 1634 professio
1631 1576 1714 1618 est
1738 1581 1751 1616 :
1780 1565 2004 1618 Omnem
2034 1563 2246 1634 quidem
2278 1565 2544 1619 hominem
2574 1563 2740 1618 Adam
2775 1572 3026 1634 pecraute
3053 1577 3334 1634 peceasse;
3357 1571 3410 1615 et
3438 1576 3538 1614 ne-

253 1650 450 1704 minem
487 1667 584 1720 per
610 1667 772 1721 opera
803 1669 918 1718 sua,
952 1655 1043 1708 sed
1070 1670 1170 1725 per
1195 1656 1285 1709 Dei
1310 1655 1534 1725 gratiam
1564 1655 1968 1725 regeneratioue
1994 1655 2186 1709 salvari
2216 1673 2231 1712 :
2261 1656 2521 1710 universis
2549 1666 2721 1709 tamen
2750 1655 3050 1709 hominibus
3083 1654 3533 1723 propitiationetn,

251 1752 471 1810 quaeest
502 1743 554 1796 in
583 1742 929 1799 Sacrameuto
954 1748 1226 1816 sanguinis
1252 1746 1476 1814 Christi,
1517 1748 1632 1802 sine
1660 1749 1972 1817 exceptione
2001 1762 2124 1802 esse
2157 1749 2502 1818 propositam,
2537 1757 2592 1802 ut
2620 1748 2938 1818 qpicumque
2968 1749 3033 1802 ad
3081 1747 3236 1800 fidem
3264 1756 3317 1800 et
3340 1746 3406 1800 ad
3433 1746 3536 1799 Ba-

253 1833 505 1903 ptismuni
536 1836 791 1890 accedere
822 1837 1104 1901 voluerint,
1136 1840 1266 1894 salvi
1293 1853 1413 1894 esse
1441 1840 1663 1909 possint.
1695 1840 1796 1906 Qui
1821 1851 1998 1894 autem
2024 1840 2278 1894 credituri
2321 1850 2466 1906 sunt,
2506 1841 2662 1910 quive
2690 1840 2742 1894 in
2773 1856 2838 1894 ea
2867 1840 2990 1902 fide,
3017 1857 3136 1909 quae
3160 1839 3411 1908 deinceps
3441 1855 3537 1908 per

249 1926 470 1996 gratiam
504 1927 573 1980 sit
593 1925 844 1996 juvanda,
878 1930 1112 1983 tuansuri
1142 1939 1286 1995 sunt,
1325 1931 1600 2000 praescisse
1642 1940 1766 1985 ante
1796 1931 1977 1985 mundi
2020 1931 2454 1985 constitutionem
2499 1932 2685 1995 Deum,
2713 1939 2763 1984 ct
2792 1946 2884 1985 eos
2911 1929 3322 2000 praedestinasse
3366 1933 3417 1982 iu
3449 1945 3536 1982 re.

249 2037 406 2090 gnum
437 2035 624 2086 suum,
653 2037 788 2091 quos
813 2023 980 2091 gratis
1001 2033 1215 2077 vocatos
1234 2063 1250 2088 ,
1281 2022 1470 2093 dignos
1496 2024 1700 2078 futuros
1727 2023 2011 2088 electione,
2041 2032 2096 2080 et
2133 2023 2202 2077 de
2228 2021 2327 2078 hac
2353 2023 2458 2076 vita
2487 2023 2626 2076 bono
2656 2021 2761 2076 fine
2788 2037 3106 2077 excessurus
3135 2036 3254 2074 esse
3281 2019 3539 2088 praevide—

249 2114 335 2170 rit.
364 2115 600 2184 Ideoque
625 2131 841 2169 omnem
870 2115 1140 2170 hominem
1169 2117 1235 2171 ad
1265 2117 1589 2172 credendum
1617 2128 1666 2171 et
1692 2117 1760 2171 ad
1804 2117 2136 2186 operandum
2167 2117 2362 2172 divinis
2390 2116 2809 2171 institutionibus
2833 2117 3129 2183 admoueri,
3167 2124 3223 2170 ut
3255 2115 3322 2170 de
3347 2131 3538 2185 appre-

250 2204 534 2260 hendenda
566 2205 671 2259 vita
693 2215 891 2260 aeterna
921 2222 1076 2262 inemo
1095 2207 1364 2277 desperet,
1389 2224 1507 2261 cum
1534 2209 1844 2263 voluntariae
1872 2209 2138 2263 devotioni
2166 2209 2524 2263 remuneratio
2548 2208 2616 2261 sit
2645 2219 2848 2277 parata.
2878 2207 2988 2262 Hoc
3007 2217 3182 2260 autem
3211 2208 3538 2276 propositum

251 2298 550 2352 vocationis
574 2299 689 2365 Dei,
720 2315 830 2368 quo
857 2300 938 2354 vel
971 2310 1095 2356 ante
1121 2300 1304 2354 mundi
1334 2301 1568 2364 initium,
1591 2301 1672 2355 vel
1695 2302 1746 2354 in
1774 2301 1885 2370 ipsa
1915 2300 2218 2355 conditione
2237 2300 2445 2370 generis
2470 2299 2706 2364 humani,
2738 2297 3102 2369 eligendorum
3129 2307 3186 2351 et
3215 2297 3534 2366 rejiciendo-

250 2405 365 2445 rum
393 2390 601 2445 dicitur
641 2393 777 2446 facta
807 2391 1058 2446 discretio
1077 2433 1094 2459 ,
1123 2401 1181 2448 ut
1225 2393 1516 2447 secundum
1551 2393 1692 2463 quod
1723 2393 1918 2464 placuit
1944 2393 2218 2457 Creatori,
2255 2392 2341 2446 alii
2369 2406 2495 2445 vasa
2525 2391 2762 2456 honoris,
2788 2391 2882 2444 alii
2906 2405 3031 2445 vasa
3067 2389 3403 2444 contumeliae
3431 2390 3539 2444 siut

248 2485 434 2549 creati,
461 2495 527 2538 et
555 2485 716 2554 lapsis
745 2499 927 2538 curam
957 2485 1268 2554 resurgeudi
1297 2486 1533 2540 adimere
1552 2525 1568 2551 ,
1609 2495 1662 2540 et
1706 2486 1906 2541 sanctis
1935 2484 2270 2540 occasionem
2311 2485 2516 2554 teporis
2533 2482 2761 2547 afferre;
2799 2498 2864 2538 eo
2891 2481 3034 2552 quod
3057 2483 3108 2536 in
3139 2491 3360 2552 utraque
3387 2491 3538 2553 parte

247 2576 558 2644 superfluus
587 2577 740 2631 labor
768 2577 869 2642 sit,
890 2577 934 2630 si
963 2592 1135 2648 neque
1163 2577 1393 2647 rejeetus
1423 2578 1525 2632 ulla
1552 2577 1806 2632 industria
1839 2578 2005 2647 possit
2031 2577 2252 2640 intrare,
2281 2591 2453 2646 neque
2481 2576 2683 2631 electus
2712 2575 2818 2630 ulla
2847 2573 3167 2645 negligentia
3195 2575 3364 2645 possit
3390 2576 3539 2630 exci-

247 2668 372 2723 dere
402 2686 416 2722 :
446 2683 670 2738 quoquo
699 2668 842 2723 enim
869 2669 1029 2723 modo
1057 2685 1117 2724 se
1149 2670 1376 2740 egerint,
1405 2685 1512 2724 non
1554 2685 1710 2740 posse
1735 2669 1876 2724 aliud
1906 2685 2032 2740 erga
2057 2684 2153 2725 eos
2181 2685 2340 2739 quam
2373 2669 2511 2724 Deus
2535 2669 2795 2735 definivit,
2819 2668 3098 2732 accidere;
3127 2677 3183 2723 et
3207 2667 3306 2721 sub
3331 2668 3534 2723 incerta

247 2774 346 2828 spe
367 2774 596 2814 cursutn
622 2775 727 2813 non
753 2775 912 2829 posse
937 2776 1056 2816 esse
1082 2772 1438 2830 constantem,
1466 2778 1608 2828 cum,
1631 2762 1675 2816 si
1703 2762 1846 2817 aliud
1871 2762 2062 2817 habeat
2089 2762 2518 2832 praedestinantis
2546 2762 2754 2828 electio,
2785 2778 2934 2817 cassa
2957 2763 3026 2816 sit
3048 2762 3338 2817 adnitentis
3365 2762 3539 2816 inten-

253 2853 348 2907 tio»
379 2853 672 2907 llemoveri
703 2853 882 2923 itaque
907 2870 1122 2908 onlnem
1159 2855 1495 2921 industriam,
1525 2856 1745 2922 tollique
1771 2855 2013 2921 virtutes,
2043 2857 2086 2910 si
2118 2856 2209 2910 Dei
2238 2854 2548 2910 conStitutio
2574 2855 2834 2909 humanas
2870 2856 3167 2925 praeveniat
3189 2856 3487 2910 voluntates
3516 2871 3533 2908 :

245 2956 301 3001 et
327 2946 427 3001 sub
454 2945 568 3000 hoc
607 2946 1090 3016 praedestinationis
1116 2939 1352 3010 nomine,
1384 2947 1596 3002 fatalem
1627 2948 1908 3018 quamdam
1946 2947 2122 3002 induci
2154 2948 2557 3011 necessitatem;
2601 2956 2692 3001 aut
2715 2946 3046 3001 diversarum
3089 2956 3396 3000 naturarum
3424 2945 3534 3000 dici

251 3037 542 3092 Dominum
571 3038 922 3101 conditorem,
947 3039 992 3092 si
1024 3054 1202 3103 nemo,
1231 3039 1371 3092 aliud
1403 3039 1568 3107 pessit
1591 3053 1710 3093 esse
1737 3054 1893 3109 quam
1920 3037 2087 3093 factus
2111 3047 2218 3094 est.
2239 3041 2409 3109 Atque
2435 3048 2492 3092 ut
2518 3038 2732 3092 brevius
2758 3053 2820 3090 ac
2851 3037 3058 3107 plenius
3087 3037 3228 3107 quod
3248 3036 3533 3105 opinantur

253 3143 548 3198 exponam,
577 3128 834 3198 quidquid
866 3129 917 3184 in
945 3129 1082 3184 libro
1104 3128 1205 3183 hoc
1231 3145 1302 3184 ex
1323 3129 1799 3184 contradicentium
1824 3144 1984 3185 sensu
2008 3128 2272 3184 Sanctitas
2303 3139 2388 3183 tua
2413 3129 2514 3183 sibi
2543 3128 2808 3198 opposuit,
2837 3128 3090 3199 quidquid
3116 3129 3278 3183 etiam
3299 3113 3360 3183 Tn
3387 3129 3535 3184 libris

249 3231 432 3277 contra
466 3220 742 3276 Julianum
771 3222 840 3277 ab
874 3223 990 3291 ipso
1036 3223 1136 3277 sub
1166 3223 1272 3278 hac
1304 3221 1598 3292 quaestione
1627 3221 1918 3290 objectum,
1951 3222 2321 3290 potentissime
2349 3220 2666 3284 debellasti;
2710 3220 2811 3275 hoc
2850 3229 3018 3274 totum
3063 3220 3135 3275 ab"
3175 3219 3290 3274 istis
3333 3221 3537 3274 sanctis

251 3313 695 3369 intentiosissime
725 3314 1104 3368 conclamatur.
1136 3315 1200 3368 lit
1233 3329 1354 3368 cum
1381 3323 1565 3367 contra
1595 3327 1690 3368 eos
1715 3313 1911 3382 scripta
1943 3313 2289 3368 Beatitudinis
2317 3322 2419 3367 tuae
2446 3312 2786 3367 validissimis
2814 3322 2868 3366 ct
2891 3313 3186 3367 imiumcris
3217 3312 3537 3366 testimoniis

252 3405 555 3462 divinarum
586 3406 980 3477 Scripturarum
1013 3407 1268 3460 instructa
1301 3405 1644 3476 proferimus,
1669 3421 1732 3459 ac
1758 3403 2049 3460 secundum
2079 3405 2300 3459 formam
2327 3405 2742 3474 disputationum
2767 3415 2998 3470 tuarum,
3025 3403 3221 3473 aliquid
3243 3403 3405 3457 etiam
3434 3403 3535 3472 ipsi

245 3516 367 3571 quo
395 3500 786 3556 concludantur
812 3501 1141 3564 astrnimus;
1170 3499 1580 3554 obstinationem
1609 3514 1757 3552 suam
1789 3506 2050 3552 vetustate
2071 3497 2367 3552 defendunt
2399 3515 2412 3550 :
2453 3505 2508 3550 et
2533 3510 2595 3550 ea
2627 3512 2745 3565 quae.
2771 3495 2837 3550 de
2868 3495 3098 3565 Epistola
3126 3497 3350 3565 apostoli
3382 3494 3535 3550 Pauli

252 3593 510 3649 Romanis
537 3593 840 3658 scribentis,
869 3592 936 3647 ad
966 3592 1447 3646 manifestationem
1480 3591 1674 3645 divinae
1703 3589 1886 3660 gratiae
1925 3589 2300 3659 praevenientis
2329 3589 2621 3643 electorum
2669 3589 2855 3642 merita
2898 3586 3273 3655 proferuntur,
3319 3601 3348 3640 a
3389 3588 3534 3640 nullo

252 3703 485 3758 unquam
511 3687 998 3742 ecclesiasticorum
1030 3686 1097 3740 ita
1124 3702 1242 3741 esse
1272 3685 1561 3749 intellecta,
1586 3695 1644 3739 ut
1668 3699 1808 3740 nunc
1835 3683 2158 3745 sentiuntur,
2181 3683 2469 3736 affirmant.
2495 3683 2734 3750 Cumque
2764 3693 2819 3735 ut
2845 3681 2941 3753 ipsi
2964 3699 3024 3734 ea
3043 3690 3310 3750 exponant
3337 3696 3535 3735 secun-

249 3781 376 3835 dum
406 3795 634 3851 quorum
663 3779 829 3834 velint
862 3794 1039 3844 sensa,
1072 3778 1409 3848 deposcimus
1429 3820 1444 3843 ,
1477 3777 1606 3832 nihil
1635 3794 1694 3833 se
1723 3778 2046 3849 profitentur
2072 3777 2340 3831 invenisse
2366 3775 2506 3844 quod
2538 3775 2775 3844 placeat,
2813 3786 2867 3829 et
2893 3775 2959 3830 de
2989 3775 3070 3828 his
3099 3775 3262 3830 taceri
3291 3775 3532 3845 exigunt,

248 3887 478 3941 quorum
507 3873 843 3926 altitudinem
891 3873 1065 3926 nullus
1094 3873 1346 3942 attigerit.
1396 3871 1474 3926 Eo
1505 3883 1777 3941 postremo
1819 3869 2117 3940 pervicacia
2157 3877 2266 3923 tota
2292 3868 2566 3923 descendit
2592 3911 2607 3934 ,
2637 3877 2695 3921 ut
2725 3867 2880 3921 fidem
2912 3876 3148 3922 nostram
3190 3868 3533 3923 aedificationi

243 3965 581 4020 audientium
607 3967 930 4018 contrariam
961 3979 1088 4020 esse
1109 3964 1401 4028 definiant;
1439 3979 1502 4017 ac
1528 3964 1604 4017 sic
1634 3963 1844 4017 etiamsi
1873 3977 1999 4016 vera
2029 3963 2118 4026 sit,
2149 3976 2255 4016 non
2283 3961 2631 4031 promendum
2663 3979 2676 4015 :
2703 3961 2825 4032 quia
2851 3970 2906 4015 et
2933 3961 3230 4032 perniciose
3257 3977 3362 4016 non
3387 3963 3530 4017 reci-

247 4051 449 4126 pienda
476 4051 779 4117 tradantur,
803 4062 856 4106 et
885 4053 1028 4105 nullo
1058 4053 1292 4121 periculo
1318 4069 1437 4122 qua:
1464 4053 1679 4121 intelligi
1711 4060 1997 4122 nequeant,
2023 4051 2410 4106 conticcantur.

330 4144 390 4199 4.
421 4141 649 4208 Quidam
680 4155 808 4195 vero
835 4140 1024 4196 horum
1054 4141 1104 4194 in
1136 4151 1334 4195 tantum
1362 4156 1391 4195 a
1433 4141 1728 4211 Pelagianis
1756 4141 1959 4197 semitis
1988 4157 2093 4196 non
2136 4141 2406 4196 declinant
2428 4183 2444 4208 ,
2475 4150 2532 4195 ut
2557 4157 2675 4196 cum
2704 4142 2770 4196 ad
2807 4141 3164 4197 confitendam
3194 4159 3311 4196 eam
3337 4143 3533 4200 Christi

249 4241 508 4314 gratiam,
537 4254 656 4308 quae
683 4237 858 4291 omnia
891 4238 1181 4307 praeveniat
1209 4238 1396 4292 merita
1424 4239 1674 4301 humana,
1697 4247 1974 4306 cogantur,
2007 4251 2076 4291 ne
2099 4236 2143 4290 si
2173 4236 2377 4290 meritis
2401 4235 2657 4298 redditur,
2688 4234 2880 4289 frustra
2902 4236 3066 4305 gratia
3098 4237 3437 4298 nominetur;
3463 4237 3531 4289 ad

251 4329 615 4388 conditionem
646 4328 784 4383 hanc
814 4328 984 4382 velint
1011 4327 1424 4398 uniuscujusque
1453 4327 1685 4381 hominis
1714 4327 1980 4398 pertinere
2002 4368 2018 4393 ,
2048 4327 2099 4381 in
2140 4343 2240 4398 qua
2271 4342 2394 4382 eum
2426 4326 2554 4380 nihil
2588 4327 2732 4395 prius
2763 4337 3055 4382 merentem
3082 4368 3097 4390 ,
3129 4327 3251 4397 quia
3287 4343 3387 4381 nec
3415 4328 3531 4382 exi-

256 4433 516 4489 stentem,
543 4421 697 4476 liberi
728 4420 935 4475 arbitrii
963 4429 1018 4474 et
1038 4420 1352 4474 rationalem
1383 4421 1548 4489 gratia
1579 4419 1848 4474 Creatoris
1871 4419 2131 4482 instituat,
2163 4427 2216 4473 nt
2244 4435 2337 4490 per
2361 4418 2734 4473 discretionem
2767 4419 2889 4472 boni
2920 4429 2973 4473 et
3003 4419 3150 4483 mali,
3181 4429 3234 4472 et
3259 4417 3325 4472 ad
3352 4421 3533 4487 cogni-

250 4521 452 4574 tionem
474 4517 590 4582 Dei,
613 4525 667 4572 et
695 4516 763 4572 ad
789 4515 1146 4572 obedientiam
1165 4515 1536 4569 mandatorum
1563 4514 1680 4583 ejus
1705 4514 1871 4584 possit
1895 4528 2047 4568 suam
2077 4513 2306 4582 dirigere
2330 4511 2680 4574 voluntatem,
2713 4520 2870 4582 atque
2895 4510 2962 4566 ad
2989 4510 3129 4566 hanc
3158 4511 3401 4581 gratiam,
3425 4527 3530 4579 qua

251 4612 304 4666 in
336 4611 553 4666 Christo
587 4609 949 4674 renascimur,
977 4607 1255 4679 pervenire
1275 4649 1292 4673 ,
1331 4623 1424 4676 per
1451 4607 1743 4660 naturalem
1770 4605 1978 4660 scilicet
2003 4603 2328 4667 facultatem,
2360 4602 2608 4673 petendo,
2636 4603 2944 4672 quaerendo,
2981 4601 3244 4672 pulsando
3275 4619 3289 4655 :
3321 4609 3380 4655 ut
3411 4601 3532 4654 ideo

244 4702 496 4772 accipiat,
526 4701 648 4755 ideo
678 4701 933 4766 inveniat,
962 4699 1081 4754 ideo
1107 4697 1358 4763 introeat,
1385 4697 1507 4766 quia
1531 4697 1671 4752 bono
1699 4705 1910 4750 naturae
1939 4695 2076 4749 bene
2101 4709 2246 4756 usus,
2275 4693 2341 4746 ad
2383 4693 2538 4748 istam
2564 4693 2857 4746 salvantem
2887 4693 3136 4762 gratiam,
3169 4690 3386 4744 initialis
3410 4705 3514 4759 gra

249 4798 335 4851 tiae
362 4809 466 4865 ope
493 4794 748 4850 meruerit
773 4793 1072 4863 pervenire.
1119 4791 1459 4860 Propositum
1487 4799 1666 4844 autem
1693 4789 1934 4844 vocantis
1958 4786 2142 4858 gratiae
2170 4789 2222 4840 in
2254 4787 2356 4841 hoc
2397 4785 2618 4840 omnino
2657 4785 2938 4848 definiunt,
2985 4783 3124 4854 quod
3159 4783 3298 4838 Deus
3323 4784 3525 4837 consti-

250 4887 409 4940 tuerit
433 4884 636 4938 nullum
667 4884 723 4938 in
752 4897 973 4952 regnum
999 4897 1178 4944 suum,
1213 4881 1312 4936 uisi
1344 4897 1438 4950 per
1458 4880 1865 4936 Sacramentum
1892 4877 2309 4949 regenerationis
2348 4891 2645 4941 assumere,
2675 4883 2728 4928 et
2756 4875 2821 4928 ad
2854 4875 2953 4930 hoc
2973 4875 3159 4929 salutis
3184 4875 3382 4930 donum
3410 4891 3523 4929 omc

248 4992 343 5031 nes
370 4975 615 5030 homines
635 4975 1021 5035 universaliter.
1054 4973 1168 5026 sive
1198 4987 1293 5041 per
1322 4972 1643 5036 naturalem,
1675 4971 1787 5026 sive
1815 4986 1908 5038 per
1936 4971 2190 5038 scriptam
2220 4969 2413 5038 legem,
2445 4969 2557 5021 sive
2586 4981 2680 5037 per
2707 4965 3065 5035 evangelicam
3094 4966 3526 5035 praedicationem

248 5066 428 5121 vocari
457 5105 470 5118 .
507 5075 565 5119 ut
591 5075 646 5120 et
669 5065 761 5136 qui
788 5063 1072 5126 voluerint,
1107 5065 1236 5117 fiant
1265 5064 1354 5117 lilii
1400 5064 1511 5128 Dei,
1542 5072 1596 5118 et
1622 5063 2011 5118 iuexcusabiles
2037 5063 2142 5115 sint
2168 5063 2254 5132 qni
2286 5061 2468 5116 fideles
2495 5076 2615 5115 esse
2643 5059 2947 5122 noluerint;
2979 5059 3099 5130 quia
3122 5059 3324 5130 justitia
3354 5059 3443 5112 Dei
3475 5058 3526 5114 iu

249 5174 316 5213 eo
345 5158 438 5223 sit,
471 5165 528 5211 ut
553 5157 642 5227 qui
669 5174 774 5211 non
799 5154 1144 5220 crediderint,
1175 5164 1428 5224 pereant;
1473 5155 1684 5208 bonitas
1713 5155 1764 5207 iu
1791 5169 1857 5207 eo
1887 5162 2162 5223 appareat,
2195 5153 2236 5204 si
2264 5152 2531 5205 neminem
2557 5149 2786 5219 repellat
2812 5164 2842 5202 a
2882 5151 3011 5217 vita,
3040 5149 3132 5204 sed
3164 5148 3524 5204 indifferenter

249 5251 527 5303 universos
563 5247 692 5302 velit
731 5248 907 5302 salvos
951 5247 1065 5303 ﬁeri
1113 5257 1168 5302 et
1231 5247 1284 5302 in
1327 5247 1650 5317 agnitionem
1678 5245 1914 5300 veritatis
1966 5247 2167 5298 venire.
2212 5241 2328 5296 Jam
2378 5242 2465 5296 hic
2513 5243 2790 5310 proferunt
2844 5242 3144 5297 testimonia
3200 5241 3391 5308 quibus
3444 5239 3526 5292 di-

248 5342 493 5395 vinarum
523 5340 916 5410 Scripturarum
955 5338 1255 5394 cohortatio
1295 5337 1360 5392 ad
1406 5337 1765 5393 obediendum
1811 5335 1993 5390 incitat
2036 5333 2307 5388 hominum
2340 5333 2640 5388 voluntates
2667 5375 2682 5399 ,
2717 5333 2804 5403 qui
2850 5349 2915 5388 ex
2960 5333 3125 5386 libero
3153 5331 3370 5384 arbitrio
3394 5371 3408 5391 .
3437 5342 3524 5384 aut

252 5433 451 5487 faciant
503 5445 620 5502 quae
662 5429 957 5499 jubentur,
1010 5438 1101 5484 aut
1144 5429 1455 5500 negligant:
1506 5439 1561 5483 et
1608 5442 1942 5496 consequens
1993 5434 2213 5496 putant,
2268 5435 2324 5479 ut
2365 5425 2486 5494 quia
2555 5426 2931 5494 praevaricator
2989 5423 3109 5477 ideo
3171 5424 3366 5476 dicitur
3419 5439 3519 5477 ιιΜῖ

248 5523 496 5580 obedisse
531 5562 546 5587 ,
601 5522 725 5591 quia
779 5521 986 5585 noluit,
1040 5521 1212 5577 ﬁdelis
1265 5537 1478 5591 quoque
1528 5535 1634 5574 non
1692 5519 1964 5574 dubitetur
2010 5516 2080 5571 ob
2129 5517 2230 5570 hoc
2285 5515 2510 5571 devotus
2561 5516 2763 5582 fuisse,
2824 5515 2946 5584 quia
3001 5513 3208 5575 voluit;
3254 5522 3310 5567 et
3355 5529 3526 5582 quau-

251 5628 362 5674 ιιιιῐι
413 5615 642 5687 quisque
690 5615 758 5670 ad
815 5616 1051 5682 malum,
1106 5623 1312 5670 tantum
1371 5615 1563 5671 habeat
1617 5612 1879 5668 facultatis
1933 5611 1998 5665 ad
2050 5609 2289 5674 bonum;
2344 5610 2566 5680 parique
2617 5616 2886 5662 momento
2929 5606 3165 5661 animum
3220 5620 3279 5661 se
3332 5604 3414 5660 vel
3459 5602 3528 5660 ad

309 5747 385 5806 (α)
420 5748 752 5796 Αιιιιιιιιριίιιος
774 5743 1046 5794 Inonachos.
