4022 6464
491 339 587 400 9M
1449 349 1775 407 EPISTOLA
1817 350 2151 408 PROSPERI
2191 353 2282 408 AD
2323 354 2792 417 AUGUa‘TlNUM.
3655 371 3768 430 953

487 455 610 508 vitia
638 497 652 521 ,
703 455 785 527 vel
823 455 888 512 ad
935 457 1154 515 virtutes
1201 475 1456 530 movere,
1504 480 1663 534 quem
1689 465 1828 521 bona
1855 475 2190 536 appetentem
2229 470 2394 540 gratia
2437 471 2530 526 Dei
2574 471 2784 540 foveat,
2829 474 2967 529 mala
2997 484 3295 534 sectantem
3325 479 3604 538 damnatio
3623 483 3772 556 jttsla

487 549 623 602 ιιιδυί
633 548 759 617 piat.

655 639 890 712 Cumque
937 642 1076 700 inter
1115 644 1231 700 bare
1275 646 1736 706 innttmcrabilium
1767 651 1875 707 illis
1917 652 2195 707 multitudo
2238 655 2488 723 obiicitur
2513 661 2858 725 parvulorum
2885 703 2900 727 ,
2933 663 3025 733 qui
3057 666 3240 735 utique
3271 678 3494 740 excepto
3522 669 3772 741 originali

481 743 723 803 peccato,
755 735 854 790 sub
882 752 986 807 quo
1011 755 1196 794 omnes
1242 739 1485 796 homines
1531 744 1780 798 similiter
1824 745 1876 799 in
1923 746 2075 814 primi
2105 746 2338 801 hominis
2360 743 2700 807 damnatione
2742 764 3054 821 nascuntur,
3105 758 3282 811 nullas
3307 735 3481 814 adhuc
3506 760 3774 816 habentes

482 823 816 890 voluntates,
864 829 1037 884 nullas
1065 832 1304 900 proprias
1350 833 1608 900 actiones,
1659 851 1764 890 non
1798 838 1914 892 sine
1944 838 2033 892 Dei
2060 838 2263 906 judicio
2311 852 2694 908 secernuntur;
2731 854 2783 899 ut
2814 856 2939 901 ante
2982 847 3360 904 discretionem
3390 851 3516 906 boni
3546 867 3609 907 ac
3639 853 3769 908 mali

480 915 550 971 de
577 931 672 971 usu
707 919 828 974 vita;
872 920 1026 976 istius
1064 922 1362 992 auferendi,
1409 925 1496 980 alii
1544 942 1639 997 per
1687 929 2142 998 regenerationem
2189 929 2327 984 inter
2367 932 2608 988 caelestis
2659 934 2807 1005 regni
2853 950 3197 993 assumantur
3230 940 3607 1008 haeredes,-alii
3651 941 3774 998 sine

479 1006 753 1078 Baptismo
783 1011 920 1066 inter
947 1014 1132 1068 mortis
1163 1025 1429 1085 perpeture
1464 1028 1734 1073 transeant
1765 1019 2033 1074 debitores
2060 1038 2073 1074 :
2117 1021 2251 1075 tales
2292 1022 2440 1075 aiunt
2475 1024 2642 1093 perdi,
2675 1026 2912 1096 talesque
2937 1029 3154 1094 salvari,
3200 1033 3385 1100 quales
3413 1006 3617 1086 futuros
3645 1033 3774 1088 illos

478 1101 535 1155 in
561 1103 717 1159 anuis
741 1105 1030 1174 majoribus
1053 1147 1069 1171 ,
1100 1107 1144 1162 si
1171 1109 1235 1161 ad
1262 1113 1486 1163 aetivam
1516 1123 1856 1166 servarentur
1880 1121 2121 1180 mlalem,
2152 1114 2375 1168 scientia
2399 1115 2573 1169 divina
2606 1117 2927 1186 prmviderit.
2955 1117 3062 1174 Nec
3089 1121 3433 1177 considerant
3457 1138 3516 1177 se
3539 1123 3769 1193 gratiam

481 1192 598 1260 Dei,
646 1211 804 1264 quam
844 1198 1096 1252 comitem
1119 1238 1136 1264 ,
1169 1215 1273 1252 non
1307 1201 1552 1270 prmviam
1586 1201 1938 1256 humanorum
1972 1202 2158 1256 volunt
2185 1209 2306 1259 esse
2349 1205 2700 1271 meritorum,
2733 1208 2893 1262 etiam
2945 1208 3050 1262 illis
3090 1211 3452 1266 voluntatibus
3493 1192 3726 1268 subdere
3748 1252 3769 1280 ,

477 1301 613 1358 quas
637 1289 704 1344 ab
734 1305 817 1356 ea,
847 1291 1137 1346 secundum
1164 1306 1312 1345 suam
1341 1294 1694 1362 phantasiam,
1725 1311 1829 1349 non
1873 1305 2067 1366 negant
2095 1309 2214 1350 esse
2244 1306 2558 1367 przeventas.
2583 1298 2688 1354 Sed
2721 1299 2773 1353 in
2807 1309 3012 1355 tantum
3035 1303 3457 1373 quibuscumque
3487 1319 3771 1360 commen-

481 1380 609 1435 titiis
640 1384 843 1438 meritis
873 1385 1184 1442 electionem
1227 1389 1322 1444 Dei
1362 1388 1645 1458 subjiciunt
1667 1430 1682 1454 ,
1719 1398 1774 1442 ut
1820 1387 1940 1458 quia
1972 1389 2236 1458 prmterita
2269 1405 2373 1445 non
2403 1398 2632 1456 exstant,
2666 1391 2860 1458 futura,
2891 1409 3009 1464 qua:
3039 1411 3144 1449 non
3172 1396 3278 1450 sint
3321 1396 3516 1461 futura,
3555 1399 3768 1454 conlin-

477 1487 628 1546 gant,
661 1491 908 1548 novoque
933 1479 1070 1549 apud
1111 1481 1229 1535 illos
1253 1481 1593 1535 absurditatis
1616 1496 1832 1550 genere.
1863 1491 1917 1536 et
1965 1495 2070 1535 non
2099 1481 2300 1551 agenda
2332 1483 2573 1553 praescita
2619 1483 2746 1547 sint,
2774 1492 2828 1539 et
2860 1487 3102 1554 przvscita
3147 1502 3252 1541 non
3297 1497 3412 1542 acta
3442 1490 3568 1543 sint.
3617 1489 3769 1545 Hanc

395 1573 398 1576 '
477 1580 609 1620 sane
632 1565 700 1620 de
728 1569 973 1623 humanis
999 1571 1202 1625 meritis
1227 1572 1612 1644 prmscientiam
1645 1571 1758 1637 Dei,
1788 1572 2084 1626 secundum
2112 1588 2271 1643 quam
2293 1574 2458 1642 gratia
2493 1574 2730 1629 vocantis
2758 1587 3031 1645 operetur,
3065 1577 3234 1631 multo
3261 1579 3359 1632 sibi
3393 1581 3767 1638 rationabilius

479 1657 729 1714 videntur
754 1670 1016 1728 astruere,
1044 1680 1164 1719 cum
1195 1665 1260 1720 ad
1288 1681 1470 1721 earum
1503 1665 1774 1720 nationum
1801 1666 2304 1736 contemplationem
2354 1669 2582 1731 venitur,
2613 1681 2733 1737 qua:
2759 1669 2842 1722 vel
2885 1669 2940 1721 in
2969 1669 3255 1738 pra-teritis
3280 1671 3489 1725 sa-culis
3517 1673 3763 1730 dimisszn

476 1762 603 1806 sunt
631 1753 836 1825 ingredi
866 1756 977 1811 vias
1005 1773 1127 1813 suas
1161 1757 1309 1830 (Act.
1345 1775 1457 1825 xrv,
1491 1759 1603 1823 15),
1647 1759 1730 1812 vel
1761 1774 1900 1813 nunc
1925 1774 2140 1829 quoque
2164 1757 2340 1813 adhuc
2368 1758 2421 1813 iu
2449 1759 2646 1814 veteris
2677 1759 2987 1830 ignorantia:
3015 1761 3286 1830 impietate
3315 1763 3634 1832 depereunt,
3664 1783 3766 1823 nec

477 1846 582 1901 ulla
611 1849 690 1904 eis
715 1859 808 1905 aut
833 1850 992 1922 Legis
1019 1863 1108 1907 aut
1135 1853 1409 1924 Evangelii
1454 1854 1772 1908 illuminatio
1816 1854 2150 1917 coruscavit;
2176 1868 2298 1907 cum
2329 1862 2526 1919 tamen,
2555 1852 2609 1907 in
2637 1863 2890 1924 qnantmn
2923 1856 3356 1925 przedicatoribus
3383 1860 3576 1912 ostium
3604 1875 3765 1929 aper-

476 1945 591 1990 tum
619 1947 704 1993 est
733 1949 787 1995 et
812 1941 895 1994 via
924 1941 1056 1997 facta
1081 1951 1185 2009 est,
1215 1944 1449 2014 gentium
1479 1943 1722 2014 populus,
1752 1943 1840 2014 qui
1868 1943 2086 1998 sedebat
2113 1943 2165 1997 in
2196 1941 2428 1998 tenebris
2467 1951 2520 1996 et
2561 1943 2612 1997 in
2641 1943 2828 1998 umbra
2857 1946 3064 2009 mortis,
3095 1947 3268 2001 lucem
3297 1948 3484 2001 viderit
3516 1965 3763 2019 magnam

477 2025 646 2096 (Isai.
677 2044 754 2094 lx,
776 2029 832 2097 ‘2,
856 2040 903 2084 et
929 2029 1117 2085 Matth.
1141 2048 1214 2099 IV,
1239 2032 1331 2104 16)
1353 2050 1366 2099 ;
1390 2042 1442 2087 et
1467 2033 1554 2103 qui
1581 2033 1849 2102 quondam
1879 2048 1981 2087 non
2011 2033 2254 2102 populus,
2285 2046 2426 2086 nunc
2447 2041 2622 2087 autem
2650 2033 2875 2103 populus
2904 2035 2994 2089 Dei
3017 2035 3115 2101 sit;
3145 2045 3199 2091 et
3222 2052 3444 2106 quorum
3477 2039 3767 2109 aliquando

473 2133 582 2174 non
604 2121 853 2178 misertus
878 2131 979 2189 est,
1008 2139 1146 2179 nunc
1165 2132 1340 2180 autem
1363 2125 1678 2180 misereatur
1701 2122 1855 2194 (Osee
1880 2139 1936 2188 tt,
1963 2123 2055 2189 23,
2077 2123 2168 2189 24,
2195 2134 2241 2179 et
2269 2123 2419 2178 Rom.
2448 2140 2522 2189 rx,
2550 2123 2677 2195 25):
2713 2126 2965 2196 praevisos
2993 2127 3237 2198 inquitmt
3274 2145 3304 2183 a
3335 2131 3559 2186 Domino
3586 2133 3763 2189 credi-

475 2218 645 2279 turos,
677 2221 733 2268 et
760 2213 826 2268 ad
853 2229 1279 2286 unamquamque
1321 2225 1533 2287 gentem
1562 2216 1632 2270 ita
1656 2214 1956 2286 dispensata
1986 2225 2223 2286 tempora
2245 2232 2306 2270 ac
2334 2215 2624 2271 ministeria
2656 2218 3050 2288 magistrorum,
3083 2228 3140 2274 ut
3168 2231 3419 2276 exortura
3449 2231 3562 2277 erat
3589 2224 3763 2278 hona-

474 2319 593 2359 rum
643 2305 930 2363 credulitas
977 2309 1329 2364 voluntatum.
1381 2309 1490 2364 Nec
1541 2309 1795 2364 vacillare
1852 2308 2022 2375 illud,
2075 2309 2216 2378 quod
2266 2309 2642 2366 Deus-omnes
2686 2310 2932 2368 homines
2972 2314 3099 2368 velit
3143 2314 3320 2370 salvos
3386 2317 3535 2384 ﬁeri,
3595 2325 3650 2372 et
3700 2319 3760 2373 in

471 2397 796 2467 agnitionem
844 2400 1087 2456 veritatis
1133 2401 1314 2457 venire
1359 2401 1421 2472 (l
1469 2400 1605 2455 Tim.
1657 2415 1732 2464 Il,
1779 2398 1898 2471 4);
1945 2399 2374 2471 quandoquidem
2419 2401 2807 2458 inexcusabiles
2853 2404 2990 2467 sint,
3019 2404 3109 2475 qui
3138 2413 3194 2460 et
3227 2405 3294 2459 ad
3319 2409 3478 2461 unius
3513 2408 3625 2462 veri
3661 2407 3764 2465 Dei

474 2488 676 2542 cultum
714 2492 981 2560 potuerint
1007 2491 1194 2547 instrui
1222 2491 1566 2563 intelligentia
1607 2491 1828 2546 naturali
1857 2534 1872 2557 ,
1900 2503 1952 2546 et
1981 2493 2322 2562 Evangelium
2361 2493 2484 2549 ideo
2509 2509 2614 2549 non
2643 2493 2940 2562 audierint,
2971 2498 3092 2566 quia
3120 2513 3220 2554 nec
3244 2497 3442 2554 fuerint-
3471 2501 3762 2571 recepturi.

545 2580 598 2636 6.
647 2580 753 2637 Pro
781 2583 1031 2638 universo
1073 2593 1249 2640 autem
1287 2586 1519 2639 humano
1545 2598 1742 2655 genere
1785 2593 2053 2638 mortuum
2084 2599 2204 2638 esse
2237 2584 2520 2639 Dominum
2552 2598 2794 2640 nostrum
2835 2586 3017 2643 Iesum
3047 2587 3317 2644 Christum
3342 2629 3358 2654 ,
3404 2598 3460 2645 et
3489 2591 3761 2646 neminem

471 2688 692 2745 prorsus
715 2690 744 2730 a
769 2674 1137 2746 redemptione
1163 2677 1435 2747 sanguinis
1460 2677 1575 2746 ejus
1600 2687 1903 2747 exceptum,
1926 2679 2134 2733 etiamsi
2156 2692 2367 2733 omnem
2393 2679 2529 2733 hanc
2552 2678 2712 2734 vitam
2733 2679 3054 2736 alienissima
3086 2681 3154 2738 ab
3181 2697 3254 2738 eo
3273 2692 3454 2739 mente
3482 2695 3763 2754 pertrans-

466 2783 556 2829 eat
581 2791 596 2839 ;
623 2775 745 2846 quia
787 2777 853 2831 ad
881 2791 1067 2833 omnes
1094 2776 1336 2832 homines
1364 2776 1628 2846 pertineat
1663 2775 1856 2830 divina:
1882 2776 2265 2832 misericordia:
2289 2774 2690 2830 Saeramentum
2717 2791 2730 2827 :
2761 2789 2868 2845 quo
2896 2775 3017 2831 ideo
3040 2775 3250 2846 plurimi
3278 2792 3382 2831 non
3407 2787 3759 2844 τεηοτεηιυτ.

466 2869 590 2938 quia
617 2871 756 2940 quod
803 2886 902 2927 nec
941 2873 1184 2927 renovari
1212 2871 1350 2926 velle
1379 2870 1628 2935 habeant,
1659 2879 2086 2940 przenoscantur.
2114 2870 2314 2938 itaque,
2357 2875 2614 2936 quantum
2653 2867 2719 2922 ad
2749 2867 2915 2922 Deum
2946 2869 3196 2937 pertinet,
3228 2869 3476 2926 omnibus
3515 2881 3758 2942 paratam

465 2963 628 3016 vitam
655 2973 908 3018 aeternam
935 2980 951 3030 ;
979 2973 1232 3035 quantum
1254 2973 1431 3019 autem
1453 2962 1518 3018 ad
1549 2963 1752 3018 arbitrii
1775 2961 2096 3028 hbertatem,
2125 2962 2193 3016 ab
2223 2961 2305 3016 his
2327 2976 2443 3016 eam
2471 2960 2821 3032 apprehendi,
2846 2962 2937 3032 qui
2968 2962 3081 3018 Deo
3101 2972 3289 3032 sponte
3314 2964 3678 3032 crediderint,
3703 2974 3762 3024 et

465 3056 729 3110 auxilium
757 3058 942 3127 gratia:
969 3057 1160 3112 merito
1185 3055 1513 3112 credulitatis
1541 3054 1866 3126 acceperint.
1912 3055 1966 3110 lu
2011 3055 2165 3109 istam
2194 3069 2321 3109 vero
2350 3055 2468 3108 talis
2498 3054 2683 3124 gratim
2724 3054 3156 3124 prmdicationem
3185 3055 3259 3122 hi,
3288 3073 3514 3125 quorum
3542 3068 3760 3113 contra-

465 3146 702 3202 dictione
731 3148 1074 3213 offendimur,
1100 3163 1222 3204 cum
1270 3147 1416 3220 prius
1457 3147 1676 3202 meliora
1707 3145 1970 3202 sentirent
1992 3188 2006 3211 ,
2052 3145 2173 3200 ideo
2201 3161 2258 3200 se
2287 3146 2368 3199 vel
2403 3146 2633 3201 maxime
2661 3146 3024 3210 contulerunt,
3057 3148 3178 3216 quia
3207 3147 3250 3201 si
3278 3147 3664 3217 proﬁterentur
3686 3151 3757 3206 ab

464 3253 527 3293 ea
555 3239 730 3294 omnia
753 3240 890 3295 bona
918 3240 1104 3296 merita
1141 3239 1442 3311 przeveniri,
1472 3247 1528 3296 et
1547 3239 1615 3294 ab
1645 3239 1756 3310 ipsa
1785 3247 1844 3294 ut
1870 3239 2076 3309 possint
2101 3253 2242 3305 esse,
2273 3239 2463 3294 donari
2485 3280 2500 3305 ,
2530 3239 2849 3295 necessitate
2877 3240 3235 3296 concederent
3260 3240 3431 3296 Deum
3457 3243 3757 3299 secundum

460 3333 792 3403 propositum
836 3342 892 3389 et
933 3333 1213 3389 consilium
1242 3330 1528 3387 voluntatis
1555 3346 1686 3398 sum,
1719 3331 1932 3386 occulto
1947 3331 2170 3400 judicio,
2199 3341 2252 3386 et
2278 3346 2443 3400 opere
2472 3329 2755 3386 manifesto
2779 3373 2794 3395 ,
2819 3331 2963 3386 aliud
3004 3346 3097 3387 vas
3122 3333 3358 3389 condere
3381 3334 3440 3388 in
3465 3334 3752 3405 honorem,

460 3424 604 3478 aliud
635 3426 684 3480 in
707 3426 1084 3482 contumeliam
1119 3426 1303 3500 (Rom.
1333 3443 1412 3491 ix,
1440 3424 1570 3499 2|);
1603 3427 1722 3496 quia
1752 3440 1910 3479 nemo
1938 3425 2038 3478 nisi
2069 3439 2164 3494 per
2205 3425 2430 3494 gratiam
2453 3423 2793 3493 justiticetur,
2825 3431 2881 3478 et
2908 3439 3068 3478 nemo
3096 3425 3200 3479 nisi
3229 3425 3280 3480 in
3311 3428 3755 3496 prmvarimttiono

461 3525 732 3573 nascatur.
763 3519 869 3573 Sed
901 3519 1170 3589 refugiunt
1195 3518 1331 3574 istud
1356 3517 1535 3584 fateri,
1561 3516 1847 3586 divinoque
1875 3516 2179 3571 adscribere
2208 3517 2353 3585 operi
2381 3523 2687 3570 sanctorum
2714 3515 2903 3570 merita
2932 3514 3250 3581 formidant;
3282 3532 3382 3572 nec
3405 3520 3756 3589 acquiescant

460 3607 898 3674 pnedestinatum
929 3608 1222 3664 electorum
1251 3625 1530 3664 numerum
1561 3625 1660 3665 nec
1690 3608 1868 3678 augeri
1902 3621 2060 3678 posse
2088 3620 2185 3660 nec
2215 3606 2404 3674 minui,
2439 3622 2506 3662 ne
2549 3607 2724 3662 locum
2767 3607 2906 3676 apud
2939 3607 3180 3662 inﬁdeles
3205 3622 3268 3661 ac
3298 3609 3628 3680 negligentes
3651 3629 3753 3668 co-

462 3697 790 3754 hortantium
819 3700 1160 3755 incitamenta
1191 3716 1299 3754 non
1327 3700 1591 3767 habeant,
1623 3716 1686 3754 ac
1713 3698 1981 3770 superﬂua
2027 3697 2096 3751 sit
2125 3697 2396 3752 industriae
2444 3712 2507 3752 ac
2551 3697 2748 3753 laboris
2776 3697 3028 3764 indictio,
3057 3699 3209 3769 cujus
3235 3701 3468 3756 studium
3497 3712 3753 3760 cessante

458 3789 726 3846 electione
759 3791 1115 3845 frustrandum
1146 3793 1214 3846 sit
1244 3809 1257 3846 :
1290 3792 1359 3845 ita
1385 3791 1596 3846 demum
1623 3791 1762 3846 enim
1796 3804 1949 3859 posse
1977 3803 2407 3858 unumquemque
2429 3789 2494 3844 ad
2521 3789 2908 3843 correctionem
2935 3798 3026 3844 aut
3054 3791 3120 3846 ad
3153 3792 3437 3862 profectum
3468 3793 3668 3856 vocari,
3693 3795 3747 3849 si

457 3899 518 3939 se
547 3884 681 3940 sciat
709 3899 803 3938 sua
829 3884 1102 3955 diligentia
1130 3883 1326 3938 bonum
1354 3899 1473 3939 esse
1505 3899 1681 3954 posse,
1711 3894 1764 3938 et
1791 3883 2090 3936 libertatem
2117 3897 2266 3937 suam
2295 3881 2362 3934 ah
2389 3882 2489 3936 hoc
2515 3881 2606 3936 Dei
2633 3880 2830 3935 auxilio
2850 3880 3164 3951 iuvandam,
3189 3883 3230 3937 si
3250 3883 3385 3951 quod
3417 3882 3553 3937 Deus
3583 3898 3743 3937 man-

455 3977 568 4044 dat,
599 3979 838 4049 elegerit.
870 3979 947 4032 Ac
973 3979 1069 4046 sic,
1096 3993 1218 4033 cum
1245 3977 1297 4032 in
1330 3976 1434 4041 his,
1461 3978 1550 4048 qni
1581 3987 1787 4046 tempus
1814 3982 2136 4044 acceperunt
2163 3973 2344 4028 liberae
2370 3972 2676 4036 voluntatis,
2709 3971 2816 4027 duo
2841 3973 2950 4027 sint
2991 3988 3110 4043 qua:
3139 3974 3418 4027 humanam
3446 3983 3746 4043 operentur

453 4071 703 4137 salutem,
735 4071 830 4126 Dei
853 4071 1056 4128 scilicet
1082 4071 1250 4142 gratia
1280 4079 1333 4126 et
1359 4069 1591 4125 hominis
1621 4069 1954 4133 obedientia;
1989 4069 2220 4137 priorem
2250 4067 2430 4120 volunt
2457 4064 2815 4120 obedientiam
2842 4079 2962 4119 esse
2981 4079 3139 4134 quam
3162 4065 3408 4135 gratiam,
3441 4073 3500 4119 ut
3523 4065 3741 4122 initium

453 4165 644 4220 salutis
673 4181 737 4220 ex
766 4179 834 4222 eo
857 4165 945 4236 qui
974 4165 1232 4231 salvatur,
1264 4178 1368 4219 non
1396 4179 1461 4219 ex
1493 4178 1559 4216 eo
1584 4160 1908 4216 credendum
1953 4160 2024 4214 sit
2049 4167 2195 4214 stare
2220 4157 2311 4229 qui
2339 4157 2529 4225 salvat,
2558 4164 2613 4212 et
2654 4156 2902 4212 voluntas
2929 4155 3167 4212 hominis
3191 4155 3388 4212 divina:
3413 4158 3596 4228 gratia:
3635 4157 3748 4214 sibi

454 4257 630 4327 pariat
651 4273 834 4328 opem,
860 4273 964 4311 non
985 4258 1154 4329 gratia
1184 4256 1267 4312 sib
1297 4257 1579 4310 humanam
1603 4253 1847 4322 subjiciat
1878 4254 2227 4307 voluntatem.

533 4350 585 4402 7.
619 4349 770 4418 Quod
795 4365 915 4404 cum
946 4349 1400 4420 perversissimam
1431 4362 1580 4410 esse,
1619 4347 1883 4400 revelante
1917 4345 2007 4399 Dei
2038 4343 2398 4399 misericordia
2421 4384 2438 4410 ,
2480 4352 2534 4398 et
2559 4342 2853 4400 instruente
2889 4357 2988 4399 nos
3024 4351 3111 4399 tua
3149 4342 3484 4399 Beatitudine
3523 4345 3740 4400 noveri-

455 4457 609 4508 mus;
643 4457 924 4512 possumus
953 4441 1164 4513 quidem
1191 4441 1256 4495 ad
1287 4456 1391 4494 non
1418 4439 1742 4494 credendum
1769 4453 1888 4491 esse
1912 4443 2244 4501 constantes,
2280 4435 2373 4489 sed
2400 4433 2466 4489 ad
2495 4435 2864 4490 auctoritatem
2894 4434 3020 4491 talia
3047 4435 3388 4491 sentientium
3417 4452 3523 4491 non
3553 4453 3744 4493 sumus

450 4551 610 4608 pares
634 4554 648 4590 ε
681 4538 801 4606 quia
825 4536 1048 4590 multum
1079 4549 1175 4590 nos
1194 4543 1249 4590 et
1269 4533 1390 4588 vitae
1416 4531 1619 4587 meritis
1639 4529 1984 4597 antecellunt,
2013 4537 2066 4584 et
2087 4527 2249 4599 aliqui
2274 4542 2481 4594 eorum,
2505 4526 2698 4597 adepto
2720 4542 2888 4597 nuper
2911 4541 3124 4583 summo
3147 4529 3163 4559 ¹
3191 4527 3477 4582 sacerdotii
3507 4528 3737 4596 honore,

451 4628 888 4696 superemineat;
923 4642 1020 4682 nec
1052 4625 1204 4681 facile
1229 4626 1541 4696 quisquam,
1574 4632 1769 4693 praeter
1803 4636 1998 4692 paucos
2038 4619 2289 4691 perfectae
2317 4620 2502 4690 gratiae
2541 4618 2832 4688 intrepidos
2871 4627 3134 4674 amatores
3156 4661 3171 4686 ,
3214 4628 3364 4674 tanto
3399 4622 3742 4691 superiorum

449 4718 899 4788 disputationibus
927 4733 1088 4772 ausus
1114 4726 1194 4771 est
1221 4717 1508 4771 contraire.
1542 4715 1617 4770 Ex
1649 4729 1757 4784 quo
1781 4730 1886 4768 non
1915 4713 2088 4766 solum
2121 4711 2203 4767 his
2228 4711 2317 4782 qui
2347 4728 2439 4767 eos
2471 4712 2722 4778 audiunt,
2754 4727 2939 4766 verum
2969 4713 3128 4766 etiam
3155 4713 3283 4783 ipsis
3313 4713 3400 4784 qui
3423 4713 3738 4784 audiuntur,

447 4826 570 4866 cum
610 4811 954 4882 dignitatibus
995 4813 1162 4868 crevit
1199 4812 1522 4881 periculum;
1572 4809 1698 4866 dum
1737 4817 1791 4863 et
1831 4809 2024 4862 multos
2049 4811 2346 4863 reverentia
2390 4823 2574 4862 eorum
2605 4816 2694 4861 aut
2734 4808 2905 4863 inutili
2937 4807 3154 4863 cohibet
3181 4808 3422 4873 silentio,
3455 4821 3546 4863 aut
3579 4811 3740 4864 incu-

449 4905 594 4958 rioso
625 4904 768 4959 ducit
795 4917 1047 4969 assensu;
1092 4915 1144 4959 et
1173 4903 1578 4958 saluberrimum
1623 4902 1750 4972 ipsis
1779 4901 2006 4963 videtur,
2037 4899 2178 4971 quod
2222 4916 2357 4971 pene
2397 4901 2590 4955 nullius
2619 4902 3041 4956 contradictione
3078 4903 3509 4972 reprehenditur.
3541 4903 3696 4959 Unde
3717 4947 3736 4971 ,
3797 4974 3801 4978 ν

447 4996 569 5066 quia
624 4995 678 5050 in
739 4996 854 5051 i5tis
901 4995 1198 5065 Pelagiana:
1237 4995 1513 5065 pravitatis
1563 4993 1798 5062 reliquiis
1851 5009 1957 5048 non
2003 4991 2286 5047 mediocris
2334 4991 2632 5046 virulentim
2689 4991 2819 5046 {lbra
2861 4993 3124 5057 nutritur,
3177 4995 3221 5048 si
3273 4994 3587 5064 principium
3641 5011 3739 5051 sa-
3788 4985 3800 5035 ἶ

446 5091 572 5146 Iutis
600 5091 739 5146 male
792 5091 842 5145 in
893 5090 1106 5145 homine
1136 5090 1458 5151 collocatur;
1516 5088 1560 5143 si
1609 5087 1802 5141 div-inm
1846 5086 2106 5141 voluntati
2157 5085 2319 5153 impie
2363 5085 2607 5139 voluntas
2638 5085 2864 5140 humana
2894 5085 3196 5156 praefertur,
3247 5098 3304 5141 ut
3337 5087 3457 5142 ideo
3485 5087 3605 5158 quis
3636 5088 3740 5141 ad-

439 5196 660 5255 juvetur
697 5185 816 5254 quia
857 5184 1054 5248 voluit,
1102 5200 1207 5239 non
1251 5183 1370 5238 ideo
1404 5183 1525 5254 quia
1557 5181 1856 5252 adjuvatur,
1898 5181 2057 5243 velit;
2109 5179 2150 5234 si
2193 5179 2519 5250 originaliter
2565 5179 2733 5234 malus
2767 5181 3123 5248 receptioncm
3153 5179 3278 5234 boni
3311 5197 3415 5234 non
3458 5195 3486 5234 a
3517 5196 3738 5236 summo

444 5279 608 5343 bono,
641 5279 736 5334 sed
764 5295 794 5333 a
825 5277 1112 5348 semetipso
1135 5276 1386 5332 inchoare
1409 5275 1547 5330 male
1574 5273 1833 5337 creditur;
1863 5273 1904 5325 si
1927 5271 2138 5325 aliunde
2167 5271 2274 5326 Deo
2302 5271 2557 5340 placetur,
2590 5269 2689 5324 nisi
2719 5286 2782 5324 ex
2810 5286 2873 5323 eo
2896 5271 3032 5339 quod
3060 5271 3171 5340 ipse
3197 5270 3473 5324 donaverit
3503 5289 3515 5323 :
3549 5272 3738 5327 tribue

444 5372 599 5426 nobis
625 5372 676 5425 in
712 5371 809 5424 hac
835 5385 1018 5432 causa,
1054 5384 1186 5438 papa
1218 5369 1546 5433 beatissime,
1577 5377 1726 5436 pater
1753 5365 1984 5435 optime,
2015 5375 2267 5432 quantum
2295 5363 2514 5431 juvantc
2546 5362 2772 5416 Domino
2802 5372 2974 5432 potes,
3001 5363 3327 5432 diligentiam
3359 5361 3568 5431 pietatis
3599 5372 3736 5430 tua‘,

443 5472 500 5514 ut
528 5477 647 5529 qua:
672 5463 726 5518 in
758 5464 872 5517 istis
899 5461 1282 5532 quaestionibus
1307 5459 1614 5514 obscuriora
1645 5465 1700 5514 et
1723 5456 1787 5512 ad
1819 5453 2213 5527 percipiendum
2243 5451 2540 5508 difﬁciliora
2567 5461 2708 5520 sunt,
2740 5468 2897 5524 quam
2930 5452 3272 5508 lucidissimis
3298 5449 3737 5521 expositionibus

442 5555 680 5612 digneris
703 5556 933 5612 aperire.

502 5572 732 5612 "nertsa
808 5571 933 5612 rtre.

501 5599 569 5707 ῖς.
613 5667 678 5707 ac
719 5571 976 5721 itfiuium,
1011 5647 1130 5720 quia
1175 5645 1410 5718 plerique
1439 5658 1544 5700 non
1576 5651 1760 5715 putant
1785 5640 2125 5699 christianam
2169 5637 2326 5695 [idem
2360 5637 2460 5694 hac
2487 5635 2822 5694 dissensione
2851 5636 3077 5705 violari,
3109 5645 3364 5706 quantum
3397 5631 3621 5705 periculi
3649 5633 3736 5690 sit

507 5765 524 5796 ⁸
560 5769 608 5812 tn
633 5767 760 5819 κει,
789 5771 978 5809 ramum.
