4022 6496
275 382 386 440 953
1299 383 1624 441 EPISTULA
1665 370 1917 440 meum
1956 383 2048 440 ao
2086 383 2554 442 AUGUSTINUM.
3458 396 3567 456 σει

273 492 332 551 in
362 512 559 552 eorum
593 493 936 565 persuasione
963 492 1267 566 patelacias.
1305 496 1526 563 Deinde,
1557 497 1826 568 quomodo
1855 513 1948 567 per
1973 499 2124 552 istum
2157 512 2574 572 pra-operantem
2605 510 2659 558 et
2685 513 3059 575 cooperantem
3086 507 3308 579 gratiam
3335 509 3564 567 liberum

271 604 384 644 non
417 587 742 659 impediatur
769 587 1065 642 arbitrium.
1103 586 1270 652 Tum,
1309 597 1489 642 utrum
1532 589 1860 659 przescientia
1892 590 1985 644 Dei
2027 591 2096 644 ita
2132 593 2422 647 secundum
2464 597 2792 664 propositum
2832 609 3069 667 maneat,
3108 609 3165 655 ut
3206 617 3266 656 ea
3297 601 3410 672 ipsa
3448 619 3570 674 quae

271 692 402 738 sunt
433 685 731 754 proposita,
763 685 868 739 sint
893 683 1197 753 accipienda
1230 683 1514 754 przescita:
1549 700 1615 738 an
1649 699 1743 753 per
1780 698 1974 754 genera
2018 699 2301 739 causarum
2342 695 2395 741 et
2422 690 2628 757 species
2658 703 3004 758 personarum
3037 692 3136 747 ista
3172 693 3478 761 varientur;
3515 703 3572 750 ut

278 777 408 847 quia
454 777 683 832 divers:e
727 786 850 831 sunt
885 778 1224 842 vocationes,
1265 778 1316 831 in
1363 777 1444 831 his
1483 776 1572 847 qui
1615 777 1744 830 nihil
1784 777 2055 846 operaturi
2097 777 2388 845 salvantur,
2420 781 2568 849 quasi
2598 782 2769 836 solum
2815 783 2908 838 Dei
2951 785 3285 854 prepositum
3323 787 3570 844 videatur

263 869 550 934 existere;
583 868 634 923 iu
668 867 750 922 his
777 877 954 922 autem
985 867 1075 938 qui
1099 866 1297 938 aliquid
1331 866 1456 922 boni
1485 867 1654 921 acturi
1683 876 1806 921 sunt
1825 907 1839 930 ,
1872 881 1967 936 per
1994 867 2380 935 prmscientiam
2412 871 2584 939 possit
2611 881 2756 926 stare
2799 875 3126 941 propositum
3155 891 3169 928 :
3195 888 3263 928 an
3289 889 3418 930 vero
3443 875 3570 930 uni-

277 963 561 1026 formiter,
594 964 718 1018 licet
746 963 906 1018 dividi
935 962 1265 1035 praescientia
1309 977 1339 1016 a
1384 962 1658 1033 proposito
1687 961 1962 1030 temporali
1988 959 2329 1017 distinctione
2367 976 2470 1016 non
2511 964 2714 1033 possit,
2762 965 3096 1034 praascientia
3128 975 3302 1022 tamen
3331 966 3564 1037 quodam

274 1054 477 1110 ordine
505 1057 576 1110 sit
604 1055 826 1110 subnixa
856 1053 1163 1124 propasito;
1195 1061 1249 1108 et
1272 1052 1410 1108 sicut
1438 1051 1570 1105 nihil
1607 1051 1676 1105 sit
1703 1065 2159 1121 quorumcumque
2189 1052 2551 1122 negotiorum,
2586 1053 2726 1124 quod
2757 1071 2862 1111 non
2903 1057 3122 1111 scientia
3153 1057 3328 1112 divina
3357 1073 3566 1127 praeve-

269 1147 447 1211 nerit;
480 1146 554 1200 ita
580 1145 712 1200 nihil
740 1147 810 1201 sit
835 1144 982 1211 boni,
1015 1144 1156 1215 quod
1186 1145 1238 1198 in
1271 1153 1507 1198 nostram
1542 1143 2002 1214 participationem
2032 1157 2137 1196 non
2166 1143 2276 1199 Deo
2304 1154 2524 1199 auctore
2553 1145 2853 1200 deﬂuxerit.
2883 1147 3186 1213 Postremo,
3214 1149 3569 1218 quemadmo-

269 1238 401 1293 dum
436 1254 538 1309 per
567 1238 703 1292 hanc
735 1229 1166 1307 praedicationem
1194 1235 1452 1306 prapositi
1479 1233 1604 1301 Dei,
1637 1248 1744 1304 quo
1774 1233 1958 1289 ﬁdeles
1995 1233 2125 1288 ﬁunt
2152 1235 2240 1305 qui
2279 1236 2619 1306 praeordinati
2651 1246 2775 1291 sunt
2802 1237 2869 1292 ad
2895 1239 3056 1293 vitam
3086 1248 3372 1306 aeternam,
3405 1255 3568 1296 nemo

267 1343 462 1385 eorum
495 1327 589 1398 qui
614 1327 930 1382 cohortandi
955 1335 1080 1382 sunt
1107 1325 1445 1396 impediatur,
1478 1339 1578 1378 nec
1614 1323 1950 1378 occasionem
1983 1325 2316 1394 negligentia:
2343 1325 2600 1392 habeant,
2634 1327 2678 1380 si
2708 1341 2766 1381 se
2793 1329 3197 1396 prmdestinatos
3229 1345 3349 1386 esse
3374 1330 3569 1402 despe-
3647 1372 3649 1376 .

266 1429 414 1475 rent.
459 1418 595 1474 Illud
629 1420 788 1473 etiam
818 1417 1044 1489 qualiter
1072 1417 1326 1479 diluatur,
1365 1430 1673 1486 qumsumus
1696 1415 1958 1484 patienter
1985 1415 2345 1484 insipientiam
2373 1427 2610 1471 nostram
2648 1403 2867 1472 ferendo
2896 1421 3260 1489 demonstres,
3306 1423 3446 1493 quod
3476 1441 3567 1481 re-

272 1513 524 1567 tractatis
548 1513 786 1582 priorum
817 1511 884 1566 de
912 1511 1011 1566 hac
1034 1526 1093 1566 re
1120 1507 1484 1580 opinionibus,
1514 1522 1651 1578 pene
1676 1507 1912 1561 omnium
1942 1522 2037 1577 par
2061 1508 2323 1562 invenitur
2350 1515 2405 1562 et
2430 1524 2531 1561 una
2553 1511 2835 1574 sententia,
2866 1526 2967 1580 qua
2998 1514 3323 1582 prepositum
3350 1523 3405 1567 et
3428 1530 3568 1583 pra:-

269 1605 692 1659 destinationem
727 1603 818 1658 Dei
849 1601 1139 1658 secundum
1168 1600 1559 1672 praescientiam
1601 1607 1951 1669 receperunt;
1984 1608 2041 1652 ut
2069 1600 2138 1654 ob
2164 1599 2265 1653 hoc
2295 1599 2435 1654 Deus
2463 1599 2743 1654 aliosvasa
2773 1600 2994 1657 honoris
3013 1644 3028 1670 ,
3060 1605 3197 1660 alios
3224 1607 3566 1660 contumeliae

264 1695 459 1751 fecerit
481 1738 496 1762 ,
528 1696 650 1766 quia
689 1695 847 1749 linem
879 1693 1292 1764 uniuscujusque
1330 1689 1639 1763 praeviderit
1658 1731 1674 1758 ,
1705 1699 1760 1746 et
1787 1689 1889 1745 sub
1917 1691 2034 1760 ipso
2058 1691 2243 1762 gratize
2271 1689 2538 1760 adjutorio
2567 1690 2618 1745 in
2656 1707 2759 1761 qua
2799 1691 3004 1749 futurus
3030 1704 3174 1751 esset
3209 1697 3482 1752 voluntate
3507 1704 3564 1752 et

262 1786 484 1840 actione
517 1785 826 1840 nrmscierit.

337 1803 484 1840 none
553 1803 826 1840 rmscnern.

337 1878 393 1931 9.
429 1803 642 1944 Qu'i)bus
670 1872 916 1930 omnibus
942 1873 1204 1938 enodatis,
1233 1881 1287 1928 et
1310 1871 1491 1927 multis
1520 1871 1756 1941 insuper,
1789 1885 1908 1940 qua:
1935 1870 2123 1926 altiore
2148 1871 2338 1926 intuitu
2367 1871 2434 1926 ad
2457 1887 2672 1928 causam
2702 1872 2840 1929 hanc
2863 1875 3180 1944 pertinentia
3211 1880 3382 1948 magis
3408 1887 3562 1948 potes

259 1971 484 2034 videre,
520 1969 804 2034 discussis;
837 1968 1102 2023 credimus
1128 1976 1183 2022 et
1210 1979 1508 2036 speramus,
1542 1978 1647 2018 non
1687 1963 1860 2018 solum
1887 1964 2198 2019 tenuitatem
2231 1974 2466 2020 nostram
2505 1963 2922 2036 disputationum
2955 1979 3164 2023 tuarum
3194 1972 3446 2042 przesidio
3471 1988 3564 2026 ro-

260 2060 568 2116 borandam
587 2103 602 2126 ,
635 2060 725 2114 sed
756 2059 915 2114 etiam
949 2060 1092 2128 ipsos
1119 2071 1251 2128 quos
1277 2055 1483 2111 meritis
1508 2064 1667 2125 atque
1692 2053 1985 2110 honoribus
2024 2056 2198 2110 claros
2229 2057 2401 2128 caligo
2429 2061 2580 2113 istius
2607 2060 2870 2130 opinionis
2895 2061 3144 2116 obscurat
3163 2105 3178 2128 ,
3209 2063 3561 2119 defamatissi-

261 2172 410 2210 mum
438 2155 628 2209 lumen
660 2154 844 2223 gratiae
884 2162 1213 2222 recepturos.
1257 2149 1390 2204 Nam
1421 2164 1585 2202 unum
1611 2162 1797 2202 eorum
1840 2149 2121 2218 praecipua:
2162 2151 2492 2205 auctoritatis
2530 2160 2583 2207 et
2619 2153 2968 2222 spiritualium
3008 2154 3302 2208 studiorum
3343 2156 3517 2210 virum
3543 2197 3559 2222 ,

258 2256 514 2302 sanctum
544 2245 800 2301 Hilarium
831 2245 908 2314 (α)
936 2244 1304 2298 Arelatensem
1343 2241 1675 2312 episc0pum,
1706 2240 1836 2294 sciat
1867 2241 2144 2296 Beatitudo
2173 2251 2259 2296 tua
2290 2243 2668 2298 admiratorem
2701 2253 3127 2316 scclatoremque
3158 2247 3208 2300 in
3237 2247 3355 2300 aliis
3381 2247 3561 2300 onmi-

257 2338 359 2392 bus
389 2347 504 2391 tum
530 2350 650 2392 esse
673 2335 963 2400 doctrinae;
995 2344 1048 2389 et
1071 2333 1141 2392 de
1167 2332 1270 2388 hoc
1293 2331 1434 2402 quod
1462 2332 1513 2384 in
1540 2330 1813 2401 querelam
1845 2330 2036 2393 trahit.
2067 2331 2176 2400 jam
2208 2331 2412 2400 pridem
2445 2333 2584 2401 apud
2613 2334 2959 2389 Sanctitatein
2987 2345 3128 2388 tuam
3160 2351 3376 2390 sensum
3403 2352 3559 2391 suum

259 2444 354 2498 per
387 2430 601 2482 litteras
627 2427 762 2482 velle
786 2425 1052 2481 conferre.
1096 2424 1202 2479 Sed
1229 2423 1352 2494 quia
1381 2431 1558 2478 utrum
1587 2424 1687 2477 hoc
1714 2422 1980 2487 facturus,
2011 2431 2103 2476 aut
2139 2438 2245 2493 quo
2274 2424 2377 2478 ﬁne
2417 2425 2487 2478 sit
2524 2423 2760 2480 facturus
2791 2427 3051 2481 incertum
3092 2436 3203 2493 est,
3236 2436 3290 2482 et
3315 2431 3557 2484 omnium

257 2531 513 2576 nostrum
559 2517 830 2588 fatigatio,
877 2515 1190 2588 providente
1231 2516 1332 2569 hoc
1371 2511 1618 2584 prZesenti
1646 2513 1844 2568 smenlo
1869 2513 1962 2568 Dei
1988 2515 2174 2584 gratia,
2211 2515 2262 2568 in
2296 2525 2398 2570 tute
2427 2515 2701 2572 charitatis
2739 2526 2794 2573 et
2822 2519 3058 2573 scientia:
3090 2520 3270 2590 vigore
3296 2522 3557 2590 respirat;

258 2613 398 2667 adde
429 2610 793 2667 eruditionem
823 2609 1112 2664 humilibus
1131 2648 1148 2674 ,
1178 2607 1314 2662 adde
1350 2605 1767 2674 increpationem
1799 2605 2063 2675 superbis.
2091 2606 2460 2662 Necessarium
2491 2618 2546 2662 et
2588 2609 2715 2665 utile
2743 2620 2824 2665 est
2851 2612 3008 2666 etiam
3039 2627 3158 2682 qum
3197 2613 3393 2681 scripta
3433 2622 3558 2668 sunt

257 2706 537 2769 scribere,
579 2718 647 2758 ne
684 2702 806 2758 leve
843 2700 1181 2756 existimetur
1214 2698 1355 2769 quod
1387 2713 1492 2752 non
1534 2696 1842 2767 frequenter
1865 2699 2122 2769 arguitur.
2153 2699 2351 2754 Sanum
2379 2701 2520 2754 enim
2551 2710 2737 2771 putant
2766 2719 2886 2757 esse
2913 2705 3052 2773 quod
3097 2721 3200 2760 non
3229 2706 3410 2772 dolet,
3457 2722 3558 2762 nec

255 2796 452 2849 vulnus
497 2793 814 2863 superducta
841 2799 962 2846 cute
985 2794 1000 2823 ⁸
1033 2789 1308 2845 sentiunt:
1349 2787 1444 2845 sed
1485 2788 1786 2858 intelligant
1814 2799 2193 2858 perventurum
2224 2789 2291 2844 ad
2319 2793 2611 2846 sectionem
2633 2834 2649 2858 ,
2683 2793 2822 2863 quod
2857 2795 3100 2849 habuerit
3129 2805 3557 2865 perseverantem

259 2897 554 2943 tumorem.
584 2885 760 2941 Gratia
790 2884 882 2939 Dei
920 2893 974 2938 et
1023 2899 1123 2953 pax
1155 2882 1363 2937 Domini
1393 2882 1563 2936 nostri
1593 2880 1722 2936 Jesu
1758 2880 1956 2935 Christi
1982 2890 2204 2937 coronet
2234 2891 2284 2937 te
2315 2883 2367 2937 in
2393 2883 2542 2938 omni
2574 2895 2813 2954 tempore
2836 2928 2851 2951 ,
2880 2895 2934 2941 et
2956 2889 3315 2943 ambulantem
3343 2889 3410 2951 de
3446 2890 3557 2944 vir-

257 2988 370 3037 tute
403 2984 459 3036 in
495 2981 746 3035 virtutem
768 2978 1031 3050 gloriﬁcet
1060 2979 1111 3032 in
1140 2987 1421 3042 aeternum,
1444 2975 1661 3030 domine
1686 2989 1819 3045 papa
1846 2974 2171 3041 beatissime,
2197 2975 2534 3032 inel‘l’ahiliter
2565 2978 2844 3047 mirabilis,
2869 2979 3358 3052 incomparabiliter
3382 2982 3557 3038 bono-

259 3076 451 3141 rande,
485 3072 925 3146 praestantissime
951 3080 1194 3141 patrone.

1115 3181 1448 3238 EPISTOLA
1489 3181 1697 3238 INTER
1733 3181 2287 3238 AUGUSTINIANAS
2325 3139 2582 3241 CCXXV!
2621 3186 2713 3258 (ὁ).

260 3280 495 3336 Domino
540 3278 883 3344 beatissimo,
931 3291 995 3333 ac
1036 3285 1148 3332 toto
1197 3275 1388 3345 affectu
1435 3275 1821 3338 desiderando,
1873 3285 1928 3331 et
1983 3277 2205 3330 multum
2254 3277 2308 3331 in
2362 3277 2579 3333 Christo
2639 3279 2978 3352 suscipiendo
3032 3282 3169 3353 patri
3214 3283 3553 3354 Ausus'rtno,

1713 3369 1968 3424 HILARIUS
1996 3366 2091 3440 (ι’).

331 3465 386 3519 1.
417 3465 475 3521 Si
506 3465 839 3520 cessantibus
867 3461 1346 3519 contradicentium
1378 3460 1765 3531 quaestionibus
1793 3469 1960 3530 grata:
1991 3469 2115 3514 sunt
2144 3461 2458 3532 plerumque
2483 3462 2839 3518 studiosorum
2868 3463 3262 3534 inquisitiones,
3294 3473 3352 3520 ut
3391 3466 3553 3522 etiam

259 3555 351 3610 illa
371 3597 386 3620 ,
420 3572 542 3626 qua:
568 3556 770 3624 absque
797 3554 1037 3624 periculo
1061 3553 1452 3622 ignorarentur,
1485 3550 1758 3615 ediscant;
1790 3550 2022 3604 arbitror
2043 3552 2330 3621 gratiorem
2373 3553 2485 3607 fore
2512 3554 2844 3609 sedulitatem
2875 3565 3069 3610 nostra:
3100 3557 3402 3622 relationis,
3435 3574 3554 3628 qum

257 3648 387 3702 dum
423 3646 623 3702 iudicat
651 3645 942 3701 secundum
971 3643 1327 3714 quorumdam
1359 3641 1759 3711 prosecutiones
1783 3640 2024 3710 qua-dam
2065 3641 2400 3696 adversantia
2443 3644 2649 3698 veritati
2669 3686 2683 3710 ,
2726 3661 2829 3699 nou
2861 3655 2965 3699 tam
3001 3646 3100 3700 sibi
3130 3662 3287 3716 quam
3331 3648 3432 3703 illis
3462 3648 3554 3718 qui

261 3740 552 3792 turbantur
573 3746 628 3792 et
654 3737 889 3802 turbant,
922 3751 1015 3805 per
1044 3735 1325 3788 consilium
1355 3733 1665 3787 Sanctitatis
1691 3740 1796 3785 tua:
1826 3734 2019 3803 satagit
2045 3734 2331 3803 provideri,
2363 3733 2579 3790 domine
2599 3736 2923 3803 beatissime,
2955 3754 3016 3792 ac
3046 3746 3157 3793 toto
3185 3739 3376 3795 aliectu
3406 3741 3552 3796 desi-

259 3831 523 3896 derando,
551 3839 604 3884 et
635 3828 857 3884 multum
886 3828 936 3882 in
968 3828 1178 3883 Christo
1207 3825 1541 3894 suscipiende
1569 3835 1735 3893 pater.

329 3920 387 3974 2.
426 3920 549 3974 Haec
577 3928 702 3973 sunt
727 3920 903 3990 itaque
933 3934 1052 3988 qua:
1079 3918 1344 3979 Massilia},
1371 3917 1454 3968 vel
1481 3916 1596 3972 aliis
1617 3918 1778 3971 etiam
1809 3914 1941 3969 locis
1969 3916 2018 3970 in
2047 3916 2213 3972 Gallia
2244 3921 2584 3975 ventilantur.
2616 3920 2823 3976 Novum
2852 3932 2905 3978 et
2937 3925 3118 3979 inutile
3145 3940 3264 3980 esse
3292 3926 3550 3996 praedica-

258 4012 400 4068 tioni
428 4009 569 4080 quod
608 4010 822 4079 quidam
861 4009 1150 4063 secundum
1183 4010 1508 4078 pr0positum
1543 4008 1774 4077 eligendi
1802 4007 2066 4074 dicantur,
2096 4020 2151 4062 ut
2194 4011 2243 4065 id
2289 4027 2387 4066 nec
2423 4014 2664 4082 arripere
2695 4015 2903 4070 valeant
2933 4032 3030 4070 nec
3062 4026 3274 4084 tenere,
3306 4019 3406 4072 nisi
3434 4035 3553 4074 cre-

257 4106 424 4162 dendi
456 4106 730 4161 voluntate
759 4104 972 4159 donata.
1005 4103 1225 4158 Excludi
1254 4113 1439 4173 putant
1467 4118 1680 4158 omnem
1711 4101 2038 4173 praedicandi
2072 4103 2338 4173 vigorem,
2378 4106 2422 4160 si
2454 4107 2582 4160 nihil
2614 4107 2752 4176 quod
2786 4123 2877 4178 per
2904 4125 3024 4162 eum
3054 4111 3333 4174 excitetur,
3364 4111 3414 4164 in
3448 4111 3552 4166 ho-

259 4200 502 4254 minibus
555 4197 875 4252 remansisse
917 4197 1141 4250 dicatur.
1187 4195 1544 4250 Consentiunt
1584 4211 1798 4251 omnem
1843 4194 2110 4249 hominem
2157 4195 2208 4249 in
2250 4197 2418 4251 Adam
2461 4198 2720 4268 periisse,
2765 4215 2864 4253 nec
2896 4201 3018 4254 inde
3043 4217 3361 4272 quemquam
3395 4219 3552 4272 posse

261 4294 486 4364 proprio
528 4291 748 4346 arbitrio
795 4291 1048 4345 liberari:
1082 4288 1175 4344 sed
1208 4289 1259 4344 id
1296 4289 1621 4344 conveniens
1660 4298 1906 4344 asserunt
1935 4288 2181 4354 veritati,
2226 4289 2307 4343 vel
2354 4305 2646 4360 congruum
2693 4292 3051 4360 prmdicatioui
3075 4335 3090 4358 ,
3136 4302 3218 4358 ut,
3270 4308 3389 4348 cum
3423 4311 3549 4362 pro-

261 4386 479 4451 stratis,
509 4395 561 4439 et
594 4399 862 4454 nunquam
898 4383 1008 4437 suis
1036 4383 1236 4437 viribus
1275 4381 1592 4436 surrecturis
1621 4382 1967 4436 annuntiatur
1997 4380 2300 4437 obtinendae
2331 4383 2515 4438 salutis
2545 4383 2786 4450 occasio,
2828 4399 2893 4438 eo
2922 4385 3114 4439 merito
3149 4400 3254 4455 quo
3288 4386 3550 4442 voluerint

263 4489 320 4536 et
361 4479 709 4544 crediderint,
738 4494 767 4533 a
800 4494 897 4534 suo
924 4477 1112 4534 morbo
1137 4492 1196 4532 se
1222 4491 1379 4547 posse
1404 4476 1602 4539 sanari,
1634 4485 1688 4531 et
1714 4476 1879 4544 ipsius
1910 4475 2028 4530 ﬁdei
2057 4485 2396 4546 augmentum
2419 4518 2432 4539 ,
2464 4485 2517 4531 et
2547 4477 2708 4530 totius
2736 4477 2978 4530 sanitatis
3016 4493 3126 4531 suae
3155 4489 3550 4549 consequantur

261 4572 535 4629 effectum.
566 4572 829 4627 Cmterum
866 4571 932 4626 ad
977 4571 1180 4626 nullum
1219 4585 1352 4640 opus
1386 4568 1470 4624 vel
1503 4567 1859 4638 incipiendum
1880 4609 1896 4634 ,
1931 4569 2123 4624 nedmu
2169 4567 2545 4638 perliciendum
2567 4608 2582 4634 ,
2615 4583 2933 4638 quemquam
2965 4569 3062 4622 sibi
3108 4569 3352 4624 sufﬁcere
3389 4586 3549 4640 posse

260 4663 605 4718 c0usentiuut
630 4681 642 4716 :
675 4677 846 4730 neque
873 4662 1013 4717 enim
1043 4661 1198 4715 alicui
1225 4660 1372 4730 operi
1403 4659 1694 4714 curationis
1721 4674 1905 4714 eorum
1935 4657 2393 4712 annumerandum
2423 4667 2629 4728 putant,
2661 4658 2912 4712 exterrita
2943 4668 2997 4712 et
3024 4659 3247 4728 supplici
3278 4660 3549 4718 voluntate

263 4769 697 4824 unumquemque
723 4763 980 4825 a‘grotum
1007 4753 1141 4806 velle
1166 4751 1365 4805 sanari.
1394 4749 1546 4818 Quod
1575 4750 1716 4804 enim
1743 4750 1958 4814 dicitur,
2001 4747 2188 4815 Crede,
2226 4759 2271 4802 et
2311 4747 2480 4803 salvus
2519 4749 2650 4812 en's;
2678 4765 2839 4801 unum
2880 4747 3068 4802 horum
3096 4749 3231 4819 exigi
3264 4761 3543 4820 asserunt,

262 4846 406 4900 aliud
433 4844 648 4910 oﬂ'erri;
681 4853 738 4899 ut
768 4854 982 4913 propter
1008 4842 1058 4896 id
1086 4834 1225 4911 quod
1254 4841 1506 4910 exigitur,
1547 4841 1590 4893 si
1621 4839 1882 4894 redditum
1906 4839 2103 4904 fuerit,
2142 4840 2193 4894 id
2221 4839 2362 4909 quod
2390 4839 2615 4894 oll'ertur
2640 4838 2892 4908 deinceps
2921 4841 3199 4895 tribuatur.
3226 4839 3378 4897 Unde
3409 4858 3545 4899 con-

264 4949 499 5007 sequens
524 4943 715 5006 putant
743 4933 1093 4989 exhibendam
1121 4931 1189 4987 ab
1219 4948 1285 4984 eo
1314 4930 1471 4985 ﬁdem
1496 4973 1509 4994 ,
1537 4930 1692 4998 cujus
1720 4940 1921 4985 natura:
1949 4931 2000 4985 id
2032 4931 2299 4984 voluntate
2326 4929 2629 4985 Conditoris
2653 4945 2967 4986 Concessum
3013 4939 3131 4996 est;
3163 4941 3217 4987 et
3248 4933 3445 4987 nullam
3474 4934 3544 4991 ita

260 5025 612 5094 depravatam
643 5026 724 5080 vel
753 5025 1068 5080 exstinctam
1097 5031 1312 5093 putant,
1339 5032 1396 5076 ut
1423 5037 1528 5076 non
1559 5020 1752 5075 debeat
1779 5023 1860 5077 vel
1890 5023 2058 5091 possit
2086 5036 2144 5077 se
2174 5020 2311 5077 velle
2345 5021 2554 5087 sanari;
2589 5031 2806 5092 propter
2831 5022 2974 5093 quod
3004 5023 3088 5078 vel
3117 5033 3337 5079 sanetur
3365 5026 3485 5095 quis
3514 5042 3544 5079 a

325 5121 347 5190 ξ
381 5129 431 5190 _m
448 5127 576 5179 Mss.
601 5117 728 5190 ιηιοᾷ
748 5131 842 5168 non
866 5117 1154 5190 ἀριςηινηεε
1179 5114 1350 5190 υέἔὲῐίαδ
1372 5112 1776 5190 ἔῐέρὲτξίκυοέυνζττη

1661 5127 1733 5190 ηι-
2171 5181 2185 5190 .
2398 5174 2458 5190 ..
2613 5175 2646 5190 ..
2826 5176 2873 5190 ..
3141 5174 3172 5190 ..
3237 5176 3249 5188 .

325 5183 400 5243 (α)
435 5190 538 5236 Pro,
564 5174 819 5238 'm'larium,
847 5174 1078 5242 putabant
1101 5179 1278 5228 eruditi
1298 5174 1496 5243 quidam
1518 5175 1785 5243 legendum
1807 5187 1950 5243 esse,
1974 5181 2268 5243 Honoratum
2289 5189 2307 5226 :
2329 5174 2420 5243 sed
2444 5175 2648 5237 inspecti
2689 5187 2718 5225 a
2761 5176 2904 5226 nobis
2937 5184 3044 5227 Mss.
3090 5174 3333 5243 Hilarin
3371 5189 3548 5243 omnes

261 5236 446 5293 ferunt.
469 5243 674 5292 Hilarius
698 5236 958 5304 porro'iste
982 5253 1047 5290 ex
1064 5236 1586 5304 Lerinensi'_monacbo
1610 5245 1806 5304 creatus
1828 5236 1935 5304 fuit
1955 5238 2250 5304 Arelatensis
2288 5236 2543 5304 episcopus
2566 5244 2702 5304 post
2726 5245 3035 5304 Honoratum,
3059 5252 3185 5288 anno
3216 5238 3308 5287 4%
3344 5247 3439 5304 _aut_
3454 5239 3548 5288 49.9

264 5305 467 5354 ineunte
490 5298 738 5353 dentatum.
764 5303 947 5366 Quippe
969 5309 1236 5366 Honoratus
1254 5299 1487 5366 suﬁ'ectus
1507 5298 1732 5366 Patroclo,
1758 5300 1845 5366 qui
1864 5299 2104 5366 anno-496
2136 5301 2272 5366 juxta
2295 5298 2510 5366 PijOSperi
2535 5298 2817 5366 Clit-unicum
2842 5299 3126 5352 interfectus
3149 5306 3243 5362 est,
3267 5298 3548 5352 cathedram

264 5367 617 5419 Arelatensem.
641 5371 771 5425 teste
786 5359 1032 5425 Honorato
1053 5362 1334 5412 Hassiliensi
1369 5362 1416 5409 in
1436 5361 1534 5425 vita
1557 5360 1715 5425 Hilarii
1739 5359 2050 5420 Arelatensis,
2075 5359 2163 5425 per
2185 5359 2438 5412 bienniuni
2458 5361 2724 5423 occupavit.

259 5463 262 5468 .
327 5426 398 5488 (ὁ)
432 5426 639 5488 Epistula
657 5424 845 5488 scilicet
865 5423 1024 5488 Hilarii
1045 5425 1107 5475 ad
1130 5425 1458 5488 augmtinum,
1481 5423 1547 5470 de
1570 5422 2072 5488 eodemargumento.

329 5482 407 5556 (ς).
432 5482 545 5556 Hic_|
565 5486 832 5556 rol‘ecto_ab
853 5484 1026 5556 Hilario
1049 5482 1333 5556 Arelatetisi,
1356 5486 1436 5556 qui
1456 5484 1798 5556 Augustininde
1822 5482 2246 5556 haegestinatione
2269 5485 2592 5556 sententiam,
2615 5485 2978 5556 sicutiAProsper
2999 5485 3048 5556 in
3071 5483 3326 5556 superiore
3345 5482 3548 5556 epistola

267 5545 448 5604 Scribit,
476 5566 497 5593 «
521 5545 568 5595 in
592 5545 842 5610 querelam
865 5547 1147 5610 trahebat,»
1177 5545 1427 5609 distinguit
1444 5545 1630 5610 seipse
1654 5545 1865 5610 infr_a,in.
1894 5546 1970 5604 10,
1988 5546 2340 5610 hisce_verbis:
2377 5564 2398 5592 ι
2419 5545 2532 5595 Nolo
2555 5554 2719 5610 autem
2753 5545 2984 5595 Sanctitas
3001 5552 3098 5610 tua
3126 5545 3211 5610 sic
3224 5559 3313 5610 me
3344 5545 3549 5610 arbitre-

275 5626 298 5682 ε
320 5619 396 5660 tur
543 5605 931 5682 scriberetquasi
953 5605 1109 5682 de
1127 5621 1241 5682 quae
1264 5605 1390 5657 nunc
1405 5605 1597 5682 edidisti
1613 5621 1716 5682 ego.
1725 5608 1962 5682 dubitem.
1988 5607 2225 5682 signiﬁcat
2240 5615 2477 5671 praeterea
2495 5622 2552 5657 se
2567 5609 2773 5682 ipsius},
2785 5606 3259 5682 przesentizedeliciis
3275 5625 3298 5653 ι
3330 5605 3548 5682 aliquan-

272 5670 330 5718 rlo
353 5673 571 5733 potitum,
610 5687 632 5715 α
652 5669 986 5733 uberibusque
1020 5669 1294 5733 salubribus
1336 5671 1607 5719 nutritum»
1651 5669 1821 5733 tuisse.
1866 5669 2054 5733 Deinde
2084 5682 2140 5733 se
2164 5669 2336 5733 laicum
2361 5683 2493 5728 esse,
2517 5683 2566 5718 n.
2588 5669 2624 5719 9
2655 5669 3208 5733 indimt;_acpostremo
3232 5669 3548 5731 Augustinum

268 5729 480 5794 appellat
509 5738 714 5795 patrem,
758 5732 822 5779 ab
863 5729 1069 5795 ipsoque
1111 5732 1316 5795 vicissim
1349 5733 1397 5780 in
1419 5733 1755 5794 subsequente
1778 5729 1902 5784 libro
1916 5730 1980 5783 de
2005 5731 2431 5784 Praedestinatione
2452 5739 2746 5792 Sanctorum,
2785 5745 2834 5780 n.
2863 5729 2906 5793 l,
2932 5729 3058 5780 ﬁlius
3078 5729 3412 5795 nuncupatur:
3437 5741 3549 5792 qua

272 5791 387 5843 sane
413 5795 460 5842 in
495 5791 826 5842 Arelatensem
849 5791 1124 5855 episoowm
1147 5793 1343 5844 minimc
1366 5791 1674 5844 conveniunt.
