4022 6462
463 333 570 393 955
1473 324 1797 381 EPISTULA
1841 321 2104 379 lllLAllll
2143 321 2232 376 AD
2270 318 2727 377 AUGUSTINUM.
3619 326 3725 382 956

463 463 581 514 sua,
609 446 726 511 vel,
753 445 798 502 si
824 443 1073 509 noluerit,
1103 456 1224 497 cum
1253 455 1348 496 sua
1379 438 1693 510 mgritudine
1721 437 1990 506 puniatur.
2019 436 2128 492 Nec
2167 433 2348 505 negari
2373 433 2595 504 gratiam
2614 475 2628 496 ,
2659 432 2707 488 si
2746 432 3046 503 praecedere
3072 436 3280 489 dicatur
3304 435 3422 490 talis
3447 435 3734 504 voluntas,

465 556 585 611 qua:
614 547 814 594 tantum
863 535 1125 590 medicum
1165 540 1403 604 quzerat,
1446 545 1551 584 non
1595 539 1773 584 autem
1819 527 2104 598 quidquam
2155 527 2263 594 ipsa
2288 525 2398 594 jam
2430 524 2618 578 valeat.
2653 522 2784 577 Nam
2826 524 2910 578 illa
2955 525 3290 588 testimonia,
3331 533 3390 578 ut
3433 533 3518 579 est
3566 528 3734 595 iilud,

467 633 609 688 Sicut
635 630 896 698 unicuique
923 627 1136 698 partitus
1165 634 1236 679 est
1266 640 1553 677 mensuram
1584 623 1704 690 ﬁdei
1732 622 1906 692 (Rom.
1947 637 2054 685 xu,
2086 619 2163 692 5),
2193 628 2247 674 et
2275 619 2465 672 similia
2485 660 2501 684 ,
2547 617 2611 672 ad
2641 618 2690 671 id
2718 618 2898 672 volunt
2928 620 3106 675 valere
3126 661 3140 684 ,
3189 629 3246 674 ut
3266 620 3481 690 juvetur
3505 621 3596 692 qui
3623 637 3740 677 em-

467 725 606 791 perit
646 719 814 784 velle,
862 734 967 770 non
1006 725 1066 772 ut
1107 718 1266 770 etiam
1305 714 1534 768 donetur
1561 724 1618 768 ιιι
1645 715 1796 779 velit;
1848 713 2060 782 rejectis
2083 711 2150 765 ab
2181 713 2280 764 hoc
2308 710 2448 764 dono
2477 709 2596 764 aliis
2635 709 2834 779 pariter
2861 709 3000 775 reis,
3041 719 3097 765 et
3119 712 3209 781 qui
3240 723 3456 782 possent
3493 713 3739 767 similiter

471 811 680 867 liberari
705 851 722 876 ,
749 810 794 863 si
824 825 885 864 ea
915 825 1032 879 qua:
1061 808 1254 877 pariter
1282 806 1510 875 indignis
1535 814 1815 876 praestatur
1839 803 2088 859 credendi
2118 803 2394 866 voluntas,
2440 803 2600 858 etiam
2631 803 2759 872 ipsis
2788 803 3033 858 similiter
3060 814 3416 873 prtestaretur.
3451 807 3504 861 Si
3535 819 3736 868 autem,

466 903 646 969 aiunt,
679 901 887 956 dicatur
909 899 990 954 vel
1027 900 1184 954 talem
1210 899 1456 953 omnibus
1493 898 1814 953 remansisse
1838 937 1854 962 ,
1890 912 1993 966 qua
2027 895 2111 951 vel
2145 903 2486 950 contemnere
2527 895 2645 966 quis
2676 897 2873 962 valeat,
2903 897 2988 952 vel
3029 898 3281 965 obedire,
3313 899 3381 954 de
3417 900 3736 967 compendio

473 1010 663 1076 putant
683 1002 942 1056 rationem
967 998 1114 1054 reddi
1138 998 1426 1052 electorum
1452 995 1536 1050 vel
1558 994 1870 1062 rejectorum
1896 994 1946 1047 in
1968 1008 2032 1048 eo
2062 991 2203 1061 quod
2241 991 2520 1061 unicuique
2551 992 2797 1046 meritum
2835 991 3063 1062 propria:
3093 993 3377 1047 voluntatis
3409 993 3738 1062 adiungitur.

545 1095 600 1148 3.
639 1093 772 1147 Cum
798 1102 974 1146 autem
1005 1089 1196 1144 dicitur
1221 1090 1318 1151 eis,
1348 1103 1509 1157 quare
1534 1087 1652 1139 aliis
1684 1086 1762 1139 vel
1789 1084 1980 1138 alicubi
2009 1083 2348 1152 pratdicetur,
2375 1082 2458 1136 vel
2489 1098 2592 1136 non
2617 1082 2934 1152 praedicetur
2971 1082 3055 1137 vel
3085 1099 3222 1138 nunc
3247 1083 3566 1152 przedicetur
3593 1083 3736 1154 quod

471 1185 758 1255 aliquando
786 1198 920 1252 pene
943 1182 1210 1245 omnibus,
1240 1181 1376 1235 sicut
1405 1194 1545 1234 nunc
1572 1177 1836 1246 aliquibus
1861 1178 2106 1246 gentibus
2133 1191 2236 1229 nou
2266 1175 2609 1244 pra-dicatum
2651 1175 2756 1239 sit;
2789 1175 2972 1228 dicunt
3008 1173 3058 1229 id
3088 1175 3432 1244 pmscientiue
3457 1190 3579 1230 esse
3606 1176 3740 1228 divi-

470 1295 554 1334 na:
573 1319 589 1344 ,
617 1287 672 1331 ut
692 1293 758 1332 eo
787 1287 1025 1345 tempore
1043 1315 1060 1340 ,
1091 1283 1146 1329 et
1175 1275 1278 1338 ibi,
1311 1283 1364 1328 et
1390 1274 1496 1328 illis
1526 1272 1720 1326 veritas
1746 1272 2150 1325 annuntiaretur
2171 1311 2184 1334 ,
2213 1270 2296 1324 vel
2323 1271 2688 1336 annuntietur,
2715 1269 2928 1338 quando
2952 1278 3006 1323 et
3037 1269 3128 1323 ubi
3159 1269 3597 1338 przcuoscebatur
3622 1284 3740 1322 esse

471 1371 760 1428 credenda.
793 1371 862 1425 Et
887 1371 988 1425 hoc
1016 1385 1120 1424 non
1146 1368 1317 1422 solum
1359 1367 1582 1420 aliorum
1621 1366 2001 1420 catholicorum
2033 1364 2370 1430 testimoniis,
2410 1363 2503 1418 sed
2533 1362 2696 1418 etiam
2731 1361 3037 1416 Sanctitatis
3064 1371 3167 1415 tua:
3193 1362 3556 1430 disputatione
3601 1363 3738 1414 anti-

470 1466 659 1536 quiore
683 1480 743 1519 se
788 1463 1012 1533 probare
1041 1469 1336 1522 testantur;
1374 1459 1462 1513 ubi
1494 1467 1667 1513 tamen
1698 1457 1938 1513 eamdem
1972 1459 2194 1527 gratiam
2222 1473 2326 1510 non
2352 1456 2562 1510 minore
2588 1454 2824 1509 veritatis
2855 1453 3230 1524 perspicuitate
3255 1454 3500 1509 docueris
3531 1472 3545 1508 :
3577 1462 3638 1508 ut
3661 1462 3743 1508 est

471 1555 598 1612 illud
623 1553 760 1624 quod
789 1553 920 1608 dixit
949 1553 1209 1608 Sanctitas
1245 1560 1330 1604 tua
1362 1551 1412 1603 iu
1459 1549 1750 1619 quaestione
1792 1559 1972 1603 contra
2020 1549 2400 1619 Porphyrium,
2421 1547 2489 1601 de
2529 1555 2767 1615 tempore
2791 1545 3093 1600 christianum
3115 1547 3406 1615 religionis,
3438 1565 3457 1597 ι
3493 1555 3620 1601 tunc
3647 1561 3728 1600 vo-

473 1647 638 1702 luisse
665 1644 966 1700 [nominibus
993 1659 1253 1712 apparere
1293 1640 1582 1704 Christum,
1619 1649 1672 1694 et
1692 1640 1832 1708 apud
1867 1655 1960 1694 eos
1996 1639 2271 1709 prtedicari
2307 1638 2604 1692 doctrinam
2642 1651 2815 1701 suam,
2857 1637 3070 1707 quando
3105 1637 3304 1690 sciebat
3346 1646 3400 1690 et
3429 1637 3515 1691 ubi
3544 1637 3733 1691 sciebat

473 1752 614 1798 esse,
643 1736 732 1804 qui
763 1737 812 1789 in
855 1752 976 1790 eum
1005 1735 1214 1789 fuerant
1237 1732 1488 1786 credituri
1523 1749 1543 1783 ι
1593 1730 1786 1802 (Epist.
1819 1731 1940 1793 102,
1972 1741 2148 1800 quiest.
2176 1733 2230 1793 2,
2269 1749 2322 1784 ιι.
2355 1728 2488 1800 M):
2519 1729 2602 1784 vel
2635 1728 2763 1783 illud
2791 1728 2857 1782 de
2888 1728 3024 1782 libro
3058 1731 3109 1783 in
3141 1729 3426 1798 Epistolam
3459 1731 3524 1783 ad
3554 1730 3736 1784 Roma.

473 1842 597 1890 nos,
636 1846 653 1878 ‹
693 1826 832 1880 Dicis
857 1829 1022 1896 itaque
1051 1825 1197 1888 milii,
1241 1823 1377 1889 Quid
1414 1823 1583 1877 adhuc
1608 1823 1966 1893 conqueritur?
1992 1839 2108 1876 nam
2141 1822 2383 1876 voluntati
2410 1822 2518 1892 ejus
2542 1821 2655 1890 quis
2681 1821 2862 1874 resistit
2887 1818 3061 1890 (Rom.
3095 1837 3166 1885 tx,
3194 1822 3278 1876 i9.
3318 1820 3380 1874 In
3417 1820 3743 1890 Expositione

473 1917 806 1986 quarumdam
831 1917 1228 1986 propositionum
1255 1911 1502 1984 czEpist.
1533 1913 1602 1966 ad
1632 1913 1809 1974 Ront.,
1842 1930 2050 1981 propos.
2083 1913 2172 1984 62)
2191 1913 2214 1966 ‘i
2234 1912 2332 1966 Cui
2361 1927 2490 1966 sane
2516 1911 2868 1980 inquisitioni,
2907 1929 2924 1962 ι
2962 1911 3157 1980 inquis,
3195 1931 3215 1963 ο
3247 1913 3324 1965 sic
3350 1911 3660 1981 respondet,
3693 1922 3745 1966 ιιι

480 2010 839 2078 intelligamus
868 2009 1227 2078 spiritualibus
1253 2007 1398 2068 viris,
1425 2007 1588 2061 etiam
1618 2021 1721 2060 non
1754 2006 2045 2060 secundum
2075 2017 2342 2062 terrenum
2373 2004 2642 2059 hominem
2684 2001 3002 2066 viventibus,
3039 2014 3219 2072 patere
3249 2020 3403 2072 pos<e
3435 2006 3603 2072 prima
3635 2021 3744 2059 ιιιο-

477 2101 578 2154 rita
601 2099 720 2153 ﬁdei
748 2108 800 2154 et
822 2099 1124 2168 impietatis,
1144 2097 1410 2167 quomodo
1427 2097 1566 2151 Deus
1582 2096 1910 2166 praescientia
1932 2097 2091 2165 eligat
2117 2096 2442 2161 credituros,
2463 2106 2517 2150 et
2534 2096 2750 2150 damnet
2766 2093 3066 2149 incredulos
3094 2113 3106 2148 :
3135 2110 3236 2150 nec
3256 2095 3376 2149 illos
3406 2112 3468 2149 ex
3494 2097 3743 2165 Operibus

481 2191 709 2260 eligens,
739 2205 836 2244 nec
866 2192 995 2244 istos
1015 2206 1078 2244 ex
1109 2189 1356 2258 operibus
1381 2189 1674 2252 damnans;
1704 2188 1798 2243 sed
1824 2197 1878 2243 et
1905 2188 2114 2241 illorum
2142 2186 2263 2241 ﬁdei
2290 2197 2568 2256 pra‘stans.
2598 2197 2654 2240 ut
2678 2186 2814 2241 bene
2834 2195 3142 2258 operentur.
3174 2196 3227 2241 et
3255 2188 3476 2241 istorum
3505 2189 3745 2258 impieta-

479 2292 586 2337 tem
613 2281 910 2338 deserendo
928 2281 1215 2344 obduraus,
1245 2289 1302 2334 ut
1325 2281 1462 2334 male
1480 2289 1786 2348 operentur.
1813 2298 1830 2330 ι
1856 2278 1923 2332 Et
1951 2279 2142 2332 iterum
2174 2279 2228 2332 itt
2250 2278 2438 2334 eodem
2462 2277 2597 2332 libro
2612 2279 2858 2348 superius
2884 2298 2898 2333 :
2933 2297 2952 2330 ι
2981 2279 3235 2348 .Equales
3259 2294 3446 2334 omnes
3476 2289 3596 2332 sunt
3621 2291 3745 2333 ante

486 2375 757 2438 meritum,
787 2389 888 2429 nec
915 2382 1085 2443 potest
1114 2375 1165 2428 in
1205 2373 1370 2428 rebus
1399 2374 1544 2427 omni
1575 2372 1734 2426 modo
1771 2372 2062 2440 aequalibus
2092 2372 2284 2426 electio
2309 2372 2590 2426 nominari.
2618 2371 2724 2427 Sed
2753 2373 3003 2442 quoniam
3029 2371 3261 2442 Spiritus
3287 2383 3498 2427 sanctus
3519 2389 3626 2427 non
3655 2373 3748 2426 da-

481 2474 570 2519 tttr
595 2465 692 2518 nisi
729 2464 1104 2529 credentibus;
1144 2479 1251 2517 non
1289 2463 1504 2533 quidem
1554 2461 1694 2516 Deus
1735 2463 1882 2532 eligit
1911 2477 2074 2531 opera
2116 2477 2234 2531 qua}
2267 2462 2380 2530 ipse
2411 2462 2652 2532 largitur,
2699 2478 2818 2516 cum
2860 2462 2951 2515 dat
2984 2462 3237 2531 Spiritum
3278 2472 3539 2524 sanetum,
3576 2472 3634 2516 ut
3660 2478 3748 2530 per

480 2557 795 2612 charitatem
824 2556 960 2610 bona
989 2570 1272 2624 operemur
1300 2573 1313 2608 :
1342 2555 1436 2609 sed
1480 2564 1660 2609 tamen
1682 2553 1827 2624 eligit
1858 2554 2036 2618 ﬁdem,
2077 2555 2200 2624 quia
2231 2553 2329 2608 nisi
2356 2554 2579 2624 quisque
2615 2553 2818 2616 credat.
2850 2563 2903 2608 et
2924 2554 2976 2608 iu
3003 2554 3297 2623 accipiendi
3329 2554 3602 2608 voluntate
3627 2572 3748 2626 per-

481 2656 714 2712 maneat,
745 2663 850 2702 non
877 2647 1070 2716 accipit
1109 2646 1307 2701 donum
1337 2646 1453 2713 Dei,
1485 2645 1539 2701 id
1566 2655 1666 2713 est,
1714 2645 1968 2716 Spiritum
1999 2655 2260 2712 sanctum,
2289 2663 2386 2718 per
2428 2662 2585 2717 quem
2612 2648 2782 2702 infusa
2811 2647 3077 2702 charitate
3104 2648 3300 2702 bonum
3325 2649 3493 2718 possit
3519 2654 3746 2716 Operm.

481 2739 598 2796 Non
626 2755 755 2810 ergo
783 2739 927 2809 eligit
957 2755 1121 2810 opera
1149 2739 1459 2810 cujusquam
1491 2739 1546 2793 in
1578 2741 1929 2808 prmscieutia,
1969 2756 2087 2808 quae
2114 2745 2226 2808 ipse
2253 2739 2542 2794 donaturus
2571 2750 2650 2794 est
2677 2756 2694 2794 :
2723 2739 2817 2794 sed
2863 2739 3022 2794 iidem
3047 2741 3196 2810 eligit
3218 2741 3268 2794 in
3292 2741 3656 2810 prmscientia;
3696 2749 3750 2793 ut

481 2848 640 2902 quem
667 2833 987 2887 crediturum
1007 2847 1127 2887 esse
1155 2833 1435 2902 przescivit,
1465 2833 1632 2901 ipsum
1660 2833 1900 2901 eligeret,
1925 2833 2008 2886 cui
2032 2832 2283 2902 Spiritum
2307 2841 2548 2885 sanctum
2568 2831 2738 2897 daret,
2764 2840 2824 2886 ut
2847 2831 2983 2886 bona
3009 2833 3280 2901 cperando
3309 2831 3470 2886 etiam
3497 2840 3750 2886 :eternam

482 2923 644 2977 vitam
671 2933 1105 2993 consequeretur.
1135 2924 1271 2978 Dicit
1297 2925 1438 2978 enim
1469 2924 1752 2992 Apostolus
1781 2940 1794 2978 :
1828 2923 1974 2978 Idem
1993 2924 2130 2978 Deus
2161 2925 2246 2993 qui
2279 2933 2520 2992 operatur
2551 2923 2720 2978 omnia
2744 2925 2796 2977 in
2818 2922 3048 2978 omnibus
3070 2924 3111 2996 (:l
3129 2923 3246 2978 Cor.
3275 2941 3367 2989 xu,
3387 2923 3752 2996 6).Nusquaut

485 3023 665 3069 autem
695 3013 894 3068 dictum
923 3023 1024 3077 est,
1061 3015 1197 3068 Deus
1221 3015 1392 3070 credit
1415 3015 1593 3069 omnia
1635 3016 1687 3070 in
1716 3016 1964 3071 omnibus
1994 3034 2009 3070 :
2041 3017 2183 3086 quod
2212 3017 2353 3070 enim
2395 3014 2682 3080 credimus,
2715 3027 2962 3072 nostrum
2998 3026 3120 3082 est;
3152 3017 3294 3087 quod
3340 3026 3518 3072 autem
3566 3031 3753 3086 Opera-

482 3118 605 3158 mur
628 3103 796 3157 illius»
822 3101 1115 3173 (Expositio
1137 3105 1469 3174 quarumdam
1491 3106 1864 3176 popositionum
1889 3122 1952 3160 ea:
1978 3105 2142 3176 Epist.
2166 3106 2234 3159 ad
2260 3105 2436 3172 Rom,
2466 3123 2648 3177 prapp.
2677 3109 2774 3173 l2,
2796 3108 2910 3177 60).
2940 3109 3005 3162 Et
3028 3117 3222 3164 extera
3249 3109 3303 3163 in
3333 3107 3524 3163 eodem
3555 3123 3748 3178 Opere;

483 3209 604 3267 quae
630 3208 690 3249 se
714 3205 993 3266 acceptare
1021 3205 1076 3250 et
1105 3196 1330 3266 probare
1357 3205 1635 3263 testantur,
1667 3207 1914 3268 tanquam
1942 3198 2312 3252 convenientia
2341 3199 2657 3268 evangelicae
2684 3199 2916 3254 veritati.

553 3284 608 3339 ι.
639 3282 1334 3355 Caeterumprzescientiam,
1379 3297 1434 3343 et
1463 3289 2002 3358 przndestinationem,
2039 3290 2120 3345 vel
2166 3290 2516 3360 propositum,
2548 3291 2614 3345 ad
2635 3291 2684 3344 id
2717 3292 2894 3346 valere
2923 3291 3270 3356 contendunt,
3307 3301 3360 3347 ut
3387 3306 3483 3348 eos
3509 3292 3754 3362 prmscie-

485 3376 578 3444 rit,
607 3377 691 3433 vel
723 3381 1201 3450 prmdestiuaverit,
1233 3383 1318 3438 vel
1347 3384 1686 3454 proposuerit
1718 3383 1914 3453 eligere
1941 3384 2028 3453 qui
2066 3383 2276 3438 fuerant
2300 3383 2573 3438 credituri.
2603 3383 2712 3438 Nec
2737 3383 2804 3438 de
2831 3383 2934 3439 hac
2975 3384 3078 3438 ﬁde
3105 3399 3264 3454 posse
3283 3384 3412 3449 dici,
3447 3384 3586 3451 Quid
3611 3385 3755 3438 habes

482 3469 619 3540 quod
642 3487 743 3524 non
780 3474 1013 3543 accepisti
1050 3474 1090 3545 (l
1122 3473 1240 3528 Cor.
1288 3491 1361 3541 tv,
1391 3475 1487 3547 7)?
1516 3468 1638 3531 cum
1677 3475 1729 3530 in
1773 3475 1957 3530 eadem
2007 3486 2189 3530 natura
2219 3477 2552 3542 remanserit,
2581 3477 2704 3532 licet
2731 3477 2932 3540 vitiata,
2959 3493 3077 3547 qua:
3115 3478 3261 3546 prius
3288 3493 3416 3532 sana
3438 3494 3501 3531 ac
3527 3477 3756 3547 perfecta

483 3559 678 3617 donata
700 3561 786 3616 sit.
814 3563 965 3632 Quod
995 3575 1170 3620 autem
1195 3567 1324 3620 dicit
1349 3567 1614 3622 Sanctitas
1645 3577 1750 3632 tua,
1784 3568 2050 3622 neminem
2080 3583 2442 3638 perseverare,
2475 3569 2575 3622 nisi
2615 3569 2990 3638 perseverandi
3018 3569 3210 3623 virtute
3241 3579 3488 3640 percepta
3515 3585 3530 3634 ;
3578 3569 3756 3623 hacte-

486 3667 591 3708 nus
615 3655 901 3725 accipiunt,
934 3667 997 3712 ut
1013 3659 1205 3728 quibus
1229 3658 1402 3723 datur,
1433 3659 1587 3714 inerti
1610 3660 1752 3724 licet,
1780 3661 2100 3730 praecedenti
2129 3673 2303 3716 tamen
2334 3662 2548 3732 proprio
2576 3663 2797 3717 arbitrio
2823 3663 3086 3718 tribuatur
3116 3681 3133 3718 :
3160 3664 3302 3733 quod
3327 3665 3393 3719 ad
3424 3664 3526 3719 hoc
3551 3674 3758 3719 tantum

489 3743 715 3800 liberum
742 3757 1006 3816 asserunt,
1035 3759 1092 3802 ut
1121 3751 1246 3804 velit
1272 3751 1356 3804 vel
1383 3752 1515 3804 nolit
1538 3752 1820 3807 admittere
1851 3752 2187 3808 medicinam.
2217 3755 2478 3809 Caeterum
2501 3763 2554 3809 et
2581 3756 2676 3824 ipsi
2704 3755 2998 3810 abominari
3026 3772 3084 3812 se
3112 3766 3168 3812 et
3192 3757 3444 3812 damnare
3472 3767 3754 3820 testantur,

496 3835 542 3890 si
569 3838 689 3906 quis
715 3838 998 3908 quidquam
1027 3841 1217 3894 virium
1249 3843 1300 3895 in
1323 3841 1501 3911 aliquo
1523 3843 1867 3910 remansisse,
1895 3859 2000 3913 quo
2029 3843 2094 3896 ad
2120 3844 2398 3898 sanitatem
2429 3845 2672 3914 progredi
2700 3847 2887 3914 possit,
2933 3848 3219 3902 existimet.
3246 3846 3432 3900 Nolunt
3471 3853 3644 3898 autem
3679 3845 3751 3896 ita

486 3927 626 3984 hanc
654 3933 1100 3998 perseverantiam
1131 3933 1426 4002 praedicari,
1469 3944 1524 3988 ut
1550 3950 1655 3990 non
1697 3935 1778 3990 vel
1809 3936 2116 4006 suppliciter
2146 3935 2395 4001 emereri,
2419 3937 2500 3991 vel
2541 3937 2710 3992 amitti
2739 3939 3124 3993 contumaciter
3145 3939 3329 4007 possit.
3352 3935 3461 3990 Nec
3484 3935 3550 3989 ad
3578 3936 3758 3989 incer-

487 4025 599 4072 tum
626 4019 914 4076 voluntatis
951 4023 1042 4077 Dei
1071 4022 1256 4077 deduci
1289 4039 1348 4078 se
1388 4024 1604 4089 volunt;
1647 4023 1735 4078 ubi
1760 4024 1858 4092 eis,
1907 4035 2163 4094 quantum
2193 4034 2382 4094 putant
2427 4026 2492 4080 ad
2522 4026 2869 4081 obtinendum
2913 4028 2995 4081 vel
3026 4027 3398 4091 amittendum,
3431 4025 3656 4080 evidens
3677 4034 3761 4078 est

487 4111 875 4184 qualecumque
905 4115 1108 4170 initiqu
1137 4117 1441 4171 voluntatis.
1471 4117 1604 4172 Illud
1633 4117 1791 4172 etiam
1821 4117 2186 4172 testimonium
2216 4117 2358 4186 quod
2400 4119 2642 4188 posuisti,
2686 4117 2886 4187 Raptus
2915 4129 2989 4173 est
3032 4135 3094 4173 ne
3125 4120 3319 4172 malitia
3349 4127 3562 4170 mutaret
3606 4118 3761 4170 intel-

487 4203 672 4258 lectum
702 4207 810 4278 ejus
839 4207 997 4278 (Sap.
1026 4225 1098 4271 tv,
1131 4209 1248 4280 ll);
1281 4219 1529 4280 tanquam
1557 4225 1662 4264 non
1707 4211 2022 4264 canonicum
2065 4207 2326 4263 deﬁniunt
2349 4211 2721 4265 omittendum.
2753 4209 2905 4266 Unde
2936 4211 3077 4264 illam
3102 4211 3491 4280 praescientiam
3520 4210 3595 4262 sic
3624 4209 3764 4263 acci-

487 4295 659 4365 piunt,
689 4304 745 4350 ut
776 4308 990 4366 propter
1018 4299 1174 4354 ﬁdem
1201 4299 1432 4354 futuram
1463 4300 1787 4370 intelligendi
1814 4302 1920 4354 sint
1945 4298 2173 4368 praesciti
2205 4318 2218 4351 ;
2243 4315 2343 4354 nec
2375 4301 2622 4369 cuiquam
2646 4301 2802 4354 talem
2829 4301 2943 4354 dari
2971 4302 3448 4371 perseverantiam,
3475 4315 3506 4354 a
3524 4315 3629 4371 qua
3658 4315 3764 4352 non

489 4385 825 4456 permittatur
851 4389 1189 4458 prtevaricari
1210 4406 1224 4454 ;
1249 4390 1342 4444 sed
1372 4406 1401 4443 a
1431 4406 1533 4460 qua
1561 4392 1732 4460 possit
1760 4406 1853 4445 sua
1889 4391 2158 4444 voluntate
2185 4390 2414 4446 deiicere
2439 4401 2493 4446 et
2520 4392 2772 4445 inﬁrmari
2805 4389 2902 4462 (a).

562 4479 618 4534 5.
657 4479 918 4535 Asserunt
942 4492 1051 4535 tum
1075 4482 1312 4536 inutilem
1337 4482 1650 4537 exhortandi
1672 4482 2131 4547 consuetudinem,
2163 4482 2208 4536 si
2245 4483 2375 4536 nihil
2409 4483 2460 4536 in
2494 4482 2709 4536 homine
2736 4483 3060 4537 remansisse
3080 4482 3309 4549 dicatur,
3333 4481 3474 4551 quod
3497 4484 3767 4550 correptio

488 4571 664 4627 valeat
690 4574 924 4628 excitare
952 4591 966 4627 :
995 4575 1134 4644 quod
1157 4575 1370 4644 quidem
1401 4577 1576 4629 inesse
1606 4585 1809 4630 natura:
1835 4577 1912 4630 sic
1939 4592 1997 4630 se
2023 4575 2202 4629 dicere
2229 4575 2566 4638 conﬁtentur,
2599 4586 2655 4628 ut
2685 4574 2783 4629 hoc
2811 4576 2925 4644 ipso
2947 4575 3088 4646 quod
3115 4575 3379 4650 ignoranti
3408 4575 3608 4628 veritas
3634 4590 3767 4644 pra:-

486 4663 716 4732 dicatur,
747 4664 813 4719 ad
841 4665 1151 4721 beneﬁcium
1178 4667 1454 4737 praesentis
1477 4668 1660 4737 gratia:
1688 4667 2024 4722 referendum
2054 4667 2142 4721 sit.
2170 4666 2302 4720 Nam
2345 4667 2389 4720 si
2413 4668 2489 4721 sic
2527 4666 2886 4736 przedestinati
2917 4677 3060 4732 sunt,
3090 4669 3352 4736 inquiunt,
3385 4667 3450 4720 ad
3481 4676 3774 4736 utramque

491 4765 721 4824 partetn,
751 4765 807 4810 ut
826 4757 892 4812 de
911 4757 1033 4811 aliis
1055 4757 1119 4811 ad
1137 4758 1273 4812 alios
1295 4758 1467 4812 nullus
1490 4759 1654 4828 possit
1673 4759 1964 4824 accedere;
1995 4773 2100 4828 quo
2122 4759 2348 4828 pertinet
2373 4766 2516 4813 tanta
2538 4759 2870 4822 extrinsecus
2890 4759 3243 4828 correptionis
3269 4759 3516 4812 instantia
3534 4758 3560 4811 ‘P
3583 4757 3640 4812 Si
3666 4774 3770 4811 non

487 4851 557 4907 ab
585 4851 820 4918 homine,
852 4853 949 4906 etsi
973 4868 1076 4907 non
1101 4853 1232 4907 ﬁdes
1253 4852 1475 4924 integra,
1499 4853 1683 4907 saltem
1707 4853 1786 4906 vel
1807 4853 1961 4906 dolor
1979 4861 2308 4920 compunctze
2329 4851 2651 4904 inﬁrmitatis
2672 4851 2929 4913 exoritur,
2950 4860 3041 4904 aut
3068 4851 3360 4920 periculum
3383 4849 3772 4904 demonstrata:

488 4941 678 4997 mortis
690 4941 970 4997 horretur?
992 4942 1125 4998 Nam
1147 4943 1189 4996 si
1209 4959 1312 4998 non
1341 4943 1712 5013 potesttimere
1738 4944 1874 5013 quis,
1898 4942 2035 4996 unde
2053 4950 2300 5004 terretur,
2325 4940 2425 4995 nisi
2446 4957 2507 4995 ea
2524 4943 2796 4997 voluntate
2812 4958 2931 5012 qua:
2951 4943 3217 5006 sumitur;
3245 4958 3351 4996 non
3371 4957 3435 4997 ex
3459 4958 3526 4997 eo
3543 4943 3773 5010 culpan-

489 5031 592 5086 dus
619 5031 760 5102 quod
793 5048 934 5087 nunc
954 5049 1059 5087 non
1092 5034 1203 5088 vult
1229 5052 1243 5088 :
1271 5033 1364 5088 sed
1397 5034 1448 5087 in
1469 5049 1534 5088 eo
1556 5043 1604 5087 et
1637 5050 1757 5088 cum
1780 5049 1844 5087 eo
1870 5033 1957 5103 qui
1983 5033 2058 5086 sic
2077 5032 2362 5101 aliquando
2383 5033 2571 5097 noluit,
2596 5040 2655 5086 ut
2677 5049 2793 5088 eam
2824 5034 3221 5087 damnationem
3247 5049 3366 5088 cum
3389 5034 3503 5089 suis
3534 5036 3774 5102 posteris

491 5134 788 5180 mereretur
815 5125 1106 5191 incurrere,
1135 5135 1193 5180 ut
1218 5141 1485 5196 nunquam
1528 5135 1692 5190 recta,
1720 5141 1934 5194 semper
1953 5135 2127 5178 autem
2153 5140 2310 5193 prava
2333 5125 2490 5180 vellet
2507 5136 2776 5195 appetere.
2800 5127 2856 5181 Si
2881 5138 3058 5181 autem
3079 5137 3161 5181 est
3183 5126 3590 5197 qualiscumque
3619 5127 3774 5182 dolor

490 5217 578 5284 qui
605 5215 671 5270 ad
697 5216 1115 5272 exhortationem
1141 5219 1477 5287 corripientis
1505 5219 1709 5271 oriatur
1735 5234 1747 5269 :
1779 5217 1915 5271 hanc
1945 5217 2111 5284 ipsam
2142 5216 2326 5270 dicunt
2359 5232 2574 5270 causam
2595 5258 2610 5283 ,
2650 5228 2868 5288 propter
2897 5233 3056 5288 quam
3080 5218 3162 5272 vel
3185 5219 3457 5286 rcjieiatur
3476 5218 3657 5285 alius,
3691 5218 3773 5273 vel

488 5311 627 5366 alius
647 5318 950 5364 assumatur
973 5327 986 5362 :
1009 5318 1166 5380 atque
1188 5311 1258 5364 ita
1278 5325 1382 5364 non
1407 5326 1540 5379 Opus
1563 5325 1684 5365 esse
1706 5318 1881 5376 partes
1901 5309 2174 5372 constitui,
2197 5309 2388 5378 quibus
2409 5324 2507 5362 nec
2527 5308 2881 5379 adjiciendum
2901 5311 2970 5364 sit
2991 5310 3212 5379 aliquid,
3235 5324 3334 5365 nec
3349 5309 3773 5365 detrahendum.

563 5401 614 5456 6.
656 5400 857 5457 Deinde
886 5402 1110 5457 moleste
1137 5401 1312 5456 ferunt
1343 5403 1411 5456 ita
1439 5401 1598 5456 dividi
1627 5402 1886 5472 gratiam,
1911 5417 2028 5471 qua:
2054 5401 2137 5456 vel
2165 5409 2290 5456 tunc
2315 5401 2491 5472 primo
2519 5401 2716 5455 homini
2743 5401 2867 5458 data
2895 5411 2998 5470 est,
3029 5404 3112 5458 vel
3137 5418 3280 5460 nunc
3305 5403 3558 5458 omnibus
3591 5405 3776 5470 datur,

496 5509 517 5546 ι
550 5499 610 5547 ιιι
632 5489 722 5548 ille
745 5493 1011 5563 acceperit
1051 5493 1519 5563 perseverantiam,
1551 5510 1654 5547 non
1685 5508 1786 5564 qua
1817 5493 1965 5547 ﬁeret
1994 5502 2053 5547 ut
2083 5503 2466 5563 perseveraret,
2496 5493 2589 5548 sed
2611 5494 2728 5548 sine
2757 5509 2858 5564 qua
2885 5509 2981 5564 per
3010 5495 3235 5550 liberum
3265 5495 3543 5549 arbitrium
3578 5512 3777 5568 persc-

489 5625 705 5740 αῠεὲὶκιᾱ
730 5634 873 5677 vetus
887 5626 1042 5677 codex
1062 5628 1196 5678 σοι-ιι.
1223 5626 1283 5678 ad
1305 5633 1598 5690 sequentem
1622 5627 1914 5678 sententiam
1937 5628 2008 5680 sic
2023 5634 2217 5680 revocat
2241 5641 2254 5677 :
2282 5634 2336 5678 Et
2357 5625 2598 5692 infirmari
2619 5634 2835 5681 asserunt
2858 5635 2957 5681 tant
2975 5629 3140 5682 utilem
3174 5629 3469 5684 exhortandi
3512 5640 3780 5685 cassum-
