4022 6464
259 353 364 416 957
1275 348 1606 406 EPISTULA
1645 341 1896 402 lliLAilll
1936 335 2030 392 AD
2064 332 2533 392 auuusrmu.
3429 339 3534 399 953

258 486 447 528 vorare
472 485 579 526 non
603 477 786 541 posset
811 486 826 522 :
848 471 990 522 nunc
1012 479 1140 521 vero
1160 465 1361 520 sanctis
1385 465 1436 518 in
1462 478 1686 534 regnum
1715 478 1810 532 per
1829 461 2052 532 gratiam
2085 463 2474 535 praedestinatis
2499 477 2606 518 non
2633 455 2739 516 tale
2766 459 3088 530 adjutorium
3118 459 3534 528 perseverantia:

257 560 434 625 detur,
464 559 559 616 sed
586 561 690 616 tale
717 568 775 613 ut
798 560 876 614 eis
899 559 1297 628 perseverantia
1324 557 1436 628 ipsa
1465 558 1726 621 donetur;
1756 570 1863 609 non
1890 554 2063 609 solum
2103 565 2159 610 ut
2195 556 2312 610 sine
2337 556 2439 610 isto
2463 554 2606 609 dono
2632 562 3038 622 perseverantes
3059 565 3180 605 esse
3203 565 3307 604 non
3332 551 3539 618 possint

254 668 445 708 verum
474 653 633 708 etiam
663 660 722 706 ut
751 666 846 719 per
871 652 972 705 hoc
998 651 1195 706 donum
1226 650 1435 704 nonnisi
1460 658 1865 718 perseverantes
1893 644 2002 701 sint
2035 663 2056 698 ι
2107 645 2330 717 (Supra,
2356 646 2419 700 de
2444 645 2772 715 Correptione
2789 653 2834 698 et
2858 643 3058 710 Gratia,
3091 660 3144 697 η.
3185 642 3393 712 29-58).
3444 642 3536 699 llis

254 741 439 796 verbis
463 740 769 797 Sanctitatis
795 749 898 795 tum
926 741 996 795 ita
1045 750 1345 806 moventur,
1377 749 1436 796 ιιι
1475 739 1657 794 dicant
1683 739 1969 809 quamdam
1993 738 2420 806 desiierationem
2464 739 2767 793 hominibus
2793 739 3056 794 exhiberi.
3081 740 3136 796 Si
3161 741 3326 807 enim,
3355 740 3528 806 aiunt,

253 829 327 887 ita
353 831 524 884 Adam
551 830 762 899 adjutus
790 840 894 893 est,
927 841 984 885 ut
1009 839 1066 886 et
1091 843 1234 887 stare
1263 838 1444 902 posset
1471 831 1524 884 in
1541 829 1771 899 justitia,
1803 838 1858 883 et
1883 845 1912 882 a
1953 829 2158 898 justitia
2183 829 2474 896 declinare,
2497 840 2552 884 et
2576 846 2716 884 nunc
2738 831 2807 883 ita
2837 832 3007 885 sancti
3033 832 3307 900 juvantur,
3341 841 3399 886 ut
3428 831 3528 886 de-

250 921 464 977 clinare
491 937 601 976 non
630 923 854 992 possint,
886 923 933 977 si
967 923 1181 993 quidem
1213 937 1333 976 eam
1375 930 1700 990 acceperunt
1737 919 1951 974 volendi
1992 922 2466 989 perseverantiam,
2497 931 2554 976 ut
2590 921 2733 976 aliud
2773 921 2910 976 velle
2941 937 3044 976 non
3075 926 3314 992 possint;
3344 924 3424 977 vel
3451 925 3530 978 sic

211 1041 214 1044 ~
249 1011 471 1072 cuidam
500 1014 840 1078 deseruntur,
873 1022 930 1068 ut
954 1023 1046 1068 aut
1069 1029 1167 1068 nec
1195 1013 1474 1076 accedant,
1507 1023 1601 1068 aut
1623 1013 1668 1067 si
1699 1013 2026 1068 accesserint
2051 1023 2104 1068 et
2130 1013 2385 1068 recedant
2410 1031 2425 1068 :
2448 1013 2513 1068 ad
2546 1014 2688 1068 illam
2733 1017 3067 1072 voluntatem
3098 1017 3416 1085 pertinuisse
3442 1015 3532 1068 di-

253 1111 388 1159 cunt
409 1105 796 1159 exhortationis
829 1105 915 1160 vel
951 1105 1383 1160 comminationis
1412 1105 1717 1172 utilitatem,
1749 1121 1869 1175 qua:
1897 1115 1953 1160 et
1985 1104 2305 1175 persistendi
2329 1114 2383 1160 et
2407 1105 2702 1161 desistendi
2731 1109 3009 1164 obtinebat
3038 1109 3258 1162 liberam
3289 1117 3530 1178 potesta-

251 1203 398 1254 tem:
425 1211 529 1250 non
550 1197 617 1252 ad
647 1196 803 1260 hanc,
834 1197 919 1252 cui
949 1198 1090 1252 nolle
1115 1197 1378 1268 justitiam
1419 1197 1714 1252 iuevitabili
1743 1199 2062 1252 necessitate
2087 1199 2430 1268 conjunctum
2455 1208 2559 1265 est,
2600 1209 2795 1268 prmter
2827 1201 2968 1264 illos,
2999 1201 3088 1270 qui
3128 1201 3205 1254 sic
3244 1198 3524 1254 concreati

255 1297 384 1342 sunt
408 1288 491 1343 his
520 1288 609 1357 qui
640 1303 764 1342 cum
791 1289 1040 1344 universa
1069 1306 1242 1344 massa
1267 1288 1504 1344 damnati
1540 1299 1685 1353 sunt,
1717 1297 1773 1342 ut
1798 1288 2174 1358 exciperentur
2202 1304 2296 1358 per
2314 1290 2537 1359 gratiam
2569 1291 2850 1345 liberandi.
2885 1290 3032 1346 Unde
3064 1292 3115 1344 in
3144 1290 3244 1346 hoc
3271 1291 3386 1344 solo
3423 1306 3523 1344 vo-

253 1376 369 1431 lunt
398 1392 430 1431 a
471 1377 642 1446 primo
671 1377 888 1434 homine
909 1380 1149 1434 omnium
1179 1379 1379 1434 distare
1409 1389 1674 1444 naturam,
1723 1389 1782 1433 ut
1808 1379 1957 1434 illum
1993 1380 2212 1449 integris
2239 1381 2442 1435 viribus
2472 1382 2760 1436 voluntatis
2780 1383 2992 1451 juvaret
3019 1383 3184 1452 gratia
3230 1382 3525 1444 volentem,

250 1469 368 1525 sine
391 1485 496 1539 qua
521 1484 870 1539 perseverare
900 1487 1004 1526 non
1035 1481 1276 1541 poterat:
1304 1473 1400 1525 hos
1425 1481 1605 1526 autem
1628 1472 1844 1527 amissis
1873 1479 1928 1526 et
1974 1471 2195 1540 perditis
2225 1472 2426 1526 viribus
2451 1472 2737 1528 credentes
2762 1482 2988 1534 tantum,
3015 1489 3121 1528 non
3145 1473 3320 1527 solum
3352 1474 3531 1542 erigat

251 1571 574 1630 prostratos,
604 1577 789 1616 verum
817 1563 979 1618 etiam
1022 1563 1289 1617 suffulciat
1314 1563 1666 1617 ambulantes.
1697 1563 1962 1618 Cmterum
1987 1565 2376 1633 quidquidlibet
2400 1565 2655 1619 donatum
2677 1567 2747 1618 sit
2773 1565 3186 1634 przedestinatis,
3213 1564 3264 1619 id
3289 1579 3444 1632 posse
3469 1573 3529 1618 et

249 1651 426 1705 amitti
457 1661 512 1707 et
549 1653 767 1707 retineri
815 1653 1027 1722 propria
1074 1654 1345 1708 voluntate
1386 1653 1717 1707 contendunt
1747 1651 1929 1724 :quod
1975 1664 2099 1708 tunc
2121 1653 2308 1708 falsum
2329 1665 2492 1722 esset,
2532 1656 2580 1710 si
2626 1670 2808 1709 verum
2839 1663 3088 1725 putarent
3115 1670 3235 1710 eam
3260 1653 3530 1724 quosdam

249 1743 704 1812 perseverantiam
735 1745 1060 1814 percepisse,
1091 1753 1151 1796 ut
1180 1744 1276 1796 nisi
1302 1754 1704 1814 perseverantes
1734 1759 1855 1799 esse
1879 1761 1983 1798 non
2014 1747 2240 1812 possint.

321 1833 374 1886 7.
411 1831 537 1887 Inde
564 1842 647 1888 est
673 1834 814 1904 quod
843 1843 896 1887 et
927 1835 1052 1888 illud
1083 1836 1280 1902 pariter
1308 1850 1411 1888 non
1437 1834 1702 1902 accipiunt
1721 1875 1737 1900 ,
1771 1843 1826 1888 ut
1853 1835 2214 1904 eligendorum
2245 1835 2759 1907 rejiciendorumque
2787 1851 2906 1892 esse
2935 1835 3212 1890 deﬁnitum
3241 1850 3523 1889 numerum

248 1924 449 1978 veliut‘
481 1941 494 1977 :
535 1935 694 1994 atque
721 1926 860 1979 illius
880 1928 1160 1980 sententize
1185 1926 1596 1995 expositionem,
1626 1942 1732 1980 non
1758 1941 1875 1981 eam
1901 1943 2019 1997 qua:
2048 1943 2075 1980 a
2108 1937 2157 1982 te
2183 1937 2266 1982 est
2308 1929 2620 1999 deprompta
2650 1930 2939 1998 suscipiant
2966 1970 2979 1992 ,
3008 1930 3058 1982 id
3086 1938 3167 1982 est
3190 1970 3205 1994 ,
3239 1937 3295 1981 ut
3319 1927 3530 1982 nonnisi

246 2031 439 2071 omnes
477 2016 721 2072 homines
747 2019 924 2073 salvos
953 2017 1065 2072 ﬁeri
1088 2019 1214 2072 velit
1246 2034 1261 2082 ;
1290 2027 1340 2072 et
1372 2034 1478 2072 non
1519 2034 1612 2072 eos
1651 2026 1853 2072 tantutu
1892 2021 1983 2088 qui
2027 2018 2092 2072 ad
2139 2029 2440 2072 sanctorum
2485 2035 2764 2073 numerum
2802 2019 3179 2090 pertinebunt,
3212 2017 3304 2073 sed
3345 2032 3532 2074 omnes

245 2111 470 2166 omnino
489 2149 507 2173 ,
535 2116 596 2164 ut
622 2109 798 2163 nullus
831 2108 1091 2165 habeatur
1119 2119 1393 2180 exceptus.
1426 2109 1536 2166 Nec
1563 2108 1666 2164 hoc
1695 2109 1986 2164 timendum
2004 2151 2019 2175 ,
2047 2108 2188 2180 quod
2217 2109 2430 2180 quidam
2458 2126 2524 2164 eo
2554 2110 2718 2165 invito
2744 2112 2920 2182 perire
2951 2111 3198 2165 dicantur
3227 2127 3240 2163 :
3270 2109 3366 2164 sed
3395 2125 3532 2179 quo.

245 2200 444 2267 modo,
485 2203 668 2268 aiunt,
706 2216 812 2256 non
851 2203 964 2256 vult
995 2217 1027 2257 a
1056 2217 1322 2273 quoquam
1352 2202 1560 2272 peccari
1593 2201 1672 2256 vel
1702 2200 1880 2256 deseri
1917 2200 2175 2270 justitiam
2195 2243 2210 2266 ,
2260 2211 2315 2256 et
2345 2211 2519 2256 tamen
2557 2203 2752 2272 jugiter
2781 2203 2869 2256 illa
2896 2202 3161 2256 deseritur
3186 2209 3370 2254 contra
3415 2202 3533 2268 ejus

243 2291 616 2358 Voluntatem,
657 2293 1164 2361 committunturque
1205 2285 1462 2362 peccata;
1492 2293 1560 2346 ita
1603 2307 1726 2348 eum
1757 2291 1946 2347 salvari
1993 2292 2129 2346 velle
2171 2307 2360 2346 omnes
2391 2293 2666 2359 homines,
2717 2308 2815 2348 nec
2841 2301 3015 2346 tamen
3056 2307 3242 2345 omnes
3290 2292 3535 2346 homines

244 2383 441 2439 salvari
462 2383 506 2437 '.
536 2383 862 2440 Testimonia
899 2385 1062 2440 etiam
1089 2385 1380 2454 Scriptura:
1405 2399 1524 2454 qua:
1549 2385 1618 2437 de
1643 2383 1803 2438 Same
1841 2383 1924 2436 vel
1951 2382 2017 2436 de
2046 2382 2207 2435 David
2252 2382 2474 2451 posuisti
2493 2424 2508 2445 ,
2546 2397 2651 2437 nou
2682 2384 2949 2452 pertinere
2984 2391 3168 2451 petam
3191 2381 3256 2435 ad
3279 2382 3534 2450 qumstin-

245 2490 375 2532 nem
398 2516 414 2544 ,
449 2491 571 2547 qua:
601 2473 670 2531 de
697 2475 1070 2532 exhortatione
1108 2485 1352 2531 versatur
1377 2489 1394 2528 :
1425 2475 1525 2529 alia
1572 2487 1750 2530 autem
1786 2474 1851 2530 ad
1880 2475 1931 2528 id
1958 2473 2194 2528 referunt
2219 2515 2236 2539 ,
2269 2483 2327 2527 ut
2351 2489 2414 2528 ex
2458 2473 2542 2529 his
2569 2489 2685 2529 eam
2715 2476 2938 2544 gratiam
2967 2474 3226 2543 accipiant
3254 2488 3534 2527 commen-

243 2567 403 2636 dari,
449 2583 554 2639 qua
596 2567 961 2640 unusquisque
1002 2577 1121 2638 post
1151 2569 1474 2624 voluntatem
1514 2567 1771 2638 juvatur;
1801 2567 1884 2623 vel
1911 2567 1978 2622 ad
2018 2566 2188 2636 ipsam
2227 2568 2556 2622 vocationem
2587 2608 2603 2635 ,
2634 2583 2752 2637 qua:
2799 2574 3082 2636 praestatur
3119 2566 3369 2636 indignis.
3418 2565 3530 2620 lloc

243 2658 394 2714 enim
447 2667 502 2714 et
559 2659 664 2715 illis
715 2659 848 2715 locis
897 2669 1108 2715 tuorum
1155 2659 1532 2731 opusculorum
1584 2667 1640 2716 et
1689 2660 1914 2715 aliorum
1941 2701 1958 2728 ,
2007 2675 2127 2730 qua:
2193 2659 2440 2730 persequi
2499 2659 2716 2731 longum
2763 2668 2884 2726 est,
2932 2674 2990 2714 se
3036 2658 3402 2713 demonstrare
3448 2669 3536 2712 te-

243 2760 477 2807 alantur.

319 2842 373 2897 8.
415 2841 758 2898 Parvulorum
797 2851 974 2898 autem
1013 2858 1225 2898 causam
1251 2843 1318 2898 ad
1344 2843 1646 2914 exemplum
1685 2848 1948 2914 majorum
1991 2859 2098 2900 non
2129 2843 2398 2914 patiuntur
2429 2841 2606 2897 afferri
2649 2859 2664 2896 :
2704 2857 2863 2912 quam
2906 2849 2964 2896 et
3002 2849 3142 2894 tuam
3183 2839 3533 2896 Sanctitatem

242 2933 431 2990 dicunt
471 2945 690 2988 eatenus
722 2935 996 3004 attigisse,
1042 2945 1095 2989 nt
1137 2935 1394 2990 incertum
1434 2951 1555 2992 esse
1584 2936 1817 2990 volueris
1839 2975 1856 3002 ,
1896 2952 1964 2992 ac
2006 2936 2182 3006 potius
2207 2935 2274 2990 de
2301 2951 2486 2990 eorum
2518 2935 2690 3004 pmnis
2715 2933 2966 2988 malueris
2992 2933 3244 2987 dubitari.
3281 2933 3433 2999 Quod
3479 2933 3532 2988 in

243 3027 387 3084 libro
416 3029 571 3082 tertio
599 3027 667 3082 de
709 3026 902 3082 Libero
928 3027 1161 3082 Arbitrio
1191 3029 1259 3082 ita
1297 3029 1523 3096 positum
1553 3027 1866 3095 meministi,
1899 3038 1956 3084 ut
1995 3029 2132 3084 banc
2165 3029 2245 3083 eis
2267 3028 2604 3083 occasionem
2636 3025 2869 3096 potuerit
2908 3026 3182 3081 exhibere.
3211 3025 3323 3080 Hoc
3367 3027 3527 3082 etiam

243 3119 318 3174 de
340 3121 566 3174 aliorum
599 3119 784 3186 libris,
836 3136 1062 3190 quorum
1099 3130 1184 3174 est
1213 3121 1264 3174 in
1297 3118 1534 3174 Ecclesia
1578 3123 1865 3176 auctoritas
1892 3163 1909 3185 ,
1947 3120 2145 3176 faciunt
2167 3121 2307 3189 quod
2333 3121 2587 3191 perspicit
2607 3121 2870 3174 Sanctitas
2902 3127 2988 3173 tua
3024 3133 3128 3172 non
3160 3134 3348 3188 parum
3379 3135 3538 3189 posse

240 3210 437 3284 juvare
464 3212 914 3278 contradictores,
944 3211 1045 3266 nisi
1075 3211 1277 3281 majora
1297 3252 1310 3273 ,
1341 3220 1432 3266 aut
1463 3220 1608 3267 certe
1646 3213 1727 3268 vel
1753 3214 1896 3283 paria
1934 3213 2274 3284 proferantur
2301 3228 2330 3267 a
2358 3213 2529 3268 nobis.
2559 3211 2674 3267 Non
2707 3212 2848 3266 enim
2876 3219 3082 3280 ignorat
3119 3211 3533 3280 prudentissima

243 3305 420 3376 pietas
460 3316 547 3360 tua
567 3347 580 3371 ,
612 3315 813 3377 quanto
856 3307 1032 3376 plures
1060 3305 1168 3360 sint
1191 3305 1243 3358 in
1267 3305 1532 3371 Ecclesia,
1564 3306 1652 3376 qui
1687 3309 2003 3362 auctoritate
2033 3307 2304 3360 nominum
2349 3305 2402 3359 in
2447 3305 2708 3360 sententia
2739 3314 3048 3368 teneantur,
3081 3312 3174 3356 aut
3199 3318 3227 3355 a
3261 3306 3524 3360 sententia

243 3397 662 3452 transferantur.
693 3398 775 3452 Ad
796 3413 1059 3452 summam
1083 3437 1101 3464 ,
1133 3397 1362 3472 fatigatis
1387 3399 1636 3452 omnibus
1660 3399 1814 3452 nobis
1839 3440 1852 3462 ,
1881 3399 1947 3452 ad
1979 3399 2026 3452 id
2061 3398 2363 3468 prosecutio
2386 3413 2570 3451 eorum
2595 3438 2610 3462 ,
2643 3398 2727 3453 vel
2757 3396 2931 3465 potius
2955 3395 3171 3464 querela
3197 3397 3530 3452 convertitur

239 3490 702 3545 consentientibus
727 3490 886 3544 etiam
930 3488 1015 3545 his
1036 3531 1053 3557 ,
1083 3489 1175 3561 qui
1204 3493 1339 3544 hanc
1366 3489 1729 3544 definitionem
1759 3489 2062 3560 improbare
2091 3505 2196 3542 non
2241 3487 2471 3551 amlent,
2514 3498 2566 3542 ut
2608 3487 2786 3542 dicant
2813 3507 2826 3542 :
2856 3487 2991 3554 Quid
3034 3503 3169 3556 opus
3209 3488 3305 3542 fuit
3333 3487 3522 3557 hujus-

239 3583 456 3638 cemodi
484 3582 858 3652 disputationis
900 3583 1106 3639 incerto
1151 3591 1230 3638 tot
1277 3583 1449 3637 minus
1481 3582 1886 3652 intelligentiam
1915 3581 2076 3636 corda
2109 3581 2309 3635 turbari
2344 3580 2369 3634 ἲ
2415 3581 2595 3649 Neque
2626 3581 2768 3634 enim
2809 3581 2985 3635 minus
3026 3582 3227 3636 utiliter
3269 3582 3387 3636 sine
3434 3581 3533 3636 hac

243 3675 582 3741 definitione,
609 3676 789 3741 aiunt,
819 3683 897 3729 tot
925 3675 1080 3730 annis
1099 3690 1128 3728 a
1160 3683 1238 3730 tot
1261 3674 1662 3738 traetatoribns,
1694 3680 1773 3726 tot
1797 3673 2220 3741 przecedentibus
2246 3671 2394 3727 libris
2413 3679 2466 3726 et
2494 3671 2595 3725 tuis
2621 3679 2674 3725 et
2694 3671 2919 3725 aliorum
2945 3712 2960 3738 ,
2989 3686 3109 3725 cum
3136 3680 3321 3726 contra
3344 3671 3478 3724 alios
3501 3710 3519 3736 ,

243 3777 360 3822 tum
391 3769 622 3822 maxime
653 3776 837 3822 contra
868 3767 1180 3836 Pelagianos
1199 3807 1216 3831 ,
1252 3767 1570 3821 catholicam
1603 3764 1758 3818 (idem
1786 3762 1948 3818 fuisse
1977 3763 2274 3819 defensam.

321 3857 381 3913 9.
415 3856 540 3911 llazc
563 3897 578 3922 ,
610 3856 680 3911 mi
711 3865 894 3926 pater,
924 3864 978 3911 et
1001 3856 1104 3911 alia
1133 3854 1596 3910 interminabiliter
1623 3853 1774 3924 plttra
1795 3894 1811 3919 ,
1851 3861 1909 3906 nt
1935 3867 2142 3907 summa
2181 3868 2298 3907 mea
2325 3861 2444 3907 vota
2471 3851 2730 3907 confitear
2752 3892 2769 3918 ,
2820 3867 2916 3922 per
2944 3869 3029 3908 me
3059 3853 3269 3908 deferre
3313 3853 3534 3907 maluis-

242 3965 362 4006 sem
391 3965 408 4012 ;
437 3948 522 4002 vel
548 3987 564 4011 ,
595 3949 718 4016 quia
749 3947 850 4002 hoc
879 3962 985 4001 non
1030 3946 1232 4014 merui,
1277 3948 1465 4000 saltem
1498 3945 1786 4015 prolixiore
1831 3952 2071 4012 tempore
2109 3944 2285 3998 omnia
2323 3945 2516 4013 quibus
2548 3956 2833 3999 moventur
2856 3984 2872 4008 ,
2909 3945 3134 4000 collecta
3163 3945 3392 4015 dirigere
3424 3961 3440 4010 ;
3474 3955 3535 3998 ut

242 4037 506 4112 quidquid
537 4037 603 4093 de
633 4037 732 4090 hac
758 4052 815 4092 re
836 4037 1218 4092 contradicitur
1241 4048 1504 4108 quatenus
1529 4037 1734 4098 refelli,
1763 4035 1879 4102 vel,
1913 4035 1957 4090 si
1988 4034 2037 4089 id
2066 4051 2170 4089 non
2202 4045 2408 4105 potest,
2438 4036 2650 4089 tolerari
2678 4035 2930 4099 deberet,
2971 4037 3208 4091 audirem
3243 4055 3257 4092 :
3289 4037 3382 4092 sed
3411 4039 3535 4107 quia

243 4143 501 4192 neutrum
531 4145 595 4184 ex
622 4139 747 4185 voto
777 4131 1056 4199 provenit,
1086 4129 1246 4184 malui
1275 4128 1544 4200 quomodo
1573 4129 1716 4198 potui
1739 4127 1855 4182 haec
1880 4127 2267 4197 comprehensa
2293 4126 2553 4197 dirigere,
2581 4143 2738 4196 quam
2769 4129 2978 4194 penitus
3001 4128 3068 4182 de
3101 4137 3243 4182 tanta
3274 4145 3534 4197 quorum-

244 4227 374 4282 dam
415 4221 836 4278 contradictione
863 4222 1107 4277 reticere.
1147 4221 1282 4276 Sunt
1320 4237 1387 4276 ex
1431 4230 1580 4291 parte
1606 4220 1737 4274 tales
1773 4234 2016 4288 personae
2040 4261 2054 4282 ,
2081 4229 2138 4272 ut
2165 4218 2248 4272 his
2273 4218 2656 4272 consuetudine
2684 4219 3040 4273 ecclesiastica
3071 4219 3234 4273 laicos
3264 4235 3529 4275 summam

245 4315 607 4373 reverentiam
639 4327 860 4368 necesse
885 4313 952 4366 sit
979 4311 1253 4368 exhibere.
1283 4311 1435 4380 Quod
1465 4311 1682 4381 quidem
1731 4311 1802 4365 ita
1841 4311 2144 4365 curavimus
2190 4310 2297 4364 Deo
2317 4309 2536 4378 juvante
2564 4324 2800 4375 servare,
2835 4319 2911 4372 ut,
2944 4326 3064 4364 cum
3095 4325 3230 4378 epus
3260 4311 3376 4374 fuit,
3422 4329 3530 4367 non

246 4416 552 4462 taceremus
575 4420 694 4476 qua:
717 4405 782 4458 ad
804 4405 1110 4475 qumstionis
1137 4403 1293 4474 hujus
1313 4403 1662 4459 assertionem
1688 4402 1948 4474 exiguitas
1973 4411 2274 4456 nostrarum
2315 4401 2504 4455 virium
2533 4402 2868 4471 suggerebat.
2895 4402 2998 4457 Sed
3032 4419 3173 4457 nunc
3201 4406 3530 4470 summatim,

247 4506 507 4568 quantum
539 4495 807 4550 festinatio
838 4495 1116 4564 perlatoris
1145 4495 1391 4558 admisit,
1418 4493 1532 4548 ha:c
1558 4496 1702 4548 velut
1730 4492 2122 4548 commonendo
2160 4492 2423 4563 suggessi.
2453 4492 2580 4546 Tum
2611 4503 2811 4547 sancta:
2838 4493 3130 4563 prudentia:
3165 4503 3250 4550 est
3274 4495 3537 4566 dispicere

248 4588 381 4660 quid
425 4587 564 4642 facto
589 4602 724 4657 opus
752 4587 855 4653 sit,
882 4595 940 4641 ut
969 4588 1156 4641 talium
1186 4596 1240 4642 et
1270 4596 1538 4642 tantorum
1566 4595 1846 4656 superetur
1872 4585 1954 4640 vel
2001 4595 2328 4654 temperetur
2373 4585 2615 4639 intentio.
2657 4585 2751 4640 Cui
2787 4601 2886 4655 ego
2909 4586 3018 4656 jam
3049 4603 3235 4656 parum
3287 4591 3541 4658 prodesse

249 4681 506 4736 existimo
537 4691 588 4734 te
613 4679 840 4735 reddere
867 4681 1126 4734 rationem
1151 4721 1168 4747 ,
1215 4681 1316 4734 nisi
1351 4689 1402 4735 et
1433 4679 1658 4735 addatur
1697 4680 1986 4734 auctoritas
2032 4695 2188 4746 quam
2232 4678 2528 4745 transgredi
2570 4679 2962 4750 infatigabiliter
3009 4683 3336 4736 contentiosa
3379 4686 3539 4740 corda

249 4787 364 4828 non
405 4771 632 4840 possint.
658 4770 762 4826 Sed
790 4771 949 4840 plane
991 4771 1120 4825 illud
1150 4781 1324 4827 tacere
1351 4788 1456 4826 non
1487 4772 1686 4837 debeo,
1714 4770 1854 4840 quod
1900 4786 1960 4826 se
1985 4770 2163 4824 dicant
2191 4778 2333 4824 tuam
2375 4771 2720 4825 Sanctitatem
2741 4813 2757 4837 ,
2790 4772 2888 4826 hoc
2917 4783 3170 4843 excepto,
3203 4775 3252 4828 in
3297 4774 3448 4831 iactis
3489 4788 3543 4832 et

251 4859 415 4915 dictis
438 4859 684 4914 omnibus
711 4859 982 4914 admirari.
1017 4861 1188 4916 Tuum
1214 4863 1312 4916 erit
1348 4863 1639 4918 decernere
1669 4861 1936 4930 quomodo
1964 4863 2034 4916 sit
2062 4863 2112 4914 iu
2137 4862 2236 4914 hoc
2269 4877 2454 4917 eorum
2483 4864 2837 4918 contradictio
2866 4865 3164 4921 toleranda.
3192 4867 3301 4922 Nec
3332 4870 3542 4926 mireris

251 4951 399 5022 quod
427 4951 581 5006 aliter
609 4953 694 5007 vel
718 4952 894 5022 aliqua
922 4953 974 5007 in
1005 4951 1105 5008 hac
1129 4953 1352 5023 epistola
1379 4952 1557 5007 addidi
1583 4995 1599 5019 ,
1639 4961 1891 5023 quantum
1919 4961 2074 5022 puto,
2105 4968 2226 5022 qua:
2257 4953 2306 5007 in
2338 4954 2612 5023 superiore
2657 4970 2760 5007 non
2812 4955 3050 5011 dixeram
3079 4975 3093 5024 ;
3127 4960 3246 5013 talis
3275 4971 3356 5015 est
3391 4961 3534 5015 enim

252 5060 400 5103 nunc
425 5059 610 5098 eorum
635 5044 874 5099 definitio
893 5087 908 5112 ,
940 5053 1136 5115 praeter
1163 5046 1248 5100 illa
1277 5061 1396 5116 qua:
1426 5062 1521 5115 per
1550 5045 1943 5100 festinationem
1970 5056 2060 5099 aut
2083 5044 2404 5098 oblivionem
2435 5044 2664 5098 fortasse
2692 5047 2944 5114 prmterii.

243 5133 248 5137 ’
333 5136 419 5191 I0.
461 5136 649 5190 Libros
671 5177 687 5202 ,
718 5151 838 5190 cum
869 5136 996 5191 editi
1026 5135 1254 5201 fuerint,
1277 5152 1411 5206 quos
1437 5136 1505 5191 de
1532 5137 1780 5190 universo
1809 5151 1976 5206 opere
2000 5148 2090 5190 tuo
2121 5137 2330 5190 moliris
2361 5137 2460 5208 (a),
2493 5152 2676 5204 qumso
2707 5137 2902 5193 habere
2925 5155 3266 5206 mereamur;
3308 5145 3543 5200 maxime

252 5237 316 5281 ut
346 5242 444 5296 per
465 5242 652 5282 eorum
683 5229 1051 5283 auctoritatem
1073 5270 1088 5293 ,
1117 5229 1162 5282 si
1192 5243 1298 5298 qua
1327 5228 1420 5282 tibi
1451 5229 1502 5282 in
1531 5227 1634 5282 tuis
1658 5228 1940 5297 displicent
1961 5271 1975 5290 ,
2016 5243 2045 5281 a
2073 5227 2330 5295 dignitate
2372 5231 2442 5282 tui
2477 5231 2716 5286 nominis
2742 5237 2850 5300 jam
2884 5249 2987 5286 non
3019 5235 3206 5304 trepidi
3235 5248 3543 5305 sequestre-

253 5333 400 5374 mus.
427 5317 643 5373 Librum
670 5319 831 5374 etiam
856 5319 923 5374 de
945 5319 1126 5375 Gratia
1155 5327 1213 5374 et
1232 5319 1426 5375 Libero
1451 5316 1686 5374 A'rbitrio
1727 5337 1830 5374 non
1861 5320 2118 5375 habemus
2151 5335 2165 5384 ;
2195 5329 2440 5389 superest
2467 5331 2524 5375 ιιι
2554 5338 2705 5389 eum,
2739 5323 2861 5393 quia
2895 5325 3075 5379 utilem
3107 5327 3386 5395 qna'stioni
3417 5345 3546 5383 con-

253 5410 504 5476 ﬁdimus,
537 5427 840 5466 mereamur
867 5413 1129 5483 accipere.
1158 5413 1294 5468 Nolo
1321 5424 1499 5468 autem
1527 5412 1794 5470 Sanctitas
1818 5423 1904 5468 tua
1925 5415 2003 5468 sic
2034 5427 2119 5468 me
2147 5412 2436 5467 arbitretur
2465 5413 2579 5470 haac
2598 5417 2862 5483 scribere,
2893 5419 3040 5488 quasi
3063 5418 3129 5472 de
3160 5420 3223 5472 iis
3246 5435 3363 5490 qua:
3396 5437 3538 5477 nunc

225 5501 495 5572 edidisti,
526 5520 625 5576 ego
645 5506 900 5562 dubitem.
927 5506 1167 5562 Sufltciat
1190 5507 1316 5562 mihi
1349 5522 1505 5579 pmna
1543 5521 1680 5576 mea,
1711 5507 1850 5578 quod
1880 5522 1908 5562 a
1936 5507 2235 5581 praesentia:
2265 5517 2368 5564 tua:
2403 5507 2611 5566 deliciis
2635 5511 2933 5577 exsolutus,
2967 5513 3052 5568 ubi
3097 5513 3397 5571 salubribus
3435 5517 3546 5574 tuis

326 5639 345 5701 ξ
378 5639 547 5690 Piures
567 5648 695 5701 Mss,
719 5639 886 5692 nolint.

320 5691 342 5721 ²
385 5711 570 5765 Aliquot
591 5691 719 5760 Mssi,
742 5703 862 5753 velle
884 5702 1078 5755 salvari.

322 5767 401 5823 (tt)
433 5765 832 5816 Belraclationutu
857 5766 1002 5814 libros
1021 5766 1268 5832 intelligit.
