2011 3243
123 194 169 223 961

125 264 172 292 qua
186 261 231 283 eos
242 252 293 288 qui
303 250 370 278 tales
383 251 445 277 sunt
456 268 464 281 ,
481 246 516 274 ita
527 252 582 273 ιιοιι
595 243 675 271 vultis
684 249 790 273 erraro,
810 243 839 266 ut
853 241 915 273 post

126 283 162 330 tbi
173 283 299 328 libros-dc
312 297 361 323 hac
375 303 405 322 re
415 293 458 322 vel
471 291 598 327 epistolas
609 295 683 316 meas
692 307 700 320 ,
712 286 800 314 adhuc
811 292 854 312 me
865 283 914 311 de-

127 345 244 374 sideretis
264 343 327 370 hinc
344 340 479 372 scribere,
496 341 598 365 tantum
614 342 674 362 amo
686 354 693 366 ,
718 335 844 368 quantum
861 338 914 358 non

127 398 229 426 possum
248 389 353 419 dicere;
369 390 398 413 et
422 389 524 413 tantum
543 390 586 410 Ine
599 388 690 408 amare
700 400 708 413 ,
724 382 851 413 quantum
866 376 915 403 de-

127 438 188 470 beo,
205 444 256 464 non
266 434 353 462 audeo
364 433 465 461 dicere.
476 430 646 464 Quapropter
660 433 722 454 ecce
738 424 855 452 I'l‘SC'l'lbO
868 429 914 449 vo-

126 485 182 516 bis.
192 488 218 511 et
233 482 293 510 licet
302 481 357 516 jam
370 487 423 507 non
443 476 598 507 vobiscum,
613 478 700 501 tamen
714 472 793 499 etiam
808 477 855 505 per
868 475 917 496 vos

127 530 209 557 adhuc
222 534 272 563 ago
282 547 290 560 ,
303 525 374 561 quod
388 532 431 552 me
439 523 505 551 satis
517 521 603 556 egisse
614 518 765 547 credebam.

159 575 185 602 2.
210 558 390 601 Cdnsideratis
412 569 483 597 enim
506 567 601 594 litteris
625 563 720 592 vestris
742 561 831 589 videre
850 558 916 587 mihi

129 620 216 648 videor
224 627 271 646 eos
283 618 393 648 fratres,
409 622 457 650 pro
471 613 567 648 quibus
576 610 668 646 geritis
679 609 748 643 piam
762 613 851 634 curam
861 626 867 636 ,
883 612 917 631 ne

129 670 232 694 teneant
242 663 373 699 poeticam
386 660 546 688 sententiam
557 678 564 689 .
576 664 626 692 qua
638 655 737 683 dictum
750 657 805 684 est.
824 661 833 677 ι
849 651 916 686 Spes

128 712 174 740 sibi
185 697 295 746 quisiiue
308 717 318 734 ι
336 706 454 742 (Virgil.,
470 703 577 732 .Encid.
591 701 635 729 tib.
653 701 703 733 ιι,
716 707 780 726 vers.
794 697 873 731 509);
890 700 918 723 et

123 757 153 785 .iu
179 742 241 784 illud
252 742 471 787 incuri-autquod
490 758 542 777 non
556 748 676 783 poetice,
702 744 748 772 sed
764 742 917 778 prophetico

129 803 223 830 dictum
232 806 288 832 est,
301 798 453 827 Maledicta:
465 796 546 823 ontnis
557 794 599 829 qui
610 800 680 828 spem
694 790 766 817 habet
782 789 808 815 in
819 788 918 815 homine

130 850 231 885 (Jerem.
243 855 298 874 xvn
310 867 317 879 ,
333 844 373 881 5),
389 851 422 872 eo
430 842 510 870 modo
530 847 590 868 esse
612 836 764 866 tractandos
776 855 784 867 ,
799 843 852 869 quo
870 838 918 860 tra-

123 878 207 922 ditavit
221 878 382 928 Apostolus,
397 889 493 924 quibus
505 887 552 917 ait,
573 884 606 912 Et
616 884 638 911 si
652 882 712 918 quid
725 881 797 907 aliter
814 878 917 913 εηρὶιὶι,

128 940 175 966 hoc
184 925 282 973 quoque
293 936 361 963 vobis
373 933 443 961 Dea:
454 931 581 960 reuelabit.
591 929 685 957 Adhuc
693 927 790 961 quippe
803 925 828 951 in
851 931 920 958 qum-

124 986 214 1012 .slione
221 983 336 1017 caligant
343 981 376 1008 de
385 976 617 1015 prxdcstiuatione
628 979 782 1001 sauciorum
796 979 802 997 :
814 969 860 996 sed
870 969 919 995 ha-

126 1030 192 1058 bent
205 1028 276 1056 unde
289 1049 297 1061 ,
313 1027 335 1054 si
348 1025 410 1061 quid
425 1024 504 1052 aliter
517 1023 543 1050 in
556 1029 586 1049 ea
601 1020 724 1055 sapiunt,
746 1018 797 1044 hoc
816 1021 921 1051 quoque

125 1076 182 1104 .illis
194 1074 296 1102 revelet
309 1072 381 1100 Deus
389 1092 396 1104 ,
408 1070 430 1097 si
445 1069 471 1096 in
482 1076 514 1095 eo
525 1066 661 1095 ambulent
672 1065 697 1092 in
706 1063 777 1099 quod
791 1067 920 1096 pervene-

127 1125 200 1149 runt.
216 1120 330 1153 Propter
340 1115 412 1151 quod
426 1113 569 1150 Apostolus
581 1119 642 1139 cum
666 1110 793 1139 dixisset,
813 1107 844 1134 Si
860 1106 922 1142 quid

128 1167 203 1194 Mter
212 1151 302 1200 rapilis
314 1184 322 1196 ,
334 1164 381 1189 hoc
393 1168 490 1196 quoque
500 1158 568 1186 vobis
583 1157 650 1183 Deus
658 1154 775 1182 reuelabit
788 1161 797 1179 .'
813 1151 922 1178 Verum-

126 1217 229 1243 Jamen,
245 1209 350 1244 inquit,
370 1208 397 1234 in
408 1206 476 1240 quod
489 1203 647 1240 peruenimus
661 1222 669 1234 ,
685 1201 710 1227 in
726 1207 754 1226 eo
766 1196 922 1224 ambulemus

130 1257 261 1293 (Philipp.
276 1243 319 1287 In,
334 1254 383 1285 l5,
396 1252 450 1287 16).
462 1251 646 1278 Pervenerunt
657 1250 745 1274 autem
767 1244 809 1271 isti
826 1243 923 1270 fratres

132 1289 239 1335 uestri,
253 1307 304 1336 pro
317 1299 413 1335 quibus
431 1296 544 1324 sollicita
559 1297 601 1322 est
613 1293 656 1328 pia
681 1289 797 1318 charitas
811 1291 897 1315 vestra
914 1306 922 1319 ,

135 1355 163 1377 ut
177 1332 289 1377 credant
306 1332 366 1373 eum
393 1342 512 1371 Ecclesia
522 1339 639 1372 Christi.
653 1340 763 1372 peccato
785 1334 861 1370 primi
876 1332 925 1359 ho-

131 1395 213 1423 minis
225 1392 371 1420 obnoxium
386 1388 459 1417 nasci
473 1393 558 1422 genus
583 1385 727 1412 humanum
738 1402 746 1414 ,
762 1387 812 1407 nec
825 1378 859 1406 ab
874 1378 925 1405 isto

131 1444 204 1472 malo
214 1442 265 1469 nisi
277 1448 323 1475 per
333 1438 462 1473 justitiam
477 1433 587 1462 secundi
603 1430 719 1459 hominis
729 1428 844 1462 aliquem
857 1426 926 1453 libe-

130 1491 195 1518 rari.
209 1489 392 1516 Pervenerunt
404 1483 484 1511 etiam
494 1502 502 1514 ,
515 1485 543 1508 ut
556 1476 695 1514 ιιι-ωνθηίιί
715 1475 865 1502 voluntates
879 1472 927 1498 ho-

134 1537 237 1564 minum
251 1531 300 1561 liei
316 1531 400 1567 gratia
426 1529 557 1556 fateantur
568 1541 585 1558 ρ
597 1528 676 1559 atque
698 1521 731 1549 ad
747 1520 846 1548 nullum
860 1525 928 1553 opus

131 1583 234 1610 bonum
246 1580 288 1606 vel
312 1566 489 1612 incipiendum
503 1572 544 1600 rei
567 1567 756 1606 perliciendum
770 1566 821 1594 sibi
834 1572 928 1600 quem—

131 1636 212 1664 quam
228 1625 354 1654 sufficere
375 1628 453 1657 posse
467 1617 645 1647 consentiant.
669 1614 781 1642 Retenta
795 1618 858 1645 ergo
879 1610 929 1636 ista

136 1674 162 1701 in
176 1681 239 1708 qua:
254 1671 444 1705 pervenerunt,
465 1664 608 1701 plurimum
621 1668 668 1688 eos
691 1667 706 1686 a
727 1657 929 1692 Pelagianorum

134 1726 229 1748 errore
243 1717 407 1744 discernunt.
432 1710 564 1741 Proinde,
592 1708 615 1735 si
642 1707 667 1733 in
687 1705 727 1732 eis
746 1702 883 1730 ambulent
904 1705 931 1728 et

135 1746 286 1793 orenteum
296 1761 341 1796 qui
356 1759 403 1786 dat
417 1756 579 1784 intellectum
589 1774 596 1786 ,
622 1752 644 1779 si
663 1750 725 1785 quid
741 1748 775 1776 de
791 1746 930 1783 praedesti-

136 1811 249 1838 natione
261 1792 338 1834 aliter
351 1804 476 1839 sapiunt,
499 1801 555 1835 ipse
567 1798 619 1825 illis
639 1797 693 1824 hoc
705 1801 811 1830 quoque
829 1792 932 1820 revela-

139 1855 179 1882 bit
194 1864 201 1882 :
218 1858 305 1880 tamen
313 1836 396 1878 etiam
411 1855 459 1875 nos
475 1844 658 1880 impendamus
671 1841 710 1868 eis
722 1838 872 1867 dilectionis
893 1836 933 1864 af-

138 1900 239 1928 fectum
264 1895 490 1928 ministeriumque
514 1888 661 1919 sermonis,
690 1886 758 1913 sicut
786 1884 867 1911 donat
889 1882 932 1909 ille

138 1953 220 1981 quem
233 1940 410 1978 rogavimus‘,
422 1943 452 1966 ut
465 1938 491 1964 in
507 1936 547 1963 his
557 1933 651 1961 litteris
664 1939 695 1959 ea
708 1938 767 1965 quae
781 1929 832 1956 illis
844 1931 934 1955 essent

141 1973 203 2025 :ipta
217 1990 228 2004 ¹
241 1973 354 2015 etvutiiia
369 1985 527 2011 diceremus.
536 1979 612 2008 Unde
624 1984 695 2005 enim
709 1977 809 2003 scimus
821 1981 854 2001 ne
866 1973 934 2000 furtu

141 2020 216 2064 Deus
228 2036 319 2060 noster
330 2030 355 2056 id
365 2037 413 2064 per
435 2028 503 2054 hanc
527 2029 646 2052 nostram
666 2021 731 2048 velit
743 2020 850 2047 efﬁcere
875 2025 935 2044 ser-

142 2082 274 2112 vitutem,
297 2084 348 2112 qua
361 2075 401 2103 eis
425 2074 452 2101 in
471 2070 569 2099 Christi
591 2069 675 2097 libera
698 2066 827 2094 eharitate
849 2063 935 2092 servi-

142 2125 221 2155 ntus?

179 2153 294 2202 DAPUT
308 2169 340 2196 ll.
355 2182 389 2188 —
403 2167 430 2194 5.
445 2164 522 2193 Prius
537 2163 624 2197 itaque
642 2159 720 2187 ﬁdem
734 2164 785 2192 qua
798 2153 936 2184 christiani

145 2226 250 2251 sumus,
259 2217 359 2244 donum
371 2213 415 2241 Dei
427 2219 487 2240 esse
497 2210 625 2237 debemus
638 2205 780 2234 ostendere
792 2211 800 2229 τ
816 2202 838 2230 si
848 2207 936 2229 tamen

144 2247 301 2300 diligentius
311 2261 337 2288 id
353 2260 440 2287 facere
452 2261 593 2292 possumus
604 2274 612 2285 ,
627 2258 706 2287 quam
719 2250 745 2277 in
758 2247 938 2276 voluminibus

145 2316 185 2340 tot
195 2291 331 2343 iantisque
340 2306 396 2340 jam
415 2291 538 2331 fecimus.
559 2298 612 2326 Sed
637 2303 708 2324 nunc
720 2295 758 2322 eis
773 2291 938 2328 responden-

145 2357 211 2385 dum
224 2337 298 2382 esse.
306 2352 398 2383 video,
414 2348 458 2384 qui
473 2346 561 2374 divina
585 2341 734 2371 testimonia
744 2361 751 2373 ,
767 2347 826 2375 quae
840 2338 874 2365 de
889 2337 939 2364 hac

146 2411 177 2432 re
189 2399 375 2431 adhibuimus,
387 2395 420 2423 ad
433 2395 484 2422 hoc
496 2392 589 2419 dicunt
601 2389 690 2416 valere
703 2408 710 2420 ,
732 2391 760 2413 ιιι
787 2384 940 2412 noverimus

147 2456 181 2476 ex
195 2446 273 2475 nobis
283 2443 390 2479 quidem
401 2447 451 2468 nos
468 2438 568 2466 habere
583 2436 667 2470 ipsam
679 2433 757 2460 ﬁdem
768 2451 776 2464 ,
790 2430 837 2457 sed
851 2429 940 2456 incre~

148 2475 268 2523 mentum
281 2475 338 2526 ejus
346 2497 379 2517 ex
392 2488 465 2515 Deo:
480 2489 603 2518 tanquam
615 2481 681 2509 ﬁdes
694 2487 746 2507 non
766 2477 800 2504 ab
824 2477 881 2511 ipso
891 2475 939 2501 Ilu-

148 2520 228 2568 netur
241 2520 318 2564 nobis
328 2555 337 2568 ,
348 2533 394 2561 sed
404 2532 439 2560 ab
451 2531 509 2566 ipso
519 2533 621 2556 tantum
633 2526 644 2542 ⁸
657 2528 785 2560 augeatur
811 2522 837 2549 in
852 2520 940 2552 nobis,

150 2592 184 2612 eo
191 2583 287 2611 merito
300 2601 307 2613 ,
323 2564 375 2615 quo
385 2564 470 2611 coepit
477 2583 492 2602 a
503 2573 580 2602 nobis
591 2571 613 2598 δ.
626 2570 685 2598 Νοιι
695 2576 759 2603 ergo
766 2566 900 2595 receditur
908 2564 941 2592 ab

150 2611 182 2658 ea
196 2611 344 2659 sententia,
358 2631 436 2659 quam
451 2620 573 2656 Pelagius
582 2618 640 2654 ipse
651 2618 678 2644 in
688 2613 832 2650 episcopali
841 2611 942 2647 judicio

151 2673 312 2706 Palmstino,
331 2658 400 2699 sicut
419 2667 513 2697 eadem
539 2665 620 2693 Gesta
643 2664 789 2693 testantur,
815 2658 942 2686 damnare

185 2774 195 2790 ί
207 2772 275 2800 editi,
287 2769 328 2803 ille
345 2774 416 2803 quem
426 2771 565 2803 rogamus:
575 2761 715 2803 scabiensis
728 2764 777 2789 us,
797 2756 942 2790 rogavimus.

185 2805 198 2821 ³
207 2807 260 2829 Mss.
268 2798 378 2827 Gallicani
391 2803 417 2824 et
425 2798 538 2825 Vaticani,
550 2798 642 2829 aperta.

268 2821 417 2859 Ei'hiii'ssi;
527 2821 687 2851 Lovanienses
699 2829 731 2848 et
743 2821 881 2853 conjectura
893 2824 945 2843 cor-

152 2868 281 2894 1⁵8181⁵201,
293 2866 392 2889 tantum

189 2885 449 2925 ἶέὲῖἶιῖεξξῆιὼηὶαηι
460 2887 531 2921 ταψίι
542 2894 556 2913 a
567 2885 642 2912 nobis.

558 183 660 212 LIBER
680 182 724 210 DE
740 176 1068 209 PREDESTINATIONE
1085 174 1301 204 S.\NCTOllUM.

1704 172 1756 201 962

969 235 1123 270 compulsus
1136 238 1194 267 est,
1208 242 1217 259 ι
1236 232 1352 259 Gratiam
1368 231 1415 259 Dei
1427 230 1574 259 secundum
1594 230 1688 258 merita
1709 237 1757 257 no-

967 287 1021 310 slra
1036 281 1092 308 dari
1111 281 1168 316 (a);
1187 290 1197 306 ι
1215 280 1236 307 si
1251 287 1302 307 non
1324 279 1437 314 pertinet
1450 278 1482 305 ad
1497 278 1543 305 Dei
1562 278 1671 312 gratiam
1686 276 1757 311 quod

966 328 1076 355 credere
1088 327 1217 361 coepimus
1229 346 1236 359 ,
1247 325 1293 352 sed
1309 324 1373 352 illud
1397 324 1483 359 potius
1493 323 1564 358 quod
1586 327 1693 357 propter
1707 322 1758 348 hoc

966 373 1044 401 nobis
1057 372 1180 403 additur,
1197 375 1225 398 ut
1245 370 1348 405 plenius
1367 368 1565 404 perfectiusque
1587 367 1729 394 credamus
1749 374 1755 392 :

965 427 998 446 ac
1012 426 1058 453 per
1073 417 1139 451 hoc,
1156 417 1261 444 initium
1275 416 1335 443 ﬁdei
1347 420 1445 442 nmine
1462 415 1564 449 priores
1573 413 1667 440 damus
1682 413 1736 439 Deo
1748 433 1756 444 ,

968 469 996 491 ut
1007 463 1167 497 retribuatur
1176 462 1251 489 nobis
1263 466 1290 489 et
1302 461 1516 496 supplementum
1528 459 1585 494 ejus
1597 467 1605 491 ;
1618 463 1645 486 et
1658 458 1679 485 si
1695 458 1758 492 quid

966 509 1038 537 aliud
1049 509 1163 536 fideliter
1172 507 1317 543 poscimus.

1003 555 1030 582 4.
1046 553 1099 581 Sed
1112 559 1205 580 contra
1225 552 1283 579 haec
1303 559 1351 579 cur
1366 558 1417 577 non
1431 551 1518 585 potius
1538 548 1660 577 audimus
1675 556 1681 574 :
1699 548 1761 580 Qui:

968 600 1038 635 prior
1051 599 1120 626 dedit
1143 599 1165 626 ei
1176 619 1185 632 ,
1199 602 1223 624 et
1241 598 1392 624 retribuetur
1404 596 1464 623 illi?
1476 596 1595 630 quoniam
1609 602 1640 621 ea:
1654 594 1724 629 ipso.
1738 598 1761 619 et

969 653 1013 680 per
1027 644 1127 679 ipsum,
1148 648 1172 670 et
1182 643 1209 669 in
1220 643 1275 677 ipso
1292 646 1349 669 sunt
1362 642 1448 668 omnia
1463 640 1609 675 (Renum,
1625 640 1658 666 35
1671 659 1679 671 ,
1693 638 1737 672 56)
1749 638 1761 663 ?

969 691 1003 718 Et
1017 691 1102 726 ipsum
1115 690 1194 724 igitur
1209 689 1312 716 initium
1329 688 1388 715 fidei
1407 692 1522 719 nosmn,
1535 695 1566 713 ex
1580 694 1649 721 quo,
1665 685 1713 711 nisi
1729 692 1762 711 ex

970 737 1028 771 ipso
1040 736 1100 763 est?
1114 735 1206 770 Neque
1219 734 1291 762 enim
1307 734 1358 760 hoc
1381 737 1492 768 excepto
1505 740 1538 760 ex
1554 733 1611 766 ipso
1630 735 1692 759 sunt
1711 738 1762 757 ca:-

970 785 1027 808 tera
1044 790 1050 808 :
1066 780 1113 808 sed
1121 788 1153 808 ea:
1164 781 1219 815 ipso
1229 800 1237 813 ,
1251 784 1275 806 et
1287 787 1332 814 per
1343 779 1425 813 ipsum
1438 798 1445 810 ,
1460 783 1483 805 et
1495 779 1521 804 in
1531 778 1586 812 ipso
1596 781 1654 804 sunt
1666 777 1761 802 omnia.

970 826 1035 859 Quis
1049 830 1137 853 autem
1150 825 1221 853 dicat
1233 832 1294 852 eum
1308 825 1351 859 qui
1361 824 1415 858 jam
1427 823 1510 858 erepit
1523 823 1633 850 credere
1646 842 1652 853 ,
1670 821 1703 848 ab
1717 821 1762 848 illo

971 873 997 900 in
1008 880 1086 907 quem
1105 871 1219 899 credidit
1239 870 1304 898 nihil
1319 870 1433 897 mereri?
1449 869 1526 897 Unde
1550 868 1579 895 ﬁt
1592 872 1620 894 ut
1633 868 1687 902 jam
1705 874 1763 893 nic-

972 919 1040 947 renti
1051 923 1146 946 cmtera
1162 918 1284 944 dicantur
1297 916 1356 943 addi
1371 916 1546 943 retributione
1559 915 1646 942 divina
1658 923 1665 943 :
1677 922 1709 941 ac
1718 921 1764 948 per

971 965 1022 992 hoc
1036 965 1146 999 gratiam
1161 965 1207 991 Dei
1222 963 1368 991 secundum
1384 963 1476 988 merita
1499 966 1588 988 nostra
1600 960 1655 987 dari
1673 969 1680 987 :
1694 959 1764 994 quod

971 1012 1104 1045 objeclum
1117 1011 1167 1038 subi
1181 1010 1314 1044 Pelagius,
1331 1017 1363 1035 ne
1376 1008 1549 1035 damnaretur
1559 1027 1567 1040 ,
1583 1007 1641 1041 ipse
1655 1006 1766 1032 damna-

973 1058 1021 1085 vit.
1044 1057 1168 1091 Quisquis
1191 1056 1269 1090 igitur
1286 1055 1355 1081 hanc
1375 1053 1553 1080 damnabilem
1573 1052 1627 1078 vult
1645 1059 1676 1078 ex
1692 1051 1765 1078 omni

974 1110 1049 1139 parte
1059 1105 1142 1131 vitare
1156 1103 1328 1132 sententiam.
1345 1101 1478 1128 veraciter
1500 1098 1630 1133 intelligat
1649 1097 1747 1124 dictum
1757 1116 1765 1128 ,

973 1150 1044 1185 quod
1060 1148 1203 1184 Apostolus
1216 1147 1253 1174 ait
1274 1156 1281 1173 :
1307 1145 1383 1173 Vobis
1396 1145 1518 1172 donatum
1529 1148 1568 1170 est
1579 1151 1624 1178 pro
1638 1142 1738 1169 Christo
1755 1161 1763 1172 ,

975 1203 1025 1221 non
1038 1193 1121 1221 solum
1134 1197 1160 1219 at
1171 1191 1277 1219 credatis
1289 1191 1316 1217 in
1328 1198 1384 1217 eum
1393 1210 1399 1221 ,
1409 1197 1494 1216 verum
1504 1188 1580 1214 etiam
1591 1192 1618 1214 ut
1633 1185 1767 1222 patiamini

976 1249 1022 1275 pro
1036 1247 1064 1266 eo
1081 1237 1210 1274 (Philipp.
1222 1244 1230 1264 ι
1242 1256 1250 1269 ,
1264 1235 1321 1271 29).
1336 1234 1485 1269 Utrumque
1501 1234 1508 1249 ¹
1525 1232 1643 1260 ostendit
1660 1231 1705 1258 Dei
1718 1231 1769 1258 do-

976 1292 1053 1316 num,
1080 1283 1141 1318 quia
1155 1287 1297 1316 utrumque
1311 1280 1377 1308 dixit
1399 1286 1459 1306 esse
1479 1278 1617 1305 donatum.
1632 1276 1687 1304 Nec
1708 1277 1768 1309 ait,

979 1330 1012 1358 Ut
1027 1328 1130 1364 plenius
1140 1331 1168 1356 et
1175 1326 1318 1362 perfectius
1328 1324 1445 1352 credatis
1460 1323 1485 1350 in
1499 1330 1577 1355 eum;
1593 1322 1640 1349 sed
1651 1342 1659 1355 ,
1673 1326 1701 1348 ut
1713 1329 1770 1348 cre—

977 1376 1043 1402 datis
1055 1375 1081 1401 in
1092 1382 1159 1401 eum.
1167 1372 1226 1407 ,Ncc
1236 1380 1265 1400 se
1277 1372 1363 1406 ipsum
1376 1369 1584 1397 misericordiam
1595 1372 1769 1395 consecutum

978 1420 1061 1453 dixit,
1076 1424 1104 1447 ut
1119 1419 1238 1452 ﬁdelior,
1251 1417 1298 1445 sed
1314 1421 1342 1444 ut
1356 1416 1441 1443 ﬁdelis
1459 1420 1530 1442 esset
1545 1414 1566 1450 (Ι
1578 1413 1638 1441 Cor.
1653 1421 1698 1445 vn,
1712 1412 1770 1448 25).

978 1467 1040 1503 quia
1051 1465 1152 1494 sciebat
1166 1471 1220 1492 non
1234 1471 1264 1491 se
1279 1463 1383 1490 initium
1400 1461 1461 1489 ﬁdei
1473 1468 1528 1488 sua:
1540 1461 1654 1495 priorem
1667 1459 1773 1486 dedisse

980 1513 1053 1545 Deo,
1073 1516 1101 1539 et
1126 1510 1285 1538 retributum
1313 1508 1363 1535 sibi
1388 1507 1422 1535 ab
1450 1506 1496 1534 illo
1510 1506 1568 1540 ejus
1582 1509 1771 1540 augmentum;

979 1558 1027 1586 sed
1040 1558 1075 1585 ab
1087 1564 1119 1584 eo
1134 1564 1163 1584 se
1175 1555 1273 1583 factum
1287 1554 1392 1581 fidelem
1403 1574 1410 1585 ,
1425 1560 1439 1579 a
1450 1560 1504 1588 quo
1523 1557 1551 1579 et
1576 1550 1713 1586 apostolus
1733 1549 1774 1577 fa-

980 1607 1038 1631 ctus
1053 1606 1103 1629 est.
1117 1600 1184 1629 Nam
1196 1600 1294 1634 scripta
1310 1599 1458 1626 suntetiam
1476 1597 1535 1624 fidei
1551 1597 1608 1631 ejus
1621 1596 1694 1623 initia
1705 1595 1773 1630 (Act.

981 1648 1020 1685 ix)
1030 1669 1038 1682 ,
1054 1652 1168 1683 suntque
1182 1645 1363 1674 ecclesiastica
1374 1644 1471 1671 celebri
1484 1643 1494 1658 ¹
1506 1643 1622 1670 lectiOne
1636 1641 1774 1669 notissima

982 1694 1031 1731 (l1).
1046 1694 1163 1721 Aversus
1175 1692 1274 1728 quippe
1285 1698 1302 1718 a
1320 1690 1372 1717 ﬁde
1383 1697 1462 1725 quam
1477 1689 1614 1720 vastabat,
1639 1688 1717 1722 eique
1729 1694 1775 1714 re.-

983 1741 1122 1769 hementer
1136 1739 1264 1766 adversus
1275 1758 1283 1771 ,
1299 1741 1410 1772 repente
1427 1739 1469 1763 est
1491 1734 1525 1761 ad
1548 1734 1619 1761 illam
1633 1733 1715 1767 gratia
1728 1740 1776 1768 po-

983 1787 1098 1815 tentiore
1120 1792 1284 1817 conversus;
1300 1786 1475 1811 convertente
1491 1781 1537 1807 illo
1555 1780 1597 1807 cui
1625 1779 1676 1806 hoc
1690 1779 1776 1813 ipsum

983 1832 1088 1860 facturo
1103 1839 1149 1867 per
1159 1831 1314 1866 prophetam
1331 1829 1341 1845 ³
1351 1829 1450 1856 dictum
1463 1832 1518 1860 est,
1537 1826 1575 1853 Tu
1588 1831 1732 1854 convertens
1740 1825 1777 1852 vi-

984 1877 1097 1912 viﬁcabis
1111 1885 1156 1905 nos
1171 1876 1255 1913 (Pral.
1271 1882 1368 1903 Lxxxtv
1379 1894 1386 1906 ,
1399 1872 1426 1909 7)
1443 1882 1450 1899 :
1468 1877 1497 1900 ut
1510 1880 1562 1899 non
1583 1872 1668 1899 solum
1684 1879 1717 1898 ex
1731 1878 1779 1897 no-

986 1925 1056 1953 lente
1069 1924 1145 1952 ﬁeret
1158 1923 1253 1950 volens
1265 1920 1393 1952 credere;
1411 1927 1502 1946 verum
1518 1918 1597 1944 ctiam
1611 1925 1643 1944 ex
1659 1924 1780 1951 persecu-

986 1976 1044 1998 tore
1068 1969 1281 2005 persecutionem
1305 1966 1330 1993 iu
1344 1966 1400 2000 ejus
1416 1964 1475 1991 ﬁdei
1486 1984 1493 1996 ,
1508 1971 1586 1998 quam
1601 1962 1780 1997 persequeba-

988 2022 1031 2044 tur
1041 2037 1049 2049 ,
1065 2014 1221 2042 defensione
1233 2016 1377 2047 pateretur.
1390 2010 1523 2037 Donatum
1537 2008 1634 2043 quippe
1646 2008 1682 2034 illi
1694 2011 1752 2034 erat
1764 2014 1779 2034 a

987 2063 1093 2091 Christo
1103 2082 1110 2094 ,
1125 2068 1178 2088 non
1191 2060 1276 2087 solum
1291 2063 1319 2085 ut
1330 2056 1451 2085 crederet
1460 2057 1484 2083 in
1496 2062 1557 2082 eum
1568 2075 1576 2087 ,
1590 2062 1683 2081 verum
1698 2054 1779 2081 etiam

987 2112 1017 2136 ut
1031 2110 1166 2142 pateretur
1181 2112 1229 2140 pro
1239 2111 1281 2131 eo.

1024 2155 1051 2182 5.
1066 2154 1099 2182 Et
1113 2152 1173 2180 ideo
1195 2148 1386 2178 commendans
1406 2147 1482 2175 istam
1498 2146 1610 2181 gratiam
1621 2165 1629 2177 ,
1650 2152 1709 2179 qua:
1728 2152 1781 2171 non

989 2201 1067 2229 datur
1081 2197 1226 2227 secundum
1240 2196 1328 2229 aliqua
1339 2193 1432 2221 merita
1443 2213 1450 2224 ,
1463 2192 1509 2219 sed
1520 2190 1601 2218 efﬁcit
1612 2190 1700 2217 omnia
1712 2190 1781 2217 bona

991 2245 1085 2274 merita
1100 2253 1107 2270 :
1123 2242 1183 2270 Non
1196 2241 1254 2277 quia
1265 2239 1350 2267 idonei
1364 2246 1450 2265 sumus
1461 2258 1467 2268 ,
1485 2235 1568 2271 inquit
1579 2255 1587 2267 ,
1600 2235 1711 2269 cogitare
1731 2234 1783 2262 ali-

990 2291 1051 2327 quid
1063 2289 1136 2326 quasi
1147 2296 1178 2315 ex
1189 2285 1392 2320 nobismetipsis,
1415 2283 1458 2310 sed
1479 2280 1627 2317 sufficientia
1642 2284 1729 2306 nostra
1751 2287 1783 2306 ex

992 2325 1045 2365 Deo
1059 2325 1094 2364 est
1110 2335 1142 2370 (ll
1155 2334 1214 2362 Cor.
1228 2341 1254 2360 ιιι
1266 2353 1272 2364 ,
1288 2331 1326 2366 5).
1340 2329 1485 2358 Attendunt
1504 2327 1563 2359 hic,
1577 2331 1604 2353 et
1627 2325 1706 2353 verba
1732 2325 1783 2352 ista

992 2382 1174 2419 perpendant,
1190 2379 1233 2413 qui
1250 2381 1344 2412 putant
1356 2383 1388 2402 ex
1403 2374 1481 2402 nobis
1493 2380 1552 2401 esse
1571 2372 1630 2399 ﬁdei
1645 2375 1762 2406 emptum
1775 2391 1783 2403 ,

991 2418 1019 2458 ct
1031 2437 1065 2456 ex
1081 2429 1136 2455 Deo
1148 2433 1208 2454 esse
1230 2424 1289 2451 ﬁdei
1304 2422 1529 2457 supplementum.
1548 2418 1612 2452 Quis
1637 2418 1709 2445 enim
1731 2425 1784 2445 ιιοιι

992 2475 1097 2506 videat,
1123 2472 1196 2507 prius
1209 2477 1270 2497 esse
1294 2469 1412 2503 cogitare
1432 2473 1511 2501 quam
1536 2464 1667 2492 credere?
1688 2463 1786 2491 Nullus

993 2521 1091 2557 quippe
1101 2517 1186 2547 credit
1198 2515 1297 2551 aliquid
1309 2535 1317 2549 ,
1331 2513 1380 2541 nisi
1396 2513 1469 2547 prius
1479 2511 1635 2546 cogitaverit
1654 2517 1714 2537 esse
1729 2517 1788 2537 cre-

1026 2597 1035 2612 ¹
1048 2599 1122 2624 ων..
1149 2595 1279 2622 Utrumque
1299 2588 1372 2624 enim.
1393 2588 1483 2624 Abest,
1497 2585 1576 2614 enim.
1596 2582 1788 2624 abualﬁslib‘ris.

1026 2628 1036 2643 ²
1048 2614 1255 2651 ξῖιᾶῖιῖθιιδῖὲῖιὲῖέ
1267 2614 1393 2651 ὶεΙεθι-ιιηι.
1407 2619 1449 2643 Alii
1466 2614 1518 2642 uss.
1531 2623 1586 2642 cum
1598 2616 1679 2645 editis,
1688 2614 1786 2640 celabri.

1027 2659 1038 2674 ³
1046 2650 1130 2682 l’iures
1140 2658 1203 2683 Mss,
1215 2660 1262 2685 per_
1275 2650 1432 2685 prophetiaqt.

1027 2677 1239 2748 gdg'iiiltia'iiﬁihio
1248 2677 1281 2708 de'
1292 2677 1369 2706 Gestis
1378 2680 1475 2711 Pelagii,
1488 2685 1511 2703 ιι.
1522 2677 1562 2702 50.

1038 2719 1051 2743 b
1079 2718 1214 2742 Lectionem
1228 2718 1324 2738 Actuum
1336 2710 1562 2748 Apostolorum

1038 2705 1063 2743 bi
1079 2705 1324 2742 iééiiiiiil-TiFiiﬁﬁum
1336 2705 1500 2743 Aposuil'o'rum
1511 2710 1534 2732 in
1547 2706 1651 2743 Ecclesia
1662 2705 1789 2743 celebrem

995 2737 1062 2777 didii:
1071 2737 1254 2779 «fJJti'iéiiﬁuui
1260 2737 1308 2769 usu
1316 2737 1440 2779 receptiqu
1449 2743 1527 2779 esset,
1537 2742 1564 2779 ιιι
1574 2737 1715 2779 solemnitler
1722 2741 1791 2768 quot-

1072 2768 1354 2810 ‘riepece—returteiupore
1363 2768 1474 2810 lt'alsehali.
1497 2778 1509 2793 «
1517 2773 1588 2810 actus
1596 2768 1768 2799 Apostolorum,
1775 2774 1787 2789 ι

1402 2804 1406 2810 ¹
1423 2809 1428 2810 ⁷
1440 2809 1444 2810 ν
1461 2804 1493 2810 ν’-ι
1515 2807 1519 2810 Α
1532 2806 1544 2810 Α
1558 2804 1648 2810 μ-ιι-ιΑ
1660 2798 1787 2810 En—:-.III-,

1076 2798 1303 2836 ὲὲἕιῐῖὀίιᾷἐιδξήῖ
1324 2805 1333 2829 1
1338 2823 1346 2837 ,_
1362 2813 1372 2826 α
1383 2803 1446 2837 liber
1458 2804 1496 2837 cst
1513 2800 1545 2837 de
1556 2798 1649 2837 canoqe
1660 2798 1789 2834 scriptura-

1001 2829 1330 2870 ἰῒᾶιῆὶῖίξέῐιῖυξῖιὶιέιῂιι
1340 2829 1389 2870 legi
1401 2840 1415 2857 a
1431 2832 1551 2858 Dominico
1568 2829 1673 2859 Pascha,
1684 2829 1745 2854 sicut
1762 2833 1791 2853 se

1002 2882 1013 2894 ι
1025 2866 1172 2895 ςι-ωιι-ἱιιύυ
1183 2869 1257 2894 habet
1268 2866 1387 2892 Ecclesiae.
1403 2873 1414 2888 ξ
