4022 6510
471 391 578 447 965

471 503 726 560 dendum.
757 497 1012 571 Quamvis
1034 496 1178 554 enim
1227 496 1420 567 raptim
1440 537 1456 564 ,
1483 494 1726 568 quamvis
1774 493 2054 549 celerrimo

471 595 724 653 credendi
765 595 1091 648 voluntatem
1141 591 1383 662 quzedam
1414 591 1764 661 cogitationes
1785 590 1802 622 ¹
1837 597 2060 644 antevo-

471 690 614 755 lent,
641 702 876 756 moxque
915 686 1001 740 illa
1039 687 1111 739 ita
1138 692 1422 753 sequatur,
1457 692 1514 737 ut
1549 682 1698 753 quasi
1732 681 2058 751 conjunctis-

471 783 604 836 sima
643 780 962 842 comitetur;
1010 791 1229 830 necesse
1272 783 1562 830 esttamen
1604 782 1662 828 ut
1707 772 1885 828 omnia
1937 787 2058 842 qua:

418 844 420 846 ν
469 871 791 936 creduntur,
823 867 1179 938 przeveniente
1206 866 1527 935 cogitatione
1546 864 1849 920 credantur.
1879 863 2058 931 Quan-

471 975 628 1030 quam
653 969 707 1015 et
732 961 904 1029 ipsum
947 958 1200 1022 credere,
1233 956 1361 1010 nihil
1390 956 1533 1010 aliud
1585 965 1700 1020 est,
1751 970 2056 1024 quamcum

470 1053 780 1108 assensione
805 1053 1059 1121 cogitare.
1083 1051 1200 1105 Non
1216 1051 1358 1105 enim
1381 1049 1555 1104 omnis
1579 1048 1666 1118 qui
1693 1047 1907 1116 cogitat,
1937 1061 2060 1100 cre-

469 1147 582 1210 dit;
637 1160 756 1199 cum
800 1143 921 1198 ideo
952 1143 1188 1213 cogitent
1241 1141 1510 1211 plerique,
1546 1155 1613 1192 ne
1662 1137 1883 1193 credant
1915 1154 1928 1190 :
1961 1137 2056 1192 sed

470 1237 670 1305 cogitat
696 1235 868 1288 omnis
889 1233 980 1303 qui
1004 1233 1208 1297 credit,
1234 1241 1288 1287 et
1305 1229 1574 1286 credendo
1611 1230 1846 1300 cogitat,
1884 1236 1938 1282 ct
1966 1243 2058 1284 co-

468 1326 686 1397 gitando
739 1325 926 1380 credit.
973 1323 1126 1390 Quod
1164 1339 1292 1392 ergo
1340 1321 1570 1392 pertinet
1622 1321 1690 1374 ad
1748 1321 2055 1389 religionem

469 1425 629 1486 atque
659 1416 906 1485 pietatem
926 1415 1015 1486 (de
1041 1429 1142 1482 qua
1171 1414 1484 1483 loquebatur
1512 1411 1822 1483 Apostolus)
1842 1454 1855 1475 ,
1881 1411 1924 1465 si
1951 1427 2059 1467 non

469 1523 653 1562 sumus
671 1506 842 1560 idonei
861 1505 1095 1576 cogitare
1132 1503 1328 1573 aliquid
1355 1504 1503 1573 quasi
1533 1519 1599 1557 ex
1627 1501 2054 1571 nobismetipsis,

468 1597 564 1653 sed
593 1596 907 1651 snflicieutia
928 1605 1106 1649 nostra
1133 1611 1198 1650 ex
1219 1596 1326 1649 Deo
1346 1605 1459 1659 est;
1483 1593 1719 1663 profecto
1743 1607 1850 1646 non
1874 1607 2058 1647 sumus

471 1687 647 1742 idonei
686 1686 909 1741 credere
937 1685 1137 1755 aliquid
1167 1685 1318 1754 quasi
1339 1700 1403 1738 ex
1445 1682 1876 1751 nobismetipsis,
1916 1681 2057 1752 quod

470 1781 586 1834 sine
605 1779 924 1849 cogitatione
951 1793 1054 1832 non
1074 1791 1389 1847 possumus,
1423 1775 1516 1830 sed
1538 1775 1853 1831 sufﬁcientia
1877 1786 2058 1831 nostra

469 1887 572 1941 qua
602 1871 825 1925 credere
865 1870 1180 1939 incipiamus
1200 1909 1214 1931 ,
1244 1884 1310 1921 ex
1349 1868 1457 1921 Deo
1483 1875 1585 1922 est.
1617 1865 1895 1934 Quocirca,
1920 1866 2056 1922 sicut

469 1978 632 2018 nemo
674 1963 774 2016 sibi
805 1961 999 2017 sufﬁcit
1053 1961 1119 2015 ad
1154 1959 1510 2029 incipiendum
1556 1959 1639 2013 vel
1672 1957 2052 2027 perﬁciendum

471 2052 842 2122 quodcumque
861 2067 996 2121 Opus
1020 2051 1252 2114 bonum;
1285 2050 1425 2118 quod
1443 2050 1552 2117 jam
1583 2049 1669 2103 isti
1694 2049 1906 2115 fratres,
1922 2050 2059 2104 sicut

471 2152 647 2198 vestra
689 2143 887 2211 scripta
928 2141 1162 2195 indicant
1209 2139 1298 2213 (In
1325 2139 1559 2210 Epistula
1610 2138 1832 2203 Hilarii,
1887 2156 1940 2192 η.
1977 2140 2012 2193 2
2042 2180 2057 2204 ,

469 2250 651 2305 supra,
679 2233 778 2287 col.
806 2232 1064 2303 953-954)
1084 2273 1098 2294 ,
1145 2247 1327 2286 verum
1357 2245 1476 2284 esse
1515 2232 1888 2296 consentiunt;
1919 2230 2061 2286 unde

471 2326 527 2382 in
566 2328 710 2381 omni
741 2341 905 2395 opere
935 2327 1076 2380 bono
1101 2333 1156 2378 et
1185 2322 1486 2394 incipiendo
1514 2332 1569 2378 et
1591 2323 1916 2393 perﬁciendo
1947 2323 2056 2377 suf-

471 2419 704 2473 ticientia
733 2425 912 2472 nostra
943 2432 1006 2471 ex
1039 2416 1148 2469 Deo
1173 2423 1255 2469 est
1281 2432 1294 2468 :
1325 2416 1395 2468 ita
1436 2429 1596 2470 nemo
1621 2413 1723 2468 sibi
1752 2414 1949 2469 sufﬁcit
1975 2414 2060 2468 vel

471 2509 539 2564 ad
580 2509 934 2579 incipiendam
961 2507 1043 2561 vel
1063 2505 1129 2560 ad
1156 2505 1530 2575 perﬁciendam
1556 2504 1743 2570 ﬁdem,
1784 2505 1880 2559 sed
1909 2503 2060 2558 sufﬁ-

469 2603 664 2657 cientia
697 2610 876 2655 nostra
924 2616 990 2654 ex
1023 2599 1131 2653 Deo
1154 2607 1274 2652 est:
1303 2599 1552 2668 quoniam
1583 2597 1716 2651 ﬁdes
1745 2597 1789 2651 si
1821 2613 1925 2651 non
1965 2611 2060 2650 co-

470 2693 668 2762 gitetur
687 2733 702 2757 ,
729 2691 872 2746 nulla
889 2700 1000 2752 est;
1021 2697 1074 2743 et
1096 2705 1199 2742 non
1218 2703 1402 2742 sumus
1424 2687 1598 2742 idonei
1615 2689 1846 2758 cogitare
1859 2687 2059 2756 aliquid

471 2782 624 2854 quasi
650 2797 718 2838 ex
747 2779 1145 2849 nobismetipsis
1161 2821 1176 2846 ,
1201 2778 1294 2834 sed
1316 2777 1632 2834 sufﬁcientia
1657 2787 1839 2833 nostra
1864 2793 1928 2834 ex
1953 2779 2062 2834 Deo

471 2882 576 2931 εει.

545 2963 599 3018 6.
629 2961 938 3019 Cavendum
963 2971 1065 3028 est,
1089 2963 1283 3017 fratres
1307 2960 1483 3016 dilecti
1509 2975 1539 3015 a
1569 2960 1694 3022 Deo,
1725 2975 1795 3016 ne
1821 2960 1982 3016 homo
2002 2975 2062 3016 se

473 3055 698 3110 extollat
736 3053 991 3107 adversus
1020 3053 1208 3116 Deum,
1251 3067 1372 3105 cum
1418 3066 1478 3105 se
1523 3049 1653 3105 dicit
1693 3050 1872 3106 facere
1917 3051 2062 3122 quod

470 3145 720 3218 promisit
768 3146 928 3199 Deus.
972 3143 1160 3198 Nonne
1204 3143 1337 3198 ﬁdes
1377 3143 1614 3212 gentium
1662 3143 1925 3212 promissa
1977 3151 2063 3198 est

472 3238 726 3304 Abrahae,
755 3245 812 3292 et
837 3237 927 3292 ille
950 3235 1084 3291 dans
1110 3236 1332 3305 gloriam
1357 3235 1486 3302 Deo,
1511 3234 1817 3304 plenissime
1837 3236 2063 3291 credidit

469 3331 719 3402 quoniam
751 3329 893 3398 quod
919 3330 940 3360 ³
971 3329 1246 3398 promisit,
1277 3338 1465 3399 potens
1488 3337 1567 3383 est
1595 3337 1650 3383 et
1675 3328 1849 3385 facere
1879 3328 2058 3399 (Rom.

469 3436 555 3486 tv,
576 3421 676 3484 20,
707 3418 837 3490 ειη
865 3420 980 3489 Ipse
1010 3420 1167 3488 igitur
1195 3419 1351 3472 ﬁdem
1379 3419 1618 3488 gentium
1649 3419 1806 3485 facit,
1840 3420 1928 3488 qui
1962 3436 2059 3489 po-

471 3521 591 3567 tens
611 3521 691 3566 est
714 3510 888 3565 facere
909 3511 1048 3579 quod
1080 3511 1340 3580 promisit.
1367 3510 1554 3578 Porro,
1580 3511 1624 3564 si
1648 3520 1899 3581 operatur
1921 3511 2060 3566 Deus

469 3602 630 3657 ﬁdem
660 3610 928 3667 nostram,
959 3603 1094 3654 miro
1124 3601 1282 3656 modo
1308 3617 1471 3670 agens
1505 3605 1556 3656 in
1587 3603 1838 3658 cordibus
1864 3605 2060 3659 nostris

469 3700 532 3747 ut
557 3691 839 3747 credamus
865 3708 878 3756 ;
911 3692 1166 3761 numquid
1193 3693 1535 3747 metuendum
1565 3703 1649 3749 est
1677 3711 1746 3750 ne
1775 3705 1942 3749 totum
1984 3695 2063 3750 fa-

470 3798 598 3840 cere
625 3797 730 3837 non
757 3783 947 3852 possit,
976 3792 1031 3837 et
1052 3783 1172 3837 ideo
1200 3783 1362 3837 homo
1385 3785 1484 3838 sibi
1515 3786 1716 3854 primas
1743 3786 1859 3856 ejus
1880 3788 2055 3842 vindi-

472 3886 560 3930 cat
588 3883 767 3944 partes
786 3915 801 3939 ,
833 3884 887 3927 ut
917 3875 1234 3929 novissimas
1260 3876 1328 3928 ab
1358 3876 1449 3930 illo
1475 3878 1718 3947 accipere
1749 3883 2057 3937 mercatur?

471 3966 668 4022 Videte
693 3967 736 4020 si
765 3966 906 4020 aliud
946 3967 1121 4037 agitur
1159 3968 1261 4021 isto
1299 3967 1476 4032 modo,
1521 3970 1622 4024 nisi
1662 3983 1718 4026 ut
1755 3975 1922 4040 gratia
1965 3975 2056 4030 Dei

471 4057 767 4113 secundum
795 4058 984 4112 merita
1015 4069 1195 4111 nostra
1225 4058 1380 4112 detur
1409 4060 1649 4130 quolibet
1675 4064 1856 4128 modo,
1889 4080 1953 4122 ac
1979 4067 2059 4122 sic

471 4148 765 4220 gratiajam
799 4166 903 4203 non
929 4150 995 4203 sit
1020 4149 1207 4220 gratia.
1240 4150 1501 4206 Redditur
1524 4168 1752 4225 namque
1781 4156 1881 4211 hoc
1904 4169 2056 4227 pacto

470 4239 670 4304 debita,
695 4257 799 4294 non
821 4240 1048 4294 donatur
1066 4242 1231 4310 gratis
1261 4261 1274 4296 :
1303 4243 1528 4298 debetur
1548 4247 1691 4300 enim
1712 4247 1970 4312 credenti,
1999 4262 2056 4305 ut

471 4350 502 4389 a
529 4335 754 4389 Domino
780 4335 890 4404 ipsa
925 4333 1056 4388 ﬁdes
1079 4337 1196 4403 ejus
1226 4344 1499 4404 augeatur,
1527 4347 1581 4392 et
1605 4339 1673 4392 sit
1703 4355 1909 4396 merces
1935 4342 2056 4398 ﬁdei

470 4433 662 4496 empta:
690 4425 821 4480 ﬁdes
849 4434 1039 4489 aucta;
1070 4441 1170 4480 nec
1197 4427 1508 4494 attenditur,
1537 4444 1658 4483 cum
1701 4431 1800 4486 hoc
1838 4432 2050 4500 dicitur,

473 4526 580 4565 non
607 4509 898 4565 secundum
920 4511 1165 4579 gratiam,
1190 4509 1286 4564 sed
1312 4513 1602 4567 secundum
1633 4514 1868 4570 debitum
1901 4518 2054 4573 istam

471 4600 775 4656 mercedem
803 4601 1139 4656 credentibus
1167 4602 1435 4672 imputari.
1466 4607 1573 4660 Cur
1609 4617 1783 4662 autem
1828 4624 1930 4663 non
1973 4621 2058 4664 to-

472 4700 585 4746 tum
629 4690 888 4745 tribuatur
931 4691 1170 4755 homini,
1212 4702 1268 4746 ut
1305 4695 1394 4762 qui
1433 4695 1532 4749 sibi
1573 4697 1741 4765 potuit
1778 4698 2055 4756 instituere

475 4781 619 4852 quod
647 4797 750 4837 non
780 4780 1026 4846 habebat,
1055 4782 1166 4852 ipse
1188 4784 1328 4853 quod
1353 4785 1579 4840 instituit
1606 4798 1814 4856 augeat,
1838 4795 2056 4847 omnino

476 4890 586 4929 non
614 4873 768 4928 video
799 4892 811 4927 :
841 4875 942 4929 nisi
972 4875 1090 4945 quia
1114 4878 1286 4930 resisti
1319 4893 1422 4932 non
1455 4891 1632 4948 potest
1659 4883 1851 4937 divinis
1881 4887 2055 4940 mani-

468 4965 776 5021 festissimis
806 4967 1143 5033 testimoniis,
1174 4969 1366 5038 quibus
1403 4981 1457 5025 et
1496 4973 1646 5037 ﬁdes,
1678 4977 1818 5031 unde
1847 4979 2055 5046 pietatis

475 5058 754 5116 exordium
797 5059 1024 5114 sumitur
1070 5061 1110 5124 ³,
1159 5062 1353 5117 donum
1405 5065 1494 5119 Dei
1535 5081 1655 5122 esse
1699 5081 2054 5140 monstratur;

474 5152 633 5223 quale
655 5161 734 5206 est
767 5150 918 5215 illud,
945 5152 1086 5221 qum]
1113 5155 1380 5226 unicuique
1412 5157 1547 5212 Deus
1578 5162 1790 5231 partitus
1816 5174 1888 5217 est
1913 5182 2058 5222 men-

473 5260 647 5298 suram
666 5243 787 5312 ﬁdei
821 5241 930 5313 (Id.
962 5259 1054 5308 xu,
1083 5243 1170 5316 '5);
1200 5256 1253 5300 et
1283 5249 1428 5315 illud,
1462 5250 1578 5306 Pax
1603 5255 1842 5324 fratribus
1865 5268 1914 5311 et
1934 5261 2058 5311 cha-

473 5335 599 5388 ritas
639 5350 754 5387 cum
794 5334 896 5403 ﬁde
933 5349 966 5386 α
1003 5333 1111 5387 Deo
1155 5334 1309 5392 Patre
1346 5351 1392 5393 et
1429 5340 1649 5398 Domino
1691 5344 1815 5400 Iesu
1853 5347 2055 5404 Christo

475 5424 691 5496 (Ephes.
722 5441 775 5478 vi
797 5467 811 5491 ,
838 5423 966 5495 25);
996 5435 1050 5480 et
1073 5435 1267 5482 cratera
1291 5431 1433 5484 talia.
1464 5432 1663 5490 Nolcns
1688 5451 1814 5506 ergo
1838 5437 1920 5492 his
1949 5449 2053 5493 tam

476 5517 634 5571 claris
672 5517 988 5572 testimoniis
1028 5533 1354 5591 repugnare,
1397 5533 1450 5578 et
1488 5533 1664 5582 tamen
1706 5529 1958 5610 volensa
1997 5548 2057 5588 se

538 5693 559 5772 ξ
583 5669 814 5772 plerique
827 5705 882 5742 ac
907 5694 1120 5772 potiores
1136 5703 1262 5772 Mss,
1287 5699 1510 5760 quasdam
1531 5710 1710 5755 sancta?
1733 5706 2053 5772 cogitationes.

537 5757 560 5821 ξ
586 5764 683 5803 Am.
712 5764 760 5803 et
787 5761 881 5811 Er.,
906 5757 1004 5821 qui.
1026 5763 1152 5821 Mss,
1178 5757 1304 5821 quin.

537 5817 560 5850 ⁸
582 5827 682 5865 Am.
708 5823 760 5866 ct
783 5822 877 5879 tan,
901 5818 1026 5867 unde
1043 5817 1199 5881 pietas
1216 5821 1470 5887 exorditur:
1489 5825 1647 5876 sumit.

1713 379 1768 434 S.
1809 373 2174 433 AUGUSTINI
2215 370 2513 428 El’lSCOl’l

3664 379 3781 437 96‘

2169 491 2285 560 ipso
2309 490 2408 544 sibi
2431 504 2552 545 esse
2573 490 2715 562 quod
2737 493 2926 560 credit,
2957 493 3108 566 quasi
3136 495 3412 566 componit
3439 494 3615 551 homo
3641 507 3777 551 cum

2167 581 2300 646 Deo,
2332 590 2390 635 ut
2428 591 2632 652 partem
2675 583 2798 640 ﬁdei
2824 586 2922 641 sibi
2953 586 3220 652 vindicet,
3254 600 3415 658 atque
3443 588 3519 644 illi
3549 595 3771 658 partem

2164 673 2428 741 relinquat
2455 692 2468 728 :
2498 683 2552 730 et
2583 675 2725 744 quod
2765 686 2845 732 est
2870 678 3063 734 elatius
3084 721 3098 743 ,
3132 681 3356 750 primam
3398 681 3539 736 tollit
3566 682 3693 749 ipse
3725 681 3772 742 ‘,

2164 774 2475 833 sequentem
2499 764 2590 819 dat
2611 766 2684 819 illi
2706 781 2720 832 ;
2744 775 2799 821 et
2819 768 2870 822 in
2893 783 2958 823 eo
2978 770 3119 838 quod
3149 771 3276 825 dicit
3300 786 3421 828 esse
3443 771 3768 838 amborum,

2163 855 2397 924 priorem
2425 869 2483 908 se
2506 853 2649 920 facit,
2683 858 3032 926 posteriorem
3063 860 3250 915 Deum.

2237 945 2459 1000 CAPUT
2482 945 2567 1000 lll.
2593 975 2666 985 —
2689 947 2741 1001 7.
2767 947 2881 1001 Non
2905 950 2983 1004 sic
3005 949 3120 1018 pius
3142 961 3301 1020 atque
3329 949 3548 1006 humilis
3568 949 3774 1007 doctor

2166 1034 2255 1090 ille
2291 1037 2530 1106 sapiebat
2571 1055 2584 1091 :
2624 1038 2950 1110 Cyprianum
2995 1043 3359 1098 beatissimum
3400 1045 3633 1115 loquor,
3677 1044 3769 1114 qui

2165 1123 2329 1191 dixit,
2365 1144 2384 1176 ‹
2421 1126 2478 1180 ln
2509 1129 2657 1183 nullo
2693 1129 3031 1198 gloriandum
3053 1173 3068 1196 ,
3102 1133 3317 1202 quando
3345 1144 3592 1189 nostrum
3631 1134 3769 1190 nihil

2165 1218 2235 1272 sit
2266 1236 2286 1270 ι
2324 1219 2429 1288 (Ad
2461 1219 2753 1284 Quirinum,
2786 1223 2873 1276 lib.
2903 1225 2958 1290 5,
2984 1241 3100 1295 cap.
3131 1224 3210 1298 4).
3238 1225 3390 1293 Quod
3418 1235 3470 1280 ut
3496 1227 3766 1282 ostende-

2164 1317 2268 1375 ret,
2291 1310 2530 1365 adhibuit
2554 1313 2866 1381 Apostolum
2895 1324 3084 1371 testem
3109 1317 3400 1385 dicentem,
3427 1317 3566 1385 Quid
3587 1327 3766 1371 autem

2163 1400 2314 1456 habes
2337 1403 2474 1474 quod
2515 1419 2616 1457 non
2653 1407 2932 1476 accepisti?
2971 1407 3032 1462 Si
3069 1419 3238 1463 autem
3273 1417 3318 1463 et
3331 1403 3611 1476 accepisti,
3639 1410 3766 1480 quid

2163 1491 2398 1561 gloriaris
2419 1493 2562 1560 quasi
2583 1510 2683 1547 non
2704 1497 2960 1566 acceperis
2986 1500 3004 1568 (
3026 1497 3046 1551 I
3068 1497 3187 1553 Cor.
3210 1515 3284 1567 tv,
3309 1500 3402 1572 7)?
3423 1501 3543 1569 Quo
3564 1500 3766 1571 przeci-

2164 1597 2265 1651 pue
2292 1581 2597 1638 testimonio
2621 1586 2781 1640 etiam
2807 1588 2920 1656 ipse
2944 1590 3218 1644 convictus
3241 1605 3379 1658 sum,
3410 1607 3534 1647 cum
3565 1593 3762 1648 simili.

2164 1680 2247 1727 ter
2271 1687 2536 1738 errarem,
2578 1685 2769 1744 putans
2807 1678 2965 1734 ﬁdem
3003 1695 3106 1750 qua
3145 1681 3199 1735 in
3239 1682 3406 1736 Deum
3444 1683 3759 1750 credimus,

2164 1781 2268 1819 non
2293 1781 2413 1820 esse
2430 1766 2627 1822 donum
2663 1770 2776 1836 Dei,
2800 1771 2893 1826 sed
2913 1787 2944 1826 a
2964 1773 3121 1828 nobis
3142 1789 3262 1829 esse
3289 1775 3342 1828 in
3369 1775 3550 1841 nobis,
3578 1783 3638 1830 et
3666 1791 3762 1846 per

2164 1856 2310 1910 illam
2351 1871 2450 1911 nos
2479 1859 2752 1926 impetrari
2793 1861 2888 1916 Dei
2915 1861 3055 1917 dona
3083 1864 3276 1934 quibus
3303 1874 3672 1935 temperanter
3699 1876 3758 1922 et

2161 1948 2304 2018 juste
2331 1958 2382 2004 et
2411 1951 2495 2020 pie
2515 1952 2753 2007 vivamus
2774 1953 2827 2008 in
2851 1955 2952 2009 hoc
2975 1957 3191 2011 szeculo.
3219 1955 3400 2028 Neque
3429 1959 3573 2013 enim
3598 1959 3756 2015 ﬁdem

2164 2041 2412 2110 putabam
2439 2042 2530 2096 Dei
2555 2041 2724 2112 gratia
2755 2046 3057 2114 praeveniri,
3080 2055 3141 2102 ut
3170 2063 3269 2118 per
3296 2049 3444 2104 illam
3473 2049 3635 2104 nobis
3664 2050 3758 2104 da-

2164 2140 2313 2186 retur
2358 2133 2498 2202 quod
2550 2148 2894 2202 posceremus
2940 2138 3175 2204 utiliter;
3225 2140 3329 2194 nisi
3368 2141 3490 2211 quia
3531 2141 3756 2197 credere

2164 2237 2268 2276 non
2297 2237 2595 2292 possemus,
2629 2225 2673 2280 si
2699 2241 2806 2280 non
2849 2229 3173 2297 prmcederet
3199 2232 3526 2300 prmconinm
3558 2234 3756 2287 verita-

2168 2315 2234 2369 tis
2263 2331 2277 2369 :
2310 2324 2365 2368 ut
2390 2325 2572 2371 autem
2603 2318 2893 2387 pradicato
2918 2322 3074 2377 nobis
3101 2324 3388 2393 Evangelio
3414 2327 3750 2382 consentire-

2166 2421 2305 2470 mus,
2333 2417 2576 2463 nostrum
2607 2425 2728 2466 esse
2751 2414 3047 2484 proprium,
3075 2427 3130 2471 et
3157 2417 3312 2472 nobis
3349 2433 3417 2474 ex
3456 2421 3610 2474 nobis
3633 2435 3754 2476 esse

2165 2499 2486 2556 arbitrabar.
2527 2502 2699 2571 Quem
2730 2520 2909 2559 meum
2938 2521 3176 2563 errorem
3215 2510 3470 2564 nonnulla
3498 2512 3753 2581 opuscula

2167 2605 2286 2646 mea
2317 2593 2449 2646 satis
2479 2593 2735 2659 indicant,
2764 2603 2892 2652 ante
2919 2598 3284 2668 episcopatum
3322 2616 3502 2655 meum
3534 2603 3750 2673 scripta.

2169 2682 2226 2738 ln
2254 2684 2446 2754 quibus
2466 2694 2549 2740 est
2569 2685 2696 2742 illud
2717 2688 2859 2758 quod
2883 2693 3344 2748 commemorastis
3364 2695 3416 2748 in
3441 2693 3636 2750 litteris
3663 2710 3754 2750 re-

2165 2776 2290 2828 stris
2309 2774 2399 2848 (In
2413 2775 2578 2847 Epist.
2597 2777 2810 2847 Hilarii,
2824 2796 2879 2834 η.
2892 2780 3139 2852 3,supra,
3159 2783 3258 2838 col.
3272 2783 3558 2854 955-956),
3573 2786 3661 2840 ubi
3679 2796 3754 2840 est

2168 2867 2432 2936 expositio
2451 2869 2801 2939 quarumdam
2831 2873 3253 2943 propositionum
3279 2889 3343 2930 ex
3375 2875 3617 2947 Epistula
3639 2892 3754 2946 qua

2166 2957 2337 3012 estad
2361 2958 2652 3015 Romanos.
2685 2960 2947 3032 Denique,
2973 2978 3094 3017 cum
3125 2979 3246 3019 mea
3279 2976 3473 3020 cuncta
3501 2967 3753 3036 Opuscula

2165 3058 2512 3106 retractarem
2532 3092 2547 3117 ,
2577 3067 2800 3123 eamque
2825 3055 3255 3111 retraetationem
3294 3057 3419 3112 stilo
3459 3073 3751 3129 proseque-

2165 3158 2257 3198 rer
2278 3185 2293 3210 ,
2319 3143 2474 3215 cujus
2502 3145 2682 3214 Operis
2701 3146 2812 3216 jam
2839 3146 2978 3202 duos
3007 3149 3342 3204 absolveram
3373 3151 3541 3205 libros
3562 3193 3577 3216 ,
3604 3162 3751 3207 ante-

2165 3247 2325 3304 quam
2352 3235 2550 3304 scripta
2576 3247 2754 3291 vestra
2783 3237 3071 3306 prolixiora
3109 3241 3458 3310 sumpsissem
3483 3284 3499 3308 ,
3530 3257 3651 3297 cum
3689 3241 3753 3296 ad

2167 3321 2309 3377 hunc
2335 3323 2527 3378 librum
2555 3327 2952 3381 retractandum
2984 3329 3036 3383 in
3069 3331 3241 3398 primo
3271 3331 3547 3388 volumine
3575 3349 3753 3402 perveo

2165 3414 2365 3470 nissem
2391 3456 2406 3480 ,
2438 3417 2517 3471 sic
2555 3417 2679 3472 inde
2718 3418 2926 3474 locutus
2956 3436 3072 3475 sum
3109 3439 3122 3475 :
3161 3441 3180 3474 ‹
3221 3421 3350 3478 Item
3379 3424 3663 3494 disputans
3685 3467 3699 3490 ,
3729 3445 3747 3478 ι

2167 3506 2381 3576 inquam
2408 3549 2424 3571 ,
2455 3526 2474 3559 ι
2511 3509 2637 3578 quid
2667 3509 2892 3581 elegerit
2933 3513 3068 3568 Deus
3108 3514 3160 3569 in
3201 3516 3438 3571 nondum
3473 3529 3598 3572 nato
3628 3561 3644 3585 ,
3672 3519 3751 3573 cui

2165 3594 2298 3650 dixit
2335 3597 2656 3653 serviturum
2701 3615 2822 3656 esse
2875 3603 3175 3672 majorem;
3215 3615 3270 3660 et
3306 3608 3432 3676 quid
3473 3609 3525 3663 in
3565 3609 3754 3664 eodem

2163 3686 2366 3755 majore
2405 3688 2649 3743 similiter
2685 3692 2920 3747 nondum
2949 3703 3073 3749 nato
3101 3697 3469 3766 reprobav‘erit
3497 3717 3511 3753 :
3542 3699 3611 3754 de
3637 3703 3753 3770 qui-

2169 3776 2268 3832 bus
2317 3787 2538 3848 propter
2592 3781 2696 3836 hoc
2745 3795 3241 3853 commemoratur,
3296 3792 3540 3860 quamvis
3593 3793 3754 3861 longe

2167 3879 2352 3937 pOSIea
2394 3871 2662 3938 prolatum
2687 3914 2702 3937 ,
2750 3875 3115 3946 prephcticnm
3157 3881 3545 3942 testimonium,
3585 3881 3750 3950 Iacob

2165 3957 2348 4024 dilexi,
2379 3958 2519 4013 Esau
2543 3971 2710 4015 autem
2743 3964 2859 4017 odio
2887 3967 3040 4019 habui
3069 3967 3245 4039 (Rom.
3271 3985 3342 4034 ιι,
3382 3971 3482 4034 15;
3516 3970 3749 4026 Maiae/1.

2164 4065 2199 4115 ι,
2233 4049 2325 4122 3);
2364 4051 2432 4106 ad
2468 4051 2568 4108 hoc
2598 4055 2818 4123 perduxi
2846 4059 3308 4116 ratiocinationem
3329 4102 3344 4128 ,
3374 4072 3434 4116 ut
3466 4062 3704 4118 dicerem
3736 4083 3750 4120 :

2161 4141 2278 4196 Non
2301 4158 2427 4214 ergo
2449 4145 2610 4215 elegit
2635 4147 2774 4201 Deus
2795 4163 2957 4218 opera
2977 4152 3293 4222 cujusquam
3317 4156 3365 4207 in
3390 4157 3750 4224 prmscientia,

2162 4248 2282 4302 qua:
2319 4233 2433 4303 ipse
2463 4235 2683 4289 daturus
2713 4249 2824 4303 est;
2860 4240 2952 4294 sed
2981 4242 3140 4296 ﬁdem
3176 4245 3340 4313 elegit
3381 4246 3432 4298 in
3461 4248 3752 4314 prmscien-

2165 4325 2256 4390 tia,
2279 4327 2958 4394 utquemsibicrediturum
2979 4347 3098 4387 esse
3126 4336 3410 4402 przcscivit,
3443 4337 3615 4404 ipsum
3646 4340 3754 4393 ele-

2161 4415 2300 4486 gerit
2319 4417 2362 4483 ',
2385 4418 2467 4470 cui
2489 4417 2744 4486 Spiritum
2765 4432 3004 4476 sanctum
3025 4423 3197 4490 daret,
3221 4436 3276 4479 ut
3300 4427 3438 4480 bona
3457 4430 3750 4495 operando,

2163 4508 2324 4562 etiam
2347 4518 2599 4563 mtcrnam
2624 4511 2783 4564 vitam
2805 4526 3244 4585 consequeretur.
3259 4518 3509 4574 Nondum
3528 4520 3753 4591 diligen-

2166 4597 2268 4652 tius
2296 4600 2644 4668 quaesiveram
2669 4643 2683 4666 ,
2727 4618 2828 4658 nec
2868 4606 3044 4662 adhuc
3082 4607 3427 4676 inveneram,
3472 4613 3648 4682 qualis
3688 4614 3753 4667 sit

2163 4690 2352 4744 electio
2381 4694 2592 4761 gratiae;
2620 4692 2688 4748 de
2717 4711 2816 4764 qua
2846 4696 2984 4752 idem
3011 4699 3136 4754 dicit
3159 4703 3437 4769 apostolus
3457 4746 3471 4770 ,
3503 4704 3753 4776 Reliquit:

2163 4800 2252 4852 per
2275 4782 2563 4838 electionem
2598 4787 2778 4857 gratia:
2807 4791 2961 4843 salva
2985 4791 3135 4860 factm
3169 4804 3285 4846 sunt
3321 4793 3498 4866 (Rom.
3533 4812 3620 4863 χι,
3654 4799 3706 4865 5)
3735 4815 3748 4850 :

2162 4888 2281 4942 quae
2313 4875 2494 4942 utique
2520 4891 2624 4929 non
2655 4886 2736 4932 est
2762 4881 2952 4948 gratia,
2984 4882 3029 4936 si
3058 4899 3176 4937 eam
3204 4889 3394 4940 merita
3416 4887 3523 4942 ulla
3554 4905 3752 4958 praece-

2162 4962 2288 5016 dant
2319 4980 2331 5014 :
2373 4980 2439 5018 ne
2471 4964 2578 5034 jam
2609 4968 2749 5036 quod
2780 4969 2971 5036 datur,
3007 4988 3110 5027 non
3155 4977 3450 5031 secundum
3487 4981 3748 5048 gratiam,

2163 5051 2259 5108 sed
2279 5054 2568 5108 secundum
2586 5055 2844 5125 debitum,
2867 5062 3122 5117 reddatur
3142 5066 3319 5134 potius
3341 5069 3571 5134 meritis,
3594 5089 3748 5142 quam

2163 5145 2410 5201 donetur.
2436 5148 2664 5204 Proinde
2684 5151 2826 5220 quod
2848 5155 3102 5210 continuo
3123 5157 3253 5224 dixi,
3281 5159 3418 5215 Dicit
3442 5163 3587 5218 enim
3615 5164 3746 5220 idem

2162 5240 2456 5307 apostolus,
2500 5238 2646 5294 Idem
2676 5241 2812 5298 Deus
2837 5246 2922 5315 qui
2959 5258 3200 5318 operatur
3230 5253 3405 5305 omnia
3443 5253 3496 5306 in
3522 5255 3750 5310 omnibus

2165 5328 2216 5399 (l
2238 5327 2355 5382 Cor.
2382 5345 2478 5394 xu,
2505 5331 2594 5400 6);
2623 5348 2882 5403 nusquam
2906 5349 3084 5393 autem
3110 5339 3312 5396 dictum
3338 5353 3441 5410 est,
3475 5346 3617 5401 Deus
3637 5362 3750 5401 cre-

2163 5421 2238 5474 dit
2259 5419 2435 5474 omnia
2458 5420 2511 5474 in
2532 5425 2779 5479 omnibus
2800 5445 2812 5480 :
2832 5443 2894 5482 ac
2909 5431 3103 5486 deinde
3124 5435 3395 5502 subjunxi,
3412 5436 3566 5504 Quod
3585 5455 3711 5508 ergo
3728 5439 3748 5470 '

2163 5511 2430 5566 credimus
2453 5553 2468 5579 ,
2499 5524 2737 5570 nostrum
2779 5528 2898 5586 est;
2938 5524 3076 5592 quod
3107 5537 3285 5581 autem
3331 5527 3529 5582 bonum
3561 5544 3748 5602 opera-

2162 5605 2460 5669 ntur,illius
2487 5618 2568 5659 εει
2594 5607 2683 5676 qui
2710 5610 3051 5671 credentibus
3075 5615 3164 5672 dat
3187 5617 3442 5689 Spiritum
3467 5633 3740 5690 sanctum;

2228 5715 2245 5781 ξ
2271 5713 2615 5781 Ebrulphensis
2637 5725 2738 5781 “5.,
2765 5721 2878 5773 sibi.

2227 5776 2247 5840 ξ
2275 5781 2323 5821 ιιι
2349 5776 2474 5837 Mss,
2493 5777 2706 5840 eligeret.

2229 5835 2250 5868 ³
2274 5845 2372 5884 Am.
2401 5835 2473 5887 Er.
2501 5835 2672 5890 ct'atss.
2719 5842 2860 5894 eiciar.
