4022 6496
267 383 367 442 965

266 490 498 568 profecto
533 503 641 544 non
678 486 912 543 dicerem
935 527 952 552 ,
995 485 1040 540 si
1076 484 1187 554 jam
1225 483 1418 538 scirem
1461 478 1624 535 etiam
1669 476 1838 546 ipsam

268 584 421 639 ﬁdem
450 582 586 636 inter
611 580 704 635 Dei
732 594 954 634 munera
991 577 1248 648 reperiri,
1275 590 1394 646 qua:
1421 573 1616 628 dantur
1655 571 1707 628 in
1745 584 1840 625 eo-

257 677 382 734 dem
408 673 626 746 Spiritu.
653 671 948 742 Utrumque
971 685 1099 741 ergo
1127 678 1368 724 nostrum
1395 675 1480 722 est
1511 671 1728 736 propter
1750 676 1842 716 ar-

266 767 474 822 bitrium
504 764 808 827 voluntatis,
839 772 894 817 et
918 771 1204 832 utrumque
1231 769 1407 814 tamen
1434 758 1616 812 datum
1647 762 1729 809 est
1749 767 1843 823 per

260 857 514 928 Spiritum
546 855 669 911 ﬁdei
717 863 773 911 et
815 853 1114 909 charitatis.
1143 852 1324 923 Neque
1352 851 1498 906 enim
1523 848 1638 904 sola
1667 845 1845 902 chari-

265 960 372 1014 tas,
401 949 494 1005 sed
513 991 528 1014 ,
557 949 695 1004 sicut
719 949 974 1018 scriptum
1003 953 1120 1010 est,
1153 944 1386 1000 Charitas
1407 959 1519 996 cum
1542 941 1644 1009 [ide
1671 957 1704 992 α
1734 938 1840 992 Deo

264 1039 420 1096 Patre
437 1049 484 1094 et
504 1039 724 1094 Domino
741 1038 868 1092 Jesu
891 1037 1090 1091 Christo
1115 1035 1327 1107 (Ephes.
1360 1049 1435 1095 γι,
1462 1030 1578 1104 2'5).
1609 1031 1675 1085 Et
1698 1027 1842 1098 quod

263 1131 422 1204 paulo
450 1139 569 1201 post
607 1130 735 1195 dixi,
777 1130 1027 1184 Nostrum
1055 1139 1139 1182 est
1163 1127 1304 1182 enim
1330 1124 1552 1179 credere
1585 1131 1640 1177 et
1668 1120 1838 1182 velle;

262 1221 404 1276 illius
431 1230 607 1274 autem
625 1262 643 1287 ,
669 1220 800 1275 dare
824 1218 1166 1274 credentibus
1206 1224 1262 1272 et
1290 1215 1588 1268 volentibus
1617 1212 1842 1266 faculta-

263 1321 366 1366 tem
395 1311 532 1366 bene
559 1310 815 1379 operandi
843 1325 936 1380 per
965 1309 1219 1378 Spiritum
1247 1313 1486 1360 sanctum
1509 1344 1525 1370 ,
1555 1317 1650 1372 per
1685 1315 1842 1372 quem

259 1401 488 1456 charims
531 1398 843 1453 dilIunditur
884 1399 936 1452 in
976 1397 1228 1452 cordibus
1274 1395 1503 1460 nostris,
1532 1407 1718 1446 verum
1761 1397 1846 1445 est

260 1491 470 1563 quidem
493 1531 508 1556 ,
543 1489 636 1544 sed
663 1489 850 1544 eadetu
882 1489 1064 1558 regula
1090 1503 1105 1554 ;
1137 1497 1192 1542 et
1221 1497 1504 1555 utrumque
1535 1483 1700 1552 ipsius
1729 1489 1842 1548 est,

260 1582 382 1651 quia
405 1581 519 1649 ipse
544 1590 808 1649 prteparat
829 1579 1186 1644 voluntatem;
1206 1587 1260 1632 et
1279 1586 1560 1646 tttrumque
1579 1583 1841 1635 nostrum,

257 1670 379 1740 quia
420 1687 526 1723 non
572 1669 631 1723 ﬁt
669 1669 768 1724 nisi
811 1669 1110 1724 volentibus
1144 1668 1317 1722 nobis.
1349 1669 1427 1721 Ac
1455 1681 1549 1735 per
1575 1663 1675 1719 hoc
1702 1663 1843 1734 quod

258 1763 416 1818 etiam
456 1771 644 1834 postea
683 1761 828 1827 dixi,
871 1761 1003 1831 Quia
1031 1776 1202 1831 neque
1231 1759 1365 1816 velle
1391 1773 1712 1828 possumus,
1743 1755 1844 1810 nisi

258 1869 511 1908 vocemur
545 1870 558 1906 :
597 1862 799 1908 etcum
833 1863 951 1922 post
982 1853 1314 1908 vocationem
1343 1850 1706 1912 voluerimus,
1739 1861 1846 1901 non

259 1946 453 2001 suﬂicit
474 1946 727 2000 voluntas
747 1955 950 2011 nostra,
980 1954 1036 2000 et
1060 1960 1250 2000 cursus
1275 1952 1474 2006 noster,
1503 1943 1604 1997 nisi
1635 1941 1774 1996 Deus
1791 1947 1847 1995 et

260 2037 400 2091 vires
420 2035 762 2091 currentibus
789 2035 1046 2106 praebeat,
1075 2045 1128 2089 et
1157 2034 1410 2105 perducat
1433 2047 1541 2102 quo
1571 2040 1758 2096 vocat;
1783 2045 1846 2084 ac

256 2128 449 2184 deinde
474 2128 726 2198 subjunxi
747 2170 763 2195 ,
795 2126 1132 2182 Manifestqu
1160 2136 1243 2181 est
1278 2139 1443 2194 ergo,
1473 2139 1580 2179 non
1620 2121 1847 2177 volentis

259 2234 430 2290 neque
460 2218 765 2286 currentis,
794 2218 888 2272 sed
927 2218 1232 2273 miserentis
1261 2216 1352 2270 Dei
1391 2229 1512 2270 esse
1554 2212 1729 2285 (Rom.
1769 2228 1844 2276 ts,

260 2310 347 2380 i6)
386 2310 530 2382 quod
573 2311 710 2365 bene
750 2325 1036 2379 operantur
1067 2326 1079 2362 :
1112 2308 1331 2362 omnino
1367 2306 1709 2361 verissimum
1741 2312 1846 2360 est.

257 2400 362 2456 Sed
393 2417 582 2472 parum
613 2401 680 2455 de
705 2400 817 2471 ipsa
845 2399 1122 2454 vocatione
1152 2397 1399 2460 disserui,
1426 2412 1545 2466 qua:
1570 2395 1630 2450 Iit
1657 2410 1852 2451 secun-

257 2491 382 2546 dum
412 2493 746 2562 propositum
780 2491 874 2546 Dei
908 2509 920 2544 :
951 2507 1056 2545 non
1093 2490 1234 2545 enim
1263 2489 1502 2543 omnium
1529 2488 1619 2557 qui
1649 2501 1849 2543 vocan-

254 2573 342 2637 tur
361 2583 483 2638 talis
507 2591 613 2645 est,
632 2582 724 2637 sed
748 2590 952 2636 tantum
975 2582 1290 2636 electorum.
1317 2579 1500 2648 Itaque
1523 2578 1663 2648 quod
1693 2577 1851 2648 paulo

257 2684 379 2745 post
404 2675 549 2739 dixi,
578 2673 728 2728 Sicut
757 2673 900 2729 enim
939 2673 991 2727 in
1035 2671 1116 2726 his
1155 2685 1290 2742 quos
1329 2671 1493 2738 elegit
1533 2670 1711 2724 Deus.
1744 2683 1852 2722 non

257 2781 444 2838 opera,
480 2765 578 2821 sed
605 2765 736 2821 lides
768 2765 981 2820 inchoat
1007 2763 1288 2828 meritum,
1326 2771 1383 2816 ut
1412 2777 1506 2830 per
1533 2775 1731 2816 munus
1757 2759 1851 2814 Dei

259 2857 396 2913 bene
429 2859 443 2889 ⁸
473 2865 803 2926 operentur;
833 2855 910 2909 sic
937 2855 989 2910 in
1019 2854 1103 2908 his
1126 2869 1260 2923 quos
1285 2850 1537 2918 damnat,
1567 2849 1854 2905 inﬁdelitas

259 2958 313 3002 et
338 2947 591 3018 impietas
613 2945 829 3001 inchoat
851 2960 1022 3016 pinna:
1043 2944 1317 3006 meritum,
1342 2950 1401 2997 ut
1424 2956 1519 3012 per
1541 2941 1711 3011 ipsam
1737 2954 1854 3009 pte-

258 3052 383 3090 nam
406 3037 572 3091 etiam
609 3035 749 3090 male
777 3043 1098 3106 operentur;
1129 3033 1408 3088 verissime
1434 3031 1580 3098 dixi,
1608 3029 1706 3086 sed
1734 3029 1855 3085 ﬁdei

260 3127 517 3182 meritum
560 3125 721 3180 etiam
765 3125 939 3195 ipsum
978 3139 1099 3179 esse
1143 3124 1344 3178 donum
1376 3122 1510 3188 Dei,
1539 3136 1640 3176 nec
1679 3119 1856 3190 putavi

258 3217 609 3288 qumrendum
639 3231 780 3281 esse,
811 3231 910 3271 nec
938 3214 1069 3269 dixi.
1103 3215 1171 3269 Et
1201 3215 1308 3268 alio
1337 3214 1454 3268 loco
1483 3231 1496 3266 :
1527 3211 1692 3282 Cujus
1713 3210 1858 3265 enim

259 3307 575 3371 miseretur,
600 3305 837 3376 inquam,
869 3304 996 3360 facit
1019 3321 1139 3359 eum
1167 3304 1306 3360 bene
1334 3303 1581 3375 operari;
1611 3310 1666 3357 et
1698 3316 1858 3372 quem

259 3397 494 3451 obdurat
516 3395 706 3468 (lbid.,
732 3396 842 3466 l8),
866 3397 1118 3466 relinquit
1137 3411 1259 3450 eum
1283 3404 1340 3448 ut
1361 3395 1498 3448 male
1520 3395 1539 3424 ¹
1567 3401 1858 3462 operetur:

263 3491 361 3545 sed
389 3499 448 3546 et
489 3489 578 3544 illa
619 3489 981 3544 misericordia
1011 3487 1334 3560 praecedenti
1373 3490 1564 3541 merito
1603 3486 1723 3541 lidei
1768 3487 1862 3541 tri-

263 3578 455 3634 buitur
480 3622 494 3645 ,
526 3590 582 3636 et
611 3579 710 3635 ista
737 3578 1018 3633 obduratio
1048 3576 1367 3647 praecedenti
1394 3575 1680 3645 iniquitati.
1708 3574 1860 3642 Quod

259 3672 484 3741 quidem
509 3686 692 3726 verum
716 3678 826 3735 est;
849 3669 940 3724 sed
964 3669 1138 3722 adhuc
1158 3667 1502 3737 quaerendum
1527 3674 1660 3729 erat,
1684 3675 1862 3720 utrum

257 3772 315 3818 et
341 3763 602 3817 meritum
632 3759 758 3815 Iidei
787 3760 856 3815 de
883 3758 1251 3813 misericordia
1279 3759 1370 3813 Dei
1400 3759 1577 3812 veniat
1604 3757 1656 3818 ³;
1683 3757 1733 3811 id
1756 3767 1859 3820 est,

261 3863 448 3905 utrum
483 3853 580 3905 ista
610 3850 976 3906 misericordia
1007 3850 1127 3905 ideo
1157 3849 1526 3904 tantummodo
1566 3850 1655 3901 liat
1686 3848 1737 3902 in
1769 3848 1865 3902 ho-

258 3945 411 3998 mine
431 3985 449 4010 ,
474 3943 597 4011 quia
625 3943 792 3996 ﬁdelis
811 3951 893 3996 est
911 3983 925 4005 ,
949 3957 1016 3995 an
1047 3942 1208 3996 etiam
1239 3941 1373 3996 facta
1400 3940 1580 4006 fuerit,
1607 3950 1663 3994 ut
1691 3939 1865 3994 Iidelis

257 4041 433 4086 esset.
461 4030 714 4098 Legimus
739 4033 882 4085 enim
909 4033 1119 4086 dicente
1148 4033 1428 4100 Apostolo,
1460 4032 1865 4086 Misericordiam

257 4131 570 4178 consecutus
594 4139 740 4186 sum,
769 4131 823 4174 ut
845 4123 1013 4191 fidelis
1043 4140 1200 4176 essent
1228 4121 1278 4193 (I
1307 4124 1422 4177 Cor.
1453 4140 1557 4186 vn,
1583 4124 1683 4193 25)
1715 4142 1727 4177 :
1757 4139 1862 4179 non

261 4217 335 4270 ait
362 4257 378 4281 ,
408 4214 536 4284 quia
567 4213 738 4268 fidelis
767 4229 934 4268 eram.
966 4213 1133 4268 Fideli
1165 4229 1292 4283 ergo
1320 4213 1476 4266 datur
1501 4214 1738 4284 quidem,
1773 4215 1865 4269 sed

261 4309 390 4362 data
423 4314 512 4361 est
539 4305 701 4361 etiam
730 4314 786 4359 ut
823 4314 967 4360 esset
997 4305 1186 4360 lidelis.
1219 4305 1538 4360 Rectissime
1560 4306 1735 4376 itaque
1759 4306 1867 4359 alio

261 4400 389 4455 loco
421 4401 476 4453 in
505 4399 695 4453 eodem
737 4399 875 4453 libro
912 4397 1054 4463 dixi,
1086 4396 1348 4466 Quoniam
1387 4400 1430 4451 si
1466 4414 1569 4452 non
1597 4414 1662 4451 ex
1693 4400 1870 4467 operi-

264 4493 405 4558 bus,
434 4491 528 4546 sed
563 4491 926 4546 misericordia
969 4492 1059 4545 Dei
1090 4500 1143 4544 et
1171 4506 1426 4544 vocantur
1465 4499 1522 4544 ut
1545 4490 1866 4556 credamus,

264 4593 321 4639 et
351 4583 704 4639 credentibus
733 4591 1016 4654 pnestatur
1041 4592 1098 4638 ut
1127 4583 1263 4637 bene
1293 4598 1601 4652 operemur,
1643 4598 1748 4636 non
1787 4590 1870 4636 est

265 4675 528 4746 gentibus
553 4675 650 4728 ista
687 4675 966 4729 invidenda
1005 4675 1393 4738 misericordia,
1422 4673 1666 4742 quamvis
1695 4673 1870 4726 minus

267 4768 344 4822 ibi
376 4767 670 4836 diligenter
704 4767 771 4821 de
814 4767 902 4820 illa
928 4807 943 4830 ,
976 4781 1095 4835 qua:
1135 4781 1228 4834 per
1266 4765 1358 4818 Dei
1401 4765 1730 4834 prepositum
1773 4764 1869 4829 lit,

269 4861 564 4916 vocatione
583 4859 918 4913 tractaverim
934 4876 951 4909 ι
973 4862 984 4917 (
1000 4857 1223 4910 Retract.
1241 4857 1330 4910 lib.
1346 4858 1367 4910 i
1382 4898 1397 4919 ,
1411 4874 1524 4926 cap.
1539 4857 1630 4921 25,
1649 4874 1702 4910 n.
1721 4857 1774 4916 5,
1789 4855 1843 4922 4)
1855 4894 1869 4908 .

344 4950 581 5006 CAPUT
618 4949 705 5004 IV.
733 4981 803 4990 —
831 4951 884 5005 8.
925 4948 1130 5003 Videtis
1159 4956 1305 5002 certe
1348 4947 1475 5016 quid
1526 4956 1647 5000 tunc
1673 4945 1742 5000 de
1771 4945 1873 5001 ﬁde

269 5051 442 5114 atque
469 5041 720 5112 operibus
745 5039 1062 5105 sentiebam,
1087 5037 1330 5107 quamvis
1358 5037 1424 5091 de
1449 5036 1871 5096 commendanda

270 5134 453 5205 gratia
491 5132 580 5185 Dei
611 5131 907 5185 laborarem
942 5149 954 5185 :
987 5131 1040 5185 in
1076 5144 1180 5199 qua
1215 5128 1478 5182 sententia
1511 5129 1642 5182 istos
1683 5126 1874 5181 fratres

271 5236 502 5283 nostros
523 5238 641 5277 esse
668 5237 809 5277 nunc
839 5221 1026 5286 video;
1061 5220 1182 5290 quia
1211 5234 1317 5274 non
1344 5219 1482 5273 sicut
1508 5218 1684 5288 legere
1707 5217 1874 5271 libros

272 5332 434 5373 meos
455 5355 473 5379 ,
503 5315 575 5368 ita
605 5313 768 5370 etiam
795 5313 848 5368 in
879 5313 957 5369 eis
985 5321 1306 5369 curaverunt
1347 5311 1610 5381 proiicere
1637 5325 1870 5366 mecum.

344 5496 363 5527 ι
394 5493 484 5540 llic
508 5499 605 5537 Am.
630 5495 704 5537 Er.
720 5494 771 5550 et
794 5486 1019 5550 plerique
1041 5494 1150 5535 Mss.
1171 5487 1415 5550 omittunt,
1441 5485 1573 5533 bene.

343 5557 366 5621 ξ
395 5563 503 5621 Ain.
520 5557 595 5621 Er.
623 5559 673 5599 et
691 5548 1064 5621 pleriquealss,
1085 5555 1140 5621 _u_t
1162 5548 1310 5621 mala.

345 5617 369 5650 ³
394 5616 474 5663 sic
495 5604 704 5662 \‘aticaui
747 5618 800 5660 et
820 5604 1058 5659 Gallicani
1085 5617 1190 5658 Mss.
1238 5611 1328 5658 hoc
1358 5608 1464 5657 loco
1482 5644 1496 5666 ,
1540 5614 1592 5656 et
1622 5604 1705 5666 lib.
1738 5605 1755 5655 I
1788 5613 1879 5656 tte-

275 5686 455 5734 tract.,
481 5687 584 5738 cap.
611 5673 689 5722 25.
717 5681 770 5738 _At
794 5673 1036 5738 editiones
1067 5681 1166 5719 Am.
1208 5680 1260 5721 et
1290 5677 1383 5738 Et},
1410 5665 1632 5738 meritum
1653 5665 1883 5738 fideimi-

276 5729 614 5790 sericordiam
639 5733 728 5784 Dei
757 5733 1034 5797 prwvcniat.
1059 5739 1189 5795 t.ov.,
1224 5733 1445 5783 merittuu
1475 5729 1592 5796 ﬁdei
1616 5729 1883 5782 adseritur-

280 5801 372 5854 ἄτα
400 5797 493 5850 Dei
509 5805 784 5860 praeveniat.

1114 368 1317 426 LIBER
1354 365 1444 422 DE
1481 357 2144 420 PILEDESTI‘NATIONE
2179 359 2582 434 SANCTORU‘:

3400 365 3508 423 966

1948 473 2080 528 Nam
2107 474 2152 529 si
2185 485 2482 542 curassent,
2510 475 2836 532 invenissent
2871 475 3025 532 istam
3055 478 3403 548 qtmstionem
3439 495 3524 536 se-

1946 564 2175 618 cundum
2212 566 2488 622 veritatem
2520 566 2821 622 divinarum
2861 566 3255 637 Scripturarum
3295 570 3524 626 solutam

1946 655 1998 711 in
2039 658 2211 728 primo
2253 658 2388 712 libro
2432 658 2704 726 duorum,
2749 674 2883 728 quos
2924 659 2990 714 ad
3034 661 3201 716 beata:
3245 664 3522 719 memorias

1945 749 2343 820 Simplicianum
2384 752 2572 818 scripsi
2612 752 2919 821 episcopum
2958 753 3369 809 Mediolancusis
3411 755 3523 808 Ee-

1945 839 2143 906 clesize,
2171 841 2340 896 sancti
2367 841 2628 895 Ambrosii
2657 857 3023 898 successorem
3047 884 3062 908 ,
3087 844 3138 897 in
3166 841 3284 913 ipso
3303 846 3528 900 exordio

1945 931 2279 999 episcopatus
2305 931 2429 985 mei.
2454 931 2564 985 Nisi
2607 931 2743 987 forte
2776 948 2882 986 non
2914 948 3006 988 eos
3038 942 3304 989 noverunt
3332 952 3345 990 :
3377 936 3528 1004 quod

1947 1025 1990 1078 si
2019 1025 2087 1078 ita
2115 1034 2232 1090 est,
2261 1023 2416 1079 facite
2443 1034 2498 1078 ut
2539 1027 2800 1080 noverint.
2845 1026 2923 1081 De
2960 1026 3063 1082 hoc
3097 1028 3268 1096 primo
3294 1029 3521 1083 duorum

1949 1114 2159 1168 illorum
2198 1115 2334 1169 libro
2360 1115 2410 1168 in
2439 1116 2673 1170 secundo
2700 1117 3155 1172 Retractationum
3186 1119 3415 1188 primum
3442 1120 3528 1174 lo-

1947 1213 2102 1259 cutus
2127 1220 2283 1270 sum;
2310 1206 2398 1276 qui
2425 1221 2605 1262 sermo
2644 1223 2793 1262 meus
2832 1209 2901 1262 ita
2932 1224 2990 1262 se
3029 1209 3188 1264 habet
3228 1226 3241 1262 :
3280 1227 3298 1260 ι
3337 1209 3525 1264 Libro-

1947 1313 2064 1351 rum
2089 1338 2105 1364 ,
2141 1315 2159 1349 ι
2195 1297 2408 1366 inquam
2434 1339 2448 1362 ,
2479 1317 2497 1350 ι
2531 1313 2664 1368 quos
2702 1300 2967 1353 elaboravi
3006 1301 3288 1369 episc0pus
3313 1341 3328 1366 ,
3363 1301 3524 1370 primi

1948 1388 2054 1442 duo
2101 1400 2224 1442 sunt
2265 1388 2332 1442 ad
2376 1387 2776 1458 Simplicianum
2826 1389 3080 1444 Ecclesia:
3117 1390 3528 1446 Mediolanensis

1948 1481 2239 1536 antistitem
2267 1522 2284 1549 ,
2328 1481 2417 1550 qui
2465 1481 2772 1535 beatissimo
2811 1483 3067 1536 successit
3096 1481 3380 1536 Ambrosio
3403 1523 3420 1549 ,
3461 1483 3531 1539 de

1949 1572 2174 1627 diversis
2201 1573 2606 1643 qumstionibus,
2635 1590 2856 1643 quarum
2879 1573 3012 1628 duas
3033 1590 3097 1628 ex
3119 1575 3354 1644 Epistola
3378 1574 3530 1629 Pauli

1947 1665 2177 1736 apostoli
2203 1665 2269 1720 ad
2309 1664 2580 1721 Romanos
2608 1667 2658 1720 in
2690 1668 2919 1738 primum
2951 1667 3144 1722 librum
3175 1669 3395 1722 contuli.
3427 1668 3534 1723 lla—

1949 1772 2068 1812 rum
2112 1757 2260 1828 prior
2297 1767 2380 1815 est
2414 1758 2482 1813 de
2523 1774 2589 1814 eo
2629 1759 2772 1828 quod
2811 1760 3066 1830 scriptum
3097 1770 3177 1815 est
3201 1803 3216 1827 ,
3254 1761 3389 1828 Quid
3413 1777 3534 1832 ergo

1950 1847 2212 1902 dicemus?
2231 1847 2342 1903 Lex
2364 1860 2617 1920 peccatum
2647 1851 2758 1905 est?
2785 1851 2959 1916 Absit;
2995 1866 3163 1921 usque
3190 1851 3256 1906 ad
3288 1849 3416 1906 illud
3441 1851 3534 1906 ubi

1949 1943 2024 1996 ait
2047 1985 2062 2010 ,
2094 1943 2219 2008 Quis
2247 1960 2327 1998 nte
2364 1945 2592 1998 liberabit
2617 1944 2680 1998 de
2703 1961 2915 2010 corpore
2941 1946 3114 1999 martis
3138 1946 3331 2015 hujus?
3358 1943 3537 1998 Gratia

1955 2032 2047 2086 Dei
2072 2049 2161 2101 per
2185 2033 2364 2087 Jesum
2391 2032 2646 2088 Christum
2676 2033 2952 2087 Dominum
2975 2045 3198 2088 nostrum
3227 2033 3401 2104 (Rom.
3425 2049 3496 2089 vn
3515 2073 3534 2099 ,

1952 2125 2134 2195 7-25).
2165 2125 2222 2179 In
2251 2139 2353 2196 qua
2384 2125 2469 2178 illa
2507 2125 2746 2196 Apostoli
2774 2125 2967 2191 verba,
3000 2125 3109 2179 Lex
3133 2127 3412 2197 spiritualis
3437 2135 3534 2195 est,

1952 2231 2043 2286 ego
2073 2225 2241 2268 autem
2277 2217 2498 2270 carnalis
2523 2233 2634 2270 sum
2666 2215 2830 2288 (Ibid.
2852 2257 2868 2281 ,
2902 2215 2990 2286 14)
3025 2233 3038 2269 :
3071 2226 3124 2270 et
3151 2226 3341 2272 cetera
3366 2257 3380 2283 ,
3412 2216 3536 2287 qui-

1953 2306 2054 2360 bus
2094 2321 2221 2360 caro
2261 2319 2446 2361 contra
2487 2307 2731 2374 spiritum
2774 2308 3062 2377 conﬂigere
3103 2309 3442 2374 ostenditur,
3470 2323 3538 2364 eo

1952 2395 2114 2451 modo
2141 2397 2386 2465 exposui,
2417 2405 2668 2467 tanquam
2695 2396 2857 2451 homo
2885 2397 3215 2452 describatur
3236 2399 3409 2454 adhuc
3437 2399 3539 2456 sub

1954 2485 2108 2557 lege,
2139 2486 2376 2540 nondum
2421 2487 2520 2541 sub
2566 2488 2733 2558 gratia
2777 2489 3116 2542 constitutus.
3166 2489 3346 2558 Longe
3392 2490 3539 2546 enim

1955 2589 2161 2652 postea,
2191 2580 2352 2634 etiam
2379 2579 2668 2649 Spiritualis
2695 2579 2926 2635 hominis
2959 2579 3034 2652 (et
3063 2581 3164 2635 hoc
3190 2581 3538 2654 probabilius)

1955 2688 2075 2730 esse
2102 2687 2258 2742 posse
2295 2673 2380 2726 illa
2409 2672 2569 2727 verba
2599 2672 2840 2742 cognovi.
2867 2673 3138 2727 Posterior
3164 2674 3214 2726 in
3243 2673 3344 2728 hoc
3371 2673 3543 2729 libero

1957 2763 2180 2835 quaestio
2199 2772 2281 2818 est
2302 2762 2370 2817 ab
2391 2778 2456 2818 eo
2480 2763 2600 2818 loco
2629 2763 2716 2817 ubi
2739 2763 2844 2826 ait,
2877 2761 2998 2816 Non
3027 2763 3192 2816 solum
3215 2773 3421 2830 autem,
3455 2765 3544 2818 sed

1957 2865 2004 2910 et
2028 2855 2247 2910 Rebecca
2271 2872 2335 2910 ea:
2354 2871 2453 2909 uno
2475 2855 2737 2909 concubitu
2760 2855 2946 2910 habens
2972 2853 3123 2909 Isaac
3151 2856 3312 2927 patris
3341 2856 3501 2909 nostri
3521 2871 3544 2910 :

1961 2961 2129 3016 usque
2153 2944 2220 3000 ad
2248 2944 2375 2999 illttd
2407 2945 2496 2999 ubi
2523 2946 2618 3010 ait,
2645 2944 2762 2999 Nisi
2784 2944 3034 2999 Dominus
3059 2944 3288 3000 Sabaoth
3314 2946 3547 3017 reliquis-

1960 3048 2032 3092 set
2072 3037 2215 3090 nobis
2253 3053 2419 3090 semen
2439 3077 2453 3101 ,
2485 3037 2614 3090 sicut
2654 3036 2881 3091 Sodoma
2911 3037 3033 3107 facti
3057 3053 3277 3091 essemus
3297 3079 3312 3103 ,
3340 3047 3386 3091 et
3415 3037 3546 3092 sicut

1963 3126 2246 3182 Gomorrha
2271 3124 2467 3180 similes
2489 3127 2761 3196 fuissemus
2814 3125 2922 3200 (Id.
2961 3143 3034 3194 Ix,
3067 3127 3275 3198 10-29).
3309 3127 3367 3182 In
3393 3129 3548 3198 cujus

1961 3216 2271 3289 quaestionis
2291 3215 2557 3271 solutione
2577 3215 2874 3270 laboratum
2904 3225 2987 3270 est
3015 3217 3030 3247 ⁸
3058 3217 3270 3286 quidem
3294 3232 3391 3287 pro
3413 3216 3549 3272 libro

1963 3307 2185 3362 arbitrio
2205 3306 2497 3361 voluntatis
2519 3305 2797 3371 humanae;
2825 3306 2918 3362 sed
2941 3306 3068 3360 vicit
3090 3307 3184 3361 Dei
3209 3307 3378 3377 gratia
3407 3325 3421 3361 :
3449 3323 3550 3364 nec

1966 3399 2066 3454 nisi
2090 3398 2156 3453 ad
2188 3397 2315 3453 illud
2346 3399 2516 3468 potuit
2545 3397 2831 3467 perveniri,
2865 3407 2920 3452 ut
2950 3398 3300 3467 liquidissima
3325 3400 3549 3454 veritate

1967 3490 2166 3545 dixisse
2195 3490 2522 3560 intelligatur
2545 3487 2862 3559 Apostolus,
2896 3488 3020 3556 Quis
3045 3489 3176 3541 enim
3201 3500 3247 3542 te
3271 3489 3552 3546 discernit?

1969 3581 2102 3647 Quid
2129 3591 2296 3634 autem
2324 3581 2474 3634 habes
2513 3581 2650 3650 quod
2678 3597 2779 3633 non
2818 3580 3099 3646 accepisti?
3127 3580 3188 3634 Si
3213 3591 3382 3634 autem
3406 3597 3551 3635 acce-

1967 3673 2103 3743 pisti,
2129 3672 2250 3741 quid
2270 3673 2505 3743 gloriaris
2529 3672 2673 3742 quasi
2699 3688 2799 3724 nun
2829 3672 3080 3740 acceperis
3109 3671 3163 3744 (I
3192 3671 3310 3726 Cor.
3344 3689 3417 3740 tv,
3453 3671 3552 3745 7)?

1968 3762 2122 3831 Quod
2149 3763 2334 3818 volens
2360 3763 2520 3816 etiam
2551 3770 2752 3832 martyr
2781 3761 3078 3833 Cyprianus
3103 3764 3384 3820 ostendere
3404 3807 3419 3827 ,
3453 3765 3556 3821 hoc

1969 3863 2139 3908 totum
2177 3855 2292 3924 ipso
2321 3855 2472 3909 titulo
2501 3854 2772 3920 definivit,
2803 3853 2990 3909 dicens
3017 3873 3031 3909 :
3066 3855 3120 3910 In
3152 3856 3297 3910 nullo
3321 3858 3557 3927 glorian-

1969 3945 2117 4011 dum,
2145 3947 2358 4018 quando
2379 3955 2614 4001 nostrum
2637 3947 2768 4001 nihil
2795 3947 2894 4002 sits
2916 3946 3163 4020 (Retract.
3183 3947 3272 4001 lib.
3289 3948 3344 4011 2,
3363 3965 3479 4018 cap.
3502 3950 3554 4012 I,

1971 4052 2022 4088 n.
2068 4037 2145 4106 l).
2209 4036 2349 4090 Ecce
2395 4053 2561 4106 quare
2627 4037 2736 4091 dixi
2790 4037 3064 4106 superius,
3112 4035 3214 4091 hoc
3257 4040 3554 4106 apestolico

1972 4129 2236 4197 pratcipue
2267 4128 2569 4182 testimonio
2607 4130 2764 4182 etiam
2818 4144 2904 4183 me
2952 4129 3123 4197 ipsum
3173 4130 3335 4184 fuisse
3369 4132 3555 4184 convio

1971 4229 2114 4272 ctum
2155 4234 2167 4270 :
2205 4233 2325 4273 cum
2365 4218 2432 4272 de
2474 4218 2573 4272 hac
2613 4233 2672 4273 re
2714 4219 2868 4272 aliter
2905 4234 3178 4288 saperem;
3221 4235 3378 4289 quam
3424 4223 3556 4278 mihi

1976 4311 2112 4364 Deus
2141 4310 2190 4363 in
2230 4310 2329 4364 hac
2351 4309 2648 4380 quaestione
2680 4309 2934 4364 solvenda
2956 4352 2970 4373 ,
3002 4325 3124 4364 cum
3153 4311 3218 4364 ad
3245 4311 3557 4383 episcopum

1974 4403 2375 4472 Simplicianmn
2399 4443 2414 4466 ,
2447 4404 2584 4456 sicut
2619 4402 2764 4466 dixi,
2812 4402 3142 4467 scriberem,
3173 4404 3428 4459 revelavit
3457 4409 3557 4476 (ιι),

1979 4495 2088 4549 Iloc
2111 4495 2268 4564 igitur
2289 4495 2526 4563 Apostoli
2551 4494 2934 4560 testimonium,
2959 4495 3047 4552 ubi
3072 4494 3138 4549 ad
3164 4497 3558 4565 reprimendam

1977 4584 2210 4638 hominis
2247 4583 2569 4637 inﬂationem
2595 4583 2762 4649 dixit,
2795 4583 2930 4650 Quid
2957 4585 3089 4638 enim
3115 4585 3265 4640 habes
3293 4587 3428 4658 quod
3458 4605 3559 4643 non

1976 4676 2244 4745 accepisti?
2268 4689 2374 4729 non
2401 4675 2528 4728 sinit
2552 4690 2870 4744 quemquam
2899 4675 3129 4730 ﬁdelium
3152 4676 3350 4742 dicere,
3379 4678 3560 4734 llabeo

1980 4767 2138 4823 ﬁdem
2186 4782 2343 4836 quam
2389 4783 2494 4820 non
2539 4766 2740 4836 accepi.
2794 4767 3119 4838 Deprimitur
3159 4771 3180 4800 '
3211 4770 3432 4825 omnino
3479 4773 3562 4828 his

1979 4859 2286 4930 apostolicis
2313 4857 2494 4911 Verbis
2533 4867 2640 4911 tota
2668 4858 2826 4926 hujus
2857 4859 3220 4926 responsionis
3244 4861 3426 4916 elatio.
3456 4863 3560 4920 Sed

1981 4969 2049 5008 ne
2091 4953 2192 5007 hoc
2227 4950 2441 5021 quidem
2489 4960 2661 5020 potest
2705 4951 2808 5005 dici
2853 4968 2867 5005 :
2905 4950 3159 5019 Quamvis
3194 4969 3299 5009 non
3339 4955 3564 5011 habeam

1984 5045 2274 5117 perfectam
2304 5044 2461 5098 ﬁdem
2483 5086 2498 5108 ,
2528 5043 2700 5098 habeo
2734 5054 2910 5098 tamen
2950 5044 3065 5113 eius
3095 5047 3303 5101 initium
3329 5089 3344 5114 ,
3377 5065 3483 5118 quo
3514 5051 3565 5103 in

1981 5137 2254 5192 Christum
2286 5136 2530 5205 primitus
2556 5133 2781 5189 credidi.
2812 5135 2942 5202 Quia
2971 5146 3024 5190 et
3055 5136 3141 5191 hic
3170 5139 3519 5208 respondetur
3550 5157 3564 5195 :

1989 5227 2126 5296 Quid
2159 5238 2326 5280 autem
2351 5226 2502 5279 habes
2528 5225 2662 5296 quod
2691 5242 2789 5278 non
2817 5227 3092 5297 accepisti?
3120 5227 3179 5282 Si
3208 5238 3374 5282 autem
3409 5238 3453 5284 et
3476 5247 3568 5284 ac-

1984 5321 2181 5393 cepisti,
2205 5319 2328 5391 quid
2345 5319 2580 5391 gloriaris
2600 5318 2745 5389 quasi
2769 5336 2870 5373 non
2891 5321 3140 5391 acceperis
3162 5320 3215 5391 (I
3235 5320 3352 5374 Cor.
3378 5337 3450 5389 tv,
3472 5321 3570 5393 7)?

2052 5480 2067 5511 ι
2094 5480 2166 5527 sic
2181 5484 2290 5526 Mss.
2308 5476 2444 5532 Editi.
2469 5475 2764 5528 elaboratum
2781 5484 2866 5528 est.

2049 5543 2068 5572 ²
2093 5541 2231 5597 aliti,
2248 5537 2636 5602 reprintiturque.
2663 5541 2828 5600 Abest,
2843 5553 2948 5602 que.
2973 5551 3000 5588 a
3017 5547 3120 5589 Mss.

2051 5599 2436 5675 (a)htte_velatum
2460 5600 2504 5648 id
2664 5614 2692 5672 _a
2730 5609 2826 5650 Deo
2856 5599 3004 5675 dicit;
3040 5603 3150 5675 quia
3175 5604 3490 5675 noningeniQ
3525 5611 3577 5655 et

1987 5662 2230 5726 sagaeitati
2275 5675 2408 5726 suae,
2449 5663 2536 5726 sed
2581 5662 2754 5711 divina:
2790 5665 2958 5726 gratia:
3001 5662 3236 5725 adiutorio
3268 5662 3577 5716 tribuendum

1988 5728 2157 5780 sontit,
2180 5725 2308 5786 quod
2344 5725 2434 5786 hoe
2464 5725 2617 5786 ipsum
2640 5725 2704 5771 de
2727 5737 2826 5786 qtto
2847 5725 2997 5786 aliter
3013 5726 3252 5786 sapiebat,
3275 5728 3578 5777 considerato

1991 5784 2224 5837 ges—aius
2249 5794 2324 5844 Αικ
2343 5785 2450 5834 stoli
2476 5784 2758 5834 testimonio
2773 5788 2964 5834 tandem
2991 5784 3307 5838 intellexerit.
