  <div class='ocr_page' id='page_1' title='image "/cluster/home/n/w/nwhite01/storage/ocr_20150623/44/hvd.32044015706336/489.png"; bbox 0 0 4022 6462; ppageno 0'>
   <div class='ocr_carea' id='block_1_1' title="bbox 530 361 636 420">
    <p class='ocr_par' dir='ltr' id='par_1_1' title="bbox 530 361 636 420">
     <span class='ocr_line' id='line_1_1' title="bbox 530 361 636 420; baseline -0.038 0"><span class='ocrx_word' id='word_1_1' title='bbox 530 361 636 420; x_wconf 72' lang='lat'><strong>967</strong></span> 
     </span>
    </p>
   </div>
   <div class='ocr_carea' id='block_1_2' title="bbox 585 490 2096 564">
    <p class='ocr_par' dir='ltr' id='par_1_2' title="bbox 585 490 2096 564">
     <span class='ocr_line' id='line_1_2' title="bbox 585 490 2096 564; baseline -0.008 -8"><span class='ocrx_word' id='word_1_2' title='bbox 585 497 814 556; x_wconf 82' lang='lat' dir='ltr'><strong>CAPUT</strong></span> <span class='ocrx_word' id='word_1_3' title='bbox 843 496 906 554; x_wconf 71' lang='grc' dir='ltr'><strong>ν.</strong></span> <span class='ocrx_word' id='word_1_4' title='bbox 932 495 1076 552; x_wconf 83' lang='grc'><strong>-9.</strong></span> <span class='ocrx_word' id='word_1_5' title='bbox 1106 494 1241 552; x_wconf 82' lang='lat' dir='ltr'><strong>Illud</strong></span> <span class='ocrx_word' id='word_1_6' title='bbox 1269 510 1397 550; x_wconf 88' lang='lat' dir='ltr'><strong>vero</strong></span> <span class='ocrx_word' id='word_1_7' title='bbox 1422 493 1564 564; x_wconf 86' lang='lat' dir='ltr'><strong>quod</strong></span> <span class='ocrx_word' id='word_1_8' title='bbox 1596 502 1802 564; x_wconf 86' lang='lat' dir='ltr'><strong>putant,</strong></span> <span class='ocrx_word' id='word_1_9' title='bbox 1843 511 1861 543; x_wconf 73' lang='grc' dir='ltr'>ί</span> <span class='ocrx_word' id='word_1_10' title='bbox 1901 491 1966 545; x_wconf 91' lang='lat' dir='ltr'><strong>dc</strong></span> <span class='ocrx_word' id='word_1_11' title='bbox 1997 490 2096 544; x_wconf 89' lang='lat' dir='ltr'><strong>hac</strong></span> 
     </span>
    </p>
   </div>
   <div class='ocr_carea' id='block_1_3' title="bbox 517 581 2095 658">
    <p class='ocr_par' dir='ltr' id='par_1_3' title="bbox 517 581 2095 658">
     <span class='ocr_line' id='line_1_3' title="bbox 517 581 2095 658; baseline -0.008 -12"><span class='ocrx_word' id='word_1_12' title='bbox 517 591 624 646; x_wconf 80' lang='lat' dir='ltr'><strong>ﬁde</strong></span> <span class='ocrx_word' id='word_1_13' title='bbox 650 591 768 645; x_wconf 90' lang='lat' dir='ltr'><strong>ideo</strong></span> <span class='ocrx_word' id='word_1_14' title='bbox 797 604 901 644; x_wconf 90' lang='lat' dir='ltr'><strong>non</strong></span> <span class='ocrx_word' id='word_1_15' title='bbox 943 603 1103 658; x_wconf 83' lang='lat' dir='ltr'><strong>posse</strong></span> <span class='ocrx_word' id='word_1_16' title='bbox 1131 587 1233 641; x_wconf 91' lang='lat' dir='ltr'><strong>dici</strong></span> <span class='ocrx_word' id='word_1_17' title='bbox 1259 628 1274 652; x_wconf 94' lang='lat'><strong>,</strong></span> <span class='ocrx_word' id='word_1_18' title='bbox 1309 585 1445 650; x_wconf 83' lang='lat' dir='ltr'><strong>Quid</strong></span> <span class='ocrx_word' id='word_1_19' title='bbox 1479 585 1611 638; x_wconf 85' lang='lat' dir='ltr'><strong>enim</strong></span> <span class='ocrx_word' id='word_1_20' title='bbox 1653 583 1802 639; x_wconf 86' lang='lat' dir='ltr'><strong>habes</strong></span> <span class='ocrx_word' id='word_1_21' title='bbox 1836 581 1969 650; x_wconf 86' lang='lat' dir='ltr'><strong>quod</strong></span> <span class='ocrx_word' id='word_1_22' title='bbox 1997 597 2095 634; x_wconf 87' lang='lat' dir='ltr'><strong>non</strong></span> 
     </span>
    </p>
   </div>
   <div class='ocr_carea' id='block_1_4' title="bbox 515 674 2092 751">
    <p class='ocr_par' dir='ltr' id='par_1_4' title="bbox 515 674 2092 751">
     <span class='ocr_line' id='line_1_4' title="bbox 515 674 2092 751; baseline -0.006 -16"><span class='ocrx_word' id='word_1_23' title='bbox 515 679 795 751; x_wconf 78' lang='lat' dir='ltr'><strong>accepisti?</strong></span> <span class='ocrx_word' id='word_1_24' title='bbox 838 680 960 750; x_wconf 88' lang='lat' dir='ltr'><strong>quia</strong></span> <span class='ocrx_word' id='word_1_25' title='bbox 1003 679 1056 733; x_wconf 92' lang='lat' dir='ltr'><strong>in</strong></span> <span class='ocrx_word' id='word_1_26' title='bbox 1086 677 1270 732; x_wconf 86' lang='lat' dir='ltr'><strong>eadem</strong></span> <span class='ocrx_word' id='word_1_27' title='bbox 1303 688 1488 731; x_wconf 90' lang='lat' dir='ltr'><strong>natura</strong></span> <span class='ocrx_word' id='word_1_28' title='bbox 1515 677 1806 738; x_wconf 74' lang='lat' dir='ltr'><strong>remansit,</strong></span> <span class='ocrx_word' id='word_1_29' title='bbox 1843 675 1981 728; x_wconf 86' lang='lat' dir='ltr'><strong>licet</strong></span> <span class='ocrx_word' id='word_1_30' title='bbox 2010 674 2092 725; x_wconf 90' lang='lat' dir='ltr'><strong>vi-</strong></span> 
     </span>
    </p>
   </div>
   <div class='ocr_carea' id='block_1_5' title="bbox 517 761 2100 840">
    <p class='ocr_par' dir='ltr' id='par_1_5' title="bbox 517 761 2100 840">
     <span class='ocr_line' id='line_1_5' title="bbox 517 761 2100 840; baseline -0.008 -14"><span class='ocrx_word' id='word_1_31' title='bbox 517 771 642 826; x_wconf 85' lang='lat' dir='ltr'><strong>tiata</strong></span> <span class='ocrx_word' id='word_1_32' title='bbox 667 812 682 836; x_wconf 98' lang='lat'><strong>,</strong></span> <span class='ocrx_word' id='word_1_33' title='bbox 710 787 827 840; x_wconf 64' lang='lat' dir='ltr'><strong>qua:</strong></span> <span class='ocrx_word' id='word_1_34' title='bbox 857 769 1005 840; x_wconf 92' lang='lat' dir='ltr'><strong>prius</strong></span> <span class='ocrx_word' id='word_1_35' title='bbox 1038 784 1164 824; x_wconf 89' lang='lat' dir='ltr'><strong>sana</strong></span> <span class='ocrx_word' id='word_1_36' title='bbox 1192 783 1254 823; x_wconf 87' lang='lat' dir='ltr'><strong>ac</strong></span> <span class='ocrx_word' id='word_1_37' title='bbox 1281 767 1508 837; x_wconf 84' lang='lat' dir='ltr'><strong>perlecta</strong></span> <span class='ocrx_word' id='word_1_38' title='bbox 1539 766 1728 821; x_wconf 89' lang='lat' dir='ltr'><strong>donata</strong></span> <span class='ocrx_word' id='word_1_39' title='bbox 1751 766 1819 819; x_wconf 90' lang='lat' dir='ltr'><strong>sit</strong></span> <span class='ocrx_word' id='word_1_40' title='bbox 1857 764 1943 833; x_wconf 89' lang='lat' dir='ltr'><strong>(ln</strong></span> <span class='ocrx_word' id='word_1_41' title='bbox 1972 761 2100 833; x_wconf 85' lang='lat' dir='ltr'><strong>Epi-</strong></span> 
     </span>
    </p>
   </div>
   <div class='ocr_carea' id='block_1_6' title="bbox 513 853 2089 930">
    <p class='ocr_par' dir='ltr' id='par_1_6' title="bbox 513 853 2089 930">
     <span class='ocr_line' id='line_1_6' title="bbox 513 853 2089 930; baseline -0.005 -14"><span class='ocrx_word' id='word_1_42' title='bbox 513 863 644 917; x_wconf 82' lang='lat' dir='ltr'><strong>stola</strong></span> <span class='ocrx_word' id='word_1_43' title='bbox 665 861 871 924; x_wconf 81' lang='lat' dir='ltr'><strong>Hilarii,</strong></span> <span class='ocrx_word' id='word_1_44' title='bbox 888 879 940 914; x_wconf 81' lang='grc' dir='ltr'><strong>η.</strong></span> <span class='ocrx_word' id='word_1_45' title='bbox 958 862 1196 930; x_wconf 72' lang='grc' dir='ltr'><strong>4,ειιρτα,</strong></span> <span class='ocrx_word' id='word_1_46' title='bbox 1214 860 1314 914; x_wconf 87' lang='lat' dir='ltr'><strong>col.</strong></span> <span class='ocrx_word' id='word_1_47' title='bbox 1331 859 1588 927; x_wconf 79' lang='lat'><strong>955-956)</strong></span> <span class='ocrx_word' id='word_1_48' title='bbox 1612 875 1626 913; x_wconf 90' lang='lat'><strong>:</strong></span> <span class='ocrx_word' id='word_1_49' title='bbox 1648 857 1775 911; x_wconf 88' lang='lat' dir='ltr'><strong>nihil</strong></span> <span class='ocrx_word' id='word_1_50' title='bbox 1792 856 1856 909; x_wconf 89' lang='lat' dir='ltr'><strong>ad</strong></span> <span class='ocrx_word' id='word_1_51' title='bbox 1883 855 1930 908; x_wconf 92' lang='lat' dir='ltr'><strong>id</strong></span> <span class='ocrx_word' id='word_1_52' title='bbox 1947 853 2089 925; x_wconf 88' lang='lat' dir='ltr'><strong>quod</strong></span> 
     </span>
    </p>
   </div>
   <div class='ocr_carea' id='block_1_7' title="bbox 511 946 2102 1022">
    <p class='ocr_par' dir='ltr' id='par_1_7' title="bbox 511 946 2102 1022">
     <span class='ocr_line' id='line_1_7' title="bbox 511 946 2102 1022; baseline -0.007 -13"><span class='ocrx_word' id='word_1_53' title='bbox 511 954 700 1009; x_wconf 88' lang='lat' dir='ltr'><strong>volunt</strong></span> <span class='ocrx_word' id='word_1_54' title='bbox 721 954 898 1007; x_wconf 89' lang='lat' dir='ltr'><strong>valere</strong></span> <span class='ocrx_word' id='word_1_55' title='bbox 928 953 1252 1022; x_wconf 71' lang='lat' dir='ltr'><strong>intelligitur,</strong></span> <span class='ocrx_word' id='word_1_56' title='bbox 1283 951 1328 1005; x_wconf 87' lang='lat' dir='ltr'><strong>si</strong></span> <span class='ocrx_word' id='word_1_57' title='bbox 1349 966 1445 1006; x_wconf 91' lang='lat' dir='ltr'><strong>cur</strong></span> <span class='ocrx_word' id='word_1_58' title='bbox 1467 949 1568 1004; x_wconf 87' lang='lat' dir='ltr'><strong>hoc</strong></span> <span class='ocrx_word' id='word_1_59' title='bbox 1592 950 1876 1018; x_wconf 77' lang='lat' dir='ltr'><strong>Apostolus</strong></span> <span class='ocrx_word' id='word_1_60' title='bbox 1905 946 2102 999; x_wconf 80' lang='lat' dir='ltr'><strong>dixerit</strong></span> 
     </span>
    </p>
   </div>
   <div class='ocr_carea' id='block_1_8' title="bbox 513 1036 2096 1115">
    <p class='ocr_par' dir='ltr' id='par_1_8' title="bbox 513 1036 2096 1115">
     <span class='ocr_line' id='line_1_8' title="bbox 513 1036 2096 1115; baseline -0.007 -16"><span class='ocrx_word' id='word_1_61' title='bbox 513 1045 797 1115; x_wconf 74' lang='lat' dir='ltr'><strong>cogitetur.</strong></span> <span class='ocrx_word' id='word_1_62' title='bbox 851 1043 1053 1112; x_wconf 80' lang='lat' dir='ltr'><strong>Agebat</strong></span> <span class='ocrx_word' id='word_1_63' title='bbox 1092 1042 1266 1106; x_wconf 89' lang='lat' dir='ltr'><strong>enim,</strong></span> <span class='ocrx_word' id='word_1_64' title='bbox 1297 1058 1363 1096; x_wconf 90' lang='lat' dir='ltr'><strong>ne</strong></span> <span class='ocrx_word' id='word_1_65' title='bbox 1392 1039 1669 1111; x_wconf 80' lang='lat' dir='ltr'><strong>quisquam</strong></span> <span class='ocrx_word' id='word_1_66' title='bbox 1698 1039 2018 1107; x_wconf 75' lang='lat' dir='ltr'><strong>gloriaretur</strong></span> <span class='ocrx_word' id='word_1_67' title='bbox 2044 1036 2096 1088; x_wconf 91' lang='lat' dir='ltr'><strong>in</strong></span> 
     </span>
    </p>
   </div>
   <div class='ocr_carea' id='block_1_9' title="bbox 513 1127 2100 1203">
    <p class='ocr_par' dir='ltr' id='par_1_9' title="bbox 513 1127 2100 1203">
     <span class='ocr_line' id='line_1_9' title="bbox 513 1127 2100 1203; baseline -0.006 -14"><span class='ocrx_word' id='word_1_68' title='bbox 513 1134 760 1198; x_wconf 86' lang='lat' dir='ltr'><strong>homine;</strong></span> <span class='ocrx_word' id='word_1_69' title='bbox 809 1135 1057 1203; x_wconf 87' lang='lat' dir='ltr'><strong>quoniam</strong></span> <span class='ocrx_word' id='word_1_70' title='bbox 1100 1132 1460 1186; x_wconf 88' lang='lat' dir='ltr'><strong>dissensiones</strong></span> <span class='ocrx_word' id='word_1_71' title='bbox 1486 1139 1684 1184; x_wconf 71' lang='lat' dir='ltr'><strong>exorta:</strong></span> <span class='ocrx_word' id='word_1_72' title='bbox 1723 1127 1934 1182; x_wconf 77' lang='lat' dir='ltr'><strong>fuerant</strong></span> <span class='ocrx_word' id='word_1_73' title='bbox 1961 1128 2100 1181; x_wconf 89' lang='lat' dir='ltr'><strong>inter</strong></span> 
     </span>
    </p>
   </div>
   <div class='ocr_carea' id='block_1_10' title="bbox 510 1217 2094 1290">
    <p class='ocr_par' dir='ltr' id='par_1_10' title="bbox 510 1217 2094 1290">
     <span class='ocr_line' id='line_1_10' title="bbox 510 1217 2094 1290; baseline -0.004 -12"><span class='ocrx_word' id='word_1_74' title='bbox 510 1223 819 1278; x_wconf 89' lang='lat' dir='ltr'><strong>Corinthios</strong></span> <span class='ocrx_word' id='word_1_75' title='bbox 858 1224 1208 1287; x_wconf 80' lang='lat' dir='ltr'><strong>christianos,</strong></span> <span class='ocrx_word' id='word_1_76' title='bbox 1256 1225 1327 1276; x_wconf 90' lang='lat' dir='ltr'><strong>ita</strong></span> <span class='ocrx_word' id='word_1_77' title='bbox 1373 1230 1435 1276; x_wconf 91' lang='lat' dir='ltr'><strong>ut</strong></span> <span class='ocrx_word' id='word_1_78' title='bbox 1473 1220 1837 1290; x_wconf 86' lang='lat' dir='ltr'><strong>unusquisque</strong></span> <span class='ocrx_word' id='word_1_79' title='bbox 1871 1217 2094 1286; x_wconf 84' lang='lat' dir='ltr'><strong>diceret,</strong></span> 
     </span>
    </p>
   </div>
   <div class='ocr_carea' id='block_1_11' title="bbox 512 1309 2097 1384">
    <p class='ocr_par' dir='ltr' id='par_1_11' title="bbox 512 1309 2097 1384">
     <span class='ocr_line' id='line_1_11' title="bbox 512 1309 2097 1384; baseline -0.004 -16"><span class='ocrx_word' id='word_1_80' title='bbox 512 1313 626 1384; x_wconf 83' lang='lat' dir='ltr'><strong>Ego</strong></span> <span class='ocrx_word' id='word_1_81' title='bbox 655 1315 855 1384; x_wconf 80' lang='lat' dir='ltr'><strong>quidem</strong></span> <span class='ocrx_word' id='word_1_82' title='bbox 902 1330 1012 1367; x_wconf 85' lang='lat' dir='ltr'><strong>sunt</strong></span> <span class='ocrx_word' id='word_1_83' title='bbox 1061 1311 1256 1376; x_wconf 82' lang='lat' dir='ltr'><strong>Pauli;</strong></span> <span class='ocrx_word' id='word_1_84' title='bbox 1299 1313 1429 1365; x_wconf 80' lang='lat' dir='ltr'><strong>alius</strong></span> <span class='ocrx_word' id='word_1_85' title='bbox 1470 1321 1673 1375; x_wconf 80' lang='lat' dir='ltr'><strong>autent,</strong></span> <span class='ocrx_word' id='word_1_86' title='bbox 1718 1309 1827 1380; x_wconf 82' lang='lat' dir='ltr'><strong>Ego</strong></span> <span class='ocrx_word' id='word_1_87' title='bbox 1871 1309 2097 1380; x_wconf 81' lang='lat' dir='ltr'><strong>Apollo;</strong></span> 
     </span>
    </p>
   </div>
   <div class='ocr_carea' id='block_1_12' title="bbox 510 1399 2095 1474">
    <p class='ocr_par' dir='ltr' id='par_1_12' title="bbox 510 1399 2095 1474">
     <span class='ocr_line' id='line_1_12' title="bbox 510 1399 2095 1474; baseline -0.003 -17"><span class='ocrx_word' id='word_1_88' title='bbox 510 1407 643 1457; x_wconf 85' lang='lat' dir='ltr'><strong>alius</strong></span> <span class='ocrx_word' id='word_1_89' title='bbox 683 1422 831 1467; x_wconf 85' lang='lat' dir='ltr'><strong>vero,</strong></span> <span class='ocrx_word' id='word_1_90' title='bbox 882 1404 993 1474; x_wconf 83' lang='lat' dir='ltr'><strong>Ego</strong></span> <span class='ocrx_word' id='word_1_91' title='bbox 1022 1405 1206 1474; x_wconf 73' lang='lat' dir='ltr'><strong>(Iephte</strong></span> <span class='ocrx_word' id='word_1_92' title='bbox 1232 1420 1249 1457; x_wconf 96' lang='lat'><strong><em>:</em></strong></span> <span class='ocrx_word' id='word_1_93' title='bbox 1280 1413 1333 1457; x_wconf 77' lang='lat' dir='ltr'><strong>et</strong></span> <span class='ocrx_word' id='word_1_94' title='bbox 1363 1403 1485 1457; x_wconf 90' lang='lat' dir='ltr'><strong>inde</strong></span> <span class='ocrx_word' id='word_1_95' title='bbox 1520 1413 1738 1457; x_wconf 88' lang='lat' dir='ltr'><strong>ventum</strong></span> <span class='ocrx_word' id='word_1_96' title='bbox 1771 1409 1853 1456; x_wconf 89' lang='lat' dir='ltr'><strong>est</strong></span> <span class='ocrx_word' id='word_1_97' title='bbox 1876 1443 1891 1467; x_wconf 92' lang='lat'><strong>,</strong></span> <span class='ocrx_word' id='word_1_98' title='bbox 1931 1409 1988 1454; x_wconf 92' lang='lat' dir='ltr'><strong>ut</strong></span> <span class='ocrx_word' id='word_1_99' title='bbox 2011 1399 2095 1454; x_wconf 87' lang='lat' dir='ltr'><strong>di-</strong></span> 
     </span>
    </p>
   </div>
   <div class='ocr_carea' id='block_1_13' title="bbox 511 1490 2098 1563">
    <p class='ocr_par' dir='ltr' id='par_1_13' title="bbox 511 1490 2098 1563">
     <span class='ocr_line' id='line_1_13' title="bbox 511 1490 2098 1563; baseline -0.003 -14"><span class='ocrx_word' id='word_1_100' title='bbox 511 1505 688 1558; x_wconf 87' lang='lat' dir='ltr'><strong>ceret,</strong></span> <span class='ocrx_word' id='word_1_101' title='bbox 721 1495 891 1549; x_wconf 86' lang='lat' dir='ltr'><strong>Stulta</strong></span> <span class='ocrx_word' id='word_1_102' title='bbox 919 1495 1091 1547; x_wconf 89' lang='lat' dir='ltr'><strong>mundi</strong></span> <span class='ocrx_word' id='word_1_103' title='bbox 1117 1494 1264 1562; x_wconf 87' lang='lat' dir='ltr'><strong>elegit</strong></span> <span class='ocrx_word' id='word_1_104' title='bbox 1293 1493 1428 1546; x_wconf 83' lang='lat' dir='ltr'><strong>Deus</strong></span> <span class='ocrx_word' id='word_1_105' title='bbox 1450 1534 1466 1558; x_wconf 97' lang='lat'><strong>,</strong></span> <span class='ocrx_word' id='word_1_106' title='bbox 1509 1501 1564 1545; x_wconf 90' lang='lat' dir='ltr'><strong>ut</strong></span> <span class='ocrx_word' id='word_1_107' title='bbox 1589 1490 1866 1563; x_wconf 71' lang='lat' dir='ltr'><strong>confundat</strong></span> <span class='ocrx_word' id='word_1_108' title='bbox 1895 1491 2098 1558; x_wconf 84' lang='lat' dir='ltr'><strong>sapien-</strong></span> 
     </span>
    </p>
   </div>
   <div class='ocr_carea' id='block_1_14' title="bbox 513 1580 2095 1654">
    <p class='ocr_par' dir='ltr' id='par_1_14' title="bbox 513 1580 2095 1654">
     <span class='ocr_line' id='line_1_14' title="bbox 513 1580 2095 1654; baseline -0.002 -18"><span class='ocrx_word' id='word_1_109' title='bbox 513 1595 620 1649; x_wconf 89' lang='lat' dir='ltr'><strong>tes;</strong></span> <span class='ocrx_word' id='word_1_110' title='bbox 646 1595 692 1638; x_wconf 86' lang='lat' dir='ltr'><strong>et</strong></span> <span class='ocrx_word' id='word_1_111' title='bbox 716 1585 923 1651; x_wconf 80' lang='lat' dir='ltr'><strong>inﬁrma</strong></span> <span class='ocrx_word' id='word_1_112' title='bbox 956 1585 1134 1637; x_wconf 88' lang='lat' dir='ltr'><strong>mundi</strong></span> <span class='ocrx_word' id='word_1_113' title='bbox 1157 1582 1305 1654; x_wconf 80' lang='lat' dir='ltr'><strong>elegit</strong></span> <span class='ocrx_word' id='word_1_114' title='bbox 1331 1582 1472 1637; x_wconf 90' lang='lat' dir='ltr'><strong>Deus</strong></span> <span class='ocrx_word' id='word_1_115' title='bbox 1489 1625 1503 1645; x_wconf 88' lang='lat'><strong>,</strong></span> <span class='ocrx_word' id='word_1_116' title='bbox 1531 1592 1586 1635; x_wconf 90' lang='lat' dir='ltr'><strong>ut</strong></span> <span class='ocrx_word' id='word_1_117' title='bbox 1607 1581 1884 1651; x_wconf 83' lang='lat' dir='ltr'><strong>confundat</strong></span> <span class='ocrx_word' id='word_1_118' title='bbox 1910 1580 2095 1650; x_wconf 75' lang='lat' dir='ltr'><strong>fortia;</strong></span> 
     </span>
    </p>
   </div>
   <div class='ocr_carea' id='block_1_15' title="bbox 510 1671 2098 1746">
    <p class='ocr_par' dir='ltr' id='par_1_15' title="bbox 510 1671 2098 1746">
     <span class='ocr_line' id='line_1_15' title="bbox 510 1671 2098 1746; baseline -0.002 -18"><span class='ocrx_word' id='word_1_119' title='bbox 510 1685 558 1728; x_wconf 90' lang='lat' dir='ltr'><strong>et</strong></span> <span class='ocrx_word' id='word_1_120' title='bbox 595 1676 838 1746; x_wconf 77' lang='lat' dir='ltr'><strong>ignobilia</strong></span> <span class='ocrx_word' id='word_1_121' title='bbox 873 1676 1051 1728; x_wconf 88' lang='lat' dir='ltr'><strong>mundi</strong></span> <span class='ocrx_word' id='word_1_122' title='bbox 1079 1684 1127 1728; x_wconf 89' lang='lat' dir='ltr'><strong>et</strong></span> <span class='ocrx_word' id='word_1_123' title='bbox 1161 1674 1552 1745; x_wconf 80' lang='lat' dir='ltr'><strong>contemptibilia</strong></span> <span class='ocrx_word' id='word_1_124' title='bbox 1589 1673 1738 1744; x_wconf 83' lang='lat' dir='ltr'><strong>elegit</strong></span> <span class='ocrx_word' id='word_1_125' title='bbox 1768 1671 1926 1736; x_wconf 92' lang='lat' dir='ltr'><strong>Deus,</strong></span> <span class='ocrx_word' id='word_1_126' title='bbox 1959 1681 2004 1727; x_wconf 90' lang='lat' dir='ltr'><strong>et</strong></span> <span class='ocrx_word' id='word_1_127' title='bbox 2039 1689 2098 1726; x_wconf 85' lang='lat' dir='ltr'><strong>ea</strong></span> 
     </span>
    </p>
   </div>
   <div class='ocr_carea' id='block_1_16' title="bbox 509 1766 2097 1835">
    <p class='ocr_par' dir='ltr' id='par_1_16' title="bbox 509 1766 2097 1835">
     <span class='ocr_line' id='line_1_16' title="bbox 509 1766 2097 1835; baseline -0.001 -17"><span class='ocrx_word' id='word_1_128' title='bbox 509 1782 624 1834; x_wconf 66' lang='lat' dir='ltr'><strong>quia</strong></span> <span class='ocrx_word' id='word_1_129' title='bbox 663 1783 764 1820; x_wconf 86' lang='lat' dir='ltr'><strong>non</strong></span> <span class='ocrx_word' id='word_1_130' title='bbox 797 1777 912 1822; x_wconf 87' lang='lat' dir='ltr'><strong>sunt</strong></span> <span class='ocrx_word' id='word_1_131' title='bbox 953 1778 1191 1835; x_wconf 86' lang='lat' dir='ltr'><strong>tanquam</strong></span> <span class='ocrx_word' id='word_1_132' title='bbox 1222 1766 1356 1828; x_wconf 71' lang='lat' dir='ltr'><strong>sint,</strong></span> <span class='ocrx_word' id='word_1_133' title='bbox 1395 1773 1447 1818; x_wconf 92' lang='lat' dir='ltr'><strong>ut</strong></span> <span class='ocrx_word' id='word_1_134' title='bbox 1472 1779 1584 1835; x_wconf 76' lang='lat' dir='ltr'><strong>qua:</strong></span> <span class='ocrx_word' id='word_1_135' title='bbox 1619 1773 1735 1818; x_wconf 90' lang='lat' dir='ltr'><strong>sunt</strong></span> <span class='ocrx_word' id='word_1_136' title='bbox 1760 1773 2000 1826; x_wconf 79' lang='lat' dir='ltr'><strong>evacuet,‘</strong></span> <span class='ocrx_word' id='word_1_137' title='bbox 2044 1774 2097 1816; x_wconf 88' lang='lat' dir='ltr'><strong>ut</strong></span> 
     </span>
    </p>
   </div>
   <div class='ocr_carea' id='block_1_17' title="bbox 512 1856 2095 1930">
    <p class='ocr_par' dir='ltr' id='par_1_17' title="bbox 512 1856 2095 1930">
     <span class='ocr_line' id='line_1_17' title="bbox 512 1856 2095 1930; baseline 0 -21"><span class='ocrx_word' id='word_1_138' title='bbox 512 1873 613 1910; x_wconf 87' lang='lat' dir='ltr'><strong>non</strong></span> <span class='ocrx_word' id='word_1_139' title='bbox 651 1858 891 1930; x_wconf 87' lang='lat' dir='ltr'><strong>glorietur</strong></span> <span class='ocrx_word' id='word_1_140' title='bbox 921 1874 1090 1912; x_wconf 90' lang='lat' dir='ltr'><strong>coram</strong></span> <span class='ocrx_word' id='word_1_141' title='bbox 1122 1856 1228 1911; x_wconf 92' lang='lat' dir='ltr'><strong>Deo</strong></span> <span class='ocrx_word' id='word_1_142' title='bbox 1255 1858 1416 1912; x_wconf 86' lang='lat' dir='ltr'><strong>omnis</strong></span> <span class='ocrx_word' id='word_1_143' title='bbox 1442 1874 1580 1911; x_wconf 90' lang='lat' dir='ltr'><strong>caro.</strong></span> <span class='ocrx_word' id='word_1_144' title='bbox 1619 1856 1716 1911; x_wconf 79' lang='lat' dir='ltr'><strong>Hic</strong></span> <span class='ocrx_word' id='word_1_145' title='bbox 1740 1865 1885 1911; x_wconf 89' lang='lat' dir='ltr'><strong>certe</strong></span> <span class='ocrx_word' id='word_1_146' title='bbox 1911 1864 2095 1911; x_wconf 90' lang='lat' dir='ltr'><strong>contra</strong></span> 
     </span>
    </p>
   </div>
   <div class='ocr_carea' id='block_1_18' title="bbox 515 1949 2095 2022">
    <p class='ocr_par' dir='ltr' id='par_1_18' title="bbox 515 1949 2095 2022">
     <span class='ocr_line' id='line_1_18' title="bbox 515 1949 2095 2022; baseline -0.002 -19"><span class='ocrx_word' id='word_1_147' title='bbox 515 1950 801 2006; x_wconf 86' lang='lat' dir='ltr'><strong>humanam</strong></span> <span class='ocrx_word' id='word_1_148' title='bbox 827 1952 1126 2022; x_wconf 84' lang='lat' dir='ltr'><strong>superbiam</strong></span> <span class='ocrx_word' id='word_1_149' title='bbox 1150 1952 1280 2007; x_wconf 83' lang='lat' dir='ltr'><strong>satis</strong></span> <span class='ocrx_word' id='word_1_150' title='bbox 1306 1951 1446 2004; x_wconf 88' lang='lat' dir='ltr'><strong>clara</strong></span> <span class='ocrx_word' id='word_1_151' title='bbox 1474 1959 1557 2005; x_wconf 91' lang='lat' dir='ltr'><strong>est</strong></span> <span class='ocrx_word' id='word_1_152' title='bbox 1585 1951 1822 2020; x_wconf 81' lang='lat' dir='ltr'><strong>Apostoli</strong></span> <span class='ocrx_word' id='word_1_153' title='bbox 1849 1949 2095 2015; x_wconf 90' lang='lat' dir='ltr'><strong>intentio,</strong></span> 
     </span>
    </p>
   </div>
   <div class='ocr_carea' id='block_1_19' title="bbox 509 2041 2095 2112">
    <p class='ocr_par' dir='ltr' id='par_1_19' title="bbox 509 2041 2095 2112">
     <span class='ocr_line' id='line_1_19' title="bbox 509 2041 2095 2112; baseline -0.003 -12"><span class='ocrx_word' id='word_1_154' title='bbox 509 2061 579 2100; x_wconf 88' lang='lat' dir='ltr'><strong>ne</strong></span> <span class='ocrx_word' id='word_1_155' title='bbox 607 2045 656 2098; x_wconf 90' lang='lat' dir='ltr'><strong>in</strong></span> <span class='ocrx_word' id='word_1_156' title='bbox 685 2043 902 2097; x_wconf 89' lang='lat' dir='ltr'><strong>homine</strong></span> <span class='ocrx_word' id='word_1_157' title='bbox 942 2044 1225 2112; x_wconf 89' lang='lat' dir='ltr'><strong>quisquam</strong></span> <span class='ocrx_word' id='word_1_158' title='bbox 1256 2042 1548 2110; x_wconf 76' lang='lat' dir='ltr'><strong>glorietur,</strong></span> <span class='ocrx_word' id='word_1_159' title='bbox 1581 2056 1643 2095; x_wconf 91' lang='lat' dir='ltr'><strong>ac</strong></span> <span class='ocrx_word' id='word_1_160' title='bbox 1674 2055 1767 2108; x_wconf 88' lang='lat' dir='ltr'><strong>per</strong></span> <span class='ocrx_word' id='word_1_161' title='bbox 1793 2042 1894 2095; x_wconf 92' lang='lat' dir='ltr'><strong>hoc</strong></span> <span class='ocrx_word' id='word_1_162' title='bbox 1915 2057 2013 2095; x_wconf 85' lang='lat' dir='ltr'><strong>nec</strong></span> <span class='ocrx_word' id='word_1_163' title='bbox 2041 2041 2095 2096; x_wconf 93' lang='lat' dir='ltr'><strong>in</strong></span> 
     </span>
    </p>
   </div>
   <div class='ocr_carea' id='block_1_20' title="bbox 511 2131 2097 2204">
    <p class='ocr_par' dir='ltr' id='par_1_20' title="bbox 511 2131 2097 2204">
     <span class='ocr_line' id='line_1_20' title="bbox 511 2131 2097 2204; baseline -0.003 -13"><span class='ocrx_word' id='word_1_164' title='bbox 511 2152 573 2191; x_wconf 82' lang='lat' dir='ltr'><strong>se</strong></span> <span class='ocrx_word' id='word_1_165' title='bbox 604 2137 739 2204; x_wconf 88' lang='lat' dir='ltr'><strong>ipso.</strong></span> <span class='ocrx_word' id='word_1_166' title='bbox 779 2134 1016 2203; x_wconf 77' lang='lat' dir='ltr'><strong>Denique</strong></span> <span class='ocrx_word' id='word_1_167' title='bbox 1045 2149 1164 2187; x_wconf 90' lang='lat' dir='ltr'><strong>cum</strong></span> <span class='ocrx_word' id='word_1_168' title='bbox 1198 2131 1438 2198; x_wconf 80' lang='lat' dir='ltr'><strong>dixisset,</strong></span> <span class='ocrx_word' id='word_1_169' title='bbox 1465 2142 1524 2186; x_wconf 88' lang='lat' dir='ltr'><strong>ut</strong></span> <span class='ocrx_word' id='word_1_170' title='bbox 1550 2147 1649 2186; x_wconf 88' lang='lat' dir='ltr'><strong>non</strong></span> <span class='ocrx_word' id='word_1_171' title='bbox 1670 2134 1910 2204; x_wconf 81' lang='lat' dir='ltr'><strong>glorietur</strong></span> <span class='ocrx_word' id='word_1_172' title='bbox 1927 2149 2097 2186; x_wconf 88' lang='lat' dir='ltr'><strong>coram</strong></span> 
     </span>
    </p>
   </div>
   <div class='ocr_carea' id='block_1_21' title="bbox 510 2223 2095 2295">
    <p class='ocr_par' dir='ltr' id='par_1_21' title="bbox 510 2223 2095 2295">
     <span class='ocr_line' id='line_1_21' title="bbox 510 2223 2095 2295; baseline -0.001 -14"><span class='ocrx_word' id='word_1_173' title='bbox 510 2227 618 2281; x_wconf 84' lang='lat' dir='ltr'><strong>Deo</strong></span> <span class='ocrx_word' id='word_1_174' title='bbox 645 2227 808 2280; x_wconf 89' lang='lat' dir='ltr'><strong>omnis</strong></span> <span class='ocrx_word' id='word_1_175' title='bbox 847 2242 1007 2288; x_wconf 87' lang='lat' dir='ltr'><strong>caro;</strong></span> <span class='ocrx_word' id='word_1_176' title='bbox 1054 2236 1112 2279; x_wconf 90' lang='lat' dir='ltr'><strong>ut</strong></span> <span class='ocrx_word' id='word_1_177' title='bbox 1149 2223 1456 2279; x_wconf 81' lang='lat' dir='ltr'><strong>ostenderet</strong></span> <span class='ocrx_word' id='word_1_178' title='bbox 1488 2224 1674 2295; x_wconf 90' lang='lat' dir='ltr'><strong>inquo</strong></span> <span class='ocrx_word' id='word_1_179' title='bbox 1698 2225 1895 2280; x_wconf 85' lang='lat' dir='ltr'><strong>debeat</strong></span> <span class='ocrx_word' id='word_1_180' title='bbox 1933 2225 2095 2279; x_wconf 90' lang='lat' dir='ltr'><strong>homo</strong></span> 
     </span>
    </p>
   </div>
   <div class='ocr_carea' id='block_1_22' title="bbox 507 2317 2095 2392">
    <p class='ocr_par' dir='ltr' id='par_1_22' title="bbox 507 2317 2095 2392">
     <span class='ocr_line' id='line_1_22' title="bbox 507 2317 2095 2392; baseline -0.001 -18"><span class='ocrx_word' id='word_1_181' title='bbox 507 2320 766 2391; x_wconf 83' lang='lat' dir='ltr'><strong>gloriari,</strong></span> <span class='ocrx_word' id='word_1_182' title='bbox 814 2336 935 2374; x_wconf 83' lang='lat' dir='ltr'><strong>mox</strong></span> <span class='ocrx_word' id='word_1_183' title='bbox 968 2319 1208 2384; x_wconf 89' lang='lat' dir='ltr'><strong>addidit,</strong></span> <span class='ocrx_word' id='word_1_184' title='bbox 1261 2317 1343 2372; x_wconf 77' lang='lat' dir='ltr'><strong>Ex</strong></span> <span class='ocrx_word' id='word_1_185' title='bbox 1385 2319 1495 2392; x_wconf 88' lang='lat' dir='ltr'><strong>ipso</strong></span> <span class='ocrx_word' id='word_1_186' title='bbox 1532 2330 1730 2386; x_wconf 88' lang='lat' dir='ltr'><strong>autem,</strong></span> <span class='ocrx_word' id='word_1_187' title='bbox 1779 2335 1864 2374; x_wconf 78' lang='lat' dir='ltr'><strong>vos</strong></span> <span class='ocrx_word' id='word_1_188' title='bbox 1889 2318 2005 2374; x_wconf 86' lang='lat' dir='ltr'><strong>estis</strong></span> <span class='ocrx_word' id='word_1_189' title='bbox 2041 2321 2095 2373; x_wconf 88' lang='lat' dir='ltr'><strong>in</strong></span> 
     </span>
    </p>
   </div>
   <div class='ocr_carea' id='block_1_23' title="bbox 505 2410 2092 2484">
    <p class='ocr_par' dir='ltr' id='par_1_23' title="bbox 505 2410 2092 2484">
     <span class='ocr_line' id='line_1_23' title="bbox 505 2410 2092 2484; baseline 0 -17"><span class='ocrx_word' id='word_1_190' title='bbox 505 2413 707 2467; x_wconf 80' lang='lat' dir='ltr'><strong>Christo</strong></span> <span class='ocrx_word' id='word_1_191' title='bbox 748 2412 904 2476; x_wconf 85' lang='lat' dir='ltr'><strong>Jesu,</strong></span> <span class='ocrx_word' id='word_1_192' title='bbox 947 2413 1034 2478; x_wconf 89' lang='lat' dir='ltr'><strong>qui</strong></span> <span class='ocrx_word' id='word_1_193' title='bbox 1075 2413 1239 2482; x_wconf 80' lang='lat' dir='ltr'><strong>factus</strong></span> <span class='ocrx_word' id='word_1_194' title='bbox 1288 2421 1359 2467; x_wconf 87' lang='lat' dir='ltr'><strong>est</strong></span> <span class='ocrx_word' id='word_1_195' title='bbox 1401 2413 1544 2466; x_wconf 86' lang='lat' dir='ltr'><strong>nobis</strong></span> <span class='ocrx_word' id='word_1_196' title='bbox 1581 2413 1827 2484; x_wconf 84' lang='lat' dir='ltr'><strong>sapientia</strong></span> <span class='ocrx_word' id='word_1_197' title='bbox 1853 2430 1884 2466; x_wconf 90' lang='lat' dir='ltr'><strong>a</strong></span> <span class='ocrx_word' id='word_1_198' title='bbox 1912 2410 2020 2466; x_wconf 87' lang='lat' dir='ltr'><strong>Deo</strong></span> <span class='ocrx_word' id='word_1_199' title='bbox 2046 2422 2092 2467; x_wconf 90' lang='lat' dir='ltr'><strong>et</strong></span> 
     </span>
    </p>
   </div>
   <div class='ocr_carea' id='block_1_24' title="bbox 501 2504 2096 2578">
    <p class='ocr_par' dir='ltr' id='par_1_24' title="bbox 501 2504 2096 2578">
     <span class='ocr_line' id='line_1_24' title="bbox 501 2504 2096 2578; baseline 0 -20"><span class='ocrx_word' id='word_1_200' title='bbox 501 2506 701 2578; x_wconf 86' lang='lat' dir='ltr'><strong>justitia</strong></span> <span class='ocrx_word' id='word_1_201' title='bbox 721 2546 736 2568; x_wconf 93' lang='lat'><strong>,</strong></span> <span class='ocrx_word' id='word_1_202' title='bbox 767 2513 814 2557; x_wconf 92' lang='lat' dir='ltr'><strong>et</strong></span> <span class='ocrx_word' id='word_1_203' title='bbox 841 2505 1202 2572; x_wconf 79' lang='lat' dir='ltr'><strong>sanctiﬁcatio,</strong></span> <span class='ocrx_word' id='word_1_204' title='bbox 1233 2515 1279 2557; x_wconf 87' lang='lat' dir='ltr'><strong>et</strong></span> <span class='ocrx_word' id='word_1_205' title='bbox 1307 2504 1584 2574; x_wconf 85' lang='lat' dir='ltr'><strong>redemptio</strong></span> <span class='ocrx_word' id='word_1_206' title='bbox 1618 2520 1636 2558; x_wconf 89' lang='lat'><strong><em>:</em></strong></span> <span class='ocrx_word' id='word_1_207' title='bbox 1661 2513 1738 2569; x_wconf 89' lang='lat' dir='ltr'><strong>ut,</strong></span> <span class='ocrx_word' id='word_1_208' title='bbox 1768 2504 2096 2574; x_wconf 86' lang='lat' dir='ltr'><strong>quemadmo-</strong></span> 
     </span>
    </p>
   </div>
   <div class='ocr_carea' id='block_1_25' title="bbox 505 2595 2094 2668">
    <p class='ocr_par' dir='ltr' id='par_1_25' title="bbox 505 2595 2094 2668">
     <span class='ocr_line' id='line_1_25' title="bbox 505 2595 2094 2668; baseline 0.001 -18"><span class='ocrx_word' id='word_1_209' title='bbox 505 2598 628 2650; x_wconf 85' lang='lat' dir='ltr'><strong>dum</strong></span> <span class='ocrx_word' id='word_1_210' title='bbox 655 2599 894 2666; x_wconf 87' lang='lat' dir='ltr'><strong>scriptum</strong></span> <span class='ocrx_word' id='word_1_211' title='bbox 923 2608 994 2649; x_wconf 89' lang='lat' dir='ltr'><strong>est</strong></span> <span class='ocrx_word' id='word_1_212' title='bbox 1012 2638 1027 2662; x_wconf 98' lang='lat'><strong>,</strong></span> <span class='ocrx_word' id='word_1_213' title='bbox 1071 2596 1171 2664; x_wconf 85' lang='lat' dir='ltr'><strong>Qui</strong></span> <span class='ocrx_word' id='word_1_214' title='bbox 1206 2597 1487 2667; x_wconf 86' lang='lat' dir='ltr'><strong>gloriatur,</strong></span> <span class='ocrx_word' id='word_1_215' title='bbox 1516 2598 1569 2651; x_wconf 87' lang='lat' dir='ltr'><strong>in</strong></span> <span class='ocrx_word' id='word_1_216' title='bbox 1609 2595 1827 2650; x_wconf 90' lang='lat' dir='ltr'><strong>Domino</strong></span> <span class='ocrx_word' id='word_1_217' title='bbox 1853 2598 2094 2668; x_wconf 85' lang='lat' dir='ltr'><strong>glorietur</strong></span> 
     </span>
    </p>
   </div>
   <div class='ocr_carea' id='block_1_26' title="bbox 509 2683 2092 2758">
    <p class='ocr_par' dir='ltr' id='par_1_26' title="bbox 509 2683 2092 2758">
     <span class='ocr_line' id='line_1_26' title="bbox 509 2683 2092 2758; baseline 0 -17"><span class='ocrx_word' id='word_1_218' title='bbox 509 2685 554 2757; x_wconf 83' lang='grc'>(1</span> <span class='ocrx_word' id='word_1_219' title='bbox 584 2683 701 2742; x_wconf 87' lang='lat' dir='ltr'><strong>Cor.</strong></span> <span class='ocrx_word' id='word_1_220' title='bbox 731 2703 746 2740; x_wconf 84' lang='grc' dir='ltr'>ι</span> <span class='ocrx_word' id='word_1_221' title='bbox 773 2727 786 2750; x_wconf 85' lang='grc'><em>,</em></span> <span class='ocrx_word' id='word_1_222' title='bbox 819 2687 914 2751; x_wconf 73' lang='grc'><strong>12,</strong></span> <span class='ocrx_word' id='word_1_223' title='bbox 941 2686 1133 2756; x_wconf 74' lang='grc'><strong>27-51)</strong></span> <span class='ocrx_word' id='word_1_224' title='bbox 1166 2705 1179 2742; x_wconf 92' lang='lat'><strong>:</strong></span> <span class='ocrx_word' id='word_1_225' title='bbox 1212 2687 1334 2742; x_wconf 73' lang='lat' dir='ltr'><strong>inde</strong></span> <span class='ocrx_word' id='word_1_226' title='bbox 1360 2689 1596 2758; x_wconf 83' lang='lat' dir='ltr'><strong>pervenit</strong></span> <span class='ocrx_word' id='word_1_227' title='bbox 1627 2688 1725 2742; x_wconf 90' lang='lat' dir='ltr'><strong>ista</strong></span> <span class='ocrx_word' id='word_1_228' title='bbox 1771 2687 1885 2758; x_wconf 88' lang='lat' dir='ltr'><strong>ejus</strong></span> <span class='ocrx_word' id='word_1_229' title='bbox 1917 2689 2092 2742; x_wconf 89' lang='lat' dir='ltr'><strong>inten-</strong></span> 
     </span>
    </p>
   </div>
   <div class='ocr_carea' id='block_1_27' title="bbox 505 2777 2092 2846">
    <p class='ocr_par' dir='ltr' id='par_1_27' title="bbox 505 2777 2092 2846">
     <span class='ocr_line' id='line_1_27' title="bbox 505 2777 2092 2846; baseline 0.001 -16"><span class='ocrx_word' id='word_1_230' title='bbox 505 2777 580 2832; x_wconf 91' lang='lat' dir='ltr'><strong>tio</strong></span> <span class='ocrx_word' id='word_1_231' title='bbox 601 2819 617 2843; x_wconf 92' lang='lat'><strong>,</strong></span> <span class='ocrx_word' id='word_1_232' title='bbox 663 2786 721 2831; x_wconf 89' lang='lat' dir='ltr'><strong>ut</strong></span> <span class='ocrx_word' id='word_1_233' title='bbox 756 2785 942 2846; x_wconf 90' lang='lat' dir='ltr'><strong>postea</strong></span> <span class='ocrx_word' id='word_1_234' title='bbox 970 2777 1250 2846; x_wconf 85' lang='lat' dir='ltr'><strong>increpans</strong></span> <span class='ocrx_word' id='word_1_235' title='bbox 1276 2777 1452 2844; x_wconf 86' lang='lat' dir='ltr'><strong>dicat,</strong></span> <span class='ocrx_word' id='word_1_236' title='bbox 1492 2777 1670 2831; x_wconf 83' lang='lat' dir='ltr'><strong>Adhuc</strong></span> <span class='ocrx_word' id='word_1_237' title='bbox 1694 2779 1825 2832; x_wconf 86' lang='lat' dir='ltr'><strong>enim</strong></span> <span class='ocrx_word' id='word_1_238' title='bbox 1863 2781 2092 2832; x_wconf 83' lang='lat' dir='ltr'><strong>carnales</strong></span> 
     </span>
    </p>
   </div>
   <div class='ocr_carea' id='block_1_28' title="bbox 505 2868 2088 2931">
    <p class='ocr_par' dir='ltr' id='par_1_28' title="bbox 505 2868 2088 2931">
     <span class='ocr_line' id='line_1_28' title="bbox 505 2868 2088 2931; baseline 0 -9"><span class='ocrx_word' id='word_1_239' title='bbox 505 2869 624 2922; x_wconf 83' lang='lat' dir='ltr'><strong>estis</strong></span> <span class='ocrx_word' id='word_1_240' title='bbox 655 2883 674 2921; x_wconf 93' lang='lat'><strong><em>:</em></strong></span> <span class='ocrx_word' id='word_1_241' title='bbox 697 2884 811 2921; x_wconf 87' lang='lat' dir='ltr'><strong>cum</strong></span> <span class='ocrx_word' id='word_1_242' title='bbox 845 2868 974 2921; x_wconf 89' lang='lat' dir='ltr'><strong>enim</strong></span> <span class='ocrx_word' id='word_1_243' title='bbox 1014 2868 1114 2922; x_wconf 90' lang='lat' dir='ltr'><strong>sint</strong></span> <span class='ocrx_word' id='word_1_244' title='bbox 1150 2869 1279 2922; x_wconf 88' lang='lat' dir='ltr'><strong>inter</strong></span> <span class='ocrx_word' id='word_1_245' title='bbox 1315 2884 1402 2922; x_wconf 82' lang='lat' dir='ltr'><strong>vos</strong></span> <span class='ocrx_word' id='word_1_246' title='bbox 1441 2869 1694 2922; x_wconf 72' lang='lat' dir='ltr'><strong>wrnulatio</strong></span> <span class='ocrx_word' id='word_1_247' title='bbox 1735 2879 1781 2923; x_wconf 89' lang='lat' dir='ltr'><strong>et</strong></span> <span class='ocrx_word' id='word_1_248' title='bbox 1819 2871 2088 2931; x_wconf 73' lang='lat' dir='ltr'><strong>contentio,</strong></span> 
     </span>
    </p>
   </div>
   <div class='ocr_carea' id='block_1_29' title="bbox 504 2960 2093 3023">
    <p class='ocr_par' dir='ltr' id='par_1_29' title="bbox 504 2960 2093 3023">
     <span class='ocr_line' id='line_1_29' title="bbox 504 2960 2093 3023; baseline 0.002 -10"><span class='ocrx_word' id='word_1_249' title='bbox 504 2976 672 3013; x_wconf 86' lang='lat' dir='ltr'><strong>nonne</strong></span> <span class='ocrx_word' id='word_1_250' title='bbox 699 2960 926 3014; x_wconf 87' lang='lat' dir='ltr'><strong>carnales</strong></span> <span class='ocrx_word' id='word_1_251' title='bbox 946 2961 1062 3014; x_wconf 89' lang='lat' dir='ltr'><strong>estis</strong></span> <span class='ocrx_word' id='word_1_252' title='bbox 1081 3001 1096 3023; x_wconf 90' lang='lat'><strong>,</strong></span> <span class='ocrx_word' id='word_1_253' title='bbox 1140 2970 1184 3014; x_wconf 90' lang='lat' dir='ltr'><strong>et</strong></span> <span class='ocrx_word' id='word_1_254' title='bbox 1209 2961 1484 3014; x_wconf 89' lang='lat' dir='ltr'><strong>secundum</strong></span> <span class='ocrx_word' id='word_1_255' title='bbox 1505 2961 1756 3014; x_wconf 85' lang='lat' dir='ltr'><strong>hominem</strong></span> <span class='ocrx_word' id='word_1_256' title='bbox 1784 2961 2093 3016; x_wconf 82' lang='lat' dir='ltr'><strong>ambulatis?</strong></span> 
     </span>
    </p>
   </div>
   <div class='ocr_carea' id='block_1_30' title="bbox 506 3048 2091 3121">
    <p class='ocr_par' dir='ltr' id='par_1_30' title="bbox 506 3048 2091 3121">
     <span class='ocr_line' id='line_1_30' title="bbox 506 3048 2091 3121; baseline 0.001 -18"><span class='ocrx_word' id='word_1_257' title='bbox 506 3050 633 3104; x_wconf 82' lang='lat' dir='ltr'><strong>Cum</strong></span> <span class='ocrx_word' id='word_1_258' title='bbox 661 3051 795 3104; x_wconf 88' lang='lat' dir='ltr'><strong>enim</strong></span> <span class='ocrx_word' id='word_1_259' title='bbox 815 3050 925 3120; x_wconf 89' lang='lat' dir='ltr'><strong>quis</strong></span> <span class='ocrx_word' id='word_1_260' title='bbox 946 3050 1111 3113; x_wconf 78' lang='lat' dir='ltr'><strong>dicat,</strong></span> <span class='ocrx_word' id='word_1_261' title='bbox 1144 3048 1256 3121; x_wconf 83' lang='lat' dir='ltr'><strong>Ego</strong></span> <span class='ocrx_word' id='word_1_262' title='bbox 1277 3050 1475 3118; x_wconf 85' lang='lat' dir='ltr'><strong>quidem</strong></span> <span class='ocrx_word' id='word_1_263' title='bbox 1499 3066 1610 3104; x_wconf 92' lang='lat' dir='ltr'><strong>sum</strong></span> <span class='ocrx_word' id='word_1_264' title='bbox 1642 3048 1812 3116; x_wconf 84' lang='lat' dir='ltr'><strong>Pauli,</strong></span> <span class='ocrx_word' id='word_1_265' title='bbox 1841 3050 1971 3106; x_wconf 87' lang='lat' dir='ltr'><strong>alius</strong></span> <span class='ocrx_word' id='word_1_266' title='bbox 1999 3069 2091 3104; x_wconf 83' lang='lat' dir='ltr'><strong>au-</strong></span> 
     </span>
    </p>
   </div>
   <div class='ocr_carea' id='block_1_31' title="bbox 504 3137 2091 3215">
    <p class='ocr_par' dir='ltr' id='par_1_31' title="bbox 504 3137 2091 3215">
     <span class='ocr_line' id='line_1_31' title="bbox 504 3137 2091 3215; baseline 0.001 -20"><span class='ocrx_word' id='word_1_267' title='bbox 504 3149 639 3206; x_wconf 87' lang='lat' dir='ltr'><strong>tem,</strong></span> <span class='ocrx_word' id='word_1_268' title='bbox 666 3137 780 3212; x_wconf 88' lang='lat' dir='ltr'><strong>Ego</strong></span> <span class='ocrx_word' id='word_1_269' title='bbox 808 3140 993 3208; x_wconf 79' lang='lat' dir='ltr'><strong>Apollo</strong></span> <span class='ocrx_word' id='word_1_270' title='bbox 1020 3158 1039 3207; x_wconf 88' lang='lat'><strong><em>;</em></strong></span> <span class='ocrx_word' id='word_1_271' title='bbox 1066 3157 1233 3194; x_wconf 88' lang='lat' dir='ltr'><strong>nonne</strong></span> <span class='ocrx_word' id='word_1_272' title='bbox 1258 3142 1483 3196; x_wconf 79' lang='lat' dir='ltr'><strong>homines</strong></span> <span class='ocrx_word' id='word_1_273' title='bbox 1512 3143 1673 3196; x_wconf 83' lang='lat' dir='ltr'><strong>estis?</strong></span> <span class='ocrx_word' id='word_1_274' title='bbox 1705 3143 1843 3210; x_wconf 84' lang='lat' dir='ltr'><strong>Quid</strong></span> <span class='ocrx_word' id='word_1_275' title='bbox 1872 3161 1989 3215; x_wconf 88' lang='lat' dir='ltr'><strong>ergo</strong></span> <span class='ocrx_word' id='word_1_276' title='bbox 2018 3154 2091 3197; x_wconf 80' lang='lat' dir='ltr'><strong>est</strong></span> 
     </span>
    </p>
   </div>
   <div class='ocr_carea' id='block_1_32' title="bbox 505 3233 2090 3306">
    <p class='ocr_par' dir='ltr' id='par_1_32' title="bbox 505 3233 2090 3306">
     <span class='ocr_line' id='line_1_32' title="bbox 505 3233 2090 3306; baseline 0.001 -18"><span class='ocrx_word' id='word_1_277' title='bbox 505 3235 737 3303; x_wconf 85' lang='lat' dir='ltr'><strong>Apollo?</strong></span> <span class='ocrx_word' id='word_1_278' title='bbox 775 3234 898 3304; x_wconf 92' lang='lat' dir='ltr'><strong>quid</strong></span> <span class='ocrx_word' id='word_1_279' title='bbox 940 3243 1107 3287; x_wconf 88' lang='lat' dir='ltr'><strong>autent</strong></span> <span class='ocrx_word' id='word_1_280' title='bbox 1149 3233 1392 3290; x_wconf 81' lang='lat' dir='ltr'><strong>Paulus?</strong></span> <span class='ocrx_word' id='word_1_281' title='bbox 1439 3233 1664 3288; x_wconf 84' lang='lat' dir='ltr'><strong>Ministri</strong></span> <span class='ocrx_word' id='word_1_282' title='bbox 1697 3253 1788 3306; x_wconf 86' lang='lat' dir='ltr'><strong>per</strong></span> <span class='ocrx_word' id='word_1_283' title='bbox 1825 3254 1947 3305; x_wconf 86' lang='lat' dir='ltr'><strong>quos</strong></span> <span class='ocrx_word' id='word_1_284' title='bbox 1982 3253 2090 3290; x_wconf 85' lang='lat' dir='ltr'><strong>ere-</strong></span> 
     </span>
    </p>
   </div>
   <div class='ocr_carea' id='block_1_33' title="bbox 504 3324 2092 3399">
    <p class='ocr_par' dir='ltr' id='par_1_33' title="bbox 504 3324 2092 3399">
     <span class='ocr_line' id='line_1_33' title="bbox 504 3324 2092 3399; baseline 0.001 -21"><span class='ocrx_word' id='word_1_285' title='bbox 504 3325 704 3378; x_wconf 82' lang='lat' dir='ltr'><strong>didistis</strong></span> <span class='ocrx_word' id='word_1_286' title='bbox 730 3339 749 3378; x_wconf 92' lang='lat'><em>:</em></span> <span class='ocrx_word' id='word_1_287' title='bbox 783 3334 830 3379; x_wconf 91' lang='lat' dir='ltr'><strong>et</strong></span> <span class='ocrx_word' id='word_1_288' title='bbox 859 3325 1126 3393; x_wconf 87' lang='lat' dir='ltr'><strong>unicuique</strong></span> <span class='ocrx_word' id='word_1_289' title='bbox 1160 3325 1288 3379; x_wconf 87' lang='lat' dir='ltr'><strong>sicut</strong></span> <span class='ocrx_word' id='word_1_290' title='bbox 1315 3324 1560 3380; x_wconf 88' lang='lat' dir='ltr'><strong>Dominus</strong></span> <span class='ocrx_word' id='word_1_291' title='bbox 1589 3327 1744 3380; x_wconf 86' lang='lat' dir='ltr'><strong>dedit.</strong></span> <span class='ocrx_word' id='word_1_292' title='bbox 1792 3326 1904 3399; x_wconf 84' lang='lat' dir='ltr'><strong>Ego</strong></span> <span class='ocrx_word' id='word_1_293' title='bbox 1943 3329 2092 3397; x_wconf 85' lang='lat' dir='ltr'><strong>plan-</strong></span> 
     </span>
    </p>
   </div>
   <div class='ocr_carea' id='block_1_34' title="bbox 503 3416 2085 3487">
    <p class='ocr_par' dir='ltr' id='par_1_34' title="bbox 503 3416 2085 3487">
     <span class='ocr_line' id='line_1_34' title="bbox 503 3416 2085 3487; baseline 0.002 -17"><span class='ocrx_word' id='word_1_294' title='bbox 503 3417 605 3470; x_wconf 84' lang='lat' dir='ltr'><strong>tavi</strong></span> <span class='ocrx_word' id='word_1_295' title='bbox 630 3459 645 3483; x_wconf 96' lang='lat'><strong>,</strong></span> <span class='ocrx_word' id='word_1_296' title='bbox 697 3417 881 3487; x_wconf 86' lang='lat' dir='ltr'><strong>Apollo</strong></span> <span class='ocrx_word' id='word_1_297' title='bbox 926 3417 1151 3487; x_wconf 86' lang='lat' dir='ltr'><strong>rigavit;</strong></span> <span class='ocrx_word' id='word_1_298' title='bbox 1198 3417 1288 3471; x_wconf 89' lang='lat' dir='ltr'><strong>sed</strong></span> <span class='ocrx_word' id='word_1_299' title='bbox 1337 3416 1476 3471; x_wconf 87' lang='lat' dir='ltr'><strong>Deus</strong></span> <span class='ocrx_word' id='word_1_300' title='bbox 1519 3420 1880 3473; x_wconf 86' lang='lat' dir='ltr'><strong>incrementum</strong></span> <span class='ocrx_word' id='word_1_301' title='bbox 1931 3421 2085 3473; x_wconf 78' lang='lat' dir='ltr'><strong>dedit.</strong></span> 
     </span>
    </p>
   </div>
   <div class='ocr_carea' id='block_1_35' title="bbox 503 3507 2089 3584">
    <p class='ocr_par' dir='ltr' id='par_1_35' title="bbox 503 3507 2089 3584">
     <span class='ocr_line' id='line_1_35' title="bbox 503 3507 2089 3584; baseline 0.002 -21"><span class='ocrx_word' id='word_1_302' title='bbox 503 3507 686 3579; x_wconf 85' lang='lat' dir='ltr'><strong>Itaque</strong></span> <span class='ocrx_word' id='word_1_303' title='bbox 715 3525 873 3578; x_wconf 89' lang='lat' dir='ltr'><strong>neque</strong></span> <span class='ocrx_word' id='word_1_304' title='bbox 900 3509 988 3579; x_wconf 91' lang='lat' dir='ltr'><strong>qui</strong></span> <span class='ocrx_word' id='word_1_305' title='bbox 1013 3509 1210 3578; x_wconf 83' lang='lat' dir='ltr'><strong>plantat</strong></span> <span class='ocrx_word' id='word_1_306' title='bbox 1235 3520 1306 3564; x_wconf 88' lang='lat' dir='ltr'><strong>est</strong></span> <span class='ocrx_word' id='word_1_307' title='bbox 1334 3509 1558 3582; x_wconf 86' lang='lat' dir='ltr'><strong>aliquid,</strong></span> <span class='ocrx_word' id='word_1_308' title='bbox 1601 3528 1757 3582; x_wconf 86' lang='lat' dir='ltr'><strong>neque</strong></span> <span class='ocrx_word' id='word_1_309' title='bbox 1792 3515 1877 3582; x_wconf 86' lang='lat' dir='ltr'><strong>qui</strong></span> <span class='ocrx_word' id='word_1_310' title='bbox 1916 3515 2046 3584; x_wconf 86' lang='lat' dir='ltr'><strong>rigat</strong></span> <span class='ocrx_word' id='word_1_311' title='bbox 2069 3529 2089 3578; x_wconf 88' lang='lat'><em>;</em></span> 
     </span>
    </p>
   </div>
   <div class='ocr_carea' id='block_1_36' title="bbox 502 3599 2088 3674">
    <p class='ocr_par' dir='ltr' id='par_1_36' title="bbox 502 3599 2088 3674">
     <span class='ocr_line' id='line_1_36' title="bbox 502 3599 2088 3674; baseline 0.004 -20"><span class='ocrx_word' id='word_1_312' title='bbox 502 3600 592 3655; x_wconf 87' lang='lat' dir='ltr'><strong>sed</strong></span> <span class='ocrx_word' id='word_1_313' title='bbox 625 3601 711 3670; x_wconf 88' lang='lat' dir='ltr'><strong>qui</strong></span> <span class='ocrx_word' id='word_1_314' title='bbox 749 3599 1112 3653; x_wconf 89' lang='lat' dir='ltr'><strong>incrementum</strong></span> <span class='ocrx_word' id='word_1_315' title='bbox 1142 3599 1228 3652; x_wconf 91' lang='lat' dir='ltr'><strong>dat</strong></span> <span class='ocrx_word' id='word_1_316' title='bbox 1266 3599 1424 3654; x_wconf 91' lang='lat' dir='ltr'><strong>Deus.</strong></span> <span class='ocrx_word' id='word_1_317' title='bbox 1469 3601 1745 3658; x_wconf 74' lang='lat' dir='ltr'><strong>Videtisne</strong></span> <span class='ocrx_word' id='word_1_318' title='bbox 1775 3603 1903 3657; x_wconf 86' lang='lat' dir='ltr'><strong>nihil</strong></span> <span class='ocrx_word' id='word_1_319' title='bbox 1932 3621 2088 3674; x_wconf 78' lang='lat' dir='ltr'><strong>agere</strong></span> 
     </span>
    </p>
   </div>
   <div class='ocr_carea' id='block_1_37' title="bbox 501 3689 2090 3760">
    <p class='ocr_par' dir='ltr' id='par_1_37' title="bbox 501 3689 2090 3760">
     <span class='ocr_line' id='line_1_37' title="bbox 501 3689 2090 3760; baseline 0.001 -13"><span class='ocrx_word' id='word_1_320' title='bbox 501 3690 816 3759; x_wconf 81' lang='lat' dir='ltr'><strong>Apostolum</strong></span> <span class='ocrx_word' id='word_1_321' title='bbox 839 3730 853 3752; x_wconf 90' lang='lat'><strong>,</strong></span> <span class='ocrx_word' id='word_1_322' title='bbox 899 3689 1001 3744; x_wconf 90' lang='lat' dir='ltr'><strong>nisi</strong></span> <span class='ocrx_word' id='word_1_323' title='bbox 1029 3699 1088 3743; x_wconf 92' lang='lat' dir='ltr'><strong>ut</strong></span> <span class='ocrx_word' id='word_1_324' title='bbox 1125 3689 1433 3746; x_wconf 87' lang='lat' dir='ltr'><strong>lmmilietur</strong></span> <span class='ocrx_word' id='word_1_325' title='bbox 1473 3691 1634 3747; x_wconf 92' lang='lat' dir='ltr'><strong>homo</strong></span> <span class='ocrx_word' id='word_1_326' title='bbox 1657 3734 1674 3760; x_wconf 93' lang='lat'><strong>,</strong></span> <span class='ocrx_word' id='word_1_327' title='bbox 1725 3702 1779 3749; x_wconf 92' lang='lat' dir='ltr'><strong>et</strong></span> <span class='ocrx_word' id='word_1_328' title='bbox 1823 3696 2090 3749; x_wconf 79' lang='lat' dir='ltr'><strong>exaltctur</strong></span> 
     </span>
    </p>
   </div>
   <div class='ocr_carea' id='block_1_38' title="bbox 503 3780 2090 3856">
    <p class='ocr_par' dir='ltr' id='par_1_38' title="bbox 503 3780 2090 3856">
     <span class='ocr_line' id='line_1_38' title="bbox 503 3780 2090 3856; baseline 0.003 -19"><span class='ocrx_word' id='word_1_329' title='bbox 503 3781 647 3837; x_wconf 88' lang='lat' dir='ltr'><strong>Deus</strong></span> <span class='ocrx_word' id='word_1_330' title='bbox 675 3780 860 3836; x_wconf 82' lang='lat' dir='ltr'><strong>solus?</strong></span> <span class='ocrx_word' id='word_1_331' title='bbox 901 3782 1337 3852; x_wconf 87' lang='lat' dir='ltr'><strong>Quandoquidem</strong></span> <span class='ocrx_word' id='word_1_332' title='bbox 1375 3783 1426 3837; x_wconf 90' lang='lat' dir='ltr'><strong>in</strong></span> <span class='ocrx_word' id='word_1_333' title='bbox 1465 3785 1544 3839; x_wconf 90' lang='lat' dir='ltr'><strong>eis</strong></span> <span class='ocrx_word' id='word_1_334' title='bbox 1578 3786 1666 3855; x_wconf 92' lang='lat' dir='ltr'><strong>qui</strong></span> <span class='ocrx_word' id='word_1_335' title='bbox 1705 3786 2006 3856; x_wconf 87' lang='lat' dir='ltr'><strong>plantantur</strong></span> <span class='ocrx_word' id='word_1_336' title='bbox 2036 3797 2090 3842; x_wconf 91' lang='lat' dir='ltr'><strong>et</strong></span> 
     </span>
    </p>
   </div>
   <div class='ocr_carea' id='block_1_39' title="bbox 501 3873 2090 3948">
    <p class='ocr_par' dir='ltr' id='par_1_39' title="bbox 501 3873 2090 3948">
     <span class='ocr_line' id='line_1_39' title="bbox 501 3873 2090 3948; baseline 0.004 -21"><span class='ocrx_word' id='word_1_337' title='bbox 501 3873 783 3942; x_wconf 83' lang='lat' dir='ltr'><strong>rigantur,</strong></span> <span class='ocrx_word' id='word_1_338' title='bbox 827 3887 928 3928; x_wconf 88' lang='lat' dir='ltr'><strong>nec</strong></span> <span class='ocrx_word' id='word_1_339' title='bbox 969 3873 1138 3942; x_wconf 89' lang='lat' dir='ltr'><strong>ipsum</strong></span> <span class='ocrx_word' id='word_1_340' title='bbox 1172 3875 1518 3944; x_wconf 89' lang='lat' dir='ltr'><strong>plantatorem</strong></span> <span class='ocrx_word' id='word_1_341' title='bbox 1545 3885 1600 3931; x_wconf 87' lang='lat' dir='ltr'><strong>et</strong></span> <span class='ocrx_word' id='word_1_342' title='bbox 1637 3877 1920 3948; x_wconf 84' lang='lat' dir='ltr'><strong>rigatorem</strong></span> <span class='ocrx_word' id='word_1_343' title='bbox 1963 3878 2090 3932; x_wconf 81' lang='lat' dir='ltr'><strong>dicit</strong></span> 
     </span>
    </p>
   </div>
   <div class='ocr_carea' id='block_1_40' title="bbox 505 3962 2083 4036">
    <p class='ocr_par' dir='ltr' id='par_1_40' title="bbox 505 3962 2083 4036">
     <span class='ocr_line' id='line_1_40' title="bbox 505 3962 2083 4036; baseline 0.004 -18"><span class='ocrx_word' id='word_1_344' title='bbox 505 3977 627 4018; x_wconf 87' lang='lat' dir='ltr'><strong>esse</strong></span> <span class='ocrx_word' id='word_1_345' title='bbox 677 3963 872 4031; x_wconf 83' lang='lat' dir='ltr'><strong>aliquid</strong></span> <span class='ocrx_word' id='word_1_346' title='bbox 899 4003 913 4028; x_wconf 92' lang='lat'><strong>,</strong></span> <span class='ocrx_word' id='word_1_347' title='bbox 962 3962 1057 4016; x_wconf 89' lang='lat' dir='ltr'><strong>sed</strong></span> <span class='ocrx_word' id='word_1_348' title='bbox 1103 3964 1194 4033; x_wconf 92' lang='lat' dir='ltr'><strong>qui</strong></span> <span class='ocrx_word' id='word_1_349' title='bbox 1236 3964 1620 4021; x_wconf 87' lang='lat' dir='ltr'><strong>incrementum</strong></span> <span class='ocrx_word' id='word_1_350' title='bbox 1647 3967 1776 4036; x_wconf 87' lang='lat' dir='ltr'><strong>dat,</strong></span> <span class='ocrx_word' id='word_1_351' title='bbox 1823 3971 1986 4025; x_wconf 85' lang='lat' dir='ltr'><strong>Deum</strong></span> <span class='ocrx_word' id='word_1_352' title='bbox 2021 3973 2034 4002; x_wconf 76' lang='grc' dir='ltr'>ί</span> <span class='ocrx_word' id='word_1_353' title='bbox 2070 3990 2083 4025; x_wconf 88' lang='lat'><strong>:</strong></span> 
     </span>
    </p>
   </div>
   <div class='ocr_carea' id='block_1_41' title="bbox 501 4050 2084 4131">
    <p class='ocr_par' dir='ltr' id='par_1_41' title="bbox 501 4050 2084 4131">
     <span class='ocr_line' id='line_1_41' title="bbox 501 4050 2084 4131; baseline 0.003 -24"><span class='ocrx_word' id='word_1_354' title='bbox 501 4053 746 4124; x_wconf 86' lang='lat' dir='ltr'><strong>quamvis</strong></span> <span class='ocrx_word' id='word_1_355' title='bbox 777 4060 830 4108; x_wconf 92' lang='lat' dir='ltr'><strong>et</strong></span> <span class='ocrx_word' id='word_1_356' title='bbox 869 4053 970 4108; x_wconf 92' lang='lat' dir='ltr'><strong>hoc</strong></span> <span class='ocrx_word' id='word_1_357' title='bbox 1012 4050 1183 4123; x_wconf 79' lang='lat' dir='ltr'><strong>ipsum</strong></span> <span class='ocrx_word' id='word_1_358' title='bbox 1211 4056 1352 4125; x_wconf 91' lang='lat' dir='ltr'><strong>quod</strong></span> <span class='ocrx_word' id='word_1_359' title='bbox 1387 4055 1477 4110; x_wconf 89' lang='lat' dir='ltr'><strong>ille</strong></span> <span class='ocrx_word' id='word_1_360' title='bbox 1520 4057 1758 4126; x_wconf 84' lang='lat' dir='ltr'><strong>plantat,</strong></span> <span class='ocrx_word' id='word_1_361' title='bbox 1805 4059 1892 4115; x_wconf 88' lang='lat' dir='ltr'><strong>hic</strong></span> <span class='ocrx_word' id='word_1_362' title='bbox 1931 4064 2084 4131; x_wconf 82' lang='lat' dir='ltr'><strong>rigat,</strong></span> 
     </span>
    </p>
   </div>
   <div class='ocr_carea' id='block_1_42' title="bbox 501 4145 2088 4225">
    <p class='ocr_par' dir='ltr' id='par_1_42' title="bbox 501 4145 2088 4225">
     <span class='ocr_line' id='line_1_42' title="bbox 501 4145 2088 4225; baseline 0.006 -24"><span class='ocrx_word' id='word_1_363' title='bbox 501 4161 610 4202; x_wconf 91' lang='lat' dir='ltr'><strong>non</strong></span> <span class='ocrx_word' id='word_1_364' title='bbox 661 4145 818 4216; x_wconf 87' lang='lat' dir='ltr'><strong>ipsis,</strong></span> <span class='ocrx_word' id='word_1_365' title='bbox 864 4145 958 4199; x_wconf 89' lang='lat' dir='ltr'><strong>sed</strong></span> <span class='ocrx_word' id='word_1_366' title='bbox 1006 4145 1231 4199; x_wconf 93' lang='lat' dir='ltr'><strong>Domino</strong></span> <span class='ocrx_word' id='word_1_367' title='bbox 1271 4148 1501 4213; x_wconf 90' lang='lat' dir='ltr'><strong>tribuat,</strong></span> <span class='ocrx_word' id='word_1_368' title='bbox 1543 4149 1771 4207; x_wconf 87' lang='lat' dir='ltr'><strong>dicens:</strong></span> <span class='ocrx_word' id='word_1_369' title='bbox 1809 4153 2088 4225; x_wconf 68' lang='lat' dir='ltr'><strong>Utlit&#39;ltltlt&#39;c</strong></span> 
     </span>
    </p>
   </div>
   <div class='ocr_carea' id='block_1_43' title="bbox 499 4237 2084 4318">
    <p class='ocr_par' dir='ltr' id='par_1_43' title="bbox 499 4237 2084 4318">
     <span class='ocr_line' id='line_1_43' title="bbox 499 4237 2084 4318; baseline 0.006 -25"><span class='ocrx_word' id='word_1_370' title='bbox 499 4239 629 4294; x_wconf 90' lang='lat' dir='ltr'><strong>sicut</strong></span> <span class='ocrx_word' id='word_1_371' title='bbox 702 4237 948 4292; x_wconf 88' lang='lat' dir='ltr'><strong>Dominus</strong></span> <span class='ocrx_word' id='word_1_372' title='bbox 990 4237 1146 4291; x_wconf 88' lang='lat' dir='ltr'><strong>dedit.</strong></span> <span class='ocrx_word' id='word_1_373' title='bbox 1191 4238 1301 4310; x_wconf 85' lang='lat' dir='ltr'><strong>Ego</strong></span> <span class='ocrx_word' id='word_1_374' title='bbox 1347 4241 1612 4312; x_wconf 87' lang='lat' dir='ltr'><strong>plantavi,</strong></span> <span class='ocrx_word' id='word_1_375' title='bbox 1659 4246 1844 4314; x_wconf 83' lang='lat' dir='ltr'><strong>Apollo</strong></span> <span class='ocrx_word' id='word_1_376' title='bbox 1883 4250 2084 4318; x_wconf 79' lang='lat' dir='ltr'><strong>rigui-it.</strong></span> 
     </span>
    </p>
   </div>
   <div class='ocr_carea' id='block_1_44' title="bbox 501 4328 2086 4402">
    <p class='ocr_par' dir='ltr' id='par_1_44' title="bbox 501 4328 2086 4402">
     <span class='ocr_line' id='line_1_44' title="bbox 501 4328 2086 4402; baseline -0.001 -17"><span class='ocrx_word' id='word_1_377' title='bbox 501 4329 637 4385; x_wconf 87' lang='lat' dir='ltr'><strong>Hinc</strong></span> <span class='ocrx_word' id='word_1_378' title='bbox 663 4343 790 4398; x_wconf 85' lang='lat' dir='ltr'><strong>ergo</strong></span> <span class='ocrx_word' id='word_1_379' title='bbox 817 4329 869 4383; x_wconf 92' lang='lat' dir='ltr'><strong>in</strong></span> <span class='ocrx_word' id='word_1_380' title='bbox 893 4328 1078 4383; x_wconf 89' lang='lat' dir='ltr'><strong>eadem</strong></span> <span class='ocrx_word' id='word_1_381' title='bbox 1107 4330 1401 4386; x_wconf 90' lang='lat' dir='ltr'><strong>intentione</strong></span> <span class='ocrx_word' id='word_1_382' title='bbox 1427 4334 1737 4402; x_wconf 83' lang='lat' dir='ltr'><strong>persistens,</strong></span> <span class='ocrx_word' id='word_1_383' title='bbox 1778 4339 1843 4392; x_wconf 92' lang='lat' dir='ltr'><strong>ad</strong></span> <span class='ocrx_word' id='word_1_384' title='bbox 1877 4339 1977 4396; x_wconf 81' lang='lat' dir='ltr'><strong>hoc</strong></span> <span class='ocrx_word' id='word_1_385' title='bbox 2005 4359 2086 4397; x_wconf 72' lang='grc' dir='ltr'><strong>γο.</strong></span> 
     </span>
    </p>
   </div>
   <div class='ocr_carea' id='block_1_45' title="bbox 504 4418 2082 4502">
    <p class='ocr_par' dir='ltr' id='par_1_45' title="bbox 504 4418 2082 4502">
     <span class='ocr_line' id='line_1_45' title="bbox 504 4418 2082 4502; baseline 0.007 -28"><span class='ocrx_word' id='word_1_386' title='bbox 504 4421 583 4474; x_wconf 91' lang='lat' dir='ltr'><strong>nit</strong></span> <span class='ocrx_word' id='word_1_387' title='bbox 609 4427 665 4472; x_wconf 89' lang='lat' dir='ltr'><strong>ut</strong></span> <span class='ocrx_word' id='word_1_388' title='bbox 691 4419 912 4485; x_wconf 89' lang='lat' dir='ltr'><strong>diceret,</strong></span> <span class='ocrx_word' id='word_1_389' title='bbox 941 4418 1122 4490; x_wconf 85' lang='lat' dir='ltr'><strong>Itaque</strong></span> <span class='ocrx_word' id='word_1_390' title='bbox 1151 4437 1295 4476; x_wconf 90' lang='lat' dir='ltr'><strong>nemo</strong></span> <span class='ocrx_word' id='word_1_391' title='bbox 1335 4423 1582 4494; x_wconf 87' lang='lat' dir='ltr'><strong>glorietur</strong></span> <span class='ocrx_word' id='word_1_392' title='bbox 1622 4427 1674 4480; x_wconf 90' lang='lat' dir='ltr'><strong>in</strong></span> <span class='ocrx_word' id='word_1_393' title='bbox 1724 4429 1922 4485; x_wconf 83' lang='lat' dir='ltr'><strong>homine</strong></span> <span class='ocrx_word' id='word_1_394' title='bbox 1973 4431 2082 4502; x_wconf 90' lang='lat' dir='ltr'><strong>(Id.</strong></span> 
     </span>
    </p>
   </div>
   <div class='ocr_carea' id='block_1_46' title="bbox 505 4509 2084 4586">
    <p class='ocr_par' dir='ltr' id='par_1_46' title="bbox 505 4509 2084 4586">
     <span class='ocr_line' id='line_1_46' title="bbox 505 4509 2084 4586; baseline 0.008 -20"><span class='ocrx_word' id='word_1_395' title='bbox 505 4526 584 4576; x_wconf 87' lang='lat' dir='ltr'><strong>tu,</strong></span> <span class='ocrx_word' id='word_1_396' title='bbox 611 4509 728 4577; x_wconf 79' lang='lat'><strong>2-7,</strong></span> <span class='ocrx_word' id='word_1_397' title='bbox 753 4510 866 4583; x_wconf 75' lang='lat'><strong>21).</strong></span> <span class='ocrx_word' id='word_1_398' title='bbox 895 4510 1012 4566; x_wconf 85' lang='lat' dir='ltr'><strong>Jam</strong></span> <span class='ocrx_word' id='word_1_399' title='bbox 1041 4513 1180 4566; x_wconf 88' lang='lat' dir='ltr'><strong>enim</strong></span> <span class='ocrx_word' id='word_1_400' title='bbox 1209 4512 1443 4580; x_wconf 80' lang='lat' dir='ltr'><strong>dixerat,</strong></span> <span class='ocrx_word' id='word_1_401' title='bbox 1476 4515 1576 4583; x_wconf 86' lang='lat' dir='ltr'><strong>Qui</strong></span> <span class='ocrx_word' id='word_1_402' title='bbox 1600 4518 1868 4586; x_wconf 83' lang='lat' dir='ltr'><strong>gloriatur,</strong></span> <span class='ocrx_word' id='word_1_403' title='bbox 1900 4523 1951 4576; x_wconf 88' lang='lat' dir='ltr'><strong>in</strong></span> <span class='ocrx_word' id='word_1_404' title='bbox 1977 4524 2084 4578; x_wconf 82' lang='lat' dir='ltr'><strong>Do-</strong></span> 
     </span>
    </p>
   </div>
   <div class='ocr_carea' id='block_1_47' title="bbox 501 4603 2086 4682">
    <p class='ocr_par' dir='ltr' id='par_1_47' title="bbox 501 4603 2086 4682">
     <span class='ocr_line' id='line_1_47' title="bbox 501 4603 2086 4682; baseline 0.009 -25"><span class='ocrx_word' id='word_1_405' title='bbox 501 4605 638 4657; x_wconf 88' lang='lat' dir='ltr'><strong>mino</strong></span> <span class='ocrx_word' id='word_1_406' title='bbox 677 4603 939 4673; x_wconf 88' lang='lat' dir='ltr'><strong>glorietur.</strong></span> <span class='ocrx_word' id='word_1_407' title='bbox 984 4603 1114 4659; x_wconf 87' lang='lat' dir='ltr'><strong>Post</strong></span> <span class='ocrx_word' id='word_1_408' title='bbox 1159 4605 1274 4660; x_wconf 60' lang='lat' dir='ltr'><strong>huic</strong></span> <span class='ocrx_word' id='word_1_409' title='bbox 1312 4615 1367 4660; x_wconf 93' lang='lat' dir='ltr'><strong>et</strong></span> <span class='ocrx_word' id='word_1_410' title='bbox 1402 4607 1504 4662; x_wconf 90' lang='lat' dir='ltr'><strong>alia</strong></span> <span class='ocrx_word' id='word_1_411' title='bbox 1548 4611 1798 4666; x_wconf 91' lang='lat' dir='ltr'><strong>nonnulla</strong></span> <span class='ocrx_word' id='word_1_412' title='bbox 1839 4628 1956 4682; x_wconf 71' lang='lat' dir='ltr'><strong>qum</strong></span> <span class='ocrx_word' id='word_1_413' title='bbox 2005 4615 2086 4671; x_wconf 84' lang='lat' dir='ltr'><strong>bis</strong></span> 
     </span>
    </p>
   </div>
   <div class='ocr_carea' id='block_1_48' title="bbox 501 4694 2086 4774">
    <p class='ocr_par' dir='ltr' id='par_1_48' title="bbox 501 4694 2086 4774">
     <span class='ocr_line' id='line_1_48' title="bbox 501 4694 2086 4774; baseline 0.009 -27"><span class='ocrx_word' id='word_1_414' title='bbox 501 4704 916 4758; x_wconf 87' lang='lat' dir='ltr'><strong>connectuntur,</strong></span> <span class='ocrx_word' id='word_1_415' title='bbox 947 4694 1014 4749; x_wconf 89' lang='lat' dir='ltr'><strong>ad</strong></span> <span class='ocrx_word' id='word_1_416' title='bbox 1043 4696 1142 4750; x_wconf 92' lang='lat' dir='ltr'><strong>hoc</strong></span> <span class='ocrx_word' id='word_1_417' title='bbox 1175 4697 1478 4767; x_wconf 88' lang='lat' dir='ltr'><strong>perducitur</strong></span> <span class='ocrx_word' id='word_1_418' title='bbox 1505 4700 1689 4756; x_wconf 88' lang='lat' dir='ltr'><strong>eadem</strong></span> <span class='ocrx_word' id='word_1_419' title='bbox 1720 4702 1829 4773; x_wconf 85' lang='lat' dir='ltr'><strong>ipsa</strong></span> <span class='ocrx_word' id='word_1_420' title='bbox 1863 4706 1978 4774; x_wconf 89' lang='lat' dir='ltr'><strong>ejus</strong></span> <span class='ocrx_word' id='word_1_421' title='bbox 2002 4708 2086 4762; x_wconf 93' lang='lat' dir='ltr'><strong>in-</strong></span> 
     </span>
    </p>
   </div>
   <div class='ocr_carea' id='block_1_49' title="bbox 504 4786 2084 4866">
    <p class='ocr_par' dir='ltr' id='par_1_49' title="bbox 504 4786 2084 4866">
     <span class='ocr_line' id='line_1_49' title="bbox 504 4786 2084 4866; baseline 0.007 -25"><span class='ocrx_word' id='word_1_422' title='bbox 504 4788 694 4850; x_wconf 86' lang='lat' dir='ltr'><strong>tentio,</strong></span> <span class='ocrx_word' id='word_1_423' title='bbox 725 4797 783 4841; x_wconf 89' lang='lat' dir='ltr'><strong>ttt</strong></span> <span class='ocrx_word' id='word_1_424' title='bbox 807 4787 948 4842; x_wconf 86' lang='lat' dir='ltr'><strong>dicat</strong></span> <span class='ocrx_word' id='word_1_425' title='bbox 978 4805 991 4842; x_wconf 90' lang='lat'><strong>:</strong></span> <span class='ocrx_word' id='word_1_426' title='bbox 1026 4786 1151 4842; x_wconf 64' lang='lat' dir='ltr'><strong>Haec</strong></span> <span class='ocrx_word' id='word_1_427' title='bbox 1171 4797 1336 4843; x_wconf 88' lang='lat' dir='ltr'><strong>autem</strong></span> <span class='ocrx_word' id='word_1_428' title='bbox 1356 4831 1371 4855; x_wconf 95' lang='lat'><strong>,</strong></span> <span class='ocrx_word' id='word_1_429' title='bbox 1401 4791 1582 4860; x_wconf 80' lang='lat' dir='ltr'><strong>fratres</strong></span> <span class='ocrx_word' id='word_1_430' title='bbox 1601 4834 1615 4858; x_wconf 93' lang='lat'><strong>,</strong></span> <span class='ocrx_word' id='word_1_431' title='bbox 1648 4796 2005 4866; x_wconf 82' lang='lat' dir='ltr'><strong>transﬁguravi</strong></span> <span class='ocrx_word' id='word_1_432' title='bbox 2033 4801 2084 4853; x_wconf 88' lang='lat' dir='ltr'><strong>in</strong></span> 
     </span>
    </p>
   </div>
   <div class='ocr_carea' id='block_1_50' title="bbox 502 4879 2087 4960">
    <p class='ocr_par' dir='ltr' id='par_1_50' title="bbox 502 4879 2087 4960">
     <span class='ocr_line' id='line_1_50' title="bbox 502 4879 2087 4960; baseline 0.008 -27"><span class='ocrx_word' id='word_1_433' title='bbox 502 4895 582 4933; x_wconf 85' lang='lat' dir='ltr'><strong>me</strong></span> <span class='ocrx_word' id='word_1_434' title='bbox 607 4888 652 4932; x_wconf 90' lang='lat' dir='ltr'><strong>et</strong></span> <span class='ocrx_word' id='word_1_435' title='bbox 680 4879 864 4948; x_wconf 86' lang='lat' dir='ltr'><strong>Apollo</strong></span> <span class='ocrx_word' id='word_1_436' title='bbox 889 4890 1093 4952; x_wconf 86' lang='lat' dir='ltr'><strong>prapter</strong></span> <span class='ocrx_word' id='word_1_437' title='bbox 1126 4897 1249 4946; x_wconf 84' lang='lat' dir='ltr'><strong>vos;</strong></span> <span class='ocrx_word' id='word_1_438' title='bbox 1275 4891 1328 4936; x_wconf 91' lang='lat' dir='ltr'><strong>ut</strong></span> <span class='ocrx_word' id='word_1_439' title='bbox 1349 4883 1400 4936; x_wconf 89' lang='lat' dir='ltr'><strong>in</strong></span> <span class='ocrx_word' id='word_1_440' title='bbox 1432 4884 1572 4938; x_wconf 91' lang='lat' dir='ltr'><strong>nobis</strong></span> <span class='ocrx_word' id='word_1_441' title='bbox 1592 4885 1819 4947; x_wconf 85' lang='lat' dir='ltr'><strong>discatis,</strong></span> <span class='ocrx_word' id='word_1_442' title='bbox 1844 4906 1906 4942; x_wconf 89' lang='lat' dir='ltr'><strong>ne</strong></span> <span class='ocrx_word' id='word_1_443' title='bbox 1929 4908 2087 4960; x_wconf 85' lang='lat' dir='ltr'><strong>supra</strong></span> 
     </span>
    </p>
   </div>
   <div class='ocr_carea' id='block_1_51' title="bbox 503 4971 2084 5046">
    <p class='ocr_par' dir='ltr' id='par_1_51' title="bbox 503 4971 2084 5046">
     <span class='ocr_line' id='line_1_51' title="bbox 503 4971 2084 5046; baseline 0.008 -24"><span class='ocrx_word' id='word_1_444' title='bbox 503 4986 656 5040; x_wconf 88' lang='lat' dir='ltr'><strong>quant</strong></span> <span class='ocrx_word' id='word_1_445' title='bbox 682 4971 924 5040; x_wconf 85' lang='lat' dir='ltr'><strong>scriptum</strong></span> <span class='ocrx_word' id='word_1_446' title='bbox 950 4980 1021 5025; x_wconf 90' lang='lat' dir='ltr'><strong>est</strong></span> <span class='ocrx_word' id='word_1_447' title='bbox 1046 4989 1176 5026; x_wconf 88' lang='lat' dir='ltr'><strong>unus</strong></span> <span class='ocrx_word' id='word_1_448' title='bbox 1205 4989 1297 5042; x_wconf 88' lang='lat' dir='ltr'><strong>pro</strong></span> <span class='ocrx_word' id='word_1_449' title='bbox 1322 4974 1478 5028; x_wconf 88' lang='lat' dir='ltr'><strong>altera</strong></span> <span class='ocrx_word' id='word_1_450' title='bbox 1503 4976 1710 5046; x_wconf 86' lang='lat' dir='ltr'><strong>inﬂetur</strong></span> <span class='ocrx_word' id='word_1_451' title='bbox 1741 4979 1979 5034; x_wconf 79' lang='lat' dir='ltr'><strong>adversus</strong></span> <span class='ocrx_word' id='word_1_452' title='bbox 2007 4983 2084 5035; x_wconf 83' lang='lat' dir='ltr'><strong>al-</strong></span> 
     </span>
    </p>
   </div>
   <div class='ocr_carea' id='block_1_52' title="bbox 501 5060 2086 5142">
    <p class='ocr_par' dir='ltr' id='par_1_52' title="bbox 501 5060 2086 5142">
     <span class='ocr_line' id='line_1_52' title="bbox 501 5060 2086 5142; baseline 0.008 -28"><span class='ocrx_word' id='word_1_453' title='bbox 501 5071 683 5116; x_wconf 87' lang='lat' dir='ltr'><strong>terum.</strong></span> <span class='ocrx_word' id='word_1_454' title='bbox 726 5060 850 5126; x_wconf 86' lang='lat' dir='ltr'><strong>Quis</strong></span> <span class='ocrx_word' id='word_1_455' title='bbox 878 5061 1009 5114; x_wconf 89' lang='lat' dir='ltr'><strong>enim</strong></span> <span class='ocrx_word' id='word_1_456' title='bbox 1035 5072 1080 5116; x_wconf 92' lang='lat' dir='ltr'><strong>te</strong></span> <span class='ocrx_word' id='word_1_457' title='bbox 1104 5063 1378 5118; x_wconf 84' lang='lat' dir='ltr'><strong>discernit?</strong></span> <span class='ocrx_word' id='word_1_458' title='bbox 1420 5064 1558 5133; x_wconf 83' lang='lat' dir='ltr'><strong>Quid</strong></span> <span class='ocrx_word' id='word_1_459' title='bbox 1575 5070 1756 5124; x_wconf 82' lang='lat' dir='ltr'><strong>autem</strong></span> <span class='ocrx_word' id='word_1_460' title='bbox 1777 5071 1926 5124; x_wconf 87' lang='lat' dir='ltr'><strong>habes</strong></span> <span class='ocrx_word' id='word_1_461' title='bbox 1950 5074 2086 5142; x_wconf 89' lang='lat' dir='ltr'><strong>quod</strong></span> 
     </span>
    </p>
   </div>
   <div class='ocr_carea' id='block_1_53' title="bbox 500 5153 2086 5233">
    <p class='ocr_par' dir='ltr' id='par_1_53' title="bbox 500 5153 2086 5233">
     <span class='ocr_line' id='line_1_53' title="bbox 500 5153 2086 5233; baseline 0.008 -27"><span class='ocrx_word' id='word_1_462' title='bbox 500 5169 602 5206; x_wconf 88' lang='lat' dir='ltr'><strong>non</strong></span> <span class='ocrx_word' id='word_1_463' title='bbox 654 5153 933 5224; x_wconf 86' lang='lat' dir='ltr'><strong>accepisti?</strong></span> <span class='ocrx_word' id='word_1_464' title='bbox 973 5155 1033 5210; x_wconf 89' lang='lat' dir='ltr'><strong>Si</strong></span> <span class='ocrx_word' id='word_1_465' title='bbox 1075 5167 1241 5210; x_wconf 89' lang='lat' dir='ltr'><strong>autem</strong></span> <span class='ocrx_word' id='word_1_466' title='bbox 1283 5165 1328 5211; x_wconf 86' lang='lat' dir='ltr'><strong>et</strong></span> <span class='ocrx_word' id='word_1_467' title='bbox 1366 5160 1635 5227; x_wconf 84' lang='lat' dir='ltr'><strong>accepisti,</strong></span> <span class='ocrx_word' id='word_1_468' title='bbox 1686 5161 1808 5231; x_wconf 87' lang='lat' dir='ltr'><strong>quid</strong></span> <span class='ocrx_word' id='word_1_469' title='bbox 1850 5164 2086 5233; x_wconf 84' lang='lat' dir='ltr'><strong>gloriaris</strong></span> 
     </span>
    </p>
   </div>
   <div class='ocr_carea' id='block_1_54' title="bbox 500 5243 1490 5320">
    <p class='ocr_par' dir='ltr' id='par_1_54' title="bbox 500 5243 1490 5320">
     <span class='ocr_line' id='line_1_54' title="bbox 500 5243 1490 5320; baseline 0.008 -25"><span class='ocrx_word' id='word_1_470' title='bbox 500 5244 648 5313; x_wconf 87' lang='lat' dir='ltr'><strong>quasi</strong></span> <span class='ocrx_word' id='word_1_471' title='bbox 673 5261 772 5298; x_wconf 87' lang='lat' dir='ltr'><strong>non</strong></span> <span class='ocrx_word' id='word_1_472' title='bbox 801 5247 1050 5316; x_wconf 89' lang='lat' dir='ltr'><strong>acceperis</strong></span> <span class='ocrx_word' id='word_1_473' title='bbox 1078 5243 1188 5319; x_wconf 92' lang='lat' dir='ltr'><strong>(ld.</strong></span> <span class='ocrx_word' id='word_1_474' title='bbox 1213 5263 1285 5311; x_wconf 86' lang='lat' dir='ltr'><strong>tv,</strong></span> <span class='ocrx_word' id='word_1_475' title='bbox 1313 5249 1366 5314; x_wconf 88' lang='lat'><strong>6,</strong></span> <span class='ocrx_word' id='word_1_476' title='bbox 1397 5247 1490 5320; x_wconf 88' lang='lat'><strong>7)?</strong></span> 
     </span>
    </p>
   </div>
   <div class='ocr_carea' id='block_1_55' title="bbox 578 5335 2086 5419">
    <p class='ocr_par' dir='ltr' id='par_1_55' title="bbox 578 5335 2086 5419">
     <span class='ocr_line' id='line_1_55' title="bbox 578 5335 2086 5419; baseline 0.01 -30"><span class='ocrx_word' id='word_1_477' title='bbox 578 5336 663 5390; x_wconf 80' lang='grc'><strong>10.</strong></span> <span class='ocrx_word' id='word_1_478' title='bbox 709 5335 763 5390; x_wconf 91' lang='lat' dir='ltr'><strong>In</strong></span> <span class='ocrx_word' id='word_1_479' title='bbox 797 5337 896 5393; x_wconf 92' lang='lat' dir='ltr'><strong>hac</strong></span> <span class='ocrx_word' id='word_1_480' title='bbox 925 5339 1161 5407; x_wconf 81' lang='lat' dir='ltr'><strong>Apostoli</strong></span> <span class='ocrx_word' id='word_1_481' title='bbox 1191 5338 1587 5396; x_wconf 75' lang='lat' dir='ltr'><strong>evidentiSsima</strong></span> <span class='ocrx_word' id='word_1_482' title='bbox 1618 5343 1942 5414; x_wconf 86' lang='lat' dir='ltr'><strong>intentione,</strong></span> <span class='ocrx_word' id='word_1_483' title='bbox 1984 5364 2086 5419; x_wconf 89' lang='lat' dir='ltr'><strong>qua</strong></span> 
     </span>
    </p>
   </div>
   <div class='ocr_carea' id='block_1_56' title="bbox 503 5427 2085 5508">
    <p class='ocr_par' dir='ltr' id='par_1_56' title="bbox 503 5427 2085 5508">
     <span class='ocr_line' id='line_1_56' title="bbox 503 5427 2085 5508; baseline 0.009 -27"><span class='ocrx_word' id='word_1_484' title='bbox 503 5437 686 5481; x_wconf 79' lang='lat' dir='ltr'><strong>eontra</strong></span> <span class='ocrx_word' id='word_1_485' title='bbox 712 5427 996 5482; x_wconf 87' lang='lat' dir='ltr'><strong>humanam</strong></span> <span class='ocrx_word' id='word_1_486' title='bbox 1019 5429 1321 5499; x_wconf 85' lang='lat' dir='ltr'><strong>superbiam</strong></span> <span class='ocrx_word' id='word_1_487' title='bbox 1351 5431 1610 5502; x_wconf 89' lang='lat' dir='ltr'><strong>loquitur,</strong></span> <span class='ocrx_word' id='word_1_488' title='bbox 1641 5451 1708 5490; x_wconf 91' lang='lat' dir='ltr'><strong>ne</strong></span> <span class='ocrx_word' id='word_1_489' title='bbox 1731 5438 2006 5508; x_wconf 87' lang='lat' dir='ltr'><strong>quisquam</strong></span> <span class='ocrx_word' id='word_1_490' title='bbox 2032 5441 2085 5496; x_wconf 90' lang='lat' dir='ltr'><strong>in</strong></span> 
     </span>
    </p>
   </div>
   <div class='ocr_carea' id='block_1_57' title="bbox 505 5519 2087 5592">
    <p class='ocr_par' dir='ltr' id='par_1_57' title="bbox 505 5519 2087 5592">
     <span class='ocr_line' id='line_1_57' title="bbox 505 5519 2087 5592; baseline 0.011 -19"><span class='ocrx_word' id='word_1_491' title='bbox 505 5519 753 5585; x_wconf 85' lang='lat' dir='ltr'><strong>homine,</strong></span> <span class='ocrx_word' id='word_1_492' title='bbox 781 5521 874 5574; x_wconf 87' lang='lat' dir='ltr'><strong>sed</strong></span> <span class='ocrx_word' id='word_1_493' title='bbox 903 5522 954 5575; x_wconf 91' lang='lat' dir='ltr'><strong>in</strong></span> <span class='ocrx_word' id='word_1_494' title='bbox 983 5522 1207 5576; x_wconf 91' lang='lat' dir='ltr'><strong>Domino</strong></span> <span class='ocrx_word' id='word_1_495' title='bbox 1231 5524 1515 5592; x_wconf 84' lang='lat' dir='ltr'><strong>glorietur,</strong></span> <span class='ocrx_word' id='word_1_496' title='bbox 1543 5527 1679 5582; x_wconf 88' lang='lat' dir='ltr'><strong>dona</strong></span> <span class='ocrx_word' id='word_1_497' title='bbox 1703 5530 1792 5585; x_wconf 90' lang='lat' dir='ltr'><strong>Dei</strong></span> <span class='ocrx_word' id='word_1_498' title='bbox 1825 5535 2087 5591; x_wconf 88' lang='lat' dir='ltr'><strong>naturalia</strong></span> 
     </span>
    </p>
   </div>
   <div class='ocr_carea' id='block_1_58' title="bbox 505 5613 2084 5696">
    <p class='ocr_par' dir='ltr' id='par_1_58' title="bbox 505 5613 2084 5696">
     <span class='ocr_line' id='line_1_58' title="bbox 505 5613 2084 5696; baseline 0.008 -26"><span class='ocrx_word' id='word_1_499' title='bbox 505 5613 804 5685; x_wconf 79' lang='lat' dir='ltr'><strong>suspicari,</strong></span> <span class='ocrx_word' id='word_1_500' title='bbox 851 5615 962 5669; x_wconf 84' lang='lat' dir='ltr'><strong>sive</strong></span> <span class='ocrx_word' id='word_1_501' title='bbox 1007 5615 1175 5685; x_wconf 86' lang='lat' dir='ltr'><strong>ipsam</strong></span> <span class='ocrx_word' id='word_1_502' title='bbox 1203 5623 1364 5670; x_wconf 88' lang='lat' dir='ltr'><strong>totam</strong></span> <span class='ocrx_word' id='word_1_503' title='bbox 1394 5615 1791 5693; x_wconf 75' lang='lat' dir='ltr'><strong>perfectamque</strong></span> <span class='ocrx_word' id='word_1_504' title='bbox 1818 5634 2084 5696; x_wconf 89' lang='lat' dir='ltr'><strong>naturam,</strong></span> 
     </span>
    </p>
   </div>
   <div class='ocr_carea' id='block_1_59' title="bbox 507 5705 2085 5784">
    <p class='ocr_par' dir='ltr' id='par_1_59' title="bbox 507 5705 2085 5784">
     <span class='ocr_line' id='line_1_59' title="bbox 507 5705 2085 5784; baseline 0.013 -26"><span class='ocrx_word' id='word_1_505' title='bbox 507 5705 681 5773; x_wconf 87' lang='lat' dir='ltr'><strong>qualis</strong></span> <span class='ocrx_word' id='word_1_506' title='bbox 725 5706 776 5758; x_wconf 89' lang='lat' dir='ltr'><strong>in</strong></span> <span class='ocrx_word' id='word_1_507' title='bbox 808 5706 975 5776; x_wconf 85' lang='lat' dir='ltr'><strong>prima</strong></span> <span class='ocrx_word' id='word_1_508' title='bbox 1015 5707 1320 5764; x_wconf 84' lang='lat' dir='ltr'><strong>conditione</strong></span> <span class='ocrx_word' id='word_1_509' title='bbox 1349 5709 1541 5766; x_wconf 86' lang='lat' dir='ltr'><strong>donata</strong></span> <span class='ocrx_word' id='word_1_510' title='bbox 1572 5721 1655 5769; x_wconf 85' lang='lat' dir='ltr'><strong>est</strong></span> <span class='ocrx_word' id='word_1_511' title='bbox 1679 5757 1692 5784; x_wconf 92' lang='lat'><strong>,</strong></span> <span class='ocrx_word' id='word_1_512' title='bbox 1747 5717 1858 5773; x_wconf 77' lang='lat' dir='ltr'><strong>sive</strong></span> <span class='ocrx_word' id='word_1_513' title='bbox 1886 5719 2085 5778; x_wconf 69' lang='lat' dir='ltr'><strong>vitiata:-</strong></span> 
     </span>
    </p>
   </div>
   <div class='ocr_carea' id='block_1_60' title="bbox 569 5819 1137 5877">
    <p class='ocr_par' dir='ltr' id='par_1_60' title="bbox 569 5819 1137 5877">
     <span class='ocr_line' id='line_1_60' title="bbox 569 5819 1137 5877; baseline 0.009 -10"><span class='ocrx_word' id='word_1_514' title='bbox 569 5819 587 5850; x_wconf 79' lang='grc'>⁸</span> <span class='ocrx_word' id='word_1_515' title='bbox 613 5820 684 5867; x_wconf 75' lang='lat' dir='ltr'><strong>sic</strong></span> <span class='ocrx_word' id='word_1_516' title='bbox 711 5826 812 5867; x_wconf 69' lang='lat' dir='ltr'><strong>uss.</strong></span> <span class='ocrx_word' id='word_1_517' title='bbox 835 5820 967 5877; x_wconf 73' lang='lat' dir='ltr'><strong>miti,</strong></span> <span class='ocrx_word' id='word_1_518' title='bbox 998 5828 1137 5872; x_wconf 76' lang='lat' dir='ltr'><strong>Deus.</strong></span> 
     </span>
    </p>
   </div>
   <div class='ocr_carea' id='block_1_61' title="bbox 1747 355 2554 416">
    <p class='ocr_par' dir='ltr' id='par_1_61' title="bbox 1747 355 2554 416">
     <span class='ocr_line' id='line_1_61' title="bbox 1747 355 2554 416; baseline 0.001 -1"><span class='ocrx_word' id='word_1_519' title='bbox 1747 359 1806 415; x_wconf 84' lang='lat' dir='ltr'><strong>S.</strong></span> <span class='ocrx_word' id='word_1_520' title='bbox 1849 355 2210 416; x_wconf 73' lang='lat' dir='ltr'><strong>AUGUSTINI</strong></span> <span class='ocrx_word' id='word_1_521' title='bbox 2251 357 2554 416; x_wconf 79' lang='lat' dir='ltr'><strong>EPISCOPl</strong></span> 
     </span>
    </p>
   </div>
   <div class='ocr_carea' id='block_1_62' title="bbox 3685 373 3790 433">
    <p class='ocr_par' dir='ltr' id='par_1_62' title="bbox 3685 373 3790 433">
     <span class='ocr_line' id='line_1_62' title="bbox 3685 373 3790 433; baseline 0.01 -1"><span class='ocrx_word' id='word_1_522' title='bbox 3685 373 3790 433; x_wconf 77' lang='lat'><strong>963</strong></span> 
     </span>
    </p>
   </div>
   <div class='ocr_carea' id='block_1_63' title="bbox 2207 473 3868 555">
    <p class='ocr_par' dir='ltr' id='par_1_63' title="bbox 2207 473 3868 555">
     <span class='ocr_line' id='line_1_63' title="bbox 2207 473 3868 555; baseline 0.012 -32"><span class='ocrx_word' id='word_1_523' title='bbox 2207 479 2412 526; x_wconf 69' lang='lat' dir='ltr'><strong>natura:</strong></span> <span class='ocrx_word' id='word_1_524' title='bbox 2439 473 2854 547; x_wconf 86' lang='lat' dir='ltr'><strong>qualescumque</strong></span> <span class='ocrx_word' id='word_1_525' title='bbox 2881 477 3152 550; x_wconf 85' lang='lat' dir='ltr'><strong>reliquias,</strong></span> <span class='ocrx_word' id='word_1_526' title='bbox 3183 481 3362 552; x_wconf 84' lang='lat' dir='ltr'><strong>nimis,</strong></span> <span class='ocrx_word' id='word_1_527' title='bbox 3391 491 3648 555; x_wconf 85' lang='lat' dir='ltr'><strong>quantum</strong></span> <span class='ocrx_word' id='word_1_528' title='bbox 3678 487 3795 542; x_wconf 41' lang='lat' dir='ltr'><strong>exis</strong></span> 
     </span>
    </p>
   </div>
   <div class='ocr_carea' id='block_1_64' title="bbox 2201 561 3795 643">
    <p class='ocr_par' dir='ltr' id='par_1_64' title="bbox 2201 561 3795 643">
     <span class='ocr_line' id='line_1_64' title="bbox 2201 561 3795 643; baseline 0.013 -30"><span class='ocrx_word' id='word_1_529' title='bbox 2201 561 2391 628; x_wconf 83' lang='lat' dir='ltr'><strong>stimo,</strong></span> <span class='ocrx_word' id='word_1_530' title='bbox 2438 564 2727 620; x_wconf 87' lang='lat' dir='ltr'><strong>absurdum</strong></span> <span class='ocrx_word' id='word_1_531' title='bbox 2759 576 2860 622; x_wconf 89' lang='lat' dir='ltr'><strong>est.</strong></span> <span class='ocrx_word' id='word_1_532' title='bbox 2901 567 3170 640; x_wconf 87' lang='lat' dir='ltr'><strong>Numquid</strong></span> <span class='ocrx_word' id='word_1_533' title='bbox 3200 573 3343 627; x_wconf 91' lang='lat' dir='ltr'><strong>enim</strong></span> <span class='ocrx_word' id='word_1_534' title='bbox 3372 589 3470 643; x_wconf 88' lang='lat' dir='ltr'><strong>per</strong></span> <span class='ocrx_word' id='word_1_535' title='bbox 3503 574 3620 632; x_wconf 81' lang='lat' dir='ltr'><strong>haec</strong></span> <span class='ocrx_word' id='word_1_536' title='bbox 3653 576 3795 633; x_wconf 84' lang='lat' dir='ltr'><strong>dona</strong></span> 
     </span>
    </p>
   </div>
   <div class='ocr_carea' id='block_1_65' title="bbox 2202 655 3797 733">
    <p class='ocr_par' dir='ltr' id='par_1_65' title="bbox 2202 655 3797 733">
     <span class='ocr_line' id='line_1_65' title="bbox 2202 655 3797 733; baseline 0.013 -29"><span class='ocrx_word' id='word_1_537' title='bbox 2202 665 2320 720; x_wconf 74' lang='lat' dir='ltr'><strong>qua:</strong></span> <span class='ocrx_word' id='word_1_538' title='bbox 2349 655 2595 711; x_wconf 90' lang='lat' dir='ltr'><strong>omnibus</strong></span> <span class='ocrx_word' id='word_1_539' title='bbox 2614 659 2916 714; x_wconf 89' lang='lat' dir='ltr'><strong>communia</strong></span> <span class='ocrx_word' id='word_1_540' title='bbox 2941 670 3065 716; x_wconf 84' lang='lat' dir='ltr'><strong>sunt</strong></span> <span class='ocrx_word' id='word_1_541' title='bbox 3103 661 3408 720; x_wconf 89' lang='lat' dir='ltr'><strong>hominibus</strong></span> <span class='ocrx_word' id='word_1_542' title='bbox 3432 708 3448 733; x_wconf 94' lang='lat'><strong>,</strong></span> <span class='ocrx_word' id='word_1_543' title='bbox 3479 667 3797 723; x_wconf 82' lang='lat' dir='ltr'><strong>discernun-</strong></span> 
     </span>
    </p>
   </div>
   <div class='ocr_carea' id='block_1_66' title="bbox 2207 743 3796 827">
    <p class='ocr_par' dir='ltr' id='par_1_66' title="bbox 2207 743 3796 827">
     <span class='ocr_line' id='line_1_66' title="bbox 2207 743 3796 827; baseline 0.012 -32"><span class='ocrx_word' id='word_1_544' title='bbox 2207 749 2291 796; x_wconf 91' lang='lat' dir='ltr'><strong>tur</strong></span> <span class='ocrx_word' id='word_1_545' title='bbox 2335 743 2580 800; x_wconf 86' lang='lat' dir='ltr'><strong>homines</strong></span> <span class='ocrx_word' id='word_1_546' title='bbox 2607 749 2675 801; x_wconf 91' lang='lat' dir='ltr'><strong>ab</strong></span> <span class='ocrx_word' id='word_1_547' title='bbox 2725 747 3068 807; x_wconf 88' lang='lat' dir='ltr'><strong>hominibus?</strong></span> <span class='ocrx_word' id='word_1_548' title='bbox 3110 753 3206 809; x_wconf 88' lang='lat' dir='ltr'><strong>Hic</strong></span> <span class='ocrx_word' id='word_1_549' title='bbox 3240 765 3419 810; x_wconf 88' lang='lat' dir='ltr'><strong>autem</strong></span> <span class='ocrx_word' id='word_1_550' title='bbox 3451 760 3600 827; x_wconf 90' lang='lat' dir='ltr'><strong>prius</strong></span> <span class='ocrx_word' id='word_1_551' title='bbox 3626 759 3796 826; x_wconf 81' lang='lat' dir='ltr'><strong>dixit,</strong></span> 
     </span>
    </p>
   </div>
   <div class='ocr_carea' id='block_1_67' title="bbox 2206 830 3801 915">
    <p class='ocr_par' dir='ltr' id='par_1_67' title="bbox 2206 830 3801 915">
     <span class='ocr_line' id='line_1_67' title="bbox 2206 830 3801 915; baseline 0.013 -33"><span class='ocrx_word' id='word_1_552' title='bbox 2206 830 2331 894; x_wconf 82' lang='lat' dir='ltr'><strong>Quis</strong></span> <span class='ocrx_word' id='word_1_553' title='bbox 2354 835 2485 886; x_wconf 88' lang='lat' dir='ltr'><strong>enim</strong></span> <span class='ocrx_word' id='word_1_554' title='bbox 2509 845 2555 888; x_wconf 85' lang='lat' dir='ltr'><strong>te</strong></span> <span class='ocrx_word' id='word_1_555' title='bbox 2581 836 2865 892; x_wconf 81' lang='lat' dir='ltr'><strong>discernit?</strong></span> <span class='ocrx_word' id='word_1_556' title='bbox 2899 848 2955 895; x_wconf 89' lang='lat' dir='ltr'><strong>et</strong></span> <span class='ocrx_word' id='word_1_557' title='bbox 2977 841 3171 898; x_wconf 86' lang='lat' dir='ltr'><strong>deinde</strong></span> <span class='ocrx_word' id='word_1_558' title='bbox 3195 845 3431 913; x_wconf 89' lang='lat' dir='ltr'><strong>addidit,</strong></span> <span class='ocrx_word' id='word_1_559' title='bbox 3465 848 3604 915; x_wconf 83' lang='lat' dir='ltr'><strong>Quid</strong></span> <span class='ocrx_word' id='word_1_560' title='bbox 3631 861 3801 904; x_wconf 87' lang='lat' dir='ltr'><strong>autem</strong></span> 
     </span>
    </p>
   </div>
   <div class='ocr_carea' id='block_1_68' title="bbox 2201 921 3802 1006">
    <p class='ocr_par' dir='ltr' id='par_1_68' title="bbox 2201 921 3802 1006">
     <span class='ocr_line' id='line_1_68' title="bbox 2201 921 3802 1006; baseline 0.015 -32"><span class='ocrx_word' id='word_1_561' title='bbox 2201 921 2352 977; x_wconf 80' lang='lat' dir='ltr'><strong>habes</strong></span> <span class='ocrx_word' id='word_1_562' title='bbox 2384 925 2520 996; x_wconf 89' lang='lat' dir='ltr'><strong>quod</strong></span> <span class='ocrx_word' id='word_1_563' title='bbox 2544 943 2643 981; x_wconf 87' lang='lat' dir='ltr'><strong>non</strong></span> <span class='ocrx_word' id='word_1_564' title='bbox 2669 930 2958 999; x_wconf 82' lang='lat' dir='ltr'><strong>accepisti?</strong></span> <span class='ocrx_word' id='word_1_565' title='bbox 2985 931 3174 988; x_wconf 80' lang='lat' dir='ltr'><strong>Posset</strong></span> <span class='ocrx_word' id='word_1_566' title='bbox 3207 935 3402 1006; x_wconf 89' lang='lat' dir='ltr'><strong>quippe</strong></span> <span class='ocrx_word' id='word_1_567' title='bbox 3426 937 3609 994; x_wconf 88' lang='lat' dir='ltr'><strong>dicere</strong></span> <span class='ocrx_word' id='word_1_568' title='bbox 3637 941 3802 998; x_wconf 87' lang='lat' dir='ltr'><strong>homo</strong></span> 
     </span>
    </p>
   </div>
   <div class='ocr_carea' id='block_1_69' title="bbox 2202 1011 3796 1098">
    <p class='ocr_par' dir='ltr' id='par_1_69' title="bbox 2202 1011 3796 1098">
     <span class='ocr_line' id='line_1_69' title="bbox 2202 1011 3796 1098; baseline 0.013 -33"><span class='ocrx_word' id='word_1_569' title='bbox 2202 1011 2416 1068; x_wconf 85' lang='lat' dir='ltr'><strong>inﬂatus</strong></span> <span class='ocrx_word' id='word_1_570' title='bbox 2453 1015 2711 1072; x_wconf 88' lang='lat' dir='ltr'><strong>adversus</strong></span> <span class='ocrx_word' id='word_1_571' title='bbox 2748 1019 2979 1076; x_wconf 83' lang='lat' dir='ltr'><strong>alterum</strong></span> <span class='ocrx_word' id='word_1_572' title='bbox 3004 1063 3019 1088; x_wconf 96' lang='lat'><strong>,</strong></span> <span class='ocrx_word' id='word_1_573' title='bbox 3073 1023 3338 1080; x_wconf 90' lang='lat' dir='ltr'><strong>Discernit</strong></span> <span class='ocrx_word' id='word_1_574' title='bbox 3363 1043 3448 1082; x_wconf 92' lang='lat' dir='ltr'><strong>me</strong></span> <span class='ocrx_word' id='word_1_575' title='bbox 3488 1028 3624 1084; x_wconf 82' lang='lat' dir='ltr'><strong>ﬁdes</strong></span> <span class='ocrx_word' id='word_1_576' title='bbox 3655 1045 3796 1098; x_wconf 90' lang='lat' dir='ltr'><strong>mea,</strong></span> 
     </span>
    </p>
   </div>
   <div class='ocr_carea' id='block_1_70' title="bbox 2194 1103 3800 1181">
    <p class='ocr_par' dir='ltr' id='par_1_70' title="bbox 2194 1103 3800 1181">
     <span class='ocr_line' id='line_1_70' title="bbox 2194 1103 3800 1181; baseline 0.012 -25"><span class='ocrx_word' id='word_1_577' title='bbox 2194 1103 2401 1174; x_wconf 88' lang='lat' dir='ltr'><strong>justitia</strong></span> <span class='ocrx_word' id='word_1_578' title='bbox 2437 1122 2555 1161; x_wconf 86' lang='lat' dir='ltr'><strong>mea</strong></span> <span class='ocrx_word' id='word_1_579' title='bbox 2581 1147 2596 1173; x_wconf 92' lang='lat'><strong>,</strong></span> <span class='ocrx_word' id='word_1_580' title='bbox 2628 1110 2711 1164; x_wconf 91' lang='lat' dir='ltr'><strong>vel</strong></span> <span class='ocrx_word' id='word_1_581' title='bbox 2749 1109 2794 1164; x_wconf 90' lang='lat' dir='ltr'><strong>si</strong></span> <span class='ocrx_word' id='word_1_582' title='bbox 2833 1111 2961 1181; x_wconf 90' lang='lat' dir='ltr'><strong>quid</strong></span> <span class='ocrx_word' id='word_1_583' title='bbox 2993 1113 3159 1168; x_wconf 87' lang='lat' dir='ltr'><strong>aliud.</strong></span> <span class='ocrx_word' id='word_1_584' title='bbox 3208 1114 3426 1170; x_wconf 88' lang='lat' dir='ltr'><strong>Talibus</strong></span> <span class='ocrx_word' id='word_1_585' title='bbox 3455 1118 3472 1149; x_wconf 85' lang='grc'>¹</span> <span class='ocrx_word' id='word_1_586' title='bbox 3503 1134 3800 1178; x_wconf 60' lang='lat' dir='ltr'><strong>occurrens</strong></span> 
     </span>
    </p>
   </div>
   <div class='ocr_carea' id='block_1_71' title="bbox 2201 1195 3796 1278">
    <p class='ocr_par' dir='ltr' id='par_1_71' title="bbox 2201 1195 3796 1278">
     <span class='ocr_line' id='line_1_71' title="bbox 2201 1195 3796 1278; baseline 0.013 -31"><span class='ocrx_word' id='word_1_587' title='bbox 2201 1195 2609 1263; x_wconf 78' lang='lat' dir='ltr'><strong>cogitationibus</strong></span> <span class='ocrx_word' id='word_1_588' title='bbox 2647 1199 2819 1255; x_wconf 90' lang='lat' dir='ltr'><strong>bonus</strong></span> <span class='ocrx_word' id='word_1_589' title='bbox 2847 1201 3036 1258; x_wconf 91' lang='lat' dir='ltr'><strong>doctor</strong></span> <span class='ocrx_word' id='word_1_590' title='bbox 3055 1246 3071 1271; x_wconf 90' lang='lat'><strong>,</strong></span> <span class='ocrx_word' id='word_1_591' title='bbox 3123 1205 3259 1271; x_wconf 84' lang='lat' dir='ltr'><strong>Quid</strong></span> <span class='ocrx_word' id='word_1_592' title='bbox 3281 1217 3448 1262; x_wconf 87' lang='lat' dir='ltr'><strong>autem</strong></span> <span class='ocrx_word' id='word_1_593' title='bbox 3477 1209 3633 1264; x_wconf 82' lang='lat' dir='ltr'><strong>habes</strong></span> <span class='ocrx_word' id='word_1_594' title='bbox 3658 1252 3674 1278; x_wconf 95' lang='lat'><strong>,</strong></span> <span class='ocrx_word' id='word_1_595' title='bbox 3715 1212 3796 1268; x_wconf 88' lang='lat' dir='ltr'><strong>in-</strong></span> 
     </span>
    </p>
   </div>
   <div class='ocr_carea' id='block_1_72' title="bbox 2198 1286 3797 1370">
    <p class='ocr_par' dir='ltr' id='par_1_72' title="bbox 2198 1286 3797 1370">
     <span class='ocr_line' id='line_1_72' title="bbox 2198 1286 3797 1370; baseline 0.014 -33"><span class='ocrx_word' id='word_1_596' title='bbox 2198 1286 2345 1356; x_wconf 88' lang='lat' dir='ltr'><strong>quit,</strong></span> <span class='ocrx_word' id='word_1_597' title='bbox 2373 1287 2510 1351; x_wconf 79' lang='lat' dir='ltr'><strong>quod</strong></span> <span class='ocrx_word' id='word_1_598' title='bbox 2547 1305 2646 1343; x_wconf 88' lang='lat' dir='ltr'><strong>non</strong></span> <span class='ocrx_word' id='word_1_599' title='bbox 2675 1292 2959 1361; x_wconf 87' lang='lat' dir='ltr'><strong>accepisti?</strong></span> <span class='ocrx_word' id='word_1_600' title='bbox 2999 1296 3044 1349; x_wconf 87' lang='lat' dir='ltr'><strong>A</strong></span> <span class='ocrx_word' id='word_1_601' title='bbox 3073 1311 3180 1365; x_wconf 93' lang='lat' dir='ltr'><strong>quo</strong></span> <span class='ocrx_word' id='word_1_602' title='bbox 3203 1336 3218 1361; x_wconf 94' lang='lat'><strong>,</strong></span> <span class='ocrx_word' id='word_1_603' title='bbox 3263 1297 3363 1351; x_wconf 89' lang='lat' dir='ltr'><strong>nisi</strong></span> <span class='ocrx_word' id='word_1_604' title='bbox 3401 1297 3470 1352; x_wconf 89' lang='lat' dir='ltr'><strong>ab</strong></span> <span class='ocrx_word' id='word_1_605' title='bbox 3511 1299 3602 1354; x_wconf 91' lang='lat' dir='ltr'><strong>illo</strong></span> <span class='ocrx_word' id='word_1_606' title='bbox 3629 1301 3720 1370; x_wconf 88' lang='lat' dir='ltr'><strong>qui</strong></span> <span class='ocrx_word' id='word_1_607' title='bbox 3746 1311 3797 1359; x_wconf 84' lang='lat' dir='ltr'><strong>te</strong></span> 
     </span>
    </p>
   </div>
   <div class='ocr_carea' id='block_1_73' title="bbox 2203 1375 3795 1457">
    <p class='ocr_par' dir='ltr' id='par_1_73' title="bbox 2203 1375 3795 1457">
     <span class='ocr_line' id='line_1_73' title="bbox 2203 1375 3795 1457; baseline 0.012 -29"><span class='ocrx_word' id='word_1_608' title='bbox 2203 1375 2461 1431; x_wconf 90' lang='lat' dir='ltr'><strong>discernit</strong></span> <span class='ocrx_word' id='word_1_609' title='bbox 2484 1378 2553 1433; x_wconf 89' lang='lat' dir='ltr'><strong>ab</strong></span> <span class='ocrx_word' id='word_1_610' title='bbox 2581 1380 2688 1434; x_wconf 91' lang='lat' dir='ltr'><strong>alio</strong></span> <span class='ocrx_word' id='word_1_611' title='bbox 2711 1422 2726 1445; x_wconf 97' lang='lat'><strong>,</strong></span> <span class='ocrx_word' id='word_1_612' title='bbox 2756 1381 2844 1436; x_wconf 91' lang='lat' dir='ltr'><strong>cui</strong></span> <span class='ocrx_word' id='word_1_613' title='bbox 2869 1399 2976 1438; x_wconf 90' lang='lat' dir='ltr'><strong>non</strong></span> <span class='ocrx_word' id='word_1_614' title='bbox 3005 1384 3223 1440; x_wconf 89' lang='lat' dir='ltr'><strong>donavit</strong></span> <span class='ocrx_word' id='word_1_615' title='bbox 3249 1386 3391 1457; x_wconf 91' lang='lat' dir='ltr'><strong>quod</strong></span> <span class='ocrx_word' id='word_1_616' title='bbox 3416 1389 3640 1444; x_wconf 84' lang='lat' dir='ltr'><strong>donavit</strong></span> <span class='ocrx_word' id='word_1_617' title='bbox 3668 1391 3795 1448; x_wconf 75' lang='lat' dir='ltr'><strong>tibi?</strong></span> 
     </span>
    </p>
   </div>
   <div class='ocr_carea' id='block_1_74' title="bbox 2201 1464 3797 1548">
    <p class='ocr_par' dir='ltr' id='par_1_74' title="bbox 2201 1464 3797 1548">
     <span class='ocr_line' id='line_1_74' title="bbox 2201 1464 3797 1548; baseline 0.01 -28"><span class='ocrx_word' id='word_1_618' title='bbox 2201 1464 2262 1520; x_wconf 86' lang='lat' dir='ltr'><strong>Si</strong></span> <span class='ocrx_word' id='word_1_619' title='bbox 2292 1477 2461 1521; x_wconf 89' lang='lat' dir='ltr'><strong>autem</strong></span> <span class='ocrx_word' id='word_1_620' title='bbox 2481 1478 2527 1523; x_wconf 90' lang='lat' dir='ltr'><strong>et</strong></span> <span class='ocrx_word' id='word_1_621' title='bbox 2546 1471 2782 1542; x_wconf 80' lang='lat' dir='ltr'><strong>accepisti</strong></span> <span class='ocrx_word' id='word_1_622' title='bbox 2801 1514 2816 1540; x_wconf 93' lang='lat'><strong>,</strong></span> <span class='ocrx_word' id='word_1_623' title='bbox 2846 1474 2952 1540; x_wconf 88' lang='lat' dir='ltr'><strong>ait,</strong></span> <span class='ocrx_word' id='word_1_624' title='bbox 2999 1475 3122 1544; x_wconf 89' lang='lat' dir='ltr'><strong>quid</strong></span> <span class='ocrx_word' id='word_1_625' title='bbox 3147 1477 3383 1547; x_wconf 88' lang='lat' dir='ltr'><strong>gloriaris</strong></span> <span class='ocrx_word' id='word_1_626' title='bbox 3409 1480 3558 1548; x_wconf 86' lang='lat' dir='ltr'><strong>quasi</strong></span> <span class='ocrx_word' id='word_1_627' title='bbox 3582 1496 3686 1535; x_wconf 87' lang='lat' dir='ltr'><strong>non</strong></span> <span class='ocrx_word' id='word_1_628' title='bbox 3712 1497 3797 1536; x_wconf 86' lang='lat' dir='ltr'><strong>ac-</strong></span> 
     </span>
    </p>
   </div>
   <div class='ocr_carea' id='block_1_75' title="bbox 2196 1559 3796 1642">
    <p class='ocr_par' dir='ltr' id='par_1_75' title="bbox 2196 1559 3796 1642">
     <span class='ocr_line' id='line_1_75' title="bbox 2196 1559 3796 1642; baseline 0.011 -32"><span class='ocrx_word' id='word_1_629' title='bbox 2196 1559 2390 1627; x_wconf 84' lang='lat' dir='ltr'><strong>ceperis</strong></span> <span class='ocrx_word' id='word_1_630' title='bbox 2410 1559 2436 1613; x_wconf 77' lang='lat'><strong>?</strong></span> <span class='ocrx_word' id='word_1_631' title='bbox 2482 1559 2619 1614; x_wconf 87' lang='lat' dir='ltr'><strong>Num</strong></span> <span class='ocrx_word' id='word_1_632' title='bbox 2640 1603 2655 1626; x_wconf 93' lang='lat'><strong>,</strong></span> <span class='ocrx_word' id='word_1_633' title='bbox 2681 1577 2864 1632; x_wconf 58' lang='lat' dir='ltr'><strong>quaeso</strong></span> <span class='ocrx_word' id='word_1_634' title='bbox 2884 1605 2899 1630; x_wconf 93' lang='lat'><strong>,</strong></span> <span class='ocrx_word' id='word_1_635' title='bbox 2931 1565 3041 1635; x_wconf 85' lang='lat' dir='ltr'><strong>agit</strong></span> <span class='ocrx_word' id='word_1_636' title='bbox 3071 1566 3244 1634; x_wconf 88' lang='lat' dir='ltr'><strong>aliud,</strong></span> <span class='ocrx_word' id='word_1_637' title='bbox 3276 1567 3377 1623; x_wconf 90' lang='lat' dir='ltr'><strong>nisi</strong></span> <span class='ocrx_word' id='word_1_638' title='bbox 3411 1571 3580 1640; x_wconf 90' lang='lat' dir='ltr'><strong>utqui</strong></span> <span class='ocrx_word' id='word_1_639' title='bbox 3606 1571 3796 1642; x_wconf 80' lang='lat' dir='ltr'><strong>gloria-</strong></span> 
     </span>
    </p>
   </div>
   <div class='ocr_carea' id='block_1_76' title="bbox 2201 1651 3791 1724">
    <p class='ocr_par' dir='ltr' id='par_1_76' title="bbox 2201 1651 3791 1724">
     <span class='ocr_line' id='line_1_76' title="bbox 2201 1651 3791 1724; baseline 0.011 -22"><span class='ocrx_word' id='word_1_640' title='bbox 2201 1657 2323 1716; x_wconf 89' lang='lat' dir='ltr'><strong>tur,</strong></span> <span class='ocrx_word' id='word_1_641' title='bbox 2368 1651 2420 1704; x_wconf 90' lang='lat' dir='ltr'><strong>in</strong></span> <span class='ocrx_word' id='word_1_642' title='bbox 2456 1652 2681 1708; x_wconf 89' lang='lat' dir='ltr'><strong>Domino</strong></span> <span class='ocrx_word' id='word_1_643' title='bbox 2709 1655 3008 1724; x_wconf 79' lang='lat' dir='ltr'><strong>glorietur?</strong></span> <span class='ocrx_word' id='word_1_644' title='bbox 3047 1657 3188 1712; x_wconf 86' lang='lat' dir='ltr'><strong>Nihil</strong></span> <span class='ocrx_word' id='word_1_645' title='bbox 3228 1668 3406 1715; x_wconf 88' lang='lat' dir='ltr'><strong>autem</strong></span> <span class='ocrx_word' id='word_1_646' title='bbox 3446 1661 3572 1718; x_wconf 90' lang='lat' dir='ltr'><strong>huic</strong></span> <span class='ocrx_word' id='word_1_647' title='bbox 3607 1664 3791 1720; x_wconf 88' lang='lat' dir='ltr'><strong>sensui</strong></span> 
     </span>
    </p>
   </div>
   <div class='ocr_carea' id='block_1_77' title="bbox 2201 1745 3794 1826">
    <p class='ocr_par' dir='ltr' id='par_1_77' title="bbox 2201 1745 3794 1826">
     <span class='ocr_line' id='line_1_77' title="bbox 2201 1745 3794 1826; baseline 0.011 -30"><span class='ocrx_word' id='word_1_648' title='bbox 2201 1751 2308 1797; x_wconf 86' lang='lat' dir='ltr'><strong>tam</strong></span> <span class='ocrx_word' id='word_1_649' title='bbox 2333 1745 2662 1800; x_wconf 84' lang='lat' dir='ltr'><strong>contrarium</strong></span> <span class='ocrx_word' id='word_1_650' title='bbox 2685 1756 2807 1815; x_wconf 89' lang='lat' dir='ltr'><strong>est,</strong></span> <span class='ocrx_word' id='word_1_651' title='bbox 2837 1763 2998 1819; x_wconf 89' lang='lat' dir='ltr'><strong>quam</strong></span> <span class='ocrx_word' id='word_1_652' title='bbox 3025 1750 3094 1806; x_wconf 90' lang='lat' dir='ltr'><strong>de</strong></span> <span class='ocrx_word' id='word_1_653' title='bbox 3122 1751 3234 1806; x_wconf 89' lang='lat' dir='ltr'><strong>suis</strong></span> <span class='ocrx_word' id='word_1_654' title='bbox 3260 1752 3465 1808; x_wconf 90' lang='lat' dir='ltr'><strong>meritis</strong></span> <span class='ocrx_word' id='word_1_655' title='bbox 3502 1755 3584 1810; x_wconf 88' lang='lat' dir='ltr'><strong>sic</strong></span> <span class='ocrx_word' id='word_1_656' title='bbox 3609 1770 3794 1826; x_wconf 84' lang='lat' dir='ltr'><strong>quent-</strong></span> 
     </span>
    </p>
   </div>
   <div class='ocr_carea' id='block_1_78' title="bbox 2200 1836 3790 1913">
    <p class='ocr_par' dir='ltr' id='par_1_78' title="bbox 2200 1836 3790 1913">
     <span class='ocr_line' id='line_1_78' title="bbox 2200 1836 3790 1913; baseline 0.01 -27"><span class='ocrx_word' id='word_1_657' title='bbox 2200 1847 2359 1903; x_wconf 89' lang='lat' dir='ltr'><strong>quam</strong></span> <span class='ocrx_word' id='word_1_658' title='bbox 2408 1836 2660 1904; x_wconf 83' lang='lat' dir='ltr'><strong>gloriari,</strong></span> <span class='ocrx_word' id='word_1_659' title='bbox 2709 1847 2959 1910; x_wconf 86' lang='lat' dir='ltr'><strong>tanquam</strong></span> <span class='ocrx_word' id='word_1_660' title='bbox 3012 1841 3129 1911; x_wconf 89' lang='lat' dir='ltr'><strong>ipse</strong></span> <span class='ocrx_word' id='word_1_661' title='bbox 3166 1843 3266 1897; x_wconf 89' lang='lat' dir='ltr'><strong>sibi</strong></span> <span class='ocrx_word' id='word_1_662' title='bbox 3311 1859 3373 1898; x_wconf 89' lang='lat' dir='ltr'><strong>ea</strong></span> <span class='ocrx_word' id='word_1_663' title='bbox 3413 1843 3641 1913; x_wconf 79' lang='lat' dir='ltr'><strong>fecerit,</strong></span> <span class='ocrx_word' id='word_1_664' title='bbox 3685 1861 3790 1903; x_wconf 89' lang='lat' dir='ltr'><strong>non</strong></span> 
     </span>
    </p>
   </div>
   <div class='ocr_carea' id='block_1_79' title="bbox 2199 1925 3786 2004">
    <p class='ocr_par' dir='ltr' id='par_1_79' title="bbox 2199 1925 3786 2004">
     <span class='ocr_line' id='line_1_79' title="bbox 2199 1925 3786 2004; baseline 0.011 -28"><span class='ocrx_word' id='word_1_665' title='bbox 2199 1925 2370 1994; x_wconf 83' lang='lat' dir='ltr'><strong>gratia</strong></span> <span class='ocrx_word' id='word_1_666' title='bbox 2417 1926 2512 1980; x_wconf 87' lang='lat' dir='ltr'><strong>Dei</strong></span> <span class='ocrx_word' id='word_1_667' title='bbox 2543 1943 2558 1980; x_wconf 88' lang='lat'><strong>:</strong></span> <span class='ocrx_word' id='word_1_668' title='bbox 2586 1927 2683 1983; x_wconf 88' lang='lat' dir='ltr'><strong>sed</strong></span> <span class='ocrx_word' id='word_1_669' title='bbox 2722 1930 2891 1998; x_wconf 79' lang='lat' dir='ltr'><strong>gratia</strong></span> <span class='ocrx_word' id='word_1_670' title='bbox 2921 1946 3040 2001; x_wconf 77' lang='lat' dir='ltr'><strong>qua:</strong></span> <span class='ocrx_word' id='word_1_671' title='bbox 3070 1931 3240 1987; x_wconf 89' lang='lat' dir='ltr'><strong>bonos</strong></span> <span class='ocrx_word' id='word_1_672' title='bbox 3269 1934 3528 1990; x_wconf 89' lang='lat' dir='ltr'><strong>discernit</strong></span> <span class='ocrx_word' id='word_1_673' title='bbox 3554 1952 3586 1991; x_wconf 89' lang='lat' dir='ltr'><strong>a</strong></span> <span class='ocrx_word' id='word_1_674' title='bbox 3613 1939 3786 2004; x_wconf 85' lang='lat' dir='ltr'><strong>malis,</strong></span> 
     </span>
    </p>
   </div>
   <div class='ocr_carea' id='block_1_80' title="bbox 2201 2021 3790 2100">
    <p class='ocr_par' dir='ltr' id='par_1_80' title="bbox 2201 2021 3790 2100">
     <span class='ocr_line' id='line_1_80' title="bbox 2201 2021 3790 2100; baseline 0.01 -31"><span class='ocrx_word' id='word_1_675' title='bbox 2201 2031 2306 2070; x_wconf 90' lang='lat' dir='ltr'><strong>non</strong></span> <span class='ocrx_word' id='word_1_676' title='bbox 2337 2030 2457 2085; x_wconf 62' lang='lat' dir='ltr'><strong>quae</strong></span> <span class='ocrx_word' id='word_1_677' title='bbox 2486 2021 2784 2075; x_wconf 88' lang='lat' dir='ltr'><strong>communis</strong></span> <span class='ocrx_word' id='word_1_678' title='bbox 2822 2031 2905 2076; x_wconf 90' lang='lat' dir='ltr'><strong>est</strong></span> <span class='ocrx_word' id='word_1_679' title='bbox 2941 2021 3099 2078; x_wconf 89' lang='lat' dir='ltr'><strong>bonis</strong></span> <span class='ocrx_word' id='word_1_680' title='bbox 3124 2033 3181 2079; x_wconf 92' lang='lat' dir='ltr'><strong>et</strong></span> <span class='ocrx_word' id='word_1_681' title='bbox 3205 2025 3377 2081; x_wconf 89' lang='lat' dir='ltr'><strong>malis.</strong></span> <span class='ocrx_word' id='word_1_682' title='bbox 3409 2026 3491 2082; x_wconf 87' lang='lat' dir='ltr'><strong>Sit</strong></span> <span class='ocrx_word' id='word_1_683' title='bbox 3517 2042 3649 2099; x_wconf 87' lang='lat' dir='ltr'><strong>ergo</strong></span> <span class='ocrx_word' id='word_1_684' title='bbox 3673 2045 3790 2100; x_wconf 82' lang='lat' dir='ltr'><strong>gra-</strong></span> 
     </span>
    </p>
   </div>
   <div class='ocr_carea' id='block_1_81' title="bbox 2202 2107 3785 2191">
    <p class='ocr_par' dir='ltr' id='par_1_81' title="bbox 2202 2107 3785 2191">
     <span class='ocr_line' id='line_1_81' title="bbox 2202 2107 3785 2191; baseline 0.011 -31"><span class='ocrx_word' id='word_1_685' title='bbox 2202 2107 2273 2161; x_wconf 90' lang='lat' dir='ltr'><strong>tia</strong></span> <span class='ocrx_word' id='word_1_686' title='bbox 2298 2117 2500 2164; x_wconf 66' lang='lat' dir='ltr'><strong>natura:</strong></span> <span class='ocrx_word' id='word_1_687' title='bbox 2520 2110 2795 2178; x_wconf 88' lang='lat' dir='ltr'><strong>attributa,</strong></span> <span class='ocrx_word' id='word_1_688' title='bbox 2819 2129 2921 2184; x_wconf 89' lang='lat' dir='ltr'><strong>qua</strong></span> <span class='ocrx_word' id='word_1_689' title='bbox 2949 2129 3134 2171; x_wconf 90' lang='lat' dir='ltr'><strong>sumus</strong></span> <span class='ocrx_word' id='word_1_690' title='bbox 3160 2117 3454 2173; x_wconf 87' lang='lat' dir='ltr'><strong>animantia</strong></span> <span class='ocrx_word' id='word_1_691' title='bbox 3485 2121 3785 2191; x_wconf 86' lang='lat' dir='ltr'><strong>rationalia,</strong></span> 
     </span>
    </p>
   </div>
   <div class='ocr_carea' id='block_1_82' title="bbox 2197 2197 3780 2280">
    <p class='ocr_par' dir='ltr' id='par_1_82' title="bbox 2197 2197 3780 2280">
     <span class='ocr_line' id='line_1_82' title="bbox 2197 2197 3780 2280; baseline 0.012 -29"><span class='ocrx_word' id='word_1_692' title='bbox 2197 2197 2658 2271; x_wconf 89' lang='lat' dir='ltr'><strong>discernimurque</strong></span> <span class='ocrx_word' id='word_1_693' title='bbox 2685 2217 2716 2256; x_wconf 91' lang='lat' dir='ltr'><strong>a</strong></span> <span class='ocrx_word' id='word_1_694' title='bbox 2749 2205 3063 2273; x_wconf 87' lang='lat' dir='ltr'><strong>pecoribus;</strong></span> <span class='ocrx_word' id='word_1_695' title='bbox 3093 2209 3164 2262; x_wconf 92' lang='lat' dir='ltr'><strong>sit</strong></span> <span class='ocrx_word' id='word_1_696' title='bbox 3194 2210 3357 2264; x_wconf 86' lang='lat' dir='ltr'><strong>etiam</strong></span> <span class='ocrx_word' id='word_1_697' title='bbox 3381 2213 3550 2280; x_wconf 86' lang='lat' dir='ltr'><strong>gratia</strong></span> <span class='ocrx_word' id='word_1_698' title='bbox 3575 2223 3780 2272; x_wconf 65' lang='lat' dir='ltr'><strong>natura:</strong></span> 
     </span>
    </p>
   </div>
   <div class='ocr_carea' id='block_1_83' title="bbox 2197 2289 3807 2374">
    <p class='ocr_par' dir='ltr' id='par_1_83' title="bbox 2197 2289 3807 2374">
     <span class='ocr_line' id='line_1_83' title="bbox 2197 2289 3807 2374; baseline 0.012 -33"><span class='ocrx_word' id='word_1_699' title='bbox 2197 2289 2449 2345; x_wconf 86' lang='lat' dir='ltr'><strong>attributa</strong></span> <span class='ocrx_word' id='word_1_700' title='bbox 2475 2330 2490 2356; x_wconf 93' lang='lat'><strong>,</strong></span> <span class='ocrx_word' id='word_1_701' title='bbox 2533 2307 2635 2360; x_wconf 90' lang='lat' dir='ltr'><strong>qua</strong></span> <span class='ocrx_word' id='word_1_702' title='bbox 2667 2292 2718 2348; x_wconf 89' lang='lat' dir='ltr'><strong>in</strong></span> <span class='ocrx_word' id='word_1_703' title='bbox 2763 2294 2896 2364; x_wconf 87' lang='lat' dir='ltr'><strong>ipsis</strong></span> <span class='ocrx_word' id='word_1_704' title='bbox 2936 2295 3239 2354; x_wconf 89' lang='lat' dir='ltr'><strong>hominibus</strong></span> <span class='ocrx_word' id='word_1_705' title='bbox 3261 2315 3292 2354; x_wconf 90' lang='lat' dir='ltr'><strong>a</strong></span> <span class='ocrx_word' id='word_1_706' title='bbox 3312 2299 3644 2361; x_wconf 80' lang='lat' dir='ltr'><strong>deformibus</strong></span> <span class='ocrx_word' id='word_1_707' title='bbox 3669 2305 3807 2374; x_wconf 83' lang='lat' dir='ltr'><strong>pul-.</strong></span> 
     </span>
    </p>
   </div>
   <div class='ocr_carea' id='block_1_84' title="bbox 2197 2379 3783 2469">
    <p class='ocr_par' dir='ltr' id='par_1_84' title="bbox 2197 2379 3783 2469">
     <span class='ocr_line' id='line_1_84' title="bbox 2197 2379 3783 2469; baseline 0.013 -35"><span class='ocrx_word' id='word_1_708' title='bbox 2197 2379 2314 2435; x_wconf 90' lang='lat' dir='ltr'><strong>chri</strong></span> <span class='ocrx_word' id='word_1_709' title='bbox 2338 2421 2354 2447; x_wconf 91' lang='lat'><strong>,</strong></span> <span class='ocrx_word' id='word_1_710' title='bbox 2399 2382 2482 2436; x_wconf 86' lang='lat' dir='ltr'><strong>vel</strong></span> <span class='ocrx_word' id='word_1_711' title='bbox 2521 2383 2782 2453; x_wconf 82' lang='lat' dir='ltr'><strong>ingeniosi</strong></span> <span class='ocrx_word' id='word_1_712' title='bbox 2809 2387 3188 2446; x_wconf 88' lang='lat' dir='ltr'><strong>discernuntur</strong></span> <span class='ocrx_word' id='word_1_713' title='bbox 3209 2407 3242 2448; x_wconf 86' lang='lat' dir='ltr'><strong>a</strong></span> <span class='ocrx_word' id='word_1_714' title='bbox 3269 2393 3434 2450; x_wconf 87' lang='lat' dir='ltr'><strong>tardis</strong></span> <span class='ocrx_word' id='word_1_715' title='bbox 3455 2437 3469 2461; x_wconf 98' lang='lat'><strong>,</strong></span> <span class='ocrx_word' id='word_1_716' title='bbox 3498 2411 3562 2451; x_wconf 91' lang='lat' dir='ltr'><strong>ac</strong></span> <span class='ocrx_word' id='word_1_717' title='bbox 3589 2399 3635 2452; x_wconf 88' lang='lat' dir='ltr'><strong>si</strong></span> <span class='ocrx_word' id='word_1_718' title='bbox 3660 2398 3783 2469; x_wconf 90' lang='lat' dir='ltr'><strong>quid</strong></span> 
     </span>
    </p>
   </div>
   <div class='ocr_carea' id='block_1_85' title="bbox 2197 2471 3785 2563">
    <p class='ocr_par' dir='ltr' id='par_1_85' title="bbox 2197 2471 3785 2563">
     <span class='ocr_line' id='line_1_85' title="bbox 2197 2471 3785 2563; baseline 0.014 -37"><span class='ocrx_word' id='word_1_719' title='bbox 2197 2471 2458 2540; x_wconf 87' lang='lat' dir='ltr'><strong>ejusmodi</strong></span> <span class='ocrx_word' id='word_1_720' title='bbox 2483 2482 2568 2530; x_wconf 90' lang='lat' dir='ltr'><strong>est</strong></span> <span class='ocrx_word' id='word_1_721' title='bbox 2599 2494 2613 2530; x_wconf 92' lang='lat'><strong>:</strong></span> <span class='ocrx_word' id='word_1_722' title='bbox 2643 2477 2737 2533; x_wconf 86' lang='lat' dir='ltr'><strong>sed</strong></span> <span class='ocrx_word' id='word_1_723' title='bbox 2761 2494 2867 2535; x_wconf 93' lang='lat' dir='ltr'><strong>non</strong></span> <span class='ocrx_word' id='word_1_724' title='bbox 2905 2496 2965 2536; x_wconf 90' lang='lat' dir='ltr'><strong>se</strong></span> <span class='ocrx_word' id='word_1_725' title='bbox 2993 2481 3110 2548; x_wconf 90' lang='lat' dir='ltr'><strong>ille,</strong></span> <span class='ocrx_word' id='word_1_726' title='bbox 3145 2500 3304 2555; x_wconf 88' lang='lat' dir='ltr'><strong>quem</strong></span> <span class='ocrx_word' id='word_1_727' title='bbox 3333 2490 3617 2546; x_wconf 88' lang='lat' dir='ltr'><strong>coercebat</strong></span> <span class='ocrx_word' id='word_1_728' title='bbox 3646 2494 3785 2563; x_wconf 84' lang='lat' dir='ltr'><strong>Apo—</strong></span> 
     </span>
    </p>
   </div>
   <div class='ocr_carea' id='block_1_86' title="bbox 2195 2565 3785 2642">
    <p class='ocr_par' dir='ltr' id='par_1_86' title="bbox 2195 2565 3785 2642">
     <span class='ocr_line' id='line_1_86' title="bbox 2195 2565 3785 2642; baseline 0.014 -24"><span class='ocrx_word' id='word_1_729' title='bbox 2195 2565 2395 2631; x_wconf 77' lang='lat' dir='ltr'><strong>3tolus,</strong></span> <span class='ocrx_word' id='word_1_730' title='bbox 2427 2566 2684 2624; x_wconf 80' lang='lat' dir='ltr'><strong>adversus</strong></span> <span class='ocrx_word' id='word_1_731' title='bbox 2713 2587 2876 2640; x_wconf 91' lang='lat' dir='ltr'><strong>pecus</strong></span> <span class='ocrx_word' id='word_1_732' title='bbox 2902 2573 3152 2642; x_wconf 83' lang='lat' dir='ltr'><strong>inﬂabat,</strong></span> <span class='ocrx_word' id='word_1_733' title='bbox 3191 2593 3290 2633; x_wconf 89' lang='lat' dir='ltr'><strong>nec</strong></span> <span class='ocrx_word' id='word_1_734' title='bbox 3319 2579 3578 2636; x_wconf 75' lang='lat' dir='ltr'><strong>adversus</strong></span> <span class='ocrx_word' id='word_1_735' title='bbox 3613 2583 3785 2640; x_wconf 84' lang='lat' dir='ltr'><strong>homi-</strong></span> 
     </span>
    </p>
   </div>
   <div class='ocr_carea' id='block_1_87' title="bbox 2197 2655 3781 2747">
    <p class='ocr_par' dir='ltr' id='par_1_87' title="bbox 2197 2655 3781 2747">
     <span class='ocr_line' id='line_1_87' title="bbox 2197 2655 3781 2747; baseline 0.016 -42"><span class='ocrx_word' id='word_1_736' title='bbox 2197 2667 2320 2708; x_wconf 90' lang='lat' dir='ltr'><strong>nem</strong></span> <span class='ocrx_word' id='word_1_737' title='bbox 2363 2655 2588 2712; x_wconf 91' lang='lat' dir='ltr'><strong>alterum</strong></span> <span class='ocrx_word' id='word_1_738' title='bbox 2620 2658 2688 2714; x_wconf 90' lang='lat' dir='ltr'><strong>de</strong></span> <span class='ocrx_word' id='word_1_739' title='bbox 2713 2661 2895 2731; x_wconf 87' lang='lat' dir='ltr'><strong>aliquo</strong></span> <span class='ocrx_word' id='word_1_740' title='bbox 2923 2665 3150 2720; x_wconf 88' lang='lat' dir='ltr'><strong>naturali</strong></span> <span class='ocrx_word' id='word_1_741' title='bbox 3181 2682 3408 2725; x_wconf 89' lang='lat' dir='ltr'><strong>munere</strong></span> <span class='ocrx_word' id='word_1_742' title='bbox 3435 2672 3580 2741; x_wconf 83' lang='lat' dir='ltr'><strong>quod</strong></span> <span class='ocrx_word' id='word_1_743' title='bbox 3608 2674 3781 2747; x_wconf 75' lang='lat' dir='ltr'><strong>inesse</strong></span> 
     </span>
    </p>
   </div>
   <div class='ocr_carea' id='block_1_88' title="bbox 2197 2749 3782 2833">
    <p class='ocr_par' dir='ltr' id='par_1_88' title="bbox 2197 2749 3782 2833">
     <span class='ocr_line' id='line_1_88' title="bbox 2197 2749 3782 2833; baseline 0.016 -38"><span class='ocrx_word' id='word_1_744' title='bbox 2197 2753 2378 2810; x_wconf 91' lang='lat' dir='ltr'><strong>posset</strong></span> <span class='ocrx_word' id='word_1_745' title='bbox 2398 2755 2459 2800; x_wconf 77' lang='lat' dir='ltr'><strong>et</strong></span> <span class='ocrx_word' id='word_1_746' title='bbox 2485 2749 2754 2817; x_wconf 87' lang='lat' dir='ltr'><strong>pessimo;</strong></span> <span class='ocrx_word' id='word_1_747' title='bbox 2795 2751 2890 2807; x_wconf 88' lang='lat' dir='ltr'><strong>sed</strong></span> <span class='ocrx_word' id='word_1_748' title='bbox 2913 2754 3124 2824; x_wconf 86' lang='lat' dir='ltr'><strong>aliquod</strong></span> <span class='ocrx_word' id='word_1_749' title='bbox 3156 2757 3352 2813; x_wconf 90' lang='lat' dir='ltr'><strong>bonum</strong></span> <span class='ocrx_word' id='word_1_750' title='bbox 3374 2762 3517 2831; x_wconf 89' lang='lat' dir='ltr'><strong>quod</strong></span> <span class='ocrx_word' id='word_1_751' title='bbox 3548 2765 3782 2833; x_wconf 85' lang='lat' dir='ltr'><strong>pertine-</strong></span> 
     </span>
    </p>
   </div>
   <div class='ocr_carea' id='block_1_89' title="bbox 2194 2833 3778 2922">
    <p class='ocr_par' dir='ltr' id='par_1_89' title="bbox 2194 2833 3778 2922">
     <span class='ocr_line' id='line_1_89' title="bbox 2194 2833 3778 2922; baseline 0.016 -37"><span class='ocrx_word' id='word_1_752' title='bbox 2194 2842 2276 2886; x_wconf 87' lang='lat' dir='ltr'><strong>ret</strong></span> <span class='ocrx_word' id='word_1_753' title='bbox 2302 2833 2369 2888; x_wconf 90' lang='lat' dir='ltr'><strong>ad</strong></span> <span class='ocrx_word' id='word_1_754' title='bbox 2394 2836 2556 2891; x_wconf 87' lang='lat' dir='ltr'><strong>vitam</strong></span> <span class='ocrx_word' id='word_1_755' title='bbox 2583 2838 2802 2908; x_wconf 90' lang='lat' dir='ltr'><strong>bonam,</strong></span> <span class='ocrx_word' id='word_1_756' title='bbox 2831 2843 2932 2898; x_wconf 90' lang='lat' dir='ltr'><strong>sibi</strong></span> <span class='ocrx_word' id='word_1_757' title='bbox 2957 2861 3064 2900; x_wconf 90' lang='lat' dir='ltr'><strong>non</strong></span> <span class='ocrx_word' id='word_1_758' title='bbox 3085 2847 3197 2903; x_wconf 92' lang='lat' dir='ltr'><strong>Deo</strong></span> <span class='ocrx_word' id='word_1_759' title='bbox 3221 2849 3459 2906; x_wconf 80' lang='lat' dir='ltr'><strong>tribuens</strong></span> <span class='ocrx_word' id='word_1_760' title='bbox 3481 2852 3778 2922; x_wconf 82' lang='lat' dir='ltr'><strong>iullabatur,</strong></span> 
     </span>
    </p>
   </div>
   <div class='ocr_carea' id='block_1_90' title="bbox 2192 2926 3782 3016">
    <p class='ocr_par' dir='ltr' id='par_1_90' title="bbox 2192 2926 3782 3016">
     <span class='ocr_line' id='line_1_90' title="bbox 2192 2926 3782 3016; baseline 0.019 -43"><span class='ocrx_word' id='word_1_761' title='bbox 2192 2926 2406 2993; x_wconf 86' lang='lat' dir='ltr'><strong>quando</strong></span> <span class='ocrx_word' id='word_1_762' title='bbox 2435 2929 2620 2983; x_wconf 83' lang='lat' dir='ltr'><strong>audire</strong></span> <span class='ocrx_word' id='word_1_763' title='bbox 2647 2933 2874 2998; x_wconf 88' lang='lat' dir='ltr'><strong>meruit,</strong></span> <span class='ocrx_word' id='word_1_764' title='bbox 2918 2935 3042 3001; x_wconf 88' lang='lat' dir='ltr'><strong>Quis</strong></span> <span class='ocrx_word' id='word_1_765' title='bbox 3077 2938 3212 2992; x_wconf 87' lang='lat' dir='ltr'><strong>enim</strong></span> <span class='ocrx_word' id='word_1_766' title='bbox 3250 2950 3297 2994; x_wconf 88' lang='lat' dir='ltr'><strong>te</strong></span> <span class='ocrx_word' id='word_1_767' title='bbox 3327 2942 3609 3000; x_wconf 82' lang='lat' dir='ltr'><strong>discernit?</strong></span> <span class='ocrx_word' id='word_1_768' title='bbox 3651 2947 3782 3016; x_wconf 79' lang='lat' dir='ltr'><strong>Quid</strong></span> 
     </span>
    </p>
   </div>
   <div class='ocr_carea' id='block_1_91' title="bbox 2193 3018 3778 3110">
    <p class='ocr_par' dir='ltr' id='par_1_91' title="bbox 2193 3018 3778 3110">
     <span class='ocr_line' id='line_1_91' title="bbox 2193 3018 3778 3110; baseline 0.02 -44"><span class='ocrx_word' id='word_1_769' title='bbox 2193 3025 2362 3070; x_wconf 88' lang='lat' dir='ltr'><strong>autem</strong></span> <span class='ocrx_word' id='word_1_770' title='bbox 2386 3018 2538 3074; x_wconf 87' lang='lat' dir='ltr'><strong>habes</strong></span> <span class='ocrx_word' id='word_1_771' title='bbox 2566 3023 2702 3090; x_wconf 86' lang='lat' dir='ltr'><strong>quod</strong></span> <span class='ocrx_word' id='word_1_772' title='bbox 2737 3041 2840 3079; x_wconf 87' lang='lat' dir='ltr'><strong>non</strong></span> <span class='ocrx_word' id='word_1_773' title='bbox 2863 3029 3144 3098; x_wconf 86' lang='lat' dir='ltr'><strong>accepisti?</strong></span> <span class='ocrx_word' id='word_1_774' title='bbox 3189 3031 3256 3087; x_wconf 91' lang='lat' dir='ltr'><strong>Ut</strong></span> <span class='ocrx_word' id='word_1_775' title='bbox 3283 3035 3426 3090; x_wconf 89' lang='lat' dir='ltr'><strong>enim</strong></span> <span class='ocrx_word' id='word_1_776' title='bbox 3458 3037 3526 3091; x_wconf 91' lang='lat' dir='ltr'><strong>sit</strong></span> <span class='ocrx_word' id='word_1_777' title='bbox 3556 3050 3778 3110; x_wconf 67' lang='lat' dir='ltr'><strong>naturas,</strong></span> 
     </span>
    </p>
   </div>
   <div class='ocr_carea' id='block_1_92' title="bbox 2195 3106 3780 3190">
    <p class='ocr_par' dir='ltr' id='par_1_92' title="bbox 2195 3106 3780 3190">
     <span class='ocr_line' id='line_1_92' title="bbox 2195 3106 3780 3190; baseline 0.017 -30"><span class='ocrx_word' id='word_1_778' title='bbox 2195 3106 2354 3162; x_wconf 76' lang='lat' dir='ltr'><strong>[idem</strong></span> <span class='ocrx_word' id='word_1_779' title='bbox 2387 3126 2545 3179; x_wconf 87' lang='lat' dir='ltr'><strong>posse</strong></span> <span class='ocrx_word' id='word_1_780' title='bbox 2586 3112 2817 3182; x_wconf 86' lang='lat' dir='ltr'><strong>habere;</strong></span> <span class='ocrx_word' id='word_1_781' title='bbox 2856 3121 3112 3190; x_wconf 91' lang='lat' dir='ltr'><strong>numquid</strong></span> <span class='ocrx_word' id='word_1_782' title='bbox 3146 3131 3201 3177; x_wconf 89' lang='lat' dir='ltr'><strong>et</strong></span> <span class='ocrx_word' id='word_1_783' title='bbox 3233 3124 3483 3182; x_wconf 51' lang='lat' dir='ltr'><strong>habere?</strong></span> <span class='ocrx_word' id='word_1_784' title='bbox 3502 3127 3628 3185; x_wconf 87' lang='lat' dir='ltr'><strong>Non</strong></span> <span class='ocrx_word' id='word_1_785' title='bbox 3651 3106 3780 3187; x_wconf 65' lang='lat' dir='ltr'><strong>enini</strong></span> 
     </span>
    </p>
   </div>
   <div class='ocr_carea' id='block_1_93' title="bbox 2192 3201 3778 3293">
    <p class='ocr_par' dir='ltr' id='par_1_93' title="bbox 2192 3201 3778 3293">
     <span class='ocr_line' id='line_1_93' title="bbox 2192 3201 3778 3293; baseline 0.018 -41"><span class='ocrx_word' id='word_1_786' title='bbox 2192 3201 2417 3253; x_wconf 89' lang='lat' dir='ltr'><strong>omnium</strong></span> <span class='ocrx_word' id='word_1_787' title='bbox 2443 3212 2514 3257; x_wconf 89' lang='lat' dir='ltr'><strong>est</strong></span> <span class='ocrx_word' id='word_1_788' title='bbox 2542 3204 2669 3273; x_wconf 80' lang='lat' dir='ltr'><strong>ﬁdes</strong></span> <span class='ocrx_word' id='word_1_789' title='bbox 2707 3207 2771 3276; x_wconf 91' lang='lat' dir='ltr'><strong>(ll</strong></span> <span class='ocrx_word' id='word_1_790' title='bbox 2801 3207 2980 3264; x_wconf 87' lang='lat' dir='ltr'><strong>Thess.</strong></span> <span class='ocrx_word' id='word_1_791' title='bbox 3013 3227 3067 3267; x_wconf 89' lang='lat' dir='ltr'><strong>nt</strong></span> <span class='ocrx_word' id='word_1_792' title='bbox 3087 3255 3101 3279; x_wconf 96' lang='lat'><strong>,</strong></span> <span class='ocrx_word' id='word_1_793' title='bbox 3133 3213 3189 3284; x_wconf 74' lang='lat'><strong>2)</strong></span> <span class='ocrx_word' id='word_1_794' title='bbox 3215 3231 3230 3280; x_wconf 91' lang='lat'><strong>;</strong></span> <span class='ocrx_word' id='word_1_795' title='bbox 3263 3231 3394 3277; x_wconf 77' lang='lat' dir='ltr'><strong>,cum</strong></span> <span class='ocrx_word' id='word_1_796' title='bbox 3436 3218 3599 3276; x_wconf 80' lang='lat' dir='ltr'><strong>ﬁdem</strong></span> <span class='ocrx_word' id='word_1_797' title='bbox 3628 3238 3778 3293; x_wconf 87' lang='lat' dir='ltr'><strong>posse</strong></span> 
     </span>
    </p>
   </div>
   <div class='ocr_carea' id='block_1_94' title="bbox 2197 3288 3882 3381">
    <p class='ocr_par' dir='ltr' id='par_1_94' title="bbox 2197 3288 3882 3381">
     <span class='ocr_line' id='line_1_94' title="bbox 2197 3288 3882 3381; baseline 0.017 -39"><span class='ocrx_word' id='word_1_798' title='bbox 2197 3288 2395 3346; x_wconf 87' lang='lat' dir='ltr'><strong>habere</strong></span> <span class='ocrx_word' id='word_1_799' title='bbox 2417 3294 2487 3346; x_wconf 91' lang='lat' dir='ltr'><strong>sit</strong></span> <span class='ocrx_word' id='word_1_800' title='bbox 2508 3296 2766 3350; x_wconf 89' lang='lat' dir='ltr'><strong>omnium.</strong></span> <span class='ocrx_word' id='word_1_801' title='bbox 2809 3298 2927 3354; x_wconf 89' lang='lat' dir='ltr'><strong>Non</strong></span> <span class='ocrx_word' id='word_1_802' title='bbox 2965 3312 3143 3357; x_wconf 92' lang='lat' dir='ltr'><strong>autem</strong></span> <span class='ocrx_word' id='word_1_803' title='bbox 3181 3305 3256 3359; x_wconf 90' lang='lat' dir='ltr'><strong>ait</strong></span> <span class='ocrx_word' id='word_1_804' title='bbox 3282 3308 3606 3380; x_wconf 89' lang='lat' dir='ltr'><strong>Apostolus,</strong></span> <span class='ocrx_word' id='word_1_805' title='bbox 3629 3288 3778 3381; x_wconf 65' lang='lat' dir='ltr'><strong>Quid</strong></span> <span class='ocrx_word' id='word_1_806' title='bbox 3878 3367 3882 3370; x_wconf 89' lang='lat'><strong>.</strong></span> 
     </span>
    </p>
   </div>
   <div class='ocr_carea' id='block_1_95' title="bbox 2191 3389 3808 3481">
    <p class='ocr_par' dir='ltr' id='par_1_95' title="bbox 2191 3389 3808 3481">
     <span class='ocr_line' id='line_1_95' title="bbox 2191 3389 3808 3481; baseline 0.02 -48"><span class='ocrx_word' id='word_1_807' title='bbox 2191 3393 2368 3437; x_wconf 87' lang='lat' dir='ltr'><strong>autem</strong></span> <span class='ocrx_word' id='word_1_808' title='bbox 2401 3395 2552 3454; x_wconf 91' lang='lat' dir='ltr'><strong>potes</strong></span> <span class='ocrx_word' id='word_1_809' title='bbox 2594 3389 2826 3458; x_wconf 91' lang='lat' dir='ltr'><strong>habere,</strong></span> <span class='ocrx_word' id='word_1_810' title='bbox 2857 3395 2998 3463; x_wconf 90' lang='lat' dir='ltr'><strong>quod</strong></span> <span class='ocrx_word' id='word_1_811' title='bbox 3040 3412 3145 3452; x_wconf 90' lang='lat' dir='ltr'><strong>non</strong></span> <span class='ocrx_word' id='word_1_812' title='bbox 3184 3403 3469 3472; x_wconf 89' lang='lat' dir='ltr'><strong>acccepisti</strong></span> <span class='ocrx_word' id='word_1_813' title='bbox 3499 3414 3558 3460; x_wconf 93' lang='lat' dir='ltr'><strong>ut</strong></span> <span class='ocrx_word' id='word_1_814' title='bbox 3597 3422 3808 3481; x_wconf 85' lang='lat' dir='ltr'><strong>posses_</strong></span> 
     </span>
    </p>
   </div>
   <div class='ocr_carea' id='block_1_96' title="bbox 2190 3471 3777 3568">
    <p class='ocr_par' dir='ltr' id='par_1_96' title="bbox 2190 3471 3777 3568">
     <span class='ocr_line' id='line_1_96' title="bbox 2190 3471 3777 3568; baseline 0.019 -44"><span class='ocrx_word' id='word_1_815' title='bbox 2190 3471 2427 3541; x_wconf 84' lang='lat' dir='ltr'><strong>habere;</strong></span> <span class='ocrx_word' id='word_1_816' title='bbox 2460 3477 2555 3531; x_wconf 88' lang='lat' dir='ltr'><strong>sed</strong></span> <span class='ocrx_word' id='word_1_817' title='bbox 2588 3479 2681 3544; x_wconf 90' lang='lat' dir='ltr'><strong>ait,</strong></span> <span class='ocrx_word' id='word_1_818' title='bbox 2710 3479 2845 3542; x_wconf 85' lang='lat' dir='ltr'><strong>Quid</strong></span> <span class='ocrx_word' id='word_1_819' title='bbox 2868 3494 3035 3538; x_wconf 87' lang='lat' dir='ltr'><strong>autem</strong></span> <span class='ocrx_word' id='word_1_820' title='bbox 3053 3487 3204 3542; x_wconf 85' lang='lat' dir='ltr'><strong>habes</strong></span> <span class='ocrx_word' id='word_1_821' title='bbox 3225 3471 3361 3560; x_wconf 83' lang='lat' dir='ltr'><strong>quod</strong></span> <span class='ocrx_word' id='word_1_822' title='bbox 3389 3511 3490 3549; x_wconf 86' lang='lat' dir='ltr'><strong>non</strong></span> <span class='ocrx_word' id='word_1_823' title='bbox 3509 3471 3777 3568; x_wconf 71' lang='lat' dir='ltr'><strong>accepisti?</strong></span> 
     </span>
    </p>
   </div>
   <div class='ocr_carea' id='block_1_97' title="bbox 2189 3563 3776 3650">
    <p class='ocr_par' dir='ltr' id='par_1_97' title="bbox 2189 3563 3776 3650">
     <span class='ocr_line' id='line_1_97' title="bbox 2189 3563 3776 3650; baseline 0.018 -33"><span class='ocrx_word' id='word_1_824' title='bbox 2189 3563 2423 3622; x_wconf 88' lang='lat' dir='ltr'><strong>Proinde</strong></span> <span class='ocrx_word' id='word_1_825' title='bbox 2452 3582 2612 3638; x_wconf 87' lang='lat' dir='ltr'><strong>posse</strong></span> <span class='ocrx_word' id='word_1_826' title='bbox 2635 3571 2832 3628; x_wconf 87' lang='lat' dir='ltr'><strong>habere</strong></span> <span class='ocrx_word' id='word_1_827' title='bbox 2857 3574 3015 3630; x_wconf 76' lang='lat' dir='ltr'><strong>{idem</strong></span> <span class='ocrx_word' id='word_1_828' title='bbox 3040 3617 3058 3644; x_wconf 94' lang='lat'><strong>,</strong></span> <span class='ocrx_word' id='word_1_829' title='bbox 3087 3579 3225 3634; x_wconf 92' lang='lat' dir='ltr'><strong>sicut</strong></span> <span class='ocrx_word' id='word_1_830' title='bbox 3251 3596 3406 3650; x_wconf 89' lang='lat' dir='ltr'><strong>posse</strong></span> <span class='ocrx_word' id='word_1_831' title='bbox 3426 3563 3776 3644; x_wconf 36' lang='lat' dir='ltr'><strong>habere&#39;cha-</strong></span> 
     </span>
    </p>
   </div>
   <div class='ocr_carea' id='block_1_98' title="bbox 2188 3659 3772 3737">
    <p class='ocr_par' dir='ltr' id='par_1_98' title="bbox 2188 3659 3772 3737">
     <span class='ocr_line' id='line_1_98' title="bbox 2188 3659 3772 3737; baseline 0.016 -25"><span class='ocrx_word' id='word_1_832' title='bbox 2188 3659 2433 3727; x_wconf 84' lang='lat' dir='ltr'><strong>ritatem,</strong></span> <span class='ocrx_word' id='word_1_833' title='bbox 2477 3673 2680 3719; x_wconf 74' lang='lat' dir='ltr'><strong>natura:</strong></span> <span class='ocrx_word' id='word_1_834' title='bbox 2705 3676 2788 3721; x_wconf 92' lang='lat' dir='ltr'><strong>est</strong></span> <span class='ocrx_word' id='word_1_835' title='bbox 2830 3668 3103 3726; x_wconf 90' lang='lat' dir='ltr'><strong>hominum</strong></span> <span class='ocrx_word' id='word_1_836' title='bbox 3134 3689 3148 3726; x_wconf 90' lang='lat'><strong>:</strong></span> <span class='ocrx_word' id='word_1_837' title='bbox 3176 3671 3376 3731; x_wconf 88' lang='lat' dir='ltr'><strong>habere</strong></span> <span class='ocrx_word' id='word_1_838' title='bbox 3404 3688 3584 3734; x_wconf 84' lang='lat' dir='ltr'><strong>autem</strong></span> <span class='ocrx_word' id='word_1_839' title='bbox 3619 3681 3772 3737; x_wconf 84' lang='lat' dir='ltr'><strong>tidem</strong></span> 
     </span>
    </p>
   </div>
   <div class='ocr_carea' id='block_1_99' title="bbox 2188 3753 3779 3836">
    <p class='ocr_par' dir='ltr' id='par_1_99' title="bbox 2188 3753 3779 3836">
     <span class='ocr_line' id='line_1_99' title="bbox 2188 3753 3779 3836; baseline 0.015 -32"><span class='ocrx_word' id='word_1_840' title='bbox 2188 3753 2636 3820; x_wconf 88' lang='lat' dir='ltr'><strong>quemadmodum</strong></span> <span class='ocrx_word' id='word_1_841' title='bbox 2686 3757 2882 3814; x_wconf 83' lang='lat' dir='ltr'><strong>habere</strong></span> <span class='ocrx_word' id='word_1_842' title='bbox 2910 3760 3227 3818; x_wconf 88' lang='lat' dir='ltr'><strong>charitatem</strong></span> <span class='ocrx_word' id='word_1_843' title='bbox 3249 3805 3264 3830; x_wconf 95' lang='lat'><strong>,</strong></span> <span class='ocrx_word' id='word_1_844' title='bbox 3312 3768 3492 3836; x_wconf 72' lang='lat' dir='ltr'><strong>gratia:</strong></span> <span class='ocrx_word' id='word_1_845' title='bbox 3529 3781 3616 3824; x_wconf 87' lang='lat' dir='ltr'><strong>est</strong></span> <span class='ocrx_word' id='word_1_846' title='bbox 3649 3771 3779 3827; x_wconf 84' lang='lat' dir='ltr'><strong>lide~</strong></span> 
     </span>
    </p>
   </div>
   <div class='ocr_carea' id='block_1_100' title="bbox 2189 3840 3778 3924">
    <p class='ocr_par' dir='ltr' id='par_1_100' title="bbox 2189 3840 3778 3924">
     <span class='ocr_line' id='line_1_100' title="bbox 2189 3840 3778 3924; baseline 0.015 -32"><span class='ocrx_word' id='word_1_847' title='bbox 2189 3840 2316 3894; x_wconf 88' lang='lat' dir='ltr'><strong>lium</strong></span> <span class='ocrx_word' id='word_1_848' title='bbox 2353 3841 2450 3913; x_wconf 89' lang='lat' dir='ltr'><strong>(a).</strong></span> <span class='ocrx_word' id='word_1_849' title='bbox 2501 3844 2594 3899; x_wconf 88' lang='lat' dir='ltr'><strong>Illa</strong></span> <span class='ocrx_word' id='word_1_850' title='bbox 2642 3845 2819 3917; x_wconf 88' lang='lat' dir='ltr'><strong>itaque</strong></span> <span class='ocrx_word' id='word_1_851' title='bbox 2858 3859 3080 3917; x_wconf 89' lang='lat' dir='ltr'><strong>natura,</strong></span> <span class='ocrx_word' id='word_1_852' title='bbox 3125 3855 3177 3908; x_wconf 89' lang='lat' dir='ltr'><strong>in</strong></span> <span class='ocrx_word' id='word_1_853' title='bbox 3221 3871 3318 3924; x_wconf 87' lang='lat' dir='ltr'><strong>qua</strong></span> <span class='ocrx_word' id='word_1_854' title='bbox 3362 3856 3514 3911; x_wconf 87' lang='lat' dir='ltr'><strong>nobis</strong></span> <span class='ocrx_word' id='word_1_855' title='bbox 3540 3859 3662 3913; x_wconf 88' lang='lat' dir='ltr'><strong>data</strong></span> <span class='ocrx_word' id='word_1_856' title='bbox 3687 3871 3778 3918; x_wconf 89' lang='lat' dir='ltr'><strong>est</strong></span> 
     </span>
    </p>
   </div>
   <div class='ocr_carea' id='block_1_101' title="bbox 2190 3933 3775 4008">
    <p class='ocr_par' dir='ltr' id='par_1_101' title="bbox 2190 3933 3775 4008">
     <span class='ocr_line' id='line_1_101' title="bbox 2190 3933 3775 4008; baseline 0.016 -26"><span class='ocrx_word' id='word_1_857' title='bbox 2190 3933 2514 4000; x_wconf 90' lang='lat' dir='ltr'><strong>possibilitas</strong></span> <span class='ocrx_word' id='word_1_858' title='bbox 2554 3935 2782 3992; x_wconf 80' lang='lat' dir='ltr'><strong>habendi</strong></span> <span class='ocrx_word' id='word_1_859' title='bbox 2831 3939 3022 4007; x_wconf 79' lang='lat' dir='ltr'><strong>fidem,</strong></span> <span class='ocrx_word' id='word_1_860' title='bbox 3058 3958 3162 3998; x_wconf 92' lang='lat' dir='ltr'><strong>non</strong></span> <span class='ocrx_word' id='word_1_861' title='bbox 3193 3946 3440 4001; x_wconf 87' lang='lat' dir='ltr'><strong>discernit</strong></span> <span class='ocrx_word' id='word_1_862' title='bbox 3463 3949 3529 4003; x_wconf 91' lang='lat' dir='ltr'><strong>ab</strong></span> <span class='ocrx_word' id='word_1_863' title='bbox 3556 3949 3775 4008; x_wconf 83' lang='lat' dir='ltr'><strong>homine</strong></span> 
     </span>
    </p>
   </div>
   <div class='ocr_carea' id='block_1_102' title="bbox 2191 4020 3767 4100">
    <p class='ocr_par' dir='ltr' id='par_1_102' title="bbox 2191 4020 3767 4100">
     <span class='ocr_line' id='line_1_102' title="bbox 2191 4020 3767 4100; baseline 0.016 -26"><span class='ocrx_word' id='word_1_864' title='bbox 2191 4020 2460 4079; x_wconf 80' lang='lat' dir='ltr'><strong>Immineat</strong></span> <span class='ocrx_word' id='word_1_865' title='bbox 2497 4044 2510 4080; x_wconf 91' lang='lat'><strong>:</strong></span> <span class='ocrx_word' id='word_1_866' title='bbox 2545 4028 2654 4096; x_wconf 90' lang='lat' dir='ltr'><strong>ipsa</strong></span> <span class='ocrx_word' id='word_1_867' title='bbox 2685 4045 2811 4084; x_wconf 88' lang='lat' dir='ltr'><strong>vero</strong></span> <span class='ocrx_word' id='word_1_868' title='bbox 2860 4032 2990 4087; x_wconf 88' lang='lat' dir='ltr'><strong>lides</strong></span> <span class='ocrx_word' id='word_1_869' title='bbox 3018 4033 3278 4093; x_wconf 85' lang='lat' dir='ltr'><strong>discernit</strong></span> <span class='ocrx_word' id='word_1_870' title='bbox 3309 4039 3377 4094; x_wconf 88' lang='lat' dir='ltr'><strong>ab</strong></span> <span class='ocrx_word' id='word_1_871' title='bbox 3418 4041 3624 4098; x_wconf 81' lang='lat' dir='ltr'><strong>inﬁdeli</strong></span> <span class='ocrx_word' id='word_1_872' title='bbox 3649 4045 3767 4100; x_wconf 55' lang='lat' dir='ltr'><strong>ﬁde.</strong></span> 
     </span>
    </p>
   </div>
   <div class='ocr_carea' id='block_1_103' title="bbox 2189 4114 3778 4194">
    <p class='ocr_par' dir='ltr' id='par_1_103' title="bbox 2189 4114 3778 4194">
     <span class='ocr_line' id='line_1_103' title="bbox 2189 4114 3778 4194; baseline 0.013 -26"><span class='ocrx_word' id='word_1_873' title='bbox 2189 4114 2316 4168; x_wconf 89' lang='lat' dir='ltr'><strong>lem.</strong></span> <span class='ocrx_word' id='word_1_874' title='bbox 2346 4118 2421 4172; x_wconf 83' lang='lat' dir='ltr'><strong>Ac</strong></span> <span class='ocrx_word' id='word_1_875' title='bbox 2458 4133 2552 4187; x_wconf 90' lang='lat' dir='ltr'><strong>per</strong></span> <span class='ocrx_word' id='word_1_876' title='bbox 2587 4119 2707 4187; x_wconf 85' lang='lat' dir='ltr'><strong>hoc,</strong></span> <span class='ocrx_word' id='word_1_877' title='bbox 2745 4121 2832 4176; x_wconf 91' lang='lat' dir='ltr'><strong>ubi</strong></span> <span class='ocrx_word' id='word_1_878' title='bbox 2860 4123 3082 4190; x_wconf 91' lang='lat' dir='ltr'><strong>dicitur,</strong></span> <span class='ocrx_word' id='word_1_879' title='bbox 3117 4127 3242 4194; x_wconf 89' lang='lat' dir='ltr'><strong>Quis</strong></span> <span class='ocrx_word' id='word_1_880' title='bbox 3270 4132 3402 4184; x_wconf 88' lang='lat' dir='ltr'><strong>enim</strong></span> <span class='ocrx_word' id='word_1_881' title='bbox 3430 4141 3478 4185; x_wconf 86' lang='lat' dir='ltr'><strong>te</strong></span> <span class='ocrx_word' id='word_1_882' title='bbox 3501 4133 3778 4189; x_wconf 78' lang='lat' dir='ltr'><strong>discernit?</strong></span> 
     </span>
    </p>
   </div>
   <div class='ocr_carea' id='block_1_104' title="bbox 2193 4203 3777 4292">
    <p class='ocr_par' dir='ltr' id='par_1_104' title="bbox 2193 4203 3777 4292">
     <span class='ocr_line' id='line_1_104' title="bbox 2193 4203 3777 4292; baseline 0.016 -37"><span class='ocrx_word' id='word_1_883' title='bbox 2193 4203 2330 4270; x_wconf 88' lang='lat' dir='ltr'><strong>Quid</strong></span> <span class='ocrx_word' id='word_1_884' title='bbox 2355 4215 2522 4259; x_wconf 86' lang='lat' dir='ltr'><strong>autem</strong></span> <span class='ocrx_word' id='word_1_885' title='bbox 2561 4209 2713 4263; x_wconf 85' lang='lat' dir='ltr'><strong>habes</strong></span> <span class='ocrx_word' id='word_1_886' title='bbox 2738 4211 2874 4281; x_wconf 89' lang='lat' dir='ltr'><strong>quod</strong></span> <span class='ocrx_word' id='word_1_887' title='bbox 2902 4229 3002 4268; x_wconf 88' lang='lat' dir='ltr'><strong>non</strong></span> <span class='ocrx_word' id='word_1_888' title='bbox 3026 4218 3306 4287; x_wconf 87' lang='lat' dir='ltr'><strong>accepisti?</strong></span> <span class='ocrx_word' id='word_1_889' title='bbox 3348 4221 3590 4292; x_wconf 85' lang='lat' dir='ltr'><strong>quisquis</strong></span> <span class='ocrx_word' id='word_1_890' title='bbox 3619 4225 3777 4282; x_wconf 83' lang='lat' dir='ltr'><strong>audet</strong></span> 
     </span>
    </p>
   </div>
   <div class='ocr_carea' id='block_1_105' title="bbox 2187 4293 3772 4386">
    <p class='ocr_par' dir='ltr' id='par_1_105' title="bbox 2187 4293 3772 4386">
     <span class='ocr_line' id='line_1_105' title="bbox 2187 4293 3772 4386; baseline 0.015 -38"><span class='ocrx_word' id='word_1_891' title='bbox 2187 4293 2368 4350; x_wconf 90' lang='lat' dir='ltr'><strong>dicere</strong></span> <span class='ocrx_word' id='word_1_892' title='bbox 2389 4337 2403 4362; x_wconf 97' lang='lat'><strong>,</strong></span> <span class='ocrx_word' id='word_1_893' title='bbox 2437 4297 2617 4352; x_wconf 82' lang='lat' dir='ltr'><strong>Habeo</strong></span> <span class='ocrx_word' id='word_1_894' title='bbox 2647 4303 2712 4354; x_wconf 80' lang='lat' dir='ltr'><strong>ex’</strong></span> <span class='ocrx_word' id='word_1_895' title='bbox 2751 4317 2838 4357; x_wconf 92' lang='lat' dir='ltr'><strong>me</strong></span> <span class='ocrx_word' id='word_1_896' title='bbox 2865 4303 2981 4372; x_wconf 90' lang='lat' dir='ltr'><strong>ipso</strong></span> <span class='ocrx_word' id='word_1_897' title='bbox 3020 4305 3177 4361; x_wconf 84' lang='lat' dir='ltr'><strong>tidem</strong></span> <span class='ocrx_word' id='word_1_898' title='bbox 3200 4348 3215 4371; x_wconf 95' lang='lat'><strong>,</strong></span> <span class='ocrx_word' id='word_1_899' title='bbox 3265 4325 3371 4365; x_wconf 89' lang='lat' dir='ltr'><strong>non</strong></span> <span class='ocrx_word' id='word_1_900' title='bbox 3402 4328 3529 4384; x_wconf 83' lang='lat' dir='ltr'><strong>ergo</strong></span> <span class='ocrx_word' id='word_1_901' title='bbox 3554 4318 3772 4386; x_wconf 83' lang='lat' dir='ltr'><strong>accepi;</strong></span> 
     </span>
    </p>
   </div>
   <div class='ocr_carea' id='block_1_106' title="bbox 2187 4387 3775 4466">
    <p class='ocr_par' dir='ltr' id='par_1_106' title="bbox 2187 4387 3775 4466">
     <span class='ocr_line' id='line_1_106' title="bbox 2187 4387 3775 4466; baseline 0.014 -26"><span class='ocrx_word' id='word_1_902' title='bbox 2187 4387 2430 4457; x_wconf 79' lang='lat' dir='ltr'><strong>profecto</strong></span> <span class='ocrx_word' id='word_1_903' title='bbox 2472 4391 2788 4446; x_wconf 90' lang='lat' dir='ltr'><strong>contradicit</strong></span> <span class='ocrx_word' id='word_1_904' title='bbox 2825 4393 2950 4450; x_wconf 88' lang='lat' dir='ltr'><strong>huic</strong></span> <span class='ocrx_word' id='word_1_905' title='bbox 2988 4399 3339 4466; x_wconf 72' lang='lat' dir='ltr'><strong>apertissimte</strong></span> <span class='ocrx_word' id='word_1_906' title='bbox 3383 4404 3594 4458; x_wconf 83' lang='lat' dir='ltr'><strong>veritati</strong></span> <span class='ocrx_word' id='word_1_907' title='bbox 3627 4424 3641 4459; x_wconf 89' lang='lat'><strong>:</strong></span> <span class='ocrx_word' id='word_1_908' title='bbox 3672 4423 3775 4463; x_wconf 89' lang='lat' dir='ltr'><strong>non</strong></span> 
     </span>
    </p>
   </div>
   <div class='ocr_carea' id='block_1_107' title="bbox 2188 4478 3774 4552">
    <p class='ocr_par' dir='ltr' id='par_1_107' title="bbox 2188 4478 3774 4552">
     <span class='ocr_line' id='line_1_107' title="bbox 2188 4478 3774 4552; baseline 0.015 -23"><span class='ocrx_word' id='word_1_909' title='bbox 2188 4478 2309 4547; x_wconf 90' lang='lat' dir='ltr'><strong>quia</strong></span> <span class='ocrx_word' id='word_1_910' title='bbox 2352 4478 2576 4534; x_wconf 85' lang='lat' dir='ltr'><strong>credere</strong></span> <span class='ocrx_word' id='word_1_911' title='bbox 2624 4482 2708 4536; x_wconf 88' lang='lat' dir='ltr'><strong>vel</strong></span> <span class='ocrx_word' id='word_1_912' title='bbox 2754 4499 2860 4538; x_wconf 92' lang='lat' dir='ltr'><strong>non</strong></span> <span class='ocrx_word' id='word_1_913' title='bbox 2909 4486 3130 4542; x_wconf 86' lang='lat' dir='ltr'><strong>credere</strong></span> <span class='ocrx_word' id='word_1_914' title='bbox 3175 4505 3280 4544; x_wconf 91' lang='lat' dir='ltr'><strong>non</strong></span> <span class='ocrx_word' id='word_1_915' title='bbox 3326 4500 3409 4546; x_wconf 89' lang='lat' dir='ltr'><strong>est</strong></span> <span class='ocrx_word' id='word_1_916' title='bbox 3456 4493 3508 4548; x_wconf 91' lang='lat' dir='ltr'><strong>in</strong></span> <span class='ocrx_word' id='word_1_917' title='bbox 3555 4496 3774 4552; x_wconf 89' lang='lat' dir='ltr'><strong>arbitrio</strong></span> 
     </span>
    </p>
   </div>
   <div class='ocr_carea' id='block_1_108' title="bbox 2187 4571 3776 4653">
    <p class='ocr_par' dir='ltr' id='par_1_108' title="bbox 2187 4571 3776 4653">
     <span class='ocr_line' id='line_1_108' title="bbox 2187 4571 3776 4653; baseline 0.013 -29"><span class='ocrx_word' id='word_1_918' title='bbox 2187 4571 2472 4625; x_wconf 89' lang='lat' dir='ltr'><strong>voluntatis</strong></span> <span class='ocrx_word' id='word_1_919' title='bbox 2501 4571 2776 4639; x_wconf 71' lang='lat' dir='ltr'><strong>humanm,</strong></span> <span class='ocrx_word' id='word_1_920' title='bbox 2819 4576 2913 4631; x_wconf 92' lang='lat' dir='ltr'><strong>sed</strong></span> <span class='ocrx_word' id='word_1_921' title='bbox 2942 4580 2992 4632; x_wconf 89' lang='lat' dir='ltr'><strong>in</strong></span> <span class='ocrx_word' id='word_1_922' title='bbox 3019 4579 3205 4635; x_wconf 87' lang='lat' dir='ltr'><strong>electis</strong></span> <span class='ocrx_word' id='word_1_923' title='bbox 3230 4595 3560 4653; x_wconf 73' lang='lat' dir='ltr'><strong>prcharatur</strong></span> <span class='ocrx_word' id='word_1_924' title='bbox 3591 4590 3776 4643; x_wconf 59' lang='lat' dir='ltr'><strong>volun.</strong></span> 
     </span>
    </p>
   </div>
   <div class='ocr_carea' id='block_1_109' title="bbox 2190 4663 3772 4751">
    <p class='ocr_par' dir='ltr' id='par_1_109' title="bbox 2190 4663 3772 4751">
     <span class='ocr_line' id='line_1_109' title="bbox 2190 4663 3772 4751; baseline 0.013 -36"><span class='ocrx_word' id='word_1_925' title='bbox 2190 4671 2270 4716; x_wconf 87' lang='lat' dir='ltr'><strong>tas</strong></span> <span class='ocrx_word' id='word_1_926' title='bbox 2296 4677 2325 4714; x_wconf 91' lang='lat' dir='ltr'><strong>a</strong></span> <span class='ocrx_word' id='word_1_927' title='bbox 2349 4663 2574 4717; x_wconf 87' lang='lat' dir='ltr'><strong>Domino</strong></span> <span class='ocrx_word' id='word_1_928' title='bbox 2605 4663 2786 4734; x_wconf 88' lang='lat' dir='ltr'><strong>(Prov.</strong></span> <span class='ocrx_word' id='word_1_929' title='bbox 2822 4683 2951 4736; x_wconf 88' lang='lat' dir='ltr'><strong>vnt,</strong></span> <span class='ocrx_word' id='word_1_930' title='bbox 2983 4686 3086 4725; x_wconf 86' lang='lat' dir='ltr'><strong>sec.</strong></span> <span class='ocrx_word' id='word_1_931' title='bbox 3113 4671 3299 4745; x_wconf 79' lang='lat' dir='ltr'><strong>LXX).</strong></span> <span class='ocrx_word' id='word_1_932' title='bbox 3351 4675 3478 4730; x_wconf 84' lang='lat' dir='ltr'><strong>Ideo</strong></span> <span class='ocrx_word' id='word_1_933' title='bbox 3509 4678 3577 4732; x_wconf 88' lang='lat' dir='ltr'><strong>ad</strong></span> <span class='ocrx_word' id='word_1_934' title='bbox 3613 4681 3772 4751; x_wconf 85' lang='lat' dir='ltr'><strong>ipsam</strong></span> 
     </span>
    </p>
   </div>
   <div class='ocr_carea' id='block_1_110' title="bbox 2188 4753 3778 4835">
    <p class='ocr_par' dir='ltr' id='par_1_110' title="bbox 2188 4753 3778 4835">
     <span class='ocr_line' id='line_1_110' title="bbox 2188 4753 3778 4835; baseline 0.014 -32"><span class='ocrx_word' id='word_1_935' title='bbox 2188 4767 2399 4823; x_wconf 87' lang='lat' dir='ltr'><strong>quoque</strong></span> <span class='ocrx_word' id='word_1_936' title='bbox 2426 4753 2583 4809; x_wconf 84' lang='lat' dir='ltr'><strong>ﬁdem</strong></span> <span class='ocrx_word' id='word_1_937' title='bbox 2609 4797 2624 4820; x_wconf 92' lang='lat'><strong>,</strong></span> <span class='ocrx_word' id='word_1_938' title='bbox 2664 4772 2783 4826; x_wconf 63' lang='lat' dir='ltr'><strong>qua:</strong></span> <span class='ocrx_word' id='word_1_939' title='bbox 2813 4759 2864 4812; x_wconf 90' lang='lat' dir='ltr'><strong>in</strong></span> <span class='ocrx_word' id='word_1_940' title='bbox 2894 4760 3166 4818; x_wconf 85' lang='lat' dir='ltr'><strong>voluntate</strong></span> <span class='ocrx_word' id='word_1_941' title='bbox 3194 4775 3306 4832; x_wconf 92' lang='lat' dir='ltr'><strong>est,</strong></span> <span class='ocrx_word' id='word_1_942' title='bbox 3339 4767 3613 4835; x_wconf 87' lang='lat' dir='ltr'><strong>pertinet,</strong></span> <span class='ocrx_word' id='word_1_943' title='bbox 3658 4771 3778 4833; x_wconf 77' lang='lat' dir='ltr'><strong>Quis</strong></span> 
     </span>
    </p>
   </div>
   <div class='ocr_carea' id='block_1_111' title="bbox 2188 4844 3778 4928">
    <p class='ocr_par' dir='ltr' id='par_1_111' title="bbox 2188 4844 3778 4928">
     <span class='ocr_line' id='line_1_111' title="bbox 2188 4844 3778 4928; baseline 0.013 -32"><span class='ocrx_word' id='word_1_944' title='bbox 2188 4844 2320 4897; x_wconf 88' lang='lat' dir='ltr'><strong>enim</strong></span> <span class='ocrx_word' id='word_1_945' title='bbox 2358 4854 2405 4899; x_wconf 87' lang='lat' dir='ltr'><strong>te</strong></span> <span class='ocrx_word' id='word_1_946' title='bbox 2451 4846 2738 4903; x_wconf 87' lang='lat' dir='ltr'><strong>discernit?</strong></span> <span class='ocrx_word' id='word_1_947' title='bbox 2784 4848 2920 4916; x_wconf 87' lang='lat' dir='ltr'><strong>Quid</strong></span> <span class='ocrx_word' id='word_1_948' title='bbox 2964 4863 3133 4908; x_wconf 88' lang='lat' dir='ltr'><strong>autent</strong></span> <span class='ocrx_word' id='word_1_949' title='bbox 3181 4854 3332 4910; x_wconf 85' lang='lat' dir='ltr'><strong>habes</strong></span> <span class='ocrx_word' id='word_1_950' title='bbox 3370 4858 3509 4928; x_wconf 87' lang='lat' dir='ltr'><strong>quod</strong></span> <span class='ocrx_word' id='word_1_951' title='bbox 3549 4878 3653 4915; x_wconf 87' lang='lat' dir='ltr'><strong>non</strong></span> <span class='ocrx_word' id='word_1_952' title='bbox 3691 4879 3778 4916; x_wconf 72' lang='lat' dir='ltr'><strong>ac-</strong></span> 
     </span>
    </p>
   </div>
   <div class='ocr_carea' id='block_1_112' title="bbox 2188 4935 2408 5006">
    <p class='ocr_par' dir='ltr' id='par_1_112' title="bbox 2188 4935 2408 5006">
     <span class='ocr_line' id='line_1_112' title="bbox 2188 4935 2408 5006; baseline 0.005 -18"><span class='ocrx_word' id='word_1_953' title='bbox 2188 4935 2364 5006; x_wconf 85' lang='lat' dir='ltr'><strong>cepisti</strong></span> <span class='ocrx_word' id='word_1_954' title='bbox 2380 4935 2408 4989; x_wconf 89' lang='lat'><strong>?</strong></span> 
     </span>
    </p>
   </div>
   <div class='ocr_carea' id='block_1_113' title="bbox 2259 5026 3780 5098">
    <p class='ocr_par' dir='ltr' id='par_1_113' title="bbox 2259 5026 3780 5098">
     <span class='ocr_line' id='line_1_113' title="bbox 2259 5026 3780 5098; baseline 0.011 -19"><span class='ocrx_word' id='word_1_955' title='bbox 2259 5026 2486 5082; x_wconf 81' lang='lat' dir='ltr'><strong>CAPUT</strong></span> <span class='ocrx_word' id='word_1_956' title='bbox 2517 5027 2603 5083; x_wconf 68' lang='lat' dir='ltr'><strong>VI.</strong></span> <span class='ocrx_word' id='word_1_957' title='bbox 2631 5060 2703 5070; x_wconf 91' lang='lat'><strong>—-</strong></span> <span class='ocrx_word' id='word_1_958' title='bbox 2745 5031 2832 5086; x_wconf 79' lang='lat' dir='ltr'><strong>ll.</strong></span> <span class='ocrx_word' id='word_1_959' title='bbox 2867 5051 2887 5085; x_wconf 73' lang='grc' dir='ltr'><strong><em>ι</em></strong></span> <span class='ocrx_word' id='word_1_960' title='bbox 2922 5032 3066 5088; x_wconf 86' lang='lat' dir='ltr'><strong>Multi</strong></span> <span class='ocrx_word' id='word_1_961' title='bbox 3105 5036 3330 5094; x_wconf 88' lang='lat' dir='ltr'><strong>audiunt</strong></span> <span class='ocrx_word' id='word_1_962' title='bbox 3375 5041 3599 5096; x_wconf 77' lang='lat' dir='ltr'><strong>verbum</strong></span> <span class='ocrx_word' id='word_1_963' title='bbox 3640 5044 3780 5098; x_wconf 76' lang='lat' dir='ltr'><strong>veri-</strong></span> 
     </span>
    </p>
   </div>
   <div class='ocr_carea' id='block_1_114' title="bbox 2189 5117 3785 5204">
    <p class='ocr_par' dir='ltr' id='par_1_114' title="bbox 2189 5117 3785 5204">
     <span class='ocr_line' id='line_1_114' title="bbox 2189 5117 3785 5204; baseline 0.012 -33"><span class='ocrx_word' id='word_1_964' title='bbox 2189 5117 2313 5172; x_wconf 89' lang='lat' dir='ltr'><strong>tatis</strong></span> <span class='ocrx_word' id='word_1_965' title='bbox 2345 5135 2360 5173; x_wconf 90' lang='lat'><strong>:</strong></span> <span class='ocrx_word' id='word_1_966' title='bbox 2391 5119 2486 5174; x_wconf 90' lang='lat' dir='ltr'><strong>sed</strong></span> <span class='ocrx_word' id='word_1_967' title='bbox 2509 5121 2594 5174; x_wconf 91' lang='lat' dir='ltr'><strong>alii</strong></span> <span class='ocrx_word' id='word_1_968' title='bbox 2623 5122 2868 5189; x_wconf 82' lang='lat' dir='ltr'><strong>credunt,</strong></span> <span class='ocrx_word' id='word_1_969' title='bbox 2899 5125 2987 5180; x_wconf 85' lang='lat' dir='ltr'><strong>alii</strong></span> <span class='ocrx_word' id='word_1_970' title='bbox 3007 5129 3394 5186; x_wconf 87' lang='lat' dir='ltr'><strong>contradicunt.</strong></span> <span class='ocrx_word' id='word_1_971' title='bbox 3430 5131 3632 5188; x_wconf 71' lang='lat' dir='ltr'><strong>Volunt</strong></span> <span class='ocrx_word' id='word_1_972' title='bbox 3657 5149 3785 5204; x_wconf 85' lang='lat' dir='ltr'><strong>ergo</strong></span> 
     </span>
    </p>
   </div>
   <div class='ocr_carea' id='block_1_115' title="bbox 2189 5209 3782 5295">
    <p class='ocr_par' dir='ltr' id='par_1_115' title="bbox 2189 5209 3782 5295">
     <span class='ocr_line' id='line_1_115' title="bbox 2189 5209 3782 5295; baseline 0.012 -33"><span class='ocrx_word' id='word_1_973' title='bbox 2189 5209 2277 5263; x_wconf 85' lang='lat' dir='ltr'><strong>isti</strong></span> <span class='ocrx_word' id='word_1_974' title='bbox 2315 5209 2572 5277; x_wconf 90' lang='lat' dir='ltr'><strong>credere,</strong></span> <span class='ocrx_word' id='word_1_975' title='bbox 2622 5214 2806 5269; x_wconf 90' lang='lat' dir='ltr'><strong>nolunt</strong></span> <span class='ocrx_word' id='word_1_976' title='bbox 2835 5224 3009 5284; x_wconf 84' lang='lat' dir='ltr'><strong>autem</strong></span> <span class='ocrx_word' id='word_1_977' title='bbox 3039 5217 3134 5272; x_wconf 91' lang='lat' dir='ltr'><strong>illi.</strong></span> <span class='ocrx_word' id='word_1_978' title='bbox 3174 5221 3345 5287; x_wconf 77' lang='lat' dir='ltr'><strong>tQuis</strong></span> <span class='ocrx_word' id='word_1_979' title='bbox 3388 5222 3488 5277; x_wconf 86' lang='lat' dir='ltr'><strong>hoc</strong></span> <span class='ocrx_word' id='word_1_980' title='bbox 3535 5224 3782 5295; x_wconf 79' lang='lat' dir='ltr'><strong>ignoret?</strong></span> 
     </span>
    </p>
   </div>
   <div class='ocr_carea' id='block_1_116' title="bbox 2189 5300 3780 5382">
    <p class='ocr_par' dir='ltr' id='par_1_116' title="bbox 2189 5300 3780 5382">
     <span class='ocr_line' id='line_1_116' title="bbox 2189 5300 3780 5382; baseline 0.009 -29"><span class='ocrx_word' id='word_1_981' title='bbox 2189 5301 2308 5371; x_wconf 90' lang='lat' dir='ltr'><strong>quis</strong></span> <span class='ocrx_word' id='word_1_982' title='bbox 2338 5300 2439 5355; x_wconf 92' lang='lat' dir='ltr'><strong>hoc</strong></span> <span class='ocrx_word' id='word_1_983' title='bbox 2463 5303 2658 5373; x_wconf 86' lang='lat' dir='ltr'><strong>neget?</strong></span> <span class='ocrx_word' id='word_1_984' title='bbox 2689 5303 2793 5360; x_wconf 89' lang='lat' dir='ltr'><strong>Sed</strong></span> <span class='ocrx_word' id='word_1_985' title='bbox 2823 5323 2942 5361; x_wconf 89' lang='lat' dir='ltr'><strong>cum</strong></span> <span class='ocrx_word' id='word_1_986' title='bbox 2975 5309 3094 5364; x_wconf 87' lang='lat' dir='ltr'><strong>aliis</strong></span> <span class='ocrx_word' id='word_1_987' title='bbox 3121 5321 3479 5382; x_wconf 70' lang='lat' dir='ltr'><strong>prmparetur,</strong></span> <span class='ocrx_word' id='word_1_988' title='bbox 3525 5317 3651 5372; x_wconf 89' lang='lat' dir='ltr'><strong>aliis</strong></span> <span class='ocrx_word' id='word_1_989' title='bbox 3680 5335 3780 5372; x_wconf 87' lang='lat' dir='ltr'><strong>non</strong></span> 
     </span>
    </p>
   </div>
   <div class='ocr_carea' id='block_1_117' title="bbox 2190 5397 3784 5471">
    <p class='ocr_par' dir='ltr' id='par_1_117' title="bbox 2190 5397 3784 5471">
     <span class='ocr_line' id='line_1_117' title="bbox 2190 5397 3784 5471; baseline 0.013 -24"><span class='ocrx_word' id='word_1_990' title='bbox 2190 5404 2520 5464; x_wconf 84' lang='lat' dir='ltr'><strong>praeparetur</strong></span> <span class='ocrx_word' id='word_1_991' title='bbox 2567 5397 2810 5452; x_wconf 88' lang='lat' dir='ltr'><strong>voluntas</strong></span> <span class='ocrx_word' id='word_1_992' title='bbox 2845 5413 2874 5452; x_wconf 90' lang='lat' dir='ltr'><strong>a</strong></span> <span class='ocrx_word' id='word_1_993' title='bbox 2913 5399 3176 5471; x_wconf 86' lang='lat' dir='ltr'><strong>Domino;</strong></span> <span class='ocrx_word' id='word_1_994' title='bbox 3229 5404 3650 5465; x_wconf 87' lang='lat' dir='ltr'><strong>discernendum</strong></span> <span class='ocrx_word' id='word_1_995' title='bbox 3704 5416 3784 5467; x_wconf 80' lang='lat' dir='ltr'><strong>est</strong></span> 
     </span>
    </p>
   </div>
   <div class='ocr_carea' id='block_1_118' title="bbox 2255 5528 2890 5590">
    <p class='ocr_par' dir='ltr' id='par_1_118' title="bbox 2255 5528 2890 5590">
     <span class='ocr_line' id='line_1_118' title="bbox 2255 5528 2890 5590; baseline 0.008 -14"><span class='ocrx_word' id='word_1_996' title='bbox 2255 5528 2274 5590; x_wconf 53' lang='grc' dir='ltr'>ξ</span> <span class='ocrx_word' id='word_1_997' title='bbox 2298 5535 2476 5578; x_wconf 89' lang='lat' dir='ltr'><strong>Omnes</strong></span> <span class='ocrx_word' id='word_1_998' title='bbox 2496 5535 2624 5590; x_wconf 67' lang='lat' dir='ltr'><strong>Mss,</strong></span> <span class='ocrx_word' id='word_1_999' title='bbox 2645 5529 2890 5590; x_wconf 80' lang='lat' dir='ltr'><strong>Qualibus.</strong></span> 
     </span>
    </p>
   </div>
   <div class='ocr_carea' id='block_1_119' title="bbox 2252 5589 3780 5664">
    <p class='ocr_par' dir='ltr' id='par_1_119' title="bbox 2252 5589 3780 5664">
     <span class='ocr_line' id='line_1_119' title="bbox 2252 5589 3780 5664; baseline 0.01 -26"><span class='ocrx_word' id='word_1_1000' title='bbox 2252 5589 2339 5664; x_wconf 78' lang='lat' dir='ltr'><strong>(a)_</strong></span> <span class='ocrx_word' id='word_1_1001' title='bbox 2359 5589 2470 5664; x_wconf 69' lang='lat' dir='ltr'><strong>Inde</strong></span> <span class='ocrx_word' id='word_1_1002' title='bbox 2506 5589 2772 5664; x_wconf 66' lang='lat' dir='ltr'><strong>Bernartius</strong></span> <span class='ocrx_word' id='word_1_1003' title='bbox 2795 5595 2844 5642; x_wconf 87' lang='lat' dir='ltr'><strong>in</strong></span> <span class='ocrx_word' id='word_1_1004' title='bbox 2866 5592 2990 5664; x_wconf 76' lang='lat' dir='ltr'><strong>libro</strong></span> <span class='ocrx_word' id='word_1_1005' title='bbox 3006 5595 3251 5664; x_wconf 61' lang='lat' dir='ltr'><strong>degratia</strong></span> <span class='ocrx_word' id='word_1_1006' title='bbox 3274 5605 3326 5648; x_wconf 89' lang='lat' dir='ltr'><strong>et</strong></span> <span class='ocrx_word' id='word_1_1007' title='bbox 3359 5601 3529 5651; x_wconf 84' lang='lat' dir='ltr'><strong>Libero</strong></span> <span class='ocrx_word' id='word_1_1008' title='bbox 3555 5605 3780 5664; x_wconf 80' lang='lat' dir='ltr'><strong>Arbitrio,</strong></span> 
     </span>
    </p>
   </div>
   <div class='ocr_carea' id='block_1_120' title="bbox 2188 5653 3782 5714">
    <p class='ocr_par' dir='ltr' id='par_1_120' title="bbox 2188 5653 3782 5714">
     <span class='ocr_line' id='line_1_120' title="bbox 2188 5653 3782 5714; baseline 0.009 -14"><span class='ocrx_word' id='word_1_1009' title='bbox 2188 5663 2293 5713; x_wconf 86' lang='lat' dir='ltr'><strong>cap.</strong></span> <span class='ocrx_word' id='word_1_1010' title='bbox 2321 5653 2342 5699; x_wconf 85' lang='grc'>1</span> <span class='ocrx_word' id='word_1_1011' title='bbox 2365 5667 2377 5699; x_wconf 92' lang='lat'>:</span> <span class='ocrx_word' id='word_1_1012' title='bbox 2403 5670 2424 5696; x_wconf 71' lang='grc' dir='ltr'><strong><em>α</em></strong></span> <span class='ocrx_word' id='word_1_1013' title='bbox 2440 5657 2567 5701; x_wconf 90' lang='lat' dir='ltr'><strong>Deus</strong></span> <span class='ocrx_word' id='word_1_1014' title='bbox 2589 5660 2753 5701; x_wconf 89' lang='lat' dir='ltr'><strong>auctor</strong></span> <span class='ocrx_word' id='word_1_1015' title='bbox 2777 5663 2855 5705; x_wconf 85' lang='lat' dir='ltr'><strong>est</strong></span> <span class='ocrx_word' id='word_1_1016' title='bbox 2876 5655 3060 5714; x_wconf 88' lang='lat' dir='ltr'><strong>salutis,</strong></span> <span class='ocrx_word' id='word_1_1017' title='bbox 3086 5657 3290 5709; x_wconf 89' lang='lat' dir='ltr'><strong>liberum</strong></span> <span class='ocrx_word' id='word_1_1018' title='bbox 3314 5664 3568 5713; x_wconf 87' lang='lat' dir='ltr'><strong>arbitrium</strong></span> <span class='ocrx_word' id='word_1_1019' title='bbox 3597 5653 3782 5714; x_wconf 72' lang='lat' dir='ltr'><strong>tantum</strong></span> 
     </span>
    </p>
   </div>
   <div class='ocr_carea' id='block_1_121' title="bbox 2196 5714 3783 5788">
    <p class='ocr_par' dir='ltr' id='par_1_121' title="bbox 2196 5714 3783 5788">
     <span class='ocr_line' id='line_1_121' title="bbox 2196 5714 3783 5788; baseline 0.013 -31"><span class='ocrx_word' id='word_1_1020' title='bbox 2196 5725 2408 5788; x_wconf 54' lang='lat' dir='ltr'><strong>gemas.</strong></span> <span class='ocrx_word' id='word_1_1021' title='bbox 2434 5729 2456 5756; x_wconf 62' lang='grc' dir='ltr'><strong>ν</strong></span> <span class='ocrx_word' id='word_1_1022' title='bbox 2485 5716 2672 5788; x_wconf 46' lang='lat' dir='ltr'><strong>conitar.</strong></span> <span class='ocrx_word' id='word_1_1023' title='bbox 2703 5714 2796 5788; x_wconf 68' lang='lat' dir='ltr'><strong>lib.</strong></span> <span class='ocrx_word' id='word_1_1024' title='bbox 2821 5717 2852 5766; x_wconf 79' lang='grc'>2</span> <span class='ocrx_word' id='word_1_1025' title='bbox 2873 5718 2936 5768; x_wconf 89' lang='lat' dir='ltr'><strong>de</strong></span> <span class='ocrx_word' id='word_1_1026' title='bbox 2960 5720 3210 5788; x_wconf 59' lang='lat' dir='ltr'><strong>vocatione</strong></span> <span class='ocrx_word' id='word_1_1027' title='bbox 3241 5726 3480 5788; x_wconf 82' lang='lat' dir='ltr'><strong>Gentium,</strong></span> <span class='ocrx_word' id='word_1_1028' title='bbox 3504 5739 3614 5788; x_wconf 80' lang='lat' dir='ltr'><strong>cap.</strong></span> <span class='ocrx_word' id='word_1_1029' title='bbox 3643 5727 3693 5785; x_wconf 73' lang='lat'><strong>2,</strong></span> <span class='ocrx_word' id='word_1_1030' title='bbox 3734 5735 3783 5777; x_wconf 82' lang='lat' dir='ltr'><strong>et</strong></span> 
     </span>
    </p>
   </div>
   <div class='ocr_carea' id='block_1_122' title="bbox 2189 5771 3784 5837">
    <p class='ocr_par' dir='ltr' id='par_1_122' title="bbox 2189 5771 3784 5837">
     <span class='ocr_line' id='line_1_122' title="bbox 2189 5771 3784 5837; baseline 0.01 -16"><span class='ocrx_word' id='word_1_1031' title='bbox 2189 5771 2518 5837; x_wconf 68' lang='lat' dir='ltr'><strong>Fulgentium,</strong></span> <span class='ocrx_word' id='word_1_1032' title='bbox 2558 5775 2642 5824; x_wconf 88' lang='lat' dir='ltr'><strong>lib.</strong></span> <span class='ocrx_word' id='word_1_1033' title='bbox 2684 5778 2748 5824; x_wconf 80' lang='lat' dir='ltr'><strong>de</strong></span> <span class='ocrx_word' id='word_1_1034' title='bbox 2783 5781 3108 5831; x_wconf 82' lang='lat' dir='ltr'><strong>lncarnatione</strong></span> <span class='ocrx_word' id='word_1_1035' title='bbox 3134 5789 3185 5833; x_wconf 86' lang='lat' dir='ltr'><strong>et</strong></span> <span class='ocrx_word' id='word_1_1036' title='bbox 3213 5771 3374 5834; x_wconf 68' lang='lat' dir='ltr'><strong>Gratia</strong></span> <span class='ocrx_word' id='word_1_1037' title='bbox 3405 5771 3611 5837; x_wconf 16' lang='lat' dir='ltr'><strong>DOlH‘ill&#39;ii</strong></span> <span class='ocrx_word' id='word_1_1038' title='bbox 3635 5771 3784 5837; x_wconf 55' lang='lat' dir='ltr'><strong>tiostil</strong></span> 
     </span>
    </p>
   </div>
   <div class='ocr_carea' id='block_1_123' title="bbox 2199 5835 2824 5898">
    <p class='ocr_par' dir='ltr' id='par_1_123' title="bbox 2199 5835 2824 5898">
     <span class='ocr_line' id='line_1_123' title="bbox 2199 5835 2824 5898; baseline 0.027 -24"><span class='ocrx_word' id='word_1_1039' title='bbox 2199 5835 2306 5878; x_wconf 67' lang='lat' dir='ltr'><strong>twn:</strong></span> <span class='ocrx_word' id='word_1_1040' title='bbox 2326 5835 2511 5896; x_wconf 81' lang='lat' dir='ltr'><strong>(:hristi,</strong></span> <span class='ocrx_word' id='word_1_1041' title='bbox 2535 5850 2637 5898; x_wconf 75' lang='lat' dir='ltr'><strong>cap.</strong></span> <span class='ocrx_word' id='word_1_1042' title='bbox 2666 5838 2777 5889; x_wconf 44' lang='grc' dir='ltr'><strong>ἓξὲξ</strong></span> <span class='ocrx_word' id='word_1_1043' title='bbox 2788 5841 2824 5890; x_wconf 72' lang='grc' dir='ltr'><strong>ι.</strong></span> 
     </span>
    </p>
   </div>
   <div class='ocr_carea' id='block_1_124' title="bbox 3846 442 3868 495">
    <p class='ocr_par' dir='ltr' id='par_1_124' title="bbox 3846 442 3868 495">
     <span class='ocr_line' id='line_1_124' title="bbox 3846 442 3868 495; baseline 0 0"><span class='ocrx_word' id='word_1_1044' title='bbox 3846 442 3868 495; x_wconf 75' lang='grc' dir='ltr'><strong><em>ι</em></strong></span> 
     </span>
    </p>
   </div>
   <div class='ocr_carea' id='block_1_125' title="bbox 3859 525 3870 556">
    <p class='ocr_par' dir='ltr' id='par_1_125' title="bbox 3859 525 3870 556">
     <span class='ocr_line' id='line_1_125' title="bbox 3859 525 3870 556; baseline 0 0"><span class='ocrx_word' id='word_1_1045' title='bbox 3859 525 3870 556; x_wconf 68' lang='lat' dir='ltr'><strong>vl</strong></span> 
     </span>
    </p>
   </div>
  </div>
