4022 6468
228 368 320 428 939
1089 355 1291 411 LIBER
1332 353 1418 410 DE
1460 351 2121 412 PREDESTINATIONE
2158 357 2594 419 SANCTORUM.

224 483 394 550 utique
437 472 561 546 quid
605 471 780 529 veniat
812 475 825 502 ¹
856 469 924 526 de
965 468 1328 526 misericordia
1363 468 1514 538 ejus,
1564 467 1689 538 quid
1722 467 1788 522 de

217 571 423 645 judicio.
455 564 603 632 Quod
629 563 879 632 (μιαν-εὐαί
907 560 1090 626 Israel,
1117 562 1191 616 ait.
1217 561 1524 631 Apostolus,
1570 560 1663 613 hoc
1688 575 1790 612 non

219 675 286 720 est
309 667 593 717 consecutus
620 673 638 711 :
663 657 836 711 electio
853 665 1022 710 autem
1051 664 1319 709 consecuta
1346 662 1418 708 est
1444 669 1460 706 :
1485 653 1653 708 centeri
1672 668 1786 706 vero

219 752 442 809 excaecati
460 758 608 815 sunt,
653 748 780 803 sicut
803 747 1046 817 scriptum
1068 755 1170 812 est,
1203 745 1354 799 Dedit
1377 745 1481 798 illis
1513 743 1650 798 Deus
1684 745 1792 814 spi-

219 846 361 899 ritum
389 840 816 912 compunctionis,
862 838 1035 893 oculos
1065 848 1120 892 ut
1158 853 1258 891 non
1283 836 1517 902 videant,
1557 844 1602 888 et
1639 850 1790 888 aures

218 943 269 990 ut
292 950 390 988 non
425 932 652 996 audiant,
692 946 850 1000 usque
885 930 939 982 in
978 928 1278 982 hodiernum
1316 927 1468 981 diem.
1519 925 1587 979 Et
1620 923 1790 978 David

221 1029 364 1094 dicit,
393 1025 514 1080 Fiat
535 1040 708 1078 mensa
727 1040 898 1077 eorum
917 1023 972 1076 in
996 1022 1229 1092 laqueum
1253 1029 1301 1076 et
1327 1022 1381 1073 in
1415 1018 1790 1072 retributionem

218 1129 262 1176 et
283 1121 335 1172 in
370 1115 664 1173 scandalum
703 1115 807 1170 illis
835 1130 853 1168 :
879 1113 1209 1169 obscurentur
1253 1111 1387 1166 oculi
1427 1127 1600 1165 eorum
1629 1126 1691 1163 ne
1718 1109 1792 1163 vi-

218 1212 390 1275 deant,
430 1218 477 1263 et
513 1209 720 1263 dorsum
746 1223 916 1262 eorunt
942 1223 1138 1276 semper
1161 1207 1386 1259 incurva.
1411 1203 1552 1258 Ecce
1580 1201 1790 1257 miseri-

216 1301 387 1358 cordia
413 1310 465 1356 et
486 1298 744 1369 judicium
782 1316 795 1354 :
825 1296 1191 1352 misericordia
1219 1296 1269 1350 in
1297 1295 1611 1350 electionem
1633 1295 1791 1363 'qutn

218 1400 489 1448 consecuta
517 1397 599 1444 est
635 1389 894 1459 justitiam
940 1388 1068 1454 Dei;
1114 1386 1369 1457 judicium
1416 1400 1546 1441 vero
1585 1385 1639 1439 in
1680 1398 1790 1454 etes

216 1493 352 1541 teros
391 1483 478 1554 qui
518 1481 771 1538 excaecati
819 1490 986 1537 sunt:
1017 1489 1072 1535 et
1113 1489 1293 1535 tamen
1323 1479 1399 1534 illi
1439 1478 1562 1549 quia
1609 1477 1791 1533 volue-

215 1583 331 1630 runt
356 1574 409 1639 ³,
441 1573 814 1637 crediderunt;
849 1571 923 1626 illi
976 1571 1100 1642 quia
1130 1571 1412 1625 noluerunt
1435 1611 1448 1633 ,
1482 1583 1585 1623 non
1612 1567 1790 1623 credi-

215 1665 414 1719 derunt.
459 1662 822 1718 Misericordia
861 1662 1021 1733 igitur
1063 1670 1120 1717 et
1147 1661 1403 1732 judicium
1447 1661 1498 1714 in
1543 1660 1672 1729 ipsis
1697 1673 1793 1714 vo-

213 1755 491 1812 luntatibus
533 1755 668 1810 facta
698 1762 841 1809 sunt.
873 1754 1082 1810 Electio
1109 1753 1307 1824 quippe
1337 1753 1437 1808 ista
1465 1750 1654 1823 gratia:
1683 1761 1788 1816 est,

213 1862 311 1901 non
354 1847 535 1918 utique
571 1845 903 1902 meritorum.
949 1845 1208 1916 Superius
1242 1845 1385 1900 enim
1423 1844 1665 1909 dixerat,
1700 1842 1791 1898 Sic

211 1947 321 2009 ergo
345 1947 390 1992 et
425 1939 479 1992 in
514 1939 613 1993 hoc
639 1947 862 2009 tempore
879 1980 894 2006 ,
925 1937 1152 2006 reliquie:
1179 1953 1269 2008 per
1293 1936 1587 1990 electionem
1613 1935 1792 2006 gratia:

211 2031 356 2084 salvae
383 2031 536 2101 facta
562 2038 699 2084 sunt.
733 2029 795 2084 Si
823 2037 990 2083 autem
1015 2028 1180 2099 gratia
1204 2069 1219 2093 ,
1265 2028 1379 2099 jam
1405 2043 1506 2080 non
1535 2042 1596 2080 ea:
1627 2026 1793 2095 aperi-

211 2119 330 2186 bus;
349 2121 575 2193 alioquin
596 2122 761 2193 gratia
781 2123 897 2193 jam
915 2138 1015 2176 non
1039 2129 1113 2175 est
1127 2121 1292 2192 gratia
1318 2119 1495 2192 (Rom.
1520 2135 1594 2186 xl,
1621 2118 1788 2186 540).

212 2209 379 2266 Gratis
402 2227 531 2283 ergo
560 2221 846 2268 consecuta
869 2221 971 2276 est,
991 2211 1132 2282 quod
1149 2219 1435 2268 consecuta
1456 2218 1539 2266 est
1557 2210 1751 2265 electio
1774 2227 1788 2264 :

210 2316 309 2356 non
336 2304 608 2372 praecessit
649 2319 832 2359 eorum
867 2303 1062 2373 aliquid
1087 2344 1104 2368 ,
1145 2301 1287 2372 quod
1335 2302 1540 2371 priores
1579 2299 1788 2366 darent,

211 2395 654 2452 etretribuerelur
673 2395 777 2449 illis
809 2413 821 2449 :
851 2410 949 2465 pro
966 2394 1128 2449 nihilo
1155 2394 1332 2449 salvos
1348 2392 1468 2449 fecit
1487 2408 1581 2449 eos
1595 2392 1637 2448 ⁸.
1669 2394 1790 2449 Ca:-

212 2484 330 2538 teris
358 2493 534 2541 autem
567 2487 655 2556 qui
687 2486 941 2541 excmcati
969 2491 1126 2551 sunt,
1171 2484 1309 2540 sicut
1338 2485 1409 2540 ibi
1437 2499 1541 2540 non
1571 2485 1789 2539 tacitum

209 2583 303 2641 est,
333 2575 383 2629 in
412 2577 768 2632 retributione
796 2577 818 2608 ⁸
845 2577 1041 2631 factum
1069 2587 1168 2631 est.
1201 2575 1456 2631 Universa:
1480 2576 1572 2630 uite
1589 2575 1792 2630 Domini

209 2668 544 2724 misericordia
573 2680 619 2725 et
655 2670 840 2724 veritas
869 2668 1039 2738 (Psal.
1077 2685 1230 2732 xxiv,
1259 2668 1368 2740 10).
1411 2667 1791 2741 Investigabiles

208 2770 514 2818 suntautem
544 2767 637 2817 vite
659 2763 770 2832 ejus
802 2761 976 2835 (Rom.
1005 2778 1058 2816 xi
1080 2803 1093 2825 ,
1123 2760 1239 2834 35).
1267 2759 1670 2830 Investigabiles
1695 2759 1791 2831 igi-

211 2861 289 2908 tur
312 2864 452 2922 sunt,
481 2865 540 2912 et
565 2854 928 2911 misericordia
955 2869 1056 2926 qua
1084 2855 1249 2926 gratis
1273 2853 1481 2920 liberat,
1511 2861 1566 2908 et
1596 2853 1790 2908 veritas

207 2959 301 3014 qua
323 2947 462 3018 juste
482 2949 710 3020 iudicat.

287 3037 512 3097 CAPUT
545 3041 649 3096 VII.
695 3070 767 3081 —
812 3039 898 3095 i2.
941 3038 1046 3096 Sed
1095 3039 1315 3095 forsitan
1358 3039 1540 3095 dicant
1565 3040 1608 3109 °,
1652 3057 1672 3091 ι
1707 3039 1790 3094 Ab

207 3131 447 3198 operibus
490 3133 654 3189 ﬁdem
696 3133 972 3203 distinguit
1018 3132 1310 3202 Apostolus
1345 3150 1357 3185 :
1388 3131 1613 3202 gratiam
1657 3145 1787 3187 vero

209 3230 304 3274 non
334 3239 398 3277 ex
438 3225 692 3297 operibus
737 3239 858 3280 esse
898 3223 1060 3284 dicit;
1104 3241 1210 3278 non
1250 3231 1428 3278 autem
1474 3222 1602 3277 dicit
1646 3223 1789 3294 quod

209 3324 306 3366 non
331 3315 400 3370 sit
427 3331 494 3372 ex
520 3315 641 3371 ﬁde.
681 3336 699 3369 ι
733 3315 808 3370 Ita
835 3330 961 3370 vero
1001 3324 1084 3371 est
1114 3333 1127 3369 :
1159 3314 1253 3371 sed
1291 3314 1459 3386 ipsam
1483 3330 1695 3386 quoque
1723 3315 1788 3369 ﬁ-

206 3402 318 3460 dem
354 3421 489 3478 opus
522 3409 614 3464 Dei
645 3409 774 3464 dicit
811 3424 930 3464 esse
959 3408 1132 3473 lesus,
1163 3415 1219 3463 et
1247 3407 1382 3463 hanc
1407 3417 1464 3463 ut
1501 3423 1789 3478 operemur

200 3491 360 3561 jubet.
387 3499 644 3555 Dixerunt
667 3499 809 3554 enim
833 3501 897 3553 ad
917 3515 1036 3554 eum
1056 3499 1223 3556 Judmi
1249 3518 1262 3554 :
1287 3499 1423 3567 Quid
1448 3501 1709 3570 faciemus,
1733 3510 1790 3554 ut

204 3598 460 3654 cperemur
485 3609 611 3662 apus
633 3590 800 3645 Dei"?
819 3590 1097 3662 Respondit
1118 3590 1155 3645 Ι
1159 3608 1272 3645 esus
1292 3599 1338 3644 et
1358 3590 1485 3644 dixit
1508 3589 1610 3645 illis
1636 3609 1648 3645 :
1674 3591 1788 3646 Hoc

202 3689 413 3753 estopus
443 3687 558 3754 Dei,
588 3698 640 3740 ut
670 3688 886 3741 credatis
912 3689 963 3741 in
988 3705 1101 3742 eum
1139 3702 1286 3758 quem
1312 3688 1448 3741 misit
1488 3687 1574 3742 ille
1605 3685 1782 3760 (Joan.

199 3779 270 3838 νι,
295 3773 388 3840 28,
415 3777 530 3848 29).
564 3777 652 3833 Sic
679 3794 806 3848 ergo
834 3779 1108 3849 distinguit
1133 3779 1420 3848 Apostolus
1449 3778 1516 3833 ab
1537 3779 1786 3848 Operibus

201 3861 378 3933 iidem,
407 3869 855 3938 quemadmodum
893 3871 944 3924 in
974 3871 1181 3926 duobus
1220 3869 1397 3941 regnis
1441 3871 1783 3926 llebrmorum

199 3949 541 4024 distinguitur
577 3958 740 4013 Judas
777 3960 843 4014 ab
890 3959 1075 4025 lsrael,
1118 3974 1239 4015 cum
1271 3969 1327 4014 et
1371 3961 1484 4030 ipse
1524 3961 1693 4017 ludas
1717 3963 1786 4018 sit

199 4040 376 4101 lsrael.
423 4047 502 4103 Ex
534 4049 638 4105 ﬁde
667 4059 842 4105 autem
873 4051 992 4107 ideo
1019 4051 1146 4107 dicit
1174 4052 1455 4122 justiﬁcari
1488 4054 1780 4120 hominem,

198 4147 299 4190 non
340 4153 408 4194 ex
441 4142 692 4211 operibus
722 4139 921 4214 (Galat.
955 4159 1012 4210 ιι,
1047 4143 1160 4214 ιϐ),
1196 4143 1318 4214 quia
1347 4144 1458 4214 ipsa
1491 4147 1656 4215 prima
1683 4147 1781 4200 da-

198 4232 302 4293 tur,
336 4247 401 4286 ex
431 4249 533 4304 qua
563 4234 913 4305 impetrentur
953 4243 1171 4303 caetera,
1218 4251 1339 4306 quae
1370 4237 1584 4306 proprie
1621 4250 1782 4308 opera

198 4331 586 4393 nuncupantur,
610 4324 662 4380 in
689 4326 1042 4397 quibusjuste
1067 4328 1284 4383 vivitur.
1317 4327 1448 4382 Nam
1471 4327 1600 4383 dicit
1620 4330 1780 4384 etiam

197 4405 335 4478 ipse,
380 4413 558 4471 Gratia
592 4417 719 4471 salvi
756 4418 874 4474 estis
901 4419 1024 4488 [acti
1052 4435 1142 4490 per
1169 4419 1341 4489 ﬁdem,
1387 4429 1435 4474 et
1476 4422 1571 4474 Itoc
1595 4437 1696 4474 non
1721 4439 1783 4476 ex

194 4501 326 4557 vobis
347 4547 362 4573 ,
389 4510 480 4564 sed
506 4508 605 4565 Dei
630 4511 819 4565 donum
847 4520 921 4566 est
943 4527 963 4566 :
991 4512 1042 4566 id
1068 4499 1170 4581 est,
1199 4521 1254 4569 et
1287 4513 1429 4585 quod
1455 4514 1565 4569 dixi
1602 4532 1693 4588 per
1718 4517 1780 4585 ﬁ-

196 4589 323 4660 dem,
355 4613 463 4655 non
501 4617 568 4656 ex
607 4601 779 4666 vobis,
819 4603 914 4658 sed
958 4604 1054 4659 Dei
1089 4603 1290 4660 donum
1317 4614 1400 4661 est
1429 4607 1590 4661 etiam
1624 4607 1775 4664 lides.

198 4675 312 4737 Non
333 4703 396 4742 ea:
415 4691 667 4762 operibus,
688 4693 877 4762 inquit,
899 4710 961 4748 ne
977 4697 1109 4765 forte
1129 4697 1242 4765 quis
1262 4696 1536 4750 extollatur
1559 4695 1776 4769 (Ephes.

196 4784 250 4836 ιι,
277 4773 330 4840 8,
362 4779 443 4852 9).
475 4783 622 4839 Solet
647 4784 791 4838 enim
833 4783 962 4850 dici,
999 4785 1124 4841 ideo
1159 4787 1380 4842 credere
1409 4790 1624 4855 meruit,
1653 4792 1775 4860 quia

195 4862 271 4918 vir
293 4866 468 4932 bonus
492 4883 611 4931 erat
628 4883 683 4932 et
702 4885 986 4948 antequam
1009 4879 1276 4935 crederet.
1299 4879 1453 4947 Quod
1482 4881 1550 4938 de
1578 4881 1777 4940 Corne-

249 5018 270 5109 ξ
425 5025 1130 5109 02!"?!stc’eticaei...eue€e-

191 5133 205 5181 ἱ
249 5085 270 5109 ¹
293 5085 430 5147 Editi,
455 5089 507 5140 in
542 5089 786 5162 electione.
827 5085 994 5142 Melius
1031 5102 1156 5153 Mss,
1193 5093 1244 5144 in
1275 5093 1582 5167 electionem;
1607 5096 1652 5146 id
1679 5107 1773 5160 est,

210 5149 236 5185 η
277 5143 480 5190 eleclm-
519 5159 592 5190 ﬁte!
618 5160 784 5190 Imma
809 5156 856 5190 in
881 5155 1132 5190 nmncamli
1167 5169 1278 5190 nnc"
1321 5155 1501 5190 Ιηηίιιιι-
1557 5172 1606 5190 m
1636 5168 1772 5190 ρηιιη.

191 5155 481 5250 Irgseleetos.
519 5155 592 5201 Sic
618 5160 786 5215 postea
809 5156 857 5204 in
880 5155 1133 5205 accusandi
1167 5169 1280 5207 casu
1320 5155 1533 5221 legitur,
1557 5155 1607 5208 in
1635 5155 1774 5211 ciete;

191 5263 272 5366 Im:
293 5269 498 5366 νιξξὶεὲρί
521 5274 1196 5366 Istisl‘int‘iﬁq‘qluqruntinet
1234 5279 1374 5366 infra,
1398 5279 1483 5352 qui
1500 5281 1769 5366 no(uer_unt.

193 5334 377 5450 ﬁnge
521 5337 614 5387 hoc
647 5334 920 5401 posteriore
942 5339 1048 5390 loco
1087 5334 1298 5403 habent,
1332 5334 1476 5406 quia;
1499 5344 1585 5393 sed
1610 5346 1772 5407 priore

250 5425 545 5531 pro
566 5453 713 5531 nihilo
730 5457 857 5531 enim
888 5460 1042 5531 salvos
1080 5463 1192 5531 fecit
1238 5478 1332 5531 eos.
1369 5473 1423 5531 ᾼι
1461 5469 1767 5531 manuscripti

192 5513 506 5615 gatetereutit,
524 5521 649 5571 enim
670 5534 688 5571 :
713 5530 766 5573 et
790 5534 854 5571 ex
899 5523 974 5572 his
992 5513 1120 5576 unus
1142 5513 1432 5590 loco,'fecit;
1464 5513 1671 5590 habet,
1686 5513 1770 5593 fit:

249 5631 270 5721 Ζ
292 5638 576 5721 Ξὲίίβὲδίβ
591 5651 708 5721 “3.1.x
783 5643 1166 5721 fetributionem.

292 5695 457 5764 Plures
475 5712 603 5764 Mss,
629 5695 813 5756 dicunt.

190 5751 374 5864 ρὲιὸἱο
409 5751 603 5817 omnes
632 5751 850 5831 "pliadas
902 5773 1227 5835 manuscripti.
1288 5783 1342 5824 At
1401 5776 1560 5838 editi,
1621 5789 1768 5841 Opera

422 5912 649 5981 Sacr.
697 5915 742 5974 A
757 5931 974 5986 uousr.
1022 5915 1102 5976 Χ.

3381 369 3486 423 9η

1907 468 1976 524 ho
2001 466 2108 526 diei
2151 477 2344 541 potest,
2390 475 2542 544 cujus
2579 483 2810 547 accepta
2853 485 2978 534 sunt
3027 479 3384 551 eleemosyna:
3425 492 3480 536 et

1899 562 2162 617 exaudita:
2193 565 2463 623 orationes
2488 577 2772 639 antequam
2801 570 3114 627 credidisset
3135 572 3185 626 in
3211 572 3483 628 Christum

1902 653 2036 722 (Act.
2059 669 2116 720 x,
2142 655 2198 726 4)
2220 673 2232 708 :
2258 673 2357 713 nec
2383 667 2560 714 tamen
2586 661 2702 716 sine
2721 661 2895 732 aliqua
2920 661 3023 718 ﬁde
3041 662 3272 718 donabat
3291 674 3346 719 et
3370 677 3485 721 ora-

1901 745 2008 800 bat.
2038 746 2170 801 Nam
2197 751 2466 818 quomodo
2488 753 2790 822 invocabat,
2823 756 2875 810 in
2915 772 3072 827 quem
3099 773 3204 812 non
3233 759 3483 814 credide-

1900 845 1982 891 rat
2011 837 2184 908 (Rom.
2212 857 2264 906 x,
2296 842 2425 913 id)?
2451 843 2557 899 Sed
2584 845 2626 900 si
2658 856 2837 916 posset
2861 847 2976 903 sine
3014 848 3118 904 lide
3140 849 3336 904 Christi
3361 865 3484 906 esse

1899 928 2098 997 salvus,
2143 945 2248 986 non
2288 933 2356 988 ad
2395 949 2517 989 eum
2557 936 2927 993 tediﬁcandum
2967 940 3269 996 mitteretur
3310 944 3487 998 archi-

1901 1027 2066 1073 tectus
2095 1023 2372 1090 apostolus
2401 1024 2588 1080 Petrus
2617 1044 2629 1080 :
2655 1030 2896 1096 quamvis
2919 1031 3016 1084 nisi
3039 1030 3291 1086 Dominus
3317 1034 3485 1100 aediﬁ-

1898 1113 2081 1166 caverit
2103 1113 2330 1183 domum,
2358 1117 2411 1170 in
2438 1133 2623 1173 vanum
2658 1119 3012 1176 laboraverunt
3038 1123 3350 1192 tedi/icantes
3375 1140 3488 1178 eam

1903 1200 2073 1271 (Psal.
2096 1219 2274 1272 cxxvl,
2307 1205 2384 1276 l).
2409 1207 2477 1263 Et
2500 1208 2695 1265 dicitur
2720 1212 2894 1279 nobis,
2934 1231 2952 1265 ι
2981 1213 3138 1269 Fides
3157 1223 3239 1270 est
3258 1231 3286 1268 a
3309 1215 3485 1276 nobis,

1899 1300 2090 1346 caetera
2141 1307 2170 1347 a
2215 1294 2444 1351 Domino
2489 1297 2557 1353 ad
2600 1314 2763 1370 Opera
2803 1300 3026 1370 justitia:
3064 1304 3422 1374 pertinentia.-
3462 1325 3480 1355 ι

1898 1385 2048 1453 quasi
2095 1385 2163 1440 ad
2209 1387 2488 1444 :ediﬁcium
2534 1406 2638 1445 non
2689 1393 2952 1463 pertineat
2999 1393 3165 1462 ﬁdes;
3213 1397 3366 1465 quasi
3418 1397 3484 1450 ad

1897 1475 2202 1545 mdiﬁcium,
2222 1479 2458 1549 inquam,
2484 1497 2589 1536 non
2607 1484 2867 1553 pertineat
2887 1484 3309 1541 fundamentum.
3333 1486 3487 1554 Quod

1899 1567 1944 1620 si
1975 1567 2025 1621 in
2071 1569 2257 1638 primis
2286 1580 2340 1626 et
2382 1574 2612 1628 maxime
2651 1575 2904 1644 pertinet,
2952 1576 3004 1630 in
3048 1592 3240 1631 vanum
3280 1577 3489 1633 laborat

1900 1659 2237 1728 prmdicando
2257 1663 2522 1720 :ediﬁcans
2552 1664 2736 1731 ﬁdem,
2761 1667 2860 1721 nisi
2893 1682 3011 1722 eam
3037 1668 3295 1723 Dominus
3317 1670 3481 1724 mise-

1899 1750 2067 1804 rando
2092 1752 2234 1807 intus
2259 1753 2506 1810 aediﬁcet.
2550 1739 2818 1827 Quidquid
2848 1758 3007 1828 igitur
3039 1769 3093 1814 et
3117 1771 3401 1830 antequam
3433 1761 3484 1815 in

1898 1837 2166 1895 Christum
2190 1843 2452 1910 crederet,
2480 1854 2534 1900 et
2573 1860 2694 1900 cum
2724 1847 2972 1903 crederet
2999 1848 3039 1914 ί,
3072 1859 3126 1903 et
3154 1863 3274 1903 cum
3308 1849 3486 1905 credi-

1898 1931 2088 1996 disset,
2121 1933 2258 1989 bene
2283 1947 2536 2006 operatus
2568 1948 2651 1992 est
2674 1937 2976 2007 Cornelius,
3005 1948 3175 1995 totum
3217 1941 3327 1996 Deo
3353 1940 3487 1995 dau-

1898 2023 2023 2077 dum
2054 2034 2159 2092 est,
2190 2041 2258 2081 ne
2282 2027 2417 2082 forte
2439 2029 2559 2098 quis
2583 2029 2889 2084 extollatur.

1968 2115 2196 2173 CAPUT
2236 2117 2366 2173 Vill.
2395 2149 2468 2160 --
2511 2122 2599 2176 l5.
2651 2121 2882 2176 Proinde
2917 2122 3031 2193 ipse
3056 2137 3194 2179 unus
3237 2123 3487 2194 Magister

1899 2216 1953 2263 et
1977 2211 2252 2276 Dominus,
2284 2228 2406 2268 cum
2435 2212 2660 2268 dixisset
2686 2231 2804 2284 qua:
2833 2230 2992 2285 supra
3022 2219 3337 2282 memoravi,
3373 2217 3486 2271 Hoc

1898 2309 1969 2354 est
1992 2316 2119 2369 opus
2148 2299 2264 2368 Dei,
2286 2311 2340 2356 ut
2363 2303 2579 2358 credatis
2607 2304 2659 2357 in
2685 2321 2798 2358 eum
2822 2322 2968 2375 quem
2992 2307 3126 2360 misit
3151 2307 3240 2362 ille
3257 2325 3278 2363 :
3304 2309 3356 2362 in
3384 2325 3482 2363 eo-

1899 2391 2019 2446 dem
2043 2391 2159 2462 ipso
2183 2407 2433 2449 sermone
2461 2409 2558 2448 suo
2589 2395 2746 2464 paulo
2771 2407 2892 2465 post
2919 2397 3012 2462 ait,
3041 2395 3164 2451 Dixi
3186 2399 3341 2467 vobis,
3365 2404 3485 2470 quia

1898 2495 1944 2539 et
1973 2487 2166 2540 vidistis
2196 2503 2275 2541 me
2298 2528 2310 2552 ,
2344 2497 2393 2541 et
2421 2504 2522 2542 non
2548 2489 2849 2543 credidistis.
2886 2487 3048 2544 Omne
3073 2492 3208 2562 quod
3238 2492 3326 2544 dat
3362 2493 3486 2546 mihi

1897 2574 2074 2643 Pater,
2103 2577 2172 2630 ad
2197 2593 2277 2632 me
2303 2579 2480 2633 ueniet.
2508 2579 2644 2647 Quid
2675 2587 2776 2646 est,
2802 2581 2871 2634 ad
2896 2597 2976 2634 me
3000 2583 3178 2647 veniet,
3207 2583 3331 2650 nisi,
3357 2582 3488 2638 Cre-

1897 2667 1986 2722 det
2013 2669 2063 2722 in
2093 2671 2218 2724 me?
2258 2669 2362 2726 Sed
2403 2680 2458 2726 ut
2485 2671 2610 2742 ﬁat,
2639 2671 2796 2728 Pater
2821 2672 2930 2728 dat.
2963 2673 3094 2730 Item
3127 2676 3284 2744 paulo
3311 2684 3433 2746 post
3467 2695 3480 2731 :

1899 2757 2090 2826 Nolite,
2107 2759 2294 2830 inquit,
2313 2778 2628 2816 murmurare
2643 2764 2885 2818 invicem:
2903 2781 3048 2819 nemo
3065 2775 3226 2836 potest
3241 2768 3407 2822 venire
3417 2768 3485 2820 ad

1897 2867 1995 2918 me,
2027 2851 2124 2904 nisi
2152 2850 2310 2905 Pater
2334 2853 2419 2924 qui
2449 2853 2582 2908 misit
2607 2870 2705 2918 me,
2737 2859 2948 2908 traxerit
2973 2870 3089 2909 eum
3124 2871 3143 2910 :
3170 2867 3216 2912 et
3242 2873 3333 2928 ego
3367 2875 3485 2914 curn

1894 2943 2198 2996 resuscitabo
2226 2943 2280 2996 in
2305 2944 2573 2999 novissimo
2593 2945 2692 2999 die.
2726 2943 2817 2998 Est
2838 2946 3085 3017 scriptum
3107 2947 3158 3001 in
3192 2946 3483 3018 Prophetis,

1898 3034 1963 3088 Et
1990 3047 2136 3089 erunt
2158 3052 2327 3090 omnes
2354 3036 2589 3091 docibiles
2619 3035 2734 3090 Dei.
2765 3035 2941 3091 Omnis
2961 3038 3046 3108 qui
3063 3039 3253 3092 audivit
3272 3056 3303 3093 a
3324 3038 3483 3094 Patre

1895 3138 1942 3181 et
1957 3127 2151 3194 didicit,
2170 3129 2301 3182 venit
2316 3128 2384 3181 ad
2403 3144 2482 3181 me
2502 3126 2677 3200 (Joan.
2701 3129 2879 3194 vt,29.
2895 3128 2982 3194 '56,
2997 3128 3088 3196 57,
3103 3131 3317 3208 45-45).
3343 3131 3484 3201 Quid

1896 3229 1998 3286 est,
2034 3219 2212 3274 Omnis
2237 3220 2323 3290 qui
2347 3219 2536 3273 audivit
2563 3236 2594 3272 a
2622 3218 2778 3274 Patre
2805 3229 2852 3274 et
2874 3220 3072 3287 didicit,
3112 3223 3244 3276 venit
3269 3225 3338 3276 ad
3365 3241 3484 3289 me;

1896 3310 2017 3377 nisi,
2048 3309 2234 3365 Nullus
2262 3319 2344 3366 est
2385 3311 2472 3382 qui
2509 3309 2688 3366 audiat
2716 3327 2746 3364 a
2775 3311 2932 3368 Patre
2961 3321 3015 3368 et
3041 3312 3232 3379 discat,
3281 3323 3336 3370 et
3373 3332 3480 3372 non

1895 3402 2070 3456 veniat
2098 3401 2165 3456 ad
2192 3402 2316 3457 tne?
2341 3399 2399 3458 Si
2437 3402 2579 3456 enim
2607 3402 2782 3458 omnis
2820 3403 2911 3473 qui
2940 3403 3144 3460 audivit
3181 3420 3211 3458 a
3238 3405 3396 3463 Patre
3426 3417 3482 3464 et

1893 3491 2097 3559 didicit,
2129 3493 2303 3558 venit;
2330 3492 2571 3563 profecto
2600 3493 2774 3550 omnis
2794 3494 2884 3564 qui
2914 3509 3020 3549 non
3049 3494 3214 3560 venit,
3246 3512 3353 3552 non
3383 3511 3482 3552 au-

1894 3583 2024 3638 divit
2050 3597 2080 3637 a
2112 3583 2288 3648 Patre,
2336 3599 2438 3640 nec
2473 3583 2661 3640 didicit
2690 3603 2702 3639 :
2736 3601 2858 3640 nam
2903 3586 2949 3641 si
2993 3585 3229 3642 audisset
3256 3597 3310 3643 et
3337 3589 3479 3645 didi-

1892 3674 2072 3740 cisset,
2099 3673 2322 3729 veniret.
2349 3673 2530 3745 Neque
2554 3675 2696 3730 euim
2726 3675 2864 3730 ullus
2881 3675 3086 3730 audivit
3113 3687 3168 3732 et
3191 3677 3397 3747 didicit,
3421 3690 3478 3736 et

1894 3780 2000 3819 non
2029 3765 2176 3820 venit
2214 3783 2228 3820 :
2269 3765 2363 3821 sed
2401 3767 2582 3833 omnis,
2622 3775 2680 3820 ut
2715 3767 2790 3821 ait
2835 3766 3064 3835 Veritas,
3111 3769 3195 3838 qui
3229 3771 3418 3826 audivit
3447 3789 3481 3826 a

1895 3854 2053 3910 Patre
2079 3865 2127 3910 et
2165 3856 2379 3923 didicit,
2415 3858 2567 3912 venit.
2599 3857 2765 3913 Valde
2811 3867 3016 3914 remota
3059 3869 3141 3915 est
3169 3875 3199 3915 a
3230 3864 3477 3919 sensibus

1891 3948 2069 4003 carnis
2099 3948 2213 4003 haec
2241 3947 2447 4015 schola,
2491 3950 2544 4003 in
2569 3963 2671 4018 qua
2704 3949 2860 4004 Pater
2889 3951 3104 4005 auditur
3129 3959 3184 4006 et
3211 3952 3388 4019 docet,
3421 3967 3481 4010 ut

1892 4040 2136 4095 veniatur
2162 4039 2228 4093 ad
2258 4039 2474 4094 Filium.
2499 4039 2572 4094 lbi
2595 4050 2676 4094 est
2706 4049 2758 4096 et
2780 4041 2893 4110 ipse
2918 4041 3099 4107 Filius,
3128 4044 3248 4112 quia
3269 4045 3382 4114 ipse
3397 4054 3481 4100 est

1891 4132 2124 4187 Verbum
2145 4131 2282 4201 ejus,
2303 4145 2398 4201 per
2413 4130 2552 4200 quod
2571 4130 2647 4185 sic
2665 4131 2843 4196 docet;
2869 4146 2966 4186 nec
2981 4132 3088 4201 agit
3108 4131 3210 4188 hoc
3231 4149 3348 4189 cum
3368 4151 3479 4190 car-

1890 4221 1973 4275 nis
1998 4233 2143 4286 aure,
2171 4221 2265 4276 sed
2291 4221 2485 4276 cordis.
2517 4219 2685 4275 Simul
2713 4220 2782 4273 ibi
2805 4228 2888 4275 est.
2905 4230 2960 4275 et
2975 4221 3204 4290 Spiritus
3226 4224 3398 4280 Patris
3421 4238 3478 4282 et

1891 4310 2006 4365 Filii
2027 4329 2040 4376 ;
2065 4325 2237 4380 neque
2252 4311 2392 4364 enim
2412 4310 2524 4380 ipse
2546 4324 2649 4364 non
2667 4308 2843 4377 docet,
2866 4321 2955 4364 aut
2977 4312 3261 4381 separatim
3282 4313 3477 4373 docet:

1891 4402 2255 4472 inseparabilia
2268 4403 2462 4472 quippe
2474 4401 2749 4457 didicimus
2765 4403 2784 4433 ¹
2798 4417 2918 4458 esse
2929 4417 3088 4473 opera
3101 4403 3391 4462 Trinitatis.
3409 4409 3477 4464 Et

1889 4495 2001 4566 ipse
2016 4503 2098 4553 est
2115 4495 2294 4565 utique
2311 4495 2541 4564 Spiritus
2558 4503 2789 4560 sanctus,
2807 4495 2874 4551 de
2893 4511 3000 4566 quo
3016 4496 3304 4566 Apostolus
3318 4499 3470 4566 dicit,

1894 4587 2143 4642 Habentes
2167 4597 2332 4640 autent
2356 4590 2580 4640 eumdem
2609 4586 2859 4658 Spiritum
2879 4587 3000 4657 ﬁdei
3021 4588 3088 4659 (ll
3111 4588 3229 4644 Cor.
3262 4606 3333 4658 tv,
3363 4593 3470 4663 i5).

1885 4679 1991 4735 Sed
2023 4679 2142 4733 ideo
2172 4678 2316 4733 Patri
2348 4678 2449 4733 hoc
2481 4679 2815 4748 potissimum
2849 4689 2933 4734 est
2967 4681 3304 4751 attributum,
3341 4687 3465 4754 quia

1886 4769 1954 4826 de
1984 4770 2099 4840 ipso
2138 4779 2222 4825 est
2260 4770 2474 4839 genitus
2504 4769 2843 4839 Unigenitus,
2890 4778 2945 4826 et
2988 4771 3056 4826 de
3087 4772 3203 4842 ipso
3234 4777 3476 4844 procedit

1883 4861 2111 4931 Spiritus
2137 4871 2352 4916 sanctus
2377 4879 2390 4915 :
2420 4860 2560 4915 unde
2587 4862 2803 4931 longum
2829 4873 2911 4917 est
2936 4865 3270 4921 enucleatius
3289 4868 3473 4940 dispu-

1885 4961 2032 5019 tare;
2060 4962 2114 5008 et
2141 4951 2210 5007 de
2229 4951 2509 5017 Trinitate,
2532 4968 2651 5023 qua:
2675 4953 2811 5008 Deus
2837 4963 2937 5022 est,
2962 4955 3198 5013 laborem
3226 4971 3466 5017 nostrum
3504 5029 3508 5034 τ

1884 5048 1935 5101 in
1964 5045 2267 5117 quindecim
2306 5045 2457 5100 libris
2487 5044 2552 5099 ad
2584 5060 2680 5100 vos
2704 5046 2814 5116 jam
2857 5047 3105 5104 existimo
3129 5054 3461 5122 pervenisse.

1883 5137 2070 5204 Valde,
2119 5138 2354 5208 inquam,
2389 5145 2591 5192 remota
2633 5147 2716 5192 est
2759 5153 2788 5190 a
2831 5139 3078 5195 sensibus
3120 5145 3297 5198 carnis
3354 5145 3468 5202 lucc
3507 5125 3518 5168 ί

1881 5233 2085 5299 schola,
2115 5232 2167 5286 in
2208 5247 2310 5301 qua
2347 5231 2487 5285 Deus
2516 5231 2728 5286 auditur
2763 5243 2817 5288 et
2847 5234 3023 5290 docet.
3062 5236 3254 5294 Multos
3283 5243 3464 5299 venire

1881 5324 2120 5379 videmus
2155 5322 2220 5378 ad
2253 5321 2466 5389 Filium,
2507 5323 2628 5394 quia
2662 5325 2858 5380 multos
2884 5327 3106 5383 credere
3135 5329 3378 5388 videmus
3407 5335 3462 5390 in

1878 5414 2148 5470 Christum
2185 5433 2196 5468 :
2230 5414 2322 5470 sed
2354 5415 2440 5469 ubi
2469 5425 2522 5470 et
2542 5417 2810 5486 quomodo
2829 5432 2860 5472 a
2890 5417 3048 5474 Patre
3071 5420 3338 5480 audierint
3360 5424 3462 5483 hoc

1943 5592 1958 5622 ι
1987 5591 2308 5666 tovanienses
2331 5601 2695 5666 expunxerunt,
2719 5600 2897 5666 etcum
2923 5595 3268 5666 .crederet,__ut
3288 5613 3466 5666 ευρριι.

1879 5653 2045 5734 linum.
2060 5653 2286 5734 “liabet-ur
2308 5653 2611 5734 non-tantum
2655 5658 2704 5704 in
2748 5657 3103 5734 antiquioribus
3124 5653 3268 5734 editis
3290 5653 3466 5734 saliet

1879 5722 1971 5824 ἷξικ,
1998 5713 2087 5786 sed
2114 5714 2260 5762 etiam
2276 5716 2325 5763 in
2347 5713 2580 5766 \‘ati'eanis
2601 5713 2936 5780 ntanuscriptis
2951 5727 3003 5769 et
3027 5720 3247 5783 pluribus
3270 5737 3332 5776 ex
3358 5713 3466 5779 Gai;
3493 5745 3497 5748 ν

1900 5789 2060 5824 manus.

1947 5840 1965 5869 ³
1992 5847 2089 5885 Am.
2117 5843 2187 5886 Er.
2218 5848 2268 5888 et
2292 5837 2470 5903 aliquot
2497 5848 2622 5902 3:55.,
2651 5840 2872 5891 dicimus.

2747 5925 3203 6007 (Tremo-une.)
