4022 6462
451 379 562 437 ’975

464 501 786 570 ﬁgmentum,
823 490 976 545 creati
1017 488 1067 541 in
1099 484 1296 540 Christo
1320 479 1442 534 Jesu
1484 477 1538 530 in
1580 471 1811 543 aper-ibus
1853 466 1994 524 bonis
2010 481 2036 568 .;

461 558 631 661 giatia
677 558 818 644 est:
868 579 1011 654 quod
1058 586 1234 633 autem
1281 572 1537 642 sequitur,
1582 581 1694 637 qua:
1739 558 2043 661 prreparavit

465 649 622 747 beas,
643 687 697 732 ut
717 678 769 730 in
786 649 1444 734 illis‘ainbulemuswphes.
1465 675 1520 722 ιι,
1540 657 1595 721 9,
1617 655 1739 724 10);
1767 649 2045 723 praedesti-

451 771 611 826 vnatio
657 777 760 830 est,
809 779 929 835 quae
971 762 1086 817 sine
1127 751 1459 828 praescientia
1509 761 1615 802 non
1666 752 1840 816 potest
1880 755 1998 797 esse
2032 755 2044 792 :

471 870 648 932 potest
676 833 851 914 autem
881 869 1000 911 esse
1042 853 1156 906 sine
1199 842 1668 918 praedestinatione
1697 833 2046 907 praescientia.

470 929 947 1010 Praedestinatione
968 947 1162 1018 quippe
1188 944 1328 997 Deus
1348 955 1408 993 ea
1432 934 1718 1007 prtescivit,
1743 947 1860 1002 quae
1884 929 2055 984 fuerat

472 1047 586 1118 ipse
627 1044 864 1098 facturus
904 1059 917 1094 :
965 1037 1103 1094 unde
1145 1034 1346 1089 dictum
1395 1038 1509 1094 est,
1544 1026 1686 1080 Fecit
1727 1039 1838 1094 qua:
1884 1025 2054 1092 futura

473 1144 592 1192 sunt
625 1135 792 1206 (Isai.
823 1146 958 1197 xcv,
988 1145 1090 1183 sec.
1123 1123 1262 1181 LXX
1288 1125 1328 1194 ).
1361 1120 1613 1177 Pricscire
1652 1123 1826 1169 autem
1868 1119 2058 1180 potens

475 1236 558 1284 est
585 1227 742 1282 etiam
771 1239 888 1295 qua:
918 1222 1030 1290 ipse
1059 1233 1164 1273 non
1194 1215 1354 1277 facit;
1396 1212 1534 1265 sicut
1563 1216 1910 1277 quarcumque
1939 1214 2058 1268 poc-

476 1329 594 1376 cata
623 1337 636 1373 :
668 1319 788 1389 quia
817 1315 916 1370 etsi
943 1320 1068 1369 sunt
1095 1308 1336 1380 quaedam
1363 1348 1377 1372 ,
1409 1319 1528 1374 quae
1559 1301 1630 1355 ita
1671 1306 1882 1368 peccata
1913 1301 2054 1356 sunt,

478 1422 537 1466 ut
574 1425 744 1481 postue
773 1408 882 1462 sint
922 1405 1080 1460 etiam
1123 1408 1498 1470 peccatorum,
1545 1390 1686 1448 unde
1729 1389 1924 1443 dictum
1957 1394 2057 1450 est,

480 1501 714 1557 Tradidit
756 1499 874 1554 illos
907 1498 1044 1551 Deus
1081 1496 1135 1548 in
1174 1491 1440 1564 reprobam
1484 1497 1725 1547 mentem,
1772 1492 1827 1536 ut
1871 1481 2064 1552 faciant

481 1608 596 1662 qua:
623 1608 724 1646 non
752 1591 1049 1644 conueniunt
1075 1587 1245 1654 (Rom.
1277 1600 1325 1649 ι,
1353 1580 1454 1650 28)
1481 1598 1495 1645 ;
1538 1594 1642 1633 non
1675 1578 1746 1630 ibi
1788 1583 2062 1645 peccatum

486 1684 580 1738 Dei
617 1691 734 1746 est,
775 1681 865 1734 sed
907 1679 1186 1749 judicium.
1235 1675 1495 1742 Quocirca
1540 1667 1934 1741 prmdestinatio
1975 1664 2065 1718 Dei

482 1791 602 1846 quae
624 1775 676 1829 in
705 1775 843 1828 bono
868 1781 969 1836 est,
995 1771 1179 1842 gratia:
1205 1775 1307 1834 est,
1331 1776 1388 1820 ut
1414 1764 1542 1827 disi,
1567 1759 1882 1832 praeparatio
1907 1776 1920 1812 :
1947 1771 2067 1828 gra-

467 1868 561 1921 ttia
586 1880 716 1921 vero
744 1873 827 1920 est
868 1862 1032 1933 ipsius
1064 1854 1544 1930 prcedestinationis
1574 1852 1814 1909 ell‘ectus.
1845 1847 2068 1916 Quando

490 1973 622 2028 ergo
664 1956 909 2028 promisit
947 1955 1085 2009 Deus
1126 1951 1354 2006 Abrahrc
1399 1949 1451 2003 in
1500 1947 1704 2002 semine
1750 1943 1865 2012 ejus
1910 1941 2067 1995 fidem

485 2050 723 2121 gentium
747 2088 762 2113 ,
792 2047 998 2110 dicens,
1028 2043 1237 2097 Patrem
1267 2041 1540 2095 multarum
1567 2036 1785 2108 gentium
1814 2032 1959 2103 posui
1985 2040 2032 2084 te
2049 2047 2068 2094 ;

488 2142 631 2198 unde
655 2141 785 2196 dicit
811 2139 1098 2210 Apostolus
1117 2178 1132 2203 ,
1165 2133 1291 2189 Ideo
1321 2150 1383 2188 ea:
1408 2132 1536 2202 ﬁde,
1568 2139 1622 2183 ut
1651 2127 1924 2183 secundum
1949 2138 2068 2194 gra-

487 2237 613 2291 tiam
639 2235 788 2304 ﬁrma
813 2234 878 2286 sit
907 2229 1172 2302 promissio
1201 2226 1339 2281 omni
1365 2223 1544 2279 semini
1569 2219 1720 2292 (Gen.
1742 2233 1872 2284 xvn,
1895 2217 1950 2282 4,
1975 2214 2028 2283 5)
2052 2232 2066 2268 :

494 2343 602 2382 non
631 2325 699 2380 de
725 2332 922 2380 nostrae
948 2319 1234 2375 voluntatis
1268 2322 1559 2387 potestate,
1591 2311 1684 2390 sed
1713 2310 1781 2365 de
1806 2324 1900 2364 sua
1931 2324 2069 2376 [ifill-

488 2417 846 2474 destinatione
872 2411 1133 2484 promisit.
1157 2408 1409 2464 Promisit
1432 2405 1572 2461 enim
1598 2401 1738 2472 quod
1765 2402 1875 2472 ipse
1903 2398 2071 2454 factu-

487 2525 582 2566 rus
628 2507 830 2574 fuerat,
877 2521 983 2561 non
1036 2501 1178 2574 quod
1230 2500 1496 2557 homines.
1546 2497 1679 2564 Quia
1729 2496 1826 2551 etsi
1875 2492 2072 2547 faciunt

491 2600 739 2664 homines
783 2597 921 2652 bona
967 2610 1085 2666 qua:
1131 2593 1400 2664 pertinent
1441 2588 1506 2644 ad
1549 2586 1830 2643 colendum
1864 2585 2068 2647 Deum;

491 2690 610 2762 ipse
638 2690 763 2744 facit
792 2697 848 2742 ut
875 2687 951 2741 illi
980 2687 1173 2740 faciant
1196 2698 1314 2753 quae
1344 2679 1614 2751 pftPCCPlt,
1641 2693 1744 2732 non
1774 2675 1846 2730 illi
1875 2673 2075 2729 faciunt

491 2784 699 2853 utripse
743 2781 900 2836 faciat
939 2778 1078 2849 quod
1123 2775 1366 2847 promisit
1396 2792 1410 2828 :
1444 2771 1678 2842 alioquin
1709 2777 1767 2824 ut
1803 2769 1896 2823 Dei
1945 2781 2068 2838 pro-

492 2877 655 2931 missa
684 2872 1080 2943 compleantur,
1110 2883 1216 2924 non
1244 2868 1296 2921 in
1326 2865 1453 2930 Dei,
1485 2863 1579 2919 sed
1608 2863 1660 2916 in
1688 2861 1961 2916 hominum
1992 2865 2076 2912 est

491 2973 775 3037 potestate,
805 2972 858 3019 et
885 2960 1024 3032 quod
1054 2975 1085 3014 a
1115 2958 1340 3014 Domino
1367 2955 1687 3027 promissum
1715 2961 1818 3018 est,
1850 2951 1918 3005 ab
1944 2949 2074 3020 ipsis

494 3055 739 3112 redditur
765 3051 1013 3108 Abrabm.
1056 3049 1172 3105 Non
1204 3056 1384 3103 autem
1414 3046 1492 3102 sic
1529 3043 1756 3100 credidit
1780 3040 2089 3105 Abraham,

493 3146 591 3203 sed
617 3144 830 3200 credidit
855 3143 983 3196 dans
1009 3142 1226 3213 gloriam
1257 3139 1383 3204 Deo,
1418 3138 1657 3208 quoniam
1682 3151 1794 3205 qum
1824 3134 2074 3204 promisit,

495 3248 673 3309 patens
698 3245 771 3291 est
801 3243 847 3289 et
877 3233 1044 3304 [acere
1068 3232 1241 3299 (Rom.
1270 3245 1341 3298 iv,
1370 3227 1582 3299 lii-2i)
1615 3245 1627 3281 :
1660 3242 1764 3281 non
1792 3226 1898 3290 ait,
1928 3224 2073 3278 Prte-

494 3319 675 3384 dicere
695 3343 718 3393 ;.
738 3342 845 3382 non
871 3326 963 3389 ait,
993 3324 1280 3388 Praescire;
1315 3337 1435 3376 nam
1461 3329 1512 3377 et
1541 3319 1713 3375 aliena
1742 3317 1876 3372 facta
1905 3324 2078 3386 potest

497 3419 791 3490 praedicere
819 3425 977 3486 atque
1007 3415 1258 3484 prmscire
1286 3431 1298 3468 :
1329 3411 1424 3468 sed
1460 3411 1568 3477 ait,
1601 3419 1774 3480 potens
1813 3417 1881 3463 est
1916 3416 1962 3460 et
1997 3409 2080 3478 fa-

496 3527 643 3576 cere;
673 3523 735 3564 ac
759 3524 855 3579 per
882 3507 985 3562 hoc
1012 3505 1168 3568 facta,
1199 3520 1303 3559 non
1334 3503 1529 3568 aliena,
1558 3501 1651 3557 sed
1679 3515 1794 3556 sua.

565 3600 656 3656 20.
704 3601 785 3654 An
823 3597 958 3653 forte
999 3611 1160 3666 opera
1206 3596 1344 3650 bona
1385 3593 1621 3664 gentium
1661 3592 1811 3646 Deus
1842 3589 2084 3661 promisit

498 3692 726 3748 Abralm
770 3691 822 3744 in
866 3689 1072 3745 semine
1113 3687 1302 3757 ipsius,
1334 3694 1393 3740 ut
1435 3685 1537 3738 hoc
1581 3683 1910 3752 promitteret
1939 3680 2083 3750 quod

500 3786 614 3855 ipse
638 3783 794 3846 facit;
826 3797 930 3835 non
961 3789 1139 3834 autem
1161 3777 1421 3848 promisit
1447 3773 1891 3843 ﬁdemgentium,
1923 3785 2083 3842 quam

501 3873 603 3928 sibi
633 3871 879 3927 homines
908 3869 1142 3934 faciunt;
1173 3867 1267 3922 sed
1309 3875 1367 3920 ut
1411 3865 1744 3935 promitteret
1783 3861 1923 3933 quod
1973 3863 2085 3930 ipse

503 3963 666 4029 facit,
719 3961 864 4017 illam
910 3958 1177 4032 praiscivit
1221 3955 1468 4012 homines
1497 3968 1619 4011 esse
1659 3953 1928 4009 facturos?
1968 3951 2083 4007 Non

503 4055 720 4127 quidem
753 4054 985 4124 loquitur
1005 4052 1084 4108 sic
1110 4049 1429 4122 Apostolus;
1463 4047 1598 4103 ﬁlios
1621 4047 1816 4119 quippe
1845 4046 2088 4117 promisit

506 4148 646 4204 Deus
689 4146 915 4202 Abrahae
939 4187 954 4212 ,
1000 4145 1089 4212 qui
1129 4142 1253 4198 ﬁdei
1283 4142 1397 4212 ejus
1444 4139 1662 4210 vestigia
1710 4146 2085 4193 sectarentur:

505 4238 645 4310 quod
673 4235 1008 4307 apertissime
1035 4235 1184 4290 dicit.
1218 4233 1323 4288 Sed
1361 4232 1404 4286 si
1431 4245 1593 4301 Opera
1616 4229 1852 4300 gentium
1885 4227 2085 4298 promi-

506 4329 596 4394 sit,
627 4318 731 4382 non
764 4325 918 4382 ﬁdem
939 4341 954 4391 ;
975 4324 1213 4395 profecto
1229 4321 1478 4394 quoniam
1503 4337 1607 4375 non
1631 4319 1903 4375 suntbona
1925 4333 2087 4388 opera

507 4421 610 4477 nisi
637 4435 700 4476 ex
732 4419 836 4474 ﬁde
867 4416 1074 4490 (Justus
1099 4415 1240 4471 enim
1269 4429 1332 4468 ea:
1361 4413 1462 4482 ﬁde
1505 4412 1619 4465 vivit
1663 4409 1884 4482 [Habac.
1911 4425 1968 4474 ιι,
2001 4407 2088 4481 4];

506 4521 580 4577 et,
631 4509 793 4566 Omne
820 4509 953 4580 quod
997 4523 1097 4560 non
1138 4514 1209 4561 est
1237 4521 1298 4559 ea:
1335 4504 1454 4573 fide,
1501 4511 1758 4574 peccatum
1800 4511 1872 4556 est
1899 4500 2088 4573 [Rom.

511 4618 622 4665 xw,
647 4598 780 4674 23];
811 4607 884 4665 et,
917 4597 1039 4653 Sine
1064 4596 1166 4666 ﬁde
1181 4593 1487 4661 impossibile
1511 4601 1583 4647 est
1622 4592 1818 4664 placere
1842 4594 1858 4624 ³
1893 4589 2086 4664 [Hebr.

515 4709 593 4756 xi,
616 4691 708 4765 6])
730 4730 746 4755 ,
775 4688 1118 4745 nihilominus
1134 4695 1191 4740 ut
1215 4684 1472 4754 impleat’
1494 4681 1635 4752 quod
1662 4681 1906 4751 promisit
1929 4681 2089 4748 Deus,

511 4781 567 4838 in
619 4781 891 4836 hominum
937 4786 1020 4834 est
1061 4783 1344 4847 potestate.
1391 4772 1501 4827 Nisi
1545 4771 1689 4828 enim
1735 4772 1896 4826 homo
1940 4771 2095 4826 faciat

511 4871 654 4944 quod
684 4871 794 4926 Deo
824 4885 930 4924 non
955 4867 1194 4924 donante
1221 4864 1288 4921 ad
1311 4863 1579 4918 hominem
1603 4862 1852 4932 pertinet,
1882 4877 1986 4916 non
2015 4861 2094 4916 fa-

513 4966 620 5021 ciet
661 4963 775 5034 ipse
821 4961 961 5034 quod
1003 4960 1215 5016 donet:
1261 4957 1362 5013 hoc
1391 4965 1506 5024 est,
1558 4955 1660 5011 nisi
1705 4955 1896 5010 habeat
1934 4953 2094 5008 homo

515 5055 672 5112 ﬁdem
699 5070 763 5112 ex
795 5058 1106 5124 semetipso,
1134 5065 1242 5108 non
1263 5049 1448 5119 implet
1477 5049 1620 5104 Deus
1643 5047 1784 5118 quod
1825 5045 2090 5118 promisit,

515 5159 575 5205 ut
595 5162 755 5221 opera
779 5145 1000 5219 justitiaa
1037 5144 1230 5200 dentur
1257 5157 1322 5198 ex
1349 5142 1479 5198 Deo.
1511 5141 1588 5195 Ac
1618 5153 1712 5210 per
1736 5139 1858 5204 hoc,
1888 5147 1946 5193 ut
1970 5153 2096 5208 pro-

519 5241 676 5298 missa
704 5254 798 5296 sua
824 5238 964 5295 Deus
993 5236 1161 5308 possit
1185 5233 1408 5305 implere
1431 5273 1446 5300 ,
1475 5245 1583 5287 non
1614 5238 1695 5286 est
1737 5230 1791 5285 in
1823 5229 1914 5284 Dei
1955 5270 1972 5297 ,
2000 5228 2093 5284 sed

571 5416 602 5466 .¹
627 5413 770 5474 Editi,
809 5410 1000 5476 placere
1191 5409 1587 5476 Abest,_Deo,a
1622 5407 1959 5476 manuscriptis
1997 5413 2098 5476 et_a
2193 5411 2196 5413 λ

521 5487 680 5539 ιιι-ιεοο
712 5470 854 5526 textu
885 5470 1127 5536 Apostoli,
1173 5477 1226 5521 et
1268 5471 1446 5533 passim
1491 5470 1724 5520 omittitur
1765 5470 1828 5517 ab
1873 5470 2099 5531 Augusti-

523 5550 607 5630 no;
631 5605 730 5646 Αιιι.
768 5604 819 5660 et
838 5602 933 5660 tua,
958 5601 1010 5646 ut
1031 5593 1306 5660 impleatur.
1336 5591 1503 5642 Melius
1525 5566 1852 5660 manusa-ipti,
1877 5597 1933 5640 ut
1944 5598 2099 5660 tora-

523 5661 722 5710 aienses
759 5651 1289 5728 obs‘eréanphimpleat.
1329 5661 1441 5728 Nam
1478 5651 1635 5728 [lautior
1661 5651 1786 5728 post,
1813 5664 1912 5728 non
1935 5652 2099 5728 implet

528 5719 813 5832 mium
850 5713 1098 5785 promisit;
1123 5713 1175 5770 et
1196 5730 1328 5778 mox,
1347 5721 1397 5766 ut
1439 5713 1673 5778 promissa
1692 5727 1779 5763 sua
1808 5722 1932 5765 Deus
1949 5713 2098 5778 possit

1693 354 1746 409 S.
1790 343 2148 407 AUGUSTINI
2187 337 2489 396 EPISCOPI

3621 331 3722 386 976

2145 460 2200 513 in
2233 456 2466 512 hominis
2494 461 2778 524 potestate.
2821 447 2973 517 Quod
3003 449 3050 503 si
3088 448 3285 512 veritas
3312 455 3368 502 et
3411 445 3581 517 pietas
3619 460 3724 501 non

2150 549 2370 605 credere
2410 553 2582 609 vetat;
2632 541 2915 598 credamus
2961 554 3082 594 cum
3127 538 3392 594 Abraham
3419 580 3433 603 ,
3480 536 3731 607 quoniam

2153 657 2271 710 quae
2303 638 2576 709 promisit,
2609 645 2799 706 potens
2825 641 2910 688 est
2936 641 2990 687 et
3017 631 3212 688 facere.
3261 631 3512 686 Promisit
3553 639 3734 684 autem

2156 730 2292 784 ﬁlios
2319 727 2577 789 Ahrahm;
2604 724 2745 795 quod
2765 737 2884 779 esse
2907 738 3012 776 non
3035 730 3276 790 possunt,
3309 722 3352 777 si
3379 737 3487 776 non
3504 719 3738 774 habeant

2158 822 2314 876 ﬁdem
2358 841 2370 874 :
2405 833 2533 888 ergo
2563 818 2676 886 ipse
2703 815 2867 871 donat
2894 823 2950 870 et
2975 815 3153 868 ﬁdem.

2227 908 2452 965 CAPUT
2498 907 2589 961 XI.
2633 936 2703 947 ——
2739 905 2831 959 2|.
2889 905 3031 960 Sane
3063 919 3183 958 cum
3239 902 3528 971 Apostolus
3577 901 3738 968 dicat,

2162 999 2287 1054 Ideo
2309 1015 2371 1054 ea:
2400 999 2521 1068 ﬁde,
2548 1006 2602 1050 ut
2626 997 2899 1050 secundum
2924 995 3141 1065 gratiam
3164 994 3313 1062 ﬁrma
3346 993 3410 1046 sit
3441 992 3745 1062 promissio;

2162 1091 2327 1145 miror
2354 1090 2595 1143 homines
2621 1085 2915 1141 inﬁrmitati
2961 1100 3072 1141 sua:
3109 1099 3169 1139 se
3198 1083 3357 1138 malle
3383 1083 3744 1144 committere,

2150 1183 2321 1252 'quam
2373 1178 2607 1234 ﬁrmitati
2649 1176 3018 1248 promissionis
3057 1175 3173 1229 Dei.
3212 1193 3230 1226 ι
3265 1173 3371 1229 Sed
3421 1173 3624 1228 incerta
3668 1181 3750 1226 est

2165 1273 2317 1336 mihi,
2357 1289 2376 1322 ι
2410 1269 2597 1339 inquit,
2632 1286 2652 1320 ι
2685 1268 2753 1322 de
2793 1281 2880 1322 me
2919 1266 3038 1336 ipso
3085 1265 3334 1319 voluntas
3383 1263 3498 1318 Dei.
3543 1281 3564 1314 ι
3610 1261 3748 1330 Quid

2164 1361 2326 1432 ergo?
2357 1370 2515 1414 tuane
2560 1359 2652 1413 tibi
2694 1357 2943 1412 voluntas
2972 1357 3038 1410 de
3068 1363 3124 1412 te
3154 1355 3272 1425 ipso
3317 1361 3463 1408 certa
3492 1361 3616 1418 est,
3651 1366 3749 1406 nec

2167 1455 2343 1519 times,
2385 1451 2484 1519 Qui
2530 1451 2726 1504 videtur
2753 1458 2907 1514 stare,
2956 1447 3120 1501 uideat
3162 1463 3226 1500 ne
3256 1445 3406 1499 cadat
3436 1445 3493 1516 (l
3523 1442 3643 1497 Cor.
3691 1460 3744 1506 ι,

2170 1544 2315 1613 19.)?
2340 1541 2470 1598 Cum
2519 1541 2679 1612 igitur
2718 1549 2941 1609 utraque
2968 1539 3168 1592 incerta
3197 1536 3305 1603 sit,
3333 1550 3428 1590 cur
3455 1550 3562 1590 non
3590 1535 3751 1588 homo

2169 1635 2391 1690 ﬁrmiori
2419 1647 2576 1704 quam
2606 1631 2883 1686 inﬁrmiori
2923 1629 3083 1685 ﬁdem
3111 1643 3286 1694 suam,
3318 1641 3488 1697 spem,
3519 1625 3751 1680 charita-

2169 1734 2386 1795 temque
2411 1724 2728 1780 committit?

2239 1817 2329 1872 22.
2363 1834 2388 1871 «ι
2421 1816 2526 1872 Sed
2552 1830 2671 1870 cum
2692 1814 2907 1879 dicitur,
2943 1833 2962 1866 ι
2994 1813 3270 1884 inquiunt,
3305 1830 3324 1864 ι
3355 1812 3415 1868 Si
3437 1810 3714 1866 credideris
3735 1853 3751 1875 ,

2169 1911 2338 1964 salvus
2366 1911 2463 1964 eris
2487 1908 2505 1977 (
2521 1907 2670 1974 Rom.
2699 1923 2758 1975 ι,
2783 1906 2884 1976 9);
2907 1922 3070 1960 unum
3108 1905 3297 1960 horum
3327 1905 3578 1974 exigitur,
3621 1904 3753 1958 alte-

2173 2017 2290 2055 rum
2312 1999 2551 2054 offertur.
2579 1997 2732 2064 Quod
2759 1997 3006 2067 exigitur,
3040 1996 3092 2050 in
3130 1995 3390 2058 hominis;
3418 1994 3560 2063 quod
3592 1992 3752 2047 σπει-

2175 2099 2280 2158 tur,
2310 2092 2363 2145 in
2394 2091 2486 2144 Dei
2507 2099 2589 2144 est
2613 2096 2874 2158 potestate
2908 2106 2927 2138 ι
2963 2086 3182 2159 (Supra,
3201 2086 3254 2139 in
3285 2083 3523 2152 Epistola
3542 2082 3750 2146 Hilarii,

2174 2184 2298 2250 n.2,
2319 2182 2418 2237 col.
2441 2181 2721 2251 947-448).
2751 2180 2858 2234 Cur
2883 2194 2986 2234 non
3013 2188 3296 2247 utrumque
3321 2177 3374 2230 in
3399 2176 3510 2241 Dei,
3542 2185 3596 2230 et
3619 2173 3755 2245 quod

2169 2275 2342 2346 jubet,
2388 2284 2440 2330 et
2473 2273 2615 2344 quod
2656 2272 2814 2328 oil'ert
2841 2272 2894 2326 ‘?
2920 2271 3160 2343 Rogatnr
3204 2270 3348 2326 enim
3398 2278 3455 2324 ut
3495 2268 3587 2322 det
3615 2266 3754 2338 quod

2170 2366 2322 2437 jubet
2349 2383 2363 2421 ε
2395 2374 2584 2437 rogant
2612 2353 2895 2420 credentes
2919 2403 2937 2431 ,
2963 2373 3022 2418 ut
3049 2362 3150 2417 sibi
3176 2368 3434 2432 augeatur
3479 2359 3648 2426 ﬁdes;
3673 2374 3758 2414 ro-

2175 2467 2304 2529 gant
2345 2473 2441 2529 pro
2478 2475 2583 2513 non
2621 2456 2997 2522 credentibus,
3045 2464 3104 2510 ut
3129 2454 3208 2510 eis
3238 2453 3466 2508 donetur
3494 2451 3627 2507 ﬁdes
3660 2469 3673 2504 :
3703 2458 3758 2505 et

2181 2553 2232 2606 in
2261 2551 2372 2606 suis
2413 2551 2570 2620 igitur
2609 2549 2953 2604 incrementis
2978 2588 2992 2614 ,
3025 2554 3079 2601 et
3106 2546 3160 2599 in
3189 2545 3300 2599 suis
3344 2542 3509 2597 initiis
3539 2542 3634 2597 Dei
3661 2540 3757 2596 do-

2180 2661 2306 2700 num
2332 2653 2414 2700 est
2441 2644 2574 2700 ﬁdes
2599 2645 2643 2696 ¹.
2675 2642 2765 2698 Sic
2797 2652 2972 2696 autem
3003 2639 3224 2704 dicitur,
3256 2637 3317 2693 Si
3336 2636 3629 2703 credideris,
3654 2635 3758 2690 sal-

2178 2753 2266 2793 uus
2287 2737 2384 2791 eris
2409 2753 2427 2801 ;
2458 2734 2902 2806 quemadmodum
2929 2733 3142 2796 dicitur,
3174 2731 3234 2787 Si
3261 2731 3461 2801 Spiritu
3488 2734 3626 2800 facta
3653 2746 3760 2783 car-

2179 2831 2257 2885 nis
2280 2829 2722 2897 mortiﬁcaveritis,
2763 2829 2952 2880 vinetis.
2982 2824 3116 2878 Nam
3146 2832 3201 2878 et
3235 2823 3320 2877 hic
3353 2837 3417 2877 ex
3447 2821 3530 2876 his
3557 2820 3759 2876 duobus

2182 2938 2348 2978 unum
2368 2918 2598 2989 exigitur
2617 2960 2632 2986 ,
2659 2919 2884 2972 alterum
2915 2915 3155 2971 offertur.
3203 2912 3265 2968 Si
3293 2911 3527 2983 Spiritu,
3558 2911 3757 2981 inquit,

2182 3018 2318 3086 facta
2363 3013 2529 3066 contis
2579 3009 3017 3078 morti/icaveritis,
3067 3006 3238 3060 rivetis
3281 3021 3300 3059 :
3341 3014 3398 3059 ut
3425 3019 3553 3075 ergo
3580 3005 3761 3074 spiritu

2187 3107 2323 3162 facta
2369 3105 2546 3161 carnis
2587 3103 3003 3166 mortiﬁcemus,
3030 3099 3291 3170 exigitur;
3325 3107 3384 3152 ut
3409 3106 3588 3152 autem
3618 3098 3762 3150 vira-

2184 3213 2333 3264 mus,
2365 3195 2604 3251 offertur.
2623 3193 2757 3248 Num
2775 3193 2932 3262 igitur
2960 3193 3135 3262 placet
3161 3201 3218 3245 ut
3239 3190 3377 3245 facta
3407 3189 3586 3244 carnis
3615 3203 3754 3242 mor—

2186 3289 2387 3345 tiﬁcare
2414 3303 2517 3342 non
2564 3287 2763 3341 donum
2793 3284 2883 3340 Dei
2934 3297 3054 3339 esse
3080 3277 3350 3346 dicamus;
3379 3296 3552 3351 neque
3589 3280 3640 3334 id
3667 3280 3760 3334 do-

2187 3397 2313 3436 num
2343 3379 2436 3434 Dei
2481 3393 2603 3434 esse
2645 3378 2924 3443 fateamur,
2966 3375 3216 3445 quoniam
3259 3375 3397 3444 exigi
3447 3373 3692 3427 audimus
3733 3387 3762 3424 a

2185 3473 2342 3528 nobis
2371 3471 2590 3541 praemio
2617 3471 2736 3523 vita:
2755 3509 2770 3535 ,
2803 3468 2849 3522 si
2877 3469 2978 3522 hoc
3007 3466 3293 3522 fecerimus
3316 3508 3330 3533 ,
3360 3467 3586 3521 oblato?
3613 3464 3758 3518 Absit

2189 3573 2244 3617 ut
2271 3563 2376 3618 hoc
2415 3562 2622 3632 placeat
2659 3559 3007 3630 participibus
3049 3566 3104 3613 et
3148 3556 3520 3612 defensoribus
3564 3555 3761 3625 gratias.

2187 3653 2594 3724 Pelagianorum
2646 3659 2729 3706 est
2769 3664 2921 3705 error
2964 3649 3064 3703 iste
3115 3647 3433 3702 damnabilis
3482 3664 3494 3699 :
3540 3660 3762 3715 quorum

2189 3761 2311 3801 mox
2355 3745 2644 3816 Apostolus
2693 3757 2784 3797 ora
2825 3741 3120 3805 obstruxit,
3155 3739 3475 3810 adjungens,
3516 3739 3767 3809 Quotquot

2190 3841 2320 3895 enim
2352 3838 2549 3909 Spiritu
2575 3836 2673 3890 Dei
2698 3843 2936 3907 aguntur,
2971 3835 3021 3888 hi
3043 3834 3139 3902 lilii
3167 3842 3280 3887 sunt
3311 3831 3402 3884 Dei
3428 3830 3618 3900 (Rom.
3650 3845 3766 3895 vm,

2194 3931 2280 3997 15,
2316 3928 2403 4000 14)
2429 3945 2444 3994 ;
2474 3943 2541 3982 ne
2565 3927 2701 3982 facta
2725 3925 3047 3980 mortiﬁcare
3065 3939 3165 3978 nos
3181 3923 3373 3988 carnis,
3402 3935 3506 3975 non
3535 3936 3632 3991 per
3650 3920 3768 3986 Dei,

2191 4020 2284 4076 sed
2333 4035 2426 4090 per
2455 4028 2693 4073 nostrum
2722 4017 2966 4086 spiritum
3011 4014 3374 4085 crederemus.
3411 4013 3487 4068 De
3533 4026 3641 4082 quo
3669 4010 3770 4065 Dei

2190 4112 2389 4181 Spiritu
2418 4111 2575 4164 etiam
2615 4109 2686 4163 ibi
2727 4107 3066 4178 loquebatur,
3111 4105 3200 4160 ubi
3231 4107 3304 4159 ait
3335 4122 3348 4156 :
3382 4103 3568 4158 Omnia
3605 4111 3770 4155 autem

2194 4203 2299 4257 hwc
2335 4210 2570 4271 operatur
2592 4215 2723 4252 unus
2767 4207 2914 4268 atque
2949 4197 3083 4250 idem
3121 4196 3368 4266 Spiritus,
3407 4194 3632 4247 dividens
3659 4209 3778 4263 pro~

2196 4295 2307 4366 pria
2350 4294 2615 4360 unicuique
2653 4303 2800 4362 prout
2839 4291 2941 4344 vult
2970 4289 3012 4361 (ἰ
3027 4288 3144 4344 Cor.
3193 4305 3291 4355 xit,
3325 4289 3432 4358 ll).
3488 4288 3632 4341 Inter
3655 4301 3771 4355 quae

2195 4384 2402 4448 omnia,
2439 4384 2578 4438 sicut
2603 4383 2784 4446 scitis,
2821 4381 3114 4436 nominavit
3154 4389 3208 4434 ct
3247 4378 3430 4434 ﬁdem.
3461 4379 3609 4433 Sicut
3652 4391 3777 4447 ergo

2197 4472 2440 4545 quamvis
2487 4473 2685 4528 donum
2725 4473 2819 4526 Dei
2873 4473 2962 4534 sit,
3013 4471 3150 4525 facta
3198 4470 3374 4525 carnis
3419 4469 3772 4531 mortiﬁcarc;

2198 4567 2426 4636 exigitur
2472 4574 2651 4618 tamen
2695 4578 2724 4616 a
2765 4562 2918 4617 nobis
2947 4563 3218 4632 proposito
3244 4561 3466 4630 praemio
3495 4561 3620 4614 vitze
3665 4577 3676 4612 :
3710 4561 3778 4612 ita

2199 4657 2392 4712 donum
2427 4656 2516 4710 Dei
2549 4663 2631 4710 est
2659 4663 2714 4710 et
2744 4655 2892 4719 ﬁdes,
2928 4653 3169 4723 quamvis
3193 4661 3248 4708 et
3273 4654 3386 4722 ipsa
3416 4668 3538 4707 cum
3567 4651 3779 4715 dicitur,

2202 4747 2262 4802 Si
2282 4747 2574 4808 credideris,
2593 4745 2760 4800 salt-us
2786 4746 2914 4808 eris;
2937 4743 3210 4814 proposito
3227 4743 3447 4812 prmmio
3465 4742 3653 4795 salutis
3674 4741 3782 4795 exi-

2199 4850 2352 4910 gatur
2379 4855 2406 4892 a
2439 4839 2612 4892 nobis.
2645 4836 2769 4892 Ideo
2798 4837 2938 4890 enim
2973 4836 3087 4890 haec
3111 4843 3167 4890 et
3194 4835 3348 4889 nobis
3379 4833 3782 4902 praecipiuntur,

2203 4941 2258 4987 et
2305 4931 2442 4985 dona
2475 4930 2570 4984 Dei
2614 4944 2734 4984 esse
2775 4936 3172 4992 monstrantur;
3209 4933 3266 4980 ut
3295 4924 3623 4993 intelligatur
3649 4921 3784 4993 quod

2203 5032 2256 5078 et
2282 5037 2379 5077 nos
2404 5037 2465 5076 ea
2490 5020 2734 5085 facimus,
2763 5030 2815 5074 et
2838 5020 2976 5074 Deus
2998 5018 3121 5072 facit
3150 5025 3205 5072 ut
3236 5016 3322 5071 illa
3349 5014 3630 5078 faciamus,
3655 5016 3787 5068 sicut

2197 5130 2300 5184 per
2328 5113 2643 5185 prephetam
2697 5110 3034 5168 Ezechielem
3079 5108 3420 5180 apertissime
3456 5107 3608 5163 dicit.
3653 5106 3789 5175 Quid

2204 5207 2346 5264 enim
2373 5206 2612 5276 apertius
2635 5246 2649 5271 ,
2678 5221 2834 5275 quam
2862 5205 2951 5259 ubi
2982 5203 3143 5271 dicit,
3176 5201 3290 5274 Ego
3317 5204 3504 5273 faciam
3533 5212 3588 5255 ut
3631 5203 3792 5273 (acia.

2205 5301 2268 5355 tis
2293 5300 2310 5367 (
2333 5298 2524 5353 Ezech.
2575 5313 2768 5364 xxxvu,
2800 5295 2948 5367 27)?
2978 5295 3176 5351 Locum
3228 5295 3402 5364 ipsum
3445 5294 3742 5364 Scriptura:
3770 5291 3790 5322 ³

2206 5411 2500 5534 fert:
2522 5415 2576 5459 At
2595 5415 2727 5468 Lov.,
2752 5406 2804 5459 in
2841 5405 2931 5458 Dei
2946 5411 3035 5468 est,
3058 5411 3104 5457 et
3126 5405 3253 5471 quod
3258 5404 3478 5468 jubetur,
3501 5411 3547 5456 et
3571 5404 3704 5470 quod
3728 5405 3790 5467 of-

2227 5485 2298 5563 erit
2304 5485 2450 5591 1li'diti,
2478 5538 2528 5581 ut
2551 5537 2594 5581 et
2615 5531 2665 5581 in
2686 5529 2785 5580 suis
2808 5529 3127 5591 incrementis,
3150 5533 3201 5578 et
3231 5527 3281 5578 in
3313 5541 3412 5591 suis
3432 5527 3584 5591 initiis
3607 5529 3789 5591 dorsum

2207 5589 2510 5666 ᾳξοῇιέρξζᾼῑ
2531 5600 2660 5651 Mss,
2677 5591 2794 5666 etjn
2816 5590 2914 5642 suis
2929 5591 3076 5656 igitur
3098 5589 3420 5648 incrementis,
3445 5596 3491 5640 et
3514 5589 3564 5640 in
3582 5589 3690 5641 suis
3724 5589 3795 5639 in-

2207 5652 2306 5707 itiis
2330 5653 2415 5703 Dei
2438 5652 2854 5765 donumesatlfdes.
2947 5652 2965 5656 ⁷

2274 5717 2294 5747 ³
2318 5717 2398 5763 Hic
2422 5717 2470 5764 in
2496 5717 2639 5765 extitis
2731 5717 2874 5765 ditur.
2901 5712 3081 5765 fratres
3112 5712 3400 5765 charissimi.
3441 5713 3581 5765 Abest

2214 5717 2470 5844 uti:
2496 5717 2639 5765 extitis
2673 5712 2874 5775 additur,
2901 5712 3081 5778 fratres
3112 5712 3400 5766 charissimi.
3441 5713 3590 5765 Abest
3632 5726 3663 5764 ι
3698 5723 3778 5760 In:
