4022 6490
241 411 346 469 9⁸17

250 516 536 578 attendite,
563 521 616 568 et
637 507 882 566 videbitis
911 505 996 559 illa
1029 504 1193 558 Deum
1225 499 1538 570 promittere
1563 497 1820 550 facturum

246 627 306 667 se
337 617 391 662 ut
421 606 642 668 faciant,
674 615 790 671 qua:
815 597 968 668 jubet
997 604 1054 649 ut
1093 594 1236 647 fiant.
1272 589 1388 644 Non
1417 602 1546 643 sane
1587 585 1655 639 ibi
1689 593 1826 638 tacet

249 700 440 755 merita
466 709 673 755 eorum,
704 689 796 745 sed
828 687 1000 750 mala;
1031 684 1222 755 quibus
1251 696 1310 734 se
1335 677 1570 734 ostendit
1597 675 1823 730 reddere

249 807 346 862 pro
374 789 527 843 malis
553 788 690 842 bona
710 825 724 848 ,
753 782 855 836 hoc
883 780 1000 849 ipso
1024 792 1129 847 quo
1157 788 1251 830 eos
1277 770 1644 862 Iacitghabere
1665 767 1828 862 dein-

247 857 374 951 ceps
414 893 576 950 opera
623 878 784 940 bona,
831 885 953 927 cum
996 869 1110 939 ipse
1151 865 1275 922 facit
1304 874 1361 918 ut
1408 860 1606 916 faciant
1647 857 1830 912 divina

251 971 521 1029 mandata.

323 1060 550 1119 CAPUT
578 1058 693 1114 XII.
720 1086 788 1097 -—
815 1054 904 1110 25.
936 1052 1043 1108 Sed
1072 1049 1246 1106 omnis
1280 1048 1396 1103 hzec
1413 1046 1569 1112 ratio,
1601 1058 1704 1114 qua
1730 1041 1834 1097 de-

255 1154 521 1210 fendimus
541 1152 762 1222 gratiam
794 1144 886 1200 Dei
915 1158 1012 1214 per
1034 1141 1216 1198 Jesum
1246 1137 1516 1195 Christum
1546 1133 1827 1189 Dominum

255 1255 495 1301 nostrum
524 1283 540 1308 ,
588 1256 715 1296 vere
739 1253 858 1294 esse
887 1234 1132 1306 gratiam,
1164 1230 1215 1284 id
1260 1237 1362 1292 est,
1393 1243 1498 1281 non
1546 1222 1836 1280 secundum

256 1335 443 1390 merita
472 1340 654 1388 nostra
683 1328 819 1395 dari,
841 1324 1083 1395 quamvis
1112 1318 1512 1376 evidentissime
1536 1315 1838 1370 divinorum

255 1425 592 1496 eloquiorum
644 1416 961 1475 testimoniis
990 1421 1284 1475 asseratur;
1331 1418 1508 1463 tamen
1549 1403 1689 1496 apud
1718 1419 1834 1466 eos,

257 1495 493 1586 quiinisi
518 1510 717 1582 aliquid
745 1509 844 1564 sibi
872 1505 1146 1575 assignent
1172 1543 1185 1567 ,
1217 1499 1356 1571 quod
1390 1498 1596 1568 priores
1623 1495 1751 1586 dent
1778 1501 1836 1547 ut

257 1585 585 1663 retribuatur
611 1602 688 1656 eis
717 1645 729 1666 ,
762 1599 831 1653 ab
872 1597 1018 1652 omni
1067 1592 1244 1648 studio
1273 1590 1480 1662 pietatis
1525 1585 1744 1656 reprimi
1785 1601 1844 1640 se

259 1704 450 1768 putant
475 1736 489 1759 ,
524 1692 734 1748 laborat
780 1688 1108 1758 aliquantum
1134 1685 1152 1715 ί
1179 1683 1232 1737 in
1260 1687 1418 1736 tetate
1446 1677 1708 1768 majorum
1733 1674 1843 1744 jam

262 1765 522 1842 utentium
547 1781 834 1838 voluntatis
856 1777 1078 1832 arbitrio
1115 1791 1128 1828 :
1153 1771 1246 1828 sed
1282 1771 1372 1825 ubi
1397 1769 1608 1825 venitur
1633 1765 1698 1820 ad
1723 1780 1845 1836 par-

259 1877 432 1941 vulos,
461 1882 516 1930 ct
542 1872 608 1927 ad
639 1871 810 1940 ipsum
837 1867 1177 1922 Hediatorem
1209 1861 1302 1917 Dei
1330 1870 1382 1916 et
1410 1859 1705 1922 hominum,
1736 1857 1836 1908 bo-

260 1967 459 2023 miuem
490 1963 761 2018 Christum
793 1959 975 2014 Jesum
1011 1955 1065 2026 (Ι
1095 1953 1225 2008 Tim.
1254 1967 1310 2017 ιι,
1344 1951 1436 2021 5),
1467 1949 1642 2004 omnis
1669 1944 1849 2001 deficit

263 2056 678 2129 pmecdentium
703 2051 932 2122 gratiam
963 2047 1057 2102 Dei
1087 2045 1444 2100 humanorum
1477 2039 1704 2094 assertio
1732 2051 1844 2092 me-

268 2151 491 2204 ritorum
523 2164 535 2200 :
567 2145 688 2215 quia
728 2155 827 2200 nec
854 2140 924 2194 illi
948 2138 1072 2192 ullis
1108 2135 1260 2190 bonis
1290 2129 1713 2202 praecedentibus
1739 2143 1851 2182 me-

264 2240 380 2296 ritis
407 2238 781 2292 discernuntur
806 2245 836 2284 a
862 2228 1092 2291 caeteris,
1125 2235 1185 2280 ut
1214 2225 1515 2294 pertineant
1543 2220 1609 2274 ad
1641 2219 1840 2274 libera-

268 2341 440 2387 torem
484 2327 793 2388 hominum;
823 2337 923 2376 nee
950 2320 1039 2375 ille
1064 2318 1190 2373 ullis
1211 2314 1457 2370 humanis
1488 2311 1839 2381 prmeedenti-

266 2423 365 2477 bus
394 2419 618 2484 meritis,
640 2431 762 2472 cum
779 2423 833 2469 et
857 2414 972 2483 ipse
997 2410 1067 2466 sit
1092 2407 1270 2473 homo,
1301 2405 1556 2460 liberator
1582 2401 1749 2456 factus
1771 2407 1854 2455 est

265 2513 565 2568 hominum.

333 2604 425 2658 Ἡ.
481 2601 611 2669 Quis
640 2597 781 2655 enim
811 2594 1032 2659 audiat,
1060 2590 1200 2663 quod
1227 2590 1476 2646 dicuntur
1527 2585 1728 2657 parvuli
1760 2599 1857 2652 pro

263 2695 376 2750 suis
423 2692 618 2747 futuris
665 2687 872 2743 meritis
898 2686 949 2740 in
981 2685 1094 2754 ipsa
1138 2681 1362 2736 inlantili
1415 2685 1571 2733 attate
1607 2674 1858 2745 baptizati

262 2786 425 2840 exire
453 2783 521 2838 de
547 2783 646 2836 hac
675 2781 816 2843 vita;
844 2787 896 2833 et
916 2777 1037 2832 ideo
1065 2775 1154 2830 alii
1183 2789 1292 2829 non
1321 2770 1570 2840 baptizati
1595 2769 1644 2823 in
1670 2767 1858 2823 eadem

271 2887 432 2933 atate
481 2875 640 2942 mori,
673 2873 795 2944 quia
837 2879 892 2926 et
938 2870 1176 2939 ipsorum
1207 2865 1452 2936 przescita
1501 2871 1626 2915 sunt
1670 2860 1860 2914 merita

265 2968 462 3032 futura,
497 2965 591 3020 sed
616 2965 780 3026 mala;
812 2976 916 3016 non
933 2975 1118 3015 eorum
1149 2958 1307 3011 vitam
1333 2955 1524 3009 bonam
1553 2952 1636 3006 vel
1666 2951 1860 3006 malam

267 3061 380 3116 Deo
423 3064 796 3113 remuneraute
817 3054 900 3108 vel
923 3053 1209 3108 damnante
1239 3050 1283 3114 ',
1311 3046 1404 3101 sed
1430 3045 1628 3100 nullam
1661 3042 1864 3114 (Supra

267 3151 321 3204 in
375 3147 608 3219 Epistula
657 3143 937 3213 Prosperi,
984 3159 1037 3196 n.
1093 3141 1147 3205 5,
1203 3139 1301 3193 col.
1356 3135 1666 3207 95l—952)?
1718 3136 1866 3203 Apo-

271 3239 442 3295 stolus
466 3238 679 3308 quidem
710 3236 930 3288 limitem
966 3232 1100 3296 ﬁxit,
1125 3245 1282 3300 quem
1307 3227 1611 3299 transgredi
1640 3241 1748 3281 non
1772 3225 1868 3281 de-

276 3333 401 3388 beat
426 3329 662 3385 hominis
686 3369 702 3393 ,
726 3335 783 3382 ut
807 3325 988 3380 mitius
1007 3324 1194 3393 loquar
1218 3364 1232 3389 ,
1261 3322 1472 3376 incauta
1498 3319 1750 3390 suspicio.
1779 3317 1869 3372 Ait

276 3421 446 3485 enim,
473 3419 658 3473 Omnes
687 3417 964 3471 astabimus
1001 3422 1118 3467 ante
1146 3412 1380 3467 tribunal
1405 3410 1624 3476 Christi,
1651 3419 1705 3463 ut
1733 3413 1867 3479 refe-

277 3521 358 3566 rat
397 3509 732 3579 unusquisque
761 3503 1054 3562 secundum
1090 3519 1149 3557 ea
1187 3518 1300 3571 qua
1328 3517 1417 3572 per
1459 3515 1646 3568 corpus
1674 3499 1866 3569 gessit,

278 3604 385 3657 sive
411 3602 621 3667 bonum,
648 3599 748 3652 sive
765 3597 956 3649 malum
976 3592 1045 3665 (ll
1071 3591 1190 3648 Cor.
1219 3607 1276 3657 v,
1305 3592 1392 3660 IO)
1424 3606 1438 3643 :
1465 3590 1636 3661 gessit,
1664 3589 1865 3658 inquit;

283 3708 394 3749 non
419 3691 679 3760 adjunxit,
702 3688 799 3743 Vel
821 3693 1066 3756 gesturus
1092 3683 1212 3738 fuit.
1237 3681 1341 3737 Sed
1382 3680 1524 3735 unde
1551 3680 1651 3734 hoc
1677 3679 1871 3734 talibus

293 3785 424 3839 viris
470 3785 520 3837 in
563 3789 796 3837 mentem
827 3779 1034 3833 venerit
1060 3777 1240 3832 nescio
1263 3815 1278 3840 ,
1306 3783 1365 3828 ut
1403 3774 1578 3828 futura
1607 3788 1724 3843 qua:
1764 3787 1872 3826 non

283 3882 412 3929 sunt
468 3871 662 3936 futura,
708 3868 1016 3939 puniantur,
1044 3874 1134 3920 aut
1170 3865 1500 3919 honorentur
1527 3862 1714 3918 merita
1755 3876 1874 3931 par-

286 3967 561 4022 vulorum.
589 3963 698 4017 Cur
740 3969 918 4016 autem
959 3959 1159 4013 dictum
1189 3965 1311 4023 est,
1342 3955 1633 4011 secundum
1664 3969 1726 4008 ea
1758 3968 1875 4023 qua:

285 4071 388 4126 per
407 4065 602 4122 corpus
629 4051 792 4121 gessit
818 4049 1088 4103 hominem
1107 4047 1452 4118 judicandum
1479 4087 1493 4110 ,
1525 4061 1646 4100 cum
1675 4060 1873 4115 geran-

288 4158 378 4201 tur
404 4143 568 4198 multa
594 4141 710 4195 solo
736 4140 935 4205 animo,
958 4153 1064 4193 non
1092 4152 1187 4208 per
1210 4151 1426 4206 corpus,
1461 4150 1560 4190 nec
1589 4150 1683 4205 per
1706 4135 1876 4189 ullum

288 4237 535 4306 corporis
558 4232 884 4294 membrum;
916 4239 970 4284 et
1000 4230 1313 4299 plerumque
1339 4237 1446 4282 tam
1473 4241 1685 4296 magna,
1717 4233 1773 4278 ut
1795 4234 1873 4279 ta-

293 4331 434 4385 libus
453 4322 862 4396 cogitationibus
885 4336 1042 4392 pinna
1074 4321 1365 4390 justissima
1391 4318 1656 4373 debeatur
1679 4335 1691 4370 :
1722 4317 1877 4372 sicuti

305 4429 411 4484 est,
441 4425 502 4474 ut
522 4415 622 4470 alia
648 4423 850 4468 taceam
873 4453 888 4478 ,
917 4410 1062 4481 quod
1083 4410 1212 4464 dixit
1237 4410 1478 4479 insipiens
1505 4409 1556 4461 in
1577 4409 1729 4461 corde
1752 4424 1844 4461 suo
1863 4448 1876 4470 ,

298 4511 420 4564 Non
447 4517 518 4561 est
560 4505 698 4560 Deus
719 4507 736 4572 (
758 4503 901 4557 Psal.
937 4517 1050 4566 xui,
1082 4500 1178 4570 l)?
1221 4499 1358 4567 Quid
1388 4508 1470 4554 est
1505 4513 1669 4569 ergo,
1699 4515 1879 4552 secun-

295 4602 420 4654 dum
445 4615 505 4653 ea
524 4613 634 4666 qua
653 4611 740 4666 per
764 4610 947 4664 corpus
973 4593 1158 4663 gessit;
1185 4592 1308 4658 nisi,
1341 4590 1642 4646 Secundum
1673 4604 1732 4644 ea
1760 4605 1880 4659 qua:

297 4691 462 4762 gessit
490 4704 554 4743 eo
582 4695 822 4755 tempore
847 4699 954 4754 quo
983 4684 1037 4736 in
1088 4696 1314 4752 corpore
1345 4682 1462 4747 fuit,
1491 4689 1547 4734 ut
1570 4696 1660 4750 per
1699 4696 1882 4750 corpus

301 4779 655 4848 intelligamus
674 4817 692 4843 ,
716 4776 820 4832 Per
843 4787 1085 4842 corporis
1131 4772 1387 4841 tempus?
1403 4771 1526 4825 Post
1567 4784 1760 4840 corpus
1785 4786 1884 4823 au-

302 4883 412 4927 tem
457 4883 615 4923 nemo
642 4866 751 4922 erit
784 4866 836 4920 in
864 4879 1088 4933 corpore
1109 4904 1125 4930 ,
1153 4863 1252 4917 nisi
1284 4862 1675 4918 resurrectione
1702 4863 1884 4917 novis-

303 4963 472 5025 sima;
503 4975 608 5015 non
637 4958 705 5013 ad
731 4959 837 5013 ulla
874 4957 1060 5010 merita
1087 4956 1442 5025 comparanda
1463 4998 1477 5020 ,
1510 4955 1604 5010 sed
1641 4956 1708 5010 ad
1750 4956 1887 5010 reci-

302 5049 496 5121 pienda
529 5063 624 5117 pro
650 5047 806 5102 bonis
830 5045 1032 5101 meritis
1061 5045 1298 5112 praemia,
1329 5059 1426 5114 pro
1455 5045 1611 5098 malis
1636 5045 1658 5076 ³
1693 5045 1884 5099 luenda

303 5140 588 5213 supplicia.
618 5139 730 5194 Hoc
755 5149 936 5193 autem
967 5137 1143 5192 medio
1164 5145 1403 5206 tempore
1433 5137 1571 5192 inter
1591 5137 1886 5207 depositio-

374 5294 388 5324 ¹
417 5291 552 5347 Editi,
579 5289 820 5338 laboratur
842 5287 1119 5350 aliquando.
1142 5294 1198 5336 At
1219 5294 1342 5350 Mss,
1365 5285 1547 5336 laborat
1569 5287 1886 5350 aliquantum,

306 5357 433 5408 sive.
457 5351 716 5413 aliquanto,
739 5348 976 5409 Refertur,
1003 5348 1202 5409 laborat,
1226 5348 1285 5396 ad
1319 5350 1570 5410 superiora
1592 5348 1741 5398 verba
1763 5364 1774 5396 ε
1797 5349 1888 5399 Sed

305 5413 461 5466 anatis
484 5411 588 5462 mea
612 5411 752 5460 ratio.

373 5478 395 5507 ³
419 5475 553 5533 Fditi,
579 5472 652 5522 vel
667 5471 923 5521 damnante
943 5468 967 5534 2
987 5478 1103 5534 Tum
1143 5471 1254 5520 inde
1277 5473 1567 5534 sententiam
1583 5479 1889 5534 sequentem

309 5531 648 5587 Inchoant'hoc
665 5534 806 5582 modo
830 5547 842 5582 :
874 5531 964 5581 Sed
994 5531 1178 5581 nullum
1202 5532 1445 5596 Apostolus
1475 5531 1888 5596 qm'dem'limitem

311 5595 442 5660 ﬁxit.
467 5595 795 5660 Emendantur
807 5607 877 5660 _ex
899 5592 1332 5660 manuscriptorum
1348 5594 1459 5660 title,
1487 5592 1693 5660 quorum
1717 5592 1889 5660 lectio:

312 5649 428 5708 'nem
449 5657 655 5720 probant
672 5656 927 5720 manifeste
964 5649 1283 5720 Levanienses
1307 5657 1363 5720 in,
1381 5649 1784 5720 adnoiationibus,
1809 5657 1889 5704 ubi

313 5713 533 5775 monent,
558 5716 757 5775 nulutm,
783 5715 878 5781 illic
897 5713 1127 5781 appellari
1161 5718 1306 5764 vitan
1329 5715 1576 5779 infantum,
1601 5731 1711 5781 qua:
1733 5717 1890 5768 futura

313 5781 598 5836 somniatur,
621 5781 662 5827 si
684 5778 1090 5839 supervixissent.

383 5842 404 5873 ³
427 5841 563 5898 aditi,
587 5839 660 5892 vel
675 5837 763 5901 pro
779 5837 934 5891 malis.
963 5839 1124 5897 Abest,
1149 5837 1238 5897 ret,
1258 5850 1284 5887 a
1302 5845 1407 5892 Mss.

1117 390 1314 447 LIBER
1352 388 1444 443 DE
1483 379 2146 442 PBJEDESTINATIONE
2186 378 2621 436 SANCTORUM.

3417 379 3533 435 978'

1937 509 2057 547 nem
2111 503 2164 548 et
2214 492 2574 562 rceeptionem
2627 491 2886 560 corporis,
2945 490 3241 546 secundum
3291 504 3355 545 ca
3393 505 3522 562 qua.

1935 591 2216 652 gesserunt
2279 597 2372 651 per
2426 582 2670 653 corporis
2736 590 2984 652 tempus,
3044 581 3158 635 sive
3218 581 3524 636 cruciantur

1939 675 2162 738 animae,
2207 675 2321 730 sive
2345 675 2704 745 requiescunt.
2749 674 2830 729 Ad
2856 673 2997 744 quod
3043 684 3252 744 tempus
3281 675 3523 745 corporis

1939 765 2172 835 pertinet
2190 765 2350 819 etiam
2373 765 2512 836 quod
2535 765 2800 836 Pelagiani
2828 773 3043 835 negant,
3067 764 3162 820 sed
3193 765 3392 821 Christi
3424 764 3527 820 Ec-

1941 859 2103 913 elesia
2131 858 2419 914 confitetur
2439 901 2453 923 ,
2503 860 2760 930 originale
2811 868 3082 930 peccatum
3113 877 3126 914 :
3155 874 3263 930 quo
3291 859 3406 914 sive
3435 873 3526 913 so-

1943 950 2055 1005 luto
2085 965 2180 1020 per
2225 951 2314 1006 Dei
2345 952 2566 1021 gratiam
2589 993 2602 1018 ,
2643 952 2754 1006 sive
2784 967 2880 1022 per
2903 953 2998 1006 Dei
3022 951 3279 1021 judicium
3311 966 3416 1005 non
3440 964 3530 1004 so-

1945 1043 2076 1107 luto,
2109 1057 2230 1097 cum
2270 1043 2572 1097 moriuntur
2600 1043 2864 1111 infantes,
2894 1053 2984 1097 aut
3019 1044 3211 1098 merito
3240 1054 3532 1112 regenera-

1946 1133 2104 1188 tionis
2124 1141 2400 1188 transeunt
2420 1147 2486 1188 ex
2512 1134 2669 1188 malis
2685 1133 2751 1187 ad
2779 1134 2938 1198 bona,
2969 1142 3060 1188 aut
3089 1133 3282 1187 merito
3309 1131 3535 1202 originis

1949 1233 2228 1280 transeunt
2251 1239 2317 1279 ex
2341 1223 2492 1285 malis
2517 1225 2583 1278 ad
2606 1225 2764 1279 mala.
2787 1224 2900 1280 lloc
2920 1224 3178 1280 catholica
3201 1223 3333 1278 fides
3353 1223 3534 1277 novit:

1949 1315 2000 1370 in
2034 1315 2137 1371 hoc
2177 1317 2339 1370 etiam
2382 1317 2620 1371 nonnulli
2668 1316 2904 1372 haeretici
2947 1318 3064 1372 sine
3107 1317 3216 1370 ulla
3257 1315 3531 1371 contradi—

1947 1409 2125 1463 ctione
2171 1410 2532 1465 consentiunt.
2573 1410 2808 1465 Judicari
2857 1419 3035 1465 autem
3077 1425 3396 1480 quemquam
3428 1425 3535 1464 non

1949 1500 2239 1555 secundum
2259 1502 2446 1557 merita
2468 1518 2585 1573 qua:
2604 1502 2790 1557 habuit
2814 1504 3064 1573 quamdiu
3088 1503 3186 1558 fuit
3203 1504 3256 1558 in
3283 1517 3530 1574 corpore,

1953 1591 2048 1646 sed
2073 1592 2368 1647 secundum
2391 1594 2590 1648 merita
2619 1609 2736 1664 qua:
2761 1593 2931 1648 fuerat
2955 1593 3232 1650 habiturus
3268 1595 3312 1650 si
3335 1594 3536 1650 diutius

1951 1685 2170 1740 vixisset
2200 1687 2250 1740 in
2278 1701 2525 1757 corpore,
2563 1687 2699 1742 unde
2725 1687 2930 1758 opinari
2964 1691 3231 1757 potuerint
3264 1688 3532 1754 homines,

1951 1793 2176 1848 quorum
2209 1780 2415 1850 ingenia
2448 1797 2552 1834 non
2583 1795 2702 1836 esse
2727 1782 3146 1851 contemptibilia
3178 1791 3369 1837 vestrae
3400 1781 3541 1838 indl-

1953 1877 2076 1922 eant
2106 1869 2314 1935 litterae,
2343 1871 2544 1925 mirans
2571 1880 2621 1926 ct
2641 1880 2861 1942 stupens
2879 1873 3113 1941 reperire
3140 1888 3249 1928 non
3281 1887 3535 1942 possum:

1956 1975 2057 2016 nec
2095 1962 2319 2017 credere
2359 1963 2648 2029 auderem,
2698 1965 2798 2019 nisi
2827 1965 2976 2019 vobis
3019 1980 3124 2022 non
3165 1965 3388 2024 credere
3433 1980 3538 2021 non

1953 2051 2227 2106 auderem.
2273 2052 2379 2108 Sed
2415 2069 2571 2124 spero
2613 2055 2919 2109 adfuturum
2968 2057 3133 2112 Deum
3159 2099 3173 2121 ,
3203 2065 3262 2112 ut
3303 2071 3542 2113 commo-

1954 2145 2049 2199 niti
2085 2146 2191 2199 cito
2215 2145 2465 2212 videant,
2495 2163 2556 2202 ea
2583 2164 2701 2218 qua:
2733 2148 2984 2203 dicuntur
3009 2148 3181 2206 futura
3222 2148 3386 2204 fuisse
3415 2164 3543 2220 pec-

1956 2246 2105 2302 cata,
2151 2238 2196 2291 si
2229 2253 2322 2307 per
2365 2238 2457 2292 Dei
2483 2238 2740 2308 judicium
2791 2239 2842 2294 in
2877 2256 2979 2294 non
3023 2240 3300 2311 baptizatis
3325 2251 3548 2310 possunt

1955 2325 2078 2396 jure
2102 2329 2273 2396 puniri
2302 2369 2316 2393 ,
2349 2329 2508 2382 etiam
2541 2344 2635 2397 per
2681 2330 2769 2384 Dei
2815 2331 3036 2400 gratiam
3067 2331 3347 2400 baptizalis
3390 2347 3548 2402 posse

1964 2417 2182 2471 dimitti.
2210 2419 2540 2488 Quicumque
2575 2420 2716 2475 enim
2745 2419 2913 2488 dicit,
2950 2422 3125 2490 puniri
3160 2431 3361 2477 tantum
3389 2437 3547 2494 posse

1963 2509 2074 2563 Deo
2098 2509 2372 2579 judicante
2397 2510 2570 2566 futura
2613 2521 2849 2582 peccata,
2874 2513 3068 2570 dimitti
3109 2524 3284 2570 autem
3313 2516 3424 2572 Deo
3449 2517 3548 2570 mi-

1963 2611 2176 2657 serante
2200 2619 2304 2656 non
2331 2619 2508 2673 posse,
2537 2605 2774 2674 cogitare
2801 2605 2962 2660 debet
2980 2614 3232 2676 quantam
3255 2608 3367 2662 Deo
3390 2607 3550 2664 iaciat

1963 2693 2254 2762 gratimque
2311 2694 2430 2763 ejus
2481 2695 2760 2765 injuriam;
2801 2699 2950 2767 quasi
2991 2697 3225 2754 futurum
3265 2709 3546 2770 peccatum

1967 2784 2224 2851 przenosci
2257 2785 2464 2853 possit,
2500 2801 2599 2842 nec
2647 2788 2815 2856 possit
2856 2788 3076 2859 ignosci.
3109 2789 3260 2857 Quod
3292 2791 3335 2845 si
3362 2791 3550 2847 absur-

1965 2875 2090 2929 dum
2113 2884 2223 2939 est;
2253 2876 2421 2946 magis
2461 2892 2587 2948 ergo
2630 2876 2822 2934 futuris
2847 2921 2863 2946 ,
2916 2880 2963 2934 si
2989 2880 3079 2936 diu
3110 2881 3386 2948 viverent,
3416 2899 3546 2952 pee-

1965 2968 2269 3033 catorihus,
2315 2985 2435 3024 eum
2465 2970 2515 3024 in
2550 2986 2707 3040 parva
2746 2982 2903 3027 :etate
2942 2975 3274 3042 moriuntur,
3334 2975 3550 3032 lavacro

1968 3074 2078 3128 quo
2117 3070 2330 3128 peccata
2359 3061 2652 3126 diluuntur,
2682 3063 2864 3118 debuit
2887 3065 3190 3121 subvenire.

2037 3151 2265 3208 CAPUT
2297 3152 2432 3208 XIII.
2463 3185 2532 3194 —
2555 3154 2646 3210 25.
2677 3155 2829 3223 Quod
2858 3156 2902 3210 si
2932 3157 3151 3214 forsitan
3181 3157 3384 3225 dicunt,
3419 3173 3540 3228 pm.

1971 3244 2262 3300 nitentibus
2285 3256 2498 3315 peccata
2522 3245 2746 3313 dimitti;
2771 3256 2825 3302 et
2851 3247 2970 3303 ideo
2995 3249 3127 3308 istos
3154 3265 3257 3304 nou
3292 3249 3548 3319 baptizari

1969 3335 2026 3391 in
2058 3337 2074 3368 ⁸
2105 3337 2319 3406 parvula
2343 3346 2499 3392 aetate
2520 3339 2811 3393 morientes
2837 3380 2853 3405 ,
2883 3339 3002 3408 quia
3026 3340 3260 3414 przesci‘ti
3288 3351 3411 3395 sunt
3432 3356 3556 3411 ρω-

1975 3426 2274 3493 uitentiam,
2329 3427 2374 3482 sl
2419 3427 2680 3493 viverent,
2727 3444 2834 3484 non
2877 3431 3080 3498 acturi;
3122 3445 3216 3486 eos
3261 3439 3438 3486 autem
3465 3433 3557 3501 qui

1973 3520 2311 3590 baptizantur
2331 3561 2344 3586 ,
2375 3528 2430 3575 et
2458 3521 2661 3589 parvuli
2694 3519 2761 3575 de
2801 3521 3118 3590 corporibus
3140 3531 3354 3586 exeunt,
3388 3523 3556 3578 Deum

1973 3612 2250 3682 praescisse
2280 3620 2492 3664 acturos
2523 3611 2888 3680 pmnitentiam
2937 3609 3098 3667 fuisse
3132 3652 3148 3678 ,
3193 3612 3238 3666 si
3275 3611 3515 3666 viverent
3545 3631 3558 3667 :

1975 3703 2251 3756 attendant
2280 3713 2331 3756 et
2359 3701 2572 3757 videant
2595 3743 2608 3766 ,
2641 3703 2686 3757 si
2714 3702 2784 3757 ita
2815 3711 2928 3770 est,
2959 3718 3063 3757 non
3099 3703 3209 3775 jam
3242 3704 3294 3758 in
3325 3704 3559 3774 parvulis

1977 3795 2092 3850 sine
2112 3795 2438 3864 Baptismate
2459 3793 2813 3850 morientibus
2841 3804 3054 3866 peccata
3083 3796 3360 3868 originalia
3386 3796 3562 3852 vindi-

1976 3887 2107 3952 cari,
2148 3886 2240 3941 sed
2289 3901 2384 3940 sua
2416 3886 2673 3956 cujusque
2724 3886 2898 3942 futura
2933 3887 2977 3941 si
3021 3887 3224 3943 viveret
3268 3906 3281 3944 :
3327 3888 3562 3959 itemque

1978 3976 2260 4047 baptizatis
2288 3991 2392 4030 non
2420 3977 2700 4047 originalia
2725 3977 2874 4043 dilui,
2909 3978 3003 4032 sed
3030 3995 3124 4033 sua
3151 3979 3324 4035 futura
3352 3981 3396 4034 si
3418 3981 3560 4036 vive-

1979 4077 2100 4123 rent
2125 4085 2137 4131 ;
2166 4068 2418 4138 quoniam
2443 4082 2548 4122 non
2581 4078 2798 4138 possent
2821 4068 2919 4123 nisi
2949 4069 3002 4122 in
3030 4069 3231 4138 majore
3258 4079 3415 4126 mtate
3441 4087 3568 4141 pec-

1979 4174 2104 4214 care
2130 4162 2150 4190 ²
2173 4177 2184 4210 :
2207 4159 2299 4214 sed
2327 4160 2461 4213 alios
2491 4167 2702 4214 acturos
2722 4159 3111 4229 pmnitentiam,
3131 4161 3263 4216 alios
3293 4178 3397 4216 non
3417 4172 3569 4220 actu.-

1982 4266 2071 4305 ros
2099 4249 2266 4305 fuisse
2310 4251 2598 4320 prtevisos;
2633 4250 2752 4306 ideo
2777 4251 2911 4305 alios
2938 4251 3254 4320 baptizatos,
3287 4251 3420 4306 alios
3447 4254 3568 4311 sine

1984 4343 2246 4413 baptismo
2273 4345 2446 4399 exisse
2491 4344 2558 4398 de
2581 4345 2678 4398 hac
2714 4345 2836 4398 vita.
2871 4345 2981 4399 Iloc
3008 4346 3052 4400 si
3079 4345 3338 4402 auderent
3369 4347 3564 4405 'Pelao

1981 4435 2145 4504 giani,
2165 4450 2268 4489 non
2279 4435 2388 4504 jam
2415 4435 2714 4490 laborarent
2743 4436 2982 4505 negando
3000 4437 3253 4507 originale
3269 4449 3563 4506 peccatum,

1983 4541 2224 4597 qumrere
2263 4526 2494 4596 parvulis
2515 4537 2662 4582 extra
2692 4542 2914 4598 regnum
2962 4528 3053 4582 Dei
3082 4530 3260 4586 nescio
3278 4531 3428 4601 cujus
3459 4548 3570 4586 sua:

1985 4618 2250 4674 felicitatis
2299 4618 2472 4672 locum
2503 4635 2516 4671 :
2549 4620 2781 4678 maxime
2811 4619 3022 4688 quando
3047 4621 3435 4677 convincuntur
3464 4640 3569 4678 non

1986 4725 2078 4767 eos
2098 4710 2294 4765 habere
2313 4724 2470 4782 posse
2490 4711 2648 4765 vitam
2666 4718 2941 4778 :etcrnam,
2957 4710 3076 4783 quia
3094 4727 3196 4767 non
3215 4714 3573 4770 manducave-

1988 4812 2112 4858 runt
2137 4818 2351 4859 carnem
2379 4818 2476 4858 nec
2505 4802 2752 4858 biberunt
2780 4804 3088 4872 sanguinem
3129 4804 3325 4863 Chriin
3371 4806 3389 4876 (
3412 4805 3569 4862 Joan.

1988 4911 2062 4960 γι,
2086 4894 2175 4965 54)
2199 4911 2213 4958 ;
2239 4903 2292 4948 et
2317 4895 2437 4964 quia
2458 4894 2512 4948 in
2537 4895 2637 4961 eis,
2671 4894 2759 4964 qui
2776 4895 2977 4949 nullum
2992 4893 3189 4951 habent
3209 4898 3428 4954 omnino
3447 4913 3571 4967 pec-

1988 4996 2185 5052 eatum,
2219 4987 2382 5041 falsus
2419 4995 2500 5041 est
2521 4987 2821 5057 Baptismus
2854 4988 2946 5058 qui
2981 4988 3031 5046 in
3071 4990 3435 5045 remissionem
3465 5000 3573 5044 tra-

1989 5078 2130 5133 ditur
2194 5088 2550 5148 peeeatorum.
2607 5079 2855 5136 Dicerent
2893 5079 3032 5134 enim
3089 5095 3306 5150 prorsus
3368 5082 3570 5136 nullum

1989 5185 2108 5226 esse
2134 5170 2390 5241 originale
2410 5179 2702 5239 peccatum,
2735 5169 2828 5224 sed
2854 5185 2950 5239 pro
2973 5171 3084 5224 suis
3106 5170 3316 5237 futuris,
3351 5171 3396 5226 si
3419 5173 3570 5226 vive-

1990 5273 2130 5332 rent,
2161 5263 2366 5318 meritis
2385 5263 2466 5318 vel
2496 5263 2752 5332 baptizari
2766 5263 2846 5318 vel
2869 5278 2974 5321 non
2988 5263 3242 5338 baptizari
3269 5279 3362 5319 eos
3391 5263 3480 5334 qui
3506 5264 3574 5321 dc

1991 5372 2214 5430 corpore
2236 5357 2515 5410 solvuntur
2537 5353 2765 5411 infantes
2785 5372 2799 5422 ;
2823 5364 2876 5410 et
2905 5369 3000 5425 pro
3020 5355 3131 5410 suis
3158 5355 3346 5412 futuris
3367 5356 3571 5412 meritis

2056 5531 2072 5561 ι
2099 5529 2416 5590 Manuscri‘pti,
2434 5525 2674 5592 baptizari
2696 5528 2896 5592 parvula
2916 5535 3055 5592 a'tute
3076 5531 3308 5592 ;_omisso,
3333 5530 3400 5582 in.

2056 5593 2076 5626 ³
2112 5597 2218 5654 Mss.
2239 5626 2254 5650 ,
2299 5589 2524 5654 quoniam
2570 5603 2670 5654 non,
2696 5589 2870 5654 'Apasset
2934 5589 3027 5654 rn'si
3077 5589 3140 5654 in
3182 5591 3366 5654 majore
3431 5597 3572 5643 atate

1993 5651 2200 5716 peccari.
2251 5651 2455 5700 Et'infra
2493 5652 2624 5716 loco,
2644 5651 2791 5714 [uiase
2834 5652 3095 5716 prtvviws,‘
3129 5651 3336 5716 habent,
3375 5655 3571 5716 fortasse

1993 5713 2236 5779 'prwrisgs.
2260 5722 2356 5762 non
2379 5713 2650 5779 omniahic
2675 5715 2790 5764 satis
2829 5713 3076 5779 cohaerent
3102 5729 3112 5762 :
3141 5716 3253 5778 quia
3277 5713 3400 5767 forte
3425 5717 3569 5766 verba

1995 5775 2221 5827 nonnulla
2247 5788 2276 5824 e
2302 5777 2521 5838 margine
2541 5777 2848 5838 irrepserunt
2867 5777 2914 5825 in
2935 5783 3143 5838 textum.

2061 5839 2080 5870 ³
2104 5848 2201 5887 Αιιι.
2231 5845 2278 5888 et
2304 5844 2373 5885 Er.
2392 5835 2690 5898 (audierint.
2719 5845 2844 5898 Mm,
2881 5836 3120 5891 audirent.
