4022 6386
493 351 598 408 979

490 478 589 519 eos
613 459 696 516 vel
726 456 970 527 accipere
997 451 1080 507 vel
1106 461 1214 505 non
1256 447 1500 516 accipere
1525 459 1722 515 corpus
1762 454 1820 499 et
1851 444 2070 514 sangui-

494 570 616 611 nem
641 536 860 613 Christi,
893 547 1008 600 sine
1031 547 1137 613 qdo
1163 541 1322 595 vitam
1350 551 1572 610 prorsus
1599 535 1794 590 habere
1815 549 1919 589 non
1948 548 2074 604 pos-

493 651 620 703 sunt
641 660 655 698 :
684 640 814 696 etin
841 650 1021 692 veram
1044 632 1411 688 remissionem
1433 636 1772 698 peccatorum
1794 624 2072 694 baptizari,

492 731 736 807 quamvis
765 729 968 784 nullum
992 741 1058 780 ex
1083 722 1252 779 Adam
1284 719 1589 782 traherent;
1619 717 1870 787 quoniam
1887 715 2074 770 remit-

493 833 676 880 tuntur
700 821 778 877 eis
800 827 1014 890 peccata
1036 857 1052 882 ,
1081 814 1151 870 de
1183 812 1373 882 quibus
1399 809 1520 864 illos
1544 810 1685 863 Deus
1704 807 2073 877 pmnitentiam

498 914 768 987 praescivit
792 920 1026 966 acturos.
1055 907 1130 962 lta
1154 905 1400 959 facillime
1435 910 1656 972 agerent
1675 909 1837 969 atque
1857 899 2073 953 obtine-

492 1014 616 1061 rent
638 1017 854 1059 causam
883 1015 1031 1054 suam
1058 1038 1072 1060 ,
1105 1011 1207 1066 qua
1238 1002 1432 1064 negant
1459 1008 1578 1048 esse
1603 991 1858 1062 originale
1893 1003 2078 1061 pecca-

495 1107 644 1162 tum,
671 1104 724 1150 et
749 1092 970 1164 gratiam
1012 1089 1104 1143 Dei
1149 1103 1254 1140 non
1280 1085 1393 1140 dari
1434 1084 1536 1138 nisi
1559 1081 1850 1138 secundum
1890 1080 2076 1134 merita

499 1195 680 1240 nostra
715 1180 1071 1238 contendunt.
1102 1176 1208 1232 Sed
1250 1175 1371 1246 Quia
1405 1173 1680 1227 hominum
1723 1171 1914 1235 futura,
1958 1183 2078 1239 quae

497 1291 604 1331 non
633 1282 756 1329 sunt
785 1272 958 1326 futura
988 1310 1003 1334 ,
1037 1265 1219 1336 procul
1263 1264 1423 1318 dubio
1449 1261 1596 1317 nulla
1621 1269 1742 1316 sunt
1785 1259 1996 1322 merita,
2025 1266 2080 1311 et

499 1368 603 1421 hoc
630 1364 813 1419 videre
838 1361 1145 1415 facillimum
1167 1366 1250 1411 est
1275 1374 1288 1409 :
1310 1356 1432 1408 ideo
1456 1369 1556 1410 nec
1575 1351 1841 1422 Pelagiani
1872 1351 1976 1404 hoc
2002 1349 2075 1403 di-

499 1471 623 1512 cere
651 1460 980 1525 potuerunt;
1013 1458 1068 1503 et
1105 1447 1272 1502 multo
1308 1445 1480 1514 magis
1519 1457 1616 1497 nec
1655 1443 1740 1496 isti
1769 1441 1952 1494 dicere
1980 1438 2080 1493 de-

496 1549 746 1602 buerunt.
781 1543 891 1597 Dici
919 1541 1060 1594 enim
1107 1555 1211 1592 non
1253 1545 1422 1606 potest
1451 1549 1607 1604 quam
1640 1531 1863 1585 moleste
1889 1529 2077 1595 feram,

498 1639 642 1711 quod
671 1637 919 1692 viderunt
939 1629 1207 1701 Pelagiani
1231 1644 1350 1683 esse
1368 1625 1708 1680 falsissimum
1733 1632 1786 1678 et
1809 1620 2084 1676 absurdis-

499 1734 715 1793 simum,
746 1730 846 1782 hoc
871 1740 980 1781 non
1006 1722 1202 1776 vidisse
1233 1721 1385 1783 istos,
1412 1721 1502 1787 qui
1528 1715 1806 1770 nobiscum
1834 1727 2080 1767 errorem

503 1825 719 1878 illorum
763 1819 1136 1875 hmrcticorum
1178 1810 1439 1867 catholica
1486 1806 1804 1862 auctoritate
1831 1802 2085 1858 condem-

499 1925 650 1971 nant.

571 2003 794 2060 CAPUT
835 2000 974 2056 XIV.
995 2028 1065 2039 —
1091 1997 1180 2052 26.
1208 1992 1432 2063 Scripsit
1453 1991 1644 2046 librum
1671 1989 1738 2041 de
1769 1985 2086 2041 Mortalitate

499 2097 818 2170 Cyprianus,
843 2092 1024 2147 multis
1064 2103 1127 2144 ac
1152 2102 1288 2158 pene
1313 2084 1557 2140 omnibus
1582 2081 1672 2150 qui
1698 2078 2085 2134 ecclesiasticas

499 2190 706 2244 litteras
735 2191 934 2244 amant,
965 2179 1297 2234 laudabiliter
1324 2183 1508 2230 notum
1534 2188 1549 2226 :
1584 2171 1636 2225 iu
1671 2184 1777 2239 quo
1807 2175 2086 2238 propterea

499 2279 632 2335 dicit
659 2289 763 2330 non
807 2274 979 2328 solum
1018 2285 1123 2324 non
1153 2282 1274 2323 esse
1299 2263 1542 2319 ﬁdelibus
1569 2259 1808 2315 inutilem
1837 2266 2083 2319 mortem,

499 2383 685 2424 verum
714 2364 877 2420 etiam
909 2361 1095 2416 utilem
1125 2355 1374 2427 reperiri,
1405 2353 1654 2424 quoniam
1697 2348 1952 2420 peccandi
1987 2363 2087 2418 pc-

501 2461 682 2518 riculis
713 2457 982 2513 hominem
1028 2451 1312 2514 subtrahit,
1338 2457 1391 2503 et
1416 2447 1467 2501 in
1514 2460 1620 2499 non
1649 2441 1903 2514 peccandi
1930 2454 2088 2495 secu-

502 2555 661 2608 ritate
689 2547 988 2606 constituit.
1017 2545 1121 2602 Sed
1163 2541 1288 2614 quid
1336 2538 1572 2610 prodest,
1601 2537 1644 2591 si
1686 2534 1848 2588 etiam
1892 2532 2086 2592 futura,

501 2661 624 2717 quze
666 2641 948 2699 commissa
981 2652 1085 2692 non
1130 2640 1276 2699 sunt,
1305 2639 1521 2702 peccata
1571 2619 2086 2717 pttnittutur'f‘Agil.‘

502 2711 682 2793 tamen
710 2733 799 2789 ille
824 2728 1194 2801 copiosissime
1234 2734 1392 2794 atque
1418 2721 1636 2790 optime,
1669 2714 1920 2787 peccandi
1949 2711 2091 2783 peri-

503 2829 619 2884 cula
648 2840 748 2881 nec
770 2823 958 2878 deesse
981 2821 1034 2874 in
1064 2818 1165 2874 ista
1193 2816 1321 2882 vita,
1345 2827 1445 2874 nec
1471 2823 1752 2881 superesse
1777 2813 1899 2876 post
1923 2804 2086 2858 illam.

506 2919 606 2976 Ubi
634 2927 689 2973 et
733 2915 862 2970 illud
906 2909 1269 2968 testimonium
1313 2905 1462 2976 ponit
1498 2903 1565 2958 de
1605 2902 1740 2957 libro
1778 2895 2088 2967 Sapientiae,

507 3011 708 3080 Raptus
739 3016 831 3069 est,
863 3021 924 3058 ne
962 3002 1157 3057 malitia
1193 3006 1407 3053 mutaret
1433 2993 1738 3049 intellectum
1777 2990 1904 3058 ejus.
1937 2985 2090 3080 Quod

507 3119 538 3156 a
592 3078 677 3154 me
721 3111 933 3168 quoque
984 3092 1234 3164 positum,
1280 3088 1471 3142 fratres
1523 3085 1654 3138 istos
1702 3082 1772 3135 ita
1826 3078 2093 3148 respuisse

506 3191 737 3252 dixistis,
771 3196 1021 3256 tanquam
1060 3198 1164 3237 non
1201 3180 1268 3234 de
1310 3178 1446 3232 libro
1469 3174 1726 3229 canonico
1757 3171 2088 3226 adhibitum:

507 3282 658 3351 quasi
687 3288 740 3333 ct
769 3284 989 3346 excepta
1020 3273 1177 3342 hujus
1205 3270 1322 3324 libri
1351 3266 1690 3322 attestatione
1728 3277 1814 3317 res
1841 3262 1950 3331 ipsa
1986 3274 2091 3314 non

509 3377 652 3432 clara
675 3374 762 3437 sit,
782 3385 939 3442 quam
973 3363 1268 3422 voluimus’
1301 3362 1426 3416 hinc
1447 3357 1644 3414 doceri.
1672 3354 1803 3421 Quis
1823 3354 1964 3409 enim
1993 3367 2092 3406 au-

510 3467 634 3524 deat
664 3478 856 3532 negare
885 3459 1226 3519 Christianus,
1265 3453 1493 3524 justum,
1525 3450 1569 3504 si
1615 3455 1788 3501 morte
1823 3457 2094 3514 prteoccu-

510 3565 667 3627 palus
696 3553 872 3615 fuerit,
907 3551 960 3604 in
1002 3545 1277 3616 refrigerio
1317 3543 1548 3597 futurum
1579 3537 1734 3611 (Sap.
1765 3552 1838 3600 tv,
1877 3535 1964 3599 H,
2002 3532 2096 3602 7)?

512 3645 746 3714 Quilibet
784 3643 887 3697 hoc
911 3639 1125 3703 dixerit,
1152 3636 1272 3706 quis
1312 3633 1474 3687 homo
1507 3646 1650 3686 sanae
1687 3628 1810 3683 ﬁdei
1838 3627 2095 3725 resisten-

515 3739 642 3792 dum
667 3731 902 3805 putabit?
931 3732 1058 3785 ltcm
1088 3729 1131 3782 si
1162 3724 1376 3788 dixerit,
1397 3723 1619 3792 justum,
1650 3719 1693 3772 si
1723 3733 1752 3770 a
1781 3732 1872 3770 sua
1895 3716 2097 3784 justitia

515 3826 819 3891 recesserit,
844 3824 895 3877 in
933 3835 1036 3891 qua
1069 3818 1157 3872 diu
1188 3816 1338 3878 vixit,
1378 3823 1431 3867 et
1467 3812 1521 3864 in
1555 3826 1618 3864 ea
1644 3807 1802 3862 fuerit
1829 3805 2099 3874 impietate

517 3918 819 3979 defunctus,
847 3913 900 3966 in
930 3927 1056 3981 qua,
1081 3923 1183 3962 non
1226 3906 1348 3959 dico
1377 3916 1539 3958 unum
1565 3914 1785 3959 annum,
1817 3895 1910 3950 sed
1937 3909 2098 3948 unum

517 4012 656 4065 diem
681 4005 893 4067 vixerit,
927 4004 980 4057 in
1021 4014 1206 4070 ptenas
1231 3996 1427 4064 iniquis
1464 3993 1670 4048 debitas
1709 3989 1834 4044 hinc
1879 3989 2098 4051 iturum,

519 4100 649 4156 nihil
695 4097 794 4153 sibi
842 4110 937 4149 sua
987 4090 1256 4163 praeterita
1297 4085 1500 4158 justitia
1547 4081 1819 4152 profutura
1871 4077 2098 4148 (Ezech.

519 4209 673 4256 xvut,
704 4189 796 4260 24)
820 4206 833 4242 :
859 4186 984 4241 huic
1011 4181 1304 4254 perspicuae
1327 4174 1540 4232 veritati
1569 4173 1687 4243 quis
1721 4170 1954 4225 ﬁdelium
1977 4183 2104 4223 con-

521 4280 796 4340 tradicct?
838 4279 1023 4338 Porro,
1053 4274 1096 4328 si
1127 4279 1397 4343 qumratur
1437 4281 1466 4319 a
1506 4264 1660 4320 nobis
1703 4271 1877 4316 utrum
1905 4261 1948 4313 si
1981 4269 2106 4312 tunc

523 4383 670 4432 esset
711 4381 974 4435 mortuus,
1002 4365 1214 4438 quando
1241 4371 1357 4418 erat
1381 4360 1577 4430 justus,
1607 4371 1793 4426 pcenas
1831 4363 1973 4408 esset
2021 4353 2105 4404 in-

523 4476 800 4529 venturus,
838 4476 906 4515 an
951 4459 1220 4528 requiem;
1279 4449 1537 4521 numquid
1587 4448 1824 4517 requiem
1880 4459 2103 4514 respon-

523 4560 652 4615 dere
676 4550 1077 4612 dubitabimus?
1120 4549 1246 4603 llaec
1289 4553 1372 4600 est
1416 4552 1524 4597 tota
1567 4554 1725 4595 causa
1759 4550 1865 4592 ‘cur
1907 4537 2104 4590 dictum

524 4659 630 4718 est,
659 4664 688 4701 a
715 4656 1052 4718 quocumque
1089 4640 1159 4695 sit
1192 4637 1413 4700 dictum,
1441 4632 1642 4702 Raptus
1682 4637 1776 4695 est,
1818 4643 1880 4681 ne
1914 4625 2107 4718 malitia

527 4716 750 4795 mutaret
769 4735 1072 4790 intellectum
1106 4731 1234 4801 ejus.
1273 4727 1478 4781 Dictum
1521 4731 1603 4777 est
1629 4721 1771 4776 enim
1817 4716 2106 4772 secundum

528 4829 766 4903 pericula
785 4827 909 4881 vitae
933 4823 1109 4892 hujus,
1130 4835 1235 4875 non
1263 4815 1553 4872 secundum
1581 4806 2107 4903 prazscientiainADei,

529 4899 619 4996 qui
651 4923 754 4977 hoc
778 4916 1044 4990 praescivit
1064 4913 1205 4985 quod
1233 4911 1466 4967 futurum
1497 4915 1633 4974 erat,
1657 4921 1761 4960 non
1801 4901 1940 4974 quod
1972 4899 2113 4954 futu-

531 5032 650 5073 rum
691 5028 797 5069 non
826 5019 942 5065 erat
974 5028 987 5064 :
1019 5007 1069 5062 id
1110 5015 1213 5070 est,
1259 5003 1400 5074 quod
1428 5001 1479 5056 ei
1508 5008 1734 5054 mortem
1775 4997 2110 5050 immaturam

531 5110 704 5164 fuerat
750 5102 1052 5174 largiturus,
1097 5107 1154 5152 ut
1194 5095 1546 5151 tentationum
1596 5088 1995 5145 subtraheretur
2034 5085 2116 5138 in-

531 5207 715 5261 certo;
766 5209 872 5249 non
901 5190 1040 5262 quod
1072 5195 1385 5258 peccaturus
1423 5191 1585 5246 esset,
1614 5181 1701 5250 qui
1733 5191 2016 5232 mansurus
2060 5177 2112 5229 in

535 5286 829 5344 tentatione
862 5297 968 5338 non
1008 5287 1170 5335 esset.
1203 5278 1277 5331 De
1320 5275 1422 5331 hac
1462 5273 1658 5344 quippe
1687 5271 1792 5324 vita
1841 5268 2032 5339 legitur
2063 5265 2113 5319 in

533 5382 674 5436 libro
702 5379 832 5440 Job,
881 5374 1142 5444 Numquid
1171 5388 1272 5425 non
1303 5369 1508 5424 tentatio
1537 5375 1607 5420 est
1635 5366 1735 5418 vita
1764 5363 1985 5416 humana
2025 5376 2116 5412 su-

543 5491 632 5544 per
661 5481 847 5527 terram
887 5466 1006 5537 (Job
1044 5481 1139 5529 vu,
1187 5464 1238 5528 1,
1282 5477 1382 5515 sec.
1413 5455 1628 5527 LXX)?
1674 5454 1777 5510 Sed
1807 5467 1973 5544 quare
2001 5449 2118 5504 aliis

540 5543 887 5627 concedatur,
912 5567 970 5614 ut
993 5573 1073 5642 ex.
1089 5555 1246 5626 hujus
1274 5553 1396 5607 vita:
1424 5549 1670 5620 periculis
1697 5546 1820 5601 dum
1844 5543 1968 5613 justi
1996 5550 2119 5596 sunt

608 5764 623 5794 ¹
645 5766 718 5810 ste
741 5768 843 5809 Mss.
874 5764 924 5805 At
943 5756 1076 5814 editi,
1102 5754 1184 5803 ait.
1563 5807 1572 5814 Δ
1614 5806 1622 5814 _

610 5807 822 5880 {editi—,7
863 5807 1090 5868 volumus.
1129 5815 1310 5876 Aliquot
1338 5819 1462 5871 Mss,
1501 5807 1732 5858 wluimus

1715 333 1772 389 S.
1814 331 2176 390 AUGUSTINI
2211 332 2507 389 EPlSCOl‘I

3662 335 3764 392 980

2175 442 2516 509 auferantur;
2558 443 2648 499 alii
2692 459 2820 499 vero
2855 445 2983 514 justi
3014 445 3185 502 donec
3231 462 3260 500 a
3301 447 3502 516 justitia
3551 448 3764 512 cadant,

2178 533 2230 587 in
2260 532 2463 589 eisdem
2493 534 2745 604 periculis
2772 537 2879 590 vita
2920 535 3259 604 productiore
3287 545 3605 602 teneantur;
3649 539 3765 608 quis

2177 624 2428 694 cognovit
2468 638 2684 679 sensum
2729 625 2939 679 Domini
2969 624 3146 698 (Rom.
3191 642 3267 693 ιι,
3299 627 3431 695 54)ἳ
3477 625 3547 680 Et
3589 635 3767 682 tamer.

2180 712 2304 767 hinc
2343 713 2566 784 intelligi
2596 713 2773 779 datur,
2805 715 2963 771 etiam
2997 715 3100 769 illis
3124 715 3284 786 justis
3309 717 3398 786 qui
3425 717 3595 771 bonos
3621 717 3769 787 pios-

2179 819 2282 874 que
2312 819 2492 859 mores
2522 821 2690 876 usque
2718 807 2785 861 ad
2822 808 3113 862 senectutis
3159 812 3518 864 maturitatem
3550 819 3605 864 et
3629 811 3769 864 diem

2179 898 2304 952 vitae
2331 897 2488 967 hujus
2517 898 2760 952 ultimum
2791 910 3027 968 servant,
3061 916 3167 955 non
3196 901 3250 955 in
3279 901 3390 956 suis
3416 901 3647 964 meritis,
3674 901 3768 956 sed

2181 990 2234 1044 in
2263 990 2488 1044 Domino
2513 1004 2634 1046 esse
2659 989 2994 1060 gloriandum
3029 1009 3042 1046 :
3086 993 3336 1062 quoniam
3375 994 3465 1063 qui
3495 994 3618 1048 vita:
3647 993 3770 1049 bre-

2179 1081 2344 1135 vitate
2368 1080 2545 1150 rapuit
2575 1080 2798 1151 justum,
2831 1097 2900 1137 ne
2938 1083 3140 1137 malitia
3169 1092 3400 1140 mutaret
3441 1085 3770 1140 intellectum

2180 1170 2316 1240 ejus,
2352 1171 2464 1241 ipse
2491 1173 2542 1225 in
2577 1181 3002 1243 quantacumque
3025 1175 3148 1228 vita:
3182 1173 3511 1245 longitudine
3539 1174 3771 1229 custodit

2177 1259 2399 1329 justum,
2431 1278 2498 1316 ne
2524 1263 2724 1318 malitia
2754 1273 2922 1319 mutet
2949 1265 3273 1319 intellectum
3299 1265 3433 1336 ejus.
3458 1266 3566 1320 Cur
3586 1275 3763 1320 autem

2184 1351 2270 1405 hic
2313 1353 2547 1407 tenuerit
2589 1368 2836 1409 casurum
2875 1355 3098 1423 justum,
3126 1371 3283 1426 quem
3321 1358 3634 1427 priusquam
3679 1372 3768 1410 ca-

2182 1441 2335 1495 deret
2387 1442 2509 1496 hinc
2558 1452 2740 1512 posset
2787 1443 3016 1510 auferre,
3045 1445 3339 1514 justissima
3387 1446 3629 1513 omnino,
3678 1447 3769 1502 sed

2184 1532 2549 1586 inscrutabilia
2580 1543 2703 1588 sunt
2724 1535 2921 1602 judicia
2947 1535 3085 1604 ejus.

2257 1620 2348 1674 27.
2389 1621 2518 1688 Qua:
2547 1637 2667 1676 cum
2714 1624 2783 1677 ita
2813 1624 2940 1690 sint,
2970 1639 3076 1679 non
3116 1622 3300 1679 debuit
3340 1623 3613 1696 repudiari
3654 1640 3772 1682 sen-

2188 1711 2346 1764 tentia
2376 1711 2493 1765 lihri
2524 1711 2832 1782 Sapientiae,
2856 1714 2948 1783 qui
2985 1715 3179 1769 meruit
3207 1715 3258 1769 in
3301 1715 3538 1771 Ecclesia
3573 1716 3771 1774 Christi

2187 1801 2254 1855 de
2282 1803 2445 1872 gradu
2473 1803 2734 1858 lectorum
2769 1805 3022 1861 Ecclesia:
3051 1805 3245 1861 Christi
3279 1815 3384 1861 tam
3415 1807 3572 1878 longa
3602 1824 3769 1864 anno-

2186 1892 2343 1946 sitate
2368 1892 2600 1960 recitari,
2621 1903 2673 1948 et
2697 1895 2764 1948 ab
2788 1897 3033 1950 omnibus
3051 1894 3389 1965 Chrlstianis,
3415 1898 3482 1954 ab
3499 1899 3762 1969 episcopis

2189 1999 2356 2053 usque
2395 1985 2462 2038 ad
2493 1997 2762 2040 extremos
2813 1987 2978 2042 laicus
3019 1988 3224 2053 ﬁdeles,
3259 1991 3596 2060 paenitentes,
3625 2001 3770 2046 cate-

2187 2071 2504 2140 chumenos,
2537 2091 2659 2130 cum
2699 2079 3040 2133 veneratione
3071 2079 3263 2134 divina:
3307 2083 3640 2137 auctoritatis
3677 2097 3769 2137 au-

2185 2163 2311 2219 diri.
2339 2163 2499 2219 Certe
2544 2167 2686 2220 enim
2717 2167 2761 2220 si
2791 2167 2857 2222 de
2892 2167 3191 2224 divinarum
3221 2169 3614 2240 Scripturarum
3657 2180 3763 2227 tra-

2187 2257 2481 2311 ctatoribus
2509 2257 2598 2327 qui
2626 2257 2842 2313 fuerunt
2875 2269 2999 2314 ante
3027 2275 3142 2324 nos,
3175 2261 3472 2330 proferrem
3499 2261 3761 2329 defensio-

2189 2361 2310 2400 nem
2353 2346 2574 2416 hujusce
2603 2348 2902 2413 sententiaa,
2933 2364 3091 2419 quam
3122 2365 3263 2404 nunc
3287 2351 3446 2406 solito
3474 2351 3771 2422 diligentius

2188 2442 2346 2504 atque
2373 2437 2642 2505 copiosius
2684 2446 2868 2492 contra
2915 2453 3112 2493 novum
3160 2438 3562 2508 Pelagianorum
3588 2439 3774 2496 defen-

2189 2523 2317 2579 dere
2346 2540 2595 2595 urgemur
2617 2542 2891 2592 errorem;
2939 2527 3041 2583 hoc
3066 2538 3166 2593 est,
3193 2531 3413 2600 gratiam
3446 2532 3536 2585 Dei
3568 2547 3674 2586 non
3693 2546 3773 2586 se-

2190 2614 2423 2669 cundum
2461 2615 2648 2670 merita
2682 2625 2861 2670 nostra
2890 2617 3028 2684 dari,
3056 2626 3109 2673 et
3135 2620 3299 2690 gratis
3319 2619 3433 2674 dari
3472 2622 3557 2675 cui
3585 2621 3770 2686 datur;

2190 2704 2312 2774 quia
2354 2719 2529 2774 neque
2560 2706 2807 2772 volentis,
2837 2721 3010 2776 neque
3038 2710 3323 2773 currentis,
3351 2710 3444 2765 sed
3475 2712 3773 2769 miserentis

2189 2803 2273 2849 est
2299 2795 2391 2849 Dei
2416 2812 2431 2862 ;
2469 2796 2614 2866 justo
2648 2807 2828 2852 autem
2854 2798 3057 2868 judicio
3079 2817 3183 2854 non
3214 2803 3327 2856 dari
3357 2803 3568 2858 cuinon
3595 2804 3771 2865 datur.

2193 2885 2314 2955 quia
2345 2901 2450 2940 non
2491 2895 2570 2941 est
2608 2888 2856 2958 iniquitas
2897 2891 3034 2962 apud
3071 2892 3238 2946 Deum
3270 2892 3381 2962 (Id.
3413 2911 3487 2959 ιι,
3527 2896 3617 2961 16,
3651 2896 3769 2967 lt):

2193 2976 2239 3030 si
2277 2975 2435 3046 hujus
2471 2993 2599 3048 ergo
2639 2980 2917 3034 sententia:
2957 2980 3320 3036 defensionem
3372 2999 3434 3038 ex
3476 2983 3775 3040 divinorum

2193 3068 2527 3138 eloquiorum
2559 3085 2658 3124 nos
2702 3070 3128 3140 praecedentibus
3155 3074 3434 3131 catholicis
3475 3077 3775 3131 tractatori-

2195 3157 2296 3215 bus
2323 3175 2657 3228 promerem;
2704 3162 2944 3231 profecto
2973 3162 3026 3216 bi
3055 3163 3264 3230 fratres,
3299 3180 3394 3234 pro
3421 3167 3617 3236 quibus
3642 3181 3776 3221 nunc

2194 3251 2428 3320 agimus,
2454 3253 2856 3320 acquiescerent
2885 3271 2899 3308 :
2933 3254 3036 3308 hoc
3060 3255 3201 3309 enim
3234 3257 3572 3325 signiﬁcastis
3593 3259 3781 3315 litteris

2194 3341 2407 3395 vestris.
2449 3341 2582 3407 Quid
2634 3343 2795 3411 igitur
2839 3358 2975 3412 opus
3019 3354 3100 3398 est
3147 3356 3204 3399 ut
3250 3361 3436 3402 eorum
3485 3358 3780 3405 scrutemur

2195 3431 2468 3500 Opuscula,
2497 3432 2587 3502 qui
2627 3434 2932 3502 priusquam
2981 3435 3078 3489 ista
3130 3436 3352 3491 bmresis
3395 3440 3645 3506 oriretur,
3673 3455 3777 3494 non

2199 3524 2498 3580 habuerunt
2529 3526 2904 3580 necessitatem
2931 3527 2985 3580 in
3018 3525 3120 3582 hac
3147 3527 3349 3583 difﬁcili
3377 3530 3442 3583 ad
3471 3531 3781 3587 solvendum

2197 3615 2493 3684 quaestione
2539 3615 2784 3669 versari?
2826 3615 2969 3684 quod
3009 3618 3193 3686 procul
3239 3618 3402 3673 dubio
3444 3619 3699 3688 facerent,
3731 3623 3776 3676 si

2200 3704 2528 3773 respondere
2571 3705 2762 3758 talibus
2807 3716 3141 3776 cogerentur.
3173 3706 3325 3763 Unde
3367 3709 3560 3764 factum
3609 3721 3694 3765 est
3723 3721 3783 3765 ut

2201 3795 2269 3849 de
2319 3796 2485 3864 gratia
2535 3795 2628 3850 Dei
2672 3795 2797 3865 quid
2840 3797 3137 3865 sentirent,
3187 3799 3413 3854 breviter
3460 3801 3786 3870 quibusdam

2201 3885 2521 3953 scriptorum
2563 3899 2779 3940 suorum
2821 3887 2954 3959 locis
2987 3897 3042 3942 et
3071 3897 3401 3945 transeunter
3427 3894 3788 3963 attingerent:

2204 3977 2615 4031 immorarentur
2655 3993 2782 4032 vero
2825 3978 2878 4032 in
2921 3980 3000 4034 eis
3045 3996 3163 4050 qua:
3211 3982 3464 4036 adversus
3510 3984 3788 4039 inimicos’

2206 4067 2459 4122 Ecclesia:
2485 4067 2846 4138 disputabant,
2883 4079 2938 4123 et
2965 4069 3018 4124 in
3047 4070 3506 4128 exhortationibus
3531 4075 3597 4129 ad
3623 4091 3790 4146 quas-

2205 4171 2309 4225 que
2332 4157 2575 4219 virtutes,
2598 4157 2790 4224 quibus
2818 4157 2929 4212 Deo
2955 4159 3074 4212 vivo
3095 4169 3148 4214 et
3167 4175 3296 4216 vero
3325 4177 3424 4231 pro
3448 4164 3790 4233 adipiscenda

2205 4249 2310 4302 vita
2340 4257 2541 4302 aeterna
2571 4256 2625 4302 et
2648 4263 2772 4301 vera
2804 4245 3062 4303 felicitate
3107 4251 3355 4304 servitur.
3388 4253 3796 4323 Frequentatio-

2206 4341 2364 4394 nibus
2405 4347 2581 4392 autem
2636 4339 2935 4394 orationum
2990 4339 3305 4410 simpliciter
3358 4346 3653 4413 apparebat
3702 4348 3792 4402 Dei

2205 4433 2372 4502 gratia
2401 4431 2528 4500 quid
2558 4431 2760 4485 valeret
2791 4448 2804 4484 :
2852 4445 2957 4485 non
2989 4433 3131 4486 enim
3164 4445 3513 4502 poscerentur
3545 4436 3612 4491 de
3652 4438 3793 4492 Deo'

2208 4539 2326 4593 qum
2364 4521 2608 4592 prtecipit
2649 4520 2785 4588 ﬁeri,
2818 4521 2920 4576 nisi
2963 4521 3032 4576 ab
3060 4521 3154 4576 illo
3181 4522 3475 4578 donaretur
3499 4535 3558 4579 ut
3586 4525 3793 4581 ﬁerent.

2278 4613 2370 4668 28.
2408 4611 2512 4667 Sed
2553 4611 2643 4681 qui
2671 4611 2948 4666 sententiis
2975 4619 3321 4666 tractatorum
3365 4613 3558 4668 instrui
3590 4615 3797 4681 volunt,

2210 4713 2422 4773 oportet
2450 4712 2508 4756 ut
2540 4702 2700 4756 istum
2727 4701 2921 4756 librum
2967 4701 3274 4768 Sapientiae,
3307 4702 3397 4757 ubi
3441 4703 3658 4774 legitur,
3693 4705 3800 4758 Ra-

2213 4804 2327 4867 ptus
2354 4803 2447 4857 est,
2486 4809 2548 4848 ne
2575 4793 2774 4846 malitia
2803 4801 3017 4846 mutaret
3043 4792 3353 4847 intellectura
3382 4796 3512 4864 ejus,
3555 4796 3805 4851 omnibus

2216 4885 2590 4942 tractatorihus
2613 4891 2978 4953 anteponant:
3011 4884 3258 4954 quoniam
3290 4884 3390 4939 sibi
3420 4900 3544 4939 eum
3574 4896 3803 4958 antepo-

2215 4984 2435 5031 sueruut
2454 4975 2612 5029 etiam
2639 4972 2968 5042 temporibus
2989 4973 3222 5042 proximi
3242 4975 3632 5043 Apostolorum
3658 4991 3811 5048 egre-

2215 5071 2286 5141 gii
2317 5076 2649 5134 tractatores,
2673 5065 2764 5135 qui
2798 5081 2919 5120 eum
2962 5074 3153 5121 testem
3200 5065 3542 5133 adhibentes,
3574 5069 3717 5125 nihil
3751 5084 3812 5126 se

2217 5159 2470 5214 adhibere
2505 5157 2604 5211 nisi
2653 5156 2890 5210 divinum
2931 5156 3296 5210 testimonium
3338 5156 3716 5215 crediderunt.
3747 5159 3816 5215 Et

2219 5260 2365 5308 certe
2396 5248 2759 5304 beatissimum
2796 5248 3116 5318 Cyprianum
3148 5248 3448 5318 disputasse
3487 5260 3732 5319 constat,
3760 5263 3818 5304 ut

2221 5341 2494 5396 celerioris
2519 5339 2706 5392 mortis
2735 5338 3048 5392 beneficium
3077 5338 3500 5403 commendaret,
3544 5356 3578 5395 a
3619 5357 3816 5410 pecca-

2224 5441 2396 5487 torum
2437 5429 2685 5500 periculis
2714 5427 2846 5496 eripi
2887 5442 2981 5481 eos
3022 5428 3109 5497 qui
3152 5428 3290 5483 hanc
3328 5428 3489 5482 vitam
3541 5429 3742 5484 ﬁniunt
3769 5431 3820 5484 in

2224 5538 2327 5595 qua
2356 5520 2561 5591 peccari
2603 5525 2796 5590 potest.
2834 5517 2890 5571 In
2916 5517 3105 5573 eodem
3137 5519 3274 5574 libro
3302 5523 3377 5572 ait
3419 5519 3562 5573 inter
3581 5531 3784 5576 caetera
3810 5540 3821 5573 :

2282 5681 2307 5746 f
2333 5673 2470 5731 Editi,
2495 5671 2724 5722 adversus
2745 5668 2863 5721 atina
2901 5670 3133 5724 inimicos.
3164 5675 3464 5737 Mauuscripti
3490 5688 3590 5726 non
3619 5676 3828 5740 habent,

2231 5740 2363 5786 alim.

2293 5802 2311 5829 ¹
2336 5800 2404 5846 sic
2419 5803 2522 5846 Mss.
2550 5795 2681 5845 Editi.
2711 5808 2740 5842 α
2771 5802 2880 5844 Deo.
