4022 6460
261 364 358 418 981

262 478 486 530 Curnon
513 488 626 525 cum
669 468 865 524 Christo
893 471 1179 536 futurus,et
1223 465 1285 516 de
1331 460 1532 515 Domini
1577 460 1842 531 pollicitam

261 568 394 620 tione
432 580 653 627 securus,
681 561 813 632 quod
841 562 906 612 ad
947 559 1202 613 Christum
1239 556 1444 619 voceris,
1482 554 1834 621 amplecteris;

263 669 312 713 et
331 657 465 728 quod
485 655 684 708 diabolo
704 669 894 716 careas,
912 649 1221 722 gratularis?
1249 649 1312 702 Et
1331 648 1435 700 alio
1465 646 1582 700 loco
1606 663 1618 696 :
1655 643 1834 707 Pueri,

265 750 455 819 inquit,
475 747 753 818 periculum
779 745 983 798 lubrica:
1000 748 1162 797 celatis
1181 741 1416 795 evadunt.
1439 738 1675 807 Itemque
1696 738 1801 790 alio
1821 755 1834 790 :

269 838 402 903 Quid
432 854 551 902 non,
585 835 772 904 inquit,
804 849 1134 904 properamus
1162 841 1207 885 et
1239 831 1507 892 currimus,
1530 838 1586 881 ut
1622 829 1837 896 patriam

266 937 490 980 nostram
515 925 698 991 videre,
718 932 769 976 ut
796 934 1025 994 parentes
1045 922 1268 976 salutare
1295 920 1583 990 possimus?
1618 917 1837 988 Magnus

263 1017 370 1070 illic
413 1032 501 1069 nos
543 1020 812 1069 charorum
849 1030 1088 1068 numerus
1113 1020 1362 1082 exspectat
1405 1019 1687 1079 parentum,
1731 1013 1838 1080 [ra-

263 1116 418 1170 trum,
449 1106 708 1174 ﬁliorum;
757 1105 989 1173 frequens
1020 1119 1108 1156 nos
1139 1112 1184 1154 et
1225 1101 1431 1170 copiosa
1471 1100 1615 1152 turba
1645 1099 1839 1152 deside-

261 1204 364 1261 rat,
386 1196 497 1264 jam
542 1194 605 1247 de
631 1210 722 1247 sua
751 1193 1094 1246 incolumitate
1136 1207 1332 1254 secura,
1361 1190 1528 1242 adhuc
1565 1189 1628 1242 de
1666 1199 1838 1243 nostra

261 1287 428 1340 salute
449 1285 687 1340 sollicita.
717 1284 810 1338 His
835 1293 994 1352 atque
1033 1282 1333 1352 hujusmodi
1361 1282 1548 1336 doctor
1587 1281 1676 1335 ille
1717 1296 1840 1334 sen-

263 1376 444 1431 tentiis
466 1377 519 1430 in
542 1375 821 1429 catholicae
847 1372 969 1427 ﬁdei
993 1373 1110 1428 luce
1136 1373 1450 1436 clarissima,
1480 1372 1609 1426 satis
1633 1380 1840 1439 aperte-

261 1481 367 1535 que
393 1475 635 1530 testatur,
678 1479 846 1535 usqoe
889 1464 954 1518 ad
982 1462 1139 1533 hujus
1173 1461 1415 1532 corporis
1453 1461 1837 1530 depositionem

263 1555 519 1625 peccandi
538 1555 769 1624 pericula
788 1555 1211 1623 tentationesque
1227 1551 1568 1616 metuendas;
1588 1551 1840 1621 deinceps

264 1647 407 1702 nulla
431 1647 556 1702 talia
582 1661 903 1716 quemquam
937 1661 1058 1701 esse
1089 1659 1388 1715 passurum.
1417 1643 1568 1710 Quod
1601 1643 1700 1698 etsi
1732 1659 1836 1695 non

265 1745 570 1803 testaretur,
597 1735 809 1806 quando
837 1735 903 1790 de
944 1735 1042 1790 hac
1085 1751 1144 1790 re
1172 1734 1494 1789 christianos
1521 1733 1840 1802 qualiscum-

262 1843 368 1896 que
392 1826 700 1882 dubitaret?
746 1825 1024 1894 Quomodo
1068 1826 1227 1896 igitur
1263 1825 1465 1879 homini
1494 1825 1666 1894 lapso,
1695 1835 1748 1878 et
1786 1825 1836 1877 in

263 1918 452 1972 eodem
497 1918 645 1986 lapso
691 1918 847 1972 istam
886 1918 1046 1972 vitam
1092 1917 1286 1971 misere
1332 1916 1554 1981 ﬁnienti,
1585 1926 1740 1985 atque
1786 1916 1836 1968 in

268 2023 452 2074 punias
501 2007 646 2061 eunti
700 2008 892 2062 talibus
943 2006 1187 2070 debitas;
1237 2006 1539 2074 quomodo,
1601 2006 1836 2073 inquam,

267 2097 388 2151 huic
417 2113 520 2151 non
550 2097 834 2168 plurimum
877 2112 1190 2166 summeque
1236 2095 1532 2164 prodesset,
1565 2097 1608 2149 si
1645 2113 1706 2150 ex
1740 2095 1840 2149 hoc

263 2187 612 2242 tentationum
654 2187 774 2243 loco
812 2187 1114 2259 priusquam
1153 2185 1443 2252 laberetur,
1477 2197 1646 2241 morte
1688 2202 1839 2256 rape-

261 2289 424 2334 retur.

329 2367 420 2423 29.
454 2369 531 2423 Ac
573 2384 668 2438 per
698 2367 818 2433 hoc,
847 2366 893 2422 si
918 2367 1057 2422 absit
1099 2367 1258 2422 nimis
1286 2367 1678 2422 inconsiderata
1708 2381 1838 2421 con-

262 2459 450 2526 tentio,
485 2468 592 2512 tota
617 2459 842 2528 qutcstio
880 2459 980 2512 ista
1009 2458 1156 2512 ﬁnita
1195 2467 1274 2514 est
1300 2458 1369 2513 de
1415 2458 1506 2512 illo
1535 2460 1624 2527 qui
1664 2467 1838 2528 raptus

259 2558 354 2616 est,
376 2566 436 2602 ne
466 2548 660 2602 malitia
689 2559 904 2604 mutaret
930 2549 1239 2604 intellectum
1267 2551 1396 2622 ejus.
1424 2549 1532 2603 Nec
1561 2548 1680 2602 ideo
1707 2548 1839 2602 liber

258 2641 564 2711 Sapientiae,
595 2641 684 2710 qui
714 2650 859 2695 tanta
887 2641 1272 2696 numerositate
1297 2655 1558 2694 annorum
1592 2639 1691 2710 legi
1729 2655 1840 2693 mc-

258 2734 366 2788 roit
392 2735 446 2788 in
495 2735 732 2790 Ecclesia
762 2733 981 2799 Christi,
1022 2734 1075 2788 in
1107 2749 1213 2804 quo
1251 2742 1306 2788 et
1346 2733 1447 2787 hoc
1490 2733 1702 2802 legitur,
1733 2733 1839 2802 pati

258 2825 420 2880 debet
449 2825 714 2895 injuriam,
745 2828 996 2896 quoniam
1024 2825 1225 2880 resistit
1250 2824 1329 2879 eis
1363 2823 1452 2894 qui
1501 2839 1596 2892 pro
1638 2822 1840 2877 meritis

261 2915 536 2970 hominum
566 2916 838 2982 falluntur,
867 2925 922 2971 ot
947 2917 1159 2971 veniant
1187 2923 1372 2971 contra
1400 2915 1492 2968 Dei
1524 2915 1840 2969 manifestis-

257 3006 449 3060 simam
492 3009 756 3076 gratiam:
791 3024 908 3078 qua:
952 3008 1184 3066 maxime
1215 3016 1440 3077 apparet
1483 3007 1534 3060 in
1574 3007 1834 3076 parvulis;

259 3115 485 3166 quorum
527 3116 646 3153 cum
690 3101 781 3154 alii
831 3100 1102 3170 baptizati,
1139 3099 1229 3154 alii
1273 3115 1378 3153 non
1426 3099 1672 3168 baptizati
1718 3097 1839 3151 vita:

263 3187 422 3258 hujus
471 3191 756 3244 terminum
805 3198 1044 3256 sumunt,
1089 3190 1219 3245 satis
1258 3189 1492 3245 indicant
1536 3190 1838 3244 misericor-

261 3279 400 3333 diam
427 3291 479 3335 et
508 3281 762 3350 jodicitnn
785 3298 800 3347 ;
844 3281 1265 3336 misericordiam
1291 3280 1504 3350 quidem
1531 3263 1836 3348 gratuitam,

255 3370 800 3441 judiciumdebitum.
824 3373 880 3428 Si
911 3373 1052 3428 enim
1076 3372 1444 3442 judiearcntur
1471 3371 1716 3427 homines
1743 3387 1838 3441 pro

261 3463 468 3517 meritis
509 3478 619 3517 sua:
663 3465 806 3528 vitm,
834 3480 952 3533 qua:
994 3480 1098 3516 non
1142 3463 1443 3517 habuerunt
1485 3474 1656 3517 morte
1698 3479 1839 3532 pra:-

261 3555 430 3620 venti,
455 3555 547 3609 sed
587 3555 816 3609 habituri
845 3565 1048 3620 essent,
1078 3555 1122 3608 si
1153 3555 1426 3618 viverent;
1455 3554 1583 3608 nihil
1621 3555 1839 3623 prodes-

261 3655 344 3698 set
383 3644 431 3698 ci
460 3645 547 3713 qui
572 3653 754 3716 raptus
783 3654 886 3712 est,
919 3659 986 3700 ne
1009 3645 1205 3699 malitia
1237 3654 1465 3698 mutaret
1510 3645 1836 3699 intellectum

262 3735 412 3804 ejus;
446 3735 576 3788 nihil
604 3734 884 3805 prodesset
910 3735 989 3789 eis
1009 3733 1100 3803 qui
1127 3734 1259 3803 lapsi
1295 3734 1612 3797 moriuntur,
1645 3735 1688 3788 si
1715 3745 1838 3789 ante

256 3835 632 3878 morerentur:
678 3824 820 3894 quod
869 3825 1044 3878 nullus
1085 3824 1264 3878 dicere
1306 3823 1628 3877 christianos
1673 3823 1838 3880 aude-

255 3915 355 3970 bit.
381 3916 639 3982 Quocirca
668 3931 775 3970 non
803 3917 998 3970 debent
1024 3915 1213 3970 fratres
1241 3914 1428 3978 nostri,
1447 3915 1537 3984 qui
1565 3915 1836 3969 nobiscum

255 4021 355 4075 pro
393 4005 658 4058 catholica
689 4006 790 4059 ﬁde
822 4005 1109 4075 perniciem
1140 4005 1405 4075 Pelagiani
1430 4007 1630 4060 erroris
1661 4007 1834 4074 impo-

253 4107 444 4166 gnant,
492 4095 614 4149 huic
653 4096 949 4166 Pelagiana:
998 4097 1053 4150 in
1102 4106 1304 4151 tantum
1351 4097 1528 4152 lavere
1575 4097 1831 4166 Opinioni,

257 4201 362 4256 qua
399 4185 684 4254 opinantur
715 4187 937 4256 gratiam
978 4187 1071 4242 Dei
1113 4187 1406 4241 secundum
1437 4189 1622 4243 merita
1652 4198 1835 4242 nostra

259 4277 416 4342 dari;
464 4285 521 4331 ut
559 4277 699 4348 quod
741 4278 812 4332 illi
850 4278 1049 4333 audere
1097 4293 1204 4332 non
1249 4288 1488 4348 possunt,
1519 4280 1835 4334 sententiam

262 4384 447 4423 veram
476 4370 628 4438 plane
653 4377 708 4424 et
732 4371 1023 4440 antiquitus
1045 4370 1412 4436 christianam,
1444 4370 1638 4441 Raptus
1659 4381 1752 4437 est,
1776 4388 1839 4426 ne

261 4460 460 4512 malitia
493 4468 706 4513 mutaret
734 4460 1039 4513 intellectum
1064 4461 1194 4530 ejus,
1221 4458 1497 4515 destruere
1519 4460 1834 4528 moliantur;

258 4559 318 4606 et
347 4549 399 4604 id
427 4557 686 4614 astruere,
714 4550 876 4619 quod,
909 4565 1015 4604 non
1042 4549 1164 4604 dico
1209 4550 1557 4615 crediturum,
1602 4550 1695 4604 scd
1744 4566 1837 4604 so-

262 4640 589 4694 mniaturum
622 4639 888 4717 neminem
905 4650 1231 4710 putaremus,
1247 4641 1535 4696 secundum
1552 4657 1613 4696 ea
1635 4643 1838 4697 scilicet

255 4729 486 4799 judicari
529 4745 793 4800 quemque
821 4739 1172 4795 mortuorum,
1206 4746 1324 4800 qua:
1367 4742 1613 4802 gesturus
1645 4734 1832 4800 fuerat,

259 4820 308 4874 si
339 4829 578 4888 tempore
621 4820 908 4888 prolixiore
949 4820 1189 4876 vixisset.
1222 4821 1298 4876 lla
1336 4823 1530 4892 quippe
1560 4823 1724 4877 claret
1752 4823 1835 4877 in-

261 4913 462 4965 victum
493 4927 613 4968 esse
652 4912 792 4982 quod
820 4911 1066 4976 dicimus,
1107 4913 1330 4983 gratiam
1377 4913 1470 4968 Dei
1509 4929 1613 4968 non
1643 4929 1836 4969 secon-

255 5004 388 5057 dum
439 5005 628 5058 merita
673 5015 850 5059 nostra
891 5002 1027 5069 dari,
1061 5012 1118 5057 ttt
1148 5003 1270 5058 huic
1313 5004 1520 5058 veritati
1553 5005 1838 5080 contradi-

254 5103 444 5149 centes
489 5095 746 5164 ingeniosi
791 5094 1030 5149 homines
1062 5093 1197 5160 hcce,
1229 5093 1296 5147 ab
1337 5096 1575 5150 onmiom
1618 5097 1836 5152 auribus

255 5196 313 5239 et
332 5185 740 5255 cogitationibus
769 5184 1050 5251 abigenda,
1081 5184 1260 5238 dicere
1288 5195 1629 5255 cogerentur.

329 5275 555 5331 CAPUT
592 5275 709 5329 XV.
735 5304 806 5316 —
831 5276 921 5330 50.
966 5277 1058 5330 Est
1079 5275 1239 5330 etiam
1266 5276 1726 5344 prarclarissimum
1757 5277 1836 5330 lu-

255 5383 382 5424 meo
417 5366 895 5435 prtedestinationis
938 5375 992 5421 et
1030 5371 1235 5436 gratiae,
1271 5367 1382 5436 ipse
1411 5365 1675 5431 Salvator,
1717 5367 1834 5437 ipse

254 5458 520 5514 Mediator
555 5458 648 5514 Dei
678 5468 733 5514 et
758 5458 1031 5512 hominum
1063 5459 1223 5512 homo
1247 5457 1487 5512 Christus
1516 5459 1670 5515 Jesus
1699 5479 1711 5514 :
1744 5461 1832 5531 qui

255 5559 320 5604 ot
348 5550 451 5606 hoc
490 5559 654 5615 esset,
695 5551 887 5620 quibus
933 5550 1145 5604 tandem
1195 5549 1304 5604 suis
1351 5549 1433 5603 vel
1476 5566 1695 5620 operum
1747 5551 1834 5606 vel

257 5640 385 5694 ﬁdei
430 5641 852 5710 praecedentibus
899 5641 1102 5695 meritis
1149 5652 1336 5695 natura
1367 5641 1593 5696 humana
1629 5659 1749 5712 qua:
1779 5643 1832 5695 in

255 5731 354 5787 illo
377 5741 458 5788 est
478 5730 843 5802 comparavit?
871 5730 1275 5802 Respondeatur
1295 5747 1508 5803 quaso:
1535 5733 1621 5789 ille
1648 5735 1828 5799 homo,

1141 350 1339 406 LIBER
1381 347 1464 402 DE
1504 345 2161 402 Pii/EDESTINATIONE
2199 346 2634 404 SANCTORUM.

3415 347 3519 406 οδε

1942 469 1998 514 ut
2026 475 2056 514 a
2093 459 2264 515 Verbo
2293 461 2432 516 Patri
2470 471 2738 516 cozcterno
2782 463 2834 516 in
2866 461 3120 517 unitatem
3155 478 3394 531 persona:
3423 478 3514 515 as-

1940 561 2199 620 sumptus,
2235 550 2398 606 Filius
2440 552 2530 607 Dei
2561 553 2865 622 unigenitus
2895 563 3056 620 esset,
3091 553 3230 608 unde
3269 553 3372 607 hoc
3400 568 3514 607 me-

1942 643 2098 695 ruit?
2151 641 2304 706 Quod
2355 644 2472 712 ejus
2526 642 2723 698 bonum
2773 645 3158 714 qualecumque
3207 645 3516 714 praecessit?

1941 732 2077 799 Quid
2117 735 2225 802 egit
2271 743 2416 798 ante,
2463 734 2587 803 quid
2633 735 2878 800 credidit,
2921 735 3047 804 quid
3092 736 3295 804 petivit,
3347 747 3401 790 ut
3445 735 3513 789 ad

1942 822 2079 876 hanc
2111 822 2433 876 incli'abilem
2459 825 2829 878 excellentiam
2865 826 3201 893 perveniret?
3229 825 3414 881 Nonne
3438 825 3516 880 fa-

1941 915 2115 969 ciente
2139 929 2201 968 ac
2227 916 2550 984 suscipiente
2580 915 2776 983 Verbo,
2805 918 2920 986 ipse
2965 917 3146 982 homo,
3179 933 3244 972 ex
3271 934 3374 988 quo
3399 931 3518 972 esse

1942 1006 2124 1074 cmpit,
2151 1004 2316 1058 Filios
2359 1005 2452 1059 Dei
2493 1006 2678 1059 unicus
2705 1022 2823 1061 esse
2849 1007 3048 1076 ραδρίιῖ
3099 1005 3286 1062 Nonne
3325 1005 3516 1060 Filium

1944 1094 2034 1150 Dei
2060 1095 2269 1149 unicum
2301 1093 2498 1149 femina
2522 1097 2609 1149 illa
2640 1099 2807 1166 gratia
2837 1099 2991 1168 plena
3019 1099 3302 1167 concepit?
3328 1097 3516 1152 Nonne

1941 1183 2006 1238 de
2055 1185 2253 1254 Spiritu
2300 1193 2485 1239 sancto
2528 1196 2581 1240 ct
2629 1187 2832 1256 virgine
2874 1187 3036 1241 Maria
3082 1189 3173 1242 Dei
3206 1187 3244 1241 F
3251 1189 3370 1241 ilius
3401 1187 3518 1241 nni-

1941 1289 2036 1328 cus
2056 1285 2211 1329 natos
2237 1286 2338 1342 est,
2363 1291 2465 1329 non
2495 1277 2674 1331 carnis
2695 1277 2964 1344 cupidine,
2986 1277 3078 1332 sed
3106 1278 3388 1348 singulari‘
3423 1277 3517 1332 Dei

1944 1366 2208 1421 munere?
2251 1366 2514 1436 Numquid
2559 1368 2904 1422 metuendum
2949 1367 3064 1434 fuit,
3115 1384 3181 1422 ne
3233 1368 3520 1422 accedente

1943 1467 2097 1512 artato
2128 1459 2288 1512 homo
2315 1459 2404 1513 ille
2441 1459 2608 1512 libero
2654 1468 2901 1528 peccaret
2943 1458 3206 1514 arbitrio?
3253 1461 3360 1513 Aut
3398 1458 3520 1514 ideo

1944 1550 1994 1602 in
2029 1550 2118 1603 illo
2145 1565 2248 1603 non
2281 1549 2445 1605 libera
2485 1552 2736 1606 voluntas
2765 1560 2899 1618 erat,
2933 1566 2995 1606 ac
3021 1567 3126 1606 non
3168 1560 3315 1606 tanto
3354 1551 3520 1620 magis

1943 1650 2078 1705 erat,
2123 1650 2322 1710 quanto
2372 1641 2540 1712 magis
2596 1653 2817 1711 peccato
2865 1644 3069 1697 servire
3116 1658 3222 1696 non
3276 1641 3520 1711 poterat?

1942 1732 2144 1801 Nempe
2170 1734 2269 1788 ista
2295 1735 2469 1788 omnia
2511 1735 2853 1804 singulariter
2889 1735 3222 1796 admiranda.
3253 1743 3306 1790 et
3343 1735 3447 1790 alia
3473 1735 3520 1788 si

1943 1841 2043 1894 qua
2075 1825 2189 1894 ejus
2221 1827 2434 1895 propria
2472 1827 2750 1882 verissime
2776 1827 2879 1882 dici
2909 1838 3153 1897 possunt,
3185 1828 3522 1900 singulariter

1943 1916 1995 1970 in
2026 1917 2113 1970 illo
2139 1918 2342 1986 accepit
2375 1917 2628 1983 humana,
2659 1919 2760 1973 hoc
2785 1928 2889 1984 est,
2917 1929 3096 1974 nostra
3125 1930 3332 1987 natura,
3363 1920 3523 1973 nullis

1943 2006 2054 2060 Suis
2101 2007 2523 2075 prtecedentibos
2570 2010 2795 2062 meritis.
2848 2009 3188 2079 Respondeat
3235 2011 3318 2063 hic
3363 2011 3523 2063 homo

1945 2097 2075 2163 Deo,
2105 2098 2147 2151 si
2178 2097 2366 2164 audet,
2399 2108 2453 2152 ct
2494 2099 2664 2166 dicat,
2692 2101 2802 2154 Cor
2831 2118 2934 2154 non
2973 2110 3027 2156 et
3052 2102 3191 2172 ego?
3230 2102 3296 2156 Et
3341 2102 3384 2155 si
3429 2117 3522 2156 au-

1942 2189 2116 2251 dierit,
2168 2189 2213 2244 0
2241 2191 2410 2254 homo,
2445 2200 2496 2244 tu
2526 2192 2612 2261 qui
2655 2208 2708 2245 es
2745 2192 2830 2258 qui
2866 2194 3172 2262 respondeas
3199 2190 3304 2245 Deo
3347 2192 3521 2262 (Rom.

1945 2296 2016 2347 Ix,
2048 2281 2188 2350 20)?
2231 2297 2330 2336 nec
2373 2283 2450 2336 sic
2483 2282 2750 2348 cohibeat,
2781 2283 2873 2336 sed
2901 2294 3090 2352 augeat
3118 2284 3521 2352 impudentiam,

1942 2381 1998 2426 et
2023 2371 2181 2435 dicat,
2215 2371 2494 2440 Quomodo
2535 2373 2712 2435 audio,
2754 2373 2829 2426 Tu
2870 2375 2958 2443 qui
3000 2390 3072 2440 es,
3101 2390 3130 2427 ο
3174 2375 3363 2428 homo?
3391 2373 3522 2428 Cum

1941 2463 2041 2516 sim
2069 2464 2209 2532 quod
2239 2464 2418 2529 audio,
2451 2464 2501 2518 id
2529 2473 2613 2520 est
2641 2463 2824 2527 homo,
2847 2465 2986 2535 quod
3014 2474 3098 2520 est
3125 2474 3181 2520 et
3205 2465 3294 2520 ille
3321 2465 3388 2520 de
3414 2481 3522 2536 quo

1941 2567 2062 2622 ago,
2095 2569 2192 2608 cur
2232 2568 2336 2607 non
2382 2553 2480 2607 sint
2519 2553 2661 2624 quod
2691 2565 2743 2608 et
2777 2555 2900 2610 ille?
2942 2555 3011 2609 At
3050 2555 3190 2609 enim
3238 2557 3404 2626 gratia
3433 2556 3523 2611 ille

1944 2643 2062 2696 talis
2099 2659 2163 2698 ac
2189 2654 2366 2698 tantus
2395 2652 2495 2698 est.
2525 2643 2632 2699 Cur
2661 2644 2868 2699 diversa
2897 2654 2979 2698 est
3007 2644 3198 2715 gratia,
3223 2645 3310 2700 ubi
3339 2653 3522 2700 natura

1942 2734 2242 2787 con‘tmunis
2287 2734 2405 2787 est?
2433 2731 2590 2788 Certe
2635 2749 2740 2787 non
2785 2743 2868 2788 est
2908 2734 3146 2804 acceptio
3176 2749 3521 2804 personarum

1943 2823 2082 2893 apud
2119 2824 2281 2878 Deum
2319 2823 2650 2894 (60(088.'Ill,
2673 2824 2788 2896 25).
2821 2824 2970 2892 Quis,
3003 2840 3106 2879 non
3134 2824 3254 2880 dico
3281 2825 3526 2880 christia-

1943 2930 2066 2976 nos,
2095 2914 2188 2968 sed
2220 2915 2436 2969 insanus
2465 2913 2579 2968 lucc
2616 2915 2760 2969 dicat
2784 2916 2807 2969 ἲ

2013 3005 2102 3058 51.
2146 3005 2412 3073 Appareat
2453 3004 2630 3074 itaque
2673 3005 2827 3060 nobis
2868 3006 2920 3060 in
2965 3015 3148 3060 nostro
3186 3005 3360 3074 capite
3405 3005 3518 3075 ipse

1943 3094 2062 3148 fons
2098 3095 2302 3164 gratiae,
2345 3094 2486 3149 unde
2525 3094 2818 3149 secundum
2861 3095 3276 3165 uniuscujusque
3318 3107 3524 3149 mensu-

1942 3204 2055 3243 ram
2092 3203 2150 3243 se
2180 3202 2273 3257 per
2301 3195 2492 3242 concta
2518 3186 2635 3256 ejus
2674 3186 2910 3241 membra
2941 3187 3209 3242 dill'untlit.
3240 3187 3316 3242 Ea
3355 3188 3521 3256 gratia

1945 3282 2005 3335 ﬁt
2029 3281 2097 3334 ab
2123 3279 2276 3335 initio
2316 3279 2439 3334 ﬁdei
2465 3293 2574 3332 sua:
2615 3279 2775 3333 homo
2813 3281 3136 3350 quicumque
3158 3278 3519 3344 christianos,

1941 3387 2043 3441 qua
2069 3372 2233 3442 gratia
2260 3369 2421 3424 homo
2448 3370 2536 3424 ille
2561 3371 2626 3425 ab
2654 3371 2803 3424 initio
2824 3386 2922 3425 suo
2943 3369 3110 3425 factus
3132 3379 3216 3424 est
3235 3369 3478 3424 Christus
3504 3386 3517 3422 :

1944 3463 2009 3519 de
2037 3464 2152 3532 ipso
2183 3463 2382 3532 Spiritu
2410 3471 2465 3516 ct
2491 3461 2577 3516 hic
2602 3470 2840 3527 renatus,
2876 3462 2944 3517 de
2968 3479 3076 3532 quo
3105 3473 3187 3516 est
3214 3461 3302 3515 ille
3329 3473 3517 3525 natus;

1943 3554 2130 3609 eodem
2159 3553 2359 3622 Spiritu
2387 3554 2445 3606 lit
2470 3552 2521 3606 in
2549 3553 2698 3608 nobis
2729 3554 2974 3608 remissio
3005 3563 3364 3622 peccatorum,
3405 3568 3512 3622 quo

1941 3646 2140 3715 Spiritu
2171 3644 2366 3698 factum
2391 3652 2474 3699 cst
2504 3653 2560 3697 ut
2589 3645 2788 3697 nullum
2830 3645 3050 3698 haberet
3081 3644 3174 3715 ille
3217 3652 3512 3713 peccatum.

1942 3736 2068 3791 llaec
2093 3750 2152 3790 se
2181 3736 2323 3790 Deus
2361 3749 2481 3790 esse
2512 3734 2776 3789 factorum
2810 3737 3048 3804 profecto
3075 3736 3360 3806 praescivit.
3404 3735 3519 3804 Ipsa

1942 3835 2025 3881 est
2063 3827 2221 3897 igitur
2253 3825 2646 3896 praedestinatio
2684 3837 2988 3882 sanctorum
3015 3869 3031 3895 ,
3073 3843 3191 3898 qua:
3231 3829 3284 3882 in
3326 3827 3523 3882 Sancto

1941 3928 2246 3975 sanctorum
2275 3917 2503 3972 maxime
2527 3919 2719 3973 claruit
2747 3935 2760 3973 :
2791 3935 2948 3988 quam
2981 3935 3174 3990 negare
3198 3921 3315 3990 quis
3348 3928 3522 3988 potest

1941 4019 2088 4064 recte
2115 4009 2520 4078 intelligentiam
2551 4008 2761 4078 eloquia
2795 4011 3075 4065 veritatis?
3102 4011 3230 4064 Nam
3264 4021 3316 4066 et
3348 4011 3520 4080 ipsum

1947 4101 2230 4157 Dominum
2259 4102 2441 4172 gloria:
2463 4103 2516 4165 ’,
2549 4102 2600 4155 in
2635 4112 2890 4172 quantum
2930 4103 3090 4158 homo
3120 4104 3293 4160 factus
3317 4116 3398 4159 est
3427 4106 3520 4159 Dei

1942 4190 1982 4244 F
1987 4191 2129 4256 ilius,
2174 4181 2605 4259 prardestinattim
2632 4206 2752 4247 esse
2785 4191 3074 4246 didicimus
3101 4193 3146 4245 ³.
3176 4192 3383 4247 Clamat
3418 4193 3524 4247 Do-

1941 4291 2058 4337 ctor
2080 4282 2326 4337 Gentium
2357 4283 2409 4336 in
2437 4282 2609 4352 capite
2641 4282 2997 4352 Epistolarum
3040 4298 3252 4338 suarum
3274 4323 3288 4348 ,
3324 4281 3522 4338 Paulus

1940 4389 2109 4428 servus
2150 4371 2278 4426 Jesu
2306 4373 2530 4440 Christi,
2568 4383 2771 4428 uocatas
2808 4375 3092 4444 apostolus,
3133 4384 3422 4445 segregatus
3466 4375 3520 4428 in

1941 4462 2276 4535 Evangelium
2307 4464 2436 4529 Dei,
2471 4463 2608 4534 quod
2635 4473 2754 4517 ante
2794 4465 3090 4534 promiserat
3118 4481 3206 4533 per
3233 4463 3521 4532 Prophetas

1941 4571 2058 4608 suos
2085 4554 2137 4607 in
2167 4554 2446 4622 Scripturis
2482 4554 2667 4606 sanctis
2694 4552 2758 4606 de
2794 4552 2932 4606 Filio
2961 4570 3084 4618 suo,
3123 4554 3209 4624 qui
3250 4556 3412 4624 factus
3449 4563 3521 4607 est

1941 4643 1987 4697 ei
2008 4659 2070 4696 ea:
2087 4644 2274 4696 semine
2301 4641 2464 4695 David
2481 4641 2756 4696 secundum
2781 4659 3003 4706 carnem,
3027 4644 3112 4714 qui
3133 4644 3520 4710 prwdestinatus

1939 4745 2014 4790 est
2051 4735 2214 4788 Filius
2239 4733 2333 4787 Dei
2362 4735 2415 4787 in
2445 4735 2625 4787 virtute
2645 4773 2661 4800 ,
2693 4734 2969 4788 secundum
2998 4734 3250 4805 Spiritum
3290 4737 3520 4805 sanctiﬁ-

1941 4826 2155 4880 cationis
2199 4841 2263 4880 ex
2303 4825 2662 4879 resurrectione
2699 4834 3010 4879 mortuorum
3057 4825 3234 4896 (Rom.
3277 4841 3334 4893 ι,
3377 4827 3517 4897 1-4).

1941 4916 2357 4973 Prmdestinatus
2388 4925 2469 4970 est
2499 4930 2626 4985 ergo
2652 4913 2829 4981 Jesus,
2857 4922 2914 4968 ut
2939 4915 3028 4984 qui
3057 4916 3264 4970 iuturus
3293 4925 3408 4971 erat
3432 4932 3518 4971 se-

1942 5009 2172 5064 cundum
2205 5023 2419 5063 carnem
2451 5007 2592 5062 ﬁlios
2618 5006 2783 5061 David
2808 5047 2824 5073 ,
2855 5015 2999 5062 esset
3037 5016 3214 5064 tamen
3245 5010 3298 5062 in
3327 5010 3522 5066 virtute

1942 5101 1983 5156 F
1987 5101 2108 5156 ilius
2135 5100 2228 5154 Dei
2269 5098 2563 5154 secundum
2591 5098 2847 5167 Spiritum
2889 5098 3353 5164 sanctilicationis;
3399 5103 3519 5172 quia

1943 5203 2098 5246 natus
2125 5199 2208 5244 est
2231 5189 2298 5244 de
2325 5189 2522 5259 Spiritu
2551 5199 2736 5243 sancto
2761 5197 2816 5243 et
2839 5189 3042 5258 virgine
3066 5189 3250 5244 Maria.
3281 5191 3396 5260 Ipsa
3434 5205 3518 5246 est

1942 5285 2031 5338 illa
2064 5281 2402 5337 inet'tabiliter
2427 5281 2562 5337 facta
2591 5280 2824 5336 hominis
2850 5296 2881 5335 a
2909 5281 3018 5336 Deo
3047 5280 3222 5336 Verbo
3251 5285 3521 5352 susceptio

1942 5375 2245 5445 singularis,
2270 5382 2328 5428 ut
2357 5373 2520 5428 Filios
2547 5373 2638 5428 Dei
2663 5382 2716 5428 et
2745 5375 2884 5427 ﬁlius
2910 5373 3143 5428 hominis
3171 5375 3350 5440 simul,
3383 5375 3522 5430 ﬁlios

1944 5467 2170 5522 hominis
2206 5475 2420 5536 propter
2453 5476 2756 5534 susceptum
2796 5465 3064 5521 hominem
3088 5507 3103 5532 ,
3147 5476 3201 5521 et
3228 5466 3268 5522 F
3275 5468 3393 5522 ilius
3422 5468 3516 5524 Dei

2007 5624 2022 5651 ³
2050 5619 2270 5680 Plerique
2292 5621 2614 5680 manuscripti,
2641 5617 2755 5668 solo.

2003 5683 2023 5711 ³
2043 5689 2161 5728 'I‘res
2181 5679 2304 5739 Mssa,
2335 5679 2582 5728 nominum
2595 5682 2782 5742 gratim.

2007 5742 2026 5771 ³
2052 5749 2150 5789 Αιη.
2171 5748 2243 5790 Er.
2273 5749 2320 5792 et
2345 5750 2525 5805 aliquot
2548 5751 2672 5803 Mss,
2692 5742 2917 5793 dicimus.
