  <div class='ocr_page' id='page_1' title='image "/cluster/home/n/w/nwhite01/storage/ocr_20150623/44/hvd.32044015706336/497.png"; bbox 0 0 4022 6458; ppageno 0'>
   <div class='ocr_carea' id='block_1_1' title="bbox 485 356 588 412">
    <p class='ocr_par' dir='ltr' id='par_1_1' title="bbox 485 356 588 412">
     <span class='ocr_line' id='line_1_1' title="bbox 485 356 588 412; baseline 0 0"><span class='ocrx_word' id='word_1_1' title='bbox 485 356 588 412; x_wconf 79' lang='lat'><strong>983</strong></span> 
     </span>
    </p>
   </div>
   <div class='ocr_carea' id='block_1_2' title="bbox 487 463 2059 543">
    <p class='ocr_par' dir='ltr' id='par_1_2' title="bbox 487 463 2059 543">
     <span class='ocr_line' id='line_1_2' title="bbox 487 463 2059 543; baseline -0.007 -15"><span class='ocrx_word' id='word_1_2' title='bbox 487 483 700 543; x_wconf 75' lang='lat' dir='ltr'><strong>propter</strong></span> <span class='ocrx_word' id='word_1_3' title='bbox 733 470 1107 540; x_wconf 75' lang='lat' dir='ltr'><strong>suscipientem</strong></span> <span class='ocrx_word' id='word_1_4' title='bbox 1135 465 1462 537; x_wconf 74' lang='lat' dir='ltr'><strong>unigenitum</strong></span> <span class='ocrx_word' id='word_1_5' title='bbox 1506 463 1673 519; x_wconf 90' lang='lat' dir='ltr'><strong>Deum</strong></span> <span class='ocrx_word' id='word_1_6' title='bbox 1705 464 1966 518; x_wconf 75' lang='lat' dir='ltr'><strong>veraciter</strong></span> <span class='ocrx_word' id='word_1_7' title='bbox 2003 472 2059 518; x_wconf 91' lang='lat' dir='ltr'><strong>ct</strong></span> 
     </span>
    </p>
   </div>
   <div class='ocr_carea' id='block_1_3' title="bbox 493 557 2059 636">
    <p class='ocr_par' dir='ltr' id='par_1_3' title="bbox 493 557 2059 636">
     <span class='ocr_line' id='line_1_3' title="bbox 493 557 2059 636; baseline -0.003 -21"><span class='ocrx_word' id='word_1_8' title='bbox 493 566 704 636; x_wconf 80' lang='lat' dir='ltr'><strong>proprie</strong></span> <span class='ocrx_word' id='word_1_9' title='bbox 741 563 1045 627; x_wconf 75' lang='lat' dir='ltr'><strong>diceretur;</strong></span> <span class='ocrx_word' id='word_1_10' title='bbox 1086 575 1152 615; x_wconf 92' lang='lat' dir='ltr'><strong>ne</strong></span> <span class='ocrx_word' id='word_1_11' title='bbox 1191 574 1296 614; x_wconf 92' lang='lat' dir='ltr'><strong>non</strong></span> <span class='ocrx_word' id='word_1_12' title='bbox 1324 557 1550 624; x_wconf 89' lang='lat' dir='ltr'><strong>trinitas,</strong></span> <span class='ocrx_word' id='word_1_13' title='bbox 1594 558 1687 612; x_wconf 90' lang='lat' dir='ltr'><strong>sed</strong></span> <span class='ocrx_word' id='word_1_14' title='bbox 1731 557 2059 626; x_wconf 89' lang='lat' dir='ltr'><strong>quaternitas</strong></span> 
     </span>
    </p>
   </div>
   <div class='ocr_carea' id='block_1_4' title="bbox 483 648 2064 712">
    <p class='ocr_par' dir='ltr' id='par_1_4' title="bbox 483 648 2064 712">
     <span class='ocr_line' id='line_1_4' title="bbox 483 648 2064 712; baseline -0.008 0"><span class='ocrx_word' id='word_1_15' title='bbox 483 657 808 712; x_wconf 81' lang='lat' dir='ltr'><strong>crederetur.</strong></span> <span class='ocrx_word' id='word_1_16' title='bbox 860 653 1241 709; x_wconf 73' lang='lat' dir='ltr'><strong>Prrcdestinata</strong></span> <span class='ocrx_word' id='word_1_17' title='bbox 1289 658 1373 706; x_wconf 91' lang='lat' dir='ltr'><strong>est</strong></span> <span class='ocrx_word' id='word_1_18' title='bbox 1424 650 1523 704; x_wconf 91' lang='lat' dir='ltr'><strong>ista</strong></span> <span class='ocrx_word' id='word_1_19' title='bbox 1569 659 1772 703; x_wconf 75' lang='lat' dir='ltr'><strong>naturae</strong></span> <span class='ocrx_word' id='word_1_20' title='bbox 1813 648 2064 701; x_wconf 80' lang='lat' dir='ltr'><strong>humanae</strong></span> 
     </span>
    </p>
   </div>
   <div class='ocr_carea' id='block_1_5' title="bbox 485 737 2066 808">
    <p class='ocr_par' dir='ltr' id='par_1_5' title="bbox 485 737 2066 808">
     <span class='ocr_line' id='line_1_5' title="bbox 485 737 2066 808; baseline -0.008 -6"><span class='ocrx_word' id='word_1_21' title='bbox 485 758 627 802; x_wconf 88' lang='lat' dir='ltr'><strong>tanta</strong></span> <span class='ocrx_word' id='word_1_22' title='bbox 655 755 709 802; x_wconf 91' lang='lat' dir='ltr'><strong>et</strong></span> <span class='ocrx_word' id='word_1_23' title='bbox 735 757 838 800; x_wconf 90' lang='lat' dir='ltr'><strong>tam</strong></span> <span class='ocrx_word' id='word_1_24' title='bbox 863 745 1000 800; x_wconf 88' lang='lat' dir='ltr'><strong>celsa</strong></span> <span class='ocrx_word' id='word_1_25' title='bbox 1029 756 1079 796; x_wconf 81' lang='lat' dir='ltr'><strong>et</strong></span> <span class='ocrx_word' id='word_1_26' title='bbox 1103 757 1308 797; x_wconf 88' lang='lat' dir='ltr'><strong>summa</strong></span> <span class='ocrx_word' id='word_1_27' title='bbox 1331 741 1626 802; x_wconf 83' lang='lat' dir='ltr'><strong>subvectio,</strong></span> <span class='ocrx_word' id='word_1_28' title='bbox 1652 748 1710 793; x_wconf 93' lang='lat' dir='ltr'><strong>ut</strong></span> <span class='ocrx_word' id='word_1_29' title='bbox 1730 754 1833 808; x_wconf 89' lang='lat' dir='ltr'><strong>quo</strong></span> <span class='ocrx_word' id='word_1_30' title='bbox 1859 737 2066 792; x_wconf 87' lang='lat' dir='ltr'><strong>attolle-</strong></span> 
     </span>
    </p>
   </div>
   <div class='ocr_carea' id='block_1_6' title="bbox 482 827 2062 906">
    <p class='ocr_par' dir='ltr' id='par_1_6' title="bbox 482 827 2062 906">
     <span class='ocr_line' id='line_1_6' title="bbox 482 827 2062 906; baseline -0.008 -11"><span class='ocrx_word' id='word_1_31' title='bbox 482 851 629 895; x_wconf 87' lang='lat' dir='ltr'><strong>retur</strong></span> <span class='ocrx_word' id='word_1_32' title='bbox 648 840 826 906; x_wconf 84' lang='lat' dir='ltr'><strong>altius,</strong></span> <span class='ocrx_word' id='word_1_33' title='bbox 852 853 959 892; x_wconf 92' lang='lat' dir='ltr'><strong>non</strong></span> <span class='ocrx_word' id='word_1_34' title='bbox 989 837 1206 890; x_wconf 81' lang='lat' dir='ltr'><strong>haberet</strong></span> <span class='ocrx_word' id='word_1_35' title='bbox 1237 851 1248 886; x_wconf 89' lang='lat'><strong>:</strong></span> <span class='ocrx_word' id='word_1_36' title='bbox 1278 833 1416 887; x_wconf 87' lang='lat' dir='ltr'><strong>sicut</strong></span> <span class='ocrx_word' id='word_1_37' title='bbox 1443 848 1538 902; x_wconf 91' lang='lat' dir='ltr'><strong>pro</strong></span> <span class='ocrx_word' id='word_1_38' title='bbox 1562 831 1711 885; x_wconf 88' lang='lat' dir='ltr'><strong>nobis</strong></span> <span class='ocrx_word' id='word_1_39' title='bbox 1739 831 1850 898; x_wconf 87' lang='lat' dir='ltr'><strong>ipsa</strong></span> <span class='ocrx_word' id='word_1_40' title='bbox 1873 827 2062 882; x_wconf 86' lang='lat' dir='ltr'><strong>divini-</strong></span> 
     </span>
    </p>
   </div>
   <div class='ocr_carea' id='block_1_7' title="bbox 485 918 2060 1000">
    <p class='ocr_par' dir='ltr' id='par_1_7' title="bbox 485 918 2060 1000">
     <span class='ocr_line' id='line_1_7' title="bbox 485 918 2060 1000; baseline -0.008 -18"><span class='ocrx_word' id='word_1_41' title='bbox 485 941 563 984; x_wconf 94' lang='lat' dir='ltr'><strong>tas</strong></span> <span class='ocrx_word' id='word_1_42' title='bbox 603 945 708 1000; x_wconf 86' lang='lat' dir='ltr'><strong>quo</strong></span> <span class='ocrx_word' id='word_1_43' title='bbox 748 943 914 998; x_wconf 91' lang='lat' dir='ltr'><strong>usque</strong></span> <span class='ocrx_word' id='word_1_44' title='bbox 953 941 1012 982; x_wconf 88' lang='lat' dir='ltr'><strong>se</strong></span> <span class='ocrx_word' id='word_1_45' title='bbox 1050 926 1342 993; x_wconf 89' lang='lat' dir='ltr'><strong>deponeret</strong></span> <span class='ocrx_word' id='word_1_46' title='bbox 1376 921 1647 985; x_wconf 82' lang='lat' dir='ltr'><strong>humilius,</strong></span> <span class='ocrx_word' id='word_1_47' title='bbox 1692 935 1795 974; x_wconf 93' lang='lat' dir='ltr'><strong>non</strong></span> <span class='ocrx_word' id='word_1_48' title='bbox 1838 918 2060 982; x_wconf 91' lang='lat' dir='ltr'><strong>habuit,</strong></span> 
     </span>
    </p>
   </div>
   <div class='ocr_carea' id='block_1_8' title="bbox 480 1008 2063 1091">
    <p class='ocr_par' dir='ltr' id='par_1_8' title="bbox 480 1008 2063 1091">
     <span class='ocr_line' id='line_1_8' title="bbox 480 1008 2063 1091; baseline -0.006 -18"><span class='ocrx_word' id='word_1_49' title='bbox 480 1036 639 1091; x_wconf 89' lang='lat' dir='ltr'><strong>quam</strong></span> <span class='ocrx_word' id='word_1_50' title='bbox 665 1027 910 1088; x_wconf 89' lang='lat' dir='ltr'><strong>suscepta</strong></span> <span class='ocrx_word' id='word_1_51' title='bbox 935 1025 1121 1070; x_wconf 90' lang='lat' dir='ltr'><strong>natura</strong></span> <span class='ocrx_word' id='word_1_52' title='bbox 1147 1014 1378 1068; x_wconf 90' lang='lat' dir='ltr'><strong>hominis</strong></span> <span class='ocrx_word' id='word_1_53' title='bbox 1405 1028 1525 1066; x_wconf 91' lang='lat' dir='ltr'><strong>cum</strong></span> <span class='ocrx_word' id='word_1_54' title='bbox 1554 1011 1857 1065; x_wconf 86' lang='lat' dir='ltr'><strong>infirmitate</strong></span> <span class='ocrx_word' id='word_1_55' title='bbox 1883 1008 2063 1063; x_wconf 86' lang='lat' dir='ltr'><strong>carnis</strong></span> 
     </span>
    </p>
   </div>
   <div class='ocr_carea' id='block_1_9' title="bbox 481 1100 2061 1183">
    <p class='ocr_par' dir='ltr' id='par_1_9' title="bbox 481 1100 2061 1183">
     <span class='ocr_line' id='line_1_9' title="bbox 481 1100 2061 1183; baseline -0.009 -15"><span class='ocrx_word' id='word_1_56' title='bbox 481 1129 650 1183; x_wconf 84' lang='lat' dir='ltr'><strong>usque</strong></span> <span class='ocrx_word' id='word_1_57' title='bbox 689 1110 756 1166; x_wconf 90' lang='lat' dir='ltr'><strong>ad</strong></span> <span class='ocrx_word' id='word_1_58' title='bbox 803 1117 1027 1166; x_wconf 92' lang='lat' dir='ltr'><strong>mortem</strong></span> <span class='ocrx_word' id='word_1_59' title='bbox 1059 1107 1255 1162; x_wconf 88' lang='lat' dir='ltr'><strong>crucis.</strong></span> <span class='ocrx_word' id='word_1_60' title='bbox 1298 1105 1446 1162; x_wconf 88' lang='lat' dir='ltr'><strong>Sicut</strong></span> <span class='ocrx_word' id='word_1_61' title='bbox 1485 1119 1612 1172; x_wconf 84' lang='lat' dir='ltr'><strong>ergo</strong></span> <span class='ocrx_word' id='word_1_62' title='bbox 1649 1100 2061 1172; x_wconf 69' lang='lat' dir='ltr'><strong>prmdestinatus</strong></span> 
     </span>
    </p>
   </div>
   <div class='ocr_carea' id='block_1_10' title="bbox 487 1191 2063 1268">
    <p class='ocr_par' dir='ltr' id='par_1_10' title="bbox 487 1191 2063 1268">
     <span class='ocr_line' id='line_1_10' title="bbox 487 1191 2063 1268; baseline -0.01 -10"><span class='ocrx_word' id='word_1_63' title='bbox 487 1212 569 1258; x_wconf 89' lang='lat' dir='ltr'><strong>est</strong></span> <span class='ocrx_word' id='word_1_64' title='bbox 595 1203 682 1257; x_wconf 92' lang='lat' dir='ltr'><strong>ille</strong></span> <span class='ocrx_word' id='word_1_65' title='bbox 712 1217 869 1267; x_wconf 91' lang='lat' dir='ltr'><strong>unus,</strong></span> <span class='ocrx_word' id='word_1_66' title='bbox 899 1209 957 1253; x_wconf 91' lang='lat' dir='ltr'><strong>ut</strong></span> <span class='ocrx_word' id='word_1_67' title='bbox 978 1207 1138 1268; x_wconf 86' lang='lat' dir='ltr'><strong>caput</strong></span> <span class='ocrx_word' id='word_1_68' title='bbox 1166 1206 1404 1251; x_wconf 90' lang='lat' dir='ltr'><strong>nostrum</strong></span> <span class='ocrx_word' id='word_1_69' title='bbox 1434 1201 1577 1248; x_wconf 89' lang='lat' dir='ltr'><strong>esset</strong></span> <span class='ocrx_word' id='word_1_70' title='bbox 1605 1211 1618 1246; x_wconf 92' lang='lat'><strong><em>:</em></strong></span> <span class='ocrx_word' id='word_1_71' title='bbox 1647 1193 1716 1245; x_wconf 90' lang='lat' dir='ltr'><strong>ita</strong></span> <span class='ocrx_word' id='word_1_72' title='bbox 1745 1191 1894 1244; x_wconf 92' lang='lat' dir='ltr'><strong>multi</strong></span> <span class='ocrx_word' id='word_1_73' title='bbox 1927 1204 2063 1259; x_wconf 84' lang='lat' dir='ltr'><strong>prac-</strong></span> 
     </span>
    </p>
   </div>
   <div class='ocr_carea' id='block_1_11' title="bbox 479 1280 2061 1356">
    <p class='ocr_par' dir='ltr' id='par_1_11' title="bbox 479 1280 2061 1356">
     <span class='ocr_line' id='line_1_11' title="bbox 479 1280 2061 1356; baseline -0.009 -8"><span class='ocrx_word' id='word_1_74' title='bbox 479 1293 730 1348; x_wconf 85' lang='lat' dir='ltr'><strong>destinati</strong></span> <span class='ocrx_word' id='word_1_75' title='bbox 770 1305 975 1356; x_wconf 90' lang='lat' dir='ltr'><strong>sumus,</strong></span> <span class='ocrx_word' id='word_1_76' title='bbox 1019 1298 1075 1342; x_wconf 92' lang='lat' dir='ltr'><strong>ut</strong></span> <span class='ocrx_word' id='word_1_77' title='bbox 1115 1286 1348 1342; x_wconf 87' lang='lat' dir='ltr'><strong>membra</strong></span> <span class='ocrx_word' id='word_1_78' title='bbox 1376 1283 1490 1354; x_wconf 74' lang='lat' dir='ltr'><strong>ejus</strong></span> <span class='ocrx_word' id='word_1_79' title='bbox 1533 1296 1791 1337; x_wconf 88' lang='lat' dir='ltr'><strong>essemus.</strong></span> <span class='ocrx_word' id='word_1_80' title='bbox 1821 1280 2061 1334; x_wconf 84' lang='lat' dir='ltr'><strong>Humana</strong></span> 
     </span>
    </p>
   </div>
   <div class='ocr_carea' id='block_1_12' title="bbox 483 1371 2056 1448">
    <p class='ocr_par' dir='ltr' id='par_1_12' title="bbox 483 1371 2056 1448">
     <span class='ocr_line' id='line_1_12' title="bbox 483 1371 2056 1448; baseline -0.01 -8"><span class='ocrx_word' id='word_1_81' title='bbox 483 1387 568 1441; x_wconf 91' lang='lat' dir='ltr'><strong>hic</strong></span> <span class='ocrx_word' id='word_1_82' title='bbox 595 1386 781 1440; x_wconf 90' lang='lat' dir='ltr'><strong>merita</strong></span> <span class='ocrx_word' id='word_1_83' title='bbox 818 1384 1198 1445; x_wconf 88' lang='lat' dir='ltr'><strong>conticescant,</strong></span> <span class='ocrx_word' id='word_1_84' title='bbox 1244 1393 1359 1448; x_wconf 77' lang='lat' dir='ltr'><strong>qua:</strong></span> <span class='ocrx_word' id='word_1_85' title='bbox 1398 1375 1674 1446; x_wconf 86' lang='lat' dir='ltr'><strong>perierunt</strong></span> <span class='ocrx_word' id='word_1_86' title='bbox 1713 1387 1808 1442; x_wconf 90' lang='lat' dir='ltr'><strong>per</strong></span> <span class='ocrx_word' id='word_1_87' title='bbox 1845 1371 2011 1425; x_wconf 89' lang='lat' dir='ltr'><strong>Adam</strong></span> <span class='ocrx_word' id='word_1_88' title='bbox 2043 1388 2056 1424; x_wconf 93' lang='lat'><strong>:</strong></span> 
     </span>
    </p>
   </div>
   <div class='ocr_carea' id='block_1_13' title="bbox 481 1463 2058 1549">
    <p class='ocr_par' dir='ltr' id='par_1_13' title="bbox 481 1463 2058 1549">
     <span class='ocr_line' id='line_1_13' title="bbox 481 1463 2058 1549; baseline -0.013 -14"><span class='ocrx_word' id='word_1_89' title='bbox 481 1489 536 1534; x_wconf 91' lang='lat' dir='ltr'><strong>ct</strong></span> <span class='ocrx_word' id='word_1_90' title='bbox 563 1486 749 1549; x_wconf 81' lang='lat' dir='ltr'><strong>regnet</strong></span> <span class='ocrx_word' id='word_1_91' title='bbox 774 1493 892 1547; x_wconf 76' lang='lat' dir='ltr'><strong>qua:</strong></span> <span class='ocrx_word' id='word_1_92' title='bbox 919 1482 1104 1544; x_wconf 82' lang='lat' dir='ltr'><strong>regnat</strong></span> <span class='ocrx_word' id='word_1_93' title='bbox 1131 1472 1221 1526; x_wconf 86' lang='lat' dir='ltr'><strong>Dei</strong></span> <span class='ocrx_word' id='word_1_94' title='bbox 1249 1469 1417 1540; x_wconf 85' lang='lat' dir='ltr'><strong>gratia</strong></span> <span class='ocrx_word' id='word_1_95' title='bbox 1449 1483 1544 1537; x_wconf 85' lang='lat' dir='ltr'><strong>per</strong></span> <span class='ocrx_word' id='word_1_96' title='bbox 1568 1466 1748 1521; x_wconf 85' lang='lat' dir='ltr'><strong>Jesum</strong></span> <span class='ocrx_word' id='word_1_97' title='bbox 1786 1463 2058 1518; x_wconf 88' lang='lat' dir='ltr'><strong>Christum</strong></span> 
     </span>
    </p>
   </div>
   <div class='ocr_carea' id='block_1_14' title="bbox 481 1552 2062 1629">
    <p class='ocr_par' dir='ltr' id='par_1_14' title="bbox 481 1552 2062 1629">
     <span class='ocr_line' id='line_1_14' title="bbox 481 1552 2062 1629; baseline -0.012 -5"><span class='ocrx_word' id='word_1_98' title='bbox 481 1570 762 1624; x_wconf 90' lang='lat' dir='ltr'><strong>Dominum</strong></span> <span class='ocrx_word' id='word_1_99' title='bbox 790 1574 1054 1629; x_wconf 89' lang='lat' dir='ltr'><strong>nostrum,</strong></span> <span class='ocrx_word' id='word_1_100' title='bbox 1087 1576 1297 1616; x_wconf 77' lang='lat' dir='ltr'><strong>unicum</strong></span> <span class='ocrx_word' id='word_1_101' title='bbox 1325 1559 1417 1613; x_wconf 90' lang='lat' dir='ltr'><strong>Dei</strong></span> <span class='ocrx_word' id='word_1_102' title='bbox 1449 1557 1662 1623; x_wconf 82' lang='lat' dir='ltr'><strong>Filium,</strong></span> <span class='ocrx_word' id='word_1_103' title='bbox 1696 1570 1858 1608; x_wconf 89' lang='lat' dir='ltr'><strong>unum</strong></span> <span class='ocrx_word' id='word_1_104' title='bbox 1885 1552 2062 1606; x_wconf 84' lang='lat' dir='ltr'><strong>Domi-</strong></span> 
     </span>
    </p>
   </div>
   <div class='ocr_carea' id='block_1_15' title="bbox 480 1645 2061 1727">
    <p class='ocr_par' dir='ltr' id='par_1_15' title="bbox 480 1645 2061 1727">
     <span class='ocr_line' id='line_1_15' title="bbox 480 1645 2061 1727; baseline -0.011 -10"><span class='ocrx_word' id='word_1_105' title='bbox 480 1677 605 1716; x_wconf 89' lang='lat' dir='ltr'><strong>num</strong></span> <span class='ocrx_word' id='word_1_106' title='bbox 636 1662 676 1713; x_wconf 83' lang='grc'><strong>¹.</strong></span> <span class='ocrx_word' id='word_1_107' title='bbox 707 1657 956 1727; x_wconf 85' lang='lat' dir='ltr'><strong>Quisquis</strong></span> <span class='ocrx_word' id='word_1_108' title='bbox 985 1657 1034 1709; x_wconf 91' lang='lat' dir='ltr'><strong>in</strong></span> <span class='ocrx_word' id='word_1_109' title='bbox 1063 1654 1236 1724; x_wconf 86' lang='lat' dir='ltr'><strong>capite</strong></span> <span class='ocrx_word' id='word_1_110' title='bbox 1266 1660 1449 1706; x_wconf 90' lang='lat' dir='ltr'><strong>nostro</strong></span> <span class='ocrx_word' id='word_1_111' title='bbox 1490 1647 1844 1719; x_wconf 87' lang='lat' dir='ltr'><strong>praecedentia</strong></span> <span class='ocrx_word' id='word_1_112' title='bbox 1875 1645 2061 1699; x_wconf 88' lang='lat' dir='ltr'><strong>merita</strong></span> 
     </span>
    </p>
   </div>
   <div class='ocr_carea' id='block_1_16' title="bbox 483 1735 2064 1822">
    <p class='ocr_par' dir='ltr' id='par_1_16' title="bbox 483 1735 2064 1822">
     <span class='ocr_line' id='line_1_16' title="bbox 483 1735 2064 1822; baseline -0.011 -16"><span class='ocrx_word' id='word_1_113' title='bbox 483 1751 766 1822; x_wconf 80' lang='lat' dir='ltr'><strong>singularis</strong></span> <span class='ocrx_word' id='word_1_114' title='bbox 796 1750 939 1804; x_wconf 91' lang='lat' dir='ltr'><strong>illius</strong></span> <span class='ocrx_word' id='word_1_115' title='bbox 970 1745 1332 1818; x_wconf 81' lang='lat' dir='ltr'><strong>generationis</strong></span> <span class='ocrx_word' id='word_1_116' title='bbox 1368 1740 1656 1804; x_wconf 85' lang='lat' dir='ltr'><strong>invenerit,</strong></span> <span class='ocrx_word' id='word_1_117' title='bbox 1686 1739 1799 1806; x_wconf 85' lang='lat' dir='ltr'><strong>ipse</strong></span> <span class='ocrx_word' id='word_1_118' title='bbox 1829 1738 1880 1790; x_wconf 91' lang='lat' dir='ltr'><strong>in</strong></span> <span class='ocrx_word' id='word_1_119' title='bbox 1909 1735 2064 1790; x_wconf 91' lang='lat' dir='ltr'><strong>nobis</strong></span> 
     </span>
    </p>
   </div>
   <div class='ocr_carea' id='block_1_17' title="bbox 479 1832 2062 1912">
    <p class='ocr_par' dir='ltr' id='par_1_17' title="bbox 479 1832 2062 1912">
     <span class='ocr_line' id='line_1_17' title="bbox 479 1832 2062 1912; baseline -0.012 -13"><span class='ocrx_word' id='word_1_120' title='bbox 479 1845 734 1899; x_wconf 88' lang='lat' dir='ltr'><strong>membris</strong></span> <span class='ocrx_word' id='word_1_121' title='bbox 759 1843 874 1912; x_wconf 87' lang='lat' dir='ltr'><strong>ejus</strong></span> <span class='ocrx_word' id='word_1_122' title='bbox 898 1839 1251 1910; x_wconf 69' lang='lat' dir='ltr'><strong>prmeedcntia</strong></span> <span class='ocrx_word' id='word_1_123' title='bbox 1289 1836 1478 1890; x_wconf 90' lang='lat' dir='ltr'><strong>merita</strong></span> <span class='ocrx_word' id='word_1_124' title='bbox 1507 1832 1866 1900; x_wconf 72' lang='lat' dir='ltr'><strong>multiplicata:</strong></span> <span class='ocrx_word' id='word_1_125' title='bbox 1908 1843 2062 1898; x_wconf 79' lang='lat' dir='ltr'><strong>rege-</strong></span> 
     </span>
    </p>
   </div>
   <div class='ocr_carea' id='block_1_18' title="bbox 480 1920 2064 2002">
    <p class='ocr_par' dir='ltr' id='par_1_18' title="bbox 480 1920 2064 2002">
     <span class='ocr_line' id='line_1_18' title="bbox 480 1920 2064 2002; baseline -0.011 -11"><span class='ocrx_word' id='word_1_126' title='bbox 480 1936 771 1990; x_wconf 90' lang='lat' dir='ltr'><strong>nerationis</strong></span> <span class='ocrx_word' id='word_1_127' title='bbox 798 1933 1045 2002; x_wconf 84' lang='lat' dir='ltr'><strong>inquirat.</strong></span> <span class='ocrx_word' id='word_1_128' title='bbox 1081 1930 1260 1999; x_wconf 84' lang='lat' dir='ltr'><strong>Neque</strong></span> <span class='ocrx_word' id='word_1_129' title='bbox 1285 1929 1427 1982; x_wconf 90' lang='lat' dir='ltr'><strong>enim</strong></span> <span class='ocrx_word' id='word_1_130' title='bbox 1453 1924 1710 1980; x_wconf 90' lang='lat' dir='ltr'><strong>retributa</strong></span> <span class='ocrx_word' id='word_1_131' title='bbox 1740 1931 1822 1976; x_wconf 86' lang='lat' dir='ltr'><strong>est</strong></span> <span class='ocrx_word' id='word_1_132' title='bbox 1851 1920 2064 1974; x_wconf 89' lang='lat' dir='ltr'><strong>Christo</strong></span> 
     </span>
    </p>
   </div>
   <div class='ocr_carea' id='block_1_19' title="bbox 481 2009 2068 2095">
    <p class='ocr_par' dir='ltr' id='par_1_19' title="bbox 481 2009 2068 2095">
     <span class='ocr_line' id='line_1_19' title="bbox 481 2009 2068 2095; baseline -0.012 -15"><span class='ocrx_word' id='word_1_133' title='bbox 481 2027 573 2080; x_wconf 86' lang='lat' dir='ltr'><strong>illa</strong></span> <span class='ocrx_word' id='word_1_134' title='bbox 604 2025 898 2095; x_wconf 79' lang='lat' dir='ltr'><strong>generatio,</strong></span> <span class='ocrx_word' id='word_1_135' title='bbox 927 2022 1020 2076; x_wconf 92' lang='lat' dir='ltr'><strong>sed</strong></span> <span class='ocrx_word' id='word_1_136' title='bbox 1049 2021 1262 2085; x_wconf 89' lang='lat' dir='ltr'><strong>tributa,</strong></span> <span class='ocrx_word' id='word_1_137' title='bbox 1293 2026 1348 2071; x_wconf 93' lang='lat' dir='ltr'><strong>ut</strong></span> <span class='ocrx_word' id='word_1_138' title='bbox 1373 2017 1578 2070; x_wconf 86' lang='lat' dir='ltr'><strong>alienus</strong></span> <span class='ocrx_word' id='word_1_139' title='bbox 1600 2014 1667 2066; x_wconf 90' lang='lat' dir='ltr'><strong>ab</strong></span> <span class='ocrx_word' id='word_1_140' title='bbox 1692 2011 1835 2066; x_wconf 88' lang='lat' dir='ltr'><strong>omni</strong></span> <span class='ocrx_word' id='word_1_141' title='bbox 1867 2009 2068 2078; x_wconf 78' lang='lat' dir='ltr'><strong>obliga-</strong></span> 
     </span>
    </p>
   </div>
   <div class='ocr_carea' id='block_1_20' title="bbox 483 2102 2065 2186">
    <p class='ocr_par' dir='ltr' id='par_1_20' title="bbox 483 2102 2065 2186">
     <span class='ocr_line' id='line_1_20' title="bbox 483 2102 2065 2186; baseline -0.009 -14"><span class='ocrx_word' id='word_1_142' title='bbox 483 2118 625 2172; x_wconf 87' lang='lat' dir='ltr'><strong>tione</strong></span> <span class='ocrx_word' id='word_1_143' title='bbox 653 2115 886 2186; x_wconf 84' lang='lat' dir='ltr'><strong>peccati,</strong></span> <span class='ocrx_word' id='word_1_144' title='bbox 929 2113 997 2168; x_wconf 89' lang='lat' dir='ltr'><strong>de</strong></span> <span class='ocrx_word' id='word_1_145' title='bbox 1032 2111 1232 2181; x_wconf 89' lang='lat' dir='ltr'><strong>Spiritu</strong></span> <span class='ocrx_word' id='word_1_146' title='bbox 1271 2117 1325 2163; x_wconf 89' lang='lat' dir='ltr'><strong>et</strong></span> <span class='ocrx_word' id='word_1_147' title='bbox 1350 2107 1568 2176; x_wconf 78' lang='lat' dir='ltr'><strong>Virgine</strong></span> <span class='ocrx_word' id='word_1_148' title='bbox 1607 2114 1934 2160; x_wconf 89' lang='lat' dir='ltr'><strong>nasceretur.</strong></span> <span class='ocrx_word' id='word_1_149' title='bbox 1977 2102 2065 2158; x_wconf 90' lang='lat' dir='ltr'><strong>Sic</strong></span> 
     </span>
    </p>
   </div>
   <div class='ocr_carea' id='block_1_21' title="bbox 482 2199 2066 2272">
    <p class='ocr_par' dir='ltr' id='par_1_21' title="bbox 482 2199 2066 2272">
     <span class='ocr_line' id='line_1_21' title="bbox 482 2199 2066 2272; baseline -0.011 -10"><span class='ocrx_word' id='word_1_150' title='bbox 482 2217 536 2262; x_wconf 90' lang='lat' dir='ltr'><strong>et</strong></span> <span class='ocrx_word' id='word_1_151' title='bbox 566 2206 717 2261; x_wconf 88' lang='lat' dir='ltr'><strong>nobis</strong></span> <span class='ocrx_word' id='word_1_152' title='bbox 745 2214 804 2259; x_wconf 90' lang='lat' dir='ltr'><strong>ut</strong></span> <span class='ocrx_word' id='word_1_153' title='bbox 831 2219 897 2258; x_wconf 86' lang='lat' dir='ltr'><strong>ex</strong></span> <span class='ocrx_word' id='word_1_154' title='bbox 922 2218 1056 2272; x_wconf 88' lang='lat' dir='ltr'><strong>aqua</strong></span> <span class='ocrx_word' id='word_1_155' title='bbox 1085 2210 1138 2254; x_wconf 91' lang='lat' dir='ltr'><strong>et</strong></span> <span class='ocrx_word' id='word_1_156' title='bbox 1167 2199 1368 2269; x_wconf 88' lang='lat' dir='ltr'><strong>Spiritu</strong></span> <span class='ocrx_word' id='word_1_157' title='bbox 1395 2210 1821 2259; x_wconf 89' lang='lat' dir='ltr'><strong>renasceremur,</strong></span> <span class='ocrx_word' id='word_1_158' title='bbox 1851 2207 1956 2247; x_wconf 90' lang='lat' dir='ltr'><strong>non</strong></span> <span class='ocrx_word' id='word_1_159' title='bbox 1986 2206 2066 2246; x_wconf 87' lang='lat' dir='ltr'><strong>re-</strong></span> 
     </span>
    </p>
   </div>
   <div class='ocr_carea' id='block_1_22' title="bbox 482 2287 2058 2365">
    <p class='ocr_par' dir='ltr' id='par_1_22' title="bbox 482 2287 2058 2365">
     <span class='ocr_line' id='line_1_22' title="bbox 482 2287 2058 2365; baseline -0.011 -11"><span class='ocrx_word' id='word_1_160' title='bbox 482 2299 736 2354; x_wconf 91' lang='lat' dir='ltr'><strong>tributum</strong></span> <span class='ocrx_word' id='word_1_161' title='bbox 765 2305 847 2352; x_wconf 91' lang='lat' dir='ltr'><strong>est</strong></span> <span class='ocrx_word' id='word_1_162' title='bbox 878 2311 973 2365; x_wconf 92' lang='lat' dir='ltr'><strong>pro</strong></span> <span class='ocrx_word' id='word_1_163' title='bbox 998 2294 1176 2363; x_wconf 88' lang='lat' dir='ltr'><strong>aliquo</strong></span> <span class='ocrx_word' id='word_1_164' title='bbox 1205 2293 1416 2354; x_wconf 91' lang='lat' dir='ltr'><strong>merito,</strong></span> <span class='ocrx_word' id='word_1_165' title='bbox 1446 2288 1539 2343; x_wconf 92' lang='lat' dir='ltr'><strong>sed</strong></span> <span class='ocrx_word' id='word_1_166' title='bbox 1566 2287 1731 2358; x_wconf 80' lang='lat' dir='ltr'><strong>gratis</strong></span> <span class='ocrx_word' id='word_1_167' title='bbox 1758 2287 2009 2340; x_wconf 90' lang='lat' dir='ltr'><strong>tributum</strong></span> <span class='ocrx_word' id='word_1_168' title='bbox 2043 2302 2058 2338; x_wconf 89' lang='lat'><strong>:</strong></span> 
     </span>
    </p>
   </div>
   <div class='ocr_carea' id='block_1_23' title="bbox 479 2377 2062 2452">
    <p class='ocr_par' dir='ltr' id='par_1_23' title="bbox 479 2377 2062 2452">
     <span class='ocr_line' id='line_1_23' title="bbox 479 2377 2062 2452; baseline -0.008 -9"><span class='ocrx_word' id='word_1_169' title='bbox 479 2397 534 2443; x_wconf 91' lang='lat' dir='ltr'><strong>et</strong></span> <span class='ocrx_word' id='word_1_170' title='bbox 562 2389 606 2444; x_wconf 91' lang='lat' dir='ltr'><strong>si</strong></span> <span class='ocrx_word' id='word_1_171' title='bbox 638 2403 734 2442; x_wconf 94' lang='lat' dir='ltr'><strong>nos</strong></span> <span class='ocrx_word' id='word_1_172' title='bbox 763 2387 826 2441; x_wconf 91' lang='lat' dir='ltr'><strong>ad</strong></span> <span class='ocrx_word' id='word_1_173' title='bbox 856 2387 1122 2440; x_wconf 89' lang='lat' dir='ltr'><strong>lavacrum</strong></span> <span class='ocrx_word' id='word_1_174' title='bbox 1148 2380 1566 2452; x_wconf 86' lang='lat' dir='ltr'><strong>regenerationis</strong></span> <span class='ocrx_word' id='word_1_175' title='bbox 1593 2377 1726 2432; x_wconf 87' lang='lat' dir='ltr'><strong>ﬁdes</strong></span> <span class='ocrx_word' id='word_1_176' title='bbox 1752 2377 1922 2442; x_wconf 78' lang='lat' dir='ltr'><strong>duxit,</strong></span> <span class='ocrx_word' id='word_1_177' title='bbox 1954 2390 2062 2430; x_wconf 89' lang='lat' dir='ltr'><strong>non</strong></span> 
     </span>
    </p>
   </div>
   <div class='ocr_carea' id='block_1_24' title="bbox 479 2468 2064 2551">
    <p class='ocr_par' dir='ltr' id='par_1_24' title="bbox 479 2468 2064 2551">
     <span class='ocr_line' id='line_1_24' title="bbox 479 2468 2064 2551; baseline -0.009 -16"><span class='ocrx_word' id='word_1_178' title='bbox 479 2481 598 2535; x_wconf 88' lang='lat' dir='ltr'><strong>ideo</strong></span> <span class='ocrx_word' id='word_1_179' title='bbox 627 2490 814 2551; x_wconf 87' lang='lat' dir='ltr'><strong>putare</strong></span> <span class='ocrx_word' id='word_1_180' title='bbox 842 2478 1119 2542; x_wconf 85' lang='lat' dir='ltr'><strong>debemus,</strong></span> <span class='ocrx_word' id='word_1_181' title='bbox 1151 2477 1354 2544; x_wconf 90' lang='lat' dir='ltr'><strong>priores</strong></span> <span class='ocrx_word' id='word_1_182' title='bbox 1376 2488 1473 2527; x_wconf 91' lang='lat' dir='ltr'><strong>nos</strong></span> <span class='ocrx_word' id='word_1_183' title='bbox 1519 2471 1731 2526; x_wconf 88' lang='lat' dir='ltr'><strong>dedisse</strong></span> <span class='ocrx_word' id='word_1_184' title='bbox 1755 2468 1975 2538; x_wconf 89' lang='lat' dir='ltr'><strong>aliquid,</strong></span> <span class='ocrx_word' id='word_1_185' title='bbox 2006 2475 2064 2521; x_wconf 94' lang='lat' dir='ltr'><strong>ut</strong></span> 
     </span>
    </p>
   </div>
   <div class='ocr_carea' id='block_1_25' title="bbox 480 2559 2061 2635">
    <p class='ocr_par' dir='ltr' id='par_1_25' title="bbox 480 2559 2061 2635">
     <span class='ocr_line' id='line_1_25' title="bbox 480 2559 2061 2635; baseline -0.009 -9"><span class='ocrx_word' id='word_1_186' title='bbox 480 2572 862 2626; x_wconf 90' lang='lat' dir='ltr'><strong>retribueretur</strong></span> <span class='ocrx_word' id='word_1_187' title='bbox 891 2567 1044 2622; x_wconf 90' lang='lat' dir='ltr'><strong>nobis</strong></span> <span class='ocrx_word' id='word_1_188' title='bbox 1071 2565 1404 2635; x_wconf 86' lang='lat' dir='ltr'><strong>regeneratio</strong></span> <span class='ocrx_word' id='word_1_189' title='bbox 1430 2561 1709 2624; x_wconf 80' lang='lat' dir='ltr'><strong>salutaris;</strong></span> <span class='ocrx_word' id='word_1_190' title='bbox 1743 2559 1832 2612; x_wconf 91' lang='lat' dir='ltr'><strong>ille</strong></span> <span class='ocrx_word' id='word_1_191' title='bbox 1867 2559 2061 2627; x_wconf 87' lang='lat' dir='ltr'><strong>quippe</strong></span> 
     </span>
    </p>
   </div>
   <div class='ocr_carea' id='block_1_26' title="bbox 481 2652 2059 2724">
    <p class='ocr_par' dir='ltr' id='par_1_26' title="bbox 481 2652 2059 2724">
     <span class='ocr_line' id='line_1_26' title="bbox 481 2652 2059 2724; baseline -0.008 -7"><span class='ocrx_word' id='word_1_192' title='bbox 481 2678 578 2717; x_wconf 92' lang='lat' dir='ltr'><strong>nos</strong></span> <span class='ocrx_word' id='word_1_193' title='bbox 606 2663 729 2717; x_wconf 87' lang='lat' dir='ltr'><strong>fecit</strong></span> <span class='ocrx_word' id='word_1_194' title='bbox 753 2655 971 2716; x_wconf 84' lang='lat' dir='ltr'><strong>credere</strong></span> <span class='ocrx_word' id='word_1_195' title='bbox 993 2661 1043 2713; x_wconf 90' lang='lat' dir='ltr'><strong>in</strong></span> <span class='ocrx_word' id='word_1_196' title='bbox 1065 2656 1354 2717; x_wconf 87' lang='lat' dir='ltr'><strong>Christum,</strong></span> <span class='ocrx_word' id='word_1_197' title='bbox 1384 2655 1474 2724; x_wconf 89' lang='lat' dir='ltr'><strong>qui</strong></span> <span class='ocrx_word' id='word_1_198' title='bbox 1498 2654 1649 2708; x_wconf 90' lang='lat' dir='ltr'><strong>nobis</strong></span> <span class='ocrx_word' id='word_1_199' title='bbox 1674 2652 1799 2706; x_wconf 90' lang='lat' dir='ltr'><strong>fecit</strong></span> <span class='ocrx_word' id='word_1_200' title='bbox 1826 2652 1878 2705; x_wconf 92' lang='lat' dir='ltr'><strong>in</strong></span> <span class='ocrx_word' id='word_1_201' title='bbox 1903 2666 2059 2720; x_wconf 89' lang='lat' dir='ltr'><strong>quem</strong></span> 
     </span>
    </p>
   </div>
   <div class='ocr_carea' id='block_1_27' title="bbox 479 2739 2060 2813">
    <p class='ocr_par' dir='ltr' id='par_1_27' title="bbox 479 2739 2060 2813">
     <span class='ocr_line' id='line_1_27' title="bbox 479 2739 2060 2813; baseline -0.009 -6"><span class='ocrx_word' id='word_1_202' title='bbox 479 2752 749 2807; x_wconf 88' lang='lat' dir='ltr'><strong>credimus</strong></span> <span class='ocrx_word' id='word_1_203' title='bbox 789 2748 1097 2813; x_wconf 87' lang='lat' dir='ltr'><strong>Christum;</strong></span> <span class='ocrx_word' id='word_1_204' title='bbox 1139 2747 1229 2801; x_wconf 93' lang='lat' dir='ltr'><strong>ille</strong></span> <span class='ocrx_word' id='word_1_205' title='bbox 1268 2745 1393 2799; x_wconf 92' lang='lat' dir='ltr'><strong>facit</strong></span> <span class='ocrx_word' id='word_1_206' title='bbox 1436 2747 1487 2797; x_wconf 95' lang='lat' dir='ltr'><strong>in</strong></span> <span class='ocrx_word' id='word_1_207' title='bbox 1519 2741 1822 2796; x_wconf 89' lang='lat' dir='ltr'><strong>hominibus</strong></span> <span class='ocrx_word' id='word_1_208' title='bbox 1859 2739 2060 2810; x_wconf 87' lang='lat' dir='ltr'><strong>princi-</strong></span> 
     </span>
    </p>
   </div>
   <div class='ocr_carea' id='block_1_28' title="bbox 478 2830 2060 2912">
    <p class='ocr_par' dir='ltr' id='par_1_28' title="bbox 478 2830 2060 2912">
     <span class='ocr_line' id='line_1_28' title="bbox 478 2830 2060 2912; baseline -0.008 -16"><span class='ocrx_word' id='word_1_209' title='bbox 478 2847 624 2912; x_wconf 87' lang='lat' dir='ltr'><strong>pium</strong></span> <span class='ocrx_word' id='word_1_210' title='bbox 654 2841 773 2895; x_wconf 89' lang='lat' dir='ltr'><strong>ﬁdei</strong></span> <span class='ocrx_word' id='word_1_211' title='bbox 799 2848 853 2894; x_wconf 91' lang='lat' dir='ltr'><strong>et</strong></span> <span class='ocrx_word' id='word_1_212' title='bbox 877 2838 1258 2908; x_wconf 78' lang='lat' dir='ltr'><strong>perfectionem</strong></span> <span class='ocrx_word' id='word_1_213' title='bbox 1293 2837 1343 2889; x_wconf 94' lang='lat' dir='ltr'><strong>in</strong></span> <span class='ocrx_word' id='word_1_214' title='bbox 1375 2834 1578 2896; x_wconf 83' lang='lat' dir='ltr'><strong>Jcsnm,</strong></span> <span class='ocrx_word' id='word_1_215' title='bbox 1610 2833 1698 2901; x_wconf 86' lang='lat' dir='ltr'><strong>qui</strong></span> <span class='ocrx_word' id='word_1_216' title='bbox 1729 2831 1851 2887; x_wconf 89' lang='lat' dir='ltr'><strong>fecit</strong></span> <span class='ocrx_word' id='word_1_217' title='bbox 1882 2830 2060 2884; x_wconf 82' lang='lat' dir='ltr'><strong>homi-</strong></span> 
     </span>
    </p>
   </div>
   <div class='ocr_carea' id='block_1_29' title="bbox 478 2921 2060 3000">
    <p class='ocr_par' dir='ltr' id='par_1_29' title="bbox 478 2921 2060 3000">
     <span class='ocr_line' id='line_1_29' title="bbox 478 2921 2060 3000; baseline -0.007 -15"><span class='ocrx_word' id='word_1_218' title='bbox 478 2947 599 2987; x_wconf 90' lang='lat' dir='ltr'><strong>nem</strong></span> <span class='ocrx_word' id='word_1_219' title='bbox 628 2931 922 3000; x_wconf 89' lang='lat' dir='ltr'><strong>principem</strong></span> <span class='ocrx_word' id='word_1_220' title='bbox 952 2927 1073 2983; x_wconf 86' lang='lat' dir='ltr'><strong>ﬁdei</strong></span> <span class='ocrx_word' id='word_1_221' title='bbox 1101 2936 1155 2981; x_wconf 91' lang='lat' dir='ltr'><strong>ct</strong></span> <span class='ocrx_word' id='word_1_222' title='bbox 1181 2925 1534 2996; x_wconf 82' lang='lat' dir='ltr'><strong>perfectorem</strong></span> <span class='ocrx_word' id='word_1_223' title='bbox 1565 2923 1746 2978; x_wconf 86' lang='lat' dir='ltr'><strong>Jesum</strong></span> <span class='ocrx_word' id='word_1_224' title='bbox 1778 2941 1791 2976; x_wconf 90' lang='lat'><strong>:</strong></span> <span class='ocrx_word' id='word_1_225' title='bbox 1817 2922 1893 2976; x_wconf 92' lang='lat' dir='ltr'><strong>sic</strong></span> <span class='ocrx_word' id='word_1_226' title='bbox 1919 2921 2060 2975; x_wconf 80' lang='lat' dir='ltr'><strong>enim</strong></span> 
     </span>
    </p>
   </div>
   <div class='ocr_carea' id='block_1_30' title="bbox 478 3013 2063 3091">
    <p class='ocr_par' dir='ltr' id='par_1_30' title="bbox 478 3013 2063 3091">
     <span class='ocr_line' id='line_1_30' title="bbox 478 3013 2063 3091; baseline -0.006 -13"><span class='ocrx_word' id='word_1_227' title='bbox 478 3031 562 3078; x_wconf 87' lang='lat' dir='ltr'><strong>est</strong></span> <span class='ocrx_word' id='word_1_228' title='bbox 590 3021 909 3091; x_wconf 90' lang='lat' dir='ltr'><strong>appellatus,</strong></span> <span class='ocrx_word' id='word_1_229' title='bbox 957 3029 1013 3074; x_wconf 91' lang='lat' dir='ltr'><strong>ut</strong></span> <span class='ocrx_word' id='word_1_230' title='bbox 1050 3017 1220 3084; x_wconf 88' lang='lat' dir='ltr'><strong>scitis,</strong></span> <span class='ocrx_word' id='word_1_231' title='bbox 1262 3017 1314 3071; x_wconf 94' lang='lat' dir='ltr'><strong>in</strong></span> <span class='ocrx_word' id='word_1_232' title='bbox 1340 3015 1581 3085; x_wconf 88' lang='lat' dir='ltr'><strong>Epistola</strong></span> <span class='ocrx_word' id='word_1_233' title='bbox 1608 3029 1726 3084; x_wconf 78' lang='lat' dir='ltr'><strong>qua:</strong></span> <span class='ocrx_word' id='word_1_234' title='bbox 1752 3021 1835 3069; x_wconf 90' lang='lat' dir='ltr'><strong>est</strong></span> <span class='ocrx_word' id='word_1_235' title='bbox 1863 3013 1930 3067; x_wconf 91' lang='lat' dir='ltr'><strong>ad</strong></span> <span class='ocrx_word' id='word_1_236' title='bbox 1961 3013 2063 3068; x_wconf 86' lang='lat' dir='ltr'><strong>Ile-</strong></span> 
     </span>
    </p>
   </div>
   <div class='ocr_carea' id='block_1_31' title="bbox 477 3107 1107 3182">
    <p class='ocr_par' dir='ltr' id='par_1_31' title="bbox 477 3107 1107 3182">
     <span class='ocr_line' id='line_1_31' title="bbox 477 3107 1107 3182; baseline -0.011 -15"><span class='ocrx_word' id='word_1_237' title='bbox 477 3112 651 3167; x_wconf 70' lang='lat' dir='ltr'><strong>brmos</strong></span> <span class='ocrx_word' id='word_1_238' title='bbox 679 3109 860 3182; x_wconf 85' lang='lat' dir='ltr'><strong>(Hebr.</strong></span> <span class='ocrx_word' id='word_1_239' title='bbox 891 3125 993 3173; x_wconf 83' lang='lat' dir='ltr'><strong>xu,</strong></span> <span class='ocrx_word' id='word_1_240' title='bbox 1024 3107 1107 3179; x_wconf 71' lang='lat'><strong>2).</strong></span> 
     </span>
    </p>
   </div>
   <div class='ocr_carea' id='block_1_32' title="bbox 549 3192 2063 3263">
    <p class='ocr_par' dir='ltr' id='par_1_32' title="bbox 549 3192 2063 3263">
     <span class='ocr_line' id='line_1_32' title="bbox 549 3192 2063 3263; baseline -0.005 -10"><span class='ocrx_word' id='word_1_241' title='bbox 549 3199 774 3255; x_wconf 81' lang='lat' dir='ltr'><strong>CAPUT</strong></span> <span class='ocrx_word' id='word_1_242' title='bbox 813 3198 950 3254; x_wconf 82' lang='lat' dir='ltr'><strong>XVI.</strong></span> <span class='ocrx_word' id='word_1_243' title='bbox 979 3227 1052 3238; x_wconf 92' lang='lat'>—</span> <span class='ocrx_word' id='word_1_244' title='bbox 1089 3195 1179 3252; x_wconf 76' lang='lat'><strong>3&#39;2.</strong></span> <span class='ocrx_word' id='word_1_245' title='bbox 1224 3195 1391 3252; x_wconf 84' lang='lat' dir='ltr'><strong>Vocat</strong></span> <span class='ocrx_word' id='word_1_246' title='bbox 1431 3194 1573 3250; x_wconf 90' lang='lat' dir='ltr'><strong>enim</strong></span> <span class='ocrx_word' id='word_1_247' title='bbox 1613 3194 1752 3249; x_wconf 89' lang='lat' dir='ltr'><strong>Deus</strong></span> <span class='ocrx_word' id='word_1_248' title='bbox 1789 3192 2063 3263; x_wconf 67' lang='lat' dir='ltr'><strong>prazdesti-</strong></span> 
     </span>
    </p>
   </div>
   <div class='ocr_carea' id='block_1_33' title="bbox 476 3285 2058 3355">
    <p class='ocr_par' dir='ltr' id='par_1_33' title="bbox 476 3285 2058 3355">
     <span class='ocr_line' id='line_1_33' title="bbox 476 3285 2058 3355; baseline -0.004 -9"><span class='ocrx_word' id='word_1_249' title='bbox 476 3299 633 3346; x_wconf 89' lang='lat' dir='ltr'><strong>natos</strong></span> <span class='ocrx_word' id='word_1_250' title='bbox 662 3290 856 3345; x_wconf 90' lang='lat' dir='ltr'><strong>multos</strong></span> <span class='ocrx_word' id='word_1_251' title='bbox 885 3289 1024 3344; x_wconf 89' lang='lat' dir='ltr'><strong>ﬁlios</strong></span> <span class='ocrx_word' id='word_1_252' title='bbox 1059 3301 1221 3355; x_wconf 90' lang='lat' dir='ltr'><strong>suos,</strong></span> <span class='ocrx_word' id='word_1_253' title='bbox 1255 3295 1312 3341; x_wconf 91' lang='lat' dir='ltr'><strong>ut</strong></span> <span class='ocrx_word' id='word_1_254' title='bbox 1343 3301 1436 3341; x_wconf 92' lang='lat' dir='ltr'><strong>eos</strong></span> <span class='ocrx_word' id='word_1_255' title='bbox 1466 3285 1622 3340; x_wconf 83' lang='lat' dir='ltr'><strong>faciat</strong></span> <span class='ocrx_word' id='word_1_256' title='bbox 1651 3286 1888 3340; x_wconf 90' lang='lat' dir='ltr'><strong>membra</strong></span> <span class='ocrx_word' id='word_1_257' title='bbox 1913 3300 2058 3354; x_wconf 84' lang='lat' dir='ltr'><strong>prae-</strong></span> 
     </span>
    </p>
   </div>
   <div class='ocr_carea' id='block_1_34' title="bbox 477 3377 2060 3447">
    <p class='ocr_par' dir='ltr' id='par_1_34' title="bbox 477 3377 2060 3447">
     <span class='ocr_line' id='line_1_34' title="bbox 477 3377 2060 3447; baseline -0.004 -9"><span class='ocrx_word' id='word_1_258' title='bbox 477 3383 729 3438; x_wconf 87' lang='lat' dir='ltr'><strong>destinati</strong></span> <span class='ocrx_word' id='word_1_259' title='bbox 761 3381 904 3437; x_wconf 90' lang='lat' dir='ltr'><strong>unici</strong></span> <span class='ocrx_word' id='word_1_260' title='bbox 932 3381 1051 3434; x_wconf 91' lang='lat' dir='ltr'><strong>Filii</strong></span> <span class='ocrx_word' id='word_1_261' title='bbox 1084 3380 1188 3445; x_wconf 91' lang='lat' dir='ltr'><strong>sui,</strong></span> <span class='ocrx_word' id='word_1_262' title='bbox 1220 3393 1326 3433; x_wconf 91' lang='lat' dir='ltr'><strong>non</strong></span> <span class='ocrx_word' id='word_1_263' title='bbox 1363 3394 1424 3434; x_wconf 88' lang='lat' dir='ltr'><strong>ea</strong></span> <span class='ocrx_word' id='word_1_264' title='bbox 1451 3378 1734 3433; x_wconf 86' lang='lat' dir='ltr'><strong>vocatione</strong></span> <span class='ocrx_word' id='word_1_265' title='bbox 1756 3393 1858 3447; x_wconf 90' lang='lat' dir='ltr'><strong>qua</strong></span> <span class='ocrx_word' id='word_1_266' title='bbox 1885 3377 2060 3431; x_wconf 85' lang='lat' dir='ltr'><strong>vocati</strong></span> 
     </span>
    </p>
   </div>
   <div class='ocr_carea' id='block_1_35' title="bbox 479 3468 2058 3543">
    <p class='ocr_par' dir='ltr' id='par_1_35' title="bbox 479 3468 2058 3543">
     <span class='ocr_line' id='line_1_35' title="bbox 479 3468 2058 3543; baseline -0.004 -15"><span class='ocrx_word' id='word_1_267' title='bbox 479 3484 603 3528; x_wconf 88' lang='lat' dir='ltr'><strong>sunt</strong></span> <span class='ocrx_word' id='word_1_268' title='bbox 635 3481 690 3528; x_wconf 90' lang='lat' dir='ltr'><strong>et</strong></span> <span class='ocrx_word' id='word_1_269' title='bbox 713 3473 805 3543; x_wconf 87' lang='lat' dir='ltr'><strong>qui</strong></span> <span class='ocrx_word' id='word_1_270' title='bbox 836 3472 1122 3527; x_wconf 89' lang='lat' dir='ltr'><strong>noluerunt</strong></span> <span class='ocrx_word' id='word_1_271' title='bbox 1161 3471 1343 3525; x_wconf 91' lang='lat' dir='ltr'><strong>venire</strong></span> <span class='ocrx_word' id='word_1_272' title='bbox 1381 3469 1446 3524; x_wconf 91' lang='lat' dir='ltr'><strong>ad</strong></span> <span class='ocrx_word' id='word_1_273' title='bbox 1480 3470 1692 3539; x_wconf 88' lang='lat' dir='ltr'><strong>nuptias</strong></span> <span class='ocrx_word' id='word_1_274' title='bbox 1735 3468 1887 3540; x_wconf 85' lang='lat' dir='ltr'><strong>(Luc.</strong></span> <span class='ocrx_word' id='word_1_275' title='bbox 1937 3482 2058 3534; x_wconf 82' lang='lat' dir='ltr'><strong>\‘tv,</strong></span> 
     </span>
    </p>
   </div>
   <div class='ocr_carea' id='block_1_36' title="bbox 481 3560 2057 3634">
    <p class='ocr_par' dir='ltr' id='par_1_36' title="bbox 481 3560 2057 3634">
     <span class='ocr_line' id='line_1_36' title="bbox 481 3560 2057 3634; baseline -0.004 -15"><span class='ocrx_word' id='word_1_276' title='bbox 481 3563 697 3634; x_wconf 71' lang='lat'><strong>46-20);</strong></span> <span class='ocrx_word' id='word_1_277' title='bbox 738 3565 825 3619; x_wconf 89' lang='lat' dir='ltr'><strong>illa</strong></span> <span class='ocrx_word' id='word_1_278' title='bbox 865 3564 1059 3634; x_wconf 79' lang='lat' dir='ltr'><strong>quippe</strong></span> <span class='ocrx_word' id='word_1_279' title='bbox 1099 3562 1377 3616; x_wconf 87' lang='lat' dir='ltr'><strong>vocatione</strong></span> <span class='ocrx_word' id='word_1_280' title='bbox 1412 3571 1466 3615; x_wconf 91' lang='lat' dir='ltr'><strong>ct</strong></span> <span class='ocrx_word' id='word_1_281' title='bbox 1497 3560 1666 3615; x_wconf 63' lang='lat' dir='ltr'><strong>Judaei</strong></span> <span class='ocrx_word' id='word_1_282' title='bbox 1694 3561 1863 3614; x_wconf 79' lang='lat' dir='ltr'><strong>vocati</strong></span> <span class='ocrx_word' id='word_1_283' title='bbox 1903 3569 2057 3626; x_wconf 90' lang='lat' dir='ltr'><strong>sunt,</strong></span> 
     </span>
    </p>
   </div>
   <div class='ocr_carea' id='block_1_37' title="bbox 481 3651 2056 3724">
    <p class='ocr_par' dir='ltr' id='par_1_37' title="bbox 481 3651 2056 3724">
     <span class='ocr_line' id='line_1_37' title="bbox 481 3651 2056 3724; baseline -0.003 -16"><span class='ocrx_word' id='word_1_284' title='bbox 481 3656 672 3724; x_wconf 87' lang='lat' dir='ltr'><strong>quibus</strong></span> <span class='ocrx_word' id='word_1_285' title='bbox 690 3655 934 3709; x_wconf 87' lang='lat' dir='ltr'><strong>Christus</strong></span> <span class='ocrx_word' id='word_1_286' title='bbox 955 3653 1240 3709; x_wconf 82' lang='lat' dir='ltr'><strong>cruciﬁxus</strong></span> <span class='ocrx_word' id='word_1_287' title='bbox 1265 3652 1572 3707; x_wconf 89' lang='lat' dir='ltr'><strong>scandalum</strong></span> <span class='ocrx_word' id='word_1_288' title='bbox 1595 3660 1676 3706; x_wconf 89' lang='lat' dir='ltr'><strong>est</strong></span> <span class='ocrx_word' id='word_1_289' title='bbox 1697 3668 1712 3718; x_wconf 91' lang='lat'><strong>;</strong></span> <span class='ocrx_word' id='word_1_290' title='bbox 1737 3660 1792 3707; x_wconf 92' lang='lat' dir='ltr'><strong>et</strong></span> <span class='ocrx_word' id='word_1_291' title='bbox 1823 3651 2020 3707; x_wconf 85' lang='lat' dir='ltr'><strong>Gentes</strong></span> <span class='ocrx_word' id='word_1_292' title='bbox 2040 3691 2056 3716; x_wconf 96' lang='lat'><strong>,</strong></span> 
     </span>
    </p>
   </div>
   <div class='ocr_carea' id='block_1_38' title="bbox 481 3744 2061 3818">
    <p class='ocr_par' dir='ltr' id='par_1_38' title="bbox 481 3744 2061 3818">
     <span class='ocr_line' id='line_1_38' title="bbox 481 3744 2061 3818; baseline -0.003 -17"><span class='ocrx_word' id='word_1_293' title='bbox 481 3749 672 3818; x_wconf 89' lang='lat' dir='ltr'><strong>quibus</strong></span> <span class='ocrx_word' id='word_1_294' title='bbox 699 3747 984 3802; x_wconf 76' lang='lat' dir='ltr'><strong>cruciﬁxus</strong></span> <span class='ocrx_word' id='word_1_295' title='bbox 1010 3747 1230 3802; x_wconf 89' lang='lat' dir='ltr'><strong>stultitia</strong></span> <span class='ocrx_word' id='word_1_296' title='bbox 1257 3756 1340 3799; x_wconf 91' lang='lat' dir='ltr'><strong>est</strong></span> <span class='ocrx_word' id='word_1_297' title='bbox 1373 3764 1383 3798; x_wconf 95' lang='lat'>:</span> <span class='ocrx_word' id='word_1_298' title='bbox 1416 3744 1511 3800; x_wconf 90' lang='lat' dir='ltr'><strong>sed</strong></span> <span class='ocrx_word' id='word_1_299' title='bbox 1535 3760 1597 3800; x_wconf 90' lang='lat' dir='ltr'><strong>ea</strong></span> <span class='ocrx_word' id='word_1_300' title='bbox 1625 3745 1901 3799; x_wconf 87' lang='lat' dir='ltr'><strong>vocatione</strong></span> <span class='ocrx_word' id='word_1_301' title='bbox 1926 3758 2061 3812; x_wconf 65' lang='lat' dir='ltr'><strong>pra:-</strong></span> 
     </span>
    </p>
   </div>
   <div class='ocr_carea' id='block_1_39' title="bbox 486 3833 2055 3906">
    <p class='ocr_par' dir='ltr' id='par_1_39' title="bbox 486 3833 2055 3906">
     <span class='ocr_line' id='line_1_39' title="bbox 486 3833 2055 3906; baseline -0.004 -14"><span class='ocrx_word' id='word_1_302' title='bbox 486 3839 780 3892; x_wconf 88' lang='lat' dir='ltr'><strong>deslinatos</strong></span> <span class='ocrx_word' id='word_1_303' title='bbox 806 3846 980 3901; x_wconf 89' lang='lat' dir='ltr'><strong>vocat,</strong></span> <span class='ocrx_word' id='word_1_304' title='bbox 1017 3852 1176 3906; x_wconf 90' lang='lat' dir='ltr'><strong>quam</strong></span> <span class='ocrx_word' id='word_1_305' title='bbox 1203 3835 1444 3889; x_wconf 80' lang='lat' dir='ltr'><strong>distinxit</strong></span> <span class='ocrx_word' id='word_1_306' title='bbox 1482 3835 1803 3904; x_wconf 87' lang='lat' dir='ltr'><strong>Apostolus,</strong></span> <span class='ocrx_word' id='word_1_307' title='bbox 1837 3833 2055 3898; x_wconf 91' lang='lat' dir='ltr'><strong>dicens,</strong></span> 
     </span>
    </p>
   </div>
   <div class='ocr_carea' id='block_1_40' title="bbox 478 3921 2059 3998">
    <p class='ocr_par' dir='ltr' id='par_1_40' title="bbox 478 3921 2059 3998">
     <span class='ocr_line' id='line_1_40' title="bbox 478 3921 2059 3998; baseline -0.004 -14"><span class='ocrx_word' id='word_1_308' title='bbox 478 3930 611 3998; x_wconf 89' lang='lat' dir='ltr'><strong>ipsis</strong></span> <span class='ocrx_word' id='word_1_309' title='bbox 647 3930 847 3983; x_wconf 89' lang='lat' dir='ltr'><strong>vocatis</strong></span> <span class='ocrx_word' id='word_1_310' title='bbox 876 3928 1074 3984; x_wconf 75' lang='lat' dir='ltr'><strong>Judaeis</strong></span> <span class='ocrx_word' id='word_1_311' title='bbox 1100 3935 1154 3981; x_wconf 90' lang='lat' dir='ltr'><strong>et</strong></span> <span class='ocrx_word' id='word_1_312' title='bbox 1183 3926 1383 3982; x_wconf 77' lang='lat' dir='ltr'><strong>Grrccis</strong></span> <span class='ocrx_word' id='word_1_313' title='bbox 1402 3925 1694 3996; x_wconf 77' lang='lat' dir='ltr'><strong>praedicare</strong></span> <span class='ocrx_word' id='word_1_314' title='bbox 1714 3939 1772 3978; x_wconf 91' lang='lat' dir='ltr'><strong>se</strong></span> <span class='ocrx_word' id='word_1_315' title='bbox 1789 3921 2059 3978; x_wconf 87' lang='lat' dir='ltr'><strong>Christum</strong></span> 
     </span>
    </p>
   </div>
   <div class='ocr_carea' id='block_1_41' title="bbox 480 4012 2060 4087">
    <p class='ocr_par' dir='ltr' id='par_1_41' title="bbox 480 4012 2060 4087">
     <span class='ocr_line' id='line_1_41' title="bbox 480 4012 2060 4087; baseline -0.004 -12"><span class='ocrx_word' id='word_1_316' title='bbox 480 4021 574 4076; x_wconf 90' lang='lat' dir='ltr'><strong>Dei</strong></span> <span class='ocrx_word' id='word_1_317' title='bbox 604 4022 850 4075; x_wconf 88' lang='lat' dir='ltr'><strong>virtutem</strong></span> <span class='ocrx_word' id='word_1_318' title='bbox 879 4029 931 4074; x_wconf 93' lang='lat' dir='ltr'><strong>et</strong></span> <span class='ocrx_word' id='word_1_319' title='bbox 967 4019 1063 4073; x_wconf 90' lang='lat' dir='ltr'><strong>Dei</strong></span> <span class='ocrx_word' id='word_1_320' title='bbox 1105 4018 1439 4087; x_wconf 86' lang='lat' dir='ltr'><strong>sapientiam.</strong></span> <span class='ocrx_word' id='word_1_321' title='bbox 1483 4017 1572 4071; x_wconf 89' lang='lat' dir='ltr'><strong>Sic</strong></span> <span class='ocrx_word' id='word_1_322' title='bbox 1607 4016 1748 4069; x_wconf 90' lang='lat' dir='ltr'><strong>enim</strong></span> <span class='ocrx_word' id='word_1_323' title='bbox 1788 4014 1890 4079; x_wconf 90' lang='lat' dir='ltr'><strong>ait,</strong></span> <span class='ocrx_word' id='word_1_324' title='bbox 1922 4012 2060 4083; x_wconf 88' lang='lat' dir='ltr'><strong>Ipsis</strong></span> 
     </span>
    </p>
   </div>
   <div class='ocr_carea' id='block_1_42' title="bbox 477 4105 2060 4184">
    <p class='ocr_par' dir='ltr' id='par_1_42' title="bbox 477 4105 2060 4184">
     <span class='ocr_line' id='line_1_42' title="bbox 477 4105 2060 4184; baseline -0.002 -19"><span class='ocrx_word' id='word_1_325' title='bbox 477 4121 643 4166; x_wconf 87' lang='lat' dir='ltr'><strong>autem</strong></span> <span class='ocrx_word' id='word_1_326' title='bbox 669 4114 855 4166; x_wconf 79' lang='lat' dir='ltr'><strong>vocatis</strong></span> <span class='ocrx_word' id='word_1_327' title='bbox 889 4112 931 4184; x_wconf 91' lang='lat' dir='ltr'><strong>(I</strong></span> <span class='ocrx_word' id='word_1_328' title='bbox 959 4111 1076 4165; x_wconf 91' lang='lat' dir='ltr'><strong>Cor.</strong></span> <span class='ocrx_word' id='word_1_329' title='bbox 1116 4127 1170 4176; x_wconf 87' lang='lat' dir='ltr'><strong>I,</strong></span> <span class='ocrx_word' id='word_1_330' title='bbox 1199 4110 1292 4176; x_wconf 76' lang='lat'><strong>‘25,</strong></span> <span class='ocrx_word' id='word_1_331' title='bbox 1319 4109 1454 4174; x_wconf 71' lang='lat'><strong>24);</strong></span> <span class='ocrx_word' id='word_1_332' title='bbox 1500 4116 1558 4161; x_wconf 93' lang='lat' dir='ltr'><strong>ut</strong></span> <span class='ocrx_word' id='word_1_333' title='bbox 1596 4108 1716 4161; x_wconf 88' lang='lat' dir='ltr'><strong>illos</strong></span> <span class='ocrx_word' id='word_1_334' title='bbox 1754 4105 2060 4162; x_wconf 89' lang='lat' dir='ltr'><strong>ostenderet</strong></span> 
     </span>
    </p>
   </div>
   <div class='ocr_carea' id='block_1_43' title="bbox 475 4197 2058 4270">
    <p class='ocr_par' dir='ltr' id='par_1_43' title="bbox 475 4197 2058 4270">
     <span class='ocr_line' id='line_1_43' title="bbox 475 4197 2058 4270; baseline -0.003 -14"><span class='ocrx_word' id='word_1_335' title='bbox 475 4218 581 4256; x_wconf 90' lang='lat' dir='ltr'><strong>non</strong></span> <span class='ocrx_word' id='word_1_336' title='bbox 609 4213 826 4256; x_wconf 91' lang='lat' dir='ltr'><strong>vocatos</strong></span> <span class='ocrx_word' id='word_1_337' title='bbox 859 4220 870 4254; x_wconf 92' lang='lat'><strong>:</strong></span> <span class='ocrx_word' id='word_1_338' title='bbox 901 4203 1076 4256; x_wconf 90' lang='lat' dir='ltr'><strong>sciens</strong></span> <span class='ocrx_word' id='word_1_339' title='bbox 1104 4216 1225 4255; x_wconf 90' lang='lat' dir='ltr'><strong>esse</strong></span> <span class='ocrx_word' id='word_1_340' title='bbox 1265 4198 1547 4270; x_wconf 85' lang='lat' dir='ltr'><strong>quamdam</strong></span> <span class='ocrx_word' id='word_1_341' title='bbox 1582 4202 1782 4252; x_wconf 86' lang='lat' dir='ltr'><strong>certam</strong></span> <span class='ocrx_word' id='word_1_342' title='bbox 1822 4197 2058 4252; x_wconf 86' lang='lat' dir='ltr'><strong>vocatio-</strong></span> 
     </span>
    </p>
   </div>
   <div class='ocr_carea' id='block_1_44' title="bbox 476 4286 2056 4363">
    <p class='ocr_par' dir='ltr' id='par_1_44' title="bbox 476 4286 2056 4363">
     <span class='ocr_line' id='line_1_44' title="bbox 476 4286 2056 4363; baseline -0.004 -15"><span class='ocrx_word' id='word_1_343' title='bbox 476 4309 596 4348; x_wconf 89' lang='lat' dir='ltr'><strong>nem</strong></span> <span class='ocrx_word' id='word_1_344' title='bbox 629 4309 815 4348; x_wconf 87' lang='lat' dir='ltr'><strong>eorum</strong></span> <span class='ocrx_word' id='word_1_345' title='bbox 857 4293 947 4363; x_wconf 89' lang='lat' dir='ltr'><strong>qui</strong></span> <span class='ocrx_word' id='word_1_346' title='bbox 986 4286 1278 4347; x_wconf 89' lang='lat' dir='ltr'><strong>secundum</strong></span> <span class='ocrx_word' id='word_1_347' title='bbox 1327 4292 1656 4359; x_wconf 90' lang='lat' dir='ltr'><strong>propositum</strong></span> <span class='ocrx_word' id='word_1_348' title='bbox 1686 4289 1855 4342; x_wconf 86' lang='lat' dir='ltr'><strong>vocati</strong></span> <span class='ocrx_word' id='word_1_349' title='bbox 1899 4297 2056 4355; x_wconf 89' lang='lat' dir='ltr'><strong>sunt,</strong></span> 
     </span>
    </p>
   </div>
   <div class='ocr_carea' id='block_1_45' title="bbox 473 4379 2058 4454">
    <p class='ocr_par' dir='ltr' id='par_1_45' title="bbox 473 4379 2058 4454">
     <span class='ocr_line' id='line_1_45' title="bbox 473 4379 2058 4454; baseline -0.004 -16"><span class='ocrx_word' id='word_1_350' title='bbox 473 4399 608 4454; x_wconf 89' lang='lat' dir='ltr'><strong>quos</strong></span> <span class='ocrx_word' id='word_1_351' title='bbox 635 4393 758 4438; x_wconf 87' lang='lat' dir='ltr'><strong>ante</strong></span> <span class='ocrx_word' id='word_1_352' title='bbox 799 4383 1061 4453; x_wconf 70' lang='lat' dir='ltr'><strong>prtescivit</strong></span> <span class='ocrx_word' id='word_1_353' title='bbox 1097 4393 1150 4437; x_wconf 90' lang='lat' dir='ltr'><strong>et</strong></span> <span class='ocrx_word' id='word_1_354' title='bbox 1179 4380 1574 4452; x_wconf 74' lang='lat' dir='ltr'><strong>prmdestinavit</strong></span> <span class='ocrx_word' id='word_1_355' title='bbox 1596 4379 1897 4434; x_wconf 86' lang='lat' dir='ltr'><strong>conformes</strong></span> <span class='ocrx_word' id='word_1_356' title='bbox 1923 4379 2058 4433; x_wconf 89' lang='lat' dir='ltr'><strong>ima-</strong></span> 
     </span>
    </p>
   </div>
   <div class='ocr_carea' id='block_1_46' title="bbox 474 4468 2059 4544">
    <p class='ocr_par' dir='ltr' id='par_1_46' title="bbox 474 4468 2059 4544">
     <span class='ocr_line' id='line_1_46' title="bbox 474 4468 2059 4544; baseline -0.003 -16"><span class='ocrx_word' id='word_1_357' title='bbox 474 4475 612 4544; x_wconf 88' lang='lat' dir='ltr'><strong>ginis</strong></span> <span class='ocrx_word' id='word_1_358' title='bbox 640 4473 758 4528; x_wconf 82' lang='lat' dir='ltr'><strong>Filii</strong></span> <span class='ocrx_word' id='word_1_359' title='bbox 784 4474 864 4527; x_wconf 90' lang='lat' dir='ltr'><strong>sui</strong></span> <span class='ocrx_word' id='word_1_360' title='bbox 897 4473 1068 4541; x_wconf 84' lang='lat' dir='ltr'><strong>(Rom.</strong></span> <span class='ocrx_word' id='word_1_361' title='bbox 1100 4487 1215 4537; x_wconf 83' lang='lat' dir='ltr'><strong>vtn,</strong></span> <span class='ocrx_word' id='word_1_362' title='bbox 1245 4471 1314 4525; x_wconf 77' lang='grc'>28</span> <span class='ocrx_word' id='word_1_363' title='bbox 1330 4469 1501 4539; x_wconf 69' lang='lat' dir='ltr'><strong>et29).</strong></span> <span class='ocrx_word' id='word_1_364' title='bbox 1534 4468 1702 4535; x_wconf 90' lang='lat' dir='ltr'><strong>Quam</strong></span> <span class='ocrx_word' id='word_1_365' title='bbox 1728 4469 2059 4524; x_wconf 89' lang='lat' dir='ltr'><strong>vocationem</strong></span> 
     </span>
    </p>
   </div>
   <div class='ocr_carea' id='block_1_47' title="bbox 475 4559 2060 4635">
    <p class='ocr_par' dir='ltr' id='par_1_47' title="bbox 475 4559 2060 4635">
     <span class='ocr_line' id='line_1_47' title="bbox 475 4559 2060 4635; baseline -0.005 -15"><span class='ocrx_word' id='word_1_366' title='bbox 475 4564 781 4635; x_wconf 83' lang='lat' dir='ltr'><strong>signiﬁcans</strong></span> <span class='ocrx_word' id='word_1_367' title='bbox 801 4606 815 4628; x_wconf 95' lang='lat'><strong>,</strong></span> <span class='ocrx_word' id='word_1_368' title='bbox 850 4565 923 4616; x_wconf 86' lang='lat' dir='ltr'><strong>ait</strong></span> <span class='ocrx_word' id='word_1_369' title='bbox 954 4580 968 4616; x_wconf 90' lang='lat'>:</span> <span class='ocrx_word' id='word_1_370' title='bbox 1006 4562 1124 4615; x_wconf 83' lang='lat' dir='ltr'><strong>Non</strong></span> <span class='ocrx_word' id='word_1_371' title='bbox 1155 4578 1216 4616; x_wconf 76' lang='lat' dir='ltr'><strong>ea:</strong></span> <span class='ocrx_word' id='word_1_372' title='bbox 1245 4559 1505 4632; x_wconf 86' lang='lat' dir='ltr'><strong>aperibus,</strong></span> <span class='ocrx_word' id='word_1_373' title='bbox 1546 4559 1635 4614; x_wconf 88' lang='lat' dir='ltr'><strong>sed</strong></span> <span class='ocrx_word' id='word_1_374' title='bbox 1661 4575 1725 4612; x_wconf 80' lang='lat' dir='ltr'><strong>ea:</strong></span> <span class='ocrx_word' id='word_1_375' title='bbox 1751 4568 1954 4612; x_wconf 88' lang='lat' dir='ltr'><strong>vocante</strong></span> <span class='ocrx_word' id='word_1_376' title='bbox 1978 4559 2060 4612; x_wconf 89' lang='lat' dir='ltr'><strong>di-</strong></span> 
     </span>
    </p>
   </div>
   <div class='ocr_carea' id='block_1_48' title="bbox 476 4649 2055 4723">
    <p class='ocr_par' dir='ltr' id='par_1_48' title="bbox 476 4649 2055 4723">
     <span class='ocr_line' id='line_1_48' title="bbox 476 4649 2055 4723; baseline -0.003 -14"><span class='ocrx_word' id='word_1_377' title='bbox 476 4666 611 4709; x_wconf 90' lang='lat' dir='ltr'><strong>ctum</strong></span> <span class='ocrx_word' id='word_1_378' title='bbox 639 4663 709 4710; x_wconf 88' lang='lat' dir='ltr'><strong>est</strong></span> <span class='ocrx_word' id='word_1_379' title='bbox 733 4655 797 4719; x_wconf 87' lang='lat' dir='ltr'><strong>ei,</strong></span> <span class='ocrx_word' id='word_1_380' title='bbox 835 4654 968 4721; x_wconf 83' lang='lat' dir='ltr'><strong>Quia</strong></span> <span class='ocrx_word' id='word_1_381' title='bbox 997 4653 1162 4722; x_wconf 84' lang='lat' dir='ltr'><strong>major</strong></span> <span class='ocrx_word' id='word_1_382' title='bbox 1188 4651 1362 4706; x_wconf 87' lang='lat' dir='ltr'><strong>serviet</strong></span> <span class='ocrx_word' id='word_1_383' title='bbox 1388 4651 1571 4704; x_wconf 89' lang='lat' dir='ltr'><strong>minori</strong></span> <span class='ocrx_word' id='word_1_384' title='bbox 1591 4649 1703 4716; x_wconf 92' lang='lat' dir='ltr'><strong>(Id.</strong></span> <span class='ocrx_word' id='word_1_385' title='bbox 1728 4666 1800 4716; x_wconf 86' lang='lat' dir='ltr'><strong>tx,</strong></span> <span class='ocrx_word' id='word_1_386' title='bbox 1827 4649 1910 4715; x_wconf 75' lang='lat' dir='ltr'><strong>I2,</strong></span> <span class='ocrx_word' id='word_1_387' title='bbox 1943 4649 2055 4723; x_wconf 77' lang='grc'><strong>15).</strong></span> 
     </span>
    </p>
   </div>
   <div class='ocr_carea' id='block_1_49' title="bbox 477 4739 2058 4814">
    <p class='ocr_par' dir='ltr' id='par_1_49' title="bbox 477 4739 2058 4814">
     <span class='ocr_line' id='line_1_49' title="bbox 477 4739 2058 4814; baseline -0.003 -15"><span class='ocrx_word' id='word_1_388' title='bbox 477 4744 741 4814; x_wconf 83' lang='lat' dir='ltr'><strong>Numquid</strong></span> <span class='ocrx_word' id='word_1_389' title='bbox 769 4744 903 4798; x_wconf 81' lang='lat' dir='ltr'><strong>dixit</strong></span> <span class='ocrx_word' id='word_1_390' title='bbox 928 4784 944 4810; x_wconf 94' lang='lat'><strong>,</strong></span> <span class='ocrx_word' id='word_1_391' title='bbox 987 4743 1099 4796; x_wconf 77' lang='lat' dir='ltr'><strong>Non</strong></span> <span class='ocrx_word' id='word_1_392' title='bbox 1128 4757 1194 4797; x_wconf 80' lang='lat' dir='ltr'><strong>cx</strong></span> <span class='ocrx_word' id='word_1_393' title='bbox 1222 4740 1499 4810; x_wconf 87' lang='lat' dir='ltr'><strong>operibus,</strong></span> <span class='ocrx_word' id='word_1_394' title='bbox 1541 4739 1637 4795; x_wconf 91' lang='lat' dir='ltr'><strong>sed</strong></span> <span class='ocrx_word' id='word_1_395' title='bbox 1667 4756 1730 4794; x_wconf 86' lang='lat' dir='ltr'><strong>ex</strong></span> <span class='ocrx_word' id='word_1_396' title='bbox 1761 4740 2058 4796; x_wconf 84' lang='lat' dir='ltr'><strong>credente?</strong></span> 
     </span>
    </p>
   </div>
   <div class='ocr_carea' id='block_1_50' title="bbox 477 4828 2060 4894">
    <p class='ocr_par' dir='ltr' id='par_1_50' title="bbox 477 4828 2060 4894">
     <span class='ocr_line' id='line_1_50' title="bbox 477 4828 2060 4894; baseline -0.001 -6"><span class='ocrx_word' id='word_1_397' title='bbox 477 4835 703 4889; x_wconf 88' lang='lat' dir='ltr'><strong>Prorsus</strong></span> <span class='ocrx_word' id='word_1_398' title='bbox 743 4835 902 4889; x_wconf 91' lang='lat' dir='ltr'><strong>etiam</strong></span> <span class='ocrx_word' id='word_1_399' title='bbox 935 4833 1036 4887; x_wconf 92' lang='lat' dir='ltr'><strong>hoc</strong></span> <span class='ocrx_word' id='word_1_400' title='bbox 1073 4829 1287 4886; x_wconf 87' lang='lat' dir='ltr'><strong>abstulit</strong></span> <span class='ocrx_word' id='word_1_401' title='bbox 1328 4828 1567 4894; x_wconf 92' lang='lat' dir='ltr'><strong>homini,</strong></span> <span class='ocrx_word' id='word_1_402' title='bbox 1606 4836 1664 4883; x_wconf 93' lang='lat' dir='ltr'><strong>ut</strong></span> <span class='ocrx_word' id='word_1_403' title='bbox 1703 4837 1867 4883; x_wconf 93' lang='lat' dir='ltr'><strong>totum</strong></span> <span class='ocrx_word' id='word_1_404' title='bbox 1907 4829 2060 4886; x_wconf 89' lang='lat' dir='ltr'><strong>daret</strong></span> 
     </span>
    </p>
   </div>
   <div class='ocr_carea' id='block_1_51' title="bbox 479 4922 2056 4994">
    <p class='ocr_par' dir='ltr' id='par_1_51' title="bbox 479 4922 2056 4994">
     <span class='ocr_line' id='line_1_51' title="bbox 479 4922 2056 4994; baseline -0.003 -14"><span class='ocrx_word' id='word_1_405' title='bbox 479 4926 612 4982; x_wconf 89' lang='lat' dir='ltr'><strong>Deo.</strong></span> <span class='ocrx_word' id='word_1_406' title='bbox 641 4924 783 4979; x_wconf 81' lang='lat' dir='ltr'><strong>Dixit</strong></span> <span class='ocrx_word' id='word_1_407' title='bbox 808 4938 956 4994; x_wconf 87' lang='lat' dir='ltr'><strong>ergo,</strong></span> <span class='ocrx_word' id='word_1_408' title='bbox 987 4922 1074 4977; x_wconf 87' lang='lat' dir='ltr'><strong>sed</strong></span> <span class='ocrx_word' id='word_1_409' title='bbox 1097 4937 1158 4975; x_wconf 78' lang='lat' dir='ltr'><strong>ea:</strong></span> <span class='ocrx_word' id='word_1_410' title='bbox 1183 4929 1391 4974; x_wconf 86' lang='lat' dir='ltr'><strong>vocante</strong></span> <span class='ocrx_word' id='word_1_411' title='bbox 1422 4936 1440 4972; x_wconf 92' lang='lat'><strong><em>:</em></strong></span> <span class='ocrx_word' id='word_1_412' title='bbox 1468 4935 1572 4974; x_wconf 92' lang='lat' dir='ltr'><strong>non</strong></span> <span class='ocrx_word' id='word_1_413' title='bbox 1598 4935 1932 4990; x_wconf 85' lang='lat' dir='ltr'><strong>quacumque</strong></span> <span class='ocrx_word' id='word_1_414' title='bbox 1961 4936 2056 4976; x_wconf 83' lang='lat' dir='ltr'><strong>vo-</strong></span> 
     </span>
    </p>
   </div>
   <div class='ocr_carea' id='block_1_52' title="bbox 475 5009 1620 5083">
    <p class='ocr_par' dir='ltr' id='par_1_52' title="bbox 475 5009 1620 5083">
     <span class='ocr_line' id='line_1_52' title="bbox 475 5009 1620 5083; baseline -0.006 -12"><span class='ocrx_word' id='word_1_415' title='bbox 475 5015 706 5081; x_wconf 87' lang='lat' dir='ltr'><strong>catione,</strong></span> <span class='ocrx_word' id='word_1_416' title='bbox 738 5013 833 5068; x_wconf 90' lang='lat' dir='ltr'><strong>sed</strong></span> <span class='ocrx_word' id='word_1_417' title='bbox 861 5028 963 5083; x_wconf 91' lang='lat' dir='ltr'><strong>qua</strong></span> <span class='ocrx_word' id='word_1_418' title='bbox 988 5013 1264 5067; x_wconf 86' lang='lat' dir='ltr'><strong>vocatione</strong></span> <span class='ocrx_word' id='word_1_419' title='bbox 1293 5010 1352 5064; x_wconf 91' lang='lat' dir='ltr'><strong>ﬁt</strong></span> <span class='ocrx_word' id='word_1_420' title='bbox 1377 5009 1620 5066; x_wconf 90' lang='lat' dir='ltr'><strong>credens.</strong></span> 
     </span>
    </p>
   </div>
   <div class='ocr_carea' id='block_1_53' title="bbox 548 5101 2058 5174">
    <p class='ocr_par' dir='ltr' id='par_1_53' title="bbox 548 5101 2058 5174">
     <span class='ocr_line' id='line_1_53' title="bbox 548 5101 2058 5174; baseline -0.002 -12"><span class='ocrx_word' id='word_1_421' title='bbox 548 5108 637 5164; x_wconf 77' lang='grc'><strong>55.</strong></span> <span class='ocrx_word' id='word_1_422' title='bbox 673 5105 819 5160; x_wconf 82' lang='lat' dir='ltr'><strong>Hanc</strong></span> <span class='ocrx_word' id='word_1_423' title='bbox 844 5105 1145 5160; x_wconf 88' lang='lat' dir='ltr'><strong>intuebatur</strong></span> <span class='ocrx_word' id='word_1_424' title='bbox 1167 5103 1350 5170; x_wconf 90' lang='lat' dir='ltr'><strong>etiam,</strong></span> <span class='ocrx_word' id='word_1_425' title='bbox 1383 5117 1504 5158; x_wconf 92' lang='lat' dir='ltr'><strong>cum</strong></span> <span class='ocrx_word' id='word_1_426' title='bbox 1532 5101 1734 5158; x_wconf 89' lang='lat' dir='ltr'><strong>diceret</strong></span> <span class='ocrx_word' id='word_1_427' title='bbox 1763 5120 1776 5154; x_wconf 90' lang='lat'><strong>:</strong></span> <span class='ocrx_word' id='word_1_428' title='bbox 1809 5103 1934 5158; x_wconf 87' lang='lat' dir='ltr'><strong>Sine</strong></span> <span class='ocrx_word' id='word_1_429' title='bbox 1962 5120 2058 5174; x_wconf 72' lang='lat' dir='ltr'><strong>poe-</strong></span> 
     </span>
    </p>
   </div>
   <div class='ocr_carea' id='block_1_54' title="bbox 477 5194 2060 5267">
    <p class='ocr_par' dir='ltr' id='par_1_54' title="bbox 477 5194 2060 5267">
     <span class='ocr_line' id='line_1_54' title="bbox 477 5194 2060 5267; baseline -0.002 -13"><span class='ocrx_word' id='word_1_430' title='bbox 477 5199 688 5254; x_wconf 87' lang='lat' dir='ltr'><strong>nitentia</strong></span> <span class='ocrx_word' id='word_1_431' title='bbox 717 5205 832 5251; x_wconf 87' lang='lat' dir='ltr'><strong>sunt</strong></span> <span class='ocrx_word' id='word_1_432' title='bbox 857 5195 990 5249; x_wconf 86' lang='lat' dir='ltr'><strong>dona</strong></span> <span class='ocrx_word' id='word_1_433' title='bbox 1015 5204 1061 5249; x_wconf 91' lang='lat' dir='ltr'><strong>et</strong></span> <span class='ocrx_word' id='word_1_434' title='bbox 1088 5197 1281 5249; x_wconf 85' lang='lat' dir='ltr'><strong>vacatio</strong></span> <span class='ocrx_word' id='word_1_435' title='bbox 1310 5195 1421 5249; x_wconf 86' lang='lat' dir='ltr'><strong>Dei.</strong></span> <span class='ocrx_word' id='word_1_436' title='bbox 1449 5194 1580 5250; x_wconf 87' lang='lat' dir='ltr'><strong>Nam</strong></span> <span class='ocrx_word' id='word_1_437' title='bbox 1610 5204 1662 5250; x_wconf 88' lang='lat' dir='ltr'><strong>et</strong></span> <span class='ocrx_word' id='word_1_438' title='bbox 1690 5195 1759 5251; x_wconf 88' lang='lat' dir='ltr'><strong>ibi</strong></span> <span class='ocrx_word' id='word_1_439' title='bbox 1785 5195 1910 5267; x_wconf 90' lang='lat' dir='ltr'><strong>quid</strong></span> <span class='ocrx_word' id='word_1_440' title='bbox 1937 5211 2060 5266; x_wconf 78' lang='lat' dir='ltr'><strong>age-</strong></span> 
     </span>
    </p>
   </div>
   <div class='ocr_carea' id='block_1_55' title="bbox 480 5287 2058 5361">
    <p class='ocr_par' dir='ltr' id='par_1_55' title="bbox 480 5287 2058 5361">
     <span class='ocr_line' id='line_1_55' title="bbox 480 5287 2058 5361; baseline -0.001 -15"><span class='ocrx_word' id='word_1_441' title='bbox 480 5292 636 5347; x_wconf 89' lang='lat' dir='ltr'><strong>batur</strong></span> <span class='ocrx_word' id='word_1_442' title='bbox 665 5290 931 5361; x_wconf 89' lang='lat' dir='ltr'><strong>paulisper</strong></span> <span class='ocrx_word' id='word_1_443' title='bbox 972 5287 1252 5343; x_wconf 85' lang='lat' dir='ltr'><strong>advertite.</strong></span> <span class='ocrx_word' id='word_1_444' title='bbox 1288 5287 1419 5342; x_wconf 87' lang='lat' dir='ltr'><strong>Cum</strong></span> <span class='ocrx_word' id='word_1_445' title='bbox 1447 5289 1588 5344; x_wconf 91' lang='lat' dir='ltr'><strong>enim</strong></span> <span class='ocrx_word' id='word_1_446' title='bbox 1619 5288 1875 5355; x_wconf 78' lang='lat' dir='ltr'><strong>dixisset,</strong></span> <span class='ocrx_word' id='word_1_447' title='bbox 1919 5288 2058 5344; x_wconf 84' lang='lat' dir='ltr'><strong>Nolo</strong></span> 
     </span>
    </p>
   </div>
   <div class='ocr_carea' id='block_1_56' title="bbox 478 5381 2059 5455">
    <p class='ocr_par' dir='ltr' id='par_1_56' title="bbox 478 5381 2059 5455">
     <span class='ocr_line' id='line_1_56' title="bbox 478 5381 2059 5455; baseline -0.003 -16"><span class='ocrx_word' id='word_1_448' title='bbox 478 5385 613 5439; x_wconf 84' lang='lat' dir='ltr'><strong>enim</strong></span> <span class='ocrx_word' id='word_1_449' title='bbox 634 5399 718 5438; x_wconf 85' lang='lat' dir='ltr'><strong>vos</strong></span> <span class='ocrx_word' id='word_1_450' title='bbox 744 5384 998 5455; x_wconf 89' lang='lat' dir='ltr'><strong>ignorare,</strong></span> <span class='ocrx_word' id='word_1_451' title='bbox 1027 5383 1233 5453; x_wconf 77' lang='lat' dir='ltr'><strong>fratres,</strong></span> <span class='ocrx_word' id='word_1_452' title='bbox 1264 5390 1631 5434; x_wconf 81' lang='lat' dir='ltr'><strong>sacramentum</strong></span> <span class='ocrx_word' id='word_1_453' title='bbox 1657 5381 1767 5447; x_wconf 82' lang='lat' dir='ltr'><strong>hoc,</strong></span> <span class='ocrx_word' id='word_1_454' title='bbox 1793 5390 1848 5434; x_wconf 92' lang='lat' dir='ltr'><strong>ut</strong></span> <span class='ocrx_word' id='word_1_455' title='bbox 1878 5397 1976 5435; x_wconf 89' lang='lat' dir='ltr'><strong>non</strong></span> <span class='ocrx_word' id='word_1_456' title='bbox 1998 5382 2059 5434; x_wconf 83' lang='lat' dir='ltr'><strong>si-</strong></span> 
     </span>
    </p>
   </div>
   <div class='ocr_carea' id='block_1_57' title="bbox 477 5471 2052 5547">
    <p class='ocr_par' dir='ltr' id='par_1_57' title="bbox 477 5471 2052 5547">
     <span class='ocr_line' id='line_1_57' title="bbox 477 5471 2052 5547; baseline 0 -22"><span class='ocrx_word' id='word_1_457' title='bbox 477 5475 540 5526; x_wconf 86' lang='lat' dir='ltr'><strong>tis</strong></span> <span class='ocrx_word' id='word_1_458' title='bbox 569 5476 704 5530; x_wconf 83' lang='lat' dir='ltr'><strong>vobis</strong></span> <span class='ocrx_word' id='word_1_459' title='bbox 732 5475 980 5547; x_wconf 84' lang='lat' dir='ltr'><strong>sapientes</strong></span> <span class='ocrx_word' id='word_1_460' title='bbox 1007 5489 1026 5528; x_wconf 89' lang='lat'><strong><em>:</em></strong></span> <span class='ocrx_word' id='word_1_461' title='bbox 1053 5472 1171 5543; x_wconf 89' lang='lat' dir='ltr'><strong>quia</strong></span> <span class='ocrx_word' id='word_1_462' title='bbox 1197 5471 1390 5526; x_wconf 77' lang='lat' dir='ltr'><strong>accitas</strong></span> <span class='ocrx_word' id='word_1_463' title='bbox 1414 5487 1477 5526; x_wconf 71' lang='lat' dir='ltr'><strong>ex</strong></span> <span class='ocrx_word' id='word_1_464' title='bbox 1506 5481 1650 5542; x_wconf 87' lang='lat' dir='ltr'><strong>parte</strong></span> <span class='ocrx_word' id='word_1_465' title='bbox 1676 5471 1842 5527; x_wconf 77' lang='lat' dir='ltr'><strong>Israel</strong></span> <span class='ocrx_word' id='word_1_466' title='bbox 1869 5474 1888 5503; x_wconf 84' lang='grc'>²</span> <span class='ocrx_word' id='word_1_467' title='bbox 1918 5474 2052 5542; x_wconf 75' lang='lat' dir='ltr'><strong>facta</strong></span> 
     </span>
    </p>
   </div>
   <div class='ocr_carea' id='block_1_58' title="bbox 529 5600 2059 5713">
    <p class='ocr_par' dir='ltr' id='par_1_58' title="bbox 529 5600 2059 5713">
     <span class='ocr_line' id='line_1_58' title="bbox 529 5600 2059 5713; baseline 0 -59"><span class='ocrx_word' id='word_1_468' title='bbox 529 5604 646 5713; x_wconf 66' lang='lat' dir='ltr'><strong>&quot;sic</strong></span> <span class='ocrx_word' id='word_1_469' title='bbox 679 5619 849 5656; x_wconf 87' lang='lat' dir='ltr'><strong>omnes</strong></span> <span class='ocrx_word' id='word_1_470' title='bbox 869 5613 972 5654; x_wconf 75' lang='lat' dir='ltr'><strong>Mss.</strong></span> <span class='ocrx_word' id='word_1_471' title='bbox 999 5611 1054 5654; x_wconf 82' lang='lat' dir='ltr'><strong>At</strong></span> <span class='ocrx_word' id='word_1_472' title='bbox 1076 5604 1211 5666; x_wconf 84' lang='lat' dir='ltr'><strong>editi,</strong></span> <span class='ocrx_word' id='word_1_473' title='bbox 1236 5601 1429 5653; x_wconf 72' lang='lat' dir='ltr'><strong>imicum</strong></span> <span class='ocrx_word' id='word_1_474' title='bbox 1465 5601 1554 5652; x_wconf 84' lang='lat' dir='ltr'><strong>Dei</strong></span> <span class='ocrx_word' id='word_1_475' title='bbox 1585 5600 1778 5664; x_wconf 82' lang='lat' dir='ltr'><strong>Filium,</strong></span> <span class='ocrx_word' id='word_1_476' title='bbox 1807 5603 2059 5654; x_wconf 67' lang='lat' dir='ltr'><strong>Dmmtwm</strong></span> 
     </span>
     <span class='ocr_line' id='line_1_59' title="bbox 529 5676 702 5713; baseline -0.023 0"><span class='ocrx_word' id='word_1_477' title='bbox 529 5680 554 5713; x_wconf 54' lang='grc' dir='ltr'><strong>ιδ</strong></span> <span class='ocrx_word' id='word_1_478' title='bbox 576 5676 702 5712; x_wconf 86' lang='lat' dir='ltr'><strong>rum.</strong></span> 
     </span>
    </p>
   </div>
   <div class='ocr_carea' id='block_1_59' title="bbox 468 5676 702 5715">
    <p class='ocr_par' dir='ltr' id='par_1_59' title="bbox 468 5676 702 5715">
     <span class='ocr_line' id='line_1_60' title="bbox 468 5676 702 5715; baseline -0.017 -2"><span class='ocrx_word' id='word_1_479' title='bbox 468 5676 682 5715; x_wconf 82' lang='lat' dir='ltr'><strong>nostrum</strong></span> <span class='ocrx_word' id='word_1_480' title='bbox 693 5700 702 5709; x_wconf 92' lang='lat'><strong>.</strong></span> 
     </span>
    </p>
   </div>
   <div class='ocr_carea' id='block_1_60' title="bbox 541 5725 2058 5792">
    <p class='ocr_par' dir='ltr' id='par_1_60' title="bbox 541 5725 2058 5792">
     <span class='ocr_line' id='line_1_61' title="bbox 541 5725 2058 5792; baseline 0.003 -19"><span class='ocrx_word' id='word_1_481' title='bbox 541 5729 561 5757; x_wconf 75' lang='grc'>³</span> <span class='ocrx_word' id='word_1_482' title='bbox 587 5725 720 5784; x_wconf 74' lang='lat' dir='ltr'><strong>Editi,</strong></span> <span class='ocrx_word' id='word_1_483' title='bbox 747 5728 797 5778; x_wconf 86' lang='lat' dir='ltr'><strong>in</strong></span> <span class='ocrx_word' id='word_1_484' title='bbox 818 5728 988 5792; x_wconf 86' lang='lat' dir='ltr'><strong>_Isracl.</strong></span> <span class='ocrx_word' id='word_1_485' title='bbox 1028 5731 1189 5789; x_wconf 79' lang='lat' dir='ltr'><strong>Abest,</strong></span> <span class='ocrx_word' id='word_1_486' title='bbox 1223 5728 1290 5787; x_wconf 88' lang='lat' dir='ltr'><strong>in,</strong></span> <span class='ocrx_word' id='word_1_487' title='bbox 1323 5741 1351 5776; x_wconf 91' lang='lat' dir='ltr'><strong>a</strong></span> <span class='ocrx_word' id='word_1_488' title='bbox 1387 5728 1723 5790; x_wconf 81' lang='lat' dir='ltr'><strong>manuscriptis</strong></span> <span class='ocrx_word' id='word_1_489' title='bbox 1761 5735 1811 5779; x_wconf 88' lang='lat' dir='ltr'><strong>et</strong></span> <span class='ocrx_word' id='word_1_490' title='bbox 1838 5742 1864 5776; x_wconf 87' lang='lat' dir='ltr'><strong>a</strong></span> <span class='ocrx_word' id='word_1_491' title='bbox 1900 5742 2058 5792; x_wconf 78' lang='lat' dir='ltr'><strong>grteco</strong></span> 
     </span>
    </p>
   </div>
   <div class='ocr_carea' id='block_1_61' title="bbox 471 5789 865 5852">
    <p class='ocr_par' dir='ltr' id='par_1_61' title="bbox 471 5789 865 5852">
     <span class='ocr_line' id='line_1_62' title="bbox 471 5789 865 5852; baseline -0.003 -12"><span class='ocrx_word' id='word_1_492' title='bbox 471 5801 615 5842; x_wconf 74' lang='lat' dir='ltr'><strong>scxtu</strong></span> <span class='ocrx_word' id='word_1_493' title='bbox 643 5789 865 5852; x_wconf 78' lang='lat' dir='ltr'><strong>Apostoli.</strong></span> 
     </span>
    </p>
   </div>
   <div class='ocr_carea' id='block_1_62' title="bbox 1719 347 2527 408">
    <p class='ocr_par' dir='ltr' id='par_1_62' title="bbox 1719 347 2527 408">
     <span class='ocr_line' id='line_1_63' title="bbox 1719 347 2527 408; baseline 0.004 -2"><span class='ocrx_word' id='word_1_494' title='bbox 1719 349 1776 406; x_wconf 90' lang='lat' dir='ltr'><strong>S.</strong></span> <span class='ocrx_word' id='word_1_495' title='bbox 1820 347 2184 406; x_wconf 81' lang='lat' dir='ltr'><strong>AUGUSTINI</strong></span> <span class='ocrx_word' id='word_1_496' title='bbox 2224 347 2527 408; x_wconf 84' lang='lat' dir='ltr'><strong>EPISCOPI</strong></span> 
     </span>
    </p>
   </div>
   <div class='ocr_carea' id='block_1_63' title="bbox 2173 466 3752 540">
    <p class='ocr_par' dir='ltr' id='par_1_63' title="bbox 2173 466 3752 540">
     <span class='ocr_line' id='line_1_64' title="bbox 2173 466 3752 540; baseline 0.011 -25"><span class='ocrx_word' id='word_1_497' title='bbox 2173 473 2266 527; x_wconf 86' lang='lat' dir='ltr'><strong>est,</strong></span> <span class='ocrx_word' id='word_1_498' title='bbox 2289 466 2447 519; x_wconf 86' lang='lat' dir='ltr'><strong>donec</strong></span> <span class='ocrx_word' id='word_1_499' title='bbox 2467 467 2723 537; x_wconf 82' lang='lat' dir='ltr'><strong>plenitudo</strong></span> <span class='ocrx_word' id='word_1_500' title='bbox 2744 471 2962 539; x_wconf 80' lang='lat' dir='ltr'><strong>gentiam</strong></span> <span class='ocrx_word' id='word_1_501' title='bbox 2983 471 3212 540; x_wconf 72' lang='lat' dir='ltr'><strong>intraret,</strong></span> <span class='ocrx_word' id='word_1_502' title='bbox 3237 485 3286 529; x_wconf 87' lang='lat' dir='ltr'><strong>et</strong></span> <span class='ocrx_word' id='word_1_503' title='bbox 3307 475 3380 530; x_wconf 85' lang='lat' dir='ltr'><strong>sic</strong></span> <span class='ocrx_word' id='word_1_504' title='bbox 3400 477 3566 532; x_wconf 85' lang='lat' dir='ltr'><strong>omnis</strong></span> <span class='ocrx_word' id='word_1_505' title='bbox 3591 477 3752 533; x_wconf 84' lang='lat' dir='ltr'><strong>Israel</strong></span> 
     </span>
    </p>
   </div>
   <div class='ocr_carea' id='block_1_64' title="bbox 2169 555 3752 640">
    <p class='ocr_par' dir='ltr' id='par_1_64' title="bbox 2169 555 3752 640">
     <span class='ocr_line' id='line_1_65' title="bbox 2169 555 3752 640; baseline 0.008 -30"><span class='ocrx_word' id='word_1_506' title='bbox 2169 555 2336 611; x_wconf 85' lang='lat' dir='ltr'><strong>salvus</strong></span> <span class='ocrx_word' id='word_1_507' title='bbox 2363 559 2535 626; x_wconf 80' lang='lat' dir='ltr'><strong>ﬁeret;</strong></span> <span class='ocrx_word' id='word_1_508' title='bbox 2563 561 2693 614; x_wconf 82' lang='lat' dir='ltr'><strong>sicut</strong></span> <span class='ocrx_word' id='word_1_509' title='bbox 2716 562 2956 632; x_wconf 87' lang='lat' dir='ltr'><strong>scriptum</strong></span> <span class='ocrx_word' id='word_1_510' title='bbox 2976 573 3066 629; x_wconf 88' lang='lat' dir='ltr'><strong>est,</strong></span> <span class='ocrx_word' id='word_1_511' title='bbox 3110 565 3283 620; x_wconf 78' lang='lat' dir='ltr'><strong>Veniet</strong></span> <span class='ocrx_word' id='word_1_512' title='bbox 3307 584 3368 621; x_wconf 81' lang='lat' dir='ltr'><strong>ea:</strong></span> <span class='ocrx_word' id='word_1_513' title='bbox 3393 569 3522 622; x_wconf 89' lang='lat' dir='ltr'><strong>Sion</strong></span> <span class='ocrx_word' id='word_1_514' title='bbox 3545 571 3634 640; x_wconf 87' lang='lat' dir='ltr'><strong>qui</strong></span> <span class='ocrx_word' id='word_1_515' title='bbox 3660 572 3752 622; x_wconf 81' lang='lat' dir='ltr'><strong>eri-</strong></span> 
     </span>
    </p>
   </div>
   <div class='ocr_carea' id='block_1_65' title="bbox 2169 641 3749 724">
    <p class='ocr_par' dir='ltr' id='par_1_65' title="bbox 2169 641 3749 724">
     <span class='ocr_line' id='line_1_66' title="bbox 2169 641 3749 724; baseline 0.011 -25"><span class='ocrx_word' id='word_1_516' title='bbox 2169 648 2295 718; x_wconf 82' lang='lat' dir='ltr'><strong>piat,</strong></span> <span class='ocrx_word' id='word_1_517' title='bbox 2326 659 2374 703; x_wconf 89' lang='lat' dir='ltr'><strong>et</strong></span> <span class='ocrx_word' id='word_1_518' title='bbox 2399 660 2588 704; x_wconf 86' lang='lat' dir='ltr'><strong>avertat</strong></span> <span class='ocrx_word' id='word_1_519' title='bbox 2616 653 2920 722; x_wconf 84' lang='lat' dir='ltr'><strong>impietatem</strong></span> <span class='ocrx_word' id='word_1_520' title='bbox 2949 657 3010 708; x_wconf 92' lang='lat' dir='ltr'><strong>ab</strong></span> <span class='ocrx_word' id='word_1_521' title='bbox 3037 641 3200 712; x_wconf 75' lang='lat' dir='ltr'><strong>Iacob</strong></span> <span class='ocrx_word' id='word_1_522' title='bbox 3219 700 3234 724; x_wconf 93' lang='lat'><strong>,</strong></span> <span class='ocrx_word' id='word_1_523' title='bbox 3263 669 3309 714; x_wconf 89' lang='lat' dir='ltr'><strong>et</strong></span> <span class='ocrx_word' id='word_1_524' title='bbox 3340 660 3434 714; x_wconf 84' lang='lat' dir='ltr'><strong>hoc</strong></span> <span class='ocrx_word' id='word_1_525' title='bbox 3463 661 3567 716; x_wconf 84' lang='lat' dir='ltr'><strong>illis</strong></span> <span class='ocrx_word' id='word_1_526' title='bbox 3604 679 3637 714; x_wconf 89' lang='lat' dir='ltr'><strong>a</strong></span> <span class='ocrx_word' id='word_1_527' title='bbox 3673 678 3749 716; x_wconf 78' lang='lat' dir='ltr'><strong>me</strong></span> 
     </span>
    </p>
   </div>
   <div class='ocr_carea' id='block_1_66' title="bbox 2169 741 3755 815">
    <p class='ocr_par' dir='ltr' id='par_1_66' title="bbox 2169 741 3755 815">
     <span class='ocr_line' id='line_1_67' title="bbox 2169 741 3755 815; baseline 0.011 -28"><span class='ocrx_word' id='word_1_528' title='bbox 2169 746 2537 802; x_wconf 85' lang='lat' dir='ltr'><strong>testamentum,</strong></span> <span class='ocrx_word' id='word_1_529' title='bbox 2564 757 2676 794; x_wconf 89' lang='lat' dir='ltr'><strong>cum</strong></span> <span class='ocrx_word' id='word_1_530' title='bbox 2700 741 2954 798; x_wconf 79' lang='lat' dir='ltr'><strong>abstulero</strong></span> <span class='ocrx_word' id='word_1_531' title='bbox 2974 757 3175 815; x_wconf 83' lang='lat' dir='ltr'><strong>peccata</strong></span> <span class='ocrx_word' id='word_1_532' title='bbox 3202 765 3373 802; x_wconf 88' lang='lat' dir='ltr'><strong>eorum</strong></span> <span class='ocrx_word' id='word_1_533' title='bbox 3401 766 3420 804; x_wconf 89' lang='lat'><strong><em>:</em></strong></span> <span class='ocrx_word' id='word_1_534' title='bbox 3453 766 3578 806; x_wconf 79' lang='lat' dir='ltr'><strong>mox</strong></span> <span class='ocrx_word' id='word_1_535' title='bbox 3605 751 3755 805; x_wconf 81' lang='lat' dir='ltr'><strong>addi-</strong></span> 
     </span>
    </p>
   </div>
   <div class='ocr_carea' id='block_1_67' title="bbox 2167 824 3753 904">
    <p class='ocr_par' dir='ltr' id='par_1_67' title="bbox 2167 824 3753 904">
     <span class='ocr_line' id='line_1_68' title="bbox 2167 824 3753 904; baseline 0.012 -26"><span class='ocrx_word' id='word_1_536' title='bbox 2167 824 2245 879; x_wconf 91' lang='lat' dir='ltr'><strong>dit</strong></span> <span class='ocrx_word' id='word_1_537' title='bbox 2264 828 2402 896; x_wconf 88' lang='lat' dir='ltr'><strong>quod</strong></span> <span class='ocrx_word' id='word_1_538' title='bbox 2422 829 2701 899; x_wconf 87' lang='lat' dir='ltr'><strong>diligenter</strong></span> <span class='ocrx_word' id='word_1_539' title='bbox 2723 833 3119 904; x_wconf 86' lang='lat' dir='ltr'><strong>intelligendum</strong></span> <span class='ocrx_word' id='word_1_540' title='bbox 3141 849 3242 901; x_wconf 91' lang='lat' dir='ltr'><strong>est,</strong></span> <span class='ocrx_word' id='word_1_541' title='bbox 3267 838 3562 894; x_wconf 86' lang='lat' dir='ltr'><strong>Secundum</strong></span> <span class='ocrx_word' id='word_1_542' title='bbox 3591 843 3753 897; x_wconf 81' lang='lat' dir='ltr'><strong>Evan-</strong></span> 
     </span>
    </p>
   </div>
   <div class='ocr_carea' id='block_1_68' title="bbox 2165 916 3751 996">
    <p class='ocr_par' dir='ltr' id='par_1_68' title="bbox 2165 916 3751 996">
     <span class='ocr_line' id='line_1_69' title="bbox 2165 916 3751 996; baseline 0.01 -27"><span class='ocrx_word' id='word_1_543' title='bbox 2165 916 2356 987; x_wconf 87' lang='lat' dir='ltr'><strong>gelium</strong></span> <span class='ocrx_word' id='word_1_544' title='bbox 2383 920 2583 988; x_wconf 80' lang='lat' dir='ltr'><strong>quidem</strong></span> <span class='ocrx_word' id='word_1_545' title='bbox 2608 923 2802 977; x_wconf 86' lang='lat' dir='ltr'><strong>inimici</strong></span> <span class='ocrx_word' id='word_1_546' title='bbox 2839 935 3048 996; x_wconf 79' lang='lat' dir='ltr'><strong>propter</strong></span> <span class='ocrx_word' id='word_1_547' title='bbox 3074 943 3190 992; x_wconf 88' lang='lat' dir='ltr'><strong>vos,</strong></span> <span class='ocrx_word' id='word_1_548' title='bbox 3235 933 3511 984; x_wconf 84' lang='lat' dir='ltr'><strong>secundum</strong></span> <span class='ocrx_word' id='word_1_549' title='bbox 3553 932 3751 986; x_wconf 81' lang='lat' dir='ltr'><strong>electio-</strong></span> 
     </span>
    </p>
   </div>
   <div class='ocr_carea' id='block_1_69' title="bbox 2166 1011 3754 1091">
    <p class='ocr_par' dir='ltr' id='par_1_69' title="bbox 2166 1011 3754 1091">
     <span class='ocr_line' id='line_1_70' title="bbox 2166 1011 3754 1091; baseline 0.011 -32"><span class='ocrx_word' id='word_1_550' title='bbox 2166 1018 2457 1062; x_wconf 88' lang='lat' dir='ltr'><strong>nemautem</strong></span> <span class='ocrx_word' id='word_1_551' title='bbox 2480 1011 2648 1065; x_wconf 83' lang='lat' dir='ltr'><strong>dilecti</strong></span> <span class='ocrx_word' id='word_1_552' title='bbox 2667 1025 2872 1081; x_wconf 84' lang='lat' dir='ltr'><strong>propter</strong></span> <span class='ocrx_word' id='word_1_553' title='bbox 2897 1026 3064 1085; x_wconf 87' lang='lat' dir='ltr'><strong>patres</strong></span> <span class='ocrx_word' id='word_1_554' title='bbox 3093 1018 3581 1091; x_wconf 64' lang='lat' dir='ltr'><strong>(Rom.1t.25-‘29).</strong></span> <span class='ocrx_word' id='word_1_555' title='bbox 3614 1022 3754 1089; x_wconf 81' lang='lat' dir='ltr'><strong>Quid</strong></span> 
     </span>
    </p>
   </div>
   <div class='ocr_carea' id='block_1_70' title="bbox 2164 1099 3748 1182">
    <p class='ocr_par' dir='ltr' id='par_1_70' title="bbox 2164 1099 3748 1182">
     <span class='ocr_line' id='line_1_71' title="bbox 2164 1099 3748 1182; baseline 0.009 -29"><span class='ocrx_word' id='word_1_556' title='bbox 2164 1107 2266 1165; x_wconf 89' lang='lat' dir='ltr'><strong>est,</strong></span> <span class='ocrx_word' id='word_1_557' title='bbox 2291 1099 2581 1155; x_wconf 85' lang='lat' dir='ltr'><strong>Secundum</strong></span> <span class='ocrx_word' id='word_1_558' title='bbox 2609 1103 2942 1176; x_wconf 85' lang='lat' dir='ltr'><strong>Evangeliunt</strong></span> <span class='ocrx_word' id='word_1_559' title='bbox 2965 1109 3164 1178; x_wconf 86' lang='lat' dir='ltr'><strong>quidem</strong></span> <span class='ocrx_word' id='word_1_560' title='bbox 3183 1111 3376 1165; x_wconf 89' lang='lat' dir='ltr'><strong>inimici</strong></span> <span class='ocrx_word' id='word_1_561' title='bbox 3399 1123 3606 1182; x_wconf 85' lang='lat' dir='ltr'><strong>prapter</strong></span> <span class='ocrx_word' id='word_1_562' title='bbox 3625 1130 3712 1167; x_wconf 75' lang='lat' dir='ltr'><strong>vos</strong></span> <span class='ocrx_word' id='word_1_563' title='bbox 3724 1136 3748 1180; x_wconf 52' lang='grc' dir='ltr'>,ν</span> 
     </span>
    </p>
   </div>
   <div class='ocr_carea' id='block_1_71' title="bbox 2165 1192 3746 1269">
    <p class='ocr_par' dir='ltr' id='par_1_71' title="bbox 2165 1192 3746 1269">
     <span class='ocr_line' id='line_1_72' title="bbox 2165 1192 3746 1269; baseline 0.009 -25"><span class='ocrx_word' id='word_1_564' title='bbox 2165 1192 2266 1245; x_wconf 89' lang='lat' dir='ltr'><strong>nisi</strong></span> <span class='ocrx_word' id='word_1_565' title='bbox 2309 1193 2451 1261; x_wconf 91' lang='lat' dir='ltr'><strong>quod</strong></span> <span class='ocrx_word' id='word_1_566' title='bbox 2485 1209 2669 1249; x_wconf 88' lang='lat' dir='ltr'><strong>eorum</strong></span> <span class='ocrx_word' id='word_1_567' title='bbox 2693 1197 2962 1252; x_wconf 91' lang='lat' dir='ltr'><strong>inimicitia</strong></span> <span class='ocrx_word' id='word_1_568' title='bbox 2988 1214 3088 1269; x_wconf 92' lang='lat' dir='ltr'><strong>qua</strong></span> <span class='ocrx_word' id='word_1_569' title='bbox 3115 1201 3424 1256; x_wconf 85' lang='lat' dir='ltr'><strong>occiderunt</strong></span> <span class='ocrx_word' id='word_1_570' title='bbox 3449 1203 3746 1269; x_wconf 89' lang='lat' dir='ltr'><strong>Christum,</strong></span> 
     </span>
    </p>
   </div>
   <div class='ocr_carea' id='block_1_72' title="bbox 2165 1283 3750 1365">
    <p class='ocr_par' dir='ltr' id='par_1_72' title="bbox 2165 1283 3750 1365">
     <span class='ocr_line' id='line_1_73' title="bbox 2165 1283 3750 1365; baseline 0.01 -30"><span class='ocrx_word' id='word_1_571' title='bbox 2165 1283 2472 1354; x_wconf 82' lang='lat' dir='ltr'><strong>Evangelio,</strong></span> <span class='ocrx_word' id='word_1_572' title='bbox 2503 1288 2640 1341; x_wconf 91' lang='lat' dir='ltr'><strong>sicut</strong></span> <span class='ocrx_word' id='word_1_573' title='bbox 2666 1288 2910 1345; x_wconf 86' lang='lat' dir='ltr'><strong>videmus</strong></span> <span class='ocrx_word' id='word_1_574' title='bbox 2930 1332 2944 1352; x_wconf 84' lang='grc'><strong>,</strong></span> <span class='ocrx_word' id='word_1_575' title='bbox 2976 1293 3093 1346; x_wconf 88' lang='lat' dir='ltr'><strong>sine</strong></span> <span class='ocrx_word' id='word_1_576' title='bbox 3120 1292 3453 1350; x_wconf 91' lang='lat' dir='ltr'><strong>dubitatione</strong></span> <span class='ocrx_word' id='word_1_577' title='bbox 3484 1297 3750 1365; x_wconf 79' lang='lat' dir='ltr'><strong>profecit?</strong></span> 
     </span>
    </p>
   </div>
   <div class='ocr_carea' id='block_1_73' title="bbox 2166 1372 3752 1456">
    <p class='ocr_par' dir='ltr' id='par_1_73' title="bbox 2166 1372 3752 1456">
     <span class='ocr_line' id='line_1_74' title="bbox 2166 1372 3752 1456; baseline 0.01 -29"><span class='ocrx_word' id='word_1_578' title='bbox 2166 1372 2234 1427; x_wconf 87' lang='lat' dir='ltr'><strong>Et</strong></span> <span class='ocrx_word' id='word_1_579' title='bbox 2262 1373 2362 1430; x_wconf 87' lang='lat' dir='ltr'><strong>hoc</strong></span> <span class='ocrx_word' id='word_1_580' title='bbox 2378 1377 2691 1432; x_wconf 85' lang='lat' dir='ltr'><strong>ostenditex</strong></span> <span class='ocrx_word' id='word_1_581' title='bbox 2730 1379 3186 1450; x_wconf 87' lang='lat' dir='ltr'><strong>Dcidispositione</strong></span> <span class='ocrx_word' id='word_1_582' title='bbox 3209 1386 3420 1439; x_wconf 90' lang='lat' dir='ltr'><strong>venisse</strong></span> <span class='ocrx_word' id='word_1_583' title='bbox 3444 1428 3457 1450; x_wconf 96' lang='lat'><strong>,</strong></span> <span class='ocrx_word' id='word_1_584' title='bbox 3491 1388 3582 1456; x_wconf 90' lang='lat' dir='ltr'><strong>qui</strong></span> <span class='ocrx_word' id='word_1_585' title='bbox 3614 1387 3752 1444; x_wconf 86' lang='lat' dir='ltr'><strong>bene</strong></span> 
     </span>
    </p>
   </div>
   <div class='ocr_carea' id='block_1_74' title="bbox 2167 1466 3746 1545">
    <p class='ocr_par' dir='ltr' id='par_1_74' title="bbox 2167 1466 3746 1545">
     <span class='ocr_line' id='line_1_75' title="bbox 2167 1466 3746 1545; baseline 0.01 -28"><span class='ocrx_word' id='word_1_586' title='bbox 2167 1466 2240 1518; x_wconf 91' lang='lat' dir='ltr'><strong>uti</strong></span> <span class='ocrx_word' id='word_1_587' title='bbox 2270 1468 2416 1520; x_wconf 91' lang='lat' dir='ltr'><strong>novit</strong></span> <span class='ocrx_word' id='word_1_588' title='bbox 2445 1468 2604 1522; x_wconf 91' lang='lat' dir='ltr'><strong>etiam</strong></span> <span class='ocrx_word' id='word_1_589' title='bbox 2647 1471 2800 1524; x_wconf 89' lang='lat' dir='ltr'><strong>malis</strong></span> <span class='ocrx_word' id='word_1_590' title='bbox 2829 1489 2842 1523; x_wconf 92' lang='lat'>:</span> <span class='ocrx_word' id='word_1_591' title='bbox 2878 1488 2983 1526; x_wconf 92' lang='lat' dir='ltr'><strong>non</strong></span> <span class='ocrx_word' id='word_1_592' title='bbox 3026 1483 3082 1527; x_wconf 90' lang='lat' dir='ltr'><strong>ut</strong></span> <span class='ocrx_word' id='word_1_593' title='bbox 3112 1474 3162 1528; x_wconf 89' lang='lat' dir='ltr'><strong>ci</strong></span> <span class='ocrx_word' id='word_1_594' title='bbox 3209 1477 3415 1544; x_wconf 89' lang='lat' dir='ltr'><strong>prosint</strong></span> <span class='ocrx_word' id='word_1_595' title='bbox 3455 1493 3583 1532; x_wconf 85' lang='lat' dir='ltr'><strong>vasa</strong></span> <span class='ocrx_word' id='word_1_596' title='bbox 3618 1481 3746 1545; x_wconf 78' lang='lat' dir='ltr'><strong>irte,</strong></span> 
     </span>
    </p>
   </div>
   <div class='ocr_carea' id='block_1_75' title="bbox 2166 1554 3752 1633">
    <p class='ocr_par' dir='ltr' id='par_1_75' title="bbox 2166 1554 3752 1633">
     <span class='ocr_line' id='line_1_76' title="bbox 2166 1554 3752 1633; baseline 0.01 -24"><span class='ocrx_word' id='word_1_597' title='bbox 2166 1554 2260 1609; x_wconf 86' lang='lat' dir='ltr'><strong>sed</strong></span> <span class='ocrx_word' id='word_1_598' title='bbox 2290 1566 2348 1610; x_wconf 90' lang='lat' dir='ltr'><strong>ut</strong></span> <span class='ocrx_word' id='word_1_599' title='bbox 2379 1557 2494 1626; x_wconf 87' lang='lat' dir='ltr'><strong>ipso</strong></span> <span class='ocrx_word' id='word_1_600' title='bbox 2523 1559 2626 1613; x_wconf 90' lang='lat' dir='ltr'><strong>illis</strong></span> <span class='ocrx_word' id='word_1_601' title='bbox 2652 1561 2788 1616; x_wconf 87' lang='lat' dir='ltr'><strong>bene</strong></span> <span class='ocrx_word' id='word_1_602' title='bbox 2818 1570 3016 1627; x_wconf 87' lang='lat' dir='ltr'><strong>utente,</strong></span> <span class='ocrx_word' id='word_1_603' title='bbox 3045 1565 3249 1633; x_wconf 86' lang='lat' dir='ltr'><strong>prosint</strong></span> <span class='ocrx_word' id='word_1_604' title='bbox 3273 1569 3411 1622; x_wconf 82' lang='lat' dir='ltr'><strong>vasis</strong></span> <span class='ocrx_word' id='word_1_605' title='bbox 3441 1570 3752 1625; x_wconf 86' lang='lat' dir='ltr'><strong>misericor-</strong></span> 
     </span>
    </p>
   </div>
   <div class='ocr_carea' id='block_1_76' title="bbox 2166 1646 3748 1732">
    <p class='ocr_par' dir='ltr' id='par_1_76' title="bbox 2166 1646 3748 1732">
     <span class='ocr_line' id='line_1_77' title="bbox 2166 1646 3748 1732; baseline 0.011 -33"><span class='ocrx_word' id='word_1_606' title='bbox 2166 1646 2287 1700; x_wconf 73' lang='lat' dir='ltr'><strong>diae.</strong></span> <span class='ocrx_word' id='word_1_607' title='bbox 2320 1649 2456 1714; x_wconf 84' lang='lat' dir='ltr'><strong>Quid</strong></span> <span class='ocrx_word' id='word_1_608' title='bbox 2485 1651 2626 1704; x_wconf 91' lang='lat' dir='ltr'><strong>enim</strong></span> <span class='ocrx_word' id='word_1_609' title='bbox 2653 1653 2886 1721; x_wconf 87' lang='lat' dir='ltr'><strong>apertius</strong></span> <span class='ocrx_word' id='word_1_610' title='bbox 2915 1655 3018 1709; x_wconf 91' lang='lat' dir='ltr'><strong>dici</strong></span> <span class='ocrx_word' id='word_1_611' title='bbox 3065 1658 3262 1725; x_wconf 84' lang='lat' dir='ltr'><strong>potuit,</strong></span> <span class='ocrx_word' id='word_1_612' title='bbox 3304 1675 3461 1729; x_wconf 90' lang='lat' dir='ltr'><strong>quam</strong></span> <span class='ocrx_word' id='word_1_613' title='bbox 3509 1661 3563 1716; x_wconf 92' lang='lat' dir='ltr'><strong>id</strong></span> <span class='ocrx_word' id='word_1_614' title='bbox 3607 1665 3748 1732; x_wconf 90' lang='lat' dir='ltr'><strong>quod</strong></span> 
     </span>
    </p>
   </div>
   <div class='ocr_carea' id='block_1_77' title="bbox 2166 1737 3753 1824">
    <p class='ocr_par' dir='ltr' id='par_1_77' title="bbox 2166 1737 3753 1824">
     <span class='ocr_line' id='line_1_78' title="bbox 2166 1737 3753 1824; baseline 0.011 -33"><span class='ocrx_word' id='word_1_615' title='bbox 2166 1737 2361 1793; x_wconf 87' lang='lat' dir='ltr'><strong>dictum</strong></span> <span class='ocrx_word' id='word_1_616' title='bbox 2389 1749 2490 1807; x_wconf 89' lang='lat' dir='ltr'><strong>est,</strong></span> <span class='ocrx_word' id='word_1_617' title='bbox 2524 1742 2812 1797; x_wconf 85' lang='lat' dir='ltr'><strong>Secundum</strong></span> <span class='ocrx_word' id='word_1_618' title='bbox 2841 1745 3169 1818; x_wconf 82' lang='lat' dir='ltr'><strong>Evangelium</strong></span> <span class='ocrx_word' id='word_1_619' title='bbox 3188 1750 3389 1818; x_wconf 82' lang='lat' dir='ltr'><strong>quidem</strong></span> <span class='ocrx_word' id='word_1_620' title='bbox 3420 1752 3616 1806; x_wconf 85' lang='lat' dir='ltr'><strong>inimici</strong></span> <span class='ocrx_word' id='word_1_621' title='bbox 3640 1771 3753 1824; x_wconf 88' lang='lat' dir='ltr'><strong>pro-</strong></span> 
     </span>
    </p>
   </div>
   <div class='ocr_carea' id='block_1_78' title="bbox 2167 1831 3748 1912">
    <p class='ocr_par' dir='ltr' id='par_1_78' title="bbox 2167 1831 3748 1912">
     <span class='ocr_line' id='line_1_79' title="bbox 2167 1831 3748 1912; baseline 0.011 -32"><span class='ocrx_word' id='word_1_622' title='bbox 2167 1839 2276 1898; x_wconf 87' lang='lat' dir='ltr'><strong>pter</strong></span> <span class='ocrx_word' id='word_1_623' title='bbox 2318 1831 2448 1884; x_wconf 85' lang='lat' dir='ltr'><strong>vos?</strong></span> <span class='ocrx_word' id='word_1_624' title='bbox 2505 1832 2600 1887; x_wconf 87' lang='lat' dir='ltr'><strong>Est</strong></span> <span class='ocrx_word' id='word_1_625' title='bbox 2637 1849 2764 1903; x_wconf 83' lang='lat' dir='ltr'><strong>ergo</strong></span> <span class='ocrx_word' id='word_1_626' title='bbox 2804 1836 2855 1889; x_wconf 92' lang='lat' dir='ltr'><strong>in</strong></span> <span class='ocrx_word' id='word_1_627' title='bbox 2896 1837 3154 1892; x_wconf 88' lang='lat' dir='ltr'><strong>malorum</strong></span> <span class='ocrx_word' id='word_1_628' title='bbox 3187 1848 3450 1908; x_wconf 88' lang='lat' dir='ltr'><strong>potestate</strong></span> <span class='ocrx_word' id='word_1_629' title='bbox 3477 1857 3748 1912; x_wconf 85' lang='lat' dir='ltr'><strong>peccare:</strong></span> 
     </span>
    </p>
   </div>
   <div class='ocr_carea' id='block_1_79' title="bbox 2167 1926 3748 2001">
    <p class='ocr_par' dir='ltr' id='par_1_79' title="bbox 2167 1926 3748 2001">
     <span class='ocr_line' id='line_1_80' title="bbox 2167 1926 3748 2001; baseline 0.009 -27"><span class='ocrx_word' id='word_1_630' title='bbox 2167 1929 2225 1975; x_wconf 93' lang='lat' dir='ltr'><strong>ut</strong></span> <span class='ocrx_word' id='word_1_631' title='bbox 2252 1932 2428 1977; x_wconf 89' lang='lat' dir='ltr'><strong>autem</strong></span> <span class='ocrx_word' id='word_1_632' title='bbox 2452 1926 2724 1993; x_wconf 91' lang='lat' dir='ltr'><strong>peccando</strong></span> <span class='ocrx_word' id='word_1_633' title='bbox 2755 1926 2855 1982; x_wconf 90' lang='lat' dir='ltr'><strong>hoc</strong></span> <span class='ocrx_word' id='word_1_634' title='bbox 2884 1929 2967 1983; x_wconf 90' lang='lat' dir='ltr'><strong>vel</strong></span> <span class='ocrx_word' id='word_1_635' title='bbox 3005 1929 3108 1984; x_wconf 92' lang='lat' dir='ltr'><strong>hoc</strong></span> <span class='ocrx_word' id='word_1_636' title='bbox 3153 1932 3239 1984; x_wconf 83' lang='lat' dir='ltr'><strong>illa</strong></span> <span class='ocrx_word' id='word_1_637' title='bbox 3271 1933 3472 1987; x_wconf 86' lang='lat' dir='ltr'><strong>malitia</strong></span> <span class='ocrx_word' id='word_1_638' title='bbox 3519 1934 3748 2001; x_wconf 86' lang='lat' dir='ltr'><strong>faciant,</strong></span> 
     </span>
    </p>
   </div>
   <div class='ocr_carea' id='block_1_80' title="bbox 2166 2017 3751 2089">
    <p class='ocr_par' dir='ltr' id='par_1_80' title="bbox 2166 2017 3751 2089">
     <span class='ocr_line' id='line_1_81' title="bbox 2166 2017 3751 2089; baseline 0.01 -22"><span class='ocrx_word' id='word_1_639' title='bbox 2166 2027 2273 2068; x_wconf 91' lang='lat' dir='ltr'><strong>non</strong></span> <span class='ocrx_word' id='word_1_640' title='bbox 2297 2023 2382 2070; x_wconf 90' lang='lat' dir='ltr'><strong>est</strong></span> <span class='ocrx_word' id='word_1_641' title='bbox 2411 2017 2461 2070; x_wconf 91' lang='lat' dir='ltr'><strong>in</strong></span> <span class='ocrx_word' id='word_1_642' title='bbox 2494 2033 2682 2073; x_wconf 90' lang='lat' dir='ltr'><strong>eorum</strong></span> <span class='ocrx_word' id='word_1_643' title='bbox 2716 2029 2998 2089; x_wconf 89' lang='lat' dir='ltr'><strong>potestate,</strong></span> <span class='ocrx_word' id='word_1_644' title='bbox 3042 2023 3136 2078; x_wconf 89' lang='lat' dir='ltr'><strong>sed</strong></span> <span class='ocrx_word' id='word_1_645' title='bbox 3170 2025 3258 2079; x_wconf 90' lang='lat' dir='ltr'><strong>Dei</strong></span> <span class='ocrx_word' id='word_1_646' title='bbox 3287 2025 3574 2081; x_wconf 89' lang='lat' dir='ltr'><strong>dividentis</strong></span> <span class='ocrx_word' id='word_1_647' title='bbox 3605 2037 3751 2083; x_wconf 89' lang='lat' dir='ltr'><strong>tene-</strong></span> 
     </span>
    </p>
   </div>
   <div class='ocr_carea' id='block_1_81' title="bbox 2166 2105 3754 2186">
    <p class='ocr_par' dir='ltr' id='par_1_81' title="bbox 2166 2105 3754 2186">
     <span class='ocr_line' id='line_1_82' title="bbox 2166 2105 3754 2186; baseline 0.009 -26"><span class='ocrx_word' id='word_1_648' title='bbox 2166 2105 2290 2162; x_wconf 91' lang='lat' dir='ltr'><strong>bras</strong></span> <span class='ocrx_word' id='word_1_649' title='bbox 2314 2120 2367 2163; x_wconf 89' lang='lat' dir='ltr'><strong>et</strong></span> <span class='ocrx_word' id='word_1_650' title='bbox 2395 2110 2690 2165; x_wconf 86' lang='lat' dir='ltr'><strong>ordinantis</strong></span> <span class='ocrx_word' id='word_1_651' title='bbox 2719 2127 2850 2178; x_wconf 90' lang='lat' dir='ltr'><strong>eas;</strong></span> <span class='ocrx_word' id='word_1_652' title='bbox 2897 2123 2955 2168; x_wconf 95' lang='lat' dir='ltr'><strong>ut</strong></span> <span class='ocrx_word' id='word_1_653' title='bbox 2997 2114 3118 2170; x_wconf 90' lang='lat' dir='ltr'><strong>hinc</strong></span> <span class='ocrx_word' id='word_1_654' title='bbox 3162 2117 3324 2171; x_wconf 88' lang='lat' dir='ltr'><strong>etiam</strong></span> <span class='ocrx_word' id='word_1_655' title='bbox 3369 2117 3512 2186; x_wconf 90' lang='lat' dir='ltr'><strong>quod</strong></span> <span class='ocrx_word' id='word_1_656' title='bbox 3550 2117 3754 2175; x_wconf 84' lang='lat' dir='ltr'><strong>faciunt</strong></span> 
     </span>
    </p>
   </div>
   <div class='ocr_carea' id='block_1_82' title="bbox 2166 2201 3756 2276">
    <p class='ocr_par' dir='ltr' id='par_1_82' title="bbox 2166 2201 3756 2276">
     <span class='ocr_line' id='line_1_83' title="bbox 2166 2201 3756 2276; baseline 0.009 -24"><span class='ocrx_word' id='word_1_657' title='bbox 2166 2210 2348 2252; x_wconf 89' lang='lat' dir='ltr'><strong>contra</strong></span> <span class='ocrx_word' id='word_1_658' title='bbox 2377 2201 2700 2256; x_wconf 89' lang='lat' dir='ltr'><strong>voluntatem</strong></span> <span class='ocrx_word' id='word_1_659' title='bbox 2734 2203 2861 2268; x_wconf 89' lang='lat' dir='ltr'><strong>Dei,</strong></span> <span class='ocrx_word' id='word_1_660' title='bbox 2898 2220 3003 2259; x_wconf 94' lang='lat' dir='ltr'><strong>non</strong></span> <span class='ocrx_word' id='word_1_661' title='bbox 3048 2207 3329 2276; x_wconf 89' lang='lat' dir='ltr'><strong>impleatur</strong></span> <span class='ocrx_word' id='word_1_662' title='bbox 3370 2210 3471 2264; x_wconf 92' lang='lat' dir='ltr'><strong>nisi</strong></span> <span class='ocrx_word' id='word_1_663' title='bbox 3509 2211 3756 2268; x_wconf 85' lang='lat' dir='ltr'><strong>voluntas</strong></span> 
     </span>
    </p>
   </div>
   <div class='ocr_carea' id='block_1_83' title="bbox 2167 2287 3754 2369">
    <p class='ocr_par' dir='ltr' id='par_1_83' title="bbox 2167 2287 3754 2369">
     <span class='ocr_line' id='line_1_84' title="bbox 2167 2287 3754 2369; baseline 0.01 -28"><span class='ocrx_word' id='word_1_664' title='bbox 2167 2287 2283 2342; x_wconf 91' lang='lat' dir='ltr'><strong>Dei.</strong></span> <span class='ocrx_word' id='word_1_665' title='bbox 2313 2289 2560 2358; x_wconf 87' lang='lat' dir='ltr'><strong>Legimus</strong></span> <span class='ocrx_word' id='word_1_666' title='bbox 2589 2291 2640 2346; x_wconf 92' lang='lat' dir='ltr'><strong>in</strong></span> <span class='ocrx_word' id='word_1_667' title='bbox 2669 2294 2889 2348; x_wconf 87' lang='lat' dir='ltr'><strong>Actibus</strong></span> <span class='ocrx_word' id='word_1_668' title='bbox 2917 2297 3289 2365; x_wconf 78' lang='lat' dir='ltr'><strong>Apostolorum</strong></span> <span class='ocrx_word' id='word_1_669' title='bbox 3311 2338 3328 2364; x_wconf 91' lang='lat'><strong>,</strong></span> <span class='ocrx_word' id='word_1_670' title='bbox 3356 2301 3498 2369; x_wconf 91' lang='lat' dir='ltr'><strong>quod</strong></span> <span class='ocrx_word' id='word_1_671' title='bbox 3526 2315 3648 2356; x_wconf 91' lang='lat' dir='ltr'><strong>cum</strong></span> <span class='ocrx_word' id='word_1_672' title='bbox 3673 2301 3754 2356; x_wconf 81' lang='lat' dir='ltr'><strong>di-</strong></span> 
     </span>
    </p>
   </div>
   <div class='ocr_carea' id='block_1_84' title="bbox 2165 2379 3754 2456">
    <p class='ocr_par' dir='ltr' id='par_1_84' title="bbox 2165 2379 3754 2456">
     <span class='ocr_line' id='line_1_85' title="bbox 2165 2379 3754 2456; baseline 0.009 -23"><span class='ocrx_word' id='word_1_673' title='bbox 2165 2379 2314 2434; x_wconf 84' lang='lat' dir='ltr'><strong>missi</strong></span> <span class='ocrx_word' id='word_1_674' title='bbox 2343 2395 2371 2434; x_wconf 89' lang='lat' dir='ltr'><strong>a</strong></span> <span class='ocrx_word' id='word_1_675' title='bbox 2395 2381 2595 2438; x_wconf 64' lang='lat' dir='ltr'><strong>Iudaeis</strong></span> <span class='ocrx_word' id='word_1_676' title='bbox 2621 2385 2861 2454; x_wconf 86' lang='lat' dir='ltr'><strong>Apostoli</strong></span> <span class='ocrx_word' id='word_1_677' title='bbox 2887 2389 3158 2442; x_wconf 89' lang='lat' dir='ltr'><strong>venissent</strong></span> <span class='ocrx_word' id='word_1_678' title='bbox 3178 2388 3244 2443; x_wconf 88' lang='lat' dir='ltr'><strong>ad</strong></span> <span class='ocrx_word' id='word_1_679' title='bbox 3267 2403 3414 2456; x_wconf 87' lang='lat' dir='ltr'><strong>suos,</strong></span> <span class='ocrx_word' id='word_1_680' title='bbox 3439 2400 3495 2445; x_wconf 92' lang='lat' dir='ltr'><strong>et</strong></span> <span class='ocrx_word' id='word_1_681' title='bbox 3517 2392 3754 2448; x_wconf 87' lang='lat' dir='ltr'><strong>indicas-</strong></span> 
     </span>
    </p>
   </div>
   <div class='ocr_carea' id='block_1_85' title="bbox 2165 2475 3752 2548">
    <p class='ocr_par' dir='ltr' id='par_1_85' title="bbox 2165 2475 3752 2548">
     <span class='ocr_line' id='line_1_86' title="bbox 2165 2475 3752 2548; baseline 0.008 -21"><span class='ocrx_word' id='word_1_682' title='bbox 2165 2482 2287 2528; x_wconf 88' lang='lat' dir='ltr'><strong>sent</strong></span> <span class='ocrx_word' id='word_1_683' title='bbox 2309 2484 2504 2543; x_wconf 88' lang='lat' dir='ltr'><strong>quanta</strong></span> <span class='ocrx_word' id='word_1_684' title='bbox 2534 2475 2613 2530; x_wconf 90' lang='lat' dir='ltr'><strong>eis</strong></span> <span class='ocrx_word' id='word_1_685' title='bbox 2641 2477 2944 2532; x_wconf 88' lang='lat' dir='ltr'><strong>sacerdotes</strong></span> <span class='ocrx_word' id='word_1_686' title='bbox 2979 2488 3035 2534; x_wconf 90' lang='lat' dir='ltr'><strong>et</strong></span> <span class='ocrx_word' id='word_1_687' title='bbox 3070 2480 3308 2535; x_wconf 84' lang='lat' dir='ltr'><strong>seniores</strong></span> <span class='ocrx_word' id='word_1_688' title='bbox 3345 2481 3629 2548; x_wconf 82' lang='lat' dir='ltr'><strong>dixerunt;</strong></span> <span class='ocrx_word' id='word_1_689' title='bbox 3673 2484 3752 2539; x_wconf 86' lang='lat' dir='ltr'><strong>Ie-</strong></span> 
     </span>
    </p>
   </div>
   <div class='ocr_carea' id='block_1_86' title="bbox 2163 2566 3748 2638">
    <p class='ocr_par' dir='ltr' id='par_1_86' title="bbox 2163 2566 3748 2638">
     <span class='ocr_line' id='line_1_87' title="bbox 2163 2566 3748 2638; baseline 0.007 -22"><span class='ocrx_word' id='word_1_690' title='bbox 2163 2575 2421 2620; x_wconf 88' lang='lat' dir='ltr'><strong>vaverunt</strong></span> <span class='ocrx_word' id='word_1_691' title='bbox 2446 2566 2519 2620; x_wconf 91' lang='lat' dir='ltr'><strong>illi</strong></span> <span class='ocrx_word' id='word_1_692' title='bbox 2557 2582 2740 2622; x_wconf 90' lang='lat' dir='ltr'><strong>vocem</strong></span> <span class='ocrx_word' id='word_1_693' title='bbox 2781 2569 3058 2624; x_wconf 91' lang='lat' dir='ltr'><strong>unanimes</strong></span> <span class='ocrx_word' id='word_1_694' title='bbox 3100 2585 3289 2627; x_wconf 90' lang='lat' dir='ltr'><strong>omnes</strong></span> <span class='ocrx_word' id='word_1_695' title='bbox 3328 2571 3394 2626; x_wconf 88' lang='lat' dir='ltr'><strong>ad</strong></span> <span class='ocrx_word' id='word_1_696' title='bbox 3441 2573 3748 2638; x_wconf 88' lang='lat' dir='ltr'><strong>Dominum,</strong></span> 
     </span>
    </p>
   </div>
   <div class='ocr_carea' id='block_1_87' title="bbox 2168 2655 3750 2731">
    <p class='ocr_par' dir='ltr' id='par_1_87' title="bbox 2168 2655 3750 2731">
     <span class='ocr_line' id='line_1_88' title="bbox 2168 2655 3750 2731; baseline 0.004 -21"><span class='ocrx_word' id='word_1_697' title='bbox 2168 2663 2222 2710; x_wconf 89' lang='lat' dir='ltr'><strong>et</strong></span> <span class='ocrx_word' id='word_1_698' title='bbox 2247 2655 2498 2710; x_wconf 86' lang='lat' dir='ltr'><strong>dixerunt</strong></span> <span class='ocrx_word' id='word_1_699' title='bbox 2527 2675 2540 2711; x_wconf 90' lang='lat'><strong>:</strong></span> <span class='ocrx_word' id='word_1_700' title='bbox 2573 2656 2807 2725; x_wconf 86' lang='lat' dir='ltr'><strong>Domine,</strong></span> <span class='ocrx_word' id='word_1_701' title='bbox 2833 2667 2885 2712; x_wconf 90' lang='lat' dir='ltr'><strong>tu</strong></span> <span class='ocrx_word' id='word_1_702' title='bbox 2908 2675 2960 2713; x_wconf 90' lang='lat' dir='ltr'><strong>es</strong></span> <span class='ocrx_word' id='word_1_703' title='bbox 2979 2660 3065 2729; x_wconf 89' lang='lat' dir='ltr'><strong>qui</strong></span> <span class='ocrx_word' id='word_1_704' title='bbox 3085 2662 3246 2731; x_wconf 78' lang='lat' dir='ltr'><strong>fecisti</strong></span> <span class='ocrx_word' id='word_1_705' title='bbox 3269 2663 3448 2716; x_wconf 75' lang='lat' dir='ltr'><strong>caelum</strong></span> <span class='ocrx_word' id='word_1_706' title='bbox 3470 2671 3515 2716; x_wconf 88' lang='lat' dir='ltr'><strong>et</strong></span> <span class='ocrx_word' id='word_1_707' title='bbox 3541 2674 3750 2730; x_wconf 80' lang='lat' dir='ltr'><strong>terram,</strong></span> 
     </span>
    </p>
   </div>
   <div class='ocr_carea' id='block_1_88' title="bbox 2165 2751 3753 2826">
    <p class='ocr_par' dir='ltr' id='par_1_88' title="bbox 2165 2751 3753 2826">
     <span class='ocr_line' id='line_1_89' title="bbox 2165 2751 3753 2826; baseline 0.007 -26"><span class='ocrx_word' id='word_1_708' title='bbox 2165 2758 2212 2800; x_wconf 89' lang='lat' dir='ltr'><strong>et</strong></span> <span class='ocrx_word' id='word_1_709' title='bbox 2238 2765 2394 2814; x_wconf 90' lang='lat' dir='ltr'><strong>mare,</strong></span> <span class='ocrx_word' id='word_1_710' title='bbox 2428 2759 2474 2802; x_wconf 86' lang='lat' dir='ltr'><strong>et</strong></span> <span class='ocrx_word' id='word_1_711' title='bbox 2502 2751 2672 2804; x_wconf 87' lang='lat' dir='ltr'><strong>omnia</strong></span> <span class='ocrx_word' id='word_1_712' title='bbox 2693 2767 2804 2820; x_wconf 62' lang='lat' dir='ltr'><strong>quat</strong></span> <span class='ocrx_word' id='word_1_713' title='bbox 2825 2752 2877 2805; x_wconf 87' lang='lat' dir='ltr'><strong>in</strong></span> <span class='ocrx_word' id='word_1_714' title='bbox 2905 2753 2976 2806; x_wconf 86' lang='lat' dir='ltr'><strong>eis</strong></span> <span class='ocrx_word' id='word_1_715' title='bbox 3001 2763 3136 2819; x_wconf 86' lang='lat' dir='ltr'><strong>sunt,</strong></span> <span class='ocrx_word' id='word_1_716' title='bbox 3164 2756 3251 2824; x_wconf 88' lang='lat' dir='ltr'><strong>qui</strong></span> <span class='ocrx_word' id='word_1_717' title='bbox 3277 2772 3364 2824; x_wconf 88' lang='lat' dir='ltr'><strong>per</strong></span> <span class='ocrx_word' id='word_1_718' title='bbox 3392 2772 3446 2809; x_wconf 89' lang='lat' dir='ltr'><strong>os</strong></span> <span class='ocrx_word' id='word_1_719' title='bbox 3477 2758 3637 2826; x_wconf 83' lang='lat' dir='ltr'><strong>patris</strong></span> <span class='ocrx_word' id='word_1_720' title='bbox 3662 2773 3753 2811; x_wconf 81' lang='lat' dir='ltr'><strong>no-</strong></span> 
     </span>
    </p>
   </div>
   <div class='ocr_carea' id='block_1_89' title="bbox 2164 2837 3753 2917">
    <p class='ocr_par' dir='ltr' id='par_1_89' title="bbox 2164 2837 3753 2917">
     <span class='ocr_line' id='line_1_90' title="bbox 2164 2837 3753 2917; baseline 0.005 -25"><span class='ocrx_word' id='word_1_721' title='bbox 2164 2839 2257 2892; x_wconf 89' lang='lat' dir='ltr'><strong>stri</strong></span> <span class='ocrx_word' id='word_1_722' title='bbox 2283 2837 2464 2904; x_wconf 84' lang='lat' dir='ltr'><strong>David,</strong></span> <span class='ocrx_word' id='word_1_723' title='bbox 2496 2843 2654 2894; x_wconf 85' lang='lat' dir='ltr'><strong>sancti</strong></span> <span class='ocrx_word' id='word_1_724' title='bbox 2685 2843 2830 2911; x_wconf 89' lang='lat' dir='ltr'><strong>pueri</strong></span> <span class='ocrx_word' id='word_1_725' title='bbox 2865 2843 2960 2908; x_wconf 86' lang='lat' dir='ltr'><strong>tui,</strong></span> <span class='ocrx_word' id='word_1_726' title='bbox 2993 2844 3200 2908; x_wconf 71' lang='lat' dir='ltr'><strong>dixisti,</strong></span> <span class='ocrx_word' id='word_1_727' title='bbox 3243 2845 3416 2912; x_wconf 81' lang='lat' dir='ltr'><strong>Quare</strong></span> <span class='ocrx_word' id='word_1_728' title='bbox 3441 2850 3753 2917; x_wconf 77' lang='lat' dir='ltr'><strong>fremuerunt</strong></span> 
     </span>
    </p>
   </div>
   <div class='ocr_carea' id='block_1_90' title="bbox 2164 2934 3754 3008">
    <p class='ocr_par' dir='ltr' id='par_1_90' title="bbox 2164 2934 3754 3008">
     <span class='ocr_line' id='line_1_91' title="bbox 2164 2934 3754 3008; baseline 0.006 -25"><span class='ocrx_word' id='word_1_729' title='bbox 2164 2942 2364 3002; x_wconf 87' lang='lat' dir='ltr'><strong>gentes,</strong></span> <span class='ocrx_word' id='word_1_730' title='bbox 2396 2941 2442 2985; x_wconf 91' lang='lat' dir='ltr'><strong>et</strong></span> <span class='ocrx_word' id='word_1_731' title='bbox 2470 2934 2645 3003; x_wconf 86' lang='lat' dir='ltr'><strong>populi</strong></span> <span class='ocrx_word' id='word_1_732' title='bbox 2674 2934 2898 2987; x_wconf 83' lang='lat' dir='ltr'><strong>meditati</strong></span> <span class='ocrx_word' id='word_1_733' title='bbox 2923 2944 3041 2989; x_wconf 88' lang='lat' dir='ltr'><strong>sunt</strong></span> <span class='ocrx_word' id='word_1_734' title='bbox 3075 2936 3286 3002; x_wconf 85' lang='lat' dir='ltr'><strong>inania;</strong></span> <span class='ocrx_word' id='word_1_735' title='bbox 3316 2938 3584 2992; x_wconf 86' lang='lat' dir='ltr'><strong>astiterunt</strong></span> <span class='ocrx_word' id='word_1_736' title='bbox 3611 2955 3754 3008; x_wconf 84' lang='lat' dir='ltr'><strong>reges</strong></span> 
     </span>
    </p>
   </div>
   <div class='ocr_carea' id='block_1_91' title="bbox 2165 3024 3756 3093">
    <p class='ocr_par' dir='ltr' id='par_1_91' title="bbox 2165 3024 3756 3093">
     <span class='ocr_line' id='line_1_92' title="bbox 2165 3024 3756 3093; baseline 0.006 -19"><span class='ocrx_word' id='word_1_737' title='bbox 2165 3031 2330 3087; x_wconf 65' lang='lat' dir='ltr'><strong>terrae,</strong></span> <span class='ocrx_word' id='word_1_738' title='bbox 2361 3032 2408 3076; x_wconf 88' lang='lat' dir='ltr'><strong>et</strong></span> <span class='ocrx_word' id='word_1_739' title='bbox 2437 3024 2687 3093; x_wconf 87' lang='lat' dir='ltr'><strong>principes</strong></span> <span class='ocrx_word' id='word_1_740' title='bbox 2714 3035 3056 3080; x_wconf 84' lang='lat' dir='ltr'><strong>convenerunt</strong></span> <span class='ocrx_word' id='word_1_741' title='bbox 3084 3028 3137 3080; x_wconf 88' lang='lat' dir='ltr'><strong>in</strong></span> <span class='ocrx_word' id='word_1_742' title='bbox 3173 3043 3350 3093; x_wconf 87' lang='lat' dir='ltr'><strong>unum,</strong></span> <span class='ocrx_word' id='word_1_743' title='bbox 3379 3028 3619 3082; x_wconf 82' lang='lat' dir='ltr'><strong>adversus</strong></span> <span class='ocrx_word' id='word_1_744' title='bbox 3653 3029 3756 3083; x_wconf 92' lang='lat' dir='ltr'><strong>Do-</strong></span> 
     </span>
    </p>
   </div>
   <div class='ocr_carea' id='block_1_92' title="bbox 2163 3114 3754 3194">
    <p class='ocr_par' dir='ltr' id='par_1_92' title="bbox 2163 3114 3754 3194">
     <span class='ocr_line' id='line_1_93' title="bbox 2163 3114 3754 3194; baseline 0.006 -29"><span class='ocrx_word' id='word_1_745' title='bbox 2163 3114 2356 3166; x_wconf 86' lang='lat' dir='ltr'><strong>minum</strong></span> <span class='ocrx_word' id='word_1_746' title='bbox 2384 3125 2433 3168; x_wconf 89' lang='lat' dir='ltr'><strong>et</strong></span> <span class='ocrx_word' id='word_1_747' title='bbox 2462 3115 2702 3169; x_wconf 84' lang='lat' dir='ltr'><strong>adversus</strong></span> <span class='ocrx_word' id='word_1_748' title='bbox 2741 3116 2996 3172; x_wconf 81' lang='lat' dir='ltr'><strong>Christum</strong></span> <span class='ocrx_word' id='word_1_749' title='bbox 3039 3119 3187 3194; x_wconf 79' lang='lat' dir='ltr'><strong>ejus?</strong></span> <span class='ocrx_word' id='word_1_750' title='bbox 3229 3119 3576 3174; x_wconf 87' lang='lat' dir='ltr'><strong>Convenerunt</strong></span> <span class='ocrx_word' id='word_1_751' title='bbox 3618 3123 3754 3175; x_wconf 85' lang='lat' dir='ltr'><strong>enim</strong></span> 
     </span>
    </p>
   </div>
   <div class='ocr_carea' id='block_1_93' title="bbox 2163 3203 3752 3283">
    <p class='ocr_par' dir='ltr' id='par_1_93' title="bbox 2163 3203 3752 3283">
     <span class='ocr_line' id='line_1_94' title="bbox 2163 3203 3752 3283; baseline 0.007 -26"><span class='ocrx_word' id='word_1_752' title='bbox 2163 3203 2218 3257; x_wconf 86' lang='lat' dir='ltr'><strong>in</strong></span> <span class='ocrx_word' id='word_1_753' title='bbox 2255 3205 2482 3272; x_wconf 87' lang='lat' dir='ltr'><strong>veritate,</strong></span> <span class='ocrx_word' id='word_1_754' title='bbox 2515 3206 2570 3260; x_wconf 89' lang='lat' dir='ltr'><strong>in</strong></span> <span class='ocrx_word' id='word_1_755' title='bbox 2598 3207 2798 3262; x_wconf 87' lang='lat' dir='ltr'><strong>civitate</strong></span> <span class='ocrx_word' id='word_1_756' title='bbox 2821 3209 2948 3277; x_wconf 86' lang='lat' dir='ltr'><strong>ista,</strong></span> <span class='ocrx_word' id='word_1_757' title='bbox 2991 3209 3232 3264; x_wconf 83' lang='lat' dir='ltr'><strong>adversus</strong></span> <span class='ocrx_word' id='word_1_758' title='bbox 3269 3221 3499 3265; x_wconf 87' lang='lat' dir='ltr'><strong>sanctum</strong></span> <span class='ocrx_word' id='word_1_759' title='bbox 3539 3228 3752 3283; x_wconf 83' lang='lat' dir='ltr'><strong>puerum</strong></span> 
     </span>
    </p>
   </div>
   <div class='ocr_carea' id='block_1_94' title="bbox 2165 3293 3752 3373">
    <p class='ocr_par' dir='ltr' id='par_1_94' title="bbox 2165 3293 3752 3373">
     <span class='ocr_line' id='line_1_95' title="bbox 2165 3293 3752 3373; baseline 0.007 -27"><span class='ocrx_word' id='word_1_760' title='bbox 2165 3301 2307 3346; x_wconf 89' lang='lat' dir='ltr'><strong>tuum</strong></span> <span class='ocrx_word' id='word_1_761' title='bbox 2327 3293 2506 3349; x_wconf 77' lang='lat' dir='ltr'><strong>Iesum</strong></span> <span class='ocrx_word' id='word_1_762' title='bbox 2529 3313 2676 3368; x_wconf 84' lang='lat' dir='ltr'><strong>quem</strong></span> <span class='ocrx_word' id='word_1_763' title='bbox 2704 3299 2915 3365; x_wconf 68' lang='lat' dir='ltr'><strong>unxisti,</strong></span> <span class='ocrx_word' id='word_1_764' title='bbox 2943 3297 3174 3354; x_wconf 78' lang='lat' dir='ltr'><strong>Herodes</strong></span> <span class='ocrx_word' id='word_1_765' title='bbox 3202 3309 3248 3354; x_wconf 87' lang='lat' dir='ltr'><strong>et</strong></span> <span class='ocrx_word' id='word_1_766' title='bbox 3278 3299 3480 3356; x_wconf 83' lang='lat' dir='ltr'><strong>Pilatus</strong></span> <span class='ocrx_word' id='word_1_767' title='bbox 3512 3313 3556 3356; x_wconf 85' lang='lat' dir='ltr'><strong>et</strong></span> <span class='ocrx_word' id='word_1_768' title='bbox 3579 3319 3752 3373; x_wconf 83' lang='lat' dir='ltr'><strong>popu-</strong></span> 
     </span>
    </p>
   </div>
   <div class='ocr_carea' id='block_1_95' title="bbox 2162 3383 3757 3462">
    <p class='ocr_par' dir='ltr' id='par_1_95' title="bbox 2162 3383 3757 3462">
     <span class='ocr_line' id='line_1_96' title="bbox 2162 3383 3757 3462; baseline 0.007 -26"><span class='ocrx_word' id='word_1_769' title='bbox 2162 3383 2244 3437; x_wconf 87' lang='lat' dir='ltr'><strong>lus</strong></span> <span class='ocrx_word' id='word_1_770' title='bbox 2272 3383 2456 3452; x_wconf 88' lang='lat' dir='ltr'><strong>Israel,</strong></span> <span class='ocrx_word' id='word_1_771' title='bbox 2488 3390 2656 3457; x_wconf 78' lang='lat' dir='ltr'><strong>facere</strong></span> <span class='ocrx_word' id='word_1_772' title='bbox 2691 3399 2880 3461; x_wconf 73' lang='lat' dir='ltr'><strong>quanta</strong></span> <span class='ocrx_word' id='word_1_773' title='bbox 2904 3405 3084 3444; x_wconf 88' lang='lat' dir='ltr'><strong>manus</strong></span> <span class='ocrx_word' id='word_1_774' title='bbox 3123 3399 3208 3443; x_wconf 88' lang='lat' dir='ltr'><strong>tua</strong></span> <span class='ocrx_word' id='word_1_775' title='bbox 3242 3400 3290 3444; x_wconf 84' lang='lat' dir='ltr'><strong>et</strong></span> <span class='ocrx_word' id='word_1_776' title='bbox 3319 3393 3589 3446; x_wconf 85' lang='lat' dir='ltr'><strong>consilium</strong></span> <span class='ocrx_word' id='word_1_777' title='bbox 3621 3409 3757 3462; x_wconf 53' lang='lat' dir='ltr'><strong>prta.-</strong></span> 
     </span>
    </p>
   </div>
   <div class='ocr_carea' id='block_1_96' title="bbox 2162 3474 3752 3550">
    <p class='ocr_par' dir='ltr' id='par_1_96' title="bbox 2162 3474 3752 3550">
     <span class='ocr_line' id='line_1_97' title="bbox 2162 3474 3752 3550; baseline 0.007 -24"><span class='ocrx_word' id='word_1_778' title='bbox 2162 3474 2429 3528; x_wconf 85' lang='lat' dir='ltr'><strong>destinavit</strong></span> <span class='ocrx_word' id='word_1_779' title='bbox 2459 3476 2568 3544; x_wconf 82' lang='lat' dir='ltr'><strong>ﬁeri</strong></span> <span class='ocrx_word' id='word_1_780' title='bbox 2593 3477 2730 3546; x_wconf 78' lang='lat' dir='ltr'><strong>(Act.</strong></span> <span class='ocrx_word' id='word_1_781' title='bbox 2755 3493 2825 3544; x_wconf 85' lang='lat' dir='ltr'><strong>tv,</strong></span> <span class='ocrx_word' id='word_1_782' title='bbox 2851 3477 3063 3548; x_wconf 62' lang='lat'><strong>24-28).</strong></span> <span class='ocrx_word' id='word_1_783' title='bbox 3092 3479 3234 3535; x_wconf 89' lang='lat' dir='ltr'><strong>Ecce</strong></span> <span class='ocrx_word' id='word_1_784' title='bbox 3254 3481 3397 3550; x_wconf 92' lang='lat' dir='ltr'><strong>quod</strong></span> <span class='ocrx_word' id='word_1_785' title='bbox 3423 3481 3621 3536; x_wconf 91' lang='lat' dir='ltr'><strong>dictum</strong></span> <span class='ocrx_word' id='word_1_786' title='bbox 3643 3491 3752 3550; x_wconf 88' lang='lat' dir='ltr'><strong>est,</strong></span> 
     </span>
    </p>
   </div>
   <div class='ocr_carea' id='block_1_97' title="bbox 2163 3563 3754 3642">
    <p class='ocr_par' dir='ltr' id='par_1_97' title="bbox 2163 3563 3754 3642">
     <span class='ocr_line' id='line_1_98' title="bbox 2163 3563 3754 3642; baseline 0.006 -24"><span class='ocrx_word' id='word_1_787' title='bbox 2163 3563 2461 3618; x_wconf 88' lang='lat' dir='ltr'><strong>Secundum</strong></span> <span class='ocrx_word' id='word_1_788' title='bbox 2520 3566 2851 3638; x_wconf 83' lang='lat' dir='ltr'><strong>Evangelium</strong></span> <span class='ocrx_word' id='word_1_789' title='bbox 2903 3569 3107 3639; x_wconf 88' lang='lat' dir='ltr'><strong>quidem</strong></span> <span class='ocrx_word' id='word_1_790' title='bbox 3155 3571 3347 3624; x_wconf 86' lang='lat' dir='ltr'><strong>inimici</strong></span> <span class='ocrx_word' id='word_1_791' title='bbox 3391 3581 3599 3642; x_wconf 87' lang='lat' dir='ltr'><strong>propter</strong></span> <span class='ocrx_word' id='word_1_792' title='bbox 3641 3589 3754 3628; x_wconf 82' lang='lat' dir='ltr'><strong>vos.</strong></span> 
     </span>
    </p>
   </div>
   <div class='ocr_carea' id='block_1_98' title="bbox 2163 3656 3756 3727">
    <p class='ocr_par' dir='ltr' id='par_1_98' title="bbox 2163 3656 3756 3727">
     <span class='ocr_line' id='line_1_99' title="bbox 2163 3656 3756 3727; baseline 0.006 -17"><span class='ocrx_word' id='word_1_793' title='bbox 2163 3656 2330 3710; x_wconf 90' lang='lat' dir='ltr'><strong>Tanta</strong></span> <span class='ocrx_word' id='word_1_794' title='bbox 2359 3658 2553 3727; x_wconf 90' lang='lat' dir='ltr'><strong>quippe</strong></span> <span class='ocrx_word' id='word_1_795' title='bbox 2583 3659 2650 3713; x_wconf 89' lang='lat' dir='ltr'><strong>ab</strong></span> <span class='ocrx_word' id='word_1_796' title='bbox 2690 3660 2918 3714; x_wconf 90' lang='lat' dir='ltr'><strong>inimicis</strong></span> <span class='ocrx_word' id='word_1_797' title='bbox 2946 3660 3147 3716; x_wconf 74' lang='lat' dir='ltr'><strong>Judteis</strong></span> <span class='ocrx_word' id='word_1_798' title='bbox 3175 3677 3362 3716; x_wconf 88' lang='lat' dir='ltr'><strong>manus</strong></span> <span class='ocrx_word' id='word_1_799' title='bbox 3405 3664 3498 3718; x_wconf 89' lang='lat' dir='ltr'><strong>Dei</strong></span> <span class='ocrx_word' id='word_1_800' title='bbox 3526 3675 3581 3719; x_wconf 92' lang='lat' dir='ltr'><strong>et</strong></span> <span class='ocrx_word' id='word_1_801' title='bbox 3619 3680 3756 3720; x_wconf 90' lang='lat' dir='ltr'><strong>con-</strong></span> 
     </span>
    </p>
   </div>
   <div class='ocr_carea' id='block_1_99' title="bbox 2163 3746 3757 3821">
    <p class='ocr_par' dir='ltr' id='par_1_99' title="bbox 2163 3746 3757 3821">
     <span class='ocr_line' id='line_1_100' title="bbox 2163 3746 3757 3821; baseline 0.008 -23"><span class='ocrx_word' id='word_1_802' title='bbox 2163 3746 2338 3800; x_wconf 87' lang='lat' dir='ltr'><strong>silium</strong></span> <span class='ocrx_word' id='word_1_803' title='bbox 2368 3748 2766 3815; x_wconf 79' lang='lat' dir='ltr'><strong>praedestinavit</strong></span> <span class='ocrx_word' id='word_1_804' title='bbox 2808 3750 2946 3816; x_wconf 84' lang='lat' dir='ltr'><strong>ﬁeri,</strong></span> <span class='ocrx_word' id='word_1_805' title='bbox 2975 3762 3172 3821; x_wconf 89' lang='lat' dir='ltr'><strong>quanta</strong></span> <span class='ocrx_word' id='word_1_806' title='bbox 3202 3756 3495 3808; x_wconf 87' lang='lat' dir='ltr'><strong>necessaria</strong></span> <span class='ocrx_word' id='word_1_807' title='bbox 3532 3754 3757 3812; x_wconf 84' lang='lat' dir='ltr'><strong>fuerunt</strong></span> 
     </span>
    </p>
   </div>
   <div class='ocr_carea' id='block_1_100' title="bbox 2162 3837 3750 3916">
    <p class='ocr_par' dir='ltr' id='par_1_100' title="bbox 2162 3837 3750 3916">
     <span class='ocr_line' id='line_1_101' title="bbox 2162 3837 3750 3916; baseline 0.006 -25"><span class='ocrx_word' id='word_1_808' title='bbox 2162 3837 2451 3908; x_wconf 82' lang='lat' dir='ltr'><strong>Evangelio</strong></span> <span class='ocrx_word' id='word_1_809' title='bbox 2477 3850 2698 3911; x_wconf 88' lang='lat' dir='ltr'><strong>propter</strong></span> <span class='ocrx_word' id='word_1_810' title='bbox 2723 3857 2822 3896; x_wconf 89' lang='lat' dir='ltr'><strong>nos</strong></span> <span class='ocrx_word' id='word_1_811' title='bbox 2849 3845 2887 3896; x_wconf 75' lang='grc' dir='ltr'><strong>ί.</strong></span> <span class='ocrx_word' id='word_1_812' title='bbox 2917 3843 3022 3899; x_wconf 90' lang='lat' dir='ltr'><strong>Sed</strong></span> <span class='ocrx_word' id='word_1_813' title='bbox 3051 3846 3176 3915; x_wconf 85' lang='lat' dir='ltr'><strong>quid</strong></span> <span class='ocrx_word' id='word_1_814' title='bbox 3207 3854 3283 3900; x_wconf 86' lang='lat' dir='ltr'><strong>est</strong></span> <span class='ocrx_word' id='word_1_815' title='bbox 3306 3845 3443 3914; x_wconf 91' lang='lat' dir='ltr'><strong>quod</strong></span> <span class='ocrx_word' id='word_1_816' title='bbox 3473 3847 3750 3916; x_wconf 86' lang='lat' dir='ltr'><strong>sequitur,</strong></span> 
     </span>
    </p>
   </div>
   <div class='ocr_carea' id='block_1_101' title="bbox 2164 3930 3758 4009">
    <p class='ocr_par' dir='ltr' id='par_1_101' title="bbox 2164 3930 3758 4009">
     <span class='ocr_line' id='line_1_102' title="bbox 2164 3930 3758 4009; baseline 0.004 -22"><span class='ocrx_word' id='word_1_817' title='bbox 2164 3930 2456 3987; x_wconf 88' lang='lat' dir='ltr'><strong>Secundunt</strong></span> <span class='ocrx_word' id='word_1_818' title='bbox 2505 3934 2794 3989; x_wconf 86' lang='lat' dir='ltr'><strong>electionem</strong></span> <span class='ocrx_word' id='word_1_819' title='bbox 2847 3947 3012 3991; x_wconf 88' lang='lat' dir='ltr'><strong>autem</strong></span> <span class='ocrx_word' id='word_1_820' title='bbox 3067 3938 3238 3992; x_wconf 83' lang='lat' dir='ltr'><strong>dilecti</strong></span> <span class='ocrx_word' id='word_1_821' title='bbox 3283 3947 3485 4009; x_wconf 87' lang='lat' dir='ltr'><strong>propter</strong></span> <span class='ocrx_word' id='word_1_822' title='bbox 3535 3941 3758 4009; x_wconf 81' lang='lat' dir='ltr'><strong>patres?</strong></span> 
     </span>
    </p>
   </div>
   <div class='ocr_carea' id='block_1_102' title="bbox 2161 4022 3752 4099">
    <p class='ocr_par' dir='ltr' id='par_1_102' title="bbox 2161 4022 3752 4099">
     <span class='ocr_line' id='line_1_103' title="bbox 2161 4022 3752 4099; baseline 0.005 -23"><span class='ocrx_word' id='word_1_823' title='bbox 2161 4022 2424 4094; x_wconf 85' lang='lat' dir='ltr'><strong>Numquid</strong></span> <span class='ocrx_word' id='word_1_824' title='bbox 2452 4025 2525 4079; x_wconf 91' lang='lat' dir='ltr'><strong>illi</strong></span> <span class='ocrx_word' id='word_1_825' title='bbox 2557 4026 2777 4093; x_wconf 88' lang='lat' dir='ltr'><strong>inimici,</strong></span> <span class='ocrx_word' id='word_1_826' title='bbox 2807 4029 2971 4097; x_wconf 90' lang='lat' dir='ltr'><strong>quiin</strong></span> <span class='ocrx_word' id='word_1_827' title='bbox 2994 4032 3105 4083; x_wconf 92' lang='lat' dir='ltr'><strong>suis</strong></span> <span class='ocrx_word' id='word_1_828' title='bbox 3136 4029 3422 4084; x_wconf 85' lang='lat' dir='ltr'><strong>inimicitiis</strong></span> <span class='ocrx_word' id='word_1_829' title='bbox 3453 4031 3752 4099; x_wconf 87' lang='lat' dir='ltr'><strong>perierunt,</strong></span> 
     </span>
    </p>
   </div>
   <div class='ocr_carea' id='block_1_103' title="bbox 2163 4115 3750 4192">
    <p class='ocr_par' dir='ltr' id='par_1_103' title="bbox 2163 4115 3750 4192">
     <span class='ocr_line' id='line_1_104' title="bbox 2163 4115 3750 4192; baseline 0.006 -24"><span class='ocrx_word' id='word_1_830' title='bbox 2163 4123 2217 4169; x_wconf 92' lang='lat' dir='ltr'><strong>et</strong></span> <span class='ocrx_word' id='word_1_831' title='bbox 2242 4115 2592 4172; x_wconf 86' lang='lat' dir='ltr'><strong>adversantes</strong></span> <span class='ocrx_word' id='word_1_832' title='bbox 2617 4116 2830 4173; x_wconf 88' lang='lat' dir='ltr'><strong>Christo</strong></span> <span class='ocrx_word' id='word_1_833' title='bbox 2856 4119 2923 4174; x_wconf 91' lang='lat' dir='ltr'><strong>de</strong></span> <span class='ocrx_word' id='word_1_834' title='bbox 2951 4129 3109 4190; x_wconf 84' lang='lat' dir='ltr'><strong>gente</strong></span> <span class='ocrx_word' id='word_1_835' title='bbox 3139 4121 3250 4192; x_wconf 91' lang='lat' dir='ltr'><strong>ipsa</strong></span> <span class='ocrx_word' id='word_1_836' title='bbox 3277 4121 3454 4181; x_wconf 85' lang='lat' dir='ltr'><strong>adhuc</strong></span> <span class='ocrx_word' id='word_1_837' title='bbox 3483 4135 3750 4192; x_wconf 90' lang='lat' dir='ltr'><strong>pereunt,</strong></span> 
     </span>
    </p>
   </div>
   <div class='ocr_carea' id='block_1_104' title="bbox 2163 4207 3753 4286">
    <p class='ocr_par' dir='ltr' id='par_1_104' title="bbox 2163 4207 3753 4286">
     <span class='ocr_line' id='line_1_105' title="bbox 2163 4207 3753 4286; baseline 0.007 -27"><span class='ocrx_word' id='word_1_838' title='bbox 2163 4207 2261 4274; x_wconf 91' lang='lat' dir='ltr'><strong>ipsi</strong></span> <span class='ocrx_word' id='word_1_839' title='bbox 2303 4217 2428 4262; x_wconf 89' lang='lat' dir='ltr'><strong>sunt</strong></span> <span class='ocrx_word' id='word_1_840' title='bbox 2465 4209 2618 4263; x_wconf 89' lang='lat' dir='ltr'><strong>electi</strong></span> <span class='ocrx_word' id='word_1_841' title='bbox 2655 4219 2815 4280; x_wconf 89' lang='lat' dir='ltr'><strong>atque</strong></span> <span class='ocrx_word' id='word_1_842' title='bbox 2860 4211 3085 4268; x_wconf 88' lang='lat' dir='ltr'><strong>dilecti?</strong></span> <span class='ocrx_word' id='word_1_843' title='bbox 3129 4213 3282 4269; x_wconf 84' lang='lat' dir='ltr'><strong>Absit</strong></span> <span class='ocrx_word' id='word_1_844' title='bbox 3324 4231 3337 4266; x_wconf 94' lang='lat'>:</span> <span class='ocrx_word' id='word_1_845' title='bbox 3370 4215 3491 4286; x_wconf 88' lang='lat' dir='ltr'><strong>quis</strong></span> <span class='ocrx_word' id='word_1_846' title='bbox 3527 4213 3628 4270; x_wconf 86' lang='lat' dir='ltr'><strong>hoc</strong></span> <span class='ocrx_word' id='word_1_847' title='bbox 3665 4216 3753 4270; x_wconf 85' lang='lat' dir='ltr'><strong>vel</strong></span> 
     </span>
    </p>
   </div>
   <div class='ocr_carea' id='block_1_105' title="bbox 2160 4299 3752 4374">
    <p class='ocr_par' dir='ltr' id='par_1_105' title="bbox 2160 4299 3752 4374">
     <span class='ocr_line' id='line_1_106' title="bbox 2160 4299 3752 4374; baseline 0.007 -23"><span class='ocrx_word' id='word_1_848' title='bbox 2160 4299 2505 4354; x_wconf 88' lang='lat' dir='ltr'><strong>stultissimus</strong></span> <span class='ocrx_word' id='word_1_849' title='bbox 2530 4300 2764 4356; x_wconf 83' lang='lat' dir='ltr'><strong>dixerit?</strong></span> <span class='ocrx_word' id='word_1_850' title='bbox 2791 4303 2897 4358; x_wconf 91' lang='lat' dir='ltr'><strong>Sed</strong></span> <span class='ocrx_word' id='word_1_851' title='bbox 2924 4313 3206 4374; x_wconf 88' lang='lat' dir='ltr'><strong>utrumque</strong></span> <span class='ocrx_word' id='word_1_852' title='bbox 3227 4305 3350 4360; x_wconf 91' lang='lat' dir='ltr'><strong>licet</strong></span> <span class='ocrx_word' id='word_1_853' title='bbox 3373 4307 3512 4362; x_wconf 87' lang='lat' dir='ltr'><strong>inter</strong></span> <span class='ocrx_word' id='word_1_854' title='bbox 3537 4323 3595 4362; x_wconf 91' lang='lat' dir='ltr'><strong>se</strong></span> <span class='ocrx_word' id='word_1_855' title='bbox 3617 4323 3752 4362; x_wconf 86' lang='lat' dir='ltr'><strong>con-</strong></span> 
     </span>
    </p>
   </div>
   <div class='ocr_carea' id='block_1_106' title="bbox 2163 4392 3751 4468">
    <p class='ocr_par' dir='ltr' id='par_1_106' title="bbox 2163 4392 3751 4468">
     <span class='ocr_line' id='line_1_107' title="bbox 2163 4392 3751 4468; baseline 0.007 -25"><span class='ocrx_word' id='word_1_856' title='bbox 2163 4392 2380 4445; x_wconf 90' lang='lat' dir='ltr'><strong>trarium</strong></span> <span class='ocrx_word' id='word_1_857' title='bbox 2406 4434 2419 4455; x_wconf 90' lang='lat'><strong>,</strong></span> <span class='ocrx_word' id='word_1_858' title='bbox 2453 4392 2504 4446; x_wconf 90' lang='lat' dir='ltr'><strong>id</strong></span> <span class='ocrx_word' id='word_1_859' title='bbox 2534 4401 2615 4446; x_wconf 91' lang='lat' dir='ltr'><strong>est</strong></span> <span class='ocrx_word' id='word_1_860' title='bbox 2638 4434 2654 4461; x_wconf 96' lang='lat'><strong>,</strong></span> <span class='ocrx_word' id='word_1_861' title='bbox 2701 4394 2900 4455; x_wconf 88' lang='lat' dir='ltr'><strong>inimici</strong></span> <span class='ocrx_word' id='word_1_862' title='bbox 2940 4404 2993 4451; x_wconf 90' lang='lat' dir='ltr'><strong>et</strong></span> <span class='ocrx_word' id='word_1_863' title='bbox 3017 4396 3195 4452; x_wconf 86' lang='lat' dir='ltr'><strong>dilecti</strong></span> <span class='ocrx_word' id='word_1_864' title='bbox 3219 4441 3233 4463; x_wconf 91' lang='lat'><strong>,</strong></span> <span class='ocrx_word' id='word_1_865' title='bbox 3266 4399 3512 4468; x_wconf 86' lang='lat' dir='ltr'><strong>quamvis</strong></span> <span class='ocrx_word' id='word_1_866' title='bbox 3552 4415 3656 4454; x_wconf 90' lang='lat' dir='ltr'><strong>non</strong></span> <span class='ocrx_word' id='word_1_867' title='bbox 3698 4401 3751 4454; x_wconf 91' lang='lat' dir='ltr'><strong>in</strong></span> 
     </span>
    </p>
   </div>
   <div class='ocr_carea' id='block_1_107' title="bbox 2161 4481 3754 4558">
    <p class='ocr_par' dir='ltr' id='par_1_107' title="bbox 2161 4481 3754 4558">
     <span class='ocr_line' id='line_1_108' title="bbox 2161 4481 3754 4558; baseline 0.005 -22"><span class='ocrx_word' id='word_1_868' title='bbox 2161 4481 2378 4536; x_wconf 89' lang='lat' dir='ltr'><strong>eosdem</strong></span> <span class='ocrx_word' id='word_1_869' title='bbox 2407 4481 2671 4549; x_wconf 89' lang='lat' dir='ltr'><strong>homines,</strong></span> <span class='ocrx_word' id='word_1_870' title='bbox 2705 4494 2879 4540; x_wconf 88' lang='lat' dir='ltr'><strong>tamen</strong></span> <span class='ocrx_word' id='word_1_871' title='bbox 2903 4487 2955 4541; x_wconf 88' lang='lat' dir='ltr'><strong>in</strong></span> <span class='ocrx_word' id='word_1_872' title='bbox 2983 4487 3226 4544; x_wconf 86' lang='lat' dir='ltr'><strong>eamdem</strong></span> <span class='ocrx_word' id='word_1_873' title='bbox 3255 4497 3470 4558; x_wconf 84' lang='lat' dir='ltr'><strong>gentem</strong></span> <span class='ocrx_word' id='word_1_874' title='bbox 3501 4491 3754 4545; x_wconf 81' lang='lat' dir='ltr'><strong>convenit</strong></span> 
     </span>
    </p>
   </div>
   <div class='ocr_carea' id='block_1_108' title="bbox 2159 4571 3755 4645">
    <p class='ocr_par' dir='ltr' id='par_1_108' title="bbox 2159 4571 3755 4645">
     <span class='ocr_line' id='line_1_109' title="bbox 2159 4571 3755 4645; baseline 0.005 -19"><span class='ocrx_word' id='word_1_875' title='bbox 2159 4571 2465 4628; x_wconf 80' lang='lat' dir='ltr'><strong>Judaeorum</strong></span> <span class='ocrx_word' id='word_1_876' title='bbox 2493 4617 2507 4639; x_wconf 93' lang='lat'><strong>,</strong></span> <span class='ocrx_word' id='word_1_877' title='bbox 2547 4584 2601 4630; x_wconf 90' lang='lat' dir='ltr'><strong>et</strong></span> <span class='ocrx_word' id='word_1_878' title='bbox 2638 4575 2706 4630; x_wconf 90' lang='lat' dir='ltr'><strong>ad</strong></span> <span class='ocrx_word' id='word_1_879' title='bbox 2749 4575 2889 4630; x_wconf 92' lang='lat' dir='ltr'><strong>idem</strong></span> <span class='ocrx_word' id='word_1_880' title='bbox 2921 4577 3135 4632; x_wconf 86' lang='lat' dir='ltr'><strong>carnale</strong></span> <span class='ocrx_word' id='word_1_881' title='bbox 3161 4592 3346 4634; x_wconf 88' lang='lat' dir='ltr'><strong>semen</strong></span> <span class='ocrx_word' id='word_1_882' title='bbox 3389 4579 3594 4645; x_wconf 87' lang='lat' dir='ltr'><strong>Israel,</strong></span> <span class='ocrx_word' id='word_1_883' title='bbox 3635 4580 3755 4634; x_wconf 90' lang='lat' dir='ltr'><strong>aliis</strong></span> 
     </span>
    </p>
   </div>
   <div class='ocr_carea' id='block_1_109' title="bbox 2161 4665 3753 4735">
    <p class='ocr_par' dir='ltr' id='par_1_109' title="bbox 2161 4665 3753 4735">
     <span class='ocr_line' id='line_1_110' title="bbox 2161 4665 3753 4735; baseline 0.004 -17"><span class='ocrx_word' id='word_1_884' title='bbox 2161 4678 2347 4718; x_wconf 87' lang='lat' dir='ltr'><strong>eorum</strong></span> <span class='ocrx_word' id='word_1_885' title='bbox 2391 4665 2458 4719; x_wconf 91' lang='lat' dir='ltr'><strong>ad</strong></span> <span class='ocrx_word' id='word_1_886' title='bbox 2503 4665 2972 4735; x_wconf 88' lang='lat' dir='ltr'><strong>claudicationem,</strong></span> <span class='ocrx_word' id='word_1_887' title='bbox 3027 4668 3152 4723; x_wconf 91' lang='lat' dir='ltr'><strong>aliis</strong></span> <span class='ocrx_word' id='word_1_888' title='bbox 3196 4668 3265 4724; x_wconf 77' lang='lat' dir='ltr'><strong>ad</strong></span> <span class='ocrx_word' id='word_1_889' title='bbox 3317 4669 3753 4727; x_wconf 90' lang='lat' dir='ltr'><strong>benedictionem</strong></span> 
     </span>
    </p>
   </div>
   <div class='ocr_carea' id='block_1_110' title="bbox 2161 4753 3755 4832">
    <p class='ocr_par' dir='ltr' id='par_1_110' title="bbox 2161 4753 3755 4832">
     <span class='ocr_line' id='line_1_111' title="bbox 2161 4753 3755 4832; baseline 0.008 -26"><span class='ocrx_word' id='word_1_890' title='bbox 2161 4753 2323 4810; x_wconf 91' lang='lat' dir='ltr'><strong>Israel</strong></span> <span class='ocrx_word' id='word_1_891' title='bbox 2353 4755 2516 4829; x_wconf 88' lang='lat' dir='ltr'><strong>ipsius</strong></span> <span class='ocrx_word' id='word_1_892' title='bbox 2547 4758 2956 4828; x_wconf 87' lang='lat' dir='ltr'><strong>pertinentibus.</strong></span> <span class='ocrx_word' id='word_1_893' title='bbox 2994 4759 3148 4814; x_wconf 83' lang='lat' dir='ltr'><strong>Hunc</strong></span> <span class='ocrx_word' id='word_1_894' title='bbox 3180 4761 3324 4815; x_wconf 91' lang='lat' dir='ltr'><strong>enim</strong></span> <span class='ocrx_word' id='word_1_895' title='bbox 3352 4776 3570 4815; x_wconf 90' lang='lat' dir='ltr'><strong>sensum</strong></span> <span class='ocrx_word' id='word_1_896' title='bbox 3599 4777 3755 4832; x_wconf 84' lang='lat' dir='ltr'><strong>aper—</strong></span> 
     </span>
    </p>
   </div>
   <div class='ocr_carea' id='block_1_111' title="bbox 2159 4849 3751 4926">
    <p class='ocr_par' dir='ltr' id='par_1_111' title="bbox 2159 4849 3751 4926">
     <span class='ocr_line' id='line_1_112' title="bbox 2159 4849 3751 4926; baseline 0.003 -25"><span class='ocrx_word' id='word_1_897' title='bbox 2159 4849 2263 4902; x_wconf 91' lang='lat' dir='ltr'><strong>tius</strong></span> <span class='ocrx_word' id='word_1_898' title='bbox 2283 4849 2528 4917; x_wconf 88' lang='lat' dir='ltr'><strong>superius</strong></span> <span class='ocrx_word' id='word_1_899' title='bbox 2548 4850 2848 4920; x_wconf 83' lang='lat' dir='ltr'><strong>explicavit,</strong></span> <span class='ocrx_word' id='word_1_900' title='bbox 2875 4852 2962 4908; x_wconf 93' lang='lat' dir='ltr'><strong>ubi</strong></span> <span class='ocrx_word' id='word_1_901' title='bbox 2983 4852 3077 4919; x_wconf 91' lang='lat' dir='ltr'><strong>ait,</strong></span> <span class='ocrx_word' id='word_1_902' title='bbox 3104 4851 3253 4917; x_wconf 80' lang='lat' dir='ltr'><strong>Quod</strong></span> <span class='ocrx_word' id='word_1_903' title='bbox 3271 4853 3525 4926; x_wconf 77' lang='lat' dir='ltr'><strong>qutcrebat</strong></span> <span class='ocrx_word' id='word_1_904' title='bbox 3562 4851 3751 4918; x_wconf 84' lang='lat' dir='ltr'><strong>Israel,</strong></span> 
     </span>
    </p>
   </div>
   <div class='ocr_carea' id='block_1_112' title="bbox 2163 4941 3750 5008">
    <p class='ocr_par' dir='ltr' id='par_1_112' title="bbox 2163 4941 3750 5008">
     <span class='ocr_line' id='line_1_113' title="bbox 2163 4941 3750 5008; baseline 0.001 -13"><span class='ocrx_word' id='word_1_905' title='bbox 2163 4941 2255 4995; x_wconf 82' lang='lat' dir='ltr'><strong>hoc</strong></span> <span class='ocrx_word' id='word_1_906' title='bbox 2297 4957 2399 4994; x_wconf 85' lang='lat' dir='ltr'><strong>non</strong></span> <span class='ocrx_word' id='word_1_907' title='bbox 2437 4951 2509 4995; x_wconf 85' lang='lat' dir='ltr'><strong>est</strong></span> <span class='ocrx_word' id='word_1_908' title='bbox 2549 4951 2845 4996; x_wconf 86' lang='lat' dir='ltr'><strong>consecutus</strong></span> <span class='ocrx_word' id='word_1_909' title='bbox 2874 4959 2892 4996; x_wconf 91' lang='lat'><em>:</em></span> <span class='ocrx_word' id='word_1_910' title='bbox 2919 4943 3090 4997; x_wconf 85' lang='lat' dir='ltr'><strong>electio</strong></span> <span class='ocrx_word' id='word_1_911' title='bbox 3129 4952 3298 4996; x_wconf 80' lang='lat' dir='ltr'><strong>autem</strong></span> <span class='ocrx_word' id='word_1_912' title='bbox 3336 4953 3604 5000; x_wconf 84' lang='lat' dir='ltr'><strong>consecuta</strong></span> <span class='ocrx_word' id='word_1_913' title='bbox 3641 4953 3750 5008; x_wconf 85' lang='lat' dir='ltr'><strong>est,</strong></span> 
     </span>
    </p>
   </div>
   <div class='ocr_carea' id='block_1_113' title="bbox 2113 5031 3758 5105">
    <p class='ocr_par' dir='ltr' id='par_1_113' title="bbox 2113 5031 3758 5105">
     <span class='ocr_line' id='line_1_114' title="bbox 2113 5031 3758 5105; baseline -0.001 -18"><span class='ocrx_word' id='word_1_914' title='bbox 2113 5079 2118 5088; x_wconf 83' lang='lat'><strong>,</strong></span> <span class='ocrx_word' id='word_1_915' title='bbox 2161 5032 2329 5086; x_wconf 79' lang='lat' dir='ltr'><strong>ctcteri</strong></span> <span class='ocrx_word' id='word_1_916' title='bbox 2357 5047 2472 5085; x_wconf 90' lang='lat' dir='ltr'><strong>vero</strong></span> <span class='ocrx_word' id='word_1_917' title='bbox 2498 5032 2734 5085; x_wconf 71' lang='lat' dir='ltr'><strong>excwcati</strong></span> <span class='ocrx_word' id='word_1_918' title='bbox 2764 5041 2879 5086; x_wconf 87' lang='lat' dir='ltr'><strong>sunt</strong></span> <span class='ocrx_word' id='word_1_919' title='bbox 2911 5031 3087 5104; x_wconf 83' lang='lat' dir='ltr'><strong>(Rom.</strong></span> <span class='ocrx_word' id='word_1_920' title='bbox 3117 5049 3193 5098; x_wconf 72' lang='lat' dir='ltr'><strong>st,</strong></span> <span class='ocrx_word' id='word_1_921' title='bbox 3221 5033 3299 5104; x_wconf 93' lang='lat'><strong>7)_.</strong></span> <span class='ocrx_word' id='word_1_922' title='bbox 3327 5032 3381 5088; x_wconf 94' lang='lat' dir='ltr'><strong>In</strong></span> <span class='ocrx_word' id='word_1_923' title='bbox 3403 5034 3644 5105; x_wconf 88' lang='lat' dir='ltr'><strong>utrisque</strong></span> <span class='ocrx_word' id='word_1_924' title='bbox 3675 5043 3758 5087; x_wconf 82' lang='lat' dir='ltr'><strong>ta-</strong></span> 
     </span>
    </p>
   </div>
   <div class='ocr_carea' id='block_1_114' title="bbox 2159 5124 3759 5196">
    <p class='ocr_par' dir='ltr' id='par_1_114' title="bbox 2159 5124 3759 5196">
     <span class='ocr_line' id='line_1_115' title="bbox 2159 5124 3759 5196; baseline -0.001 -18"><span class='ocrx_word' id='word_1_925' title='bbox 2159 5140 2282 5180; x_wconf 89' lang='lat' dir='ltr'><strong>men</strong></span> <span class='ocrx_word' id='word_1_926' title='bbox 2323 5124 2460 5179; x_wconf 92' lang='lat' dir='ltr'><strong>idem</strong></span> <span class='ocrx_word' id='word_1_927' title='bbox 2491 5125 2603 5195; x_wconf 91' lang='lat' dir='ltr'><strong>ipse</strong></span> <span class='ocrx_word' id='word_1_928' title='bbox 2630 5124 2809 5180; x_wconf 86' lang='lat' dir='ltr'><strong>Israel.</strong></span> <span class='ocrx_word' id='word_1_929' title='bbox 2857 5125 2957 5182; x_wconf 91' lang='lat' dir='ltr'><strong>Ubi</strong></span> <span class='ocrx_word' id='word_1_930' title='bbox 2996 5141 3124 5196; x_wconf 88' lang='lat' dir='ltr'><strong>ergo</strong></span> <span class='ocrx_word' id='word_1_931' title='bbox 3163 5125 3425 5191; x_wconf 88' lang='lat' dir='ltr'><strong>audimus,</strong></span> <span class='ocrx_word' id='word_1_932' title='bbox 3460 5124 3627 5179; x_wconf 84' lang='lat' dir='ltr'><strong>Israel</strong></span> <span class='ocrx_word' id='word_1_933' title='bbox 3651 5142 3759 5179; x_wconf 89' lang='lat' dir='ltr'><strong>non</strong></span> 
     </span>
    </p>
   </div>
   <div class='ocr_carea' id='block_1_115' title="bbox 2160 5217 3757 5284">
    <p class='ocr_par' dir='ltr' id='par_1_115' title="bbox 2160 5217 3757 5284">
     <span class='ocr_line' id='line_1_116' title="bbox 2160 5217 3757 5284; baseline 0.001 -14"><span class='ocrx_word' id='word_1_934' title='bbox 2160 5225 2232 5270; x_wconf 84' lang='lat' dir='ltr'><strong>est</strong></span> <span class='ocrx_word' id='word_1_935' title='bbox 2261 5226 2588 5283; x_wconf 86' lang='lat' dir='ltr'><strong>consecutus,</strong></span> <span class='ocrx_word' id='word_1_936' title='bbox 2618 5217 2740 5283; x_wconf 92' lang='lat' dir='ltr'><strong>vel,</strong></span> <span class='ocrx_word' id='word_1_937' title='bbox 2783 5218 2950 5271; x_wconf 71' lang='lat' dir='ltr'><strong>carteri</strong></span> <span class='ocrx_word' id='word_1_938' title='bbox 2979 5218 3216 5272; x_wconf 75' lang='lat' dir='ltr'><strong>excwcati</strong></span> <span class='ocrx_word' id='word_1_939' title='bbox 3251 5229 3408 5284; x_wconf 89' lang='lat' dir='ltr'><strong>sunt;</strong></span> <span class='ocrx_word' id='word_1_940' title='bbox 3441 5218 3516 5272; x_wconf 89' lang='lat' dir='ltr'><strong>ibi</strong></span> <span class='ocrx_word' id='word_1_941' title='bbox 3555 5218 3757 5272; x_wconf 85' lang='lat' dir='ltr'><strong>intelli-</strong></span> 
     </span>
    </p>
   </div>
   <div class='ocr_carea' id='block_1_116' title="bbox 2163 5308 3754 5380">
    <p class='ocr_par' dir='ltr' id='par_1_116' title="bbox 2163 5308 3754 5380">
     <span class='ocr_line' id='line_1_117' title="bbox 2163 5308 3754 5380; baseline 0 -17"><span class='ocrx_word' id='word_1_942' title='bbox 2163 5309 2322 5378; x_wconf 83' lang='lat' dir='ltr'><strong>gendi</strong></span> <span class='ocrx_word' id='word_1_943' title='bbox 2363 5318 2487 5363; x_wconf 92' lang='lat' dir='ltr'><strong>sunt</strong></span> <span class='ocrx_word' id='word_1_944' title='bbox 2526 5309 2720 5362; x_wconf 87' lang='lat' dir='ltr'><strong>inimici</strong></span> <span class='ocrx_word' id='word_1_945' title='bbox 2756 5318 2960 5380; x_wconf 85' lang='lat' dir='ltr'><strong>prapter</strong></span> <span class='ocrx_word' id='word_1_946' title='bbox 3001 5326 3138 5363; x_wconf 88' lang='lat' dir='ltr'><strong>nos:</strong></span> <span class='ocrx_word' id='word_1_947' title='bbox 3169 5308 3258 5364; x_wconf 91' lang='lat' dir='ltr'><strong>ubi</strong></span> <span class='ocrx_word' id='word_1_948' title='bbox 3288 5325 3417 5364; x_wconf 89' lang='lat' dir='ltr'><strong>vero</strong></span> <span class='ocrx_word' id='word_1_949' title='bbox 3460 5309 3712 5364; x_wconf 88' lang='lat' dir='ltr'><strong>audimus</strong></span> <span class='ocrx_word' id='word_1_950' title='bbox 3737 5351 3754 5376; x_wconf 95' lang='lat'><strong>,</strong></span> 
     </span>
    </p>
   </div>
   <div class='ocr_carea' id='block_1_117' title="bbox 2162 5401 3756 5473">
    <p class='ocr_par' dir='ltr' id='par_1_117' title="bbox 2162 5401 3756 5473">
     <span class='ocr_line' id='line_1_118' title="bbox 2162 5401 3756 5473; baseline 0.001 -19"><span class='ocrx_word' id='word_1_951' title='bbox 2162 5401 2354 5455; x_wconf 75' lang='lat' dir='ltr'><strong>Electio</strong></span> <span class='ocrx_word' id='word_1_952' title='bbox 2386 5410 2549 5456; x_wconf 88' lang='lat' dir='ltr'><strong>autem</strong></span> <span class='ocrx_word' id='word_1_953' title='bbox 2574 5412 2840 5456; x_wconf 86' lang='lat' dir='ltr'><strong>consecuta</strong></span> <span class='ocrx_word' id='word_1_954' title='bbox 2868 5412 2980 5466; x_wconf 86' lang='lat' dir='ltr'><strong>est;</strong></span> <span class='ocrx_word' id='word_1_955' title='bbox 3008 5403 3076 5456; x_wconf 91' lang='lat' dir='ltr'><strong>ibi</strong></span> <span class='ocrx_word' id='word_1_956' title='bbox 3102 5402 3433 5473; x_wconf 88' lang='lat' dir='ltr'><strong>intelligendi</strong></span> <span class='ocrx_word' id='word_1_957' title='bbox 3469 5411 3595 5456; x_wconf 90' lang='lat' dir='ltr'><strong>sunt</strong></span> <span class='ocrx_word' id='word_1_958' title='bbox 3623 5403 3756 5456; x_wconf 82' lang='lat' dir='ltr'><strong>dile-</strong></span> 
     </span>
    </p>
   </div>
   <div class='ocr_carea' id='block_1_118' title="bbox 2160 5493 3756 5565">
    <p class='ocr_par' dir='ltr' id='par_1_118' title="bbox 2160 5493 3756 5565">
     <span class='ocr_line' id='line_1_119' title="bbox 2160 5493 3756 5565; baseline 0.002 -19"><span class='ocrx_word' id='word_1_959' title='bbox 2160 5495 2228 5546; x_wconf 82' lang='lat' dir='ltr'><strong>cti</strong></span> <span class='ocrx_word' id='word_1_960' title='bbox 2271 5501 2474 5562; x_wconf 82' lang='lat' dir='ltr'><strong>propter</strong></span> <span class='ocrx_word' id='word_1_961' title='bbox 2516 5503 2685 5562; x_wconf 89' lang='lat' dir='ltr'><strong>patres</strong></span> <span class='ocrx_word' id='word_1_962' title='bbox 2715 5509 2732 5546; x_wconf 92' lang='lat'><strong><em>:</em></strong></span> <span class='ocrx_word' id='word_1_963' title='bbox 2759 5493 2949 5563; x_wconf 91' lang='lat' dir='ltr'><strong>quibus</strong></span> <span class='ocrx_word' id='word_1_964' title='bbox 2987 5493 3224 5564; x_wconf 88' lang='lat' dir='ltr'><strong>patribus</strong></span> <span class='ocrx_word' id='word_1_965' title='bbox 3265 5495 3449 5563; x_wconf 88' lang='lat' dir='ltr'><strong>utique</strong></span> <span class='ocrx_word' id='word_1_966' title='bbox 3491 5494 3591 5548; x_wconf 88' lang='lat' dir='ltr'><strong>ista</strong></span> <span class='ocrx_word' id='word_1_967' title='bbox 3634 5509 3756 5565; x_wconf 78' lang='lat' dir='ltr'><strong>pro~</strong></span> 
     </span>
    </p>
   </div>
   <div class='ocr_carea' id='block_1_119' title="bbox 2224 5667 3757 5732">
    <p class='ocr_par' dir='ltr' id='par_1_119' title="bbox 2224 5667 3757 5732">
     <span class='ocr_line' id='line_1_120' title="bbox 2224 5667 3757 5732; baseline 0.002 -17"><span class='ocrx_word' id='word_1_968' title='bbox 2224 5669 2240 5700; x_wconf 79' lang='grc' dir='ltr'>ί</span> <span class='ocrx_word' id='word_1_969' title='bbox 2268 5675 2376 5717; x_wconf 86' lang='lat' dir='ltr'><strong>Lov.</strong></span> <span class='ocrx_word' id='word_1_970' title='bbox 2404 5702 2418 5727; x_wconf 94' lang='lat'><strong>,</strong></span> <span class='ocrx_word' id='word_1_971' title='bbox 2465 5673 2784 5732; x_wconf 67' lang='lat' dir='ltr'><strong>propterpos.</strong></span> <span class='ocrx_word' id='word_1_972' title='bbox 2822 5674 2874 5732; x_wconf 66' lang='lat' dir='ltr'><strong>Et</strong></span> <span class='ocrx_word' id='word_1_973' title='bbox 2913 5667 3203 5732; x_wconf 78' lang='lat' dir='ltr'><strong>paulopost</strong></span> <span class='ocrx_word' id='word_1_974' title='bbox 3248 5667 3421 5718; x_wconf 86' lang='lat' dir='ltr'><strong>eadem</strong></span> <span class='ocrx_word' id='word_1_975' title='bbox 3454 5667 3606 5718; x_wconf 89' lang='lat' dir='ltr'><strong>editio</strong></span> <span class='ocrx_word' id='word_1_976' title='bbox 3639 5680 3757 5718; x_wconf 77' lang='lat' dir='ltr'><strong>cum</strong></span> 
     </span>
    </p>
   </div>
   <div class='ocr_carea' id='block_1_120' title="bbox 2162 5728 3756 5794">
    <p class='ocr_par' dir='ltr' id='par_1_120' title="bbox 2162 5728 3756 5794">
     <span class='ocr_line' id='line_1_121' title="bbox 2162 5728 3756 5794; baseline -0.002 -15"><span class='ocrx_word' id='word_1_977' title='bbox 2162 5741 2258 5780; x_wconf 79' lang='lat' dir='ltr'><strong>Am.</strong></span> <span class='ocrx_word' id='word_1_978' title='bbox 2287 5737 2337 5779; x_wconf 91' lang='lat' dir='ltr'><strong>et</strong></span> <span class='ocrx_word' id='word_1_979' title='bbox 2361 5728 2545 5794; x_wconf 51' lang='grc' dir='ltr'><strong>[ἡ.ίὶρί</strong></span> <span class='ocrx_word' id='word_1_980' title='bbox 2555 5728 2863 5793; x_wconf 73' lang='lat' dir='ltr'><strong>intelligendi</strong></span> <span class='ocrx_word' id='word_1_981' title='bbox 2881 5728 2991 5780; x_wconf 81' lang='lat' dir='ltr'><strong>sunt</strong></span> <span class='ocrx_word' id='word_1_982' title='bbox 3011 5728 3194 5782; x_wconf 79' lang='lat' dir='ltr'><strong>inimici</strong></span> <span class='ocrx_word' id='word_1_983' title='bbox 3214 5735 3408 5794; x_wconf 88' lang='lat' dir='ltr'><strong>propter</strong></span> <span class='ocrx_word' id='word_1_984' title='bbox 3423 5742 3518 5780; x_wconf 74' lang='lat' dir='ltr'><strong>ws.</strong></span> <span class='ocrx_word' id='word_1_985' title='bbox 3542 5737 3596 5778; x_wconf 78' lang='grc' dir='ltr'>Αι</span> <span class='ocrx_word' id='word_1_986' title='bbox 3622 5737 3756 5790; x_wconf 60' lang='grc' dir='ltr'><strong>’ωδ-η</strong></span> 
     </span>
    </p>
   </div>
   <div class='ocr_carea' id='block_1_121' title="bbox 2165 5793 2988 5857">
    <p class='ocr_par' dir='ltr' id='par_1_121' title="bbox 2165 5793 2988 5857">
     <span class='ocr_line' id='line_1_122' title="bbox 2165 5793 2988 5857; baseline 0.001 -16"><span class='ocrx_word' id='word_1_987' title='bbox 2165 5794 2254 5844; x_wconf 82' lang='lat' dir='ltr'><strong>hoc</strong></span> <span class='ocrx_word' id='word_1_988' title='bbox 2278 5802 2484 5856; x_wconf 83' lang='lat' dir='ltr'><strong>utroque</strong></span> <span class='ocrx_word' id='word_1_989' title='bbox 2511 5793 2632 5850; x_wconf 90' lang='lat' dir='ltr'><strong>Ioco,</strong></span> <span class='ocrx_word' id='word_1_990' title='bbox 2670 5799 2863 5857; x_wconf 86' lang='lat' dir='ltr'><strong>propter</strong></span> <span class='ocrx_word' id='word_1_991' title='bbox 2887 5805 2988 5843; x_wconf 84' lang='lat' dir='ltr'><strong>nos.</strong></span> 
     </span>
    </p>
   </div>
  </div>
