4022 6460
487 345 588 400 987

485 479 550 518 an
570 464 740 533 potius
762 474 970 520 sanctos
994 475 1045 520 et
1065 462 1455 522 immaculatos;
1478 455 1600 526 quid
1621 454 1809 509 borum
1833 468 2052 523 respon-

485 553 607 608 deat
635 555 753 623 quis
797 556 1030 624 requirat
1067 556 1106 621 ¹,
1135 569 1196 608 ae
1241 567 1345 606 non
1372 550 1549 603 statim
1579 546 1713 602 ferat
1738 561 1834 616 pro
1859 546 2056 600 sanctis

489 644 941 716 immaculatisqne
968 644 1326 701 sententiam?

557 738 643 790 36.
678 755 697 788 ι
734 737 1045 792 l‘rmsciebat
1076 753 1202 806 ergo
1238 755 1283 796 ι,
1312 734 1382 788 ait
1424 731 1757 800 Pelagianos,
1795 747 1814 780 ι
1849 727 1937 798 qui
1983 727 2062 781 iu-

487 826 589 878 turi
619 837 795 880 essent
825 829 988 882 sancti
1015 840 1066 882 et
1106 825 1420 881 immaculati
1451 838 1541 892 per
1568 820 1746 874 libera:
1775 818 2060 872 voluntatis

484 917 758 970 arbitrium
792 936 806 971 :
837 928 890 973 et
918 920 1038 974 ideo
1062 934 1156 973 eos
1185 927 1306 971 ante
1337 914 1515 968 mundi
1545 911 1974 966 constitutionem
2006 910 2058 964 in

487 1005 598 1076 ipsa
627 1024 718 1062 sua
749 1011 1098 1077 przuscicntia,
1127 1023 1227 1079 qua
1255 1007 1388 1061 tales
1416 1005 1618 1059 futuros
1632 1017 1750 1057 esse
1775 1000 2057 1070 prtesclvit,

485 1097 664 1167 elegit.
697 1100 864 1170 Elegit
893 1118 1038 1172 ergo,
1078 1121 1095 1154 ι
1133 1102 1320 1171 inquit,
1355 1117 1374 1150 ι
1411 1105 1692 1166 antequam
1713 1101 1912 1158 essent,
1935 1107 2064 1162 pra:-

484 1185 758 1244 destinans
787 1191 939 1256 tilias,
967 1207 1099 1261 quos
1123 1191 1325 1245 futuros
1350 1196 1564 1244 sanctos
1591 1185 2061 1254 immaculatosque

487 1279 793 1344 prmscivit:
835 1282 1012 1350 utique
1053 1283 1165 1351 ipse
1196 1297 1299 1335 non
1345 1279 1488 1343 fecit,
1534 1293 1632 1332 nec
1680 1291 1737 1330 se
1776 1276 2056 1339 facturum,

484 1369 579 1423 sed
605 1370 721 1424 illos
744 1371 945 1426 futuros
961 1389 1077 1428 esse
1097 1372 1349 1440 przcvidit.
1381 1389 1399 1422 ι
1430 1371 1733 1424 lntueamur
1753 1382 1880 1436 ergo
1899 1366 2060 1420 verba

486 1460 746 1526 Apostoli,
794 1473 949 1531 atque
991 1465 1259 1518 videamus
1299 1472 1471 1516 utrum
1506 1471 1780 1531 propterea
1824 1476 1920 1514 nos
1946 1459 2058 1513 ele-

484 1550 621 1616 gerit
655 1562 778 1604 ante
821 1555 999 1608 mundi
1047 1555 1474 1608 constitutionem
1502 1595 1517 1618 ,
1542 1557 1662 1621 quia
1689 1551 1853 1605 sancti
1881 1561 1933 1604 et
1963 1551 2060 1604 im-

487 1643 729 1696 maculati
763 1643 920 1699 futuri
967 1662 1196 1711 eramus,
1239 1663 1304 1699 an
1345 1653 1400 1699 ut
1439 1660 1696 1700 essemus.
1740 1642 2055 1706 Benedictus,

487 1733 673 1802 inquit,
711 1735 845 1789 Deus
873 1747 921 1790 et
954 1737 1108 1791 Pater
1139 1737 1342 1791 Domini
1381 1738 1537 1790 nostri
1579 1735 1700 1789 Jesu
1733 1733 1938 1797 Christi,
1976 1735 2061 1800 qui

485 1839 576 1876 nos
598 1825 842 1878 benedixit
860 1829 908 1880 in
936 1829 1070 1880 omni
1097 1828 1433 1881 benedictione
1451 1825 1700 1895 spirituali
1717 1825 1766 1877 in
1783 1825 2059 1878 ctelestibus

486 1914 537 1966 in
556 1913 751 1968 Christo
778 1933 794 1968 :
815 1919 941 1970 sicut
957 1919 1102 1987 elegit
1125 1936 1212 1971 nos
1229 1920 1279 1971 in
1301 1919 1410 1987 ipso
1430 1928 1544 1971 ante
1560 1917 1733 1971 mundi
1747 1917 2061 1970 constitutio-

487 2019 618 2068 nem,
649 2015 701 2057 ut
727 2023 940 2060 essemus
959 2009 1117 2060 sancti
1137 2019 1182 2061 et
1207 2009 1534 2061 immaculati.
1556 2007 1669 2060 Non
1700 2023 1827 2076 ergo
1844 2008 1965 2075 quia
1987 2005 2060 2060 lu-

486 2094 588 2146 turi
617 2109 846 2160 eramus,
865 2097 958 2150 sed
977 2107 1030 2150 ut
1048 2114 1282 2151 essemus.
1305 2097 1503 2166 Nempe
1519 2106 1720 2152 certum
1743 2107 1843 2162 est,
1869 2111 2060 2165 nempe

486 2187 819 2239 manifestum
851 2199 930 2241 est
953 2205 966 2239 :
993 2189 1108 2242 ideo
1133 2190 1322 2258 quippe
1349 2189 1478 2243 tales
1495 2204 1704 2244 eramus
1735 2189 1914 2249 futuri.
1937 2188 2058 2257 quia

484 2275 639 2345 elegit
667 2278 795 2345 ipse,
831 2279 1209 2345 przcdestinans
1238 2288 1294 2332 ut
1323 2279 1452 2332 tales
1473 2294 1567 2346 per
1593 2278 1812 2348 gratiam
1840 2278 1954 2345 ejus
1974 2291 2062 2332 es-

484 2379 681 2420 semus.
716 2369 786 2422 lla
819 2385 944 2438 ergo
973 2387 1062 2422 nos
1106 2370 1352 2423 benedixit
1379 2371 1714 2423 benedictione
1737 2369 1988 2438 spirituali
2007 2369 2060 2422 in

485 2459 762 2512 ctelestibus
782 2461 832 2512 in
864 2460 1063 2514 Christo
1087 2461 1234 2525 .lesu,
1263 2463 1391 2515 sicut
1421 2461 1566 2530 elegit
1605 2476 1695 2513 nos
1732 2460 1785 2513 in
1808 2460 1918 2529 ipso
1942 2468 2060 2512 ante

485 2549 662 2600 mundi
690 2549 1113 2612 constitutionem,
1163 2558 1216 2602 ut
1253 2566 1471 2605 essemus
1494 2550 1655 2602 sancti
1682 2558 1728 2603 et
1751 2548 2060 2601 immaculati

484 2637 537 2690 in
566 2649 830 2707 conspectu
861 2641 987 2708 ejus,
1026 2641 1077 2693 in
1105 2640 1347 2693 charitate
1368 2640 1725 2707 praedestinans
1757 2656 1846 2693 nos
1881 2639 1932 2692 in
1965 2639 2060 2692 ad—

491 2727 744 2793 eptionem
774 2728 994 2794 ﬁliorum
1022 2745 1110 2797 per
1131 2729 1162 2781 Ι
1170 2745 1305 2783 esum
1322 2726 1575 2782 Christum
1589 2729 1641 2781 in
1658 2729 1840 2798 ipsum.
1861 2727 2060 2783 Deinde

485 2813 608 2882 quid
633 2814 905 2886 adjungat,
934 2817 1187 2871 attendite
1214 2835 1229 2872 :
1269 2817 1537 2870 secundum
1567 2819 1828 2886 placitum,
1870 2819 2056 2887 inquit.

489 2907 759 2961 voluntatis
783 2925 919 2973 sum;
943 2925 1006 2961 uc
1035 2908 1084 2962 in
1114 2918 1258 2962 tanto
1283 2908 1540 2963 beneficio
1564 2909 1746 2978 gratia:
1775 2908 1841 2964 de
1869 2909 2060 2976 placito

482 2997 832 3065 gloriarcmur
858 2999 879 3030 ³
915 2999 1200 3052 voluntatis
1245 3007 1460 3052 nostrm.
1505 2997 1574 3052 In
1619 3015 1718 3068 qua
1761 2999 2060 3069 grati/ienuit

485 3101 599 3150 sos,
626 3086 813 3156 inquit,
840 3087 892 3140 in
921 3088 1098 3142 dilecto
1128 3087 1262 3142 Filio
1288 3105 1381 3142 sua
1407 3104 1425 3141 :
1452 3088 1503 3142 in
1533 3104 1633 3157 qua
1661 3088 1840 3157 utique
1867 3089 2059 3144 volun-

487 3186 593 3232 tate
617 3194 706 3230 sua
737 3179 1053 3247 gratiﬁcavit
1079 3195 1195 3236 nos.
1222 3181 1310 3236 Sic
1343 3180 1539 3234 dictum
1567 3190 1650 3234 est
1689 3180 2000 3250 gratilicavit
2028 3195 2058 3234 a

480 3269 670 3337 gratia,
707 3270 842 3322 sicut
866 3270 1177 3338 justilicavit
1215 3271 1408 3325 dicitur
1431 3287 1462 3326 a
1495 3271 1718 3340 justitia.
1752 3269 1816 3324 In
1837 3287 1934 3340 quo
1962 3271 2058 3324 ha-

479 3359 671 3423 bemus,
705 3361 892 3430 inquit,
917 3363 1302 3432 redemptionem
1330 3379 1419 3432 per
1437 3364 1732 3433 sanguinem
1761 3364 1939 3432 ipsius,
1981 3379 2059 3416 re-

480 3451 766 3504 missionem
805 3462 1119 3520 peccatorum
1161 3454 1435 3506 secundum
1463 3454 1664 3507 divitias
1709 3455 1886 3524 gratia:
1927 3454 2057 3524 ejus,

485 3557 597 3611 quae
625 3542 896 3596 abundavit
917 3544 970 3598 in
998 3560 1090 3598 nos
1114 3546 1166 3598 in
1193 3546 1329 3598 omni
1352 3547 1598 3614 sapientia
1624 3555 1672 3599 et
1698 3547 1982 3616 prudentia,
2007 3555 2060 3602 ut

485 3637 761 3687 ostenderet
806 3636 945 3690 nobis
991 3638 1280 3706 mysterium
1321 3637 1592 3691 voluntatis
1628 3654 1755 3704 sum,
1786 3639 2060 3693 secundum

483 3722 664 3776 bonam
689 3725 992 3778 voluntatem
1023 3742 1186 3779 suam.
1225 3725 1281 3780 ln
1335 3729 1434 3783 Izoc
1476 3729 1736 3797 mysterio
1776 3729 2060 3784 voluntatis

483 3829 593 3867 sua:
619 3815 792 3882 posuit
820 3815 1027 3869 divitias
1055 3817 1237 3885 gratia:
1263 3833 1393 3881 sum,
1422 3818 1711 3872 secundum
1754 3821 1945 3872 bonam
1970 3835 2061 3872 vo-

485 3905 736 3961 luntatem
768 3921 938 3970 suam,
979 3921 1084 3961 non
1128 3908 1416 3962 secundum
1447 3919 1682 3963 nostram
1725 3925 1884 3979 :qurc
1923 3911 2058 3966 bona

481 4009 600 4048 esse
642 4012 742 4048 non
772 4004 970 4065 posset,
1002 3997 1100 4050 nisi
1137 3997 1249 4065 ipsc
1277 3998 1566 4052 secundum
1593 3999 1786 4052 bonam
1819 4000 2060 4054 volunta-

485 4096 588 4140 tem
615 4101 784 4153 snam,
815 4095 869 4140 nt
898 4088 1032 4142 bona
1059 4087 1230 4154 ﬁeret,
1261 4088 1584 4146 subveniret.
1612 4091 1742 4143 Cum
1773 4101 1948 4146 autem
1975 4091 2058 4145 di-

483 4181 664 4245 xisset,
707 4181 995 4234 Secundum
1027 4183 1207 4235 bonam
1243 4183 1545 4236 voluntatem
1583 4200 1768 4244 suam;
1811 4184 2055 4253 subjecit,

488 4287 629 4339 quam
656 4272 912 4340 proposuit
942 4273 992 4324 in
1022 4273 1132 4336 illo,
1163 4272 1212 4325 id
1244 4281 1344 4335 est,
1379 4272 1429 4326 in
1461 4273 1655 4328 dilecto
1695 4273 1828 4326 Filio
1857 4287 1972 4335 suo,
2005 4274 2057 4326 in

490 4363 852 4430 dispensatione
900 4362 1225 4432 plenitudinis
1259 4372 1540 4432 temporum
1576 4364 1862 4416 instaurare
1889 4364 2058 4417 omnia

478 4451 533 4502 in
559 4450 773 4514 Christo,
799 4467 912 4520 qua?
933 4452 983 4504 in
1005 4450 1139 4506 malis
1164 4462 1299 4516 sunt,
1322 4462 1365 4505 et
1388 4467 1502 4520 qua:
1521 4452 1572 4505 in
1599 4453 1742 4504 terris
1762 4452 1812 4504 in
1835 4453 1979 4521 ipso:
2006 4453 2058 4506 in

479 4557 578 4608 quo
612 4542 760 4594 etiam
790 4552 833 4594 et
862 4552 1046 4596 sortem
1075 4544 1325 4598 consecuti
1355 4560 1554 4608 sumus,
1589 4543 1932 4613 prtedestinati
1973 4561 2056 4598 se-

479 4633 695 4685 cundum
736 4633 1041 4703 prepositum
1065 4675 1080 4697 ,
1119 4634 1206 4703 qui
1244 4635 1472 4688 universa
1510 4645 1745 4702 aperatur
1785 4636 2058 4689 secundant

475 4724 740 4776 consilium
767 4723 1034 4778 voluntatis
1052 4741 1177 4789 suae,
1195 4735 1244 4776 ut
1260 4725 1416 4779 simus
1434 4725 1487 4778 in
1508 4725 1710 4780 laudem
1731 4727 1906 4796 gloria:
1925 4727 2052 4794 ejus.

550 4815 638 4868 57.
668 4815 832 4869 Nimis
857 4816 1065 4885 longum
1082 4823 1162 4870 est
1185 4815 1250 4870 de
1271 4816 1488 4886 singulis
1513 4817 1802 4886 disputare.
1829 4818 2057 4872 Ccruitis

477 4913 654 4960 autem
695 4908 873 4974 procul
917 4907 1094 4971 dubio,
1134 4907 1350 4962 cernitis
1392 4917 1585 4976 quanta
1633 4908 2055 4962 manilestatioue

477 4999 757 5068 apostolici
787 4999 979 5068 eloquii
1009 5000 1320 5054 defendatur
1346 4999 1459 5054 bzec
1486 5001 1673 5068 gratia,
1691 5008 1873 5053 contra
1895 5015 2051 5068 quam

479 5089 664 5144 merita
711 5088 1036 5142 extolluntur
1072 5087 1322 5153 humana,
1371 5097 1620 5155 tanquam
1660 5088 1822 5142 homo
1857 5083 2052 5157 aliquid

480 5181 626 5248 prior
654 5179 763 5243 det,
799 5187 856 5232 ιιι
881 5179 1202 5233 retribuatur
1229 5179 1298 5232 ei.
1343 5178 1514 5248 Elegit
1542 5193 1668 5248 ergo
1711 5195 1808 5232 nos
1835 5180 1974 5233 Dens
2002 5180 2052 5234 in

473 5270 686 5322 Christo
708 5278 830 5322 ante
855 5268 1034 5323 mundi
1063 5269 1511 5334 constitutionem,
1547 5268 1932 5338 praedestinans
1958 5285 2054 5324 nos

477 5359 529 5412 in
561 5359 895 5428 adoptionem
944 5360 1167 5413 ﬁliorum
1195 5375 1208 5410 :
1243 5372 1348 5412 non
1387 5359 1505 5429 quia
1550 5373 1646 5428 per
1683 5374 1778 5413 nos
1807 5360 1974 5413 sancti
1998 5369 2055 5414 et

542 5579 557 5610 ³
582 5578 717 5635 mliti,
735 5577 816 5639 qui
839 5582 1130 5639 requiratur.
1156 5577 1308 5627 nostri
1331 5589 1502 5626 omnes
1522 5583 1651 5636 Mss,
1675 5574 1782 5639 quis
1806 5573 2051 5637 requirat?

478 5649 609 5702 puta,
631 5641 767 5702 quasi
793 5640 968 5702 dubius
985 5645 1035 5702 et
1058 5641 1287 5702 incertus.

539 5706 558 5734 ³
582 5697 716 5769 aditi,
737 5700 910 5770 gratia:
935 5699 1037 5760 Dei,
1061 5699 1238 5763 placito
1259 5698 1596 5764 gloriaremur.
1639 5697 1958 5749 Emendantur
1983 5709 2045 5747 ex

479 5775 550 5810 Ill-1
557 5775 691 5810 ιιιιδςι
705 5777 735 5821 ll
744 5800 746 5804 τ
755 5771 832 5811 ιιδ.

1729 338 1783 392 8.
1827 333 2188 392 ΑυουετιΝι
2229 332 2521 390 [Ριδοοινι

3635 350 3739 407 983

2169 454 2488 508 immaculati
2513 453 2672 508 futuri
2699 471 2930 523 eramus,
2955 457 3046 514 sed
3065 460 3224 531 elegit
3245 461 3742 536 praedestinavitque

2164 553 2222 597 ut
2245 559 2504 600 essemus.
2539 545 2686 600 Fecit
2711 559 2885 602 autem
2915 548 3015 605 hoc
3043 551 3332 606 secundum
3361 553 3613 622 placitum
3645 570 3740 611 vo-

2165 633 2381 690 luntatis
2409 650 2538 698 sum,
2567 647 2624 689 ιιι
2651 652 2806 690 nemo
2831 637 2896 691 de
2939 653 3053 702 sua,
3100 639 3194 694 sed
3238 641 3306 695 de
3347 642 3486 698 illius
3527 659 3652 714 erga
3681 660 3743 701 se

2163 725 2430 779 voluntate
2456 727 2709 794 glorietur
2740 746 2753 782 :
2782 727 2904 782 fecit
2933 729 3034 784 hoc
3056 731 3347 786 secundum
3379 732 3590 787 divitias
3620 751 3743 805 gra-

2167 815 2252 868 tia:
2294 830 2421 877 sum,
2464 818 2752 872 secundum
2797 819 2988 873 bonam
3028 820 3346 876 voluntatem
3379 837 3552 887 suam,
3581 841 3739 894 quam

2168 907 2436 975 proposuit
2465 909 2514 961 in
2538 910 2728 965 dilecto
2754 910 2888 964 Filio
2908 926 3025 976 suo,
3056 912 3107 966 in
3128 929 3232 981 quo
3248 925 3446 968 sortem
3466 916 3742 970 coitsecuti

2165 1010 2366 1063 sumus,
2410 999 2764 1068 prredestinati
2795 1001 3083 1056 secundum
3115 1004 3462 1072 propositum,
3508 1020 3614 1060 non
3643 1021 3743 1060 no-

2165 1097 2350 1151 strum,
2393 1089 2486 1143 sed
2536 1090 2671 1157 ejus,
2708 1091 2798 1160 qui
2843 1093 3085 1147 universa
3114 1103 3381 1162 Operatnr,
3411 1110 3579 1164 usque
3605 1095 3741 1150 adeo

2167 1186 2222 1231 ut
2261 1179 2373 1246 ipse
2416 1182 2468 1232 in
2503 1181 2654 1234 nobis
2693 1172 2943 1248 operetur
2980 1191 3032 1236 et
3070 1185 3202 1238 velle
3229 1183 3486 1256 (Philipp.
3519 1201 3590 1252 tt,
3625 1186 3740 1253 15).

2165 1267 2426 1336 Operatur
2452 1279 2627 1324 autem
2666 1271 2956 1326 secundum
2994 1275 3269 1328 consilium
3296 1277 3584 1330 voluntatis
3607 1290 3738 1341 suae,

2167 1369 2221 1410 ut
2241 1358 2406 1411 simus
2433 1359 2483 1412 in
2508 1359 2713 1414 laudem
2741 1362 2922 1430 gloriae
2949 1363 3084 1431 ejus.
3114 1363 3246 1417 [line
3275 1373 3354 1418 est
3380 1364 3520 1434 quod
3548 1366 3724 1419 clama

2166 1466 2304 1514 tuus,
2337 1461 2393 1504 ut
2442 1468 2584 1506 nemo
2626 1453 2864 1522 glorietur
2902 1456 2954 1506 in
2996 1455 3194 1508 homine
3220 1455 3263 1525 (Ι
3289 1455 3404 1509 Cor.
3441 1455 3654 1528 utﬁt),
3676 1473 3741 1513 ac

2165 1556 2260 1610 per
2284 1541 2386 1594 hoc
2418 1558 2515 1596 nec
2542 1543 2592 1596 in
2627 1558 2685 1598 se
2714 1545 2861 1612 ipso;
2895 1542 2989 1598 sed
3013 1544 3100 1613 qui
3122 1544 3387 1614 gloriatur,
3433 1547 3485 1600 in
3523 1547 3740 1602 Domine

2163 1632 2402 1702 glorietur
2421 1631 2531 1701 (Id.
2560 1649 2596 1697 ι,
2629 1634 2739 1701 3i),
2765 1643 2821 1688 ut
2848 1635 3014 1688 simus
3055 1635 3104 1688 in
3151 1635 3358 1689 laudem
3389 1637 3572 1706 gloriae
3599 1637 3737 1706 ejus.

2164 1724 2280 1792 Ipse
2305 1725 2496 1793 quippe
2524 1735 2772 1794 operatur
2809 1726 3098 1780 secundum
3127 1728 3451 1796 prOpositum
3479 1743 3655 1792 suum,
3683 1738 3742 1783 ut

2163 1815 2328 1869 simus
2357 1815 2407 1868 in
2439 1815 2643 1870 laudem
2672 1817 2850 1886 gloria:
2877 1817 3012 1886 ejus,
3039 1818 3218 1886 utique
3245 1817 3411 1871 sancti
3455 1827 3517 1872 et
3553 1818 3739 1873 imma-

2161 1907 2342 1970 culati,
2374 1915 2589 1976 propter
2631 1907 2772 1977 quod
2821 1922 2918 1961 nos
2945 1909 3171 1973 vocavit,
3206 1908 3588 1978 prmdestinans
3612 1922 3739 1964 ante

2163 1997 2342 2050 mundi
2371 1997 2823 2051 constitutionem.
2863 1997 2939 2052 Ex
2981 1997 3080 2052 hoc
3111 1999 3377 2067 proposito
3405 1999 3520 2067 ejus
3541 2008 3623 2054 est
3649 2001 3738 2055 illa

2163 2089 2451 2142 electorum
2489 2090 2698 2158 propria
2743 2090 2964 2154 vacatio,
2995 2090 3186 2159 quibus
3215 2090 3390 2144 omnia
3421 2101 3741 2160 cooperator

2164 2179 2214 2232 in
2259 2180 2452 2233 bonum
2478 2197 2490 2231 :
2521 2181 2643 2248 quia
2689 2180 2976 2234 secundum
3021 2182 3348 2251 propositum
3398 2183 3568 2238 vocati
3612 2193 3739 2238 sunt

2163 2267 2338 2336 (Rom.
2368 2284 2482 2336 vni,
2513 2269 2628 2338 28),
2661 2279 2713 2324 et
2754 2270 2868 2324 sine
2905 2271 3213 2340 pmnitentia
3251 2280 3374 2325 sunt
3401 2271 3540 2326 dona
3566 2282 3622 2326 et
3646 2289 3740 2327 vo.

2163 2361 2302 2414 catio
2333 2362 2421 2414 Dei
2434 2401 2446 2414 .

2232 2472 2457 2528 CAPUT
2473 2472 2690 2528 XlX.—
2709 2473 2796 2529 '58.
2828 2473 2931 2528 Sed
2964 2475 3015 2528 bi
3045 2475 3233 2538 nostri,
3265 2475 3332 2530 de
3359 2477 3548 2545 quibus
3562 2487 3615 2532 et
3640 2494 3738 2547 pro

2161 2565 2350 2634 quibus
2374 2580 2513 2620 nunc
2540 2565 2760 2635 agimus.
2798 2565 3015 2620 forsitan
3047 2567 3250 2632 dicttnt,
3283 2567 3591 2637 Pelagianos
3636 2569 3739 2626 hoc

2161 2657 2451 2726 apostolico
2482 2657 2784 2712 testimonio
2823 2657 3059 2723 refutari,
3092 2659 3179 2712 ubi
3206 2659 3333 2713 dicit
3363 2659 3479 2714 ideo
3509 2675 3605 2714 nos
3629 2663 3740 2716 ele-

2161 2756 2276 2801 ctos
2304 2748 2356 2800 in
2385 2747 2596 2802 Christo
2641 2755 2694 2802 et
2734 2748 3136 2816 prmdestinatos
3161 2758 3285 2804 ante
3315 2749 3496 2804 mundi
3536 2753 3741 2806 consti-

2163 2839 2441 2902 tutionem,
2476 2844 2533 2891 ut
2555 2853 2794 2892 essemus
2818 2839 2986 2892 sancti
3014 2847 3068 2892 et
3092 2837 3414 2894 immaculati
3437 2839 3487 2892 in
3510 2855 3743 2909 conspe-

2162 2937 2250 2982 ctu
2280 2927 2394 2996 ejus
2438 2929 2488 2982 in
2530 2928 2808 2984 cbaritate.
2852 2929 2954 2998 Ipsi
3003 2930 3144 2984 enim
3197 2938 3405 3000 putant,
3457 2950 3478 2983 ι
3509 2934 3742 3002 acceptis

2163 3023 2440 3091 praeceptis
2481 3021 2590 3091 jam
2637 3038 2732 3092 per
2764 3037 2865 3077 nos
2893 3023 3036 3092 ipsos
3080 3023 3195 3077 lieri
3235 3023 3414 3078 liberte
3449 3023 3741 3080 voluntatis

2161 3112 2380 3167 arbitrio
2406 3122 2619 3167 sanctos
2654 3123 2707 3168 et
2743 3115 3126 3178 immaculatos,
3156 3115 3207 3168 in
3234 3126 3519 3185 conspectu
3545 3118 3663 3185 ejus
3684 3118 3740 3173 in

2162 3204 2418 3258 charitate
2446 3221 2459 3258 :
2491 3203 2630 3273 quod
2672 3203 2901 3258 futurum
2945 3205 3084 3259 Deus
3119 3207 3367 3277 quoniam
3401 3210 3686 3277 praescivit,
3715 3231 3734 3263 ι

2163 3294 2425 3364 inquiunt,
2453 3313 2472 3345 ι
2502 3294 2620 3348 ideo
2645 3311 2742 3349 nos
2767 3305 2890 3350 ante
2917 3297 3096 3350 mundi
3123 3298 3555 3353 constitutionem
3577 3301 3744 3371 elegit

2163 3395 2217 3440 et
2253 3385 2645 3457 prmdcstinavit
2678 3387 2727 3440 in
2753 3385 2986 3441 Christo.
3017 3405 3036 3440 ι
3064 3385 3194 3442 Cum
3241 3387 3382 3441 dicat
3430 3390 3738 3459 Apostolus,

2162 3475 2275 3530 Non
2305 3477 2425 3546 quia
2453 3475 2657 3530 futuros
2691 3477 2821 3532 tales
2858 3492 2954 3531 nos
2989 3493 3108 3532 esse
3132 3477 3413 3548 prtescivit,
3444 3479 3536 3534 sed
3567 3489 3624 3534 ιιι
3646 3496 3742 3536 es—

2162 3581 2341 3622 semus
2380 3568 2510 3622 tales
2549 3583 2643 3636 per
2684 3568 2850 3636 ipsam
2895 3568 3208 3623 electionem
3245 3568 3428 3638 gratiae
3465 3585 3598 3634 suae,
3633 3587 3741 3639 qua

2161 3659 2472 3727 gratilicavit
2501 3674 2598 3713 nos
2629 3659 2679 3712 in
2709 3659 2902 3713 dilecto
2946 3658 3083 3713 Filio
3129 3673 3246 3713 suo.
3294 3659 3429 3714 Cum
3475 3677 3602 3730 ergo
3640 3677 3742 3718 nos

2162 3748 2572 3818 prtedestinavit,
2601 3763 2734 3816 opus
2761 3763 2912 3803 suum
2941 3749 3220 3819 prmscivit,
3251 3765 3354 3818 quo
3382 3766 3478 3804 nos
3516 3763 3741 3808 sanctos

2160 3848 2217 3895 et
2237 3839 2600 3894 immaculatos
2622 3838 2762 3893 facit.
2797 3839 2948 3894 Unde
2972 3849 3119 3896 recte
3142 3841 3240 3895 hoc
3267 3841 3566 3894 testimonio
3589 3841 3746 3895 Pela-

2160 3930 2348 4000 gianus
2366 3945 2517 3984 error
2547 3930 2805 4000 arguitur.
2843 3947 2860 3980 ι
2888 3929 2994 3984 Nos
3021 3938 3195 3985 autem
3233 3929 3472 3996 dicimus,
3506 3949 3526 3982 ι
3559 3931 3746 4001 inqui-

2163 4029 2274 4086 unt,
2313 4039 2332 4072 t
2367 4029 2601 4075 nostram
2643 4021 2808 4075 Deum
2857 4021 3268 4089 nomprazscisse
3296 4020 3395 4074 nisi
3424 4021 3605 4084 tidem,
3632 4039 3743 4092 qua

2161 4111 2380 4168 credere
2410 4111 2709 4180 incipimus,
2747 4120 2800 4166 et
2845 4111 2964 4164 ideo
2994 4127 3092 4166 nos
3126 4112 3350 4181 elegisse
3389 4121 3513 4166 ante
3553 4113 3743 4169 mundi

2162 4201 2614 4262 constitutionem,
2647 4216 2710 4255 ac
2738 4201 3164 4270 prtndestinasse.
3213 4201 3452 4256 utetiam
3487 4205 3654 4256 sancti
3685 4214 3743 4258 et

2162 4293 2483 4348 immaculati
2523 4294 2688 4362 gratia
2728 4303 2885 4362 atque
2929 4308 3089 4362 opere
3133 4293 3248 4360 ejus
3288 4309 3546 4348 essemus.
3580 4313 3598 4346 s
3631 4295 3740 4349 Sed

2160 4385 2376 4441 audiant
2417 4393 2471 4438 et
2522 4384 2620 4452 ipsi
2666 4384 2716 4436 in
2753 4382 2852 4437 hoc
2890 4383 3212 4448 testimonio,
3244 4384 3328 4438 ubi
3360 4383 3505 4451 dicit,
3538 4383 3740 4438 Sortem

2160 4476 2409 4530 consecuti
2427 4491 2617 4539 sumus,
2641 4473 2978 4543 prwdestinati
3001 4473 3270 4527 sectmdum
3297 4477 3631 4544 propositum.
3652 4478 3741 4544 qui

2161 4569 2390 4620 universa
2421 4577 2677 4633 aperatur.
2721 4563 2837 4632 ipse
2885 4579 3012 4634 ergo
3056 4571 3111 4617 ut
3158 4563 3377 4618 credere
3427 4564 3739 4633 incipiamus

2160 4665 2434 4726 operatur,
2460 4657 2550 4724 qui
2579 4655 2822 4710 universa
2855 4666 3122 4724 operatur.
3174 4653 3516 4708 Vocationem
3543 4656 3738 4724 quippe

2160 4749 2303 4804 illam
2343 4749 2412 4802 de
2454 4763 2555 4817 qua
2591 4747 2788 4800 dictum
2826 4755 2930 4812 est,
2983 4747 3108 4801 Sine
3153 4747 3440 4816 paenitentia
3462 4747 3596 4800 enim
3623 4754 3737 4799 sunt

2160 4844 2293 4895 dona
2319 4850 2364 4893 et
2398 4841 2587 4894 vacatio
2624 4839 2717 4892 Dei
2739 4837 2910 4910 (Rom.
2954 4855 3028 4902 xx,
3065 4838 3189 4908 29);
3234 4848 3288 4892 et
3313 4836 3383 4892 de
3409 4853 3510 4907 qua
3536 4836 3740 4892 dictum

2159 4941 2261 4997 est,
2293 4930 2412 4986 Non
2440 4946 2503 4986 ea:
2523 4931 2775 4999 operibus,
2803 4929 2892 4983 sed
2919 4945 2982 4984 ea:
3004 4939 3209 4983 vocante
3230 4927 3340 4999 (Id.
3366 4944 3438 4992 ix,
3476 4927 3591 4996 12);
3614 4943 3740 4982 cum

2160 5034 2339 5094 posset
2367 5022 2562 5086 dicere,
2590 5021 2694 5076 Sed
2722 5036 2787 5074 ex
2822 5022 3109 5074 credente:
3141 5031 3192 5074 et
3235 5020 3547 5074 electionem
3575 5034 3738 5088 quam

2156 5114 2468 5184 signiﬁcavit
2498 5112 2770 5175 Dominus,
2799 5111 2998 5174 dicens,
3028 5109 3148 5162 Non
3178 5125 3263 5162 vos
3289 5125 3367 5160 me
3385 5109 3622 5177 elegistis.
3650 5109 3743 5161 sed

2158 5222 2248 5275 ego
2269 5221 2354 5258 vos
2373 5202 2498 5272 elegi
2528 5201 2705 5271 (Joan.
2737 5216 2828 5266 sv,
2857 5201 2977 5270 lli);
3011 5215 3107 5253 nec
3139 5200 3267 5253 lides
3308 5199 3419 5267 ipsa
3460 5198 3738 5266 praecedit.

2158 5295 2271 5350 Non
2299 5296 2440 5347 enim
2489 5292 2610 5361 quia
2649 5291 2990 5355 credidimus,
3037 5288 3129 5343 sed
3177 5297 3234 5342 ut
3273 5288 3552 5342 credamus
3577 5287 3742 5357 elegit

2159 5400 2256 5439 nos
2289 5401 2302 5434 :
2332 5397 2398 5436 ne
2425 5383 2627 5450 priores
2646 5395 2767 5434 eum
2793 5379 3014 5448 elegisse
3039 5377 3296 5440 dicamur.
3321 5376 3621 5445 falsumque
3640 5377 3736 5438 sit,

2159 5475 2295 5544 quod
2318 5475 2469 5536 absit,
2497 5472 2614 5527 Non
2643 5488 2727 5525 vos
2747 5488 2824 5524 me
2850 5469 3082 5540 elegistis,
3113 5469 3201 5522 sed
3227 5485 3316 5538 ego
3343 5483 3427 5520 vos
3452 5468 3598 5538 elegi.
3625 5467 3739 5521 Nec

2159 5567 2276 5635 quia
2307 5563 2644 5624 credidimus.
2673 5561 2763 5614 sed
2787 5572 2839 5614 ut
2860 5559 3137 5614 credamus
3158 5573 3406 5612 vocamur
3429 5574 3442 5607 :
3465 5567 3627 5624 atque
3650 5557 3739 5610 illa

2157 5658 2455 5719 vocatione,
2487 5670 2603 5725 qua:
2626 5655 2740 5707 sine
2764 5651 3070 5722 paenitentia
3092 5660 3192 5713 est,
3227 5649 3276 5704 id
3315 5663 3532 5719 prorsus
3558 5651 3740 5720 agitur

2162 5759 2216 5805 et
2243 5747 2527 5818 peragitur,
2555 5754 2610 5800 ut
2639 5744 2936 5800 credamus.
2957 5742 3064 5798 Nec
3089 5741 3262 5796 omnia
3286 5740 3588 5811 replicanda
3606 5752 3744 5796 sunt
