4022 6466
297 356 400 412 989

293 471 361 524 de
387 468 488 523 hac
516 481 577 522 te
601 473 704 520 tam
738 464 897 520 multa
925 478 1041 534 qua:
1069 461 1318 517 diximus.

365 559 455 613 59.
504 557 739 626 Denique
763 556 888 611 etin
917 549 1872 625 hujustestimoniiconsequentibus.

296 652 406 705 Deo
435 649 634 717 gratias
678 648 786 718 agit
824 647 1108 717 Apostolus
1140 660 1234 715 pro
1273 643 1357 698 his
1385 641 1474 712 qui
1499 640 1870 706 crediderunt,

296 758 401 796 non
426 741 608 809 utique
629 739 878 808 quoniam
901 738 979 791 eis
999 737 1366 791 annuntiatum
1398 742 1481 788 est
1502 731 1872 801 Evangelium,

296 831 394 886 sed
418 831 666 899 quoniam
683 829 1044 884 crediderunt.
1064 826 1307 882 Aitenim
1343 843 1356 878 :
1380 822 1445 876 In
1471 839 1570 893 quo
1597 832 1640 876 et
1669 839 1753 876 vos
1780 839 1876 874 au-

298 923 489 975 dientes
517 920 717 974 verbum
759 921 981 975 veritatis
1025 918 1353 989 Evangelium
1379 917 1558 971 salutis
1587 925 1762 969 vestrae
1781 957 1792 979 ,
1826 917 1876 969 in

297 1031 397 1080 quo
424 1014 676 1066 credentes
704 1014 888 1084 signati
912 1013 1028 1066 estis
1057 1012 1256 1082 Spiritu
1283 1008 1627 1080 promissionis
1665 1017 1836 1060 sancto
1861 1048 1875 1071 ,

295 1104 381 1175 qui
409 1115 480 1157 est
511 1105 689 1174 pignus
716 1105 1023 1157 hereditatis
1049 1112 1234 1155 nostra:
1253 1141 1266 1165 ,
1294 1101 1347 1154 in
1378 1099 1763 1168 redemptionem
1795 1115 1880 1151 ac-

297 1198 602 1266 quisitionis,
627 1199 677 1250 in
706 1197 904 1250 laudem
934 1196 1110 1264 gloria:
1137 1194 1297 1262 ipsius
1326 1208 1344 1247 :
1375 1201 1580 1261 propter
1607 1191 1698 1245 hoc
1723 1200 1770 1243 et
1790 1207 1879 1261 ego

299 1288 477 1340 audita
505 1288 606 1356 [ide
642 1297 802 1340 vestra
830 1287 881 1338 in
909 1284 1108 1338 Christo
1140 1281 1267 1336 Jcsu
1289 1293 1335 1336 et
1366 1283 1416 1335 in
1441 1299 1608 1335 omnes
1637 1291 1837 1334 sanctos
1859 1319 1875 1344 ,

300 1396 400 1431 non
429 1395 566 1431 cesso
592 1378 781 1449 gratius
810 1392 955 1446 agere
995 1391 1085 1443 pro
1127 1374 1260 1427 vobis
1291 1370 1518 1443 (Ephes.
1549 1387 1588 1437 ι,
1624 1372 1691 1426 15
1713 1401 1730 1411 ο
1752 1370 1819 1424 16
1840 1371 1877 1439 ).

300 1468 446 1522 Nova
473 1479 586 1522 erat
613 1477 667 1520 et
696 1481 882 1521 recens
908 1480 1092 1520 eorum
1122 1463 1254 1518 ﬁdes
1280 1463 1564 1532 prmdieato
1583 1463 1681 1516 sibi
1710 1463 1880 1517 Evan-

297 1561 439 1629 gelio
460 1601 473 1622 ,
504 1575 604 1628 qua
637 1558 738 1612 ﬁde
766 1557 942 1611 audita
966 1599 981 1622 ,
1010 1556 1206 1625 gratias
1240 1556 1347 1610 Deo
1375 1569 1468 1624 pro
1493 1556 1570 1610 eis
1603 1555 1711 1625 agit
1738 1555 1881 1624 Apo-

303 1650 497 1703 stolus.
523 1648 579 1704 Si
627 1647 825 1702 homini
869 1648 1065 1717 gratias
1109 1654 1287 1714 ageret
1329 1660 1424 1715 pro
1451 1660 1518 1699 eo
1548 1644 1688 1714 quod
1734 1645 1879 1699 illum

301 1739 385 1793 vel
417 1747 626 1808 putaret
665 1753 769 1792 nou
802 1737 1112 1807 prtcstitisse
1148 1736 1232 1790 vel
1274 1746 1454 1790 nosset
1477 1778 1492 1799 ,
1537 1736 1769 1790 adulatio
1800 1738 1882 1792 vel

303 1829 483 1882 irrisio
511 1829 692 1882 verius
729 1843 885 1898 quam
915 1828 1201 1896 gratiarum
1227 1827 1367 1880 actio
1393 1827 1677 1881 diceretur.
1712 1825 1882 1880 Nolite

307 1936 516 1985 errare;
539 1919 677 1974 Deus
705 1937 806 1973 non
849 1920 1088 1973 irridetur
1118 1920 1133 1950 ¹
1162 1917 1374 1991 (Colat.
1407 1934 1479 1985 vt,
1510 1918 1575 1988 7)
1623 1934 1637 1970 :
1683 1918 1881 1972 donum

304 2011 449 2065 enim
481 2011 595 2079 ejus
623 2019 707 2065 est
734 2011 893 2064 etiam
926 2010 1184 2079 incipiens
1211 2009 1361 2073 ﬁdes,
1394 2025 1460 2064 ne
1487 2010 1722 2080 Apostoli
1754 2009 1882 2065 falsa

303 2102 389 2155 vel
408 2099 558 2154 fallax
581 2101 870 2169 gratiarum
887 2101 1026 2154 actio
1047 2100 1237 2154 merito
1253 2099 1539 2168 judicetur.
1563 2100 1697 2168 Quid
1723 2102 1845 2154 illud
1861 2105 1885 2154 ‘t

306 2208 483 2247 nonne
523 2193 726 2247 initium
772 2192 893 2246 ﬁdei
938 2202 1158 2261 apparet
1195 2193 1746 2271 Thessalonicensium
1774 2196 1884 2261 ,'de

299 2298 412 2351 quo
443 2291 620 2338 tamen
653 2283 790 2336 idem
821 2284 1097 2352 apostolus
1127 2284 1237 2338 Deo
1263 2286 1460 2353 gratias
1489 2285 1628 2354 agit,
1657 2285 1838 2340 dicens
1865 2327 1879 2351 ,

310 2373 587 2442 I’rOpterea
613 2383 656 2426 et
683 2390 774 2426 nos
801 2375 988 2444 gratias
1013 2375 1208 2443 agimus
1233 2373 1341 2428 Deo
1363 2376 1471 2429 sine
1499 2377 1881 2442 intermissione,

305 2466 548 2534 quoniam
573 2481 686 2517 cum
716 2467 1059 2536 percepissetis
1086 2484 1118 2520 a
1146 2467 1288 2521 nobis
1307 2468 1507 2523 verbum
1532 2470 1735 2524 auditus
1766 2463 1908 2537 Det,

306 2557 570 2611 ea'ceoistis
612 2573 711 2611 non
737 2568 791 2610 ut
818 2559 1016 2612 verbum
1057 2559 1349 2627 hominum,
1387 2561 1477 2616 sed
1518 2563 1646 2616 sicut
1672 2573 1743 2617 est
1777 2580 1888 2618 vere

305 2647 508 2699 verbum
539 2647 662 2711 Dei,
703 2648 836 2717 quod
860 2661 1096 2717 operatur
1120 2652 1172 2704 in
1195 2652 1331 2706 vobis
1349 2693 1364 2718 ,
1395 2654 1477 2706 cui
1515 2654 1796 2708 credidistis
1825 2657 1842 2724 (
1868 2655 1884 2709 Ι

309 2738 486 2792 Thess.
517 2755 576 2805 tt,
608 2741 745 2810 1‘5)?
770 2741 905 2808 Quid
935 2751 1019 2797 est
1044 2743 1185 2813 quod
1217 2744 1339 2799 hinc
1369 2745 1481 2800 Deo
1507 2748 1702 2817 gratias
1739 2749 1887 2819 agit?

310 2830 511 2899 Nempe
535 2847 726 2885 vanum
763 2843 846 2888 est
892 2844 1052 2904 atque
1097 2836 1254 2892 inane
1279 2879 1294 2902 ,
1325 2837 1370 2892 si
1410 2839 1496 2894 cui
1534 2840 1728 2908 gratias
1757 2843 1884 2909 agit,

312 2921 412 2975 lmc
443 2922 554 2991 ipse
600 2940 702 2976 nun
735 2924 857 2977 fecit
886 2926 928 2976 ⁸.
969 2925 1074 2981 Sed
1116 2929 1238 2997 quia
1285 2928 1387 2982 hoc
1426 2945 1617 2984 vanum
1649 2939 1703 2985 ct
1731 2932 1887 2986 inane

313 3027 417 3068 non
442 3025 546 3080 est,
583 3015 818 3084 profecto
853 3018 990 3073 Deus
1017 3021 1101 3074 cui
1130 3021 1198 3076 de
1227 3022 1329 3079 hoc
1349 3040 1514 3094 opere
1537 3026 1734 3095 gratias
1754 3027 1884 3097 agit,

311 3105 423 3175 ipse
450 3106 572 3161 fecit
593 3149 609 3173 ,
648 3117 703 3162 ut
727 3124 844 3163 cttm
878 3112 1243 3180 percepissent
1279 3115 1347 3168 ab
1379 3117 1632 3184 Apostolo
1665 3120 1886 3172 verbum

309 3197 522 3252 auditus
541 3199 652 3264 Dei,
678 3200 982 3270 exciperent
1002 3203 1128 3258 illttd
1154 3221 1256 3259 non
1280 3215 1336 3260 ut
1353 3208 1570 3262 verbum
1589 3210 1884 3276 hominum,

309 3286 398 3340 sed
415 3287 550 3341 sicut
568 3299 649 3343 est
670 3305 814 3354 vere,
834 3291 1051 3346 verbum
1078 3293 1188 3348 Dei.
1215 3295 1355 3350 Deus
1382 3297 1538 3365 igitur
1557 3310 1808 3368 oneratur
1835 3301 1884 3354 in

308 3381 556 3434 cordibus
582 3381 876 3450 hominum,
900 3387 1176 3442 vocatione
1206 3389 1295 3443 illa
1326 3390 1613 3446 secundum
1643 3395 1885 3463 proposi-

311 3479 417 3524 tum
435 3487 610 3539 suum,
627 3474 692 3528 de
708 3491 808 3544 qua
828 3478 1048 3533 mttltum
1068 3481 1441 3550 locutisumus,
1465 3494 1521 3539 ut
1539 3503 1640 3539 non
1663 3488 1888 3545 inaniter

308 3563 523 3617 audiant
548 3564 892 3636 Evangelium
913 3610 929 3633 ,
959 3570 1052 3624 sed
1097 3586 1164 3626 eo
1208 3573 1390 3627 audito
1428 3586 1809 3633 convertantur
1833 3589 1888 3635 et

309 3655 556 3720 credant,
590 3660 918 3728 excipientes
959 3677 1064 3716 non
1112 3672 1170 3717 ut
1197 3665 1414 3720 verbum
1448 3667 1760 3739 hominum,
1791 3673 1883 3727 sed

309 3745 448 3800 sicut
469 3755 551 3801 est
579 3763 704 3803 vere
732 3751 950 3806 verbum
983 3753 1098 3808 Dei.

379 3837 602 3896 CAPUT
637 3841 850 3895 XX.—-
876 3843 964 3899 40.
1008 3843 1140 3900 Illud
1185 3847 1342 3901 etiam
1381 3848 1588 3904 initium
1632 3851 1750 3908 ﬁdei
1782 3854 1883 3908 bo-

308 3929 510 3984 minum
536 3931 732 3984 donum
765 3933 856 3987 Dei
877 3949 996 3988 esse
1025 3950 1120 3989 nos
1147 3936 1418 4002 admonet,
1446 3954 1566 3992 eum
1598 3943 1698 3995 hoc
1722 3943 1886 4013 signi—

311 4020 433 4074 licet
460 4023 746 4088 Apostolus
783 4024 967 4079 dicens
1008 4026 1059 4078 in
1103 4027 1340 4096 Epistula
1387 4029 1453 4083 ad
1493 4030 1880 4088 Colosseuses:

312 4111 544 4167 Orationi
568 4113 768 4182 instate,
801 4117 1058 4186 vigilantes
1083 4120 1134 4172 in
1168 4119 1258 4174 illa
1283 4122 1335 4174 in
1356 4124 1632 4193 gratiarum
1657 4127 1880 4192 actione,

309 4214 507 4258 orantes
529 4205 682 4258 simul
707 4215 754 4259 et
781 4223 872 4275 pro
898 4208 1055 4275 nobis,
1088 4219 1140 4262 ut
1171 4209 1304 4265 Deus
1331 4214 1523 4283 aperiat
1545 4215 1686 4268 nobis
1701 4216 1884 4269 ostium

308 4295 439 4348 verbi
477 4297 554 4350 sui
599 4297 667 4350 ad
718 4297 1018 4368 loquendum
1070 4304 1359 4370 mysterium
1411 4304 1631 4370 Christi,
1684 4317 1885 4377 propter

307 4384 442 4453 quod
478 4387 627 4440 etiam
670 4389 860 4442 vinctus
909 4407 1048 4455 sum,
1090 4403 1142 4444 ut
1187 4394 1500 4461 manifestem
1544 4395 1674 4449 illud
1715 4399 1786 4450 ita
1831 4409 1884 4452 ut

309 4485 501 4543 oportet
530 4494 606 4531 me
633 4478 766 4548 loqui
791 4481 806 4548 (
833 4478 1027 4535 Coloss.
1058 4499 1128 4546 tv,
1160 4482 1313 4555 2-4).
1343 4486 1621 4554 Quomodo
1649 4491 1884 4558 aperitur

309 4567 504 4621 ostium
535 4570 714 4636 verbi,
760 4571 857 4624 nisi
903 4587 1022 4627 eum
1055 4590 1244 4629 sensus
1273 4580 1509 4645 aperitur
1534 4580 1798 4635 audientis
1829 4592 1884 4636 ttt

308 4659 530 4724 credat,
553 4669 608 4714 et
637 4661 784 4715 initio
811 4662 930 4718 ﬁdei
970 4664 1108 4718 facto
1131 4707 1145 4731 ,
1175 4681 1236 4721 ea
1277 4683 1394 4736 quze
1421 4668 1485 4722 ad
1516 4670 1880 4725 aediﬁcandam

308 4748 575 4802 salubrem
611 4749 906 4806 doctrinam
951 4755 1306 4824 prmdicantur
1338 4767 1393 4812 et
1425 4759 1764 4828 disputantur
1791 4763 1884 4816 ad-

309 4837 516 4902 mittat;
549 4855 617 4893 nc
648 4856 740 4910 per
767 4841 1127 4899 inﬁdelitatem
1155 4847 1316 4900 corde
1338 4847 1539 4913 clauso,
1569 4867 1630 4905 ea
1657 4867 1773 4921 quze
1802 4852 1883 4906 di-

307 4939 496 4984 cuntur
525 4933 786 5002 improbet
814 4950 876 4988 ac
912 4938 1170 5008 repellat?
1218 4938 1370 4994 Unde
1400 4950 1452 4994 et
1481 4941 1546 4995 ad
1577 4942 1882 4999 Corintbios

307 5021 382 5074 ait
413 5036 426 5072 :
464 5020 774 5078 Permanebo
817 5037 983 5082 autem
1015 5027 1207 5099 Ephesi
1237 5047 1390 5098 usque
1417 5033 1484 5083 ad
1516 5032 1881 5101 Pentecosten;

307 5113 488 5165 ostium
513 5115 642 5168 enim
673 5117 795 5170 mihi
842 5128 1069 5187 apertum
1107 5131 1178 5173 est
1217 5139 1453 5192 magnum
1497 5135 1544 5178 et
1583 5127 1800 5192 evidens,
1833 5141 1879 5183 et

305 5203 577 5258 adversarii
603 5208 743 5261 multi
772 5209 812 5280 (I
832 5210 948 5263 Cor.
967 5213 1148 5279 xvt,8,
1169 5212 1247 5282 9).
1278 5215 1411 5279 Quid
1441 5216 1523 5271 hic
1544 5219 1682 5274 aliud
1709 5231 1878 5291 potest

309 5294 523 5364 uttelligi
545 5337 560 5360 ,
594 5299 691 5351 nisi
731 5300 1017 5367 prmdieato
1048 5303 1115 5357 ibi
1149 5320 1244 5373 per
1269 5321 1391 5359 eum
1436 5308 1681 5376 primitus
1709 5313 1880 5368 Evan~

304 5385 437 5452 gelio
463 5387 750 5444 credidisse
787 5391 1012 5458 ntttltos,
1042 5403 1094 5448 et
1121 5397 1316 5452 multos
1353 5397 1591 5467 ejusdem
1624 5403 1744 5458 ﬁdei
1776 5406 1875 5460 ad-

369 5520 392 5604 :
411 5526 589 5604 Amﬁt‘
598 5527 718 5604 Aer:
728 5531 826 5604 :von
846 5537 1063 5604 erret-nus
1078 5539 1102 5604 ς
1116 5537 1254 5604 Deus
1275 5543 1366 5604 non
1384 5531 1638 5604 irridetur.
1656 5537 1876 5604 Plerique

305 5584 433 5653 £135.,
469 5581 618 5653 {volite
637 5596 823 5653 errare,
847 5585 1000 5653 inquit
1038 5590 1297 5653 apostolus,
1318 5581 1600 5648 beneﬁcii
1620 5581 1871 5652 aliialii".

300 5642 651 5716 (mmeditioue
675 5652 780 5714 Iov.
807 5642 1259 5716 omittitnt_ts;_inquit
1279 5642 1536 5716 imitata;

368 5704 387 5732 ²
411 5703 526 5773 Editi
553 5703 729 5778 :siocui
748 5709 928 5781 gratias
950 5711 1047 5819 aqit
1065 5703 1126 5760 de
1149 5703 1237 5762 hoc
1255 5703 1612 5819 qztbdiztse'itm
1633 5721 1758 5784 fecit
1785 5731 1874 5775 Ita-

368 5773 535 5819 Lscrttutt
559 5775 778 5818 onttttttnt
805 5779 981 5819 t.arttcu
1005 5785 1074 5819 as.
1094 5776 1172 5819 de.
1197 5783 1268 5819 et.
1291 5787 1400 5819 (mm
1423 5814 1434 5819 -

378 5731 383 5732 ν
411 5731 526 5752 num
553 5740 565 5752 .
586 5731 628 5753 as
651 5731 729 5756 eus
748 5731 928 5768 grumis
950 5731 980 5758 u
1014 5731 1045 5760 u
1065 5731 1126 5760 ae
1149 5731 1237 5762 HOC
1255 5731 1379 5775 quoa
1397 5731 1415 5766 2
1449 5758 1450 5761 η

306 5765 535 5826 nuscriptt
559 5767 778 5818 omittunt
803 5731 1074 5833 particughts,
1094 5776 1172 5835 (te,
1197 5783 1268 5836 et,
1291 5731 1450 5838 quocf

1195 341 1395 397 LlBER
1437 340 1524 396 DE
1563 335 2220 396 PRIEDESTINATIONE
2251 336 2686 395 SANCTORUM.

3457 339 3562 398 990

1982 455 2244 509 vcrsarios
2273 455 2539 510 exstitisse
2563 497 2578 523 ,
2607 455 2900 511 secundum
2947 455 3074 511 illud
3108 454 3314 512 Domini
3340 498 3354 523 ,
3390 455 3557 512 Nemo

1981 546 2050 600 ad
2075 563 2152 600 me
2179 547 2331 613 venit,
2362 548 2458 602 nisi
2479 547 2561 600 cui
2590 546 2765 600 datum
2796 548 2946 620 fuerit
2975 565 3006 600 a
3036 545 3193 602 Patre
3219 565 3327 602 meo
3357 547 3427 618 (1
3434 566 3556 604 oan.

1984 653 2058 700 vt,
2088 637 2192 708 66)
2232 655 2246 693 :
2289 646 2363 702 et,
2401 635 2552 692 Vobis
2589 638 2763 691 datunt
2808 648 2881 693 est
2924 655 3071 692 nosse
3101 640 3388 709 mysterium
3418 639 3558 710 regni

1982 732 2219 785 caelorum
2243 746 2262 794 ;
2288 730 2390 786 illis
2409 741 2572 784 autent
2595 747 2695 784 non
2721 742 2793 785 est
2823 732 2996 785 datum
3019 731 3242 801 (Matth.
3273 747 3388 796 sttt,
3416 732 3473 786 il
3497 730 3561 800 Π

1981 823 2188 876 Ustium
2219 837 2347 892 ergo
2375 831 2614 892 apertum
2645 832 2729 878 est
2773 824 2823 876 itt
2865 826 2944 879 eis
2987 826 3178 893 quibus
3216 824 3398 878 datum
3436 833 3558 878 est:

1982 912 2273 968 adversarii
2301 924 2477 967 autem
2509 914 2655 966 multi
2691 929 2754 967 ex
2783 914 2861 968 eis
2891 915 3080 983 quibus
3111 931 3214 968 non
3243 924 3326 969 est
3356 914 3562 968 datunt.

2053 1005 2143 1058 41.
2206 1002 2444 1072 Itemque
2468 1002 2533 1057 ad
2561 1002 2776 1058 eosdem
2809 1004 2859 1056 in
2891 986 3120 1058 secunda
3150 1005 3388 1073 Epistula
3423 1004 3562 1058 idem

1985 1095 2256 1164 apostolus
2289 1113 2301 1147 :
2330 1093 2456 1152 Cum
2485 1095 2748 1156 venissem,
2769 1095 2958 1164 inquit,
2977 1098 3027 1148 in
3045 1093 3298 1150 Troadem
3317 1097 3366 1149 in
3399 1093 3568 1149 Evan-

1984 1185 2168 1255 gelium
2192 1183 2400 1252 Christi,
2425 1195 2471 1238 et
2494 1188 2674 1238 ostium
2700 1186 2825 1238 mihi
2850 1196 3078 1255 apertum
3099 1195 3223 1240 esset
3245 1187 3295 1239 in
3323 1184 3562 1251 Domino,

1984 1293 2085 1330 non
2112 1277 2265 1330 habui
2289 1278 2504 1344 requiem
2530 1279 2726 1347 spiritui
2754 1295 2884 1340 meo,
2913 1295 2970 1332 eo
2995 1279 3130 1349 quod
3161 1296 3258 1333 non
3285 1280 3450 1334 inveni
3483 1278 3568 1333 Ti-

1985 1377 2090 1421 tum
2117 1372 2324 1438 fratrem
2351 1385 2514 1423 meum
2540 1385 2558 1423 :
2581 1370 2667 1423 sed
2695 1370 2804 1424 vale
2828 1370 2930 1424 illis
2961 1371 3152 1442 faciens
3181 1372 3280 1425 exii
3307 1372 3360 1426 in
3391 1369 3566 1425 Mace-

1985 1461 2210 1512 doniam.
2237 1459 2439 1528 Quibus
2461 1462 2576 1515 vale
2599 1460 2746 1529 fecit,
2780 1463 2881 1516 nisi
2911 1463 2990 1516 eis
3015 1465 3103 1532 qui
3126 1463 3485 1529 crediderant,
3512 1463 3564 1516 itt

1985 1566 2210 1621 quorum
2251 1551 2456 1606 scilicet
2495 1552 2746 1608 cordibus
2787 1554 3169 1623 evangelizanti
3213 1564 3452 1622 apertum
3485 1561 3570 1608 est

1986 1643 2221 1697 ostium?
2245 1643 2384 1710 Quid
2413 1653 2589 1698 autem
2619 1644 2871 1714 adjungat
2897 1645 3158 1700 attendite
3189 1662 3204 1702 :
3243 1645 3348 1699 Deo
3376 1655 3566 1712 autem,

1987 1734 2193 1804 inquit,
2233 1737 2457 1805 gratias,
2503 1736 2589 1805 qui
2630 1752 2826 1806 semper
2865 1737 3179 1807 triumphare
3220 1753 3310 1792 nos
3352 1737 3473 1806 facit
3514 1737 3570 1790 in

1987 1825 2184 1879 Christo
2203 1866 2218 1892 ,
2250 1836 2295 1879 et
2335 1826 2540 1882 odorem
2569 1828 2760 1882 notitiae
2800 1844 2906 1882 suae
2953 1846 3042 1898 per
3067 1845 3158 1883 nos
3185 1829 3475 1900 manifestat
3515 1828 3570 1881 in

1987 1917 2122 1970 omni
2149 1917 2259 1970 loco
2289 1931 2308 1970 :
2334 1918 2453 1988 quia
2481 1917 2665 1971 Christi
2705 1918 2863 1973 bonus
2891 1919 3018 1973 odor
3042 1936 3214 1974 sumus
3243 1918 3385 1983 Deo,
3411 1919 3464 1971 itt
3490 1917 3570 1971 Itis

1986 2007 2074 2076 qui
2097 2007 2221 2060 salvi
2247 2008 2396 2076 ﬁunt,
2419 2018 2464 2061 et
2490 2009 2542 2063 in
2563 2009 2640 2063 his
2666 2010 2752 2080 qui
2779 2020 3020 2078 pereunt;
3044 2009 3344 2080 quibusdam
3367 2009 3571 2079 quidem

1989 2102 2114 2153 odor
2141 2102 2315 2154 mortis
2340 2102 2392 2154 in
2422 2112 2629 2155 mortem
2651 2143 2667 2167 ,
2705 2103 3004 2174 quibusdam
3031 2113 3199 2156 autem
3229 2103 3353 2156 odor
3380 2102 3495 2155 vita:
3518 2101 3573 2154 in

1989 2193 2159 2245 vitam.
2193 2194 2329 2248 Ecce
2358 2194 2497 2248 unde
2522 2196 2718 2264 gratias
2755 2197 2862 2265 agit
2901 2196 3050 2249 miles
3073 2195 3364 2250 acerrimus
3390 2203 3444 2249 et
3472 2193 3571 2248 de-

1988 2283 2169 2339 l‘ensor
2194 2285 2572 2340 invictissitnus
2600 2288 2784 2356 gratiae
2817 2303 2832 2341 :
2863 2302 2988 2342 ecce
3017 2287 3156 2342 unde
3183 2289 3382 2356 gratias
3421 2290 3570 2355 agit,

1988 2377 2107 2446 quia
2137 2377 2336 2431 Cbristi
2371 2378 2540 2431 bonus
2565 2377 2698 2432 odor
2725 2387 2850 2432 sunt
2875 2379 3114 2447 Apostoli
3143 2379 3253 2433 Deo
3276 2420 3292 2443 ,
3322 2387 3377 2433 et
3404 2377 3458 2432 in
3486 2378 3570 2432 ltis

1988 2469 2077 2538 qui
2099 2469 2227 2522 salvi
2257 2470 2387 2523 ﬁunt
2412 2469 2576 2539 gratia
2602 2469 2738 2539 ejus,
2761 2479 2814 2524 ct
2843 2471 2894 2524 in
2923 2470 3002 2523 bis
3023 2471 3111 2540 qui
3134 2469 3572 2539 percuntjudicio

1990 2561 2124 2629 ejus.
2167 2560 2272 2615 Sed
2300 2570 2355 2614 ut
2393 2561 2566 2614 minus
2609 2574 2988 2616 succcttseatur
3017 2562 3133 2618 Ita-c
3161 2577 3346 2631 parum
3376 2561 3573 2614 intelli-

1989 2654 2234 2722 gentibus
2262 2655 2301 2716 ί,
2332 2655 2444 2724 ipse
2470 2653 2754 2717 admonet,
2787 2670 2908 2708 cum
2935 2655 3176 2725 adjttngit
3216 2663 3273 2710 et
3311 2654 3470 2717 dicit,
3504 2653 3572 2707 Et

1989 2745 2058 2796 ad
2084 2745 2190 2798 hcc
2216 2745 2328 2814 quis
2365 2745 2574 2799 idoneus
2603 2745 2682 2817 (ll
2717 2745 2836 2800 Cor.
2865 2762 2934 2813 tt,
2966 2746 3226 2815 12-16)?
3260 2747 3453 2802 Verum
3481 2761 3571 2802 re-

1993 2834 2212 2889 deamus
2237 2834 2302 2888 ad
2324 2835 2446 2888 ostii
2471 2836 2826 2906 apertionem,
2849 2852 2953 2906 qua
2979 2838 3184 2891 initium
3211 2837 3330 2892 ﬁdei
3353 2837 3569 2893 audicn~

1992 2925 2120 2980 titun
2151 2926 2463 2995 signiﬁcavit
2489 2927 2796 2996 Apostolus.
2844 2927 2980 2996 Quid
3019 2937 3102 2982 est
3141 2929 3316 2993 enim,
3357 2927 3571 2984 Orontes

1991 3017 2141 3072 simul
2164 3027 2209 3071 et
2240 3034 2331 3088 pro
2357 3018 2518 3085 nobis,
2548 3029 2601 3072 ut
2629 3017 2768 3073 Deus
2793 3020 2987 3090 aperiat
3027 3021 3168 3075 nobis
3194 3021 3374 3075 ostium
3400 3021 3571 3084 verbi;

1992 3109 2092 3162 nisi
2117 3109 2453 3178 apertissima
2492 3109 2917 3175 demonstratio,
2959 3111 3118 3166 etiam
3162 3111 3335 3181 ipsum
3364 3111 3572 3165 initium

1993 3199 2112 3253 ﬁdei
2142 3215 2260 3254 esse
2289 3201 2486 3254 donum
2518 3199 2644 3254 Dei?
2669 3199 2782 3254 Non
2813 3201 2956 3256 enim
2986 3201 3188 3256 orando
3215 3211 3482 3272 peteretur
3505 3201 3572 3255 ab

1991 3305 2089 3355 eo,
2122 3291 2223 3344 nisi
2251 3291 2316 3345 ab
2345 3292 2460 3361 ipso
2490 3292 2647 3346 tribui
2674 3292 3003 3349 crederetur.
3036 3293 3148 3348 Hoc
3175 3295 3376 3349 donum
3406 3295 3573 3351 caele-

1990 3383 2280 3452 stisgratiat
2299 3383 2350 3436 in
2369 3383 2509 3437 illam
2535 3385 2899 3454 purpurariam
2917 3384 3290 3449 descenderat,
3309 3385 3416 3449 cui,
3437 3386 3573 3439 sicut

1989 3473 2259 3542 Scriptura
2281 3473 2411 3528 dicit
2437 3475 2488 3528 in
2515 3475 2735 3530 Actibus
2764 3476 3164 3544 Apostolorum,
3195 3475 3330 3531 Deus
3359 3493 3571 3546 aperue-

1989 3577 2069 3620 rat
2091 3582 2291 3621 sensum
2317 3569 2451 3640 ejus,
2481 3578 2525 3620 et
2553 3568 2836 3621 intendebat
2866 3569 2916 3622 in
2947 3585 3005 3622 ea
3034 3584 3147 3637 qua:
3175 3585 3206 3621 a
3231 3567 3400 3623 Paulo
3427 3570 3568 3622 dice-

1989 3657 2169 3713 bantur
2189 3659 2330 3730 (Act.
2354 3675 2466 3726 xvt,
2496 3660 2558 3714 H
2575 3661 2613 3730 ).
2636 3659 2725 3714 Sic
2747 3661 2888 3714 enim
2908 3661 3212 3727 vocabatur,
3234 3670 3288 3714 ttt
3303 3662 3565 3717 crederet.

1990 3753 2111 3822 Agit
2143 3753 2336 3822 quippe
2365 3752 2508 3806 Deus
2544 3752 2683 3821 quod
2715 3752 2826 3806 vult
2869 3753 2919 3806 itt
2965 3752 3215 3808 cordibus
3246 3753 3518 3808 hominum
3545 3794 3561 3820 ,

1989 3845 2074 3898 vel
2096 3843 2413 3913 adjuvando,
2437 3844 2519 3898 vel
2540 3844 2848 3914 judicando,
2873 3846 3103 3900 utetiam
3125 3861 3216 3914 per
3235 3861 3328 3900 eos
3350 3845 3570 3915 implea-

1990 3941 2076 3986 tur
2098 3933 2238 4002 quod
2268 3949 2452 3988 manus
2479 3934 2595 4004 ejus
2621 3943 2678 3990 et
2714 3935 2992 3990 consilium
3025 3935 3414 4005 praedestinavit
3447 3935 3562 3990 ﬁeri

1991 4019 2110 4092 (Id.
2144 4038 2220 4086 IV,
2248 4022 2372 4094 ιδ).

2061 4112 2146 4166 42.
2188 4113 2406 4168 Frustra
2434 4114 2610 4184 itaque
2639 4115 2798 4169 etiam
2827 4114 2979 4180 illttd,
3009 4115 3147 4184 quod
3178 4115 3484 4185 Regnorum
3515 4125 3568 4170 ct

1988 4204 2427 4274 Paralipomenon
2448 4206 2721 4276 Scriptura
2744 4215 2878 4261 teste
2901 4208 3258 4276 probavimus,
3281 4223 3400 4261 cum
3424 4208 3567 4262 Deus

1987 4297 2102 4350 vult
2131 4296 2241 4351 ﬁeri
2270 4298 2408 4367 quod
2440 4314 2545 4352 non
2573 4298 2672 4353 nisi
2704 4299 3002 4355 volentibus
3027 4299 3328 4354 hominibus
3353 4309 3566 4370 oportet

1988 4388 2124 4455 ﬁeri,
2157 4391 2399 4445 inclinari
2426 4405 2610 4446 eorum
2640 4391 2798 4447 corda
2828 4401 2886 4445 ut
2916 4393 3017 4447 boc
3047 4393 3212 4448 velint
3243 4394 3294 4462 (Ι
3325 4391 3452 4462 Reg.
3487 4410 3518 4448 ι
3543 4433 3561 4460 ,

1986 4478 2088 4546 26,
2120 4480 2210 4534 et]
2241 4479 2419 4534 Paral.
2449 4497 2518 4535 XII
2539 4521 2552 4544 ,
2585 4480 2694 4550 18),
2717 4497 2782 4536 eo
2811 4483 3016 4537 scilicet
3058 4482 3347 4538 inclinante
3391 4483 3478 4553 qui
3512 4485 3564 4538 in

1987 4571 2140 4624 nobis
2165 4571 2391 4626 mirabili
2419 4571 2577 4626 modo
2605 4581 2657 4626 et
2684 4573 2934 4627 ineﬁ‘abili
2962 4585 3214 4644 Operatur
3239 4585 3291 4629 et
3314 4574 3471 4639 velle,
3499 4575 3563 4629 ad

1985 4677 2199 4716 causam
2225 4663 2291 4716 de
2331 4678 2432 4732 qua
2479 4663 2789 4718 disserimus
2814 4706 2828 4730 ,
2863 4681 2965 4719 non
3013 4667 3279 4734 pertinere
3315 4667 3567 4721 dixerunt

1989 4751 2009 4824 (
2033 4753 2228 4822 Supra,
2256 4753 2308 4806 in
2331 4752 2498 4822 Epist.
2527 4753 2740 4816 Hilarii,
2772 4772 2824 4808 η.
2857 4756 2888 4809 7
2983 4756 3118 4824 Quid
3143 4757 3408 4822 estaliud,
3433 4757 3562 4812 nihil

1985 4845 2184 4910 dicere,
2213 4855 2266 4899 et
2298 4855 2474 4899 tamen
2499 4845 2898 4900 contradicere?
2929 4848 3029 4901 nisi
3074 4847 3208 4903 forte
3234 4864 3330 4904 cur
3359 4851 3436 4904 eis
3464 4849 3566 4905 hoc

1987 4935 2154 4987 visum
2176 4934 2266 4997 sit,
2291 4935 2550 4990 rationem
2577 4935 2728 4990 vobis
2752 4937 2982 5006 aliquam
3011 4937 3381 5007 reddiderunt,
3405 4957 3562 5010 quam

1983 5039 2080 5079 vos
2108 5025 2158 5079 itt
2189 5024 2378 5080 litteris
2404 5025 2596 5080 vestris
2630 5035 2805 5081 tacere
2847 5029 3125 5082 maluistis.
3172 5030 3276 5086 Sed
3317 5047 3435 5101 qua:
3473 5032 3562 5085 illa

1984 5128 2102 5168 esse
2120 5114 2502 5184 possitignoro.
2529 5118 2610 5170 An
2633 5117 2766 5171 forte
2787 5118 2907 5187 quia
2925 5120 3254 5174 ostendimus
3277 5121 3377 5176 hoc
3396 5122 3559 5176 Deum

1982 5203 2155 5270 egisse
2192 5203 2244 5258 itt
2274 5204 2524 5260 cordibus
2562 5205 2836 5262 hominum
2862 5248 2878 5274 ,
2907 5219 2962 5264 et
3001 5210 3067 5264 ad
3106 5210 3207 5265 hoc
3245 5211 3560 5281 perduxisse

1983 5308 2205 5361 quorum
2233 5295 2281 5348 ei
2326 5293 2520 5364 placuit
2555 5297 2854 5354 voluntates
2875 5339 2892 5365 ,
2924 5308 2981 5354 ut
3015 5316 3108 5355 rex
3145 5304 3559 5355 constitueretur

1981 5383 2108 5445 Sat’tl
2138 5386 2251 5474 sitq:
2282 5388 2472 5454 David;
2504 5388 2623 5444 ideo
2649 5392 2764 5446 haec
2799 5394 3044 5462 exempla
3071 5408 3244 5447 causa:
3276 5393 3395 5448 huic
3421 5409 3555 5447 con-

1982 5479 2163 5532 venire
2188 5494 2306 5537 non.
2322 5489 2526 5548 putant,
2555 5483 2805 5551 quoniam
2837 5500 2941 5537 non
2971 5485 3072 5539 hoc
3092 5495 3173 5538 est
3194 5485 3553 5553 tempuraliter

1981 5583 2202 5638 regnare
2233 5569 2283 5623 in
2316 5569 2413 5624 hoc
2438 5571 2654 5640 saeculo,
2684 5574 2821 5642 quod
2852 5585 2932 5628 est
2961 5576 3012 5629 in
3037 5585 3293 5630 aeternum
3327 5591 3549 5646 regnare

2044 5727 2059 5757 ι
2080 5726 2228 5799 editi,
2248 5735 2581 5799 succenseatur
2601 5731 2667 5779 ad
2689 5729 2794 5781 hazc
2836 5744 3008 5799 parum
3031 5733 3415 5799 tntelligeutibus.
3443 5745 3550 5784 rar-

1980 5786 2141 5846 ticula,
2165 5789 2248 5848 ad,
2276 5804 2365 5839 non
2389 5799 2548 5840 exstat
2568 5795 2614 5840 in
2630 5786 2979 5854 manuscriptis.
