4022 6394
497 314 596 377 ast
1723 313 1782 372 s.
1824 305 2190 371 AUGUSTINI
2231 298 2531 370 EPISCOPI
3669 318 3784 379 992

496 446 621 488 cum
660 431 808 497 Deo;
844 445 906 488 ac
950 445 1045 503 per
1082 426 1184 486 hoc
1226 428 1535 488 existimant
1567 425 1634 483 ad
1676 441 1838 499 regna
1872 434 2083 482 terrena

501 525 742 581 facienda
766 525 931 581 Deum
952 524 1229 592 inclinare,
1269 522 1334 578 ad
1356 534 1577 593 regnum
1589 534 1721 577 vero
1736 520 1957 576 cteleste
1976 518 2077 574 ob-

499 614 777 671 tinendum
813 615 980 670 Deum
1021 630 1125 671 non
1160 613 1425 685 inclinare
1460 627 1687 683 quorum
1723 609 1952 666 voluerit
1987 623 2084 665 vo-

499 706 765 762 luntates?
794 704 901 761 Sed
945 715 1075 775 puto
1119 712 1336 776 propter
1382 716 1609 774 regnum
1650 701 1907 758 caelorum
1932 740 1948 767 ,
1974 715 2083 756 non

498 808 721 870 propter
747 811 969 868 regnum
1011 806 1286 852 terrenum
1329 809 1451 851 esse
1496 793 1696 849 dictum
1721 835 1736 860 ,
1765 791 1969 847 Inclina
1998 807 2086 846 cor

497 905 664 944 meum
684 890 737 944 in
758 890 1039 944 testimonia
1065 897 1154 943 tua
1179 886 1354 958 (Psal.
1381 900 1572 954 cxvm,
1599 885 1737 956 56);
1768 884 1877 947 vel,
1908 884 1953 938 Α
1978 882 2087 939 Do-

498 981 635 1035 mino
672 996 872 1052 gressus
909 979 1128 1034 hominis
1175 979 1494 1050 diriguntur,
1541 985 1589 1032 et
1635 976 1768 1030 viam
1803 976 1917 1049 ejus
1957 973 2089 1029 volet

500 1072 527 1145 (
542 1070 689 1127 Psai.
722 1086 888 1127 xxxv:
910 1113 925 1137 ,
956 1069 1091 1141 23);
1122 1070 1228 1135 vel,
1275 1068 1501 1123 Paratur
1528 1068 1757 1122 uoluntas
1796 1083 1829 1120 a
1866 1065 2086 1120 Domino

500 1162 684 1235 (Prov.
712 1178 841 1229 vut,
886 1178 988 1216 sec.
1040 1159 1259 1231 LXX);
1305 1160 1425 1225 vel,
1457 1158 1578 1212 Fiat
1618 1157 1870 1213 Dominus
1918 1166 2086 1211 noster

499 1253 779 1322 nobiscum,
808 1254 937 1309 sicut
960 1260 1067 1308 erat
1094 1269 1210 1307 cum
1235 1251 1460 1323 patribus
1485 1250 1670 1304 nostris
1695 1265 1713 1304 :
1742 1265 1844 1303 non
1868 1247 2088 1303 derelin-

498 1354 621 1416 quat
646 1361 757 1411 nos,
792 1361 882 1399 nec
907 1352 1098 1399 avertat
1126 1359 1220 1398 nos
1243 1359 1275 1396 a
1303 1359 1389 1407 se;
1413 1342 1619 1396 inclinet
1645 1340 1801 1394 corda
1825 1346 1999 1393 nostra
2021 1336 2092 1391 ad

499 1453 573 1503 se,
598 1448 653 1492 ut
673 1454 846 1492 eamus
863 1438 915 1492 in
937 1436 1166 1492 omnibus
1182 1436 1276 1490 viis
1297 1437 1404 1508 ejus
1426 1433 1524 1507 (Ill
1552 1434 1679 1503 Reg.
1704 1448 1821 1499 vm,
1839 1430 1929 1498 57,
1953 1430 2087 1500 58);
2112 1419 2118 1425 ’

501 1529 619 1585 vel.
649 1527 794 1584 Dabo
825 1530 896 1583 eis
935 1544 1022 1583 cor
1049 1526 1382 1598 cognoscendi
1417 1542 1528 1593 me,
1561 1534 1609 1580 et
1636 1538 1784 1579 aures
1831 1522 2091 1577 audientes

501 1616 745 1689 (Baruch
773 1633 830 1686 ιι,
861 1618 960 1691 3i)
985 1636 1000 1686 ;
1046 1618 1152 1686 vel,
1186 1616 1330 1671 Dabo
1368 1617 1439 1672 eis
1464 1632 1551 1671 cor
1575 1613 1718 1669 aliud
1741 1656 1755 1682 ,
1782 1624 1831 1668 ct
1859 1612 2093 1685 spiritum

500 1721 684 1763 novum
711 1706 939 1764 dabo'eis
964 1709 982 1779 (
1005 1702 1195 1763 Ezech.
1223 1722 1298 1773 ιι,
1337 1705 1457 1778 19).
1487 1706 1720 1761 Audiant
1744 1705 1906 1760 etiam
1937 1703 2088 1770 illud,

503 1800 759 1873 Spiritum
784 1816 949 1855 meum
974 1800 1103 1854 dabo
1122 1800 1177 1854 in
1203 1800 1364 1867 vobis,
1392 1806 1439 1853 et
1465 1798 1652 1870 faciam
1677 1807 1732 1851 ut
1761 1797 1814 1850 in
1830 1795 2092 1866 justi/ica-

503 1890 720 1946 tionibus
744 1892 867 1945 meis
890 1890 1152 1945 ambuletis
1175 1930 1191 1956 ,
1220 1898 1269 1945 et
1284 1889 1486 1961 judicia
1512 1904 1625 1944 mea
1650 1887 1913 1969 observetis
1937 1894 1985 1941 et
2014 1890 2097 1958 fa-

502 1984 648 2039 ciatis
695 1982 829 2056 (Id.
855 1999 1027 2038 xxxv:
1048 2025 1063 2049 ,
1093 1981 1196 2054 2‘7)
1230 2001 1243 2036 :
1271 1982 1510 2049 audiant,
1541 1981 1587 2035 A
1609 1979 1830 2035 Domino
1865 1979 2097 2051 dirigun-

505 2085 589 2132 tur
631 2076 651 2109 ί
688 2093 889 2148 gressus
932 2076 1062 2143 viri;
1101 2073 1331 2130 mortalis
1373 2084 1543 2130 autent
1575 2073 1826 2146 quomodo
1864 2072 2097 2142 intelligit

503 2169 611 2224 uias
635 2185 755 2223 suas
785 2171 813 2240 (
830 2168 989 2224 Prov.
1023 2183 1114 2235 xx,
1142 2167 1245 2239 24)
1268 2168 1292 2221 ‘l
1319 2166 1561 2234 audiant,
1592 2165 1772 2221 Omnis
1797 2166 1872 2220 uir
1897 2163 2097 2220 videtur

504 2258 802 2331 sibimetipsi
830 2260 1041 2331 justus;
1084 2260 1259 2331 dirigit
1299 2268 1472 2314 autem
1507 2258 1663 2313 corda
1688 2256 1937 2312 Dominus
1964 2254 2091 2328 (Id.

508 2366 619 2421 ut,
645 2352 719 2424 2)
747 2368 761 2405 :
791 2352 1045 2421 audiant,
1073 2351 1406 2408 Crediderunt
1430 2360 1675 2423 quotquot
1702 2359 1843 2405 erant
1872 2349 2096 2405 ordinati

503 2446 559 2501 in
596 2446 750 2500 vitam
790 2455 1032 2502 aeternam
1074 2445 1226 2517 (Act.
1280 2462 1393 2511 χιιι,
1444 2445 1570 2517 48).
1601 2444 1835 2500 Audiant
1863 2442 1979 2499 haec
2002 2484 2016 2508 ,
2040 2450 2097 2497 et

504 2536 607 2592 alia
647 2552 998 2608 quascumque
1043 2553 1149 2594 non
1197 2537 1347 2605 dixi,
1394 2538 1587 2607 quibus
1616 2536 1916 2592 ostenditur
1947 2535 2091 2590 Deus

509 2627 577 2682 ad
603 2641 825 2699 regnum
853 2628 1012 2682 etiam
1043 2628 1300 2683 caelorum
1328 2619 1383 2683 et
1421 2627 1486 2682 ad
1519 2628 1682 2682 vitam
1709 2637 1965 2683 aeternam
1997 2641 2094 2696 pa-

506 2732 629 2774 rare
678 2725 733 2773 et
783 2728 1101 2774 convertere
1151 2717 1425 2773 hominum
1474 2718 1799 2774 voluntates.
1855 2715 2098 2786 Cogitate

507 2818 685 2864 autem
719 2808 877 2879 quale
906 2810 993 2875 sit,
1026 2816 1082 2864 ut
1109 2808 1389 2864 credamus
1422 2807 1487 2863 ad
1526 2806 1895 2863 constituenda
1936 2821 2097 2876 regna

510 2908 722 2957 terrena
750 2895 1025 2957 hominum
1048 2901 1351 2958 voluntates
1377 2902 1586 2972 operari
1618 2901 1808 2969 Deum,
1836 2910 1890 2957 et
1917 2899 1983 2956 ad
2010 2915 2101 2956 ca-

509 2990 834 3061 pessendum
866 2986 1373 3063 regnum'ctelorum
1399 2992 1648 3049 homines
1673 2992 1884 3064 operari
1912 2992 2102 3048 volun-

512 3091 650 3139 tates
674 3098 819 3140 suas.
1210 3086 1211 3089 “

576 3175 810 3251 ‘CAPUT
838 3176 982 3232 XXI.
1001 3178 1177 3234 -45.
1216 3176 1375 3233 Multa
1396 3178 1647 3245 diximus,
1670 3187 1725 3233 et
1747 3177 1973 3234 fortasse
1988 3177 2101 3249 jam

514 3267 714 3324 dudum
750 3271 1015 3340 potuimus
1043 3271 1367 3341 persuadere
1393 3286 1511 3342 quae
1538 3271 1784 3327 volumus
1802 3313 1817 3337 ,
1851 3279 1906 3326 et
1930 3266 2104 3329 adhuc

515 3366 621 3415 tam
670 3360 824 3415 bonis
870 3362 1095 3431 ingeniis
1143 3362 1221 3418 sic
1269 3362 1537 3433 loquimur
1584 3362 1738 3433 quasi
1792 3362 2000 3418 obtusis
2040 3364 2098 3430 ',

510 3451 707 3522 quibus
735 3464 788 3507 et
823 3453 966 3524 quod
1007 3454 1228 3509 nimium
1267 3462 1351 3509 est
1389 3470 1496 3509 non
1528 3462 1613 3509 est
1647 3455 1798 3509 satis.
1830 3453 1937 3510 Sed
1967 3452 2096 3509 dent

510 3543 751 3610 veniam;
799 3560 934 3600 nova
976 3546 1117 3601 enim
1155 3546 1379 3617 quaestio
1422 3546 1488 3601 ad
1533 3545 1636 3601 hoc
1677 3560 1774 3600 nos
1817 3546 2098 3617 compulit.

511 3631 645 3700 Quia
672 3649 792 3688 cum
826 3635 879 3689 in
907 3635 1179 3705 prioribus
1206 3636 1477 3706 opusculis
1507 3636 1706 3692 nostris
1733 3635 1866 3691 satis
1895 3635 2103 3691 idoneis

520 3747 702 3869 Φέωιιῗν
713 3747 804 3798 hoc
837 3745 1079 3800 versiculo
1119 3748 1432 3816 manuscripti
1473 3762 1646 3802 omnes
1686 3748 1896 3811 habent,
1944 3747 2103 3800 corri-

579 3870 601 3900 ³
647 3877 775 3933 Μθει,
798 3870 1024 3924 obtunsis.

2193 408 2511 481 testimoniis
2542 423 2870 496 egissemus,
2899 424 3098 482 donum
3117 427 3212 485 Dei
3229 440 3351 485 esse
3379 428 3541 486 etiam
3569 428 3736 488 ﬁdem
3762 449 3784 486 :

2191 515 2464 573 inventum
2489 525 2574 573 est
2598 516 2742 587 quod
2775 517 3248 587 contradiceretur,
3265 519 3334 575 ad
3351 518 3455 578 hoc
3480 522 3663 578 valere
3692 522 3787 578 illa

2193 608 2517 676 testimonia,
2534 615 2594 663 ut
2612 609 2896 665 ostendant
2916 610 3011 666 Dei
3029 610 3226 667 donum
3244 626 3371 669 esse
3390 612 3785 671 incrementum

2196 697 2338 764 ﬁdei;
2358 698 2568 754 initium
2589 713 2718 755 vero
2738 700 2861 756 fidei
2891 716 2999 771 quo
3022 701 3077 756 in
3101 700 3374 758 Christum
3398 704 3645 774 primitus
3663 720 3790 761 crc-

2192 792 2354 859 ditur,
2384 793 2454 848 ab
2481 792 2698 849 homine
2723 793 2841 864 ipso
2868 809 3008 860 esse,
3035 810 3138 851 nec
3162 810 3283 852 esse
3308 796 3512 852 donum
3538 797 3657 864 Dei,
3684 796 3787 852 sed

2194 884 2297 939 hoc
2323 884 2540 955 exigere
2580 884 2748 941 Deum
2771 926 2789 953 ,
2817 894 2878 940 ut
2916 900 3040 941 cum
3084 887 3138 943 id
3177 890 3547 957 praecesserit,
3586 898 3787 945 caetera

2197 982 2447 1045 tanquam
2469 974 2570 1029 hoc
2590 975 2782 1030 merito
2800 988 3198 1047 consequantur
3211 993 3332 1050 qua:
3353 980 3445 1035 Dei
3463 979 3607 1035 dona
3625 989 3778 1049 sunt;

2195 1078 2295 1119 nec
2321 1064 2485 1119 ullum
2512 1078 2699 1119 eorum
2725 1063 2844 1120 dari
2868 1067 3032 1136 gratis
3061 1068 3103 1134 ί,
3132 1083 3252 1123 cum
3279 1068 3333 1123 in
3361 1070 3442 1125 eis
3468 1070 3563 1125 Dei
3591 1071 3780 1140 gratia,

2193 1170 2315 1226 qua:
2338 1168 2443 1210 non
2480 1155 2582 1211 nisi
2611 1158 2841 1226 gratuita
2880 1165 3001 1223 est,
3030 1157 3369 1226 praedicetur.
3409 1159 3564 1228 Quod
3591 1161 3783 1216 videtis

2193 1262 2352 1317 quam
2372 1247 2443 1301 sit
2460 1247 2784 1313 absurdum;
2818 1257 3036 1319 propter
3060 1250 3203 1319 quod
3227 1251 3518 1307 institimus
3542 1255 3585 1320 ³,
3612 1269 3791 1324 quan-

2195 1346 2307 1393 tum
2348 1340 2616 1409 potuimus
2639 1379 2655 1406 ,
2682 1349 2745 1395 ut
2782 1342 2941 1396 etiam
2988 1342 3161 1412 ipsum
3193 1344 3398 1399 initium
3431 1346 3551 1400 lidei
3580 1347 3788 1403 donum

2196 1430 2291 1484 Dei
2328 1444 2448 1485 esse
2482 1430 2907 1486 ostenderemus.
2952 1432 3104 1501 Quod
3142 1434 3243 1489 etsi
3276 1434 3477 1491 diutius
3515 1436 3742 1492 fecimus
3767 1477 3787 1504 ,

2180 1514 2356 1592 ‘quam
2384 1522 2605 1576 forsitan
2634 1523 2832 1577 vellent
2859 1522 2915 1577 hi
2958 1533 3178 1594 propter
3203 1540 3337 1596 quos
3374 1524 3626 1596 fecimus;
3658 1528 3788 1584 hinc

2196 1613 2264 1668 ab
2309 1612 2389 1667 eis
2431 1613 2754 1683 reprehendi
2796 1616 2964 1684 parati
3015 1630 3201 1672 sumus
3243 1616 3416 1672 :dum
3461 1628 3636 1674 tamen
3679 1620 3788 1676 etsi

2197 1705 2365 1761 multo
2386 1704 2584 1760 diutius
2607 1719 2769 1776 quam
2793 1705 3013 1774 vellent,
3039 1708 3143 1762 etsi
3163 1722 3283 1763 cum
3311 1706 3524 1764 fastidio
3542 1725 3605 1765 ac
3624 1711 3791 1766 tazdio

2198 1796 2626 1868 intelligentium,
2654 1798 2919 1854 fateantur
2942 1813 3043 1855 nos
3069 1797 3264 1871 fecisse
3290 1800 3437 1870 quod
3463 1800 3706 1869 fecimus,
3729 1803 3791 1858 id

2197 1900 2281 1948 est
2305 1933 2321 1958 ,
2349 1892 2508 1949 etiam
2542 1892 2750 1948 initium
2780 1891 2927 1958 ﬁdei,
2958 1893 3097 1949 sicut
3123 1894 3509 1950 continentiam
3530 1936 3545 1962 ,
3572 1897 3793 1965 patien-

2199 1986 2346 2051 tiam,
2373 1984 2655 2055 justitiam,
2683 1986 2934 2055 pietatem
2953 2027 2969 2052 ,
3000 1994 3054 2041 et
3079 1996 3274 2041 cratera
3296 2027 3311 2052 ,
3343 1985 3412 2041 de
3438 1986 3631 2057 quibus
3658 2001 3790 2042 cum

2199 2075 2282 2133 his
2305 2077 2447 2132 nulla
2474 2077 2750 2133 contentio
2774 2085 2877 2144 est,
2901 2076 3102 2132 donum
3129 2076 3229 2134 Dei
3249 2092 3369 2135 esse
3393 2078 3656 2135 docuisse.
3685 2079 3793 2136 Hic

2198 2159 2329 2239 ergo
2356 2167 2428 2223 sit
2451 2166 2609 2239 hujus
2632 2167 2918 2224 voluminis
2947 2167 3207 2225 terminus
3229 2208 3246 2237 ,
3272 2183 3343 2225 ne
3366 2167 3600 2225 oﬂ'endat
3624 2168 3793 2225 unius

2199 2263 2362 2319 nimia
2389 2262 2682 2334 longitudo.

2264 2379 2281 2411 ι
2303 2378 2412 2427 viro
2426 2376 2614 2438 cuidam
2638 2375 2829 2426 erudito
2852 2374 3118 2438 legendum
3150 2374 3363 2435 videtur,
3386 2386 3473 2425 nec
3483 2371 3682 2438 nullum
3702 2388 3791 2438 eo—

2198 2452 2310 2510 um
2331 2439 2443 2490 άανί
2464 2437 2648 2510 gratia:
2669 2439 2808 2501 quasi
2833 2435 3016 2510 ,ινοέιθει
3059 2445 3374 2510 sequeretur.
3409 2435 3585 2510 συίνρςε
3608 2436 3791 2510 tam!"

2198 2504 2288 2562 eis,
2312 2510 2409 2552 etc.
2451 2498 2505 2551 Ᾰι
2528 2498 2728 2551 veteres
2760 2498 2972 2558 codices,
2998 2498 3442 2562 quotquot‘videre
3464 2498 3605 2548 nobis
3628 2498 3783 2562 licuit,

2199 2557 2310 2614 cum
2333 2564 2475 2613 editis
2491 2564 2861 2613 consentientes
2882 2557 3062 2621 ferunt,
3080 2557 3166 2610 ne'c
3190 2557 3340 2610 ullum
3364 2572 3528 2609 eorum
3549 2560 3661 2609 dari
3674 2557 3790 2624 gra-

2200 2627 2297 2691 tis;
2320 2634 2375 2677 ut
2403 2626 2752 2691 subsequentis
2782 2626 3043 2691 sententiae
3082 2635 3258 2691 sensus
3280 2624 3374 2691 _sit,
3402 2622 3709 2691 qmtjmneit
3735 2622 3790 2673 in

2200 2684 2290 2751 eis,
2310 2699 2405 2740 etc.
2431 2684 2647 2751 Moveiur
2664 2688 2738 2736 Vir
2755 2685 2991 2751 eruditus,
3002 2684 3142 2751 quod
3165 2684 3558 2747 semipelagiani,
3577 2693 3790 2747 excepto

2201 2747 2337 2802 initio
2370 2753 2510 2800 bona:
2546 2748 2808 2797 voluntatis
2836 2754 2917 2796 aut
2950 2748 3081 2805 ﬁdei,
3120 2747 3246 2808 bona
3281 2751 3601 2808 qnzectnnque
3637 2758 3791 2807 Opera

2201 2815 2369 2875 gratia:
2392 2815 2477 2863 Dei
2500 2807 3313 2875 gratuitaeassignent,_utjidere’
3333 2815 3410 2856 est
3444 2807 3569 2868 apud
3603 2810 3789 2875 magis-

2201 2868 2318 2925 num
2356 2878 2407 2925 in
2428 2868 2693 2924 Collatione
2720 2874 2794 2929 15,
2819 2868 2958 2932 capp.
2986 2870 3062 2926 13,
3097 2871 3184 2929 17;
3217 2876 3350 2918 teste
3381 2868 3791 2932 guoqueqtiilariq

2201 2889 2318 2925 num
2356 2884 2407 2925 in
2428 2884 2693 2924 Collattone
2720 2884 2794 2929 to,
2819 2884 2958 2932 capp.
2986 2884 3062 2926 ιο,
3097 2884 3184 2929 u;
3217 2884 3350 2918 teste
3381 2886 3397 2916 (
3417 2884 3579 2931 noque
3612 2884 3790 2918 uinaria

2201 2950 2362 3000 supra,
2392 2938 2441 2985 in
2484 2933 2687 3000 epistola
2708 2932 2908 3000 226,‘ad
2939 2932 3281 3000 sugustinum,
3301 2944 3349 2978 n.
3380 2884 3428 2990 ἐ,
3456 2931 3537 3000 ubi
3560 2930 3642 2988 ait,
3675 2948 3699 2975 ι
3720 2930 3790 3000 ῳ

2210 3016 2234 3046 ι
2257 2991 2443 3049 nullum
2465 2991 2586 3060 opus
2606 2994 2685 3060 vel
2700 2991 3050 3060 incipiendum,
3070 3009 3093 3037 ι)
3115 2999 3210 3060 etc.
3252 2999 3430 3060 Verum
3473 2991 3520 3039 id
3560 2993 3790 3060 augusti-

2203 3074 2296 3110 nus
2318 3052 2567 3112 contendit
2580 3052 2818 3119 Opiniotte'
2835 3058 3066 3119 ipsorum,
3087 3052 3244 3104 velint
3264 3053 3433 3119 nolint,
3457 3055 3714 3119 contineri,
3734 3060 3796 3104 ut

2204 3131 2382 3172 caetera
2415 3124 2497 3171 Dei
2525 3115 2648 3170 dona
2694 3118 2831 3167 initio
2854 3115 2973 3165 lidei
3005 3115 3230 3178 tanquam
3270 3116 3445 3178 merito
3476 3115 3795 3178 prtecedente

2204 3192 2582 3248 consequantur,
2606 3193 2701 3230 nec
2720 3178 2874 3248 ullum
2917 3190 3086 3248 eorum
3105 3177 3259 3248 gratis
3291 3177 3455 3248 detur.
3479 3186 3631 3248 Quem
3646 3187 3798 3248 secu-

2205 3252 2286 3296 tus
2309 3236 2579 3296 Bonifacius
2592 3251 2627 3292 ll
2642 3254 2762 3304 papa
2784 3243 2834 3291 in
2859 3241 3063 3304 epistola
3084 3236 3142 3288 ad
3158 3239 3432 3304 caesar-ium,
3451 3236 3634 3304 concilii
3650 3245 3798 3287 Arau-

2204 3310 2350 3357 sicani
2375 3308 2574 3357 secundi
2608 3298 2808 3353 decreta
2830 3298 3141 3359 conﬁrmans,
3170 3301 3373 3349 scribit:
3408 3317 3432 3345 ε
3455 3298 3560 3347 tllos
3602 3306 3794 3359 autem,

2214 3386 2237 3416 ι
2260 3372 2343 3430 qui
2369 3368 2681 3430 praecedente
2704 3364 2819 3430 ﬁde,
2836 3371 3041 3430 caetera,
3063 3364 3189 3430 sicut
3210 3361 3409 3430 indicas,
3434 3359 3601 3430 volunt
3623 3361 3801 3430 gratias

2214 3386 2237 3416 ι
2293 3384 2343 3419 ιιι
2369 3384 2681 3430 praecedente
2705 3384 2819 3421 nuc,
2843 3384 3041 3421 castum,
3063 3384 3189 3412 NOUI
3210 3384 3409 3421 muscas,
3436 3384 3601 3411 vuum.
3623 3384 3801 3423 grauis:

2213 3449 2237 3478 ι
2257 3384 2515 3493 deputare,
2533 3443 2620 3478 sua
2644 3425 2945 3493 professione
2968 3424 3362 3493 constringimus,
3381 3431 3437 3493 u_t_.
3458 3422 3609 3472 multo
3640 3423 3802 3493 magis

2214 3510 2237 3538 α
2258 3484 2387 3543 dono
2422 3484 2590 3556 gratia:
2629 3484 2775 3556 etiam
2809 3487 2969 3556 fidem
3001 3484 3237 3556 cogantur
3257 3485 3576 3556 adscribere,
3596 3484 3801 3556 ,θιαέεὶ

2215 3571 2237 3600 ι
2261 3557 2392 3605 enim
2414 3547 2533 3603 nihil
2555 3555 2667 3602 boni
2686 3557 2761 3600 est
2780 3550 2889 3599 sine
2909 3547 3023 3608 (ide,
3045 3547 3167 3597 ﬁdes
3188 3554 3355 3596 autem
3379 3548 3481 3609 ipsa
3498 3547 3669 3594 venire
3702 3556 3797 3609 ne-

2215 3633 2237 3662 ι
2260 3626 2407 3680 getur
2431 3630 2499 3680 ex
2522 3616 2704 3678 gratia;
2738 3610 2942 3680 nullum,
3133 3607 3483 3680 absithbonum
3507 3607 3801 3680 eritgratie

2216 3669 2603 3743 saeputandti’m.
2630 3693 2653 3720 ι
2691 3669 2944 3743 Epistolam
2969 3669 3191 3723 tionifacii
3225 3670 3518 3720 exhibemus
3554 3669 3801 3731 integram

2209 3741 2259 3791 in
2283 3734 2499 3791 secunda
2525 3745 2659 3801 parte
2678 3734 2981 3801 Appendicis.
3364 3800 3367 3801 ν
3471 3798 3495 3801 _
3592 3790 3604 3801 ,
3666 3788 3697 3801 _,

2274 3806 2294 3837 ³
2320 3805 2403 3853 Hic
2438 3796 2688 3864 sequimur
2716 3796 2808 3846 ‘Er.
2852 3796 2999 3858 Lugd.
3041 3802 3160 3846 Ven.
3204 3801 3310 3844 nov.
3358 3800 3407 3843 tn
3470 3798 3538 3853 Β..
3583 3796 3801 3843 uisum-

2210 3879 2332 3917 m.
2399 3872 2456 3914 ιι.

1402 4342 1779 4407 EXPLICIT
1823 4341 2023 4404 TOMl
2069 4337 2347 4404 DECIMI
2388 4335 2587 4400 PARS
2619 4328 2874 4395 PRIOR.

3977 250 3979 319 l
