3880 6430
177 383 228 437 ,5
1345 369 1623 426 norma
1651 369 1744 425 ex
1785 369 2124 426 FABRICIO.
3308 375 3372 429 η

371 491 430 548 Il.
507 492 566 546 In
596 501 735 544 tonio
769 491 936 558 primo
965 495 1297 542 continentur
1337 487 1412 557 (a)
1440 506 1454 544 :

230 631 270 684 1.
300 625 690 698 Ἀπολογητιιξὸς
710 624 848 694 Περὶ
867 623 977 692 τῆς
997 625 1380 694 Ἐξαημέρου.
1401 625 1701 697 Explicatio

175 720 460 792 apologetica
488 722 540 771 in
565 717 946 782 Hexaemeron,
974 715 1042 770 ad
1074 716 1318 782 Petrum,
1352 717 1699 773 Sebastenum

176 817 440 882 episcopum,
482 811 724 880 fratrem,
755 827 811 880 p.
837 809 988 866 1-45.
1017 808 1213 880 Incipit
1245 828 1259 863 :
1296 809 1478 863 Ταῦτα
1507 813 1698 874 ποιεῖς,

176 901 211 959 ὦ
242 905 466 976 ἄνθρωπε
497 903 652 957 Θεοῦ.
693 903 1040 973 Apologelica
1072 903 1395 971 appellatur,
1443 903 1700 972 quoniam

178 996 378 1050 contian
409 995 564 1049 simul
594 993 966 1049 defensionem
998 992 1223 1063 Moysis,
1256 1001 1308 1047 et
1340 1008 1553 1058 eorum,
1581 1009 1702 1062 qua:

179 1085 219 1139 in
236 1081 396 1140 fratris
412 1084 591 1139 Basilii
616 1082 942 1138 Hexaemero
962 1081 1210 1137 nonnulli
1229 1084 1313 1138 vel
1335 1083 1700 1153 reprehende-

180 1185 294 1237 rant,
323 1178 397 1230 vel
434 1175 894 1230 desideraverant.
936 1173 1128 1229 Latine
1170 1175 1333 1230 vertit
1376 1173 1703 1230 Laurentius

185 1268 372 1324 Silanus
406 1270 455 1321 in
479 1267 672 1321 Latina
700 1266 834 1323 edit.
860 1282 1082 1338 operum
1102 1267 1331 1339 Nysseni
1355 1268 1518 1325 Basil.
1544 1270 1701 1332 1562,

180 1357 274 1421 τοι,
295 1371 403 1426 pag.
435 1355 556 1421 285,
589 1363 753 1427 atque
784 1354 976 1411 Petrus
1025 1357 1350 1414 Franciscus
1382 1359 1570 1420 Zinus,
1596 1359 1702 1413 Ve—

179 1450 406 1511 ronensis,
438 1447 631 1505 Venet.
663 1449 821 1504 1555.
859 1447 1019 1512 1574,
1053 1448 1294 1519 8,_cujus
1329 1451 1705 1520 interpretatio

180 1549 352 1593 servata
373 1540 421 1592 in
449 1538 875 1594 Graeco-Latinis
902 1539 1254 1596 editionibus.
1282 1539 1412 1606 Quae
1439 1541 1706 1596 Combefi-

180 1630 271 1684 sius
296 1630 343 1684 in
364 1630 552 1686 Basilio
585 1644 689 1685 suo
705 1629 971 1684 recensito
987 1637 1117 1684 tom.
1143 1629 1183 1694 l,
1204 1645 1254 1700 p.
1280 1631 1536 1696 545-557,
1557 1631 1707 1686 dedit

179 1719 330 1775 Graece
361 1728 410 1775 et
451 1719 656 1774 Latine.
698 1733 763 1775 ex
803 1717 1035 1791 Nysseni
1088 1721 1334 1792 apologia
1381 1737 1481 1791 pro
1531 1723 1707 1778 oflicio

179 1827 251 1865 sex
280 1813 485 1876 dierum,
530 1813 807 1883 epitomen
856 1812 968 1867 fere
1004 1815 1401 1883 praecipuorum
1441 1815 1702 1885 capitum,
1741 1853 1782 1906 Β

179 1919 276 1971 quae
291 1903 336 1958 in
351 1904 445 1958 hoc
464 1904 606 1958 libro
628 1911 1050 1972 pertractantur,
1068 1904 1394 1959 continente
1411 1905 1532 1959 cod.
1554 1907 1704 1976 regis

177 1991 500 2050 Christianiss.
538 1991 898 2046 MCDLXXII.
925 1991 979 2046 In
1012 1993 1162 2047 calce
1191 1992 1354 2062 hujus
1385 1993 1504 2047 libri
1533 2010 1587 2064 p.
1609 1995 1702 2058 45,

181 2092 380 2139 testatur
401 2083 570 2155 Nysa,
619 2099 678 2140 se
724 2083 850 2138 libr.
887 2083 966 2138 De
995 2084 1204 2154 api/icio
1238 2085 1467 2138 hominis
1493 2085 1605 2156 jam
1638 2086 1704 2139 ad

182 2176 365 2232 fratrem
385 2178 726 2248 pmmisisse.
756 2177 900 2247 Πλὴν
914 2178 1012 2247 τῆς
1032 2176 1318 2248 ἀνθρώπου
1339 2178 1702 2248 κατασκευῆς,

179 2268 232 2337 ἧν
263 2270 399 2338 ἡμεῖς
421 2272 474 2322 ὲν
502 2269 761 2334 ἰδιάζοντι
789 2268 976 2339 βιϐλίῳ
1009 2269 1117 2339 πρὸ
1145 2267 1348 2321 τούτων
1375 2269 1707 2338 πονήσαντες

181 2360 522 2430 ὰπεστεῐλαμέν
559 2377 657 2412 σου
702 2361 768 2429 τῇ
805 2358 1122 2430 τελειότητι.
1163 2357 1326 2413 Ελιιιι.
1364 2357 1614 2413 Oudinus
1650 2373 1703 2428 p.

182 2450 277 2512 597,
311 2451 524 2517 dubitat,
565 2467 699 2505 num
734 2453 837 2505 hoc
882 2467 1019 2520 opus
1053 2452 1124 2506 sit
1167 2451 1416 2521 Gregorii
1449 2449 1704 2521 hysseni,

182 2542 255 2595 sed
290 2544 416 2599 leves
449 2545 570 2613 ejus
626 2544 987 2598 dubitationis
1060 2543 1304 2598 rationes
1351 2542 1709 2596 ostenderunt

185 2629 353 2687 Semlcr
380 2650 426 2705 p.
455 2636 582 2701 188,
614 2645 752 2698 not.,
775 2643 828 2689 et
862 2632 1180 2690 Sclirceckh.
1214 2649 1267 2703 p.
1289 2632 1534 2687 28.—-Id
1569 2649 1708 2703 opus

184 2732 250 2776 est
273 2724 318 2778 in
336 2726 394 2779 1X
446 2727 612 2781 codd.
643 2724 981 2781 Paris.—ln
1015 2725 1136 2780 cod.
1169 2723 1397 2780 Coislin.
1426 2724 1706 2791 CCXXIX,

184 2818 370 2876 membr.
400 2819 488 2874 fol.
519 2820 619 2882 85,
650 2834 809 2874 verso
835 2817 986 2889 Greg.
1019 2816 1070 2870 Ν
1077 2835 1182 2887 yss.
1216 2817 1400 2882 Petro,
1432 2818 1707 2887 episcopo,

183 2905 335 2962 fratri:
356 2910 466 2964 init.
493 2911 559 2963 Ei.
584 2909 661 2980 (ὁ)
690 2912 808 2971 ταῖς
834 2907 921 2961 διὰ
939 2907 1044 2962 τῶν
1065 2907 1363 2978 χρημάτων
1382 2911 1588 2977 τιμαῖς*
1612 2907 1705 2962 fol.

182 2997 251 3060 85,
279 3000 418 3055 index
451 3017 614 3071 capp.
652 3000 740 3064 51,
775 3001 866 3054 ubi
895 3001 1170 3055 enarratio
1198 2997 1266 3054 de
1299 3000 1520 3060 mundo,
1561 3010 1615 3054 et
1643 3001 1711 3055 de

179 3089 250 3153 iis,
279 3105 383 3160 qua:
408 3105 524 3147 ante
558 3091 834 3146 hominem
860 3090 1079 3144 condita
1114 3098 1266 3154 sunt,
1297 3091 1543 3160 ejusdem
1577 3091 1712 3146 Gre-

1733 495 1780 551 Α
1807 489 1910 552 nis,
1962 501 2081 554 cap.
2115 486 2206 552 50,
2241 502 2292 538 v.
2332 484 2601 551 Bandinﬁ,
2645 495 2752 541 cat.
2794 486 2953 543 codd.
3005 487 3098 544 Gr.
3133 488 3298 546 Laur.
3333 489 3372 546 1.

1802 595 1895 650 pp.
1926 579 2047 644 I28,
2075 577 2202 643 482,
2236 578 2362 643 205,
2389 586 2443 632 et
2481 579 2607 633 541.
2645 577 2818 632 Hanc.

1869 715 1923 770 2.
1991 717 2132 784 Περὶ
2173 715 2555 784 κατασκευῆς
2577 715 2908 786 ἀνθρώπου,
2955 715 3030 772 De
3055 717 3381 787 opiﬁciofio-

1803 809 1962 863 minis
1997 811 2138 864 liber
2169 809 2236 863 ad
2268 810 2520 864 eumdem
2553 809 2792 876 Petrum,
2827 809 3074 876 fratrem,
3110 822 3295 880 atque,
3323 820 3384 863 ut

1803 899 2126 960 Lambecius
2173 900 2261 966 Ill,
2299 917 2350 969 p.
2396 901 2518 962 110,
2558 917 2672 970 seq.
2719 910 2771 955 et
2804 902 2925 966 122,
2959 903 3232 965 observat,
3269 903 3381 970 jain

1804 991 2140 1060 episcopum,
2176 992 2382 1046 missus
2431 1005 2481 1043 a.
2514 990 2574 1046 C.
2607 989 2731 1054 579,
2765 992 2910 1046 circa
2961 991 3261 1047 Paschatos
3307 993 3385 1047 fe-

1805 1088 1948 1134 stum
1969 1098 2022 1150 p.
2045 1081 2270 1136 44-158.
2304 1079 2507 1152 Τεῦχος
2539 1081 2837 1152 Θαυμάσιον
2884 1084 3119 1152 appellat
3161 1081 3382 1140 Suidas.

1805 1173 2167 1242 compositum
2196 1174 2498 1244 supplendo
2523 1172 2707 1228 Basilii
2734 1173 3082 1245 Hexaemero,
3104 1184 3162 1229 ut
3192 1183 3386 1243 praeter

1803 1263 2168 1334 Nicephorum
2197 1265 2291 1329 XI,
2319 1266 2407 1331 19,
2440 1266 2607 1330 Ilist.,
2644 1265 2859 1322 Nicetas
2889 1268 2941 1321 in
2975 1268 3258 1337 praemisso
3288 1266 3386 1319 de-

1806 1355 2053 1409 casticho
2078 1364 2132 1411 et
2161 1355 2440 1428 Nyssenus
2480 1359 2596 1428 ipse
2633 1359 2686 1413 in
2723 1359 2907 1414 limine
2946 1360 3134 1428 scripti
3176 1368 3385 1413 testan-

1805 1453 1915 1501 tur.
1961 1446 2155 1516 Incipit
2181 1464 2194 1500 :
2239 1449 2300 1501 El
2327 1451 2445 1512 ταῖς
2475 1449 2570 1524 διὰ,
2595 1450 2700 1504 τῶν
2727 1452 3020 1521 χρημάτων
3051 1453 3255 1520 τιμαῖς.
3296 1449 3388 1504 Ci-

1807 1539 1956 1587 tatur
1981 1549 2008 1586 a
2029 1533 2362 1591 Damasceno
2403 1537 2422 1589 l
2465 1537 2540 1592 De
2557 1539 2892 1609 imaginibus.
2919 1539 3094 1594 Vertit
3118 1541 3229 1609 jam
3257 1543 3386 1596 olim

1811 1621 2098 1693 Dionysius
2119 1625 2376 1695 Exiguus.
2410 1625 2707 1692 Romanus,
2753 1637 2879 1682 ante
2917 1643 2966 1681 a.
3000 1625 3060 1682 C.
3093 1628 3195 1683 556
3222 1627 3389 1683 dena-

1807 1720 1926 1775 tus,
1969 1714 2128 1784 cujus
2174 1715 2552 1785 interpretatio
2605 1726 2782 1773 exstat
2829 1719 2882 1772 in
2923 1718 3115 1772 Latina
3162 1735 3385 1788 operum

1809 1802 2037 1874 Nysseni
2087 1805 2322 1860 editione
2371 1805 2534 1862 Basil.
2582 1809 2740 1876 1552,
2786 1809 2880 1864 fol.
2928 1826 2981 1880 p.
3017 1810 3142 1866 417.
3179 1809 3390 1865 Prodiit

1813 1895 1902 1948 illa
1951 1881 2198 1965 primum
2249 1897 2486 1953 Coloniae
2547 1901 2808 1968 a.1357;
2873 1903 2997 1957 inde
3031 1903 3186 1968 155l,
3224 1904 3382 1959 1573.

1815 1985 1918 2040 Sed
1950 1987 2003 2039 in
2032 1989 2285 2044 omnibus
2317 1990 2399 2044 bis
2431 1991 2764 2048 editionibus
2798 1994 2951 2050 deest
2984 1997 3160 2050 versio
3191 1995 3390 2064 praefa-

1813 2076 1977 2130 tionis
1994 2076 2293 2147 Nysseniet
2324 2079 2564 2151 Dionysii
2586 2083 2757 2151 ipsius
2791 2083 3031 2152 Epistula
3059 2086 3389 2141 dedicatori‘a

1813 2167 1882 2220 ad
1912 2166 2250 2238 Eugippiani,
2291 2171 2670 2242 presbyterum,
2715 2179 2964 2230 eumdem
3014 2178 3158 2232 haud
3203 2179 3386 2246 dubie,

1812 2273 1972 2328 quem
2005 2275 2110 2313 una
2145 2276 2266 2314 cum
2302 2261 2558 2333 Dionysio
2589 2265 2824 2319 celebrat
2852 2266 3211 2326 Cassiodorus
3245 2271 3392 2328 Divi—

1814 2368 1932 2406 nar.
1965 2353 2085 2406 lect.
2114 2368 2238 2424 cap.
2269 2355 2359 2408 25.
2393 2353 2694 2427 Utramque
2718 2374 2746 2412 c
2769 2375 2874 2415 nis.
2904 2360 3220 2419 Corbeiensi
3243 2365 3392 2420 dedit

1812 2439 1971 2498 Joan.
2012 2442 2356 2499 Mabillonius
2382 2447 2434 2498 in
2461 2446 2647 2500 limine
2669 2449 2796 2502 tomi
2817 2448 2856 2501 Il
2879 2451 3272 2520 Analectorum,
3298 2456 3394 2510 Pa-

1815 2536 1908 2590 iis.
1946 2537 2104 2597 1677,
2134 2539 2188 2599 8,
2221 2547 2274 2593 et
2307 2538 2463 2592 I725.
2497 2541 2565 2593 At
2595 2542 2647 2595 in
2672 2541 3102 2600 Graeco-Latinis
3136 2548 3393 2602 editioni-

1815 2628 1918 2681 bus
1948 2637 2124 2682 exstat
2145 2644 2212 2682 ex
2234 2631 2486 2684 versione
2515 2634 2856 2689 accuratiore
2881 2633 3104 2691 Joannis
3135 2636 3394 2692 Leuncla-

1816 2718 1909 2779 vii,
1945 2719 2058 2788 qui,
2087 2719 2330 2774 Graecam
2360 2719 2615 2777 Venetam
2649 2725 2778 2778 anni
2815 2726 2974 2791 1556,
3017 2727 3069 2790 8,
3104 2729 3156 2782 in
3196 2729 3393 2786 biblio-

1815 2813 1972 2866 theca
2008 2811 2092 2866 Jo.
2119 2811 2235 2867 Jac.
2264 2811 2475 2884 Grynzei
2506 2823 2719 2881 nactus,
2746 2817 2838 2871 illo
2868 2818 3121 2876 hortante
3155 2831 3394 2879 transtu—

1816 2904 1897 2963 lit,
1918 2911 1972 2957 et
1998 2895 2180 2973 lingua
2205 2913 2436 2975 utraque
2458 2922 2580 2960 cum
2601 2909 2743 2963 notis
2767 2907 2932 2965 Basil.
2963 2911 3124 2976 1567,
3147 2915 3200 2977 8,
3219 2933 3280 2969 ex
3305 2914 3391 2971 Jo.

1817 2993 2045 3065 Oporini
2067 2994 2278 3050 officina
2299 2996 2561 3068 vulgavit.
2582 2996 2896 3055 Leunclavii
2921 3010 3063 3058 notae
3093 3005 3160 3058 ad
3189 3007 3392 3062 calcem

1819 3097 1950 3142 tom.
1983 3089 2004 3141 I
2039 3104 2264 3158 operum
2295 3087 2524 3160 Nysseni
2558 3091 2863 3160 subjunctze
2903 3093 3173 3165 leguntur,
3199 3098 3396 3155 additis

180 3181 316 3247 gorii:
346 3183 443 3238 inc.
471 3183 630 3251 Αὕτη
652 3183 684 3252 ἡ
711 3181 886 3252 βίϐλος
909 3181 1176 3250 γενέσεως
1199 3181 1427 3252 οὐρανοῦ
1451 3183 1544 3236 καὶ
1565 3184 1667 3253 γῆς
1693 3197 1708 3214 ο

1819 3181 1980 3235 etiam
2031 3179 2600 3238 animadversionibus
2647 3185 2804 3240 novis
2847 3183 3142 3244 Frontonis
3179 3189 3394 3260 Ducaai,

181 3272 256 3326 fol.
281 3275 389 3337 151,
417 3277 594 3345 ejusd.
627 3275 695 3329 ad
718 3272 934 3328 Petrum
960 3275 1202 3343 fratrem,
1237 3275 1291 3328 in
1311 3273 1673 3330 Hexaemeron
1697 3289 1715 3328 :

181 3363 277 3417 init.
319 3365 378 3419 Τί
409 3367 575 3437 (quod
621 3380 742 3420 voc.
780 3366 834 3420 in
864 3366 996 3420 edit.
1038 3364 1210 3420 Paris.
1243 3381 1295 3418 a.
1342 3365 1498 3429 1658,
1531 3367 1715 3421 statim

181 3455 234 3508 ab
251 3455 388 3510 initio
405 3459 588 3530 culpa,
613 3455 797 3518 credo,
830 3470 1122 3526 operarum
1150 3463 1234 3510 est
1254 3456 1542 3524 omissum)
1581 3455 1716 3509 ταῦι-

178 3559 232 3596 τα
258 3549 432 3611 ποιεῖς,
462 3542 507 3601 ὦ
537 3547 799 3617 ἄνθρωπε
829 3547 930 3616 (c);
958 3545 1102 3600 —-ln
1131 3547 1250 3601 cod.
1284 3544 1504 3600 CCLIII.
1536 3547 1713 3614 ejusil.

176 3635 219 3688 iii
262 3636 494 3694 Hexaem.
530 3650 671 3695 tom.
704 3639 820 3702 XII,
848 3641 1039 3710 τρόποι
1073 3641 1467 3709 συλλογιστικοὶ
1497 3641 1712 3698 Advers.

178 3723 482 3793 Manichieos,
507 3738 564 3785 et
599 3727 680 3782 De
712 3729 892 3781 anima
918 3728 1144 3784 hominis
1183 3744 1305 3799 cap.
1366 3729 1435 3783 96
1475 3732 1549 3800 (p.
1585 3731 1712 3794 504.

173 3813 452 3880 bibl).—ln
477 3819 734 3875 Hexaem.
757 3820 809 3872 in
845 3819 966 3875 eod.
1002 3820 1194 3873 Bavar.
1232 3819 1474 3887 XXXVI,
1503 3821 1557 3874 in
1591 3821 1711 3874 eod.

173 3903 336 3970 LXIX,
365 3925 477 3964 cum
511 3912 639 3965 aliis
669 3925 858 3980 Opusc.
881 3908 1110 3980 Nysseni
1140 3919 1302 3979 atque
1346 3926 1470 3964 cum
1514 3909 1717 3965 Basilio

168 3996 212 4049 in
240 3998 396 4064 idem,
440 4011 492 4056 et
535 4002 772 4073 Nyssen.
800 4001 853 4054 in
887 4009 1137 4056 sanetum
1167 4002 1477 4064 sabbatum,
1510 4003 1564 4056 in
1589 4003 1712 4056 cod.

170 4087 470 4146 CCXLII.—
507 4094 569 4147 In
606 4093 728 4149 cod.
773 4093 974 4148 Caesar.
1017 4091 1182 4158 XLII,
1214 4109 1298 4148 nr.
1336 4093 1433 4157 12,
1463 4103 1715 4165 excerpta

164 4193 219 4235 ex
243 4183 326 4238 illo
360 4200 562 4255 opere;
600 4203 648 4238 v.
681 4184 924 4239 Lambec.
965 4184 1073 4250 VII,
1117 4203 1171 4256 p.
1211 4184 1719 4240 I77.-—-Florenti¢e

166 4271 210 4324 in
236 4276 384 4329 codd.
420 4275 681 4332 Laurent.
716 4276 837 4330 cod.
869 4275 1032 4340 XVII,
1057 4293 1142 4330 nr.
1183 4277 1270 4338 17,
1299 4278 1434 4347 plut.
1462 4274 1714 4340 6.-—Xll,

162 4377 233 4420 nr.
261 4366 310 4431 5,
347 4369 485 4436 plut.
521 4369 608 4422 10.
639 4398 708 4408 —
735 4366 800 4420 IV
832 4367 909 4437 (in
935 4383 1044 4437 quo
1071 4368 1226 4438 plura
1262 4375 1390 4423 sunt
1419 4383 1545 4437 opp.
1581 4368 1719 4438 Nys-

161 4456 282 4519 seni,
320 4467 379 4511 ut
411 4474 582 4528 supra
613 4460 726 4528 jam
763 4460 1133 4527 monuimus);
1184 4474 1272 4512 nr.
1308 4460 1362 4522 9,
1395 4459 1531 4528 plut.
1565 4458 1616 4513 7.
1650 4491 1719 4500 —

1821 3270 2145 3340 qui,collata
2175 3273 2398 3343 antiqua
2423 3271 2663 3345 Dionysii
2689 3276 2960 3342 versione,
2993 3281 3253 3334 nonnulla
3279 3282 3398 3338 loca

1820 3362 2108 3433 insigniter
2137 3363 2454 3419 illustravit.
2481 3364 2744 3421 Conferre
2768 3368 2928 3422 etiam
2957 3384 3135 3440 opera:
3160 3373 3396 3442 pretium

1818 3462 1901 3508 est
1935 3455 2329 3523 castigationes
2363 3455 2418 3509 in
2455 3453 2601 3510 hunc
2643 3457 2840 3512 librum
2871 3459 3100 3530 ejusque
3130 3462 3400 3534 interpre~

1819 3552 1924 3598 tem
1955 3545 2363 3612 Leunclavium,
2397 3546 2901 3604 Combefisianasin
2940 3550 3132 3607 Franc.
3170 3552 3401 3609 Combe-

1819 3636 1951 3702 tlsii,
1988 3637 2173 3707 Regiis
2203 3635 2606 3694 Parisiensibus
2635 3641 2795 3695 codd.
2829 3643 2932 3706 usi,
2973 3643 3170 3700 Basilio
3207 3661 3398 3700 recen-

1819 3727 1926 3782 sito
1959 3736 2088 3782 tom.
2124 3728 2161 3782 l.
2197 3745 2250 3799 p.
2283 3729 2546 3783 566-597.
2581 3731 2797 3799 Septem
2838 3734 3039 3803 egregii
3082 3734 3243 3804 hujus
3273 3737 3397 3791 libri

1819 3813 2146 3888 Nysseniani
2199 3819 2415 3874 codices
2455 3820 2579 3873 msti
2621 3829 2837 3874 exstant
2868 3823 2920 3874 in
2950 3823 3079 3883 bibl.
3113 3825 3394 3892 Casarea,

1817 3907 1884 3964 de
1910 3910 2108 3978 quibus
2138 3910 2464 3965 Lambecius
2488 3910 2528 3974 I,
2566 3927 2600 3980 p
2649 3911 2718 3965 97
2752 3911 2828 3984 [p.
2863 3913 2952 3978 91,
2981 3914 3071 3978 92,
3099 3915 3189 3981 95,
3215 3916 3321 3969 212
3344 3928 3398 3970 et

1819 4016 1872 4071 p.
1899 3999 2039 4066 262;
2074 4009 2236 4070 atque
2263 4004 2371 4054 vol.
2407 3999 2493 4064 III,
2527 4017 2578 4070 p.
2612 4001 2738 4066 286,
2768 4012 3062 4074 notamque
3087 4006 3141 4060 ὕ.
3169 4005 3398 4064 Koliarii

1819 4111 1869 4164 p.
1903 4093 2042 4160 287;
2083 4093 2150 4147 de
2178 4095 2300 4148 cod.
2332 4092 2494 4158 LXII,
2529 4111 2650 4166 pag.
2688 4097 2830 4163 289;
2860 4097 2926 4152 de
2965 4098 3088 4152 cod.
3125 4098 3306 4165 LXIII,
3338 4117 3392 4170 p.

1816 4185 1958 4254 294;
2008 4186 2076 4240 de
2103 4187 2224 4240 cod.
2277 4185 2460 4250 LXIV,
2508 4204 2558 4256 p.
2607 4188 2746 4255 515,
2782 4189 2848 4244 de
2895 4190 3017 4244 cod.
3057 4190 3241 4263 LXV],
3277 4209 3392 4262 seq.

1818 4276 1904 4339 III,
1940 4292 2065 4347 pag.
2103 4276 2225 4340 109,
2261 4293 2402 4347 seq.,
2442 4279 2546 4331 112
2573 4295 2712 4348 seq,,
2749 4279 2869 4333 114.
2907 4296 3048 4349 seq.,
3094 4283 3237 4337 inter
3288 4286 3395 4338 alia

1818 4369 2116 4424 observans
2143 4369 2285 4438 quod
2313 4369 2726 4430 Leunclavium,
2761 4369 3012 4424 Ducaeum
3046 4381 3099 4426 et
3129 4373 3396 4429 Combefi-

1821 4459 1960 4514 sium
1997 4457 2152 4527 fugit,
2197 4459 2249 4512 in
2292 4460 2544 4514 lemmate
2589 4461 2784 4530 capitis
2832 4461 2890 4514 Il
2968 4461 3254 4532 legendum
3311 4467 3395 4520 ὅτι

161 4541 324 4610 XVIII,
351 4564 435 4602 nr.
466 4549 522 4615 6,
556 4552 609 4604 in
637 4549 889 4604 Hexaem.
926 4557 980 4604 et
1013 4564 1096 4602 nr.
1121 4549 1175 4603 5.
1209 4547 1284 4602 De
1311 4549 1520 4618 api/icio
1543 4547 1710 4602 homi—

1819 4549 2178 4621 ἀθεώρητοςή
2208 4549 2301 4602 τοῦ
2322 4550 2411 4604 νοῦ
2439 4550 2621 4620 φύσις,
2653 4567 2759 4605 non
2793 4560 2851 4606 ut
2891 4553 3041 4618 editi,
3090 4554 3122 4624 ὴ
3162 4551 3255 4606 τοῦ
3300 4556 3395 4608 ἀν-

157 4729 236 4775 aut
262 4734 506 4788 catenas,
527 4732 632 4800 aut
663 4725 890 4781 aliorum
917 4728 1266 4800 collectiones
1301 4729 1356 4783 in
1383 4728 1583 4800 quibus
1621 4744 1715 4800 oc~

154 4804 363 4869 currunt
394 4797 700 4869 particulae,
744 4799 1124 4869 nominaverit,
1165 4797 1466 4869 cognosces
1497 4815 1564 4869 ex
1598 4799 1714 4853 ind.

155 4861 211 4912 ad
235 4861 560 4941 illamI-f—Iii
597 4867 910 4941 corbjioisl.
942 4867 1118 4941 LVIII,
1150 4861 1276 4922 sunt
1308 4871 1454 4922 varia
1485 4868 1715 4941 Nysseni

152 4946 316 4998 opera.
336 4963 407 4972 —
429 4937 488 4987 in
517 4935 641 4989 cod.
673 4935 831 4998 CVII,
862 4939 1004 4991 inter
1036 4940 1280 4993 diversas
1309 4935 1585 4992 variorum
1619 4941 1716 4992 lio-

153 5004 524 5078 iiiilias_Greg.
570 5005 752 5078 Nysst
781 5023 871 5078 sex
917 5007 1118 5078 habent
1154 5018 1428 5063 auctorem
1479 5010 1550 5076 (v.
1593 5025 1714 5078 pag.

155 5070 378 5148 182)._In
412 5070 545 5128 cdd.
577 5070 776 5138 CCXC,
820 5075 910 5129 fol.
943 5077 1033 5139 59,
1077 5077 1327 5148 Nysseni,
1372 5070 1514 5148 quod
1563 5070 1720 5147 p'auis

149 5145 516 5198 sanctificatiis
553 5155 810 5206 mutetur.
841 5154 893 5199 et
923 5148 1066 5210 quod
1101 5145 1351 5202 humana:
1384 5145 1591 5203 naturae
1624 5165 1717 5203 ue-

152 5216 373 5287 cessaria
414 5216 644 5287 sit.ejus
685 5217 1134 5287 participatiolp.
1178 5218 1326 5284 406).
1371 5218 1554 5272 Romae
1597 5234 1714 5270 ino-

153 5285 450 5358 nasteriuni
493 5283 550 5337 S.
579 5283 773 5358 βοέηξί
810 5283 955 5358 varia
993 5283 1154 5358 Nyss.
1190 5283 1316 5358 opp.
1349 5297 1486 5343 msta
1535 5295 1716 5343 Servat

150 5366 302 5428 caque
334 5353 964 5428 indicat_blontfauc._in
986 5353 1146 5428 Diar.
1183 5353 1310 5428 lia}.
1353 5374 1476 5428 pag.
1508 5359 1635 5417 213,
1662 5367 1715 5411 et

151 5419 340 5495 215,-—
361 5425 517 5478 ldem
548 5426 681 5478 ibid.
705 5441 760 5495 p.
795 5425 922 5489 562,
947 5427 1220 5490 observat,
1250 5419 1538 5482 Florentia;
1574 5429 1714 5482 inter

149 5492 289 5568 codd.
323 5502 567 5568 mgnast.
601 5492 842 5568 Adiiunt.
876 5497 1060 5550 haberi
1087 5498 1225 5550 duas
1249 5497 1406 5567 Greg.
1432 5497 1590 5568 Nyss.
1617 5500 1715 5551 bo-

151 5562 338 5636 milias,
371 5563 909 5636 Basilioiascriptas,
945 5576 998 5620 et
1033 5583 1082 5636 p.
1116 5568 1240 5629 454,
1288 5562 1552 5620 ιηεῖιιιοῐῖθι
1601 5569 1711 5620 duo

151 5631 293 5684 codd.
329 5635 384 5707 in
411 5635 545 5688 bibl.
587 5635 715 5707 Julii
743 5631 1054 5695 Iustiniani,
1083 5637 1272 5690 Venet.
1306 5635 1463 5707 Nyss.
1503 5639 1572 5690 De
1596 5639 1711 5690 aui-

151 5716 222 5751 ma
250 5709 302 5755 et
337 5701 407 5756 In
434 5715 570 5758 orat.
604 5705 936 5758 Dominicam
981 5701 1427 5761 continentesf—
1447 5707 1518 5762 De
1549 5707 1707 5761 codd.

152 5768 265 5823 bibl.
300 5771 442 5848 Reg.
482 5774 706 5844 Neapol.
740 5793 786 5829 v.
820 5775 994 5830 Catal.
1033 5777 1270 5842 illorum,
1309 5793 1473 5847 supra
1515 5777 1569 5830 in
1602 5779 1707 5830 vol.

1817 4724 1884 4848 ᾗ,
1915 4743 1968 4796 p.
2002 4727 2105 4780 777
2129 4735 2183 4781 et
2213 4728 2335 4794 786,
2361 4743 2444 4782 nr.
2465 4727 2556 4794 55,
2586 4735 2638 4782 et
2666 4729 2786 4784 181.
2821 4729 2926 4785 Sed
2956 4731 3071 4784 haec
3100 4730 3390 4786 sufficiant.

1871 4812 1991 4848 ARL.

1871 4812 1991 4850 ARL.

1890 4867 1966 4935 (a)
2006 4865 2204 4921 Oudin.
2252 4868 2288 4922 l.
2331 4881 2381 4922 c.
2441 4882 2560 4937 cap.
2609 4868 2732 4932 5-6,
2783 4877 3031 4924 recenset
3093 4871 3396 4927 examinat-

1818 4952 1924 5005 que
1954 4937 2176 4992 uberius
2206 4951 2399 5008 opera.
2443 4939 2743 4992 secundum
2774 4939 3020 4992 ordinem
3067 4955 3287 5005 eorum,
3335 4942 3392 4996 in

1817 5007 2231 5078 eil.rservatum,
2266 5016 2320 5061 et
2349 5009 2590 5062 virorum
2624 5009 2908 5062 doctorum
2939 5009 3005 5063 de
3038 5010 3269 5078 singulis
3298 5012 3393 5078 ju-

1817 5076 1982 5147 dicia,
2014 5078 2103 5130 ubi
2130 5092 2268 5145 opus
2293 5086 2459 5140 esset,
2489 5079 2703 5147 aliaque
2730 5085 2918 5132 notatu
2943 5076 3191 5147 digniora
3226 5076 3396 5134 colle-

1818 5149 1912 5215 git.
1950 5144 2130 5210 Quare
2165 5144 2506 5201 brevioribus
2551 5144 2709 5203 no'bis
2750 5164 2872 5203 esse
2916 5144 3117 5203 licebit.
3165 5149 3393 5204 Semleri

1817 5226 1870 5270 et
1926 5215 2266 5270 Schrmckhii
2317 5216 2688 5286 lliesslerique
2728 5219 3066 5286 diligentiam
3105 5219 3158 5271 in
3201 5234 3393 5273 recen-

1818 5235 1870 5270 et
1927 5235 2266 5270 acnrwcnnu
2317 5235 2688 5287 messrerique
2728 5235 3066 5286 diligentiam
3105 5235 3158 5271 in
3201 5235 3391 5273 recen-

1818 5286 2009 5356 sendis
2083 5287 2312 5356 Nysseni
2371 5288 2628 5356 operibus
2694 5288 2804 5354 jam
2879 5289 3238 5341 laudavimus.
3311 5287 3391 5343 In.

1890 5356 1963 5427 (ὁ)
1991 5355 2048 5409 1η
2075 5355 2196 5411 cod.
2231 5355 2722 5429 Coisl._C(IXXXV,
2749 5375 2868 5429 pag.
2900 5358 3027 5418 296,
3059 5357 3389 5429 bibl._C9isI.

1817 5426 1958 5497 i_dem
1990 5443 2127 5495 Oplls
2160 5433 2264 5493 est,
2283 5429 2375 5497 sed
2403 5427 2598 5497 incipit
2621 5430 2731 5481 Ἀεὶ
2752 5426 2896 5493 ταῖς,
2928 5437 3126 5488 etc.,et
3148 5427 3390 5489 fol.210.

1814 5495 1972 5564 Greg.
2008 5498 2062 5566 in
2095 5497 2258 5550 illud:
2295 5495 2426 5552 Cum
2457 5495 2692 5566 subjecta
2725 5500 2774 5551 ei
2810 5498 3006 5566 fuerint
3040 5499 3250 5560 omnia,
3282 5506 3389 5554 etc.

1891 5568 1962 5633 (ε)
2014 5565 2118 5620 Sed
2151 5567 2202 5618 τί
2235 5567 2386 5620 deest
2438 5565 2655 5636 quoque
2701 5570 2752 5620 in
2799 5565 2921 5622 eod.
2976 5567 3106 5636 lieg.
3162 5567 3390 5623 Taurin.

1817 5634 2000 5696 LXXI,
2036 5652 2144 5707 see.
2175 5638 2292 5690 Cat.
2325 5634 2485 5691 codd.
2525 5634 2814 5707 G‘r.7'_l‘aur.
2844 5654 2896 5706 p.
2931 5634 3078 5707 166i
3104 5647 3158 5689 at
3203 5637 3396 5707 legitur

1817 5707 1870 5759 in
1921 5707 2042 5775 cod,
2077 5706 2276 5759 Matrit.
2313 5723 2421 5775 reg.
2455 5705 2690 5773 CXXIV,
2728 5723 2776 5774 p.
2812 5705 2902 5774 98,
2941 5705 3001 5761 V.
3057 5705 3232 5762 lriart.
3258 5705 3388 5763 Cat.

1817 5777 1974 5834 codd.
2016 5774 2106 5830 Gr.
2141 5776 2298 5829 Matr.
2335 5774 2535 5846 p.502.
