3880 6402
175 464 232 523 ιι
990 467 994 470 ‘
1369 460 1652 520 norma
1690 462 1779 518 ex
1820 460 2157 520 scemate.
3330 438 3395 489 ιθ

180 585 338 639 Venet.
384 582 537 645 I533,
577 583 631 636 8.
668 580 834 637 Fusa.
876 579 1098 635 Taurini
1154 578 1208 633 in
1246 579 1377 635 bibl.
1411 581 1544 651 Reg.
1586 578 1710 635 cod.

1823 582 1992 650 prima
2028 579 2253 650 incipit:
2290 579 2602 649 Προσευχῆς
2629 576 2758 648 ἡμῖν
2787 572 3157 628 διδασκαλίαν.
3194 570 3395 625 Τιέιιιε-

176 673 331 734 LXXI,
380 673 468 727 fol.
502 671 622 738 l6ti,
675 671 753 727 De
786 671 1127 727 Psalmorum
1172 668 1631 738 inscriptionibus,
1668 675 1722 723 et

178 762 254 817 fol.
294 763 407 817 195.
435 762 658 816 homilia
687 762 747 816 in
791 760 1053 830 psalmum
1083 776 1156 822 vr,
1202 759 1280 814 De
1306 770 1508 814 octava.
1542 759 1717 813 Haec.

231 852 278 906 7.
323 852 635 921 Ἐξήγησις
662 851 924 920 ἀκριϐής,
952 858 1221 906 Accurata
1245 852 1504 921 expositio
1542 850 1722 905 Eccle-

179 946 328 998 siastes
354 942 674 1007 Salomonis,
710 942 946 997 homiliis
975 940 1113 1007 Vlll,
1146 956 1374 1010 quarum
1397 941 1581 1010 ultima
1620 941 1718 996 de-

178 1032 287 1088 sinit
333 1032 384 1085 in
434 1030 794 1100 explicatione
844 1032 1131 1085 commatis
1185 1031 1249 1085 15
1288 1031 1485 1100 capitis
1532 1045 1614 1094 In,
1660 1046 1714 1100 p.

179 1126 402 1181 373-467.
429 1123 648 1195 Incipit:
669 1125 958 1196 Πρὸκειται
979 1127 1113 1195 ἡμῖν
1141 1122 1615 1193 ὁἙκκλησιαστὴς
1638 1124 1716 1185 εἰς

180 1218 415 1289 ἐξήγησιν.
445 1216 689 1272 Meminit
716 1215 914 1271 Suidas
940 1216 995 1270 in
1021 1215 1336 1287 Γρηγόριος.
1371 1212 1554 1270 Vertit
1574 1212 1716 1269 Gen-

180 1313 339 1365 tianus
370 1308 656 1375 Hervetus,
703 1307 864 1378 cujus
916 1307 1423 1378 interpretationem
1482 1304 1716 1361 subinde

183 1404 374 1472 castigat
414 1400 642 1456 Ducaeus
686 1402 741 1455 in
784 1400 953 1456 notis.
992 1399 1262 1469 lntegrius
1306 1399 1410 1453 hoc
1440 1412 1577 1467 opus
1612 1395 1715 1450 fuit

184 1495 297 1563 apud
327 1492 531 1549 Petrum
558 1491 875 1553 Possinum,
898 1492 1004 1567 'qui
1033 1491 1087 1545 in
1118 1490 1347 1561 Prologo
1376 1489 1444 1543 ad
1477 1488 1715 1544 Thesau-

184 1601 279 1638 rum
307 1586 592 1660 asceticum,
641 1584 818 1638 Paris.
852 1582 1011 1648 1681,
1064 1583 1119 1650 4,
1175 1583 1474 1652 vulgatum,
1525 1582 1619 1647 ait,
1652 1595 1713 1636 se

182 1676 237 1728 ad
276 1676 546 1731 editionem
595 1683 849 1747 paratum
902 1676 1100 1730 habere
1152 1675 1422 1746 integrum
1480 1672 1710 1746 Nysseni

186 1747 587 1820 commentarium
637 1765 698 1819 in
744 1765 1122 1832 Ecclesiasten,
1162 1764 1497 1835 descriptum
1542 1780 1573 1820 e
1603 1778 1715 1821 ms.‘

185 1854 414 1924 Romano,
455 1874 612 1928 quem
662 1857 928 1914 hactenus
961 1858 1210 1912 mutilum
1247 1856 1516 1913 editiones
1557 1856 1712 1911 exhi-

1766 720 1767 723 η
1827 672 1951 725 tulit
1998 671 2325 726 Laurentius
2369 669 2615 735 Silanus,
2653 668 2815 736 cujus
2868 665 3047 720 versio
3089 670 3301 717 servata
3345 665 3398 716 in

1824 762 2255 845 Grieco-Latinis
2278 762 2639 818 editionibus.
2668 759 2860 815 Exstat
2884 766 2937 813 et
2966 755 3106 811 Petri
3135 754 3398 810 Galesinii

1821 854 2199 923 interpretatio
2226 852 2383 907 Rom.
2416 852 2575 911 1565.
2601 852 2655 905 4.
2686 848 2830 906 Citat
2856 863 2999 918 saepe
3030 847 3401 900 Damascenns

1823 944 1880 998 in
1925 942 2234 1006 Parallelis,
2280 951 2334 997 et
2364 941 2690 997 Anastasius
2719 945 2912 1008 quaest.
2952 954 2966 990 ι
3008 945 3061 991 ct
3094 951 3150 989 II.
3195 934 3399 989 Locum

1821 1047 1851 1087 a
1888 1032 2092 1089 Graecis
2139 1034 2194 1088 in
2242 1034 2346 1088 hoc
2393 1047 2558 1102 opere
2590 1040 2909 1100 corruptum
2938 1029 3117 1097 arguit
3166 1026 3400 1081 Allatius

1819 1146 1869 1186 c.
1908 1126 1991 1193 l2,
2023 1125 2093 1180 De
2111 1127 2439 1195 processione
2469 1124 2698 1193 Spiritus
2720 1123 2777 1179 S.
2805 1138 2926 1193 pag.
2953 1121 3023 1177 65
3042 1136 3157 1191 seq.
3178 1120 3401 1177 Librum

1820 1224 2042 1279 tertium
2076 1221 2309 1294 Nysseni
2338 1222 2473 1292 Περὶ
2495 1218 2804 1291 προσευχῆς
2840 1219 2971 1272 citat
2994 1215 3317 1294 Euthymius
3344 1216 3400 1271 in

1819 1292 2315 1382 Panopliaancn.
2369 1310 2585 1366 Incod.
2623 1308 2757 1380 Reg.
2805 1308 3008 1364 Matrit.
3056 1292 3114 1362 L'.
3158 1308 3402 1377 quinque

1816 1407 2005 1462 homil.
2042 1404 2109 1459 In
2140 1414 2279 1460 orat.
2316 1402 2596 1466 Dominic.,
2629 1417 2862 1472 quarum
2888 1401 3061 1471 prima
3091 1400 3199 1455 inc.
3220 1397 3399 1468 Εὕχῆς

1814 1496 1970 1570 ήμῶν
1989 1513 2003 1525 ·
2035 1505 2087 1551 et
2110 1495 2349 1551 homilim
2373 1501 2497 1549 octo
2520 1492 2575 1547 in
2605 1500 2682 1547 tot
2710 1491 3099 1546 beatitudines.
3125 1489 3191 1544 V.
3218 1489 3398 1544 lriart.

1814 1588 1933 1643 Cat.
1970 1585 2132 1643 codd.
2191 1586 2285 1642 Gr.
2337 1582 2541 1639 Matrit.
2580 1599 2634 1653 p.
2678 1582 2781 1637 168
2835 1597 2922 1652 sq.
2952 1613 3022 1622 -——
3065 1579 3403 1635 Vindobome

1814 1678 1871 1733 in
1902 1678 2034 1735 bibl.
2063 1678 2268 1733 Caesar.
2301 1675 2426 1731 cod.
2450 1672 2562 1730 CVI
2592 1675 2672 1746 (in
2699 1690 2830 1745 quo,
2857 1690 2887 1728 a
2914 1673 3169 1729 Lambec.
3194 1687 3395 1727 comm.
3492 1732 3501 1737 μ

1814 1786 1893 1837 vt,
1921 1787 1976 1842 p.
2000 1769 2089 1825 51.
2118 1785 2238 1840 sqq.
2268 1767 2427 1823 valde
2448 1767 2690 1831 laudato,
2735 1766 2806 1821 28
2833 1772 2996 1821 oratt.
3019 1772 3073 1820 et
3093 1779 3217 1836 epp.
3236 1762 3399 1833 Greg.

1811 1861 1974 1935 Nyss.
2005 1859 2397 1932 continentur),
2426 1875 2509 1915 nr.
2552 1860 2608 1914 2.
2643 1859 2797 1915 Adde
2829 1868 2947 1915 not.
2976 1858 3181 1914 Kollar.
3218 1873 3271 1927 p.
3308 1857 3399 1913 59.

189 1923 523 2004 huerint.rsed
550 1964 681 2005 cum
713 1947 841 2004 illud
874 1964 902 2002 a
936 1948 1168 2003 Possino
1202 1948 1535 2018 promissum
1572 1958 1711 2017 opus
1740 1923 1785 1982 Β
1817 1923 1883 1996 -ί
1907 1955 1972 2010 Ει
1998 1956 2052 2009 in
2078 1953 2213 2021 :cod.
2241 1923 2382 2021 XIII,
2430 1969 2516 2007 nr.
2558 1952 2645 2017 l2,
2682 1958 2736 2008 et
2773 1967 2860 2006 nr.
2890 1952 2977 2012 15,
3010 1956 3139 2006 sunt
3164 1923 3399 2020 stseni

190 2053 330 2093 nemo
357 2038 513 2093 adhuc
562 2039 619 2094 in
654 2039 832 2095 lucem
869 2040 1178 2110 protulerit,
1216 2047 1405 2099 notare
1431 2038 1607 2108 juvat,
1656 2038 1726 2093 in-

187 2126 469 2183 bibliotbeca
489 2127 851 2197 Seguieriana
879 2129 999 2184 sive
1020 2127 1357 2183 Coisliniana
1377 2133 1595 2182 exstare
1611 2127 1714 2183 sub

182 2215 457 2290 ialsoGreg.
478 2218 712 2291 Nysseni
738 2220 955 2276 nomine
980 2235 1084 2276 ms.
1116 2215 1360 2274 ercitm
1378 2217 1717 2273 Commenta-

185 2309 300 2362 ήκω
325 2310 374 2363 in
419 2309 790 2379 Ecclesiasten,
861 2311 996 2366 nihil
1046 2319 1171 2367 cum
1217 2311 1369 2367 edito
1426 2310 1714 2367 habentem

187 2417 450 2472 commune,
483 2414 536 2461 et
571 2407 635 2459 in
668 2419 775 2475 quo
817 2403 1044 2475 bysseni
1084 2402 1354 2474 expositio
1391 2403 1719 2473 quandoque

185 2495 470 2552 confutatur.
483 2498 757 2554 Dividitur
776 2499 829 2552 in
841 2512 1124 2553 sermones
1136 2497 1346 2560 decem,
1361 2512 1594 2567 quorum
1613 2494 1720 2566 pri-

188 2602 283 2641 mus
313 2590 481 2659 incipit
505 2607 518 2642 :
548 2589 792 2660 Ἀμελγε
821 2590 982 2658 γάλα,
1010 2588 1107 2643 καὶ
1132 2589 1285 2643 ἔσται
1320 2588 1715 2659 σοι’βούτυρον.

189 2678 594 2739 VJIOntlanconi
632 2683 945 2755 Catalogum
978 2683 1109 2738 bibl.
1129 2683 1478 2738 Goisliniana:
1504 2698 1558 2752 p.
1594 2682 1716 2749 I20,

178 2785 281 2839 seq.
308 2772 452 2828 FABR.
473 2774 737 2846 Augusta:
766 2774 977 2831 Vindel.
1001 2773 1158 2845 Greg.
1189 2773 1348 2845 Nyss.
1372 2775 1429 2827 in
1458 2773 1721 2829 Ecclesia-

184 2872 291 2926 sten,
315 2874 437 2922 teste
461 2867 691 2924 Reisero
717 2868 832 2924 Cat.
861 2882 983 2938 pag.
1004 2867 1093 2922 56.
1114 2897 1188 2907 —
1209 2866 1262 2921 In
1293 2877 1526 2937 quatuor
1555 2866 1715 2922 codd.

184 2952 290 3008 bibl.
312 2958 445 3026 publ.
474 2958 656 3016 Paris.
687 2958 958 3029 Expositio
989 2959 1043 3012 in
1072 2956 1449 3013 Ecclesiasten.
1485 2956 1658 3013 Hanc.

238 3046 283 3100 8.
322 3050 635 3120 Ἐξήγησνις
658 3050 921 3121 ἀκριϐής,
947 3050 1213 3104 Arcurata
1230 3051 1489 3118 expositio
1512 3050 1721 3104 Cantici

185 3140 483 3205 canticorum,
528 3141 603 3196 ad
649 3142 1032 3213 Olymp'atlem,
1066 3142 1302 3196 homiliis
1332 3140 1448 3204 XV,
1486 3158 1718 3212 quarunt

1814 2046 2051 2101 bomiliae
2079 2043 2216 2111 VIII,
2260 2044 2315 2099 in
2361 2044 2585 2098 totidem
2616 2041 2983 2098 beatitudines
3019 2040 3276 2111 Evangel.
3310 2053 3399 2110 ap.

1818 2137 2203 2194 S.Malthaeum
2234 2152 2355 2206 cap.
2385 2153 2434 2192 v.
2468 2134 2531 2189 V.
2555 2134 2820 2190 Lambec.
2847 2133 2936 2195 Vl,
2963 2141 3103 2203 part.
3128 2147 3168 2195 I,
3197 2147 3252 2201 p.
3273 2128 3399 2197 I06,

1817 2244 1903 2301 sq.
1939 2259 2010 2270 -—
2037 2227 2095 2283 In
2119 2245 2215 2285 sex
2251 2229 2411 2284 codd.
2438 2227 2612 2284 Paris.
2642 2227 2774 2282 bibl.
2807 2226 2963 2281 Puhl.
2989 2256 3060 2268 —
3097 2222 3321 2279 Taurini
3344 2225 3400 2278 in

1817 2322 1940 2377 cod.
1993 2318 2180 2385 LXXI,
2237 2319 2368 2391 Reg.
2402 2319 2467 2375 V.
2513 2320 2713 2384 Catal.,
2763 2327 2897 2384 etc.,
2948 2335 3003 2388 p.
3062 2318 3182 2374 l69.
3232 2316 3394 2372 Gonl‘.

1820 2413 2031 2471 Semler
2056 2414 2093 2468 1.
2128 2429 2179 2470 c.
2210 2428 2262 2484 p.
2294 2412 2417 2477 191,
2451 2419 2504 2468 et
2531 2410 2855 2468 Schrmckh.
2890 2428 2939 2483 p.
2965 2412 3026 2465 71
3067 2427 3188 2482 sqq.
3221 2410 3397 2465 HARL.

1894 2507 1977 2561 I0.
2019 2507 2123 2571 Εις
2147 2504 2290 2569 τοὺς
2315 2505 2754 2574 μακαρισμούς,
2782 2504 2846 2558 In
2873 2513 2991 2559 octo
3022 2502 3397 2566 beatitudines,

1820 2597 2011 2652 Matth.
2041 2613 2093 2660 ν,
2128 2596 2365 2650 liomilia:
2400 2594 2536 2663 Vlll,
2574 2611 2626 2667 p.
2652 2596 2913 2650 762-857.
2960 2594 3141 2650 Prima
3177 2595 3396 2665 incipit:

1819 2690 1918 2754 Τίς
1941 2689 2049 2761 ἄρα
2070 2687 2310 2751 τοιοῦτός
2340 2689 2516 2749 tactv;
2541 2687 2714 2742 Vertit
2738 2687 2878 2741 idem
2899 2684 3230 2740 Laurentius
3259 2684 3401 2739 Sil'a-

1820 2796 1948 2841 nus.
1998 2781 2159 2851 cujus
2191 2779 2693 2850 interpretationem
2721 2776 3055 2833 Parisienses
3085 2783 3398 2840 servarunt,

1820 2884 1874 2929 et
1903 2872 2102 2927 Petrus
2127 2860 2458 2927 Galesinius.
2487 2868 2702 2924 Citatur
2724 2862 2777 2923 in
2806 2870 2943 2924 actis
2975 2868 3195 2924 concilii
3221 2866 3403 2938 Ephe-

1822 2964 1949 3029 sini,
1977 2958 2192 3019 necnon
2227 2979 2257 3016 a
2286 2962 2622 3019 Theodorito
2665 2962 2720 3017 in
2745 2960 2956 3032 Dialog.
2986 2969 3041 3016 et
3063 2961 3401 3020 Damasceno

1822 3057 1876 3111 in
1900 3048 2189 3109 Parallelis
2205 3097 2219 3117 ,
2254 3054 2507 3109 Liberato
2528 3054 2581 3108 in
2604 3053 2870 3117 Breviar.,
2896 3061 3001 3107 etc.
3031 3052 3089 3107 ln
3113 3052 3216 3107 hoc
3238 3068 3402 3123 opere

1822 3146 2025 3201 desinit
2083 3154 2267 3199 tonius
2321 3147 2528 3215 primus
2582 3144 2838 3201 editionis
2888 3158 3112 3214 operum
3168 3144 3399 3216 Nysseni

185 3231 342 3334 ultricia
361 3232 558 3334 desinit
600 3234 655 3334 in
683 3233 1005 3334 illustrando
1034 3247 1195 3334 versu
1214 3231 1503 3334 ‘9'capitis.
1526 3248 1602 3299 vr,
1745 3271 1791 3334 ϐ
1823 3236 2251 3293 Graeco-Latina:
2276 3252 2327 3292 a.
2355 3236 2648 3334 1638,qu:e
2671 3237 2934 3292 hactenus
2960 3236 3160 3306 prioris
3189 3250 3240 3290 a.
3264 3236 3401 3292 1615

181 3314 400 3374 468411.
424 3323 754 3379 Prommium
789 3324 977 3394 incipit
1012 3341 1024 3377 :
1076 3321 1447 3393 Ἀπεδεξάμην
1474 3323 1550 3387 ὡς
1582 3324 1717 3396 πρέ-

182 3423 352 3464 πουσαν
391 3412 464 3484 τῷ
502 3413 688 3486 σεμνῷ
738 3431 830 3468 σου
871 3414 989 3486 βίῳ.
1032 3414 1176 3470 Gitat
1234 3414 1604 3471 Damascenns
1659 3417 1714 3471 in

189 3495 456 3558 Pcrailelis.
484 3504 733 3560 Meminit
746 3516 799 3560 et
822 3504 1021 3561 Suidas
1041 3506 1095 3561 in
1117 3506 1439 3579 Γρηγόριος,
1457 3515 1511 3562 et
1526 3506 1717 3561 Adria-

186 3590 310 3644 nusl
342 3607 487 3663 papa,
515 3596 571 3649 in
597 3595 719 3651 loco
750 3596 840 3665 qui
869 3596 1091 3652 affertur
1113 3597 1169 3652 in
1208 3593 1347 3652 actis
1370 3597 1568 3653 concil.
1604 3597 1714 3663 VII,

181 3684 296 3732 tom.
332 3679 409 3736 VII
438 3684 566 3740 edit.
594 3683 820 3753 Labbei,
855 3702 907 3758 p.
942 3686 1064 3741 109.
1098 3685 1276 3742 Vertit
1312 3687 1453 3742 idem
1490 3687 1716 3743 Gentia-

181 3782 279 3826 nus
314 3770 579 3844 llervetus,
632 3778 797 3847 cujus
841 3779 1148 3834 versionem
1204 3779 1437 3835 subinde
1483 3780 1716 3848 castigat

181 3858 365 3921 Fronto
387 3865 605 3925 Ducaaus
639 3870 693 3924 in
716 3869 880 3935 notis,
918 3870 1161 3926 adhibita
1193 3870 1359 3926 etiam
1391 3871 1717 3940 interpreta-

176 3951 307 4009 tione
347 3955 563 4016 Joannis
607 3958 944 4028 Leunclavii,
994 3972 1117 4031 quae
1154 3960 1330 4017 lucem
1366 3958 1522 4016 vidit:
1549 3961 1712 4017 Basil.

183 4043 315 4099 I570.
344 4045 505 4103 Fsaa.
549 4050 811 4121 Augustae
851 4050 1057 4108 Vindel.
1098 4052 1153 4107 in
1193 4051 1443 4122 Procopii
1475 4051 1716 4121 Epitome

173 4138 523 4206 expositionum
578 4144 634 4195 in
679 4141 961 4197 Canticum
1005 4143 1335 4198 canticorum
1376 4161 1405 4199 e
1450 4143 1716 4215 Gregorio

173 4224 389 4301 Nyss.get
432 4232 580 4288 aliis.
610 4262 682 4273 —
713 4233 771 4288 In
815 4234 924 4289 alio
956 4235 1086 4290 cod.
1127 4236 1424 4306 Gregorius
1468 4234 1627 4307 Nysa.
1661 4242 1716 4293 et
1762 4298 1769 4304 ,

173 4315 521 4380 Tlieottoretus
570 4324 627 4380 in
656 4323 938 4381 Canticum
983 4326 1345 4382 canticorum.
1402 4326 1468 4380 V.
1497 4326 1711 4385 Reiser.

171 4407 272 4462 Cat.
317 4427 368 4481 p.
402 4413 470 4467 56
501 4421 557 4468 et
595 4412 683 4471 58.
714 4444 787 4454 —-
818 4412 1059 4471 Venetiis
1108 4415 1163 4470 in
1206 4415 1341 4474 bibl.
1388 4414 1556 4471 Marc.
1588 4418 1708 4474 cod.

168 4497 307 4569 XXII,
344 4503 569 4576 Nysseni
601 4516 652 4561 et
684 4505 815 4571 Nili,
849 4522 1023 4572 mon.,
1061 4505 1438 4577 Interpretatio
1464 4511 1516 4564 in
1552 4509 1710 4566 Cant.

1822 3331 2050 3401 paginas
2092 3338 2293 3386 servat.
2331 3328 2498 3382 Fssn.
2538 3327 2771 3384 Liberali
2822 3327 3154 3383 Breviarium
3218 3343 3401 3384 causae

1816 3419 2271 3477 Nestorianorum
2313 3428 2366 3475 et
2391 3419 2879 3492 Eutychianorum,
2916 3427 3049 3484 etc.,
3078 3420 3281 3475 editum
3313 3427 3399 3475 est

1817 3526 1941 3567 cum
1992 3511 2136 3567 notis
2182 3509 2380 3567 Joann.
2425 3512 2696 3578 Garnerii,
2740 3511 2915 3566 Paris.
2954 3510 3115 3576 I675,
3167 3511 3222 3575 8,
3266 3511 3396 3567 hinc

1816 3604 2079 3659 omissum
2129 3603 2198 3657 ab
2246 3600 2527 3658 Harduino
2564 3605 2620 3658 in
2652 3600 2974 3657 Collectione
3014 3601 3382 3657 conciliorum.

1819 3691 1953 3747 Vide
2014 3691 2116 3746 vol.
2162 3689 2254 3757 XI,
2301 3706 2355 3760 p.
2398 3691 2623 3755 445,οε
2671 3691 2973 3746 collectione
3020 3691 3390 3745 conciliorum.

1814 3812 1886 3824 -
1912 3781 1989 3837 De
2006 3782 2148 3837 .cod.
2179 3781 2383 3838 Cassar.
2415 3796 2466 3834 v.
2501 3780 2568 3834 ad
2592 3796 2679 3835 nr.
2715 3782 2769 3837 9.
2794 3810 2866 3821 —
2891 3781 2997 3835 Illae
3020 3781 3166 3836 hom.
3192 3781 3249 3834 in
3269 3781 3392 3835 bea-

1819 3868 1973 3923 titud.
2011 3877 2140 3923 sunt
2164 3868 2220 3923 in
2246 3868 2486 3939 quinque
2512 3868 2671 3923 codd.
2696 3868 2828 3923 bibl.
2850 3867 3006 3926 Publ.
3037 3868 3212 3925 Paris.
3244 3878 3300 3925 et
3324 3872 3378 3926 in

1818 3961 1996 4015 tribus
2026 3958 2188 4015 codd.
2222 3961 2354 4015 bibl.
2387 3958 2571 4031 Regiae
2601 3957 2848 4016 Taurini.
2879 3961 3052 4017 llaec.

1889 4053 1975 4106 11.
2011 4050 2232 4106 In‘illud
2265 4050 2553 4106 lCorinlb.
2582 4068 2671 4118 xv,
2698 4052 2769 4108 28
2795 4074 2807 4109 :
2840 4055 3070 4121 Quando
3099 4055 3199 4109 sibi
3223 4053 3402 4124 διψία-

1824 4143 1955 4196 cerit
1988 4144 2190 4206 omnia,
2238 4151 2362 4196 tunc
2396 4142 2510 4212 ipse
2537 4159 2737 4214 quoque
2769 4142 2964 4210 Filius,
3006 4156 3111 4201 etc.
3145 4145 3246 4215 (α),
3273 4160 3398 4216 pag.

1816 4234 2079 4303 858-855,
2128 4249 2253 4289 cum
2286 4235 2538 4290 versione
2577 4234 2826 4289 Gentiani
2859 4234 3076 4292 lierveti
3116 4254 3131 4292 :
3173 4236 3396 4308 incipit:

1816 4327 2000 4380 Πάντα
2039 4325 2139 4396 μὲν
2179 4325 2248 4378 τὰ
2273 4323 2428 4393 λόγια
2452 4324 2677 4395 Κυρίου.
2713 4323 2875 4379 Fsen.
2905 4329 2961 4381 In
3001 4328 3124 4382 cod.
3162 4326 3393 4382 Taurin.

1817 4416 2006 4473 LXXI.
2038 4415 2132 4470 Illa
2177 4416 2397 4471 bomilia
2429 4414 2576 4487 quod
2618 4417 2827 4487 repleta
2857 4426 2942 4473 est
2972 4419 3255 4473 erroribus
3277 4418 3398 4474 Ori-

1817 4508 2071 4581 genianis
2103 4516 2157 4583 et
2194 4507 2297 4577 ipsi
2322 4506 2587 4579 Gregorio
2622 4507 2869 4578 Nysseno
2904 4508 2957 4562 in
2987 4508 3108 4578 ejus
3160 4510 3403 4566 indubiis

163 4598 396 4651 canticor.
441 4599 507 4653 ad
550 4614 603 4653 vl
654 4600 835 4670 priora
880 4615 1040 4671 capp.
1082 4599 1149 4655 V.
1189 4608 1299 4658 cat.
1344 4602 1504 4657 codd.
1543 4603 1712 4659 IlI-are.
1746 4610 1793 4669 θ
1818 4598 2098 4669 cpusculis
2139 4605 2434 4668 repugnat,
2477 4595 2679 4653 Oudin.
2708 4599 2746 4662 I,
2785 4612 2839 4667 p.
2872 4596 2974 4652 599
3030 4613 3141 4668 sq.,
3168 4597 3402 4667 jndicat.

166 4683 244 4741 Gr.
278 4705 391 4762 pag.
430 4690 524 4745 2t.
549 4720 623 4732 -—
653 4688 878 4747 Taurini
912 4693 966 4748 in
996 4693 1129 4748 bibl.
1161 4692 1296 4766 Reg.
1327 4694 1454 4750 cod.
1481 4694 1713 4753 CXVIII.

160 4776 345 4836 Comm.
377 4784 434 4838 in
465 4783 626 4839 Cant.
666 4785 943 4854 canticor.,
975 4800 1113 4856 opus
1138 4788 1388 4843 mutilum
1415 4805 1429 4855 ;
1468 4804 1593 4843 nam
1620 4790 1706 4845 vix

163 4881 345 4942 septem
373 4882 504 4929 sunt
539 4890 841 4932 sermones.
875 4874 940 4930 V.
979 4884 1088 4933 cat.
1125 4876 1285 4934 codd.
1319 4879 1413 4934 Gr.
1451 4878 1621 4934 Taur.
1655 4898 1710 4952 p.

161 4961 267 5017 227.
292 4996 359 5006 —-
384 4965 564 5022 Paris.
600 4966 656 5021 in
684 4966 930 5038 quinque
947 4968 1110 5023 codd.
1142 4969 1276 5024 bibl.
1302 4968 1461 5025 Publ.
1489 5001 1557 5013 --
1589 4971 1715 5027 Flo-

163 5053 330 5109 rentiae
361 5057 417 5111 in
435 5057 569 5111 bibl.
597 5054 857 5112 Laurent.
892 5058 1014 5113 cod.
1048 5057 1219 5127 XXX,
1247 5059 1386 5130 plut.
1413 5061 1468 5127 7,
1502 5077 1712 5131 praece-

160 5143 227 5198 dit
261 5148 517 5219 prologus
537 5165 591 5207 ε.
619 5148 859 5221 Epistula
889 5151 958 5205 ad
984 5150 1353 5222 Olympiadem
1377 5166 1395 5206 :
1430 5161 1546 5206 tum
1579 5153 1717 5208 inci-

160 5234 295 5302 piunt
310 5240 415 5309 ipsi
437 5239 819 5296 Commentarii
848 5243 903 5297 in
934 5242 1092 5298 Cant.
1121 5244 1379 5298 canticor.
1400 5244 1453 5300 in
1480 5241 1575 5297 XV
1601 5259 1719 5299 ser-

160 5339 330 5385 mones
381 5329 692 5396 distributi,
744 5347 882 5402 quos
930 5341 1181 5389 recenset
1215 5332 1446 5389 Bandin.
1498 5334 1553 5387 in
1597 5331 1715 5388 Cat.

162 5417 298 5473 codd.
323 5419 420 5477 Gr.
451 5420 616 5478 Laur.
641 5423 681 5481 l.
719 5439 773 5494 p.
805 5423 913 5479 290
943 5441 1027 5496 sq.
1060 5422 1238 5482 Hanc.

212 5533 263 5587 9.
298 5536 404 5602 Εις
430 5536 545 5607 τὴν
570 5540 944 5610 προσευχήν,
974 5539 1042 5596 In
1066 5540 1362 5595 orationem
1384 5539 1720 5595 Dominicam

157 5616 369 5682 Ιιοιιιὶιεω
396 5625 464 5693 V,
486 5628 629 5686 lectu
657 5631 1013 5703 dignissimae,
1040 5647 1162 5705 pag.
1189 5632 1450 5700 7I2-76I,
1485 5626 1716 5703 quarum

214 5799 288 5870 (α)
325 5801 385 5860 In
411 5806 539 5863 edit.
565 5822 620 5864 a.
651 5808 812 5870 1658.
849 5822 980 5870 tom.
1011 5798 1077 5870 ιι.
1108 5826 1232 5870 nan.
1258 5814 1312 5869 6.

214 5800 264 5864 (α
325 5801 385 5860 In
411 5806 539 5863 edit.
565 5822 620 5864 a.
651 5808 791 5867 1658
849 5822 980 5870 ιοω.
1011 5800 1063 5869 11
1147 5826 1176 5867 a

214 5800 288 5944 (δὲ
322 5875 460 5933 Ibid.
483 5891 606 5951 pag.
634 5879 726 5936 22.
797 5850 812 5880 ’
1063 5854 1077 5882 ’
1108 5827 1144 5886 p
1180 5829 1214 5887 ε

1821 4690 1902 4746 vel
1939 4690 2086 4744 illam
2130 4687 2360 4759 Gregor.
2415 4687 2578 4759 Nyss.
2626 4703 2734 4743 non
2784 4688 3045 4744 habuisse
3095 4696 3401 4759 parentem,

1819 4780 1907 4834 vel
1939 4779 2301 4850 probabilius,
2348 4780 2533 4833 omnia
2569 4781 2763 4834 mirum
2804 4781 2859 4836 in
2906 4781 3127 4836 modum
3172 4782 3241 4841 ab
3280 4783 3403 4837 aliis

1818 4887 1942 4928 esse
1975 4872 2326 4941 interpolata.
2358 4870 2531 4927 Ilsnc.

1887 4984 1972 5038 i2.
2004 4982 2064 5038 In
2090 4984 2224 5039 illud
2252 4984 2453 5039 Genes.
2482 4999 2522 5051 ι,
2552 4981 2648 5039 i6:
2679 4984 2761 5038 Ad
2793 4983 3077 5054 imaginem
3111 4982 3211 5038 Dei
3238 4992 3289 5037 et
3324 4983 3395 5036 ad

1814 5077 2215 5132 similitudinem
2253 5077 2350 5147 (ὁ),
2395 5092 2448 5145 p.
2498 5075 2759 5141 854-866,
2796 5091 2920 5129 cum
2948 5074 3196 5131 versione
3230 5074 3402 5128 Frono

1818 5170 1964 5223 tonis
2011 5169 2216 5234 Ducaei,
2268 5168 2363 5240 qui
2398 5169 2565 5223 etiam
2608 5176 2767 5224 notas
2811 5167 3087 5237 adjunxit.
3118 5164 3404 5220 Prodierat
3520 5188 3521 5191 η

1816 5260 2004 5317 Graece
2049 5274 2173 5314 cum
2228 5258 2410 5314 Ducasi
2449 5261 2704 5315 versione
2758 5258 3086 5330 Ingolstadt.
3146 5255 3302 5321 1596,
3344 5258 3399 5309 8.

1816 5351 2045 5423 Incipit:
2078 5351 2142 5405 Οἱ
2164 5350 2264 5422 τὴν
2285 5350 2496 5405 ἑαυτῶν
2523 5350 2779 5416 ἀπλανῶς
2805 5350 2900 5404 τοῦ
2930 5345 3243 5422 προσώπου.
3264 5348 3403 5403 Aliis

1825 5451 2019 5499 auctor
2072 5442 2238 5512 hujus
2289 5441 2479 5513 scripti
2533 5456 2641 5496 non
2692 5440 2974 5513 Nyssenus
3015 5437 3255 5503 videtur,
3305 5440 3401 5493 sed

1824 5535 2154 5591 Anastasius
2201 5532 2410 5588 Sinaita
2437 5533 2529 5605 (ο).
2556 5532 2693 5588 Vide
2719 5529 3125 5586 Tillemontium
3153 5538 3285 5585 tom.
3305 5526 3399 5597 IX,

1825 5647 1880 5703 p.
1914 5629 2041 5698 741,
2078 5630 2169 5701 qui
2202 5645 2324 5702 pag.
2355 5628 2483 5696 605,
2523 5627 2657 5684 illud
2697 5632 2853 5699 putat
2876 5639 3000 5683 esse
3035 5624 3398 5699 fragmentum

1859 5809 1934 5883 (c)
1974 5810 2107 5867 Vide
2154 5811 2213 5883 in
2234 5810 2341 5883 vol.
2358 5806 2459 5883 IX,
2486 5824 2610 5882 pag.
2636 5809 2761 5879 551,
2818 5822 2909 5866 nr.
2931 5808 2990 5878 7,
3005 5807 3073 5866 de
3125 5801 3399 5863 Anastasii

1824 5880 2048 5939 Sinaita}
2076 5881 2313 5953 scriptis.
2357 5880 2529 5936 iisut).
