3880 6416
459 425 529 481 19
1696 429 1981 489 NOTITIA
2019 431 2111 488 EX
2149 431 2489 491 FABRICIO.
3660 437 3728 491 20

460 539 688 611 majoris
716 544 919 613 operis,
953 545 1007 599 in
1040 561 1149 617 quo
1181 545 1419 602 dillicilia
1451 547 1750 621 Scripturae
1793 552 1913 608 loca
1938 565 2039 605 au-
2068 553 2112 608 A
2140 565 2358 606 excusa:
2383 592 2399 613 ,
2460 549 2650 606 eodem
2714 550 3013 620 interprete
3111 546 3293 603 Lutet.
3370 563 3460 620 ap.
3524 547 3733 606 Vasco-

460 641 583 687 ctor
612 632 925 690 illustravit.
966 633 1131 691 Fssn.
1179 635 1343 691 Conf.
1378 636 1587 694 Setnler
1628 639 1664 693 Ι.
1698 655 1749 694 c.
1782 655 1906 711 pag.
1942 640 2041 695 181

462 741 610 796 sqq,
656 726 759 781 192
796 742 916 798 sqq.
952 725 1252 784 Schroeckb
1289 745 1344 800 p.
1376 730 1443 785 71
1477 746 1597 802 sqq.
1629 733 1793 788 etiam
1821 732 1889 789 de
1919 748 2038 804 seq.

459 832 654 888 opusc.
683 816 941 874 Lambec.
967 827 1021 874 et
1046 818 1256 877 Kollar.
1286 820 1499 877 Comm.
1528 822 1617 890 Ill,
1648 839 1771 895 pag.
1797 824 2037 896 311seq.

458 908 528 965 de
555 909 677 965 cod.
704 908 864 965 LXV.
900 909 1071 965 Haut.

534 997 623 1052 15.
654 998 735 1052 Ad
771 997 1140 1055 Theodosium
1173 1001 1515 1072 episcOpum,
1555 1002 1799 1072 Epistola
1826 1002 1891 1057 de
1944 1019 2040 1058 en-

457 1091 810 1162 gastrimylho
843 1091 943 1161 (a),
974 1108 1099 1164 pag.
1126 1091 1387 1156 867871,
1420 1108 1544 1147 cum
1576 1094 1824 1162 ejusdem
1854 1093 2039 1150 Bucari

458 1184 712 1239 versione
763 1192 818 1239 et
861 1184 1027 1239 notis.
1083 1184 1306 1257 Incipit:
1374 1186 1432 1239 '0
1471 1184 1642 1240 εἰπὼν
1688 1189 1801 1251 τοῖς
1845 1186 2038 1241 ἑαυτοῦ

460 1276 751 1348 μαθηταῖς.
793 1276 851 1332 In
884 1276 991 1332 ﬁne
1020 1284 1274 1341 testatur,
1307 1292 1368 1333 se
1400 1276 1513 1349 ἰδίῳ
1538 1278 1686 1349 λόχῳ
1714 1277 1895 1336 fusius
1935 1295 2037 1334 ex-

456 1369 695 1438 plicasse
744 1368 863 1434 πῶς
906 1370 1267 1443 παραγίνεται
1309 1367 1370 1424 τὸ
1422 1368 1641 1441 πνεῦμα.
1689 1369 1797 1441 πρὸ
1842 1370 2030 1441 βαπτι-

390 1450 393 1453 ’
459 1479 685 1539 σματος.
738 1461 808 1516 At
837 1463 1130 1529 sententia,
1187 1477 1295 1533 qua
1324 1477 1432 1518 non
1463 1477 1654 1517 verum
1699 1460 2036 1527 Samuelem,

458 1555 551 1609 sed
580 1555 880 1611 daemonem
904 1555 1007 1611 sub
1035 1555 1306 1610 Samuelis
1337 1555 1520 1626 specie
1544 1552 1697 1610 Sauli
1720 1554 2040 1626 apparuisse

456 1648 725 1717 disputat,
773 1649 1082 1703 communis
1115 1648 1218 1719 ipsi
1249 1654 1333 1704 est
1360 1662 1484 1702 cum
1519 1649 1768 1718 pluribus
1796 1647 2039 1718 antiquis

456 1735 720 1794 Ecclesiae
749 1737 1088 1805 doctoribus,
1116 1749 1177 1795 ut
1202 1739 1600 1796 demonstravit
1630 1738 1865 1794 Allatius
1890 1737 2039 1795 Diu.

454 1830 522 1886 de
549 1832 963 1903 engastrimytho
994 1831 1088 1905 [ad
1124 1831 1368 1888 Eustath.
1400 1831 1649 1888 Antioch.
1678 1834 2042 1887 Hexaemeron

2145 658 2267 700 san.
2325 643 2486 708 4550,
2543 643 2598 698 4.
2644 641 2711 697 v.
2764 642 3036 698 Maittaire
3089 643 3156 696 A.
3212 650 3251 696 ι.
3294 640 3358 704 ιι,
3401 658 3457 713 ρ.
3503 643 3739 699 586..-

2143 731 2386 788 Venetiis
2439 732 2583 803 apud
2628 732 2753 786 Aldi
2796 730 2958 787 Iilios.
2999 730 3161 795 1550,
3205 729 3258 785 8.
3304 728 3372 785 V.
3417 729 3563 785 Serie
3607 730 3737 786 dell‘

2144 822 2303 880 Ediz.
2327 822 2540 890 Aldine,
2583 839 2640 894 p.
2666 823 2757 879 90.
2781 821 2921 878 Illud
2943 836 3137 893 opusc.
3162 829 3248 878 est
3275 822 3334 877 in
3355 821 3533 878 tribus
3563 822 3733 880 codd.

2142 914 2277 972 bibl.
2305 914 2483 972 Paris.
2527 915 2676 985 publ.
2713 913 2887 969 Ηιιυ..

2214 1005 2302 1059 17.
2356 1007 2519 1061 Κατὰ
2577 1004 2967 1076 εἱμαρμένης,
2996 1003 3198 1061 Contra
3259 1003 3432 1072 fatum
3483 1003 3734 1073 disputa-

2143 1099 2217 1153 tio
2248 1114 2369 1152 cum
2412 1099 2619 1153 ethnico
2649 1098 2984 1169 philosopho,
3021 1096 3282 1166 adjuncta
3316 1096 3564 1166 ejusdem
3611 1096 3736 1152 Zini

2142 1190 2395 1245 versione
2445 1190 2538 1259 (e),
2594 1205 2718 1259 pag.
2793 1187 3061 1244 891-913.
3125 1184 3323 1257 incipit
3375 1204 3390 1241 :
3440 1186 3738 1258 Μέμνησαι

2143 1277 2361 1341 πάντως
2382 1278 2464 1330 ὅτι
2488 1295 2578 1349 μοι
2608 1278 2852 1348 γέγονεν.
2882 1277 3026 1333 Citat
3054 1277 3383 1331 Anastasius
3413 1286 3613 1347 quaest.
3643 1275 3735 1331 19.

2143 1362 2493 1426 Tillemoritio
2555 1371 2774 1425 videtur
2839 1370 3049 1441 scripta
3120 1367 3603 1438 Constantinopoli
3680 1381 3735 1421 a.

2141 1464 2203 1519 C.
2243 1464 2369 1520 581.
2402 1463 2539 1521 Vide
2567 1464 2687 1533 ejus
2716 1463 3007 1520 llemorias
3042 1471 3178 1517 tom.
3210 1460 3304 1526 IX,
3341 1476 3467 1533 pag.
3496 1458 3603 1515 586
3642 1475 3734 1530 sq.

2140 1555 2310 1611 Ὲιβιι.
2342 1555 2504 1627 Greg.
2532 1556 2694 1629 Nyss.
2721 1556 2890 1612 libelli
2919 1562 3046 1610 octo
3071 1553 3149 1609 De
3178 1553 3406 1617 homine,
3435 1551 3510 1607 De
3526 1552 3735 1616 anima,

2142 1648 2222 1704 De
2262 1648 2555 1713 elementis,
2598 1647 2674 1703 De
2709 1647 2908 1705 viribus
2939 1646 3153 1710 animat,
3206 1645 3279 1698 De
3302 1643 3625 1707 voluntario,
3655 1640 3739 1699 De

2144 1741 2522 1805 involuntario,
2569 1738 2646 1795 De
2678 1740 2817 1810 fato,
2845 1738 2920 1793 De
2949 1738 3111 1793 libero
3144 1735 3392 1801 arbitrio,
3438 1733 3512 1789 De
3538 1733 3731 1788 Provi-

2145 1835 2345 1899 dentia,
2364 1841 2497 1899 etc.,
2517 1830 2731 1896 Latine,
2751 1830 3080 1900 Argentinaa,
3108 1827 3254 1899 typis
3280 1825 3524 1882 Matthiae
3557 1823 3739 1880 Schn-

453 1938 512 1979 v.
562 1938 680 1993 cap.
730 1940 844 1994 seq.
894 1923 995 1995 §I,
1038 1940 1123 1979 nr.
1161 1924 1251 1998 2].
1285 1923 1571 1979 Prodierat
1616 1925 1722 1979 hoc
1775 1922 2040 1994 scriptum
2077 1905 2119 1961 Β
2149 1941 2286 1991 τοι,
2334 1924 2495 1991 1512,
2550 1924 2646 1980 fol.
2708 1922 2771 1979 γ,
2804 1920 3146 1977 Lambacber
3196 1919 3252 1974 in
3309 1917 3447 1974 BibL
3506 1916 3737 1986 antiqua

452 2011 688 2086 Nysscni
716 2030 838 2071 cum
873 2014 1053 2071 Ducazi
1083 2018 1353 2081 versione,
1387 2016 1688 2088 Ingolstad.
1718 2014 1877 2081 1596,
1915 2015 1969 2071 8.

527 2107 616 2161 11.
656 2110 762 2173 Εἰς
791 2107 908 2177 τὴν
936 2108 1155 2166 ἑαυτοῦ
1182 2111 1556 2179 χειροτονίαν
1574 2148 1590 2175 ,
1622 2126 1742 2163 cum
1769 2110 2042 2179 episcopus

454 2198 732 2254 ordinatus
785 2210 920 2255 esset
957 2200 1065 2272 (b),
1114 2215 1170 2272 p.
1234 2200 1515 2265 872-879,
1568 2216 1692 2255 cum
1747 2198 2043 2257 Frontonis

456 2290 637 2347 οι]ρωί
686 2292 940 2348 versione
997 2308 1061 2347 ac
1109 2293 1276 2349 notis.
1328 2293 1561 2362 Incipit:
1590 2288 1761 2346 Ἦλθε
1813 2294 1908 2346 καὶ
1956 2294 2041 2361 ἐφ’

453 2383 606 2454 ἡμᾶς
664 2384 698 2454 ἡ
756 2382 852 2454 πῆς
919 2383 1295 2454 πνευματικῆς
1361 2385 1655 2450 ἑστιάσεως
1706 2384 2040 2455 λειτουργίχ.

454 2471 599 2527 Citat
626 2471 865 2530 Joannes
906 2473 1274 2529 Damasccnus
1304 2476 1358 2528 in
1395 2472 1704 2539 Parallelis,
1749 2489 1871 2546 pag.
1915 2474 2039 2540 775,

457 2564 565 2620 sub
593 2565 754 2620 titulo
784 2563 921 2638 Περὶ
950 2565 1051 2636 τῆς
1097 2565 1156 2619 ὲν
1200 2566 1610 2620 Κωνσταντίνου
1666 2565 1820 2618 πόλει
1870 2582 2040 2620 κατα-

456 2658 700 2722 στάσεως
744 2655 839 2710 τοῢ
888 2657 1045 2726 ἁγίου
1099 2654 1423 2730 Γρήγορίου.
1480 2657 1670 2728 Itaque
1698 2657 1813 2712 haec
1863 2657 2043 2712 oratio

454 2748 601 2804 dicta
643 2765 695 2803 a.
747 2749 809 2805 C.
865 2749 992 2815 591,
1025 2751 1083 2805 in
1129 2751 1365 2806 concilio
1406 2748 2038 2820 Constantinopolitano,

455 2856 566 2895 non
608 2849 788 2895 autem
821 2842 945 2908 572,
979 2858 1088 2913 quo
1119 2844 1413 2912 episc0pus
1443 2842 1732 2898 ordinatus
1757 2849 1863 2899 est.
1896 2841 2043 2898 Con-

455 2932 540 2989 fer
572 2931 985 2989 Tillemontium
1033 2945 1167 2989 tom.
1212 2932 1301 2995 IX,
1335 2949 1389 3002 p.
1426 2933 1551 2998 775,
1584 2933 1709 2989 771.
1753 2932 2042 2990 Prodierat

458 3039 584 3078 cum
617 3023 799 3079 Ducaci
823 3025 1074 3080 versione
1112 3024 1410 3095 Ingolstad.
1444 3024 1608 3090 1596,
1644 3025 1698 3081 8.

530 3116 616 3171 15.
660 3115 863 3172 Contra
890 3117 1281 3187 Apollinarium
1304 3117 1672 3188 fragmentum
1688 3118 1784 3187 (c),
1812 3133 1868 3188 p.
1908 3117 2037 3182 879,

456 3205 583 3271 880,
615 3223 739 3262 cum
768 3207 1012 3275 ejusdem
1040 3207 1239 3264 [Ductei
1273 3209 1725 3279 interpretatione
1778 3224 1902 3264 cum
1933 3224 2040 3279 qua
2069 3239 2116 3301 ε

452 3298 568 3368 jam
593 3300 770 3355 lucem
795 3301 1003 3357 viderat
1032 3302 1523 3375 Ingolstad.,1596,
1545 3303 1600 3359 8.
1624 3302 1850 3374 Incipit:
1877 3304 2043 3359 Ὥστε

458 3391 704 3456 κίνδυνός
763 3394 913 3446 ἐστιν
941 3395 1074 3466 ἡμῖν
1098 3393 1293 3457 οὐδείς.
1318 3394 1481 3449 Aliud
1511 3393 1746 3465 Nysseni
1775 3392 2048 3465 fragmen-

456 3491 575 3538 tum
607 3483 860 3541 adversus
893 3485 1287 3555 Apollinarium
1318 3501 1351 3541 e
1392 3494 1535 3542 mslo
1564 3486 1815 3543 Casareo
1859 3485 2048 3545 Graece

457 3576 764 3646 publicavit
811 3576 1139 3635 Lambecius
1176 3577 1266 3644 Ill,
1309 3594 1366 3649 p.
1398 3579 1502 3635 167
1538 3579 1617 3651 [ρ.
1656 3578 1783 3646 116,
1818 3595 1904 3651 sq.
1956 3577 2044 3635 ed.

458 3668 667 3725 Kollar.
708 3669 869 3740 cujus
904 3679 1043 3726 non.
1089 3670 1214 3727 vide
1254 3671 1375 3746 11.].

530 3780 618 3838 16.
659 3783 798 3852 Περὶ
841 3784 1270 3854 φιλοπτωχίας,
1324 3782 1401 3838 De
1429 3783 1751 3854 pauperibus
1789 3783 2048 3838 charitate

458 3876 888 3943 complectendis,
925 3877 1082 3945 λόγος
1114 3876 1158 3946 β’
1190 3876 1364 3947 (prior
1412 3875 1606 3932 Latine
1636 3876 1804 3943 infra,
1834 3892 1920 3930 nr.
1950 3876 2044 3941 21,

458 3973 514 4019 et
545 3963 733 4018 Graece
762 3979 847 4016 nr.
881 3964 995 4034 72),
1030 3964 1085 4017 in
1114 3964 1247 4018 illud
1278 3963 1467 4018 Matth.
1497 3981 1622 4030 xxv,
1656 3965 1747 4027 10,
1775 3964 2048 4028 Quatenus

457 4053 551 4106 uni
590 4068 655 4106 ea:
674 4054 754 4107 his
783 4053 1005 4122 fecistis,
1036 4052 1163 4106 mihi
1185 4052 1384 4121 fecistis
1403 4052 1503 4125 (ά),
1537 4068 1588 4123 p.
1623 4053 1886 4120 881-895,
1922 4070 2049 4109 cum

457 4142 610 4198 Petri
639 4142 920 4199 Francisci
974 4142 1095 4198 Zini
1143 4145 1417 4212 versione,
1448 4160 1570 4216 qua:
1612 4144 1892 4216 prodierat
1940 4145 2049 4202 Ve-

459 4241 575 4288 net.
610 4233 770 4295 1571,
806 4234 859 4299 8,
903 4241 959 4289 et
1003 4249 1167 4304 quam
1210 4234 1347 4290 locis
1391 4236 1673 4290 nonnullis
1718 4236 1951 4307 castigat
1992 4237 2051 4292 in

461 4326 610 4380 notis
656 4325 907 4383 Ducaaus.
941 4325 1136 4396 Incipit
1170 4346 1183 4380 :
1230 4327 1352 4379 Ἔτι
1393 4327 1531 4399 πρὸς
1572 4327 1650 4398 τῷ
1685 4327 1917 4399 θεάματι
1950 4328 2051 4399 τῆς

462 4417 700 4490 φοϐερᾶς
727 4418 821 4472 τοῦ
859 4419 1122 4489 βασιλέως
1144 4418 1464 4489 ἐπιφανείας
1496 4420 1631 4492 εἰμί.
1680 4420 1869 4477 Graece
1900 4420 2051 4476 vide-

462 4521 549 4565 rat
579 4511 756 4566 lucem
784 4506 1040 4583 Augusta’e
1067 4513 1209 4582 apud
1240 4511 1555 4584 Mangerutn
1589 4512 1749 4579 1587,
1776 4514 1831 4578 8,
1857 4512 2053 4570 edente

2146 2017 2324 2075 civica
2366 2015 2604 2071 Vindob.
2636 2030 2691 2085 p.
2749 2013 2843 2077 90,
2889 2022 2945 2068 et
2992 2012 3094 2067 cel.
3151 2008 3381 2064 Pauzer.
3431 2006 3499 2065 A.
3553 2015 3597 2062 t.
3638 2005 3736 2069 VI,

2144 2124 2269 2181 pag.
2318 2109 2412 2174 55,
2462 2123 2550 2163 nr.
2600 2105 2729 2163 219.
2756 2102 2988 2160 —Cod.
3033 2102 3217 2167 DLIX,
3247 2102 3303 2156 in
3338 2100 3473 2155 bibl.
3525 2096 3735 2153 Veneta

2145 2201 2315 2258 Marc.
2377 2214 2502 2272 pag.
2548 2198 2694 2263 295,
2754 2196 2874 2252 Cat.
2934 2195 3095 2251 codd.
3157 2192 3254 2251 Gr.
3305 2220 3377 2234 -—
3428 2190 3619 2247 Paris.
3680 2190 3738 2245 in

2145 2293 2267 2350 cod.
2307 2289 2445 2357 Dlll,
2482 2289 2616 2345 bibl.
2640 2287 2797 2345 Pubi.
2831 2285 3009 2341 “ut.

2219 2382 2307 2439 18.
2326 2381 2481 2450 Πρὸς
2512 2381 2816 2449 ’Έλληνας
2836 2379 2904 2433 ἐκ
2928 2375 3048 2432 τῶν
3084 2374 3303 2431 κοινῶν
3322 2372 3601 2437 ἐννοιῶν,
3623 2372 3740 2427 Ad-

2145 2492 2323 2532 versus
2345 2473 2580 2529 ethnicos
2615 2471 2683 2527 de
2709 2470 2816 2527 Deo
2842 2470 2983 2526 trino
3006 2483 3073 2524 ea:
3099 2466 3465 2523 communibus
3487 2466 3735 2519 notioni-

2146 2567 2242 2622 bus
2274 2565 2385 2640 (f),
2429 2581 2484 2637 p.
2530 2562 2800 2629 911-921,
2845 2576 2971 2617 cum
3016 2560 3274 2616 versione
3319 2555 3564 2612 Federici
3622 2554 3737 2612 110-

2143 2657 2288 2714 relli.
2336 2655 2575 2727 Incipit:
2606 2655 2672 2709 El
2711 2652 2774 2708 τὸ
2814 2652 2947 2717 Θεὸς
2988 2650 3161 2723 ὄνομα
3195 2648 3507 2721 προσώπων
3555 2646 3734 2719 δηλω·

2141 2753 2323 2808 τικόν.

2214 2845 2305 2901 19.
2344 2842 2485 2912 Περὶ
2515 2837 2743 2911 ψυχῆς,
2789 2838 2865 2895 De
2904 2838 3104 2903 anima,
3158 2851 3284 2892 cum
3329 2832 3578 2907 ejusdem
3626 2833 3739 2888 Mo-

2143 2938 2265 2995 relli
2304 2929 2559 2993 versione
2589 2934 2685 3004 (g),
2716 2946 2839 3002 pag.
2872 2928 3139 2984 922-915.
3180 2927 3376 2996 Incipit
3410 2946 3423 2981 :
3456 2924 3737 2994 Διαπεφώ-

2144 3046 2302 3101 νηται
2354 3025 2538 3097 σχεδὸν
2588 3024 2760 3078 ἅπασι
2805 3022 2917 3084 τοῖς
2974 3018 3242 3080 παλαιοῖς.
3285 3015 3405 3070 Non
3460 3023 3547 3070 est
3587 3011 3734 3084 Nys-

2146 3121 2288 3183 seni,
2337 3118 2432 3175 sed
2477 3125 2641 3186 caput
2685 3111 2987 3185 secundum
3026 3122 3080 3166 et
3112 3109 3334 3164 tertium
3384 3105 3624 3161 Nemesii
3655 3104 3743 3161 De

2147 3224 2344 3283 natura
2378 3209 2628 3264 hominis.
2685 3204 2851 3262 Fusa.
2882 3202 2998 3260 Sub
3034 3203 3257 3259 nomine
3290 3201 3450 3271 Greg.
3476 3197 3639 3271 Nyss.
3680 3198 3738 3252 in

2147 3303 2273 3359 cod.
2307 3299 2560 3356 Monach.
2588 3294 2776 3351 LXXI.
2820 3293 2880 3348 ν.
2916 3294 3036 3349 Cat.
3072 3292 3234 3348 codd.
3260 3290 3357 3347 Gr.
3396 3290 3526 3344 Bav.
3553 3305 3607 3360 p.
3639 3288 3734 3343 21.

2146 3424 2218 3435 —
2245 3392 2305 3447 In
2335 3390 2460 3447 cod.
2509 3387 2741 3458 August.
2777 3382 2993 3439 Vindel.
3042 3394 3183 3440 teste
3233 3380 3461 3437 Rcisero
3515 3381 3570 3434 in
3610 3379 3737 3436 Cat.

2148 3503 2202 3557 p.
2228 3484 2319 3539 21.
2345 3483 2500 3539 Conf.
2544 3481 2617 3534 cl.
2646 3476 2893 3542 Matthxi
2921 3476 2989 3530 ad
3023 3474 3340 3531 Nemcsium
3365 3488 3488 3544 cap.
3530 3471 3566 3525 2
3600 3480 3655 3528 et
3678 3472 3739 3537 5,

2150 3596 2205 3651 p.
2243 3579 2313 3633 67
2347 3592 2470 3645 sqq.
2507 3576 2677 3630 linat.

2219 3697 2307 3752 20.
2353 3694 2601 3765 Epistola
2627 3707 2883 3747 canonica
2920 3689 2989 3744 ad
3018 3686 3280 3751 Letoium,
3318 3685 3412 3756 qui
3441 3684 3495 3739 in
3527 3683 3743 3754 episco-

2151 3799 2280 3863 patu
2312 3787 2588 3844 Melitines
2610 3783 2976 3858 Cappadocia:
3012 3782 3147 3853 (non
3169 3778 3481 3851 Mytilenes,
3508 3787 3568 3832 ut
3603 3775 3744 3832 Pos-

2150 3882 2420 3952 sevinus),
2480 3886 2609 3951 post
2666 3894 2723 3934 a.
2777 3877 2837 3933 C.
2871 3876 2998 3943 581,
3038 3873 3226 3930 Otreio
3272 3870 3561 3934 successit,
3610 3884 3740 3925 cum

2150 3974 2405 4031 Gentiani
2444 3969 2664 4026 Herveti
2694 3968 2973 4031 versione,
3016 3980 3139 4034 qua:
3164 3964 3289 4035 plus
3336 3962 3502 4017 semel
3534 3960 3744 4031 prodiit

2151 4067 2295 4122 inter
2354 4062 2617 4134 epistolas
2684 4057 2788 4115 SS.
2844 4057 3068 4112 Patrum
3120 4056 3452 4117 canonicas,
3511 4050 3744 4106 scholiis

2151 4157 2362 4214 Tbeod.
2409 4152 2776 4219 Balsamonis,
2823 4148 2986 4204 Joan.
3047 4145 3297 4206 Zonaras,
3349 4150 3516 4214 atque
3560 4141 3745 4195 Alexii

2151 4250 2390 4305 Aristeni
2446 4247 2752 4301 illustratas
2798 4239 2896 4312 (It).
2965 4238 3217 4308 Incipit:
3275 4236 3372 4289 Ἓν
3431 4234 3525 4287 καὶ
3580 4232 3749 4287 τοῦτο

2150 4341 2260 4397 τῶν
2287 4342 2365 4404 εἰς
2388 4338 2486 4410 τὴν
2508 4336 2670 4408 ἁγίαν
2697 4334 2891 4406 ἑορτήν
2915 4332 3001 4403 (i),
3030 4346 3084 4402 p.
3107 4326 3374 4396 916-955.
3398 4323 3549 4380 Vidit
3571 4324 3745 4380 etiam

2153 4435 2331 4489 lucem
2362 4429 2608 4486 Venetiis
2634 4424 2797 4490 1581,
2830 4423 2887 4487 ὁ,
2930 4437 3055 4476 cum
3086 4416 3457 4475 Pmnitentiali
3488 4415 3750 4471 Romano

2153 4532 2209 4580 et
2256 4520 2426 4577 variis
2483 4516 2795 4573 canonibus
2850 4509 3325 4584 pmnitentialibus
3368 4517 3422 4564 et
3472 4505 3632 4561 Bcdae
3680 4521 3750 4561 ac

462 4601 796 4668 Ilmschclio,
842 4621 951 4659 non
987 4604 1143 4668 1527,
1191 4611 1250 4658 ut
1291 4604 1345 4658 in
1379 4604 1562 4685 Ducaei
1593 4605 1737 4661 notis
1776 4621 2041 4661 excusnm

2156 4613 2364 4671 Babani
2423 4611 2567 4665 libro
2618 4604 3049 4667 Poenitentium,
3114 4617 3242 4657 cum
3311 4598 3459 4655 notis
3515 4596 3752 4652 Antonii

461 4701 566 4747 est.
606 4692 773 4746 Fann.
821 4696 1047 4767 Grcgor.
1082 4694 1341 4751 Naziauz.
1390 4696 1467 4751 De
1502 4697 1819 4765 pauperibus
1862 4714 2043 4753 aman-

461 4783 578 4849 dis,
630 4793 770 4841 orat.
826 4786 971 4852 Lat.,
1004 4785 1166 4844 Petro
1221 4787 1417 4843 Franc.
1480 4787 1648 4856 Zino,
1702 4787 2042 4857 Veronensi,

462 4880 789 4948 interprete:
830 4872 1076 4952 Gregorii
1116 4880 1353 4954 Nysseni
1384 4882 1437 4936 in
1484 4880 1626 4937 idem
1663 4895 2043 4953 argumentum

462 4980 625 5028 oratt.
659 4972 781 5028 dua:
822 4973 1036 5038 Latine,
1054 4991 1336 5047 nunquam
1372 4976 1604 5031 antehac
1648 4993 1824 5047 neque
1850 4978 2040 5039 Latine

558 5165 613 5240 ᾳ)
654 5164 712 5240 In
748 5165 879 5224 edit.
908 5184 958 5224 a.
994 5168 1152 5236 1658,
1175 5177 1310 5223 tom.
1340 5166 1407 5228 II,
1443 5184 1497 5240 p.
1520 5167 1610 5223 55.

557 5236 609 5302 b)
654 5235 783 5307 Pag.
815 5240 904 5296 ω

559 5306 608 5373 c)
648 5305 780 5373 Pag'.
810 5310 903 5364 17.

535 5325 608 5376 te)
648 5325 780 5378 rag.
810 5325 903 5364 ιι.

535 5377 616 5450 (d)
649 5375 787 5450 Pag.
821 5379 911 5435 19.

538 5447 610 5517 (ε)
648 5447 779 5517 Pag.
818 5450 909 5505 62.

535 5518 615 5587 (Ι)
654 5517 787 5587 Pas.
820 5521 911 5577 83.

537 5585 613 5658 to)
654 5585 906 5658 Pas--90-

536 5654 615 5727 (ἦ)
668 5654 927 5716 ΙηἸοθη.
986 5660 1210 5717 Zonarae
1269 5669 1325 5715 et
1373 5657 1649 5714 Theodori
1706 5654 2049 5737 Balsamonis

467 5731 814 5802 Syntagmate
871 5747 1161 5795 canonum,
1217 5746 1341 5785 cum
1398 5745 1590 5786 eorum
1640 5731 2050 5783 commentariis

467 5799 696 5862 Graecis,
732 5798 911 5856 Lutet.
949 5801 1126 5857 Paris.
1162 5800 1302 5857 1618
1343 5808 1399 5857 et
1432 5797 1594 5865 1620,
1635 5808 1772 5854 tom.
1816 5796 1883 5860 Il,
1920 5809 2046 5867 pag.

466 5798 696 5862 Graecis,
732 5798 911 5856 Lutet.
949 5801 1126 5857 Paris.
1162 5800 1302 5857 1618
1343 5808 1399 5857 et
1432 5798 1594 5865 1620,
1635 5808 1772 5854 tom.
1816 5798 1883 5860 Il,
1920 5809 2044 5867 pag.

469 5868 806 5929 1036-1059.
833 5900 897 5913 -—-
932 5877 991 5932 In
1031 5870 1304 5939 Bcvcregii
1353 5869 1616 5941 Synodico
1645 5879 1780 5927 tom.
1821 5867 1890 5936 II,
1922 5881 2044 5937 pag.

2159 4699 2474 4774 Augustini,
2502 4708 2736 4751 ‘necnon
2801 4692 2937 4748 ibid.
2991 4691 3152 4753 1585,
3186 4689 3242 4753 8,
3296 4703 3409 4743 una
3450 4701 3579 4743 cum
3615 4686 3750 4742 aliis

2150 4792 2481 4868 quibusdam
2547 4785 2813 4859 Nysseni,
2866 4784 3168 4853 interprete
3214 4778 3455 4834 Maximo
3521 4775 3755 4848 largu—

2153 4890 2269 4951 nio,
2324 4884 2582 4953 episcopo
2625 4877 2973 4950 Cytherensi.
3003 4873 3205 4929 Confer
3244 4870 3619 4935 Lambecium,
3650 4868 3749 4941 Ill,

2151 4993 2274 5050 pag.
2299 4972 2420 5037 101,
2445 4969 2569 5034 155,
2599 4966 2699 5023 119
2724 4965 2817 5034 (j).
2845 4963 3095 5034 Respicit
3122 4960 3417 5017 concilium
3454 4958 3509 5012 in
3550 4957 3753 5014 'I‘rullo

2152 5160 2281 5222 581,
2325 5174 2423 5213 vm
2472 5171 2739 5211 canones.
2772 5152 2923 5208 --‘In
2956 5142 3752 5222 Collectione:_concilior:‘ed.

2156 5209 2737 5297 Lvablieiupag."1775
2785 5240 2907 5297 sitq.
2976 5220 3040 5274 ν.
3099 5222 3208 5276 vol.
3256 5216 3328 5272 XI
3421 5229 3544 5287 pag.
3581 5209 3651 5267 56
3694 5220 3755 5266 et

2156 5300 2292 5366 59ος
2324 5294 2450 5353 add.
2473 5294 2605 5367 'pag.
2646 5297 2771 5352 1'57.
2810 5294 2986 5350 Hane.

2252 5372 2292 5428 il
2333 5367 2466 5437 Pag.
2508 5367 2629 5437 111.
3027 5430 3084 5437 ,Δ
3156 5429 3177 5437 _
3294 5428 3305 5437 _
3647 5420 3724 5437 η,
3828 5394 3829 5399 π

2252 5372 2292 5428 il
2333 5370 2466 5437 Pag.
2508 5370 2629 5423 111.
3828 5394 3829 5399 η

2230 5370 2838 5511 invidendum.
2880 5449 2967 5511 nr-
3024 5430 3108 5511 i6.-
3151 5428 3346 5511 .Lau'st-
3403 5420 3749 5511 μορυς-Ψ)
3828 5472 3829 5475 ~

2124 5484 2128 5488 ‘
2158 5484 2966 5580 pa‘g’.’soé'éukauiéfl—"ni
2995 5484 3119 5580 cod.
3151 5496 3336 5552 LXVII
3364 5539 3379 5580 ε
3404 5496 3751 5580 interruptum

2200 5568 2365 5644 asiiii,
2417 5578 2503 5632 cui
2554 5576 2688 5631 illud
2720 5576 3030 5631 encomium
3077 5568 3400 5644 in‘eocod.
3430 5576 3750 5644 perper-ani
3827 5596 3829 5633 ε

2154 5636 2515 5710 attribuitur,
2562 5653 2788 5701 notante
2842 5643 3098 5698 Lambec.
3146 5639 3279 5693 ibid.
3330 5653 3385 5708 ι).
3430 5636 3556 5689 551.
3586 5660 3659 5669 -——
3688 5636 3754 5683 in

2154 5722 2277 5775 cod.
2325 5715 2562 5782 LXXVI,
2608 5732 2697 5772 nr.
2740 5716 2793 5777 5.
2843 5716 3012 5769 inscr.
3063 5710 3322 5782 anonyini
3366 5711 3750 5782 φίλτρῳ-εχ
3828 5762 3829 5765 η

2152 5769 2747 5863 c};§.fu§_§’s.;ebi§idn
2761 5769 2995 5863 quadam
3009 5769 3254 5863 pasclia'li
3274 5796 3291 5844 ;
3316 5778 3410 5863 sed
3565 5769 3751 5863 υἰέ..

2152 5841 2924 5935 pagfliﬂrdOEet,intblligi
2973 5841 3094 5925 ejus
3131 5841 3310 5924 _Nyss.
3355 5845 3532 5917 Epist.
3571 5841 3644 5896 ad
3678 5841 3750 5895 δ.
