3880 6420
173 448 222 507 ξι
1329 441 1612 500 NOTITIA
1640 440 1734 497 EX
1776 433 2121 497 FABRlCIO.

3335 433 3407 489 22

176 576 377 621 canones
404 558 632 632 Nysseni
675 557 929 621 laudans,
976 556 1111 611 licet
1147 569 1255 611 non
1296 556 1569 627 integrum
1608 556 1711 609 hoc
1741 558 1785 614 Α
1817 553 2160 626 Zaccagnins
2197 554 2251 608 in
2292 552 2640 609 Colfectaneis
2688 560 3148 606 monumentorum
3180 560 3418 607 veterum

179 657 406 725 scriptum
430 654 681 709 videatur
709 652 777 705 ad
817 665 918 705 nos
948 649 1283 719 pervenisse.

232 744 308 800 2i.
342 743 596 797 Adversus
618 758 707 796 eos
728 740 817 811 qui
845 738 1097 809 differunt
1122 740 1463 807 baptismum,
1496 753 1548 808 p.
1583 735 1716 793 956-

177 837 263 890 960
286 837 372 904 (τι).
406 835 613 897 Latine,
642 833 833 889 eodem
866 831 1100 886 Ilervelo
1130 831 1450 901 interprete.
1479 829 1675 899 Incipit
1701 847 1713 883 :

180 927 327 998 liuius
369 927 544 981 mundi
608 942 751 998 reges
809 941 926 978 cum
973 924 1105 995 leges
1163 922 1487 993 scripserint.
1531 920 1718 976 Graece

179 1027 397 1073 occurret
438 1017 599 1080 infra,
638 1035 724 1073 nr.
763 1016 849 1073 70.

234 1112 310 1165 9.2.
344 1112 393 1165 In
437 1111 563 1166 illud
613 1110 879 1183 Apostoli,
916 1109 935 1163 I
980 1108 1232 1166 Corinth.
1294 1125 1369 1174 vr,
1408 1108 1511 1163 18:
1551 1108 1719 1165 Omne

177 1215 426 1271 peccatum,
459 1204 595 1275 quod
642 1204 823 1275 fecerit
861 1203 1038 1263 homo.
1073 1211 1153 1257 est
1190 1211 1344 1255 extra
1374 1216 1599 1270 corpus;
1628 1202 1720 1273 qui

182 1304 323 1349 autem
348 1295 659 1364 fornicatur.
689 1306 796 1351 etc.
829 1311 882 1366 p.
911 1293 1274 1364 961-965(17).
1305 1291 1520 1354 Latine,
1540 1294 1713 1348 inter-

182 1393 305 1463 prete
321 1382 575 1459 Gentiano
601 1384 861 1441 Ilerveto.
890 1383 1118 1455 Incipit:
1146 1383 1422 1438 Terribilis
1448 1384 1575 1439 tuba
1598 1399 1721 1453 apo-

182 1473 328 1526 stolici
349 1476 605 1543 praecepti.
641 1472 830 1530 Graece
867 1485 1123 1529 occurret
1158 1474 1323 1538 infra,
1357 1489 1443 1528 nr.
1483 1474 1570 1529 74.

237 1564 312 1619 9.5.
349 1565 409 1620 In
458 1568 735 1621 mulierem
786 1568 1150 1638 peccatricem,
1205 1567 1321 1621 sive
1369 1566 1439 1619 ad
1486 1583 1573 1621 eos
1628 1568 1721 1637 qui

179 1651 334 1707 durius
360 1648 775 1725 aliosjudicant,
802 1665 851 1711 et
873 1658 1211 1711 conversione
1232 1656 1487 1727 indigent,
1509 1673 1564 1727 p.
1589 1658 1723 1713 961-

182 1743 265 1798 970
289 1746 369 1817 (c).
401 1744 607 1811 Latine,
664 1746 828 1802 Petro
875 1747 1173 1803 Fraucisco
1218 1745 1356 1801 Zino
1396 1747 1714 1817 interprete.

182 1837 380 1908 Incipit:
422 1838 588 1894 Homo
641 1839 978 1905 Pharisteus,
1014 1848 1075 1894 ut
1098 1855 1166 1895 ex
1208 1838 1500 1911 Evangelia
1529 1838 1712 1895 Lucae.

179 1929 337 1986 Graece
368 1941 611 1988 occurret
655 1933 821 1999 inira,
854 1949 942 1988 nr.
980 1932 1083 2001 67;
1134 1932 1227 1987 ubi
1272 1932 1477 1989 notabo
1511 1932 1712 1989 Asterii

179 2037 303 2087 csse,
329 2039 425 2078 non
449 2024 705 2097 Nysseni.

239 2114 315 2170 24.
358 2115 427 2171 Bs
476 2117 800 2187 pauperibus
840 2117 1099 2172 charitate
1156 2117 1566 2186 complectendis
1616 2120 1718 2175 ho-

180 2205 351 2259 miliaI
389 2205 484 2278 (ό),
524 2224 651 2281 pag.
704 2208 954 2277 970-975;
996 2208 1189 2265 eodem
1223 2208 1360 2265 Zino
1398 2209 1714 2281 interprete,

178 2291 354 2352 Latine.
383 2298 614 2371 Incipit:
651 2301 761 2367 Qui
785 2302 905 2356 huic
943 2300 1200 2357 Ecclesia
1243 2290 1524 2371 priesidet;
1562 2314 1721 2372 atque

178 2386 284 2442 adeo
325 2407 506 2446 omnes.
548 2391 746 2460 Graece
795 2402 1046 2450 occurret
1085 2393 1250 2461 infra,
1287 2411 1374 2450 nr.
1407 2395 1720 2469 72;.homi-

178 2481 233 2534 lia
258 2482 291 2536 II
315 2482 462 2553 hujus
491 2486 806 2555 argumenti
839 2486 1027 2544 Graece
1055 2486 1223 2543 etiam
1251 2486 1474 2557 prodiit,
1515 2495 1570 2542 ut
1605 2487 1716 2542 dixi

178 2586 329 2642 supra,
349 2590 429 2629 nr.
450 2575 537 2630 l6.
557 2573 807 2646 Utraque
827 2575 1022 2633 Latine
1040 2592 1107 2632 ex
1124 2576 1244 2632 Zini
1264 2579 1518 2632 versione
1536 2585 1717 2633 exstat

178 2665 293 2717 etin
311 2665 843 2738 Orthodoxographis
894 2684 951 2740 p.
998 2669 1158 2735 I780,
1192 2670 1358 2726 Basil.
1406 2670 1566 2734 I569,
1619 2669 1712 2725 fol.

182 2752 314 2809 Fies.
359 2757 489 2815 lleil.
544 2776 762 2831 καθαρει-
809 2760 1046 2816 Priester
1087 2761 1338 2833 Gregorii
1383 2761 1714 2820 Nazianzeni

179 2846 266 2902 und
287 2848 514 2921 Gregorii
538 2850 781 2923 Nysseni
808 2853 937 2921 drey
969 2851 1175 2921 ιτεμίοή
1194 2853 1303 2907 und
1329 2853 1562 2907 niitzlicit
1584 2854 1713 2909 Pre-

176 2938 263 3009 ἀίει,
286 2941 397 2996 das:
421 2945 750 3013 yedermatrn
769 2943 857 3000 die
887 2961 1067 3005 armen
1095 2943 1227 2999 Leut
1260 2945 1359 3000 lieb
1388 2947 1566 3001 lmlten
1590 2947 1713 3015 soll,

173 3057 229 3068 -
246 3033 480 3095 getitsclzt
501 3032 676 3087 durch
695 3033 990 3104 Christoph
1021 3034 1385 3106 Phreysleben
1397 3076 1411 3099 ,
1428 3037 1528 3090 der
1545 3035 1716 3092 Recito

173 3130 241 3175 ten
273 3122 448 3181 Doctor
476 3126 852 3187 -Gedruekt
910 3143 975 3183 zu
1013 3126 1213 3183 Wienn
1247 3131 1302 3184 in
1363 3129 1712 3189 ()Esterreich

173 3214 315 3272 durcli
356 3217 594 3291 Rapbael
628 3218 950 3285 IIloalter,
978 3221 1100 3276 sine
1128 3222 1258 3276 anni
1289 3234 1417 3277 nota
1453 3222 1623 3295 (intra
1660 3240 1711 3279 a.

176 3305 562 3383 1556ει1562),
594 3312 654 3366 4.
699 3310 764 3369 V.
814 3312 977 3369 Denis
1019 3311 1203 3369 Wiens
1248 3313 1583 3370 Buehdruck.
1619 3315 1717 3373 Geo

171 3398 383 3467 “llic/tte,
413 3420 462 3474 p.
488 3404 621 3462 685.
650 3402 826 3458 ΗΑιι..

225 3490 302 3548 es.
334 3492 394 3548 In
419 3495 779 3563 Pentecouen,
803 3497 881 3552 De
908 3496 1112 3565 Spiritu
1134 3496 1195 3555 δ.
1233 3498 1328 3569 (ε),
1363 3515 1417 3570 p.
1442 3500 1569 3569 976,
1594 3503 1733 3571 977,

171 3580 334 3642 Latine
367 3603 428 3644 οι
456 3588 705 3658 ejusdem
737 3588 858 3643 lini
890 3593 1159 3646 versione.
1210 3589 1404 3660 Incipit
1433 3611 1446 3648 :
1494 3592 1720 3649 Nullum

169 3686 232 3727 est
259 3685 355 3731 tam
383 3680 586 3737 clarum
619 3678 940 3735 celebritatis
982 3692 1369 3751 argumentum.
1399 3681 1587 3740 Ora-ce
1610 3686 1723 3755 pri-

165 3778 277 3822 mus
306 3782 364 3823 ex
409 3772 582 3827 tribus
620 3770 784 3829 codd.
824 3768 1070 3827 Vatican.
1113 3788 1239 3828 cum
1286 3789 1429 3829 nova
1469 3777 1723 3833 versione

166 3871 259 3910 sua
290 3859 447 3917 edidit
470 3861 634 3921 Laur.
669 3861 1010 3934 Zaecagnius
1054 3865 1109 3919 in
1146 3863 1496 3922 Collectaneis
1538 3885 1725 3923 monu-

165 3959 430 4006 mentorum
460 3965 709 4010 ceterum;
741 3954 900 4009 Rom.
933 3954 1094 4022 1699,
1129 3957 1189 4023 4,
1216 3973 1269 4027 p.
1304 3958 1412 4014 546
1440 4001 1453 4015 .
1488 3959 1719 4032 Incipit:

165 4038 326 4096 Πᾶσαν
351 4043 540 4115 ἑορτῆς
570 4045 834 4101 ὑπόθεσιν
866 4046 1226 4120 φαιδροτέραν
1259 4051 1287 4102 ὁ
1315 4051 1480 4104 Δαὸὶδ
1512 4052 1579 4105 δι’
1597 4054 1724 4107 ὲαυο

163 4131 243 4185 τοῦ
257 4136 620 4206 ἀπεργάζεται
1269 4158 1277 4191 ι

217 4218 295 4273 26.
327 4221 527 4277 Contra
570 4223 916 4292 feneratores,
960 4241 1013 4297 p.
1039 4226 1300 4293 978-982,
1342 4229 1560 4298 Latine,
1602 4232 1720 4290 Jac.

163 4304 394 4369 Grcts'ero
442 4314 768 4386 interprete.
823 4317 1024 4388 Incipit
1067 4338 1081 4374 :
1140 4318 1460 4389 Hominum,
1513 4325 1724 4380 virtutis

160 4404 518 4484 studiosorum,
560 4417 613 4462 et
652 4409 744 4480 qui
783 4425 973 4465 mores.
1023 4409 1214 4470 Graece
1255 4424 1512 4471 occurret
1557 4416 1721 4486 infra,

159 4507 233 4547 ιγ.
269 4497 355 4554 71.

214 4590 295 4648 27.
329 4594 663 4652 Testimonia
689 4596 754 4652 de
777 4596 883 4654 SS.
916 4599 1180 4656 Trinitate
1213 4616 1279 4657 ea:
1323 4601 1496 4656 Veteri
1528 4604 1715 4659 Testa-
1745 4615 1791 4674 ο

159 4692 306 4737 mento
331 4687 587 4744 adversus
609 4688 832 4744 Iudicas
847 4690 937 4760 (Γ),
974 4707 1028 4761 p.
1063 4691 1191 4758 985,
1213 4691 1338 4747 984.
1381 4692 1598 4759 Latine,
1631 4696 1716 4751 in-

155 4774 368 4840 terprete
389 4776 559 4831 Laur.
582 4776 795 4835 Silano.
834 4779 1032 4853 Incipit
1057 4801 1069 4836 :
1104 4782 1247 4850 Dicit
1278 4784 1447 4839 David
1470 4785 1527 4840 in
1558 4786 1720 4842 Psal-

156 4876 229 4916 mo
256 4880 427 4922 xxxii.
460 4867 652 4925 Graece
674 4872 885 4941 primus
918 4889 985 4930 ex
1015 4875 1228 4933 duobus
1259 4876 1543 4933 codicibus
1570 4877 1721 4934 Vati-

154 4956 288 5014 canis
329 4974 459 5016 cum
515 4976 658 5021 nova
706 4965 958 5022 versione
1011 4981 1113 5023 sua
1166 4968 1338 5025 edidit
1392 4968 1722 5028 Laurentius

153 5129 394 5219 Lucium.
425 5169 501 5219 ῖ-
524 5138 584 5219 In
632 5141 756 5219 cod_.
785 5140 992 5209 XVIII,
1040 5145 1203 5213 mal;
1237 5145 1508 5219 Excerpta
1576 5139 1747 5207 inter-

154 5216 377 5285 yeternln
437 5208 664 5266 Pati-dm
716 5208 1025 5285 fragmenta
1076 5208 1364 5273 canonica.
1416 5208 1498 5275 'V.
1565 5220 1724 5276 Lam-

154 5270 255 5362 λιες.
306 5277 418 5360 _VI,
470 5289 624 5362 .part.
658 5270 921 5362 _l,._p:ag.
962 5270 1721 5362 I50:;—_7_Integraiepi—st_ol:a

152 5352 425 5429 canonica,
469 5352 529 5404 in
553 5352 695 5429 _eod.
719 5352 1026 5429 liL_l_V,__nr.
1055 5356 1162 5429 37.7
1183 5355 1250 5415 V.
1299 5352 1558 5417 Lambeé.
1585 5360 1717 5429 VIII,

152 5424 259 5498 trag.
284 5418 425 5497 .895.
453 5423 609 5498 —_ln
644 5424 766 5498 eod.
802 5421 971 5498 XLV,
1012 5441 1097 5482 nr.
1140 5428 1195 5493 9,
1247 5429 1302 5482 in
1334 5446 1443 5498 quo
1486 5418 1716 5497 scholia;

150 5496 255 5564 qua
283 5492 337 5542 in
369 5492 637 5562 synodico
659 5492 1006 5550 Balsamonis
1027 5511 1149 5553 esse
1177 5492 1451 5567 feruntur,
1490 5492 1722 5561 Zonaras

151 5556 480 5639 tribuuntur,
517 5574 746 5639 auctore
773 5564 987 5639 Keller.
1023 5567 1077 5639 in
1112 5572 1383 5639 supplem.
1415 5572 1480 5625 ad
1526 5573 1717 5628 Lamb.

467 5601 480 5624 ,
517 5587 746 5620 atruure
775 5587 987 5620 nunur.
1024 5587 1077 5620 In
1112 5587 1383 5627 snunlem.
1415 5587 1480 5625 an
1526 5587 1717 5627 Lamb.

153 5636 561 5781 iinef'afﬁi.
578 5634 1722 5781 ﬁfttgﬁgiﬁfi‘i9393312}.Pl?‘t‘éilii

156 5760 468 5851 Qublinilin
505 5776 646 5851 _cod_._
678 5771 953 5842 CXXXV,
1003 5760 1633 5851 collegii“St-Traniiaf
1665 5786 1718 5839 in

155 5829 913 5925 gat.negdtL_Anglica,Aetc_.,
938 5829 1060 5925 'vol.

158 5916 231 5959 ιιι.
257 5906 390 5980 9.77,
422 5910 513 5979 23,
537 5906 686 5973 conf.
725 5906 938 5972 'ouuni.
970 5914 1006 5970 Ι.
1058 5931 1108 5973 c.
1240 5906 1365 5991 600,
1396 5906 1720 5994 νᾴιιῖήῖοῐιῖἶιί

1815 644 1928 715 jam
1962 645 2219 710 laudatis,
2255 661 2309 715 p.
2340 644 2468 700 288.
2501 642 2817 699 Notandum
2859 653 3043 700 autem
3076 653 3161 701 est
3199 656 3411 715 postre—

1820 751 1963 791 mam
1999 745 2231 807 partem,
2276 753 2331 807 p.
2368 736 2474 791 993
2521 750 2631 806 sq.,
2667 736 2784 791 sive
2811 735 3236 805 explicationem
3276 735 3410 791 dicti

1815 828 1977 885 Joan.
2006 846 2117 894 XIX,
2150 831 2241 892 54.
2277 829 2478 886 Statim
2509 830 2667 884 exivit
2695 830 2913 900 sanguis
2939 840 2989 884 et
3026 846 3187 901 aqua,
3212 832 3266 884 in
3302 846 3410 901 qua

1820 919 2130 993 'I‘heologus
2176 920 2628 993 (Nazianzenus),
2668 929 2721 976 et
2766 921 3198 993 Chrysnstomus
3236 922 3413 978 citan—

1822 1021 1930 1075 tnr,
1957 1017 2026 1069 ab
2055 1015 2150 1069 illo
2182 1016 2391 1084 scripto
2427 1015 2683 1079 alienam,
2714 1014 2770 1068 in
2802 1014 2994 1070 Graeco
3017 1024 3166 1070 recte
3187 1016 3404 1070 abesse.

1821 1107 1987 1162 FABR.
2020 1108 2077 1162 In
2117 1108 2293 1163 tribus
2320 1108 2484 1163 codd.
2518 1107 2697 1164 Paris.
2722 1109 2868 1169 bibl.
2911 1106 3071 1163 Publ.
3094 1141 3166 1151 ——
3191 1108 3412 1163 Sculte-

1824 1198 2199 1266 tus,Rtvinus,
2229 1199 2302 1255 du
2334 1200 2457 1267 Pin,
2490 1199 2705 1256 Cavcus
2727 1209 2780 1256 et
2810 1199 3062 1257 Oudinus
3087 1200 3141 1255 id
3171 1216 3412 1271 Opuscu-

1821 1292 1957 1354 lum,
1980 1292 2111 1363 quia
2139 1291 2441 1363 Gregorius
2476 1293 2736 1348 Nazianz.
2767 1292 2923 1349 in'eo
2945 1295 3167 1359 citetur,
3200 1294 3413 1349 adulte-

1822 1384 2002 1436 rinum
2037 1398 2162 1439 esse
2192 1396 2440 1442 censent.
2489 1384 2718 1442 Accedit
2762 1384 2974 1443 Sentior
3017 1385 3054 1439 l.
3095 1400 3147 1440 c.
3184 1402 3238 1456 p.
3279 1384 3411 1452 200,

1821 1483 1936 1530 not.
1975 1476 2100 1530 551.
2133 1474 2308 1531 ΒΑΜ..

1925 1567 2014 1624 IIl.
2051 1569 2116 1625 In
2148 1580 2289 1625 tomo
2329 1568 2392 1624 11
2463 1569 2595 1625 edit.
2632 1588 2687 1625 a.
2723 1568 2864 1626 1615
2894 1571 3234 1625 continentur
3257 1586 3277 1624 :

1889 1660 1980 1716 28.
2006 1662 2168 1716 Κατὰ
2185 1662 2487 1733 Εὐνομίου
2507 1664 2677 1733 λόγοι
2697 1663 3127 1731 ἁντιρῤητικοί,
3147 1661 3408 1717 Adversus

1822 1750 2175 1822 Eunomium,
2208 1754 2348 1810 liber
2388 1771 2452 1820 ιι,
2486 1770 2569 1819 ιιι,
2614 1770 2691 1821 tv,
2736 1766 2791 1816 ν,
2822 1770 2896 1819 vr,
2940 1770 3040 1821 vn,
3078 1770 3197 1820 vin,
3234 1770 3310 1818 ix,
3350 1769 3408 1819 κ,

1821 1862 1901 1910 ιιι,
1932 1862 2011 1901 ιιι
2043 1854 2097 1902 et
2126 1863 2249 1910 xm,
2292 1862 2417 1902 cum
2448 1848 2707 1903 versione
2732 1846 2941 1902 Nicolai
2975 1845 3193 1902 Gulonii
3224 1846 3319 1918 ty),
3351 1863 3406 1913 p.

1821 1936 2007 1994 14⁷67.
2063 1937 2305 2007 Incipit:
2342 1937 2406 1990 'H
2454 1937 2565 1992 τῶν
2610 1937 2957 2009 Χριστιανῶν
3003 1937 3188 2001 πίστις
3241 1938 3275 2007 ἡ
3332 1939 3412 2001 είς

1819 2030 2001 2084 πάντα
2045 2028 2118 2083 τὰ
2166 2028 2314 2100 ἔθνη.
2354 2028 2760 2100 Castigationes
2808 2030 2862 2085 in
2916 2031 3070 2086 calce
3117 2030 3413 2086 voluminis

1820 2121 2022 2193 adjecit
2050 2120 2273 2177 Gulonii
2302 2121 2472 2187 ﬁlius,
2496 2121 2739 2178 Joannes
2772 2135 2798 2177 a
2856 2121 2916 2177 S.
2946 2120 3268 2187 Francisco,
3297 2137 3414 2177 mo-

1819 2212 2034 2270 nachus
2079 2212 2379 2278 Fuliensis,
2437 2221 2695 2279 testatus,
2749 2215 2950 2269 librum
3003 2215 3266 2286 primum,
3317 2216 3413 2285 qui

1818 2302 2020 2364 deinde
2057 2307 2236 2363 lucem
2273 2306 2415 2361 vidit
2462 2306 2677 2378 (confer
2720 2306 2883 2372 infra,
2931 2323 3017 2361 nr.
3049 2306 3162 2377 66),
3193 2316 3415 2363 exstare

1820 2415 1925 2456 ms.
1957 2401 2014 2454 in
2044 2398 2184 2454 bibl.
2216 2397 2507 2466 Vaticana,
2550 2406 2606 2455 et
2642 2399 2887 2469 incipere
2924 2399 3011 2455 his
3041 2399 3263 2457 verbis:
3300 2400 3415 2454 Οὐκ

1817 2483 1885 2560 ἦν
1908 2487 1986 2552 ὡς
2010 2487 2187 2543 ἔοικεν
2208 2487 2288 2560 τῷ
2316 2489 2497 2543 πάντα
2533 2504 2593 2541 σε
2621 2488 2798 2543 θέλειν
2838 2489 3169 2562 εὐεργετεῖν.
3210 2490 3416 2545 Confer

1817 2578 1887 2634 de
1926 2578 2033 2633 hoc
2050 2593 2221 2649 opere
2250 2577 2661 2634 Tillemdntium
2696 2588 2829 2634 tom.
2865 2577 2957 2647 IX,
2985 2597 3108 2650 pag.
3138 2580 3244 2635 577
3268 2596 3412 2649 seq..

1818 2667 1972 2723 etde
1997 2667 2253 2724 Eunomii
2314 2669 2490 2735 libris,
2559 2685 2699 2740 quos
2758 2669 3038 2740 Nyssenus
3087 2670 3410 2736 confutavit,

1817 2758 1935 2814 Jac.
1989 2758 2387 2828 God‘ol‘redum,
2424 2758 2511 2839 ad
2565 2756 2920 2831 Philostorgii
2972 2759 3109 2825 VIII,
3159 2760 3247 2817 12.
3297 2760 3413 2815 Sir-

1819 2851 2056 2908 mondus
2084 2851 2149 2906 ad
2182 2852 2380 2906 librum
2450 2866 2498 2906 Vl
2534 2850 2779 2907 Facundi
2810 2851 3238 2908 Hermiancnsis
3276 2859 3405 2907 toni.

1817 2940 1863 2994 II
1891 2941 2030 3012 Opp.
2066 2957 2123 3011 p.
2156 2940 2283 3007 765,
2318 2942 2549 3008 notavit,
2582 2941 2757 2998 libros
2790 2936 2890 2997 hos
2921 2942 3176 3015 Nysseni,
3211 2943 3411 3013 quibus

1820 3033 1981 3087 ﬁdem
2029 3033 2360 3088 catholicam
2412 3035 2577 3100 tueri,
2620 3043 2674 3090 et
2726 3035 2940 3101 Basilii,
2989 3035 3102 3106 jam
3145 3034 3412 3101 defuncti,

1818 3142 1959 3196 opus
1993 3125 2262 3182 adversus
2293 3125 2625 3183 Eunomium
2662 3126 2957 3184 defendere
3001 3127 3259 3195 instituit,
3302 3140 3412 3181 ncn

1822 3235 1932 3275 uno
1961 3219 2125 3274 modo
2150 3219 2311 3275 citari
2340 3220 2483 3290 apud
2515 3228 2727 3277 veteres
2753 3221 2959 3277 solere.
2986 3219 3118 3287 Quae
3143 3221 3288 3275 enim
3309 3217 3415 3273 Fa-

1825 3309 2041 3364 cundus
2066 3317 2120 3363 et
2170 3307 2365 3379 Eclogo
2409 3311 2689 3366 Anastasii
2721 3310 2866 3367 Bibl.
2900 3310 3107 3382 profert
3152 3326 3219 3365 ex
3251 3310 3415 3365 tertio

1821 3401 1944 3472 ejus
1975 3402 2162 3473 Operis
2192 3402 2356 3467 libro,
2394 3401 2660 3459 Leontius
2690 3404 2937 3459 secundo
2969 3403 3111 3457 libro
3141 3400 3408 3467 attribuit;

1822 3495 2006 3567 reipsa
2028 3502 2211 3550 autem
2247 3504 2466 3551 exstant
2492 3495 2550 3550 in
2580 3503 2777 3567 quarto
2806 3497 2939 3552 edit.
2964 3493 3411 3551 Graeco-Latium.

1823 3589 2141 3660 Eodemque
2178 3587 2339 3643 modo
2373 3589 2429 3643 in
2481 3588 2675 3658 quinto
2702 3594 2923 3644 exstant
2957 3587 3166 3658 reliqua
3205 3584 3412 3646 omnia.

1822 3697 1945 3753 quae
1989 3679 2287 3736 Facundos
2332 3680 2466 3735 citat
2510 3695 2579 3736 ex
2618 3689 2841 3751 quarto.
2887 3679 3119 3734 Photius
3165 3676 3289 3733 cod.
3345 3674 3415 3730 Vl

1824 3772 2165 3828 Bibliotheca:
2200 3787 2316 3828 suae
2337 3787 2476 3841 opus
2510 3770 2757 3842 Gregorii
2787 3770 3018 3843 Nysseni
3050 3770 3224 3841 ’Υπὲρ
3258 3770 3417 3823 Βασι-

1824 3864 1968 3919 λείου
2016 3866 2137 3919 κατ’
2187 3863 2450 3935 Εὐνομίου
2496 3871 2785 3927 meruerat,
2828 3873 2881 3920 et
2918 3874 3042 3920 mox
3082 3863 3272 3919 codice
3320 3859 3416 3916 VII

1825 3958 2053 4015 alteram
2090 3955 2237 4011 illius
2270 3953 2659 4027 πραγματείαν
2702 3956 2950 4026 ejusdem
2985 3958 3313 4028 argumenti,
3354 3960 3413 4013 ὲν

1825 4042 1859 4122 ᾖ
1891 4045 2254 4117 λογικώτερον
2283 4045 2538 4116 Εὐνομίῳ
2562 4045 2906 4117 συμπλακεὶς
2933 4047 3076 4101 κατὰ
3103 4048 3302 4119 κράτος
3328 4051 3415 4102 atl-

1828 4143 1931 4215 ρεί,
1952 4140 2130 4195 πάντα
2150 4138 2248 4192 σαθ
2258 4137 2442 4210 ρώσας
2460 4136 2559 4208 τῆς
2583 4137 2904 4202 δυσσεϐείας
2933 4139 3100 4194 αὐτοῦ
3123 4140 3191 4194 τὰ
3205 4140 3416 4213 ὀχυρώ-

1830 4250 1996 4307 ματα.
2035 4232 2222 4304 Neque
2251 4231 2476 4286 dubium
2506 4239 2609 4295 est,
2647 4246 2745 4301 per
2776 4232 3023 4287 eamdem
3052 4233 3252 4293 librum
3284 4235 3414 4291 ulti-

1827 4340 1981 4380 mum
2012 4324 2081 4380 ab
2110 4339 2176 4381 eo
2209 4323 2460 4395 intelligi,
2492 4323 2587 4393 qui
2628 4324 2843 4380 caeteris
2873 4325 3127 4381 omnibus
3169 4335 3255 4383 est
3291 4327 3415 4384 lon-

1828 4416 1965 4487 gior,
2005 4424 2059 4470 et
2089 4414 2145 4468 in
2183 4429 2293 4484 quo
2324 4428 2525 4467 novum
2557 4429 2682 4468 cum
2716 4411 2984 4468 Eunomio
3013 4424 3292 4471 certamen
3325 4417 3415 4474 in-

1830 4508 1983 4581 gredi
2015 4524 2074 4564 se
2094 4508 2383 4578 proﬁtetur
2402 4506 2685 4579 Nyssenus
2706 4507 2760 4561 in
2788 4507 2905 4578 ipso
2937 4508 3058 4563 libri
3082 4509 3303 4567 limine:
3334 4512 3417 4567 Τὰ

1818 4604 1921 4679 ,μὲν
1946 4601 2010 4673 δὴ
2036 4598 2227 4671 πρῶτα
2253 4599 2363 4653 τῶν
2391 4599 2527 4670 πρὸς
2549 4597 2814 4667 Εὐνόμιον
2837 4597 3064 4668 ἀγώνων
3092 4601 3290 4667 ίκανῶς
3313 4602 3414 4676 ἤδη
3522 4648 3548 4660 ς

1825 4694 1965 4750 κατὰ
2020 4692 2170 4745 θείαν
2218 4690 2534 4762 συμμαχίαν
2582 4692 2641 4744 ἐν
2683 4695 2794 4755 τοῖς
2856 4691 3092 4761 φθάσασι
3138 4693 3415 4765 διήνυσται

1827 4786 2028 4849 πόνοις.
2065 4782 2264 4838 Suidas
2286 4781 2353 4838 de
2371 4781 2632 4852 Gregorio
2656 4780 2899 4855 Nysseno
2924 4803 2937 4839 :
2965 4777 3134 4849 Οὗτος
3156 4786 3416 4854 συνέταξε

1828 4879 1949 4934 κατ’
1986 4875 2252 4947 Εὑνομίου
2278 4875 2434 4944 λόγον
2451 4875 2747 4947 ἐξαίρετον.
2781 4876 2995 4932 Citatur
3020 4893 3052 4932 a
3081 4876 3417 4934 Theodorito

1831 4974 1889 5028 in
1959 4969 2165 5043 Dialog.
2261 4967 2317 5042 [a
2399 4967 2757 5024 Damasceno.
2842 4967 2910 5024 V.
2983 4970 3091 5025 vol.
3152 4969 3288 5037 Vlll,
3358 4987 3412 5041 p.

1822 5148 2130 5221 Scultetum
2154 5188 2169 5214 ,
2204 5147 2259 5202 in
2309 5145 2551 5221 Medulla
2581 5143 2810 5201 Patrum
2852 5148 3413 5221 eatn‘supposititiam

1821 5235 1944 5275 esse
1976 5214 2363 5279 aﬂirmantem,
2397 5218 2583 5281 docet,
2615 5234 2788 5273 vanas
2827 5234 2951 5274 esse
2979 5214 3212 5274 Seu-lieti
3252 5234 3417 5289 argu-

1821 5290 2193 5359 mentationes
2243 5306 2257 5342 :
2302 5298 2571 5359 prteterea
2601 5358 2610 5359 ί
2639 5299 2907 5359 memorat
2966 5292 3098 5345 edit.
3156 5289 3417 5359 Augusta:

1820 5357 2037 5416 Vindel.
2069 5375 2137 5414 ex
2166 5358 2425 5414 versione
2454 5358 2706 5412 Gentiani
2740 5357 2982 5425 Ilerveti,
3012 5374 3136 5414 cum
3168 5357 3419 5415 oratione

1820 5428 1898 5484 De
1946 5430 2225 5485 divinitate
2269 5427 2404 5482 Filii
2440 5437 2491 5483 et
2536 5428 2771 5498 Spiritus
2803 5431 2996 5493 sancti,
3032 5429 3189 5487 1591.
3238 5429 3414 5487 Haut.

1905 5500 1982 5573 (α)
2010 5498 2151 5573 I:_‘.dit.
2185 5514 2243 5573 τι.
2265 5498 2437 5573 1658,
2474 5507 2611 5555 tom.
2640 5498 2706 5564 ll,
2744 5514 2866 5573 pag.
2908 5499 3030 5557 124.

1902 5569 1979 5639 (υ)
2022 5570 2153 5639 Pag.
2189 5569 2310 5625 129.

1925 5644 1976 5708 c)
2012 5640 2143 5710 Pag.
2180 5642 2303 5696 15'2.

1925 5644 1976 5708 c)
2012 5642 2143 5710 Pag.
2180 5642 2299 5696 15'2.

1903 5642 1979 5784 id)
2010 5709 2140 5784 Pas.
2177 5712 2299 5784 15*!-

1902 5781 1971 5852 (ε)
2012 5782 2141 5852 Pas.
2178 5781 2299 5852 U5-

1904 5851 1969 5922 (fi
2016 5850 2147 5922 Pas-
2179 5851 2300 5922 ἔδει

1902 5920 1975 5992 (9)
2014 5920 2145 5992 pag.
2181 5920 2304 5977 eos.
