3880 6362
453 425 522 478 25
1662 411 1945 468 ΝΟΤΙΤΙᾹ
1987 410 2067 465 ΕΣ

2175 407 2464 464 ABRICIU.

3646 395 3733 450 24

456 535 581 602 796,
613 550 699 589 nr.
731 534 812 597 II,
847 550 969 604 pag.
1004 533 1107 587 796
1144 544 1246 586 vet.
1277 533 1394 608 ρει]
1426 533 1719 602 multisque
1745 533 1869 586 aliis
1895 539 2042 587 vete-
2073 537 2116 592 Α
2145 527 2307 582 codd.
2342 524 2604 586 tribuant,
2649 519 2821 590 stylus
2869 515 3052 571 Basilii
3092 514 3260 569 fetum
3303 527 3426 567 esse
3456 509 3732 570 clamitet.

453 628 629 689 ribus,
667 642 902 695 quorum
938 626 1050 677 loca
1084 626 1290 678 notavit
1339 625 1720 679 Tillemontius
1760 633 1893 679 tom.
1941 621 2030 686 IX,

452 735 505 790 p.
541 719 644 773 579
673 734 814 786 δρψ,
847 719 937 787 qui
967 733 1017 786 p.
1055 717 1161 770 585
1211 718 1454 792 conjicit,
1491 717 1634 786 quod
1671 716 2034 786 Ilieronymus

452 826 572 880 cap.
610 809 730 872 128,
763 809 840 862 De
875 807 1138 875 Scriptor.
1172 809 1356 864 cccles.
1378 808 1567 872 refert,
1602 809 1769 862 lectos
1802 805 2036 860 Nazian-

451 915 589 956 zeno
628 909 682 953 et
720 901 824 954 sibi
861 915 891 952 a
940 899 1187 970 Nysseno
1237 899 1358 953 illos
1402 909 1586 952 contra
1622 897 1940 950 Eunomium
1974 895 2037 949 li-

453 991 617 1054 bros,
679 992 732 1046 id
789 991 991 1044 factum
1039 991 1552 1061 ConstantinOpoli,
1603 991 1694 1044 ubi
1748 988 2039 1042 occasione

453 1083 670 1136 concilii
708 1098 758 1136 a.
810 1081 872 1137 C.
908 1082 1034 1146 581,
1069 1084 1124 1136 in
1162 1083 1251 1136 illa
1289 1083 1422 1136 urbe
1467 1081 1724 1136 celebrati
1772 1094 2040 1134 convene-

456 1177 589 1228 rint.
627 1172 862 1243 Scripsit
896 1173 1178 1246 Nyssenus
1213 1181 1336 1244 post
1369 1172 1555 1228 Basilii
1587 1171 1817 1237 obitum,
1851 1179 1912 1225 ut
1942 1169 2040 1224 Ni-

455 1267 693 1335 cephoro
713 1266 878 1320 etiam
911 1281 985 1328 χι,
1011 1265 1098 1330 19,
1124 1264 1292 1328 Hist.,
1312 1263 1652 1326 adnotatum,
1668 1263 1814 1316 circa
1838 1277 1889 1316 a.
1912 1261 2038 1315 581.

454 1355 624 1412 FABR.
665 1356 779 1411 Hoc
817 1372 976 1426 opus,
1008 1357 1151 1426 quod
1180 1356 1691 1426 praestantissimum
1725 1353 1885 1425 Nyss.
1911 1370 2040 1422 ope-

453 1465 579 1503 rum
622 1448 876 1509 habetur,
905 1448 1064 1502 docte
1105 1455 1158 1500 et
1192 1447 1412 1516 cepiose
1452 1455 1734 1501 recensent
1768 1445 1976 1497 Semler
2003 1443 2039 1496 1.

457 1553 508 1592 c.
544 1534 572 1609 §
604 1536 691 1600 99,
717 1552 837 1607 pag.
863 1536 1117 1600 201-219,
1146 1545 1198 1590 et
1234 1535 1554 1591 Schrmckh.
1599 1551 1719 1604 pag.
1755 1534 1951 1591 28-54.
1974 1563 2044 1572 —-

457 1627 555 1685 Est
581 1627 869 1683 Florentiae
911 1629 967 1683 in
1014 1629 1144 1684 cod.
1193 1628 1451 1683 Laurent.
1499 1625 1667 1686 XVII,
1697 1627 1833 1695 plut.
1881 1626 1943 1678 6.
1977 1623 2040 1679 V.

458 1719 699 1774 Bandin.
745 1728 852 1774 cat.
907 1720 1064 1776 codd.
1096 1720 1194 1775 Gr.
1240 1720 1407 1774 Laur.
1434 1719 1477 1783 Ι,
1519 1736 1572 1790 p.
1625 1719 1724 1772 I27
1772 1734 1857 1787 sq.
1905 1727 1959 1772 et
1991 1717 2046 1770 in

459 1817 582 1866 cod.
627 1811 853 1867 Taurin.
915 1811 1101 1880 LXXI,
1155 1812 1248 1866 fol.
1290 1811 1417 1866 216.
1469 1811 1532 1866 V.
1578 1819 1687 1865 cat.
1735 1809 1896 1864 codd.
1948 1807 2042 1863 Gr.

459 1904 629 1957 Taur.
665 1920 718 1973 p.
750 1903 871 1957 169.
899 1902 1075 1960 Hann.

406 1995 407 1998 ’
533 1995 622 2050 29.
663 1997 746 2047 Ad
783 1995 1119 2048 Eustathium
1159 1993 1570 2067 (Sebastenum),
1624 1993 1700 2048 De
1730 1992 1834 2048 SS.
1869 1991 2050 2045 Trini-

464 2095 574 2139 tate
610 2095 658 2139 et
706 2097 896 2140 contra
941 2088 1477 2148 Pneumatomachos,
1528 2083 1667 2155 quod
1709 2083 1942 2152 Spiritus
1989 2082 2048 2137 S.

463 2176 534 2230 sit
557 2175 698 2230 Deus
729 2177 830 2247 (a),
868 2192 899 2242 p
945 2175 1200 2238 459-447,
1231 2191 1353 2229 cum
1378 2173 1627 2228 versione
1655 2171 1932 2226 Laurentii
1964 2169 2021 2224 Si
2041 2199 2053 2209 -

463 2268 604 2333 fani,
639 2267 733 2323 sed
778 2281 813 2321 a
847 2267 980 2323 Fed.
1027 2267 1250 2322 Morello
1292 2265 1594 2335 recognita.
1628 2263 1745 2318 Hoc
1789 2262 2054 2331 scriptum

465 2361 742 2430 integrum
772 2358 886 2414 fere
920 2359 1115 2413 iisdem
1151 2359 1336 2412 verbis
1371 2359 1512 2411 inter
1545 2354 1604 2409 S.
1640 2354 1822 2409 Basilii
1853 2354 2058 2423 episto-

370 2495 375 2499 .
467 2453 551 2508 Ias
589 2452 922 2521 octogesima
953 2449 1060 2522 [ep.
1095 2450 1217 2513 189,
1246 2458 1380 2503 tom.
1424 2447 1513 2513 111,
1549 2465 1603 2518 p.
1642 2446 1771 2509 276,
1808 2446 1896 2501 ed.
1923 2444 2060 2499 Gar-

468 2542 643 2615 nier.]~
675 2544 896 2614 legitur,
945 2541 1192 2614 Nysseno
1242 2540 1449 2594 rectius
1496 2536 1909 2599 vindicandum,
1958 2535 2062 2590 sub

469 2636 637 2704 cujus
679 2636 900 2689 nomine
947 2634 1148 2688 citatur
1193 2632 1262 2684 ab
1313 2629 1606 2700 Euthymio
1657 2629 1712 2682 in
1771 2627 2058 2696 Panoptia.

471 2727 851 2797 Compositum
898 2724 1046 2778 circa
1100 2739 1152 2776 a.
1196 2722 1256 2777 C.
1294 2721 1420 2776 580.
1463 2720 1561 2793 [De
1592 2736 1677 2786 eo,
1725 2727 1780 2774 et
1812 2720 1872 2774 11
1907 2734 2060 2788 seqq.

473 2817 540 2873 V.
575 2818 786 2873 Setnler
818 2817 852 2871 1.
889 2832 937 2870 c.
967 2815 1073 2870 220
1100 2832 1184 2885 sq.
1216 2815 1394 2884 Atque
1428 2815 1481 2868 in
1513 2819 1629 2868 not.
1675 2811 1741 2866 ad
1771 2809 1936 2865 Garn.
1975 2808 2062 2864 ed.

473 2911 513 2966 I.
559 2927 612 2964 c.
644 2925 674 2963 a
707 2909 1002 2965 scholiaste
1043 2907 1140 2961 Gr.
1185 2905 1433 2977 Nysseno
1479 2904 1814 2960 adscribitur
1845 2908 2068 2972 propter

476 3001 752 3061 scribendi
789 2997 1314 3070 rationemuerum].

549 3113 639 3169 50.
663 3113 802 3182 Περὶ
817 3111 1018 3182 τοῦμὴ
1045 3113 1275 3167 οτεσθαι
1290 3110 1490 3181 λέγειν
1506 3108 1662 3179 τρεῖς
1682 3107 1885 3172 Θεούς.
1909 3103 2064 3170 Quod

482 3225 588 3263 non
621 3206 919 3277 putandum
958 3207 1025 3258 sit
1055 3219 1157 3260 tres
1194 3205 1329 3268 Deos
1359 3202 1464 3256 dici
1505 3211 1765 3266 oportere,
1800 3199 1866 3251 ad
1902 3197 2066 3251 Abla-
2097 3240 2138 3298 ε

484 3302 635 3356 bium
668 3299 770 3370 (b),
803 3314 857 3368 p.
891 3297 1143 3360 447460,
1172 3313 1294 3350 cum
1318 3295 1562 3364 ejusdem
1591 3291 1763 3345 Sifani
1796 3291 2065 3343 versione.

484 3391 724 3461 Incipit:
787 3373 968 3460 ’Υμᾶξ
1009 3389 1107 3459 μὲν
1149 3388 1353 3441 δίκαιόν
1398 3389 1513 3439 ἐστι
1538 3388 1666 3448 τοὺς
1699 3381 2066 3453 ἀκμάζοντας.

487 3487 704 3543 Citatur
733 3499 762 3537 a
796 3481 1004 3537 Joanne
1032 3482 1099 3542 ll,
1134 3496 1294 3549 papa,
1330 3479 1385 3532 in
1422 3476 1666 3546 Epistola
1699 3475 1768 3528 ad
1798 3475 2068 3537 Acienum,

492 3578 694 3647 scripta
746 3589 797 3629 a.
865 3573 926 3628 G.
991 3572 1114 3627 552.
1145 3571 1252 3625 Sed
1305 3570 1551 3623 citantur
1583 3569 1745 3622 etiam
1770 3567 1838 3620 ab
1870 3565 2074 3633 Euthy-

491 3669 604 3723 mio
633 3669 687 3723 in
722 3664 988 3735 Panoplia
1032 3680 1097 3718 ex
1144 3663 1390 3734 Nysseno
1425 3660 1493 3714 ad
1516 3659 1824 3722 'Ablabium,
1859 3672 1980 3728 quae
2019 3656 2073 3710 in

492 3763 598 3817 hoc
632 3761 836 3830 scripto
864 3773 972 3813 non
1006 3757 1272 3826 reperias.
1309 3752 1474 3808 FABR.
1522 3752 1714 3807 Exstat
1745 3748 1988 3804 Venetiis
2022 3747 2074 3801 in

495 3853 618 3909 cod.
659 3852 827 3906 Marc.
853 3849 988 3906 DIV.
1022 3848 1088 3903 V.
1121 3847 1298 3903 Catal.
1333 3846 1497 3900 codd.
1528 3845 1625 3899 Gr.
1661 3841 1830 3896 Marc.
1862 3857 1914 3910 p.
1945 3839 2072 3893 267.

496 3947 701 4009 Paris.,
729 3946 786 3999 in
812 3944 948 3999 bibl.
981 3942 1144 3995 Publ.
1175 3939 1336 3995 codd.
1368 3933 1655 3991 DLXXXV
1675 3946 1726 3989 et
1743 3930 2076 3994 DLXXXVI,

500 4039 556 4089 in
580 4034 781 4105 quibus
799 4033 953 4103 plura
971 4029 1202 4101 Nysseni
1221 4029 1486 4099 opuscula
1507 4026 1879 4081 continentur.
1904 4019 2077 4074 Hanc.

572 4151 662 4205 51.
696 4149 834 4217 Περὶ
867 4144 1154 4216 διαφορᾶς
1184 4143 1401 4208 οὐσίας
1433 4141 1533 4195 καὶ
1558 4136 1973 4202 ὑποστάσεως,
2011 4134 2084 4188 De

503 4237 804 4308 (ii/ferentia
833 4235 1074 4290 essentia:
1099 4243 1148 4288 et
1181 4233 1545 4302 [typostaseos,
1579 4228 1644 4282 ad
1687 4225 1930 4288 Petrum,
1976 4223 2085 4278 fra-

504 4341 647 4386 trem
684 4329 782 4401 (c),
814 4344 866 4398 p.
898 4325 1152 4390 460-469,
1180 4339 1304 4379 cum
1328 4322 1582 4378 versione
1609 4316 1856 4385 ejusdem
1886 4313 2084 4368 Sifani.

507 4422 704 4492 Incipit
734 4440 748 4475 :
778 4418 999 4488 Ἐπειδὴ
1024 4416 1208 4470 πολλοὶ
1232 4414 1326 4468 τόν
1351 4430 1410 4466 τε
1435 4412 1533 4492 τεῆς
1565 4410 1750 4472 οὐσίας
1771 4407 1945 4475 λόγον.
1983 4403 2084 4459 Le-

509 4516 655 4586 gitur
684 4513 819 4575 haec,
843 4511 989 4567 velut
1020 4524 1051 4563 a
1083 4509 1140 4562 S.
1170 4507 1371 4561 Basilio
1413 4503 1480 4558 ad
1510 4501 1814 4573 Nyssenum
1857 4497 2085 4566 scripta,

513 4606 656 4660 inter
679 4602 868 4657 Basilii
898 4601 1159 4670 epistolas
1192 4597 1468 4651 tricesima
1505 4601 1723 4663 quarta.
1762 4589 1939 4645 Vertit
1968 4598 2094 4642 ante

517 4692 764 4748 Sifanum
791 4689 1031 4744 Joannes
1053 4690 1225 4750 Cano,
1251 4686 1443 4741 Colon.
1475 4683 1636 4750 1557,
1656 4682 1774 4742 fol..
1799 4681 1941 4735 inter
1970 4678 2096 4749 Nys-

518 4783 636 4837 seni
675 4794 842 4850 opera
868 4778 1061 4834 Latine
1089 4778 1253 4831 edita.
1289 4774 1454 4829 ann.
1503 4772 1794 4842 Beperitur
1832 4772 1886 4825 in
1923 4770 2098 4823 tribus

519 4870 682 4927 codd.
713 4871 845 4926 bibl.
876 4869 1209 4940 publ.Paris.
1230 4885 1245 4936 ;
1265 4869 1318 4922 in
1343 4867 1464 4921 cod.
1495 4864 1702 4919 Veneto
1727 4862 1898 4916 Marc.
1931 4860 2095 4921 XXII,

522 4963 626 5017 sub
694 4959 880 5016 Basilii
952 4961 1204 5026 nomine;
1255 4973 1470 5014 necnon
1513 4955 1825 5010 Vindobon.
1871 4954 1925 5006 in
1973 4951 2096 5005 cod.

523 5053 727 5108 Casar.
771 5051 882 5116 LX,
915 5070 1000 5108 nr.
1029 5054 1117 5118 10,
1149 5052 1241 5107 ubi
1272 5049 1590 5106 inscribitur
1626 5044 1870 5114 Epistola
1904 5042 1961 5096 S.
1999 5041 2104 5094 Ba-

526 5144 637 5198 silii
665 5142 744 5197 M.
785 5143 854 5197 ad
889 5145 1110 5213 fratrem
1137 5159 1310 5204 suum,
1347 5140 1405 5197 S.
1436 5140 1588 5210 Greg.
1636 5136 1801 5208 Nyss.
1841 5135 1908 5188 V.
1942 5133 2104 5186 Larn-

524 5236 647 5291 bec.
675 5236 914 5301 Cumm.,
941 5234 1030 5301 Ill,
1065 5250 1186 5304 pag.
1217 5235 1343 5298 275,
1377 5231 1646 5302 imprimis
1675 5229 1878 5283 Kollar.
1905 5226 1958 5279 in
1979 5231 2108 5278 nota

531 5327 600 5380 Α.
627 5324 819 5382 Exstat
848 5326 904 5380 in
930 5326 1064 5380 edit.
1088 5323 1270 5378 Basilii
1304 5321 1374 5376 Μ.
1419 5319 1800 5379 Garuieriana,
1835 5325 1968 5369 tom.
2015 5311 2102 5375 III,

531 5431 588 5488 p.
619 5417 739 5479 115.
771 5418 932 5488 epist.
963 5417 1052 5481 58,
1086 5426 1250 5485 atque
1283 5414 1460 5469 editor
1491 5414 1545 5466 in
1576 5419 1704 5464 nota
1735 5408 1774 5462 (ἱ
1807 5406 2004 5461 asserit
2040 5404 2105 5457 il-

535 5507 641 5562 lam
668 5508 891 5574 Basilio,
912 5510 1058 5581 quod
1089 5508 1218 5563 huic
1245 5520 1455 5568 omnes,
1484 5519 1622 5573 quos
1649 5497 1884 5557 contulit
1909 5494 2107 5556 editor,

634 5689 691 5810 ῗ)
723 5689 864 5744 Edit.
899 5704 950 5742 a.
983 5689 1142 5756 1658,
1173 5695 1305 5744 tom.
1339 5685 1424 5752 Ill,
1462 5701 1514 5754 p.
1547 5685 1600 5737 6.

609 5689 686 5901 3.;
719 5755 852 5899 eg:
883 5759 976 5880 2.2-.

634 5758 686 5898 b;
719 5755 852 5828 Pag.
883 5759 969 5846 15.

636 5844 662 5880 c
726 5826 850 5898 Pag.
887 5827 969 5880 28.

636 5826 684 5898 c)
726 5826 850 5899 Pag.
887 5827 976 5880 28.

2141 629 2194 675 et
2255 620 2372 688 ipsa
2436 615 2598 671 etiam
2660 610 2904 682 synodus
2965 604 3429 661 Chalcedonensis
3493 601 3730 670 (concil.

2141 707 2396 764 Chalced.
2456 714 2598 776 part.
2645 717 2726 764 Ill,
2773 716 2895 769 cap.
2962 699 3012 761 1,
3079 713 3200 767 pag.
3258 695 3407 765 825),
3455 692 3731 746 Basilium

2144 804 2404 869 agnoscat
2431 794 2677 865 epistolae
2708 801 3015 862 parentem.
3050 787 3221 842 "ABL.

2213 908 2302 963 '52.
2334 907 2486 974 Πρὸς
2513 904 2885 973 Σιμπλίκιον,
2921 899 3053 967 περὶ
3080 899 3358 962 πίστεως,
3381 893 3464 948 Ad
3497 892 3735 962 Simpli-

2145 1001 2304 1064 cium,
2353 997 2657 1056 tribunum,
2715 993 2778 1046 de
2819 991 2948 1061 ﬁde,
2992 991 3107 1046 sive
3148 989 3216 1043 de
3262 987 3442 1049 Patre,
3492 984 3632 1039 Filio
3670 993 3734 1036 et

2148 1088 2355 1160 Spiritu
2388 1086 2444 1141 S.
2477 1087 2578 1156 (ά),
2615 1101 2670 1156 p.
2701 1082 2954 1143 470-474,
2997 1095 3122 1134 cum
3157 1079 3406 1133 versione
3440 1074 3734 1130 Laurentii

2149 1178 2345 1237 Sifani.
2386 1177 2583 1247 Incipit
2615 1195 2627 1229 :
2685 1173 2910 1228 Κελεύει
2939 1175 2966 1225 ὁ
3010 1171 3142 1234 Θεὸς
3179 1169 3266 1223 διὰ
3303 1167 3394 1221 τοῦ
3417 1167 3730 1238 προφήτου.

2146 1273 2314 1329 Notas
2343 1270 2547 1325 Fronto
2595 1268 2823 1322 Ducams
2854 1264 3079 1318 addidit.
3113 1261 3396 1316 Prodierat
3443 1274 3568 1313 cum
3599 1256 3736 1312 aliis

2148 1372 2387 1432 quatuor
2412 1357 2639 1430 Nysscni
2662 1355 2964 1426 opusculis,
2989 1353 3194 1418 Graece,
3221 1351 3392 1422 Lugd.
3416 1349 3532 1403 Bat.
3561 1348 3732 1411 1595,

2150 1457 2202 1511 8.
2246 1454 2493 1524 Magnam
2532 1459 2740 1522 partem
2793 1448 2948 1502 alfert
2989 1445 3310 1516 Euthymius
3351 1442 3404 1496 in
3431 1439 3732 1507 Panaplia,

2151 1551 2327 1604 citans
2349 1545 2652 1617 Nyssenum
2681 1546 2744 1596 ὲκ
2762 1540 2855 1593 τοῦ
2883 1539 2924 1608 β’
2953 1539 3107 1605 λόγου
3130 1535 3224 1588 τοῦ
3251 1533 3384 1603 πρὸς
3404 1530 3737 1602 Σιμπλίκιον

2158 1641 2286 1711 περὶ
2327 1636 2468 1690 υἱοῦ.
2539 1633 2705 1688 Ρηιι.
2755 1631 2903 1685 Inter
2947 1631 3105 1683 codd.
3148 1628 3277 1680 Ant.
3336 1623 3591 1694 Eparchi.
3660 1618 3736 1672 Υ.

2151 1729 2259 1783 vol.
2310 1726 2379 1790 X,
2441 1741 2492 1794 p.
2559 1722 2678 1776 482.
2713 1720 2881 1774 ——De
2933 1718 3258 1786 confessione
3312 1716 3367 1769 in
3397 1712 3520 1769 cod.
3547 1711 3733 1766 Paris.

2154 1821 2287 1876 bibl.
2319 1818 2468 1888 publ.
2504 1811 2817 1875 MDCXXX,
2850 1827 2936 1866 nr.
2982 1811 3070 1865 57.
3103 1808 3272 1863 Hann.

2079 1897 2120 1951 Β
2219 1910 2307 1964 55.
2347 1909 2536 1976 Λόγος
2564 1902 2962 1971 κατηχητικὸς
2995 1904 3027 1954 ὀ
3050 1899 3258 1969 μέγας,
3295 1897 3478 1952 Sermo
3508 1908 3739 1963 magnus

2150 2001 2496 2056 catecheticus
2531 2013 2628 2068 pro
2678 1996 2768 2060 iis,
2817 1993 2912 2063 qui
2970 1991 3396 2046 catechumenos
3445 1984 3742 2040 instituere

2150 2091 2370 2154 debent,
2424 2088 2632 2142 divisus
2705 2086 2759 2138 in
2815 2081 2909 2136 LX
2947 2083 3126 2152 capita
3173 2080 3263 2151 (c),
3299 2094 3425 2149 pag.
3472 2074 3736 2136 474-542,

2153 2199 2278 2238 cum
2311 2180 2569 2235 versione
2609 2174 2860 2231 Gentiani
2895 2172 3132 2236 Ilerveti,
3158 2171 3413 2238 notisque
3439 2165 3743 2221 Frontonis

2157 2273 2357 2328 Ducaei.
2397 2270 2570 2325 Vertit
2605 2269 2770 2324 etiam
2815 2265 3012 2321 Petrus
3043 2262 3316 2326 Moreilus,
3352 2258 3530 2312 Paris.
3569 2255 3739 2316 1568.

2157 2365 2212 2431 8,
2244 2373 2299 2419 et
2342 2363 2536 2416 Petrus
2571 2359 2902 2415 Franciscus
2935 2355 3124 2419 Zinus,
3152 2355 3208 2408 in
3241 2348 3512 2421 Euthymii
3553 2345 3744 2401 Pano-

2157 2456 2290 2524 plia,
2339 2455 2427 2509 cui
2463 2466 2658 2522 magna
2701 2450 2866 2517 hujus
2911 2447 3038 2501 libri
3086 2460 3214 2514 pars
3261 2444 3468 2497 inserta
3512 2439 3738 2507 legitur.

2160 2546 2358 2616 Incipit
2398 2563 2410 2598 :
2469 2544 2526 2596 '0
2565 2543 2665 2611 τῆς
2709 2539 3064 2608 κατηχήσεως
3105 2533 3260 2602 λόγος
3304 2530 3595 2596 ἀναγκαῖος
3637 2526 3747 2597 μέν

2162 2643 2299 2694 ἐστι.
2329 2637 2546 2694 Citatur
2583 2645 2636 2690 et
2670 2651 2698 2687 a
2727 2631 3061 2687 Theodorito
3102 2627 3156 2681 in
3199 2623 3413 2693 Diahg.
3444 2623 3480 2675 2
3520 2629 3574 2676 et
3601 2621 3655 2686 5,
3689 2627 3746 2673 et

2163 2730 2428 2802 Gregorio
2462 2727 2532 2782 Μ.
2569 2734 2731 2796 atque
2763 2722 3100 2776 Damasceno
3131 2733 3257 2786 opus
3283 2716 3437 2785 plane
3461 2710 3743 2769 eximium.

2165 2824 2214 2878 si
2256 2837 2454 2890 paucos
2481 2833 2652 2872 na'vos
2682 2813 2940 2882 excipias,
2973 2825 3102 2879 quos
3134 2821 3199 2860 ea:
3225 2805 3446 2858 lectione
3493 2798 3747 2870 Origenis

2167 2889 2466 2974 contraxit,
2507 2915 2565 2960 ut
2614 2913 2799 2960 monet
2852 2903 2923 2956 Is.
2975 2897 3334 2955 Casaubonus
3391 2909 3444 2964 p.
3493 2889 3618 2956 116,
3674 2889 3748 2943 ad

2168 3001 2457 3072 epistolam
2488 2994 2742 3066 Nysseni.
2773 2990 2882 3046 Sed
2911 2989 3001 3044 illa
3023 2984 3352 3056 Origeniana
3375 2981 3445 3036 ab
3471 2979 3748 3035 hatreticis

2173 3069 2378 3146 inserta
2404 3090 2530 3143 olim
2562 3085 2743 3155 arguit
2781 3083 2840 3138 S.
2881 3080 3209 3140 Germanus,
3239 3073 3394 3130 CPol.
3433 3071 3575 3142 apud
3604 3069 3752 3124 Pho—

2173 3185 2308 3237 tium
2340 3181 2462 3236 cod.
2507 3174 2836 3233 CCXXXIII.
2869 3173 3032 3227 Certe
3063 3168 3166 3224 sub
3196 3168 3356 3222 tinem
3379 3166 3573 3219 adsuta
3595 3164 3753 3217 clau-

2172 3275 2312 3338 sula,
2349 3274 2406 3328 in
2436 3286 2542 3342 qua
2609 3267 2795 3323 Severi
2828 3263 3072 3319 haeretici
3119 3259 3379 3330 Acephali
3410 3258 3636 3322 mentio,
3682 3271 3748 3310 ex

2171 3365 2445 3421 Theodori
2484 3359 2841 3416 Raithuensis
2872 3357 3011 3411 libro
3047 3354 3124 3409 De
3162 3351 3541 3407 incarnatione
3570 3348 3758 3402 Domi-

2171 3459 2252 3522 ni,
2306 3457 2522 3528 qualem
2573 3469 2691 3525 non,
2720 3450 2879 3514 Beza,
2924 3446 3020 3502 sed
3060 3445 3200 3499 Bob.
3247 3442 3535 3496 Balforeus
3571 3437 3752 3493 Paris.

2175 3549 2335 3612 1599,
2375 3546 2429 3610 8,
2456 3554 2510 3600 et
2544 3544 2774 3598 Ducaaus
2814 3539 3002 3596 edidit.
3036 3535 3169 3591 Vide
3189 3534 3551 3599 Albertinum,
3583 3532 3648 3584 de
3691 3530 3755 3584 S.

2177 3636 2518 3692 Eucharistia
2565 3650 2618 3705 p.
2649 3633 2776 3688 486.
2807 3630 2972 3684 FABR.
3010 3625 3076 3681 V.
3107 3625 3305 3682 Oudin.
3348 3626 3385 3678 I.
3417 3639 3468 3679 c.
3497 3639 3622 3694 pag.
3651 3620 3760 3676 602

2177 3747 2262 3801 sq.
2307 3730 2400 3800 qui
2444 3727 2642 3798 repetit
2682 3727 2861 3781 locum
2912 3723 3134 3793 longum
3165 3720 3322 3775 lidm.
3363 3716 3672 3781 Aubertini,
3730 3730 3758 3767 ει

2181 3822 2435 3878 Fabricio
2460 3821 2688 3876 citatum
2722 3832 2738 3870 :
2771 3813 2898 3870 add.
2931 3811 3252 3868 Scbrmckh.
3288 3811 3328 3865 I.
3361 3825 3413 3864 c.
3441 3824 3498 3880 p.
3522 3807 3590 3863 79
3605 3822 3763 3877 sqq.;

2182 3913 2412 3969 Semler.
2441 3913 2478 3968 l.
2505 3926 2669 3966 mem.
2700 3925 2754 3980 p.
2781 3909 2888 3964 220
2917 3923 3040 3976 sqq.
3065 3935 3137 3948 —
3167 3901 3464 3973 Gregorius
3489 3915 3595 3954 von
3621 3899 3764 3970 Nys—

2183 4021 2265 4068 sa,
2316 4005 2424 4058 und
2468 4000 2806 4072 Augustinus
2851 3997 3017 4052 Ueber
3059 3996 3160 4050 den
3209 4003 3385 4049 ersten
3427 3990 3764 4046 christtichen

2183 4094 2761 4170 Retigionsunterricht.
2781 4094 2892 4146 Au:
2924 4090 3041 4146 dem
3064 4087 3435 4144 Griechischen
3458 4084 3563 4139 und
3580 4083 3764 4138 Latei-

2185 4188 2398 4245 nischen
2418 4185 2678 4238 iibersetzt
2708 4182 2828 4249 (von
2875 4177 3158 4247 Glauber.)
3193 4175 3294 4230 Mil
3333 4173 3577 4228 Aumerk.
3609 4171 3762 4243 Lips.

2190 4281 2350 4346 1781,
2379 4277 2506 4345 maj.
2552 4277 2605 4331 8.
2635 4304 2707 4314 -—
2730 4273 2920 4328 Exstat
2966 4270 3098 4326 illud
3130 4284 3270 4340 opus
3310 4273 3499 4322 notatu
3542 4267 3765 4335 dignum

2187 4371 2464 4429 Monachii
2495 4370 2550 4422 in
2600 4367 2723 4422 cod.
2753 4363 2974 4419 XXXIX
3007 4364 3140 4418 bibl.
3173 4363 3332 4417 elect.
3357 4359 3426 4414 V.
3459 4358 3578 4415 Cat.
3601 4358 3764 4412 codd.

2190 4453 2386 4517 Bavar.
2417 4479 2470 4530 p.
2518 4460 2605 4514 11.
2634 4490 2701 4500 -—
2726 4443 2986 4526 Augustae:
3019 4453 3228 4508 Vindel.
3265 4460 3405 4507 teste
3446 4449 3676 4504 Beisero
3716 4451 3771 4501 in

2125 4581 2169 4634 ι)
2197 4557 2315 4610 Cat.
2350 4552 2511 4608 codd.
2549 4566 2602 4620 p.
2638 4550 2727 4605 41.
2757 4579 2826 4589 -
2851 4546 3193 4601 Vindobonaz
3229 4547 3283 4599 in
3308 4545 3431 4600 cod.
3459 4541 3651 4607 XVIII,
3685 4557 3770 4596 nr.

2201 4649 2256 4713 5,
2289 4647 2456 4701 multa
2492 4645 2560 4700 de
2585 4659 2649 4699 eo
2677 4641 2958 4697 adnotavit
2987 4638 3193 4694 Kollar.
3234 4636 3290 4690 in
3331 4635 3601 4704 supplem.
3650 4648 3774 4704 pag.

2205 4740 2309 4794 I66
2337 4755 2422 4807 sq.
2450 4766 2520 4778 —
2548 4735 2838 4789 Florentiae
2864 4734 2918 4787 in
2949 4731 3074 4787 cod.
3115 4728 3375 4783 Laurent.
3425 4723 3560 4788 XIII,
3599 4740 3690 4778 nr.
3722 4725 3774 4774 6.

2208 4831 2270 4886 V.
2299 4829 2529 4883 Bandin.
2559 4827 2652 4893 111,
2681 4841 2735 4896 p.
2764 4826 2889 4881 555.
2918 4854 2985 4864 -
3007 4821 3184 4875 Paris.
3213 4820 3268 4874 in
3309 4818 3442 4873 bibl.
3475 4817 3620 4887 pubi.
3652 4816 3773 4870 cod.

2208 4919 2331 4985 MX,
2363 4935 2452 4973 nr.
2481 4917 2535 4971 4.
2558 4946 2630 4957 -
2657 4915 2884 4971 Taurini
2913 4915 2966 4968 in
2995 4913 3126 4966 bibl.
3155 4926 3273 4980 reg.
3303 4909 3426 4964 cod.
3463 4906 3652 4970 LXXI,
3685 4907 3777 4961 fol.

2207 5013 2296 5076 62,
2335 5021 2389 5067 et
2418 5007 2691 5066 CCLXIX.
2721 5006 2789 5062 V.
2821 5015 2929 5061 cat.
2962 5004 3122 5060 codd.
3167 5002 3262 5058 Gr.
3306 5000 3532 5055 Taurin.
3578 5014 3632 5067 p.
3683 4997 3782 5051 168

2218 5116 2270 5160 et
2294 5103 2421 5160 575.
2446 5099 2721 5155 Particula
2769 5113 2833 5153 ex
2887 5097 2982 5152 illo
3013 5105 3096 5150 est
3140 5095 3194 5148 in
3229 5090 3490 5160 Liturgiis
3532 5086 3634 5142 SS.
3685 5085 3785 5139 Pa-

2211 5205 2376 5257 trum,
2410 5192 2586 5247 Paris.
2631 5191 2774 5262 apud
2811 5189 2956 5244 Guil.
2994 5186 3297 5241 Morellum.
3344 5182 3438 5238 fol.
3471 5180 3597 5236 Vid.
3677 5179 3780 5231 vol.

2210 5287 2348 5351 XIII,
2378 5297 2429 5357 ρ.
2462 5285 2565 5340 814
2595 5302 2678 5356 sq.
2712 5283 2884 5337 111111..

2284 5401 2372 5454 54.
2417 5399 2558 5468 Περὶ
2589 5396 2931 5466 παρθενίας,
2976 5392 3052 5446 De
3101 5390 3399 5461 virginitate
3439 5384 3610 5447 liber,
3662 5395 3784 5436 cum

2214 5492 2500 5561 praemissa
2539 5489 2778 5560 epistola
2809 5484 3183 5541 exhortatoria
3211 5480 3278 5536 ad
3318 5479 3578 5537 virtutem
3603 5471 3697 5544 (Γ),
3730 5485 3784 5542 p.

2286 5671 2362 5740 (ά)
2397 5669 2528 5739 Pag.
2562 5669 2649 5722 58.

2287 5744 2354 5809 (e)
2393 5740 2520 5810 Pag.
2551 5739 2644 5810 45.

2288 5810 2349 5881 tr)
2395 5810 2517 5882 Pag.
2555 5809 2674 5862 111.
