3880 6362
171 390 231 445 25
1364 397 1644 460 NOTITIA
1688 404 1776 460 EX
1826 407 2165 466 FABRIGIO.

3341 416 3422 471 26·

171 505 394 598 515611,
427 516 552 598 cum
587 507 740 562 notis
769 506 972 598 Ducaei,
1004 517 1056 563 et
1091 511 1342 568 versione
1375 513 1521 572 Petri
1569 517 1732 576 Gale-
1763 526 1810 582 A
1837 521 1992 578 bona:
2031 529 2195 589 notae,
2243 531 2298 578 et
2329 529 2390 578 ut
2431 523 2728 594 plurimum
2771 526 2824 579 in
2870 526 2962 590 iis,
3009 541 3133 597 quae
3176 526 3413 598 alicujus

172 595 293 659 sinii,
321 612 438 666 quae
461 597 644 652 lucem
677 600 810 652 vidit
843 597 1000 654 Rom.
1033 600 1193 667 1562,
1225 603 1277 668 ι,
1307 618 1398 674 ap.
1430 607 1492 661 P.
1517 606 1727 666 Manut.

169 689 411 745 Prarterea
448 688 602 745 hunc
636 692 841 745 librum
891 706 1013 746 cum
1048 694 1301 751 versione
1327 712 1430 751 sua
1474 701 1734 771 notisque

171 783 383 854 vulgavit
402 782 651 839 Joannes
677 783 990 850 Liveneius,
1022 785 1305 858 Antwerp.
1347 805 1412 844 ex
1443 790 1534 845 off.
1567 791 1733 848 Plan-

170 871 422 938 “11.1574,
446 872 502 927 4.
520 871 634 925 lnci
641 873 750 942 pit:
785 872 842 926 '0
866 873 964 944 μὲν
993 875 1194 938 σκοπὸς
1220 876 1314 929 τοῦ
1327 877 1484 946 λόγου
1509 882 1726 938 ἐστὶν...

170 960 434 1032 ἐπιθυμίαν
484 963 590 1033 τῆς
656 965 780 1016 κατ’
843 964 1045 1036 ἀρετὴν
1063 965 1228 1036 ζωῆς.
1294 967 1547 1039 Scriptus
1579 974 1728 1028 circa

170 1069 212 1110 a.
237 1054 290 1108 C.
314 1055 436 1109 571.
466 1053 529 1110 ιιι
554 1055 794 1112 Livineii
819 1059 1069 1113 versione
1092 1061 1357 1115 nonnulla
1380 1065 1729 1134 reprehendit

169 1145 334 1200 Billius
360 1147 504 1216 apud
529 1145 919 1206 Possevinum.
947 1147 1116 1204 FABR.
1147 1149 1378 1208 Strenue
1402 1162 1457 1209 et
1483 1147 1752 1213 inconsi-'

170 1238 399 1294 deranter
427 1240 806 1305 commendat,
839 1242 1099 1311 abreptus
1128 1246 1528 1301 consuetudine
1552 1255 1607 1302 et
1635 1247 1728 1318 ju-

171 1330 292 1384 dicio
335 1333 590 1397 aliorum,
642 1340 852 1388 mutata
882 1335 1112 1404 pristina
1157 1339 1450 1407 sententia,
1499 1341 1727 1395 cteliha-

171 1430 284 1478 tum.
311 1421 373 1480 Υ.
403 1423 732 1482 Schrmckh.
776 1425 919 1480 Hist.
964 1425 1165 1482 Eccles.
1207 1438 1349 1499 part.
1377 1446 1497 1497 vm,
1541 1448 1595 1502 p.
1618 1433 1728 1488 252

171 1531 273 1586 sqq.
294 1525 426 1586 part.
455 1533 571 1582 xiv,
600 1533 661 1587 p.
694 1517 729 1572 6
758 1525 812 1573 et
848 1519 940 1572 I51
993 1535 1076 1590 sq.
1122 1519 1177 1575 ld
1205 1524 1528 1591 Opusculum
1569 1527 1726 1596 abju-

173 1606 347 1662 dicavit
382 1607 637 1679 Nysseno
665 1607 982 1677 Scultetus;
1025 1611 1122 1666 sed
1152 1614 1489 1669 contrarium
1525 1617 1725 1672 docent

173 1697 241 1753 Du
263 1697 353 1754 Pin
393 1710 445 1755 et
467 1699 744 1757 Oudinus.
771 1701 981 1757 Auctor
1009 1718 1163 1759 novae
1189 1704 1322 1761 edit.
1349 1706 1402 1761 in
1428 1708 1578 1777 praef.
1606 1725 1719 1765 rem

172 1791 221 1846 in
245 1791 396 1849 dubio
425 1795 672 1864 reliquit,
709 1810 809 1850 nec
844 1794 1057 1863 Riveto,
1092 1812 1146 1866 p.
1177 1798 1280 1852 547
1305 1814 1387 1869 sq.
1416 1800 1485 1856 de
1507 1816 1564 1855 re
1587 1802 1722 1857 levis

174 1884 404 1938 momenti
433 1860 591 1938 libuit
616 1860 1312 1956 altercari—Estopusc.
1341 1860 1393 1943 in
1418 1889 1542 1944 cod.
1570 1892 1722 1960 regio
1751 1860 1795 1916 Β

173 1969 355 2026 Matrit.
393 1971 702 2039 LXXXVII,
748 1989 857 2028 una
905 1990 1030 2030 cum
1071 1974 1302 2046 N'ysseni
1361 1979 1726 2047 explicatione

174 2064 361 2135 apolog.
380 2065 430 2118 in
456 2065 850 2134 Hexaemeron,
880 2077 934 2121 et
965 2066 1040 2120 De
1067 2069 1276 2137 api/icio
1298 2069 1514 2126 hom.V.
1541 2071 1721 2127 lriart.

172 2160 265 2208 cat.
291 2155 438 2209 codd.
490 2154 704 2211 Matrit.
755 2171 810 2225 p.
861 2155 1172 2212 556.-—-—lt.
1215 2158 1271 2213 in
1319 2159 1442 2215 cod.
1487 2159 1722 2219 LXXIV,

173 2260 266 2300 una
290 2262 400 2301 cum
427 2247 583 2318 Nyss.
609 2249 862 2318 apologia
889 2248 942 2302 in
979 2247 1362 2316 Hexaemeron,
1390 2257 1444 2306 et
1475 2267 1726 2309 sermone

176 2333 230 2390 In
261 2327 580 2393 dormientes.
635 2337 706 2394 γ.
732 2340 908 2398 lriart.
934 2355 1058 2412 pag.
1084 2340 1182 2396 501
1212 2357 1295 2412 sq.
1328 2342 1386 2396 in
1422 2343 1545 2398 cod.
1573 2341 1722 2398 Tau-

174 2431 262 2487 rin.
308 2432 483 2488 LXXI.
521 2432 590 2489 V.
642 2440 752 2487 cat.
798 2432 958 2489 codd.
998 2433 1166 2488 Taur.
1200 2431 1294 2489 Gr.
1334 2450 1390 2506 p.
1423 2434 1548 2500 I68,
1583 2435 1723 2492 etin

174 2524 324 2580 tribus
350 2525 506 2580 codd.
536 2527 680 2581 bibl.
713 2526 862 2597 pubi.
900 2527 1075 2583 Paris.
1103 2526 1279 2582 Hann.

234 2617 311 2672 55.
335 2617 519 2673 Decem
549 2619 856 2689 syllogismi
881 2618 1136 2674 adversus
1166 2619 1492 2675 Manichwos
1523 2620 1624 2692 (a),
1664 2636 1720 2693 p.

176 2701 281 2770 612,
314 2722 427 2763 cum
468 2709 732 2764 versione
776 2706 1071 2765 Frontonis
1113 2707 1322 2776 Ducaei,
1362 2711 1525 2781 cujus
1555 2711 1720 2767 etiam

176 2807 294 2854 nota:
310 2799 545 2855 videnda:
593 2816 650 2870 p.
692 2791 780 2854 I7.
812 2801 1044 2871 Incipit:
1081 2802 1149 2855 Ei’
1179 2820 1234 2856 τι
1263 2803 1329 2859 ἂν
1373 2804 1542 2859 κακὸν
1565 2805 1723 2859 κολα-

178 2888 320 2943 στέον.
352 2890 511 2946 Fusa.
555 2892 624 2946 In
645 2893 749 2947 hoc
774 2893 956 2948 libello
989 2908 1180 2963 parum
1210 2897 1360 2966 gravi
1389 2897 1721 2967 probaturus

175 2990 272 3034 erat
306 2979 602 3053 Nyssenus,
651 2983 712 3037 τὸ
749 2984 916 3038 κακὸν
965 3001 1067 3041 nec
1099 3002 1224 3042 esse
1258 2988 1572 3060 ἀγέννητον,
1620 3004 1722 3045 nec

174 3071 330 3125 οὐσίαν
357 3074 465 3130 sive
492 3074 575 3141 ὃν,
607 3075 736 3144 quia
781 3075 832 3129 id
876 3077 947 3131 sit
972 3079 1144 3142 ποῖον,
1175 3079 1432 3147 qualitas.
1470 3078 1648 3132 Hann.

1835 619 1965 667 sunt
2025 612 2309 677 momenti,
2360 614 2813 682 conspirantihus
2841 664 2858 684 ,
2895 615 3087 682 altero,
3133 615 3409 687 quondam

1833 700 2282 768 Uﬂ'enbachiano,
2311 716 2436 756 cum
2467 719 2582 758 var.
2649 705 2871 760 lection.
2917 705 3130 775 partim,
3172 705 3228 760 in
3273 721 3412 759 mar-

1832 791 1979 861 gine,
2003 792 2202 860 partim
2237 792 2303 847 ad
2337 793 2540 850 calcem
2573 796 2812 864 scriptis,
2835 803 2889 851 et
2916 811 3077 865 quem
3104 801 3294 851 curate
3314 796 3412 852 de-

1833 882 2056 953 scripsit
2085 879 2127 938 l.
2153 881 2221 938 Η.
2257 882 2433 940 Maius
2479 885 2533 938 in
2564 885 2815 941 biblioth.
2869 884 3190 943 Ull‘enhach.
3241 895 3408 952 msta,

1829 980 1974 1042 part.
2007 989 2073 1038 ιι,
2110 989 2165 1044 p.
2225 974 2353 1041 425,
2409 991 2558 1046 sqq.;
2607 977 2778 1031 altero
2823 975 3310 1033 Hasselmanniano
3355 978 3409 1050 (a

1828 1078 2150 1134 possessore
2180 1065 2347 1130 illius,
2391 1063 2628 1121 Zachar.
2667 1066 3086 1133 Hasselmanno,
3129 1069 3284 1124 verbi
3327 1067 3410 1122 di-

1827 1156 1939 1210 vini
1965 1156 2110 1226 apud
2136 1155 2685 1228 Oldenburgensesin
2713 1157 2937 1230 Wagria
2975 1160 3248 1224 ministro,
3268 1175 3408 1213 nun-

1828 1251 2070 1320 cupato),
2102 1248 2158 1302 in
2188 1263 2296 1318 quo
2320 1249 2748 1318 colloquentium
2774 1265 3080 1317 sermones,
3118 1251 3410 1320 descriptis

1828 1340 1996 1394 rubro
2049 1339 2235 1396 colore
2297 1341 2694 1411 disputantium
2743 1340 2988 1411 Gregorii
3043 1349 3096 1397 et
3150 1341 3408 1396 Macrina:

1827 1431 2162 1496 nominibus,
2193 1447 2224 1486 a
2259 1447 2318 1488 se
2348 1432 2581 1487 invicem
2603 1433 3039 1504 distinguuntur.
3068 1433 3143 1488 De
3172 1435 3276 1488 hoc
3290 1433 3408 1487 dia-

1827 1523 1972 1592 logo,
2002 1531 2056 1578 et
2084 1523 2151 1579 de
2175 1539 2370 1594 opusc.
2398 1523 2478 1578 De
2523 1525 2705 1579 anima
2749 1525 2814 1579 ad
2847 1525 3134 1580 historiam
3169 1525 3408 1593 antiquae

1824 1615 2182 1686 philosophiae
2239 1623 2294 1672 et
2347 1624 2590 1673 veterum
2626 1617 3007 1688 philosophor.
3048 1630 3113 1670 ac
3177 1614 3404 1668 Patrum
3463 1674 3480 1684 _

1824 1707 1892 1763 de
1935 1709 2118 1762 animo
2171 1709 2460 1779 Opiniones
2510 1709 2822 1764 noscendas
2881 1707 3038 1762 valde
3083 1707 3230 1769 utili,
3280 1707 3406 1762 vide

1826 1797 2037 1855 Semler
2070 1800 2108 1854 I.
2149 1816 2198 1856 c.
2239 1817 2294 1871 p.
2329 1802 2435 1856 255
2470 1817 2592 1871 sqq.
2616 1809 2672 1856 et
2708 1799 3050 1854 Schroecklt.
3088 1815 3141 1870 p.
3179 1799 3248 1854 97
3278 1816 3401 1870 sqq.

1823 1899 1876 1945 et
1914 1890 2017 1945 102
2060 1905 2178 1960 seq.
2214 1921 2285 1930 ——
2315 1888 2508 1945 Exstat
2546 1905 2676 1944 vero
2725 1889 2779 1943 in
2831 1889 3082 1959 pluribus
3124 1888 3285 1942 codd.
3337 1904 3402 1942 ex

1823 1980 1917 2036 Gr.
1953 1981 2222 2037 Monac-hii
2258 1983 2310 2035 in
2330 1981 2454 2036 cod.
2482 1979 2678 2034 XXXII
2715 1981 2911 2035 Bavar.
2931 1981 3247 2050 —August.
3272 1979 3406 2034 Vin-

1823 2075 1930 2130 del.
1966 2075 2072 2140 bis,
2100 2083 2238 2130 teste
2271 2074 2496 2130 Reisero
2526 2075 2579 2128 in
2610 2073 2734 2129 Cat.
2767 2073 2929 2143 ρ.“22
2960 2081 3014 2127 et
3053 2075 3140 2128 54.
3177 2104 3246 2114 -
3269 2073 3404 2127 Vin-

1823 2165 1949 2221 dob.
1978 2166 2034 2219 in
2069 2166 2191 2220 cod.
2226 2165 2427 2220 Ctesar.
2454 2163 2646 2219 XVIII.
2667 2179 2754 2218 nr.
2783 2165 2833 2218 1.
2859 2162 2924 2218 V.
2959 2162 3164 2217 Kollar.
3188 2165 3242 2216 in
3266 2178 3400 2231 sup-

1821 2259 1986 2330 plem.
2021 2259 2089 2313 ad
2138 2257 2410 2312 Lambecii
2456 2257 2668 2313 Comm.
2709 2273 2764 2328 p.
2822 2255 2946 2311 I65.
2975 2286 3044 2294 —
3073 2254 3312 2310 Venetiis
3345 2254 3402 2309 in

1822 2352 1957 2408 bibl.
1986 2348 2153 2406 Marc.
2180 2349 2335 2407 DCll.
2381 2349 2613 2422 Nysseni
2643 2348 2711 2402 ad
2762 2346 3059 2402 Macrinam
3097 2347 3172 2401 De
3221 2347 3403 2400 anima

1822 2453 1871 2497 et
1909 2443 2308 2508 resurrectione,
2348 2450 2402 2497 et
2446 2441 2518 2495 De
2553 2443 2735 2495 anima
2763 2455 2964 2496 sermo.
2994 2469 3064 2479 —
3088 2437 3316 2492 Taurini
3341 2439 3396 2491 in

1821 2535 1961 2591 bibl.
1995 2535 2127 2606 Reg.
2181 2533 2342 2590 codd.
2381 2530 2624 2598 XXXIV,
2679 2529 2863 2597 LXIX,
2916 2539 2970 2586 et
3024 2527 3399 2585 CCLXXXIX.

1825 2623 1888 2679 V.
1911 2626 2030 2678 Cat.
2064 2624 2228 2680 codd.
2247 2621 2415 2678 Taur.
2448 2637 2569 2694 pag.
2596 2622 2842 2690 140,159
2861 2630 2915 2676 et
2942 2621 3067 2676 586.
3090 2651 3146 2660 —
3175 2621 3403 2674 Floren-

1822 2715 1913 2770 tiae
1945 2715 1996 2769 in
2034 2715 2169 2770 bibl.
2193 2713 2457 2769 Laurent.
2491 2713 2618 2768 cod.
2657 2711 2698 2778 1,
2733 2728 2818 2766 nr.
2859 2713 2914 2778 2,
2975 2713 3112 2782 plut.
3150 2710 3201 2764 7.
3241 2741 3312 2751 —
3341 2709 3400 2763 In

1821 2805 1944 2860 cod.
1970 2802 2190 2867 XXXV,
2219 2819 2306 2857 nr.
2336 2803 2408 2857 26
2437 2801 2619 2871 ejusd.
2664 2803 2800 2871 plut.
2834 2821 2905 2840 -'-
2929 2811 2983 2857 et
3009 2801 3063 2855 in
3092 2800 3215 2855 cod.
3258 2798 3400 2865 Xlll,

1822 2911 1907 2950 nr.
1940 2897 1994 2960 5,
2027 2897 2162 2966 plut.
2192 2895 2284 2950 86.
2312 2893 2436 2950 Vid.
2466 2893 2696 2948 Bandin.
2740 2902 2874 2954 cat..
2919 2901 3048 2954 etc..
3079 2890 3120 2955 l,
3152 2907 3219 2961 p.
3271 2889 3398 2955 165,

1820 2989 1928 3044 298
1953 2997 2006 3044 et
2035 2990 2119 3054 Ill,
2149 3006 2204 3060 p.
2237 2988 2362 3045 555.
2391 3017 2461 3029 —
2487 2987 2544 3041 ln
2586 2996 2790 3057 septem
2827 2986 3015 3047 codd.,
3047 2992 3101 3039 et
3137 2985 3261 3038 vita:
3294 2982 3404 3036 Ma-

1823 3085 1988 3136 crince
2014 3082 2069 3136 in
2096 3082 2272 3136 tribus
2311 3079 2470 3136 codd.
2501 3080 2632 3133 bibl.
2676 3077 2836 3132 Publ.
2868 3075 3042 3131 Paris.
3071 3075 3243 3128 ΙΙΑιιι..

231 3163 308 3218 56.
371 3165 440 3220 Τὰ
504 3167 832 3234 Μακρίνιατ
869 3169 996 3236 περὶ
1051 3167 1257 3238 ψυχῆς
1305 3169 1404 3222 καὶ
1462 3169 1717 3225 ἀναστά-

1893 3175 1981 3230 57.
1999 3175 2160 3229 Κατὰ
2188 3171 2667 3240 Ἀπολλιναρίου,
2690 3169 2887 3224 Contra
2907 3165 3402 3237 Apollinarium,“-

175 3251 320 3319 ἇεως,
355 3254 642 3321 Macrinia,
665 3259 780 3313 sive
806 3258 869 3311 de
899 3260 1078 3312 anima
1100 3269 1148 3312 et
1177 3261 1578 3326 resurrectione,
1598 3260 1719 3314 dia-

175 3343 302 3414 logus
329 3361 445 3401 cum
466 3363 662 3403 sorore
704 3347 966 3414 Macrina,
987 3365 1110 3403 cum
1148 3349 1409 3405 Basilium
1467 3351 1716 3418 fratrem,

174 3436 292 3493 a.C.
341 3440 438 3494 579
493 3439 853 3502 exstinctum,
906 3439 1151 3508 lugerent
1187 3440 1286 3511 (b),
1344 3456 1399 3511 p.
1449 3441 1716 3508 615-692,

175 3542 276 3584 cum
313 3533 552 3588 versione
607 3531 886 3586 Laurentii
938 3531 1134 3587 Silani.
1186 3531 1424 3603 Incipit:
1500 3532 1716 3607 Ἐπειδὴ

170 3619 249 3672 τοῦ
283 3622 614 3694 ἀνθρωπίνου
645 3623 763 3694 βίον
815 3622 1002 3688 πολύς.
1039 3623 1284 3678 Meminit
1316 3623 1544 3680 Photius
1588 3627 1713 3683 cod.

179 3711 466 3780 CCXXXIII,
508 3729 566 3772 et
607 3715 829 3784 Suidas,
863 3724 1117 3780 testatus,
1153 3715 1478 3785 Gregorium
1511 3717 1716 3789 Nyssc-

172 3816 287 3855 num
308 3806 580 3875 scripsisse
616 3807 827 3878 μακρόν
854 3823 978 3860 τινα
995 3807 1090 3860 καὶ
1117 3807 1424 3878 περικαλλῆ
1455 3808 1592 3878 πρὸς
1617 3810 1716 3880 τὴν

169 3894 374 3967 ἀδελφὴν
411 3900 698 3972 Μακρίνσιν
734 3900 864 3970 περὶ
888 3900 1064 3971 ψυχῆς
1095 3899 1276 3968 λόγον.
1326 3898 1426 3955 Hic
1447 3908 1535 3956 est
1574 3900 1716 3973 Nys-

171 3990 270 4044 seni
320 3992 386 4046 De
436 3993 842 4047 immortalitate
898 4009 1091 4046 anima:
1149 3993 1310 4058 liber,
1354 3993 1450 4064 qui
1491 3993 1716 4050 Daniele

169 4083 404 4154 Augentio
435 4089 734 4157 interprete
766 4085 966 4156 prodiit
988 4084 1202 4150 Latine,
1233 4084 1410 4143 Paris.
1461 4086 1624 4151 I557,
1654 4088 1709 4141 8.

169 4174 308 4231 Fara.
335 4179 553 4236 Diversa
583 4181 861 4235 variorum
897 4178 966 4234 de
993 4179 1086 4233 illo
1120 4179 1338 4249 dialogo
1360 4176 1571 4247 judicia
1601 4179 1717 4232 col-

167 4267 274 4339 legit
300 4268 540 4328 Oudinus
577 4272 614 4325 l.
651 4286 703 4325 c.
733 4287 788 4341 p.
809 4269 1008 4326 601-
1027 4269 1190 4326 Joan.
1209 4269 1523 4339 Cbristoph.
1544 4268 1710 4324 Wolf.

166 4357 213 4412 in
247 4361 516 4418 Anecdotis
558 4361 778 4428 Cra-cis,
814 4371 948 4417 tom.
984 4363 1046 4429 ll,
1079 4378 1132 4432 p.
1183 4361 1255 4417 28
1279 4378 1428 4434 sqq.,
1478 4362 1713 4432 primum

167 4447 295 4505 dedit
323 4469 571 4525 magnam
617 4454 941 4524 particulam
972 4452 1068 4509 Gr.
1123 4469 1188 4508 ac
1221 4451 1343 4507 Lat.
1377 4469 1504 4508 cum
1566 4454 1714 4509 notis

168 4549 215 4594 ut
237 4543 512 4611 plurimum
547 4547 776 4609 criticis,
807 4554 942 4610 tum,
963 4560 1031 4600 ne
1062 4545 1278 4617 longior
1298 4551 1464 4610 esset,
1495 4559 1549 4614 p.
1584 4544 1711 4610 519,
1743 4541 1790 4596 D

166 4643 316 4701 usque
340 4633 403 4688 ad
432 4651 487 4705 p.
522 4635 650 4698 550,
678 4641 733 4689 et
761 4635 818 4689 in
858 4641 1008 4689 tomo
1036 4633 1123 4700 lll,
1156 4649 1208 4704 p.
1250 4634 1402 4700 1-47,
1430 4635 1485 4688 in
1516 4649 1711 4689 eorum

165 4726 482 4780 commodum
518 4733 574 4781 et
613 4742 797 4790 usum,
831 4728 1070 4797 quibus,
1121 4735 1182 4780 ut
1239 4727 1336 4790 ait,
1395 4727 1712 4781 consultum

164 4812 427 4883 videbitur,
481 4819 755 4890 egregiam
792 4819 942 4873 illaut
1005 4827 1361 4874 commentat.
1417 4819 1712 4888 aliquando

163 4918 280 4961 nova
305 4909 420 4966 luce
459 4918 710 4964 ornatam
761 4911 984 4980 publico
1015 4911 1230 4975 sistere,
1265 4911 1447 4964 varias
1477 4909 1708 4964 duorum

165 4997 299 5054 codd.
337 5002 621 5057 lectiones.
660 4999 717 5055 In
754 5001 965 5071 praefat.
997 5001 1067 5056 ad
1096 5011 1232 5057 tom.
1274 5001 1340 5066 ll,
1399 5002 1554 5056 valde
1589 5001 1710 5055 lau-

164 5085 290 5143 davit
317 5093 858 5157 commentationem,
896 5101 969 5160 et,
1001 5093 1149 5164 quod
1183 5092 1484 5164 perspexit,
1537 5099 1706 5146 totam

164 5180 288 5240 illam
314 5187 559 5256 pluribus
587 5189 728 5246 locis
769 5189 825 5245 in
857 5199 1088 5262 utraque
1119 5191 1249 5246 edit.
1284 5189 1484 5257 Paris.,
1517 5191 1708 5261 impri-

164 5275 249 5333 mis
265 5295 386 5335 vero
419 5282 474 5334 in
502 5282 705 5351 priore,
749 5282 986 5352 pessime
1035 5292 1314 5354 acceptam
1363 5298 1488 5338 esse
1517 5291 1569 5337 et
1610 5283 1708 5358 ha-

165 5363 304 5422 bitam
340 5390 356 5427 :
389 5383 596 5442 partem
655 5375 806 5430 illius
855 5383 1024 5430 totam
1055 5391 1179 5430 cum
1230 5375 1482 5430 versione
1515 5375 1709 5430 Latina

166 5460 365 5527 pristina
396 5466 620 5538 suisque
658 5468 806 5522 notis
846 5469 1113 5523 exhibuit.
1173 5468 1280 5522 llas
1316 5468 1608 5523 varietates
1642 5470 1710 5524 le-

148 5553 337 5611 ctionis
384 5561 614 5632 sumpsit
668 5576 735 5615 ex
766 5559 1004 5616 .duobus
1044 5559 1278 5616 diversis
1320 5557 1480 5614 codd.
1537 5559 1714 5630 iisque

221 5735 288 5813 {9)
318 5738 420 5813 βά.
461 5759 509 5796 a.
547 5743 710 5805 I658,
747 5750 878 5797 tom.
910 5741 994 5809 Ill,
1030 5743 1228 5813 p.180.

221 5805 286 5875 (ιι)
318 5807 436 5882 Pag.
470 5814 590 5870 I8l.

1792 5904 1795 5905 ξ
1889 5739 1970 5881 ιεςς

1822 3266 1920 3322 her
1952 3266 2021 3320 ad
2052 3265 2411 3333 Theophilum,
2455 3264 2524 3318 ab
2558 3278 2608 3316 a.
2659 3262 2722 3316 C.
2769 3260 2876 3317 585
2917 3261 3234 3329 episcopum
3280 3257 3404 3312 Ale-

1820 3357 2148 3411 xandrinum
2177 3355 2269 3428 (ε),
2305 3372 2359 3425 p.
2395 3352 2659 3419 695-698,
2703 3367 2827 3405 cum
2869 3349 3168 3404 Frontonis
3217 3345 3396 3401 Ducmi

1819 3447 2067 3500 versione
2098 3452 2151 3498 ct
2180 3445 2348 3499 notis.
2383 3442 2574 3513 Incipit
2611 3461 2624 3496 :
2663 3442 2738 3494 Οὐ
2801 3441 2968 3511 μόνης
2999 3439 3116 3492 ἐστὶ
3166 3437 3269 3508 τῆς
3312 3453 3403 3490 xo-

1821 3534 2028 3604 σμικῆς
2046 3535 2238 3603 σοφίας
2271 3532 2519 3604 εὕφορος.
2551 3532 2769 3586 Citatur
2802 3531 2870 3585 ab
2890 3529 3179 3601 Euthymio
3213 3529 3267 3582 in
3295 3525 3432 3590 Par

1818 3625 2018 3694 noplia.
2078 3624 2288 3679 Prodiit
2327 3624 2533 3688 Graece,
2588 3632 2816 3678 curante
2863 3622 3198 3685 l‘lmschclio,
3227 3620 3399 3690 Lugd.

1818 3717 1938 3770 Bat.
1971 3716 2130 3780 1595,
2172 3717 2228 3782 8,
2261 3731 2384 3770 cum
2427 3716 2551 3770 aliis
2603 3714 2839 3785 Nysseni
2869 3714 3176 3783 opusculis.
3235 3713 3299 3765 Et
3336 3729 3404 3767 ex

1819 3808 1998 3863 Ducaai
2063 3809 2518 3878 interpretatione
2550 3806 2761 3861 Latine.
2788 3805 3087 3875 lngolstad.
3144 3805 3302 3869 1596,
3345 3806 3398 3857 8.

1819 3899 1895 3955 Ex
1922 3898 2180 3952 Turriani
2210 3907 2390 3952 autem
2418 3899 2669 3953 versione
2703 3897 2758 3950 in
2790 3905 2923 3950 tom.
2951 3895 2995 3949 V
3029 3895 3264 3948 Lection.
3305 3911 3403 3947 an-

1819 3993 2082 4062 tiquarum
2113 3989 2336 4044 Henrici
2365 3989 2594 4055 Canisii,
2631 3988 2929 4058 Ingolstad.
2967 3987 3127 4048 1604,
3175 3986 3228 4051 4,
3275 4000 3399 4055 pag.

1823 4084 1944 4138 191.
1980 4081 2146 4136 ann.
2201 4083 2261 4134 In
2310 4080 2565 4150 Basnagii
2627 4078 2894 4132 Thesauro
2945 4093 3178 4132 manum.
3216 4076 3400 4130 eccles.

1815 4173 2040 4228 Amstel.
2080 4172 2237 4235 1725,
2268 4171 2360 4225 fol.
2395 4179 2529 4224 tom.
2563 4168 2626 4222 V.
2648 4169 2856 4238 p.161,
2882 4167 3183 4236 Basnagius
3209 4164 3398 4220 Graeca

1816 4265 2028 4321 addidit
2061 4279 2130 4320 ex
2164 4263 2299 4318 edit.
2347 4260 2614 4316 Fronton.
2674 4258 2852 4313 Ducazi
2897 4266 3030 4312 tom.
3069 4256 3131 4321 ll,
3173 4273 3224 4326 p.
3275 4255 3400 4308 677.

1815 4354 1976 4410 Conf.
2013 4352 2224 4408 Semler
2253 4354 2292 4408 l.
2331 4367 2380 4406 c.
2414 4368 2469 4422 p.
2520 4350 2646 4405 256.
2688 4379 2758 4390 —
2792 4348 2986 4404 Exstat
3010 4348 3064 4402 in
3101 4347 3224 4403 cod.
3279 4345 3393 4400 Dlll

1818 4448 1950 4503 bibl.
1990 4445 2151 4502 Publ.
2183 4445 2360 4500 Paris.
2398 4443 2571 4498 ΗΑιιι..

1892 4561 1981 4616 58.
2024 4559 2159 4626 Περὶ
2192 4558 2322 4621 τοῦ,
2357 4555 2422 4610 Tl
2454 4555 2520 4610 τὸ
2546 4553 2914 4623 Χριστιανῶν
2940 4554 3126 4623 ὄνομα
3158 4553 3196 4622 ἢ
3226 4552 3406 4623 ἐπάγ-

1819 4656 2029 4722 γελμα,
2066 4648 2207 4714 Quid
2251 4665 2437 4702 nomen
2468 4646 2789 4716 professione
2834 4645 3263 4699 Christianorum
3301 4645 3405 4697 sibi

1820 4743 1962 4806 velit,
1996 4741 2063 4794 ad
2105 4739 2460 4793 Harmoniam
2494 4737 2598 4808 (ά),
2638 4751 2758 4806 pag.
2805 4733 3063 4797 699-707,
3119 4749 3242 4787 cum
3287 4749 3408 4786 vcr-

1822 4829 1977 4885 sione
2007 4826 2293 4881 Laurentii
2321 4824 2515 4879 Silani.
2549 4824 2748 4893 Incipit
2792 4841 2805 4876 :
2841 4823 3020 4893 Ὅπερ
3046 4823 3242 4875 ποιῶσι
3268 4823 3404 4893 πρὸς

1819 4921 1944 4982 τοὺς
1971 4916 2324 4990 κρατοῦντας.
2354 4915 2603 4971 Verterat
2653 4922 2707 4970 et
2745 4915 3015 4970 Maximus
3061 4913 3403 4983 Margunius,

1813 5011 2174 5083 Gytberorum
2200 5009 2517 5078 cpisc0pns,
2564 5005 2753 5061 Venet.
2786 5006 2944 5070 1585,
2981 5007 3034 5060 8.
3072 5006 3258 5060 Greece
3282 5021 3402 5075 pro.

1816 5104 1918 5160 diit
1962 5101 2138 5172 Lugd.
2171 5100 2294 5154 Bat.
2338 5100 2498 5161 I595,
2530 5099 2583 5153 8.
2635 5097 2802 5153 FABR.
2854 5097 3149 5170 Reperitur
3183 5101 3238 5154 in
3269 5113 3403 5168 qna-

1817 5206 1942 5251 tuor
1969 5193 2130 5249 codd.
2159 5192 2290 5245 bibl.
2331 5190 2489 5246 Publ.
2511 5189 2684 5248 Paris.
2711 5200 2765 5248 et
2788 5193 2843 5246 in
2878 5191 3002 5247 cod.
3030 5188 3399 5257 Taur.LXXl,

1818 5285 1913 5340 fol.
1947 5283 2070 5338 164.
2098 5282 2272 5336 Hann.

1889 5375 1979 5432 59.
2031 5375 2170 5443 Περὶ
2239 5375 2634 5442 τελειότητος,
2689 5373 2790 5427 καὶ
2833 5372 3042 5427 ὁποῖον
3089 5371 3206 5440 χρὴ
3249 5366 3401 5425 εἶναι

1818 5467 1924 5522 τὸν
1976 5465 2353 5534 Χριστιανόν.
2407 5464 2573 5520 Liber
2615 5465 2692 5520 De
2734 5465 3068 5536 perfectione,
3103 5473 3154 5517 et
3193 5463 3400 5534 qualem

1819 5567 2054 5629 oporteat
2111 5575 2224 5612 esse
2280 5558 2670 5624 Christianum,
2720 5557 2789 5613 ad
2837 5557 3166 5628 Olympium,
3215 5572 3400 5610 mona-

2011 5739 2141 5810 l’ag.
2176 5739 2300 5810 216.

2010 5808 2137 5882 Pag.
2173 5809 2302 5866 267.
