3880 6356
154 392 210 450 29

1316 402 1603 460 NOTITIA
1646 403 1733 461 EX
1775 405 2111 468 FABRICIO.

3333 415 3405 471 30

153 515 273 604 liam,
307 513 581 584 ascripsit,
639 517 902 586 quoniam
956 519 1010 573 in
1040 521 1165 576 cod.
1213 522 1451 591 quodam
1504 524 1708 579 tributa
1740 533 1783 587 Α
1813 531 2064 602 απαντὴν
2101 547 2402 598 sermones,
2429 533 2524 604 qui
2552 531 2804 588 feruntur
2829 532 2933 588 sub
2961 533 3276 589 nominibus
3301 549 3403 588 an-

155 606 213 660 sit
240 603 521 676 IIesychio,
558 614 615 661 et
649 609 746 662 illa
777 609 1012 666 liomilize
1043 613 1232 681 prima:
1257 614 1310 668 in
1349 615 1713 684 explicatione

155 697 240 752 loci
286 697 569 766 cujusdam
623 699 683 754 in
734 700 971 757 Matthmi
1038 703 1242 776 Evang.
1274 718 1565 777 repugnet,
1609 723 1713 764 nec

154 785 374 842 eumdem
404 790 678 846 orationis
705 801 866 863 atque
885 795 1214 865 eloquentiae
1243 799 1505 862 colorem,
1527 801 1624 870 qui
1654 801 1710 855 in

155 877 352 947 reliquis
403 877 643 950 Nysseni
690 891 855 938 oratt.
918 895 1200 952 cernatur,
1265 904 1378 958 prae
1409 905 1469 945 se
1520 890 1704 946 ferat:

156 968 274 1021 idem
307 968 533 1034 dubitat,
569 987 705 1026 num
746 975 921 1044 prima
955 977 1154 1034 similis
1195 980 1505 1050 argumenti
1531 982 1709 1037 oratio

155 1063 212 1115 sit
235 1063 472 1133 genuina.
516 1065 629 1120 Sed
668 1081 776 1120 non
811 1067 1080 1123 satisfecit
1112 1071 1468 1135 Scbrmckhio
1493 1089 1546 1144 p.
1581 1073 1706 1142 128,

157 1157 232 1225 qui
258 1156 392 1210 illam
421 1158 676 1213 criticam
713 1161 1072 1229 qumstionem
1100 1166 1350 1221 curatius
1400 1181 1524 1222 esse
1559 1167 1709 1221 inve-

156 1249 431 1320 stigandam
460 1259 625 1321 atque
656 1253 1077 1309 examinandam
1105 1255 1361 1326 judicat:
1396 1275 1461 1313 ac
1513 1275 1565 1330 p.
1602 1258 1705 1314 126

159 1355 258 1410 sqq.
290 1342 443 1397 latius
469 1342 718 1412 disputat
757 1345 824 1398 de
851 1344 894 1397 ν
926 1345 1170 1402 liomiliis
1215 1347 1290 1403 De
1324 1351 1707 1404 resurrectione

159 1433 342 1487 Christi.
372 1463 438 1474 ——
467 1433 541 1488 De
587 1439 974 1490 resurrectione
1007 1439 1066 1492 in
1115 1456 1310 1494 novem
1356 1441 1516 1496 codd.
1568 1443 1702 1497 bibi.

160 1521 287 1576 Publ.
331 1524 498 1579 Paris.
533 1556 601 1564 —
661 1526 738 1580 De
783 1531 1160 1584 resurrectione
1215 1529 1418 1585 Christi
1470 1541 1518 1586 et
1565 1532 1702 1602 quod

161 1608 280 1661 nullo
310 1609 452 1663 modo
497 1615 760 1668 contrarii
811 1615 946 1668 inter
982 1631 1036 1669 se
1087 1617 1196 1671 sint
1239 1616 1614 1688 Evangelistw,
1647 1620 1703 1676 iu

162 1698 263 1752 cod.
292 1698 504 1756 Taurin.
568 1701 759 1768 LXXI,
819 1704 910 1758 fol.
948 1707 1071 1760 114.
1108 1737 1176 1747 --
1213 1706 1415 1763 Eadem
1470 1710 1522 1764 in
1578 1711 1700 1764 cod.

162 1785 432 1860 ilosquensi
461 1790 504 1843 V
551 1801 783 1848 notante
813 1793 1051 1851 Mattliaei
1087 1796 1141 1850 in
1178 1805 1292 1851 not.
1337 1799 1498 1852 codd.
1555 1799 1702 1854 Mos—

1816 619 2116 689 tiquiorum
2144 620 2388 689 Patrum,
2426 622 2710 689 Methodii,
2744 623 2931 692 Cyrilli
2958 622 3256 687 llierosol.,
3289 622 3402 687 Na-

1813 712 2085 779 zianzeni,
2120 710 2377 784 Nysseni,
2409 714 2708 779 Ambrosii,
2755 713 3131 786 Chrysostomi
3171 724 3226 770 et
3273 712 3405 769 Ful-

1811 805 1978 873 gentii
2007 825 2020 859 :
2077 819 2200 860 eum
2236 806 2433 862 festum
2475 805 2606 860 illud
2640 813 2853 860 constet
2883 805 3103 859 demum
3135 806 3400 860 celebrari

1811 895 2048 964 coepisse
2100 897 2156 951 in
2185 896 2426 952 Ecclesia
2484 912 2631 950 anno
2658 913 2729 950 xv
2755 895 3077 962 Justiniani,
3111 897 3239 965 imp.
3268 894 3403 951 Vide

1811 981 2236 1042 Thomassinum
2302 989 2358 1042 in
2401 989 2606 1058 scripto
2653 987 2860 1043 Gallice
2900 989 3046 1043 edito
3084 987 3158 1042 De
3207 989 3393 1057 festis,

1811 1073 1906 1127 lib.
1942 1090 2000 1139 ii,
2030 1085 2084 1134 et
2111 1075 2280 1132 Willi.
2315 1077 2607 1133 Ernestnm
2643 1076 2983 1131 Tentzclium
3015 1077 3150 1131 diss.
3185 1075 3260 1129 De
3291 1077 3398 1128 ritu

1811 1167 2090 1222 lectionum
2132 1188 2337 1226 sacrar.
2370 1170 2396 1242 §
2430 1172 2483 1226 6.
2516 1169 2680 1227 ann.
2727 1171 2851 1224 Acc.
2885 1169 3185 1224 Sclirwckh
3208 1208 3222 1222 .
3272 1185 3398 1240 pag.

1810 1259 1948 1315 15οω
1976 1261 2090 1316 Sub
2121 1263 2342 1317 nomine
2371 1269 2552 1316 tamen
2616 1261 2843 1334 Nysseni
2878 1270 2961 1316 est
3006 1261 3059 1314 in
3101 1261 3224 1314 cod.
3277 1259 3393 1314 Mo-

1807 1355 1972 1409 nach.
2011 1352 2145 1408 VIII.
2185 1352 2245 1405 V.
2297 1354 2416 1406 Cat.
2443 1353 2603 1407 codd.
2636 1353 2729 1406 Gr.
2775 1353 2968 1404 Bavar.
3005 1368 3125 1421 pag.
3160 1351 3212 1405 '5.
3249 1381 3311 1391 --
3341 1352 3394 1404 in

1807 1448 1932 1502 cod.
1993 1441 2302 1518 Vindcbou.
2356 1445 2561 1500 Caesar.
2607 1444 2697 1511 XI,
2759 1461 2846 1499 nr.
2894 1445 2947 1499 5.
2981 1441 3102 1497 Vid.
3136 1443 3394 1497 Lambec.

1805 1537 1945 1605 VIII,
1979 1555 2032 1608 p.
2069 1537 2192 1592 155.
2225 1566 2296 1576 --
2353 1535 2646 1590 Florentiae
2672 1537 2725 1590 in
2767 1535 2890 1591 cod.
2933 1533 3193 1588 Laurent.
3231 1532 3393 1597 XVII,

1807 1648 1893 1686 nr.
1926 1632 2028 1693 51;
2054 1629 2148 1684 sed
2181 1629 2254 1682 ibi
2286 1644 2457 1682 sermo
2482 1628 2536 1680 in
2570 1643 2850 1680 occursum
2886 1624 3106 1679 Domini
3132 1632 3185 1680 et
3216 1624 3308 1679 Dei
3341 1632 3396 1679 et

1805 1723 1856 1779 J.
1887 1724 2014 1778 Chr.
2039 1722 2290 1778 diversus
2317 1728 2402 1775 est
2431 1721 2499 1776 ab
2518 1720 2687 1784 edito,
2709 1728 2763 1775 et
2799 1719 2991 1788 incipit
3023 1736 3036 1772 :
3065 1713 3194 1788 Εἶχε
3227 1717 3326 1787 μὲν
3357 1720 3392 1787 ὴ

1806 1815 1913 1868 τῶν
1963 1815 2253 1884 γενεθλίων
2289 1814 2618 1884 πανήγυρις,
2653 1821 2760 1867 etc.
2789 1810 2854 1864 ν.
2888 1812 3042 1880 plura
3077 1812 3131 1864 in
3162 1809 3393 1864 Bandini

162 1895 323 1974 ψιειξες
353 1897 402 1951 ι)-
434 1881 482 1949 7.
517 1899 604 1938 nr.
641 1883 734 1974 23-
765 1907 836 1925 -ι-
865 1883 926 1940 1n
956 1887 1079 1942 cod.
1122 1887 1354 1945 Coislin-
1385 1889 1542 1953 CVII.
1574 1899 1704 1946 sum
1739 1870 1778 1926 Β
1807 1909 1923 1962 Cat.
1969 1870 2126 1962 ὲοιιιι.
2156 1906 2250 1961 Gr.
2287 1870 2459 1958 Laur:
2489 1870 2529 1968 ll,
2563 1870 2616 1974 ᾖ.
2642 1903 2769 1958 ita.
2799 1870 2952 1954 ——in
2986 1899 3108 1955 cod.
3163 1898 3390 1952 Tanrin.

160 1987 234 2026 nr.
258 1971 333 2027 6-9
363 1982 588 2044 quatuor
615 1973 851 2048 Nysseni
887 1978 1037 2033 hom.
1097 1980 1150 2034 in
1182 1980 1240 2033 S.
1303 1980 1515 2037 Pascha
1555 1983 1613 2037 li.
1663 1984 1697 2038 l.

162 2075 417 2120 numeratae
440 2065 622 2124 46-49.
661 2067 726 2122 γ.
768 2066 1064 2136 Montfauc.
1121 2072 1251 2126 bibl.
1308 2071 1539 2132 Coislin.
1575 2090 1696 2145 pag.

162 2157 265 2212 432.
293 2157 465 2230 ΗΑιιι..]

218 2250 295 2306 «18.
325 2249 385 2305 1η
416 2268 605 2322 magna
653 2250 938 2307 Dominica
967 2295 981 2319 ,
1027 2254 1252 2309 homilia
1300 2255 1391 2321 III,
1447 2257 1523 2311 De
1566 2259 1700 2328 festo

165 2339 411 2397 Pascitatos
423 2355 468 2400 et
495 2347 884 2401 resurrectione
911 2346 1009 2418 (α),
1038 2348 1290 2413 848-866,
1311 2364 1434 2404 cum
1453 2350 1699 2419 ejusdem

163 2431 306 2488 Silani
335 2437 592 2493 versione.
638 2437 836 2509 Incipit
871 2456 883 2491 :
923 2439 986 2493 Οἱ
1013 2439 1242 2512 πένητες
1265 2441 1372 2495 τῶν
1393 2442 1698 2514 ἀνθρώπων

159 2523 401 2597 φιλέορτοι.

213 2619 287 2675 19.
316 2618 530 2674 Humilia
561 2618 664 2684 IV,
701 2622 793 2685 Εἰς
813 2622 871 2674 τὸ
904 2622 1058 2692 ἅγιον
1081 2625 1173 2677 καὶ
1198 2626 1460 2696 σωτήριον
1487 2627 1695 2697 Πάσχα,

161 2707 223 2764 De
240 2721 397 2764 sancto
427 2722 473 2766 et
501 2712 790 2782 salutifero
819 2712 1074 2772 Paschate
1101 2715 1197 2785 (ὁ),
1217 2731 1268 2786 p.
1291 2717 1546 2783 866-869,
1574 2735 1695 2773 cum

162 2801 393 2858 Laurentii
424 2803 606 2860 Sil‘ani
633 2806 906 2861 versione.
939 2806 1134 2878 Incipit
1169 2828 1180 2863 :
1228 2808 1292 2862 Ἠ
1334 2809 1559 2881 ἀληθινὴ
1602 2811 1695 2864 τοῦ

164 2895 386 2950 σαϐϐάτου
400 2899 763 2962 κατάπαυσις.
785 2898 976 2954 Exstat
996 2908 1049 2955 et
1078 2916 1201 2956 cum
1224 2903 1474 2958 versione
1497 2902 1692 2958 Joacli.

161 2988 432 3054 liamerarii,
462 2991 667 3062 Lipsiae
693 2991 850 3055 1565,
878 2992 934 3057 8,
997 2999 1050 3047 et
1080 3008 1203 3047 cum
1240 2993 1696 3063 interpretatione

161 3079 362 3146 ejusdem
387 3081 708 3149 Camerarii,
748 3091 912 3154 atque
942 3085 1115 3139 altera
1160 3085 1379 3141 Henrici
1411 3086 1712 3144 Oelsclilae-

162 3172 564 3273 gerii,hujusque
601 3177 746 3231 notis
784 3176 1132 3247 philologicis
1163 3194 1228 3233 ac
1257 3179 1611 3253 tlieologicis,
1637 3183 1693 3238 in
1723 3216 1766 3274 α

162 3263 358 3321 tironum
391 3284 517 3324 usus
551 3269 860 3324 adornatis.
896 3269 1116 3326 Dresda:
1143 3272 1300 3337 I628,
1334 3275 1386 3329 8.

213 3355 285 3410 50.
324 3356 549 3412 Ilomilia
575 3357 638 3424 ν,
672 3359 765 3423 Εἰς
787 3359 884 3431 τὴν
910 3361 1222 3434 φωτοφόρον
1258 3363 1352 3416 καὶ
1379 3363 1540 3433 ἁγίαν
1566 3365 1698 3418 ἀνά-

163 3463 336 3514 στασεν,
357 3449 417 3504 In
462 3450 823 3519 luminiferam
867 3463 914 3506 et
971 3463 1213 3507 sanctam
1260 3458 1695 3516 resurrectionem

165 3535 334 3593 Domini
357 3552 401 3595 et
419 3541 513 3596 Dei
549 3541 719 3595 nostri
747 3542 842 3611 (e),
867 3558 985 3612 pag.
1015 3543 1273 3609 869-875,
1298 3560 1422 3599 cum
1449 3547 1696 3604 versione

160 3627 366 3687 Federici
402 3634 632 3690 Morelli.
681 3632 876 3704 Incipit
899 3655 911 3689 :
937 3636 1243 3708 Εὐλογητὸς
1269 3639 1296 3691 ὁ
1329 3638 1481 3698 Θεὸς.
1513 3640 1696 3710 Εὐφη-

160 3723 399 3793 μήσωμεν.
455 3725 746 3782 Prodicrat
799 3729 1098 3797 separatim
1160 3728 1257 3784 Gr.
1302 3712 1443 3783 'cum
1485 3730 1695 3786 Morelli

156 3816 370 3870 versione
395 3816 562 3873 Paris.
600 3816 760 3879 I600,
793 3817 848 3880 8,
899 3829 952 3873 et
1007 3817 1358 3875 Tillemontio
1395 3829 1455 3875 nt
1504 3836 1691 3876 rerum

155 3905 326 3972 inanis,
350 3911 415 3965 ita
448 3913 689 3968 recentis
739 3911 972 3968 Graeculi
1018 3929 1142 3970 esse
1173 3914 1393 3969 videtur
1427 3925 1559 3970 tom.
1621 3913 1696 3969 IX

156 3997 342 4056 Memor.
394 4007 581 4059 ercles.
627 4019 684 4074 p.
715 4003 840 4060 6I3.

205 4093 278 4148 51.
314 4098 411 4162 Εἰς
446 4096 566 4164 τὴν
590 4095 920 4165 ἀνάληψιν,
963 4095 1028 4150 In
1062 4099 1426 4152 ascensionem
1477 4097 1694 4152 Domini

153 4188 288 4240 nostri
316 4187 438 4242 Iesu
489 4187 709 4253 Christi,
766 4205 887 4260 quae
915 4190 1032 4245 dies
1089 4189 1226 4245 festa
1273 4191 1692 4261 Cappadocibus

151 4276 268 4332 dicta
298 4289 373 4336 est
399 4285 430 4352 ἡ
456 4283 832 4354 ὲπισωζομένη
871 4283 973 4354 (d),
1015 4300 1067 4354 p.
1096 4286 1358 4350 875-876,
1413 4301 1536 4341 cum
1573 4303 1694 4341 ver-

151 4366 277 4422 sione
300 4368 434 4425 Petri
469 4371 744 4426 Francisci
772 4371 913 4427 Zini.
948 4373 1144 4444 Incipit
1176 4394 1189 4429 :
1220 4376 1306 4439 Ὠς
1330 4375 1537 4442 γλυκὺς
1561 4393 1691 4429 συν-

149 4457 352 4532 ἐμπορος
398 4463 493 4516 τοῦ
539 4464 878 4540 ἀνθρωπίνου
931 4463 1048 4534 βίου
1102 4467 1131 4518 ὁ
1180 4470 1464 4538 προφήτης
1505 4468 1688 4523 Δαυῖδ.

1809 1997 1967 2052 LXX.
1999 1998 2090 2052 fol.
2129 1997 2234 2051 545
2291 1997 2419 2066 (cat.
2484 1995 2646 2050 codd.
2711 1992 2806 2048 Gr.
2839 1991 3008 2046 Taur.
3068 2006 3187 2060 pag.
3241 1989 3390 2059 167).

1803 2091 1974 2144 ΒΑΜ..

1874 2183 1961 2236 55.
1996 2181 2136 2249 Περὶ
2206 2179 2503 2246 θεότητος,
2536 2176 2612 2229 De
2668 2175 2864 2229 deitate
2895 2172 3028 2227 Filii
3075 2181 3123 2226 et
3156 2170 3389 2241 Spiritus

1802 2273 1975 2326 sancti
2010 2281 2060 2326 et
2103 2269 2169 2324 de
2200 2269 2303 2338 ﬁde
2349 2267 2641 2321 Alma/rami
2701 2266 2904 2334 (sermo
2943 2263 3122 2317 dictus
3159 2263 3215 2316 in
3258 2276 3391 2316 con-

1803 2363 1932 2416 cilio
1950 2361 2114 2415 CPol.
2143 2375 2193 2412 a.
2213 2359 2341 2412 Chr.
2363 2359 2489 2418 383,
2521 2366 2579 2410 ut
2598 2365 2844 2408 notatum
2876 2351 3231 2408 Tillementio
3254 2359 3386 2402 tom.

1802 2451 1894 2516 IX,
1927 2444 2292 2522 pag.586[fj).
2335 2462 2452 2518 pag.
2489 2445 2756 2508 896-910,
2775 2459 2900 2497 cum
2941 2441 3185 2512 ejusdem
3215 2439 3388 2494 Silani

1801 2543 2075 2604 versione,
2099 2541 2191 2610 qni
2219 2538 2475 2594 Graec-eet
2507 2536 2627 2590 Lat.
2650 2535 2897 2590 ediderat
2912 2533 3104 2588 Colon.
3133 2530 3273 2586 1586
3300 2531 3385 2597 ,8.

1801 2631 2106 2703 Nyssenum
2147 2630 2242 2692 Εξς
2281 2629 2371 2681 τὸν
2404 2627 2656 2698 Ἀϐραάμ
2691 2625 2914 2680 laudant
2934 2623 3302 2678 Theodoritus
3333 2623 3388 2676 in

1802 2720 2133 2786 Dial.,J-oan.
2194 2720 2581 2782 Damascenus,
2611 2732 2650 2782 ι,
2686 2716 2768 2770 De
2798 2717 3020 2785 imagg.,
3047 2714 3320 2769 Adrianus
3342 2711 3385 2778 1,

1801 2830 1938 2884 papa
1961 2854 1974 2878 ,
2007 2813 2060 2866 in
2100 2813 2292 2882 e-pist.,
2316 2820 2367 2864 et
2399 2809 2695 2864 concilium
2720 2824 2761 2862 ιι
2787 2807 2992 2861 Nicaen.
3019 2813 3126 2860 act.
3168 2807 3220 2868 4,
3250 2813 3384 2859 tom.

1801 2904 1887 2969 III,
1917 2905 2057 2958 Binii
2086 2918 2208 2974 pag.
2250 2901 2372 2966 532,
2403 2911 2455 2954 et
2484 2899 2808 2970 Eutliymius
2851 2900 2906 2952 in
2953 2897 3240 2964 Panoplia.
3272 2894 3388 2949 Ho-

1800 2998 1947 3052 milia
1980 2998 2036 3050 in
2099 2993 2368 3048 Abraltam
2396 3001 2444 3045 et
2477 2991 2637 3045 isaac
2666 2990 2858 3046 Latine
2873 3005 2937 3043 ex
2969 2988 3196 3042 Achillis
3233 2985 3390 3041 Statii

1799 3089 2052 3144 versione
2075 3087 2276 3158 prodiit
2317 3084 2541 3138 Lovanii
2591 3082 2747 3144 1551,
2793 3097 2899 3136 una
2933 3095 3058 3134 cum
3101 3079 3159 3132 S.
3211 3078 3389 3148 Cliry-
3469 3151 3471 3153 _

1801 3180 2026 3238 sostomi
2053 3177 2432 3248 explanatione
2450 3175 2599 3230 Orat.
2624 3173 2923 3229 Dominicae
2958 3180 3013 3228 et
3040 3172 3389 3227 sermonibus

1806 3273 1985 3328 tribus
2005 3270 2069 3324 In
2087 3270 2321 3324 natalem
2335 3268 2569 3331 Domini,
2592 3265 2656 3319 In
2678 3273 2865 3320 sancta
2887 3265 3224 3333 Tlieophania
3241 3272 3293 3318 et
3315 3262 3390 3316 De

1803 3363 2003 3419 Doride
2014 3364 2285 3433 propheta,
2303 3371 2358 3418 et
2371 3362 2652 3417 Athanasii
2678 3361 2742 3416 In
2773 3376 3019 3430 magnam
3041 3373 3379 3428 parasceren,

1804 3457 2177 3527 Amphilochii
2207 3455 2273 3509 In
2307 3455 2586 3510 sabbatum
2622 3463 2884 3518 sanetum,
2915 3450 3166 3520 Gregorii
3205 3447 3390 3500 Antio—

1804 3548 1962 3603 ebeni
2015 3545 2081 3601 In
2138 3551 2462 3615 sepulturam
2521 3554 2568 3599 et
2632 3543 3070 3598 resurrectionem
3123 3539 3389 3592 Domini:

1806 3637 2100 3708 Soplironii
2128 3637 2194 3690 In
2215 3638 2596 3690 exultationem-
2621 3642 2820 3689 sancta:
2854 3633 3025 3685 erucis
3053 3639 3099 3684 et
3128 3644 3394 3683 resurrec-

1804 3737 2028 3797 tionem;
2051 3734 2238 3804 Cyri-l-li
2267 3734 2421 3787 Alex.
2463 3731 2527 3784 In
2551 3721 2862 3800 parabolam
2883 3730 3044 3783 vinea:
3062 3743 3080 3790 ;
3115 3725 3391 3780 Anastasii

1805 3825 2028 3880 Sinaitte
2052 3825 2125 3880 De
2160 3843 2317 3879 sacra
2346 3824 2558 3893 synaxi,
2583 3832 2636 3876 et
2674 3822 2748 3875 De
2776 3822 2994 3889 injuriis
3027 3817 3389 3879 remittendis;

1802 3917 2063 3972 Marciani
2110 3917 2518 3971 Bcthlebemitae
2579 3915 2905 3984 fragmento,
2965 3910 3094 3974 Nili,
3148 3908 3387 3973 abbatis,

1801 4009 2050 4079 epistolis
2093 4008 2176 4072 Ill,
2202 4015 2255 4064 et
2286 4008 2427 4077 typis
2449 4006 2756 4077 epistolicis
2786 4003 3040 4074 anonymi
3063 4009 3117 4056 et
3153 3999 3389 4063 Libanii,

1801 4117 2015 4157 necnon
2067 4102 2185 4154 loco
2224 4100 2290 4154 de
2321 4099 2605 4168 epistolica
2643 4096 2882 4150 dictione
2912 4110 2974 4148 ex
3014 4092 3268 4147 Demetrii
3326 4090 3394 4143 li-

1800 4194 1902 4249 bro
1943 4195 2074 4264 Περὶ
2119 4191 2436 4263 ἑρμηνείας.
2476 4191 2666 4244 Exstat
2705 4197 2913 4242 etcum
2946 4183 3392 4253 interpretatione

1800 4286 1990 4342 Joacli.
2034 4283 2356 4346 Camerarii,
2406 4280 2604 4350 Lipsiae
2653 4279 2811 4341 1564,
2847 4277 2901 4340 8,
2928 4284 2982 4330 et
3026 4275 3220 4329 edente
3270 4271 3393 4326 Ηω-

1801 4377 2009 4433 sclielio
2055 4374 2260 4437 Graece,
2314 4375 2574 4442 Augustae
2606 4369 2821 4423 Vindel.
2866 4366 3026 4428 1591,
3067 4363 3119 4418 8.
3153 4363 3387 4431 Incipit:

1803 4464 1928 4522 Οἶόν
1973 4485 2026 4520 τι
2087 4466 2360 4535 πάσχουσι
2407 4464 2544 4534 πρὸς
2581 4463 2708 4524 τοὺς
2756 4457 3077 4521 πολυανθεῖς
3114 4455 3222 4508 τῶν
3275 4454 3390 4506 λει-

148 4546 294 4620 Vertit
320 4553 546 4609 etLaur.
587 4555 832 4612 Silanus.
896 4555 1003 4611 Sed
1032 4555 1151 4610 Zini
1194 4559 1376 4611 versio
1411 4557 1579 4613 etiam
1635 4559 1690 4613 in
1726 4575 1770 4630 ι)
1803 4561 2021 4634 μώνων.
2053 4557 2225 4613 Ρληιι.
2261 4556 2454 4611 Exstat
2486 4555 2541 4608 in
2565 4553 2807 4622 quinque
2851 4548 3012 4625 codd.
3047 4548 3180 4602 bibl.
3227 4545 3387 4600 Publ.

149 4637 387 4701 Breviario
418 4645 667 4701 Romano
715 4646 1025 4716 praefertur,
1075 4656 1135 4702 ut
1178 4648 1494 4704 Possevino
1545 4657 1703 4704 nota-

147 4738 259 4791 tum.
305 4736 465 4793 Fusa.
500 4738 596 4797 Est
625 4739 679 4794 in
711 4737 757 4793 II
807 4740 967 4796 codd.
1001 4740 1180 4797 Paris.
1211 4743 1345 4798 etin
1381 4741 1503 4798 cod.
1535 4740 1701 4797 LXXI

148 4821 338 4882 Taurin.
375 4829 546 4885 “ARL.

203 4918 272 4974 52.
336 4925 437 4986 Εἰς
506 4923 620 4993 τὴν
681 4924 1060 4990 ὑπαπαντήν,
1129 4925 1207 4978 De
1257 4941 1478 4978 occursu
1513 4924 1698 4978 Domi-

145 5005 207 5070 ni,
231 5007 442 5077 Deipara
466 5020 514 5064 et
542 5012 683 5077 iusto
707 5012 947 5068 Simeone
977 5014 1069 5086 (e),
1115 5029 1238 5085 pag.
1274 5011 1534 5078 876-896,
1569 5027 1693 5068 cum

144 5100 361 5156 versione
388 5101 551 5158 Laur.
584 5102 780 5160 Silani.
821 5103 1016 5174 Incipit
1051 5125 1064 5162 :
1127 5106 1206 5176 Τῇ
1270 5105 1532 5176 φρονήσει
1583 5103 1693 5157 τῶν

145 5189 379 5259 οὐρανίων
407 5195 700 5266 μετέωρος.
732 5195 922 5251 Exstat
951 5204 1006 5251 et
1057 5195 1250 5251 Latine
1296 5194 1438 5266 apud
1471 5193 1693 5250 Surium

144 5276 171 5328 9-
201 5281 341 5345 Febr.
376 5285 755 5357 Metapbrasta:
795 5289 1204 5358 interpolatoris
1243 5289 1469 5360 vestigia
1505 5289 1558 5342 in
1586 5288 1690 5342 hac

145 5369 335 5432 homilia
383 5387 574 5433 notant
623 5380 724 5434 viri
767 5381 936 5436 docti.
981 5382 1046 5436 Et
1076 5397 1108 5436 a
1145 5381 1287 5437 Lud.
1325 5380 1692 5438 Thomassino

145 5476 226 5530 PI'O
252 5472 605 5541 supposititiis
660 5473 932 5528 habentur
961 5489 1154 5531 omnes
1215 5474 1293 5529 illi
1343 5474 1402 5529 in
1456 5473 1556 5545 τὴν
1587 5474 1695 5526 ὑπ-

200 5607 268 5685 (ᾳ)
306 5607 444 5685 ﬁdit.
482 5610 724 5685 a.__1658,
751 5612 839 5680 IlI,
871 5629 995 5685 pag.
1038 5616 1162 5669 416.

203 5678 267 5753 (ι)
306 5682 424 5753 Pag.
474 5683 600 5753 tes.

201 5749 262 5826 (ε)
301 5749 420 5826 ἒθέο
459 5751 586 5826 47??-

205 5818 273 5881 (ἀ)
307 5818 426 5888 Pa'g.
467 5823 592 5879 HI.

1803 4653 1979 4708 Paris.
2013 4659 2068 4706 et
2123 4651 2180 4706 in
2218 4650 2343 4705 cod.
2373 4647 2603 4702 Taurin.
2637 4642 2824 4699 LXXI.
2873 4641 2938 4696 V.
2979 4642 3099 4696 Cat.
3136 4640 3230 4693 cit.
3267 4653 3388 4708 pag.

1803 4744 2128 4814 169.‘_H-sn1..

1869 4838 1957 4893 51.
2004 4835 2362 4904 Ἐπιτάφιος,
2393 4834 2581 4889 Oratio
2613 4829 2847 4901 funebris
2877 4828 2930 4881 in
2954 4825 3199 4896 fratrem,
3234 4821 3392 4876 Basi-

1796 4927 1928 4980 lium
1966 4940 2246 4995 magnum,
2279 4922 2604 4978 defunctum
2630 4936 2681 4975 a.
2713 4917 2844 4972 (2hr.
2876 4915 3001 4982 579,
3035 4916 3180 4969 dicta
3214 4910 3394 4966 CaeSa-

1793 5032 1900 5073 rete
1924 5017 1977 5070 in
2003 5017 2089 5071 die
2118 5017 2237 5085 ejus
2287 5014 2588 5070 niemoriali
2654 5013 2744 5086 lg],
2778 5007 3208 5080 pag.9II—950,
3265 5019 3390 5059 cum

1798 5107 2053 5163 versione
2078 5107 2362 5162 Laurentii
2398 5105 2592 5160 Sifani.
2637 5102 2829 5172 Incipit
2857 5120 2869 5154 :
2904 5099 3092 5170 Καλὴν
3119 5096 3390 5164 ἐπέθηκεν

1791 5202 1820 5254 ὁ
1837 5199 1972 5264 Θεὸς
1994 5201 2093 5270 τὴν
2114 5198 2287 5263 τάξιν.
2311 5197 2574 5252 Meruerat
2591 5193 3004 5266 Amphilochius
3034 5191 3088 5244 in
3115 5189 3174 5244 S.
3195 5185 3390 5240 Basilii

1803 5291 1944 5348 Vita.
1977 5290 2098 5363 [Est
2132 5291 2186 5346 in
2218 5290 2284 5345 III
2310 5290 2469 5346 codd.
2495 5287 2702 5360 Paris.]

1864 5385 1952 5440 55.
2021 5384 2365 5454 Ἑγκώμιον,
2411 5383 2553 5438 Laus
2583 5365 2892 5439 sanctorum
2924 5377 3020 5432 XL
3087 5381 3388 5445 martyrum

1809 5477 2242 5544 Seb-astenorum,
2292 5477 2536 5534 homiliis
2567 5475 2632 5541 Il,
2679 5485 2910 5547 quarum
2956 5468 3114 5542 prior.
3151 5465 3386 5538 incipit:

1871 5579 1954 5686 ’(εὶ
1976 5615 2103 5689 Bne
2135 5615 2164 5670 4
2179 5617 2260 5689 H-

1883 5687 2119 5760 (NP-1's-
2148 5688 2270 5760 491-

1881 5757 1951 5830 (g)
1980 5757 2105 5828 Pagi
2141 5759 2266 5811 tia.
