3880 6360
462 350 532 409 55
1689 331 1964 391 NOTITIA
2006 330 2095 385 EX
2152 325 2486 384 FABRICIO.
3663 302 3742 361 56

465 483 526 530 ut
552 473 788 534 videtur,
822 468 1012 540 Nyssa:
1039 468 1092 520 in
1125 480 1312 520 eorum
1343 460 1626 532 martyrio,
1662 457 1775 511 sive
1809 451 2030 522 templo,
2061 457 2110 514 Α
2144 455 2331 520 postea
2363 441 2640 500 recensuit
2663 440 2924 495 Lambec.
2951 437 3004 491 in
3030 434 3136 489 vol.
3168 431 3302 495 Vill,
3333 445 3455 502 pag.
3482 429 3586 484 155
3607 443 3737 499 sqq-

465 578 676 624 etcum
712 564 828 619 Jac.
882 561 1122 616 Gretseri
1172 557 1426 613 versione
1469 568 1616 610 nunc
1647 551 1884 622 primum
1926 547 2046 601 edi-

469 665 524 714 ta
545 657 645 728 (a).
679 654 873 724 Incipit
900 669 913 704 :
939 654 1000 705 Οἱ
1027 651 1126 721 μὲν
1155 647 1372 700 ὁπλῖται
1409 643 1717 714 Ῥωμαίων.
1746 641 1877 694 Duae
1903 636 2047 709 prio-

468 764 558 802 res
583 745 823 800 homiliae
853 757 1041 812 supra,
1072 738 1273 794 nr.

541 860 632 913 70.
668 856 869 912 Contra
894 871 981 910 eos
1038 853 1127 923 qui
1155 850 1408 919 diﬁcrunt
1445 847 1766 917 baptismum
1799 840 1898 913 (lt),
1925 853 2049 892 cum

471 951 726 1006 versione
758 946 1013 1002 Gentiani
1061 943 1303 998 Herveti.
1356 939 1552 1009 Incipit
1593 957 1605 991 :
1642 936 1706 987 Ui.
1740 933 1839 1002 τῆς
1873 933 2053 983 οἰκου-

477 1043 644 1114 μένης
668 1039 870 1110 ταύτης
893 1036 1149 1108 βασιλεῖς.
1179 1033 1367 1088 Latine
1385 1032 1498 1102 jam
1519 1028 1622 1083 fuit
1640 1040 1831 1097 supra,
1853 1037 1938 1077 nr.
1959 1019 2050 1074 21.

477 1132 566 1206 [ν.
607 1130 929 1188 Βοιιτωοιίιι.
963 1145 1016 1198 p.
1047 1127 1150 1180 117
1176 1123 1324 1197 sqq.]

548 1244 638 1298 71.
669 1242 828 1296 Κατὰ
863 1238 1229 1302 τοκιζόντων,
1261 1236 1471 1292 Contra
1507 1232 1805 1295 usurarios,
1837 1228 1953 1283 sive
1985 1224 2056 1293 fe-

479 1345 768 1398 neratores,
803 1347 928 1387 cum
953 1331 1202 1385 versione
1236 1326 1354 1382 Jac.
1391 1323 1636 1381 Gretseri
1667 1321 1764 1393 (c).
1814 1317 2010 1386 Incipit
2039 1333 2054 1370 :

481 1429 605 1481 Τῶν
646 1425 952 1495 φιλαρέτων
985 1419 1306 1494 ἀνθρώπων.
1342 1417 1534 1471 Latine
1573 1415 1685 1485 jam
1720 1412 1822 1465 fuit
1871 1421 2058 1478 supra,

481 1533 570 1572 nr.
595 1516 685 1569 26.
712 1514 925 1568 Laudat
956 1513 1014 1567 S.
1052 1512 1313 1568 Basilium
1340 1518 1395 1564 et
1433 1523 1557 1578 qua:
1589 1507 1681 1560 ille
1701 1505 1756 1558 in
1783 1501 2062 1556 Psalmum

483 1625 594 1670 xrv,
626 1615 817 1662 contra
843 1605 1177 1659 feneratores
1205 1602 1522 1671 scripserat.

555 1721 642 1774 72.
679 1719 755 1772 De
796 1717 1110 1787 pauperibus
1142 1723 1192 1768 et
1228 1711 1591 1779 beneﬁcentia,
1616 1706 1753 1775 Περὶ
1773 1706 2061 1771 simulac,

2149 519 2280 595 etin
2303 553 2433 609 quo,
2460 537 2533 590 ibi
2553 537 2676 589 cod.
2695 531 2743 586 Χ
2767 535 3075 593 numerato,
3097 525 3248 579 varia
3266 531 3397 579 sunt
3416 521 3558 576 Max.
3577 519 3740 574 Plan.

2150 631 2436 701 opuscula,
2465 629 2518 681 iu
2541 627 2626 680 his
2645 641 2727 679 nr.
2755 623 2808 685 5,
2835 627 3136 676 memorata
3158 616 3356 680 oratio,
3374 613 3534 681 cujus
3547 612 3743 674 etiam,

2153 722 2255 777 sub
2286 719 2424 774 Max.
2460 717 2619 771 Plan.
2654 713 2916 779 nomine,
2952 709 3201 787 meminit
3250 709 3360 759 Leo
3401 703 3635 759 Allatius
3685 702 3746 755 in

2155 812 2386 866 diatriba
2423 810 2490 864 de
2526 808 2861 878 Symconum
2894 799 3114 871 scriptis
3150 813 3272 869 pag.
3311 798 3403 862 87,
3439 795 3565 849 add.
3601 793 3749 848 Nes-

2155 907 2273 962 seili
2307 912 2414 960 cat.
2449 902 2610 956 codd.
2639 899 2844 956 Caesar.
2879 903 3020 965 part.
3054 909 3108 959 ι,
3143 909 3195 962 p.
3227 891 3366 954 556,
3400 899 3453 945 et
3484 896 3628 960 part.
3665 901 3747 947 tv,

2155 1013 2278 1069 pag.
2311 995 2446 1058 158,
2473 993 2628 1048 codd.
2661 987 2937 1046 CCLXIX.
2969 1015 3036 1026 --
3060 984 3176 1039 Sub
3203 981 3422 1036 Maximi
3452 980 3610 1033 Plan.
3641 993 3752 1032 no-

2158 1068 2302 1142 mine
2327 1092 2508 1141 exstat
2535 1096 2750 1153 quoque.
2781 1080 2833 1132 in
2866 1077 2988 1132 cod.
3035 1075 3300 1128 Laurent.
3342 1068 3484 1124 XXII
3507 1110 3522 1132 ,
3553 1085 3642 1122 nr.
3679 1069 3752 1132 5,

2155 1179 2294 1248 plut.
2330 1175 2417 1232 56.
2457 1173 2516 1227 V.
2552 1172 2785 1227 Bandin.
2815 1169 2937 1224 Cat.
2973 1167 3144 1221 codd.
3182 1165 3275 1219 Gr.
3309 1161 3468 1214 Laur.
3506 1160 3582 1222 Il,
3615 1174 3748 1229 pag.

2157 1268 2284 1325 327.
2309 1265 2444 1320 Add.
2475 1264 2618 1319 infra
2647 1263 2754 1316 vol.
2793 1260 2874 1323 Χ,
2908 1275 3030 1330 pag.
3065 1257 3169 1311 554
3191 1297 3208 1320 ,
3241 1270 3327 1310 nr.
3368 1253 3457 1307 14.
3491 1251 3674 1306 Ηλιιι..

2229 1358 2320 1412 76.
2353 1355 2625 1424 Expositio
2646 1352 2855 1407 Cantici
2885 1350 3234 1408 canticorum,
3265 1361 3356 1412 per
3389 1342 3751 1410 paraphrasin

2163 1451 2405 1513 collecta,
2455 1465 2523 1503 ex
2568 1446 2669 1500 SS.
2715 1443 2962 1516 Gregorii
2994 1439 3249 1512 Nysseni,
3303 1436 3408 1490 Nili
3435 1444 3492 1490 et
3521 1433 3753 1488 Maximi

2163 1537 2598 1601 commentariis,
2630 1535 2816 1590 Graece
2841 1548 2964 1587 cum
2992 1531 3137 1588 Petri
3165 1527 3442 1584 Francisci
3472 1524 3593 1580 Zini
3625 1536 3756 1576 ver-

2167 1631 2320 1685 sione
2342 1628 2538 1698 lcgitur
2560 1633 2690 1678 tom.
2714 1623 3032 1682 ILAuctarii
3062 1620 3203 1675 Bibl.
3220 1619 3443 1673 Patrum
3470 1612 3755 1676 Ducaaani,

2167 1719 2344 1774 Paris.
2381 1717 2540 1780 1624,
2572 1724 2626 1770 et
2655 1715 2711 1768 in
2736 1713 3062 1767 Bibliotheca
3091 1710 3344 1772 Patrum,
3380 1706 3552 1760 Paris.
3590 1702 3752 1763 1654.

484 1826 608 1866 cum
657 1809 775 1861 Zini
808 1806 1059 1861 versione
1093 1803 1190 1875 (d).
1241 1801 1432 1871 Incipit
1460 1818 1474 1854 :
1528 1799 1586 1852 '0
1614 1799 1713 1868 τῆς
1745 1794 2069 1865 Ἐκκλησίας

2194 1828 2303 1868 om.
2331 1809 2470 1873 XIII,
2510 1824 2614 1864 ms.
2649 1805 2836 1861 Graece
2879 1815 3004 1875 post
3032 1801 3423 1858 Theodoritum
3459 1799 3514 1850 in
3558 1793 3757 1850 Canti-

484 1901 689 1971 ταὺτης
740 1897 1020 1969 πρόεδρος.
1061 1895 1254 1948 Latine
1294 1893 1406 1962 jam
1458 1890 1560 1944 fuit
1597 1903 1784 1958 supra,
1832 1902 1919 1940 nr.
1972 1885 2064 1951 ει,

487 1991 696 2055 (ἶτιρρθ,
733 1989 916 2042 addita
952 1985 1074 2039 Zini
1113 1982 1588 2053 inlerpretatione,
1622 1980 1832 2050 primus
1879 1976 2070 2046 vulga-

485 2085 556 2139 vit
600 2082 916 2144 Gretserns,
941 2094 974 2132 e
1007 2077 1200 2136 codice
1238 2073 1509 2136 Caesareo,
1541 2072 1700 2141 cujus
1738 2067 2071 2136 Seb.Teng-

487 2175 736 2246 nageiius
788 2173 891 2242 ipsi
922 2170 1136 2239 cupiam
1168 2167 1316 2229 fecit,
1374 2179 1424 2218 a.
1474 2163 1632 2222 I617,
1673 2159 1972 2232 lngolstad.
2013 2159 2067 2222 4,

488 2268 556 2324 ad
592 2267 796 2320 calcem
820 2262 1190 2328 Quaestionum
1226 2256 1502 2312 Anastasii
1537 2255 1786 2308 Sinaittc.

558 2359 650 2412 75.
704 2355 766 2409 In
812 2353 1128 2423 principium
1171 2343 2070 2419 ⁸ἱε]ιιγιὶοιίιιτι,Εὶςπαρείσόἀίγιει·

490 2443 806 2514 νηστειῶν,
825 2457 947 2496 cum
981 2440 1234 2494 versione
1264 2437 1379 2491 Jac.
1430 2434 1696 2498 Gretseri,
1738 2434 1830 2500 qui
1868 2432 2076 2501 primus

493 2546 724 2606 utraque
762 2535 946 2604 lingua
973 2531 1141 2586 edidit
1176 2527 1473 2600 Ingolstad.
1503 2527 1664 2588 I517,
1706 2528 1739 2580 4
1785 2523 1880 2595 (e).
1933 2521 2076 2576 Inci-

493 2630 604 2699 pit:
636 2626 894 2680 Σύνθετον
918 2623 1054 2688 ζῶον
1076 2623 1103 2674 ὁ
1129 2621 1434 2691 ἄνθρωπος.
1466 2616 1588 2672 Ilaec
1615 2614 1835 2670 humilia
1867 2613 2082 2666 Asterie

426 2781 431 2786 ,
493 2721 766 2773 Amasene
811 2713 1074 2768 tribuitur
1121 2725 1152 2764 a
1191 2709 1405 2775 Photio,
1457 2710 1549 2778 qui
1609 2705 1856 2763 nonnihil
1905 2720 1970 2758 ex
2017 2719 2079 2757 ea

492 2805 651 2864 ali‘crt
680 2806 803 2860 eod.
839 2801 1112 2858 CCLXXI.
1151 2800 1231 2873 [In
1276 2801 1400 2854 cod.
1443 2799 1698 2853 Laurent.
1735 2791 1926 2858 XXVI,
1974 2809 2060 2846 nr.

503 2897 592 2961 II,
632 2897 772 2966 plut.
810 2895 862 2948 7.
898 2892 964 2948 ν.
1000 2892 1232 2946 Bandin.
1266 2891 1306 2955 1,
1339 2907 1393 2962 p.
1427 2891 1554 2956 279,
1587 2890 1642 2944 in
1686 2889 1725 2942 11
1787 2887 1950 2942 codd.
1977 2886 2082 2938 Pa-

496 2985 687 3050 ris.,in
715 2982 836 3040 cod.
867 2981 1096 3036 Taurin.
1126 2978 1312 3036 LXXI.
1347 2977 1550 3050 Hann]

568 3074 658 3130 74.
707 3073 905 3130 Contra
946 3071 1286 3142 fornicarios,
1344 3070 1458 3125 sive
1505 3069 1560 3122 in
1603 3066 1735 3120 Illud
1765 3063 2010 3134 Apostoli
2053 3063 2070 3115 Ι

2171 1921 2289 1958 cum
2351 1902 2681 1965 canticorum
2749 1899 2801 1951 in
2876 1896 3065 1952 codice
3133 1893 3437 1962 theologica
3498 1888 3759 1942 Caesareo

2172 1989 2442 2048 CCCXIV.
2503 1988 2669 2043 FABn.
2701 2017 2772 2027 —
2805 1985 3061 2040 Monach.
3119 1985 3174 2038 in
3226 1982 3349 2036 cod.
3403 1976 3642 2033 XXXIX.
3688 1974 3756 2028 V.

2171 2095 2276 2137 cat.
2316 2081 2409 2136 Gr.
2457 2079 2620 2134 codd.
2677 2077 2868 2131 Bavar.
2921 2092 2974 2146 p.
3021 2076 3108 2130 10.
3137 2106 3203 2118 ——
3234 2073 3393 2129 ConI’.
3451 2070 3573 2125 cod.
3617 2067 3758 2130 LV'I,

2172 2175 2373 2228 Caesar.
2429 2179 2482 2225 et
2512 2171 2578 2224 de
2620 2171 2714 2223 illo
2757 2167 3013 2222 Lambec.
3049 2182 3251 2222 comm.
3303 2163 3394 2226 III,
3445 2178 3499 2232 p.
3531 2161 3662 2220 212.
3697 2175 3764 2214 ac

2176 2267 2228 2321 in
2267 2265 2390 2320 hoc
2417 2264 2524 2318 vol.
2574 2277 2628 2332 p.
2669 2263 2775 2318 285
2813 2276 2896 2331 sq.
2948 2276 3034 2314 nr.
3068 2260 3122 2325 5,
3155 2273 3219 2313 ac
3245 2273 3367 2328 pag.
3404 2255 3472 2312 96
3529 2255 3635 2310 sub
3663 2255 3761 2307 lin.

2179 2359 2352 2412 llam“

2250 2490 2336 2544 77.
2381 2486 2626 2556 Epistola
2649 2484 2718 2538 ad
2740 2483 3055 2555 Evagrium,
3088 2480 3425 2542 monachum,
3459 2476 3594 2532 latet
3617 2476 3767 2530 inter

2177 2582 2460 2637 orationes
2510 2577 2862 2643 Nazianzeni,
2914 2592 3145 2631 numero
3180 2573 3340 2641 XLV,
3389 2571 3484 2628 sed
3522 2570 3764 2642 Nysseni

2177 2691 2302 2731 esse
2327 2674 2568 2736 videtur,
2601 2671 2864 2740 quoniam
2899 2669 2954 2721 in
2985 2682 3050 2723 ea
3081 2667 3358 2736 leguntur,
3395 2678 3518 2734 quae
3554 2662 3767 2732 Euthy-

2180 2771 2324 2823 mius
2353 2769 2408 2821 in
2441 2763 2707 2832 Panoplia
2739 2761 2898 2816 allert
2933 2777 2997 2815 ex
3033 2759 3283 2830 Nysseno
3313 2756 3448 2828 πρὸς
3495 2755 3767 2824 Εὐάγριον

2183 2861 2414 2932 μόναχον
2436 2858 2565 2927 περὶ
2588 2857 2872 2925 Θεότητος,
2905 2862 2960 2909 et
2986 2853 3090 2908 sub
3120 2851 3224 2905 hoc
3251 2849 3411 2903 titulo
3440 2847 3687 2902 occurrit
3712 2847 3767 2898 in

2180 2951 2350 3006 variis
2405 2947 2566 3004 codd.
2613 2961 2750 3002 mss.
2802 2952 2864 3014 ut
2912 2944 3165 2998 Czesareo
3223 2940 3413 2995 Graeco
3451 2936 3767 3007 theologieo

2184 3043 2322 3098 XLII
2356 3044 2450 3114 (g).
2503 3040 2710 3096 Confer
2753 3052 2876 3109 quae
2919 3051 3089 3106 supra
3133 3034 3188 3087 in
3230 3031 3576 3085 Nazianzeno
3631 3026 3766 3080 dixi.

579 3119 658 3130 ---
710 3119 904 3130 ν--ν-ν-
946 3119 1286 3142 ,νν---η-τ-ν,
1344 3119 1455 3125 --η
1603 3119 1613 3120 κ
1813 3119 1829 3134 .

496 3167 628 3222 Cor.
659 3182 733 3226 γι,
767 3163 852 3228 18,
878 3163 981 3228 Qui
1013 3163 1331 3230 fornicatur,
1356 3163 1409 3214 in
1440 3149 1720 3229 proprium'
1741 3171 1929 3223 corpus
1960 3169 2076 3223 pec-

2188 3137 2325 3191 Idem
2366 3135 2650 3205 Evagrius,
2694 3145 2816 3202 qua:
2843 3146 2872 3184 a
2899 3127 3161 3198 Gregorio
3195 3124 3262 3180 de
3285 3130 3525 3194 quatuor
3554 3119 3777 3173 virtuti-

497 3270 585 3315 cat
613 3259 704 3328 tf),
730 3274 854 3312 cum
899 3257 1148 3311 versione
1171 3255 1422 3309 Gentiani
1461 3252 1700 3308 Herveti.
1725 3251 1919 3320 Incipit
1946 3268 1959 3304 :
1982 3251 2081 3301 Φο-

501 3351 637 3423 ϐερὰ
663 3351 762 3419 τῆς
799 3347 1159 3418 ἀποπολικῆς
1195 3344 1569 3417 παραγγελίας
1615 3345 1650 3414 ἡ
1691 3340 1944 3410 σάλπιγξ.
1981 3340 2084 3394 La—

502 3444 615 3497 tine
655 3442 767 3512 jam
791 3441 889 3494 fuit
919 3453 1082 3509 supra
1118 3454 1201 3492 nr.
1224 3438 1314 3492 22.
1347 3436 1533 3491 Graece
1563 3437 1772 3505 primus
1795 3449 1916 3489 cum
1949 3433 2084 3488 Her-

501 3531 612 3587 veti
673 3531 929 3586 versione
961 3529 1134 3584 edidit
1165 3528 1480 3584 Gretserus.
1510 3526 1808 3598 Iugolstad.
1846 3525 2003 3590 1617,
2026 3523 2081 3578 4.

503 3623 782 3678 Lacunam
813 3637 875 3676 ex
900 3621 1090 3676 codice
1109 3617 1300 3674 Grteco
1322 3617 1590 3673 Vaticano
1612 3617 1886 3686 supplevit
1919 3615 2082 3668 Laur.

503 3715 862 3784 Zaccagnius,
907 3714 960 3768 in
1024 3711 1370 3766 Collectaneis
1416 3719 1872 3764 monumentorum
1925 3715 2084 3761 vete-

507 3820 648 3868 rum,
692 3805 850 3860 Ilom.
886 3802 1048 3869 I698,
1085 3803 1137 3868 4,
1175 3819 1228 3872 p.
1267 3802 1392 3858 555.

574 3895 641 3950 ν.
679 3895 745 3948 1η
775 3904 966 3948 neutra
1001 3894 1231 3946 editione
1277 3891 1690 3946 Grcam-Latina
1722 3891 2014 3943 habentur:

576 3984 868 4047 Prteterea,
904 3999 1027 4053 quae
1056 3998 1180 4036 cum
1208 3983 1464 4038 referrem
1483 3967 1662 4048 edita,
1692 3983 1853 4036 simul
1883 3995 2090 4035 memo—

506 4076 646 4139 ravi,
679 4091 764 4130 nr.
809 4075 860 4139 7,
903 4075 990 4140 15,
1023 4075 1114 4141 25,
1145 4073 1236 4139 27,
1264 4075 1334 4129 58
1365 4083 1418 4129 et
1449 4075 1534 4128 74.

581 4179 670 4236 75.
735 4177 802 4233 In
838 4177 1058 4233 Petrum
1105 4188 1155 4234 et
1237 4179 1484 4236 Paulum.
1550 4179 1782 4234 Ilomiiia
1859 4179 2093 4249 longior,

511 4287 675 4342 quam
698 4287 765 4326 ex
789 4287 893 4328 ms.
918 4269 1166 4327 Caesareo
1189 4288 1312 4328 cum
1344 4275 1597 4329 versione
1621 4289 1720 4330 sua
1751 4272 1918 4328 edidit
1937 4271 2096 4328 Jaco-

512 4365 618 4420 bus
641 4362 931 4420 Gretserus
956 4365 1251 4435 Ingolstad.
1279 4366 1436 4431 1620,
1471 4366 1523 4419 8.
1550 4370 1846 4433 incertum,
1867 4379 1934 4418 au
1965 4364 2100 4435 Nys-

2185 3229 2287 3284 bus
2315 3225 2694 3282 cardinalibus
2723 3222 2996 3283 didicerit,
3045 3218 3234 3274 retulit
3264 3217 3318 3269 in
3361 3229 3461 3269 suo
3496 3212 3772 3275 Gnostico,

2183 3333 2215 3373 e
2259 3332 2368 3387 quo
2427 3315 2686 3369 Socrates
2737 3327 2812 3375 tv,
2867 3310 2974 3363 23:
3021 3308 3108 3360 Ἐν
3136 3301 3563 3370 τῷΓνωστικῷ
3604 3298 3773 3353 αὐτοῦ

2187 3407 2500 3478 (Εὐάγριος)
2532 3400 2759 3455 τοιαῦτά
2799 3411 2952 3469 φησι·
2981 3397 3265 3466 Τέσσαρας
3301 3392 3498 3463 ἀρετὰς
3544 3391 3638 3442 καὶ
3670 3387 3775 3451 τὰς

2188 3498 2420 3568 θεωρίας
2471 3494 2650 3548 αὐτῶν
2696 3492 2848 3563 παρὰ
2871 3489 2964 3543 τοῦ
3009 3488 3219 3542 δικαίου
3255 3483 3557 3557 Γρηγορίου
3595 3499 3778 3552 μεμα-

2189 3591 2438 3662 θήκαμεν
2475 3584 2638 3648 εἶναι,
2677 3583 2956 3655 φρόνησιν,
2984 3587 3090 3636 etc.

2259 3717 2349 3772 78.
2369 3710 2802 3782 Ἀντιρῤητικὸς
2829 3708 2976 3778 πρὸς
2997 3707 3069 3761 τὰ
3099 3702 3571 3771 Ἀπολλιναρίου,
3588 3699 3781 3754 Antir-

2192 3811 2418 3866 rheticus
2444 3807 2694 3862 adversus
2722 3801 3109 3872 Apollinarem.
3142 3795 3370 3866 Incipit:
3395 3794 3574 3848 Καλὸν
3593 3790 3660 3846 ἂν
3682 3791 3782 3860 γέ-

2193 3920 2336 3957 νοιτο
2379 3899 2664 3972 προοίμιον
2702 3897 2857 3966 ἡμῖν.
2907 3892 3125 3963 Insigne
3166 3890 3268 3943 hoc
3308 3901 3446 3956 opus
3481 3899 3511 3939 a
3547 3883 3781 3938 Leontio

2197 3993 2324 4065 Byz.
2357 3989 2601 4059 invariis
2630 3987 2875 4056 scriptis,
2907 4001 2936 4039 a
2959 3983 3117 4038 Joan.
3141 3981 3478 4036 Damasceno
3499 3985 3553 4031 et
3573 3974 3786 4045 Euthy-

2197 4086 2325 4150 mio,
2361 4096 2577 4138 necnon
2609 4082 2663 4134 in
2703 4078 2843 4134 actis
2880 4086 3048 4132 sextzc
3097 4072 3293 4146 synodi
3336 4071 3554 4125 actione
3582 4067 3632 4120 Χ
3659 4067 3785 4120 lau-

2197 4180 2404 4241 datum,
2460 4183 2934 4242 memoratumque
2984 4169 3287 4238 Nicephoro
3341 4181 3421 4228 ιι,
3483 4159 3784 4226 19,.Hist.,

2199 4270 2409 4339 primus
2439 4283 2504 4322 ex
2540 4266 2733 4320 codice
2775 4261 3058 4324 Vaticano,
3093 4259 3196 4313 700
3233 4255 3455 4310 circiter
3484 4264 3787 4310 annorum,

2199 4363 2438 4432 vulgavit
2469 4375 2591 4414 cum
2635 4356 2887 4412 versione
2921 4367 3020 4407 sua
3064 4351 3318 4418 notisque
3361 4345 3524 4399 Laur.
3579 4341 3790 4395 Zacca-

516 4460 632 4514 seni
670 4459 758 4512 sit.
789 4457 957 4512 Fann.
989 4457 1086 4513 Est
1107 4457 1324 4512 Maximi
1356 4456 1637 4522 Planudaz,
1671 4466 1728 4511 ut
1763 4457 1870 4511 late
1910 4433 2096 4510 docuit
2129 4467 2172 4521 ι)
2200 4454 2381 4523 gnius,
2415 4453 2468 4505 in
2506 4447 2850 4505 Colleclaneis
2885 4450 3266 4497 monumentor.
3308 4446 3563 4497 veterum,
3619 4433 3787 4486 Ιὶοηι.

516 4548 772 4605 Lambec.
791 4550 844 4603 in
869 4548 1081 4604 Comm.
1107 4549 1215 4606 vol.
1240 4547 1330 4610 IV,
1358 4565 1410 4619 p.
1445 4549 1547 4603 119
1575 4565 1696 4618 sqq.
1730 4547 1798 4601 dc
1814 4548 1941 4602 cod.
1961 4545 2098 4610 CIX,

517 4639 721 4697 Caesar.
752 4643 808 4694 in
836 4657 946 4708 quo
971 4652 1059 4694 nr.
1104 4641 1192 4702 I2,
1216 4642 1307 4694 illa
1339 4641 1538 4701 oratio,
1573 4641 1843 4709 principio
1878 4640 2097 4699 mutila,

517 4731 782 4801 Gregorio
815 4731 972 4803 Nyss.
1007 4734 1321 4797 ascribitur,
1351 4741 1403 4786 ct
1437 4749 1502 4786 ex
1531 4747 1640 4800 quo
1678 4729 1993 4793 Gretserns,
2031 4747 2098 4785 ex

521 4823 681 4891 cujus
722 4822 933 4891 praefat.
981 4822 1238 4878 Lambec.
1289 4825 1509 4890 longum
1563 4823 1838 4890 excerpsit
1881 4822 2096 4883 locum,

445 4914 467 4928 ‘
521 4913 671 4968 illam
699 4913 869 4966 edidit
902 4913 1225 4968 orationem.
1264 4914 1368 4968 Sed
1395 4912 1650 4968 Latnbec.
1688 4911 2099 4974 animadvertit,

521 5006 577 5061 in
602 5005 736 5075 bibi.
760 5005 871 5060 duo
895 5007 1185 5062 memorari
1217 5007 1438 5062 codices
1467 5007 1669 5062 Caesar.
1700 5019 1932 5074 quorum
1966 5003 2104 5055 alter

523 5100 668 5155 inter
691 5097 854 5153 codd.
881 5099 1080 5153 histor.
1115 5097 1208 5153 Gr.
1244 5098 1410 5154 etiam
1438 5099 1681 5152 continet
1705 5096 1843 5150 duas
1880 5093 2102 5147 Maximi

525 5192 786 5249 Planudis
811 5198 1000 5254 oratt.,
1025 5190 1080 5244 in
1109 5191 1195 5246 bis
1225 5199 1365 5245 orat.
1392 5191 1448 5243 in
1476 5189 1742 5257 apostolos
1805 5185 2021 5240 Petrum
2055 5192 2105 5237 et

527 5287 800 5351 Paulum;
837 5287 998 5349 alter,
1031 5285 1160 5339 olim
1191 5299 1303 5348 ut,
1337 5284 1480 5339 inter
1501 5283 1662 5338 codd.
1692 5281 1908 5352 philoi.,
1941 5294 2101 5349 quem

599 5466 678 5535 (α)
704 5464 845 5520 Edit.
877 5483 925 5520 a.
962 5465 1121 5530 1658,
1155 5473 1287 5520 tom.
1319 5462 1384 5528 ll,
1415 5477 1539 5534 pag.
1568 5460 1695 5515 203.

600 5539 676 5599 (ω
715 5536 842 5601 Pug.
875 5535 1003 5590 ess.

603 5607 675 5745 ξε)
710 5604 839 5675 Pag.
875 5606 996 5658 141-.

627 5675 682 5745 ά)
714 5674 841 5743 Pag.
869 5675 996 5745 2335.

627 5675 682 5745 ά)
714 5674 841 5743 Pag.
869 5675 998 5745 ass.

607 5742 676 5818 te)
709 5742 841 5813 Pag.
876 5742 1001 5795 2.17.

2212 4545 2371 4608 1698,
2402 4545 2457 4606 4,
2488 4559 2543 4613 p.
2582 4539 2840 4596 125-287.
2868 4535 3069 4591 Confer
3111 4546 3301 4602 supra,
3349 4544 3435 4582 nr.
3474 4527 3560 4588 15,
3593 4524 3687 4579 ubi
3722 4523 3792 4578 de

2202 4636 2523 4708 fragmentis
2551 4642 2678 4688 ante
2712 4630 2876 4686 editis
2917 4627 3149 4698 Nysseni
3176 4633 3362 4678 contra
3395 4620 3788 4689 Apollinarem.

2204 4728 2371 4783 FLBII.
2406 4724 2745 4795 Zaccagnins
2775 4723 2812 4775 l.
2845 4736 2893 4775 c.
2922 4736 2973 4790 p.
3019 4719 3114 4772 I21
3164 4733 3248 4786 sq.
3283 4713 3503 4781 collegit
3543 4709 3796 4763 testimo-

2207 4821 2296 4874 nia
2344 4820 2412 4872 de
2452 4818 2543 4871 illo
2575 4815 2818 4886 Nysscni,
2863 4811 3260 4870 Antirrltetico,
3315 4815 3479 4873 atque
3529 4803 3582 4856 in
3634 4801 3792 4870 prmi.

2208 4928 2332 4983 pag.
2373 4911 2440 4964 18
2495 4925 2616 4979 sqq.
2651 4908 2992 4962 demonstrat
3023 4903 3288 4974 primum,
3326 4914 3466 4967 opus
3496 4896 3630 4949 illud
3667 4910 3796 4950 esse

2210 5002 2504 5073 genuinum
2536 4998 2764 5070 Nysseni
2795 4997 2998 5061 fetum;
3047 5005 3161 5050 tum
3200 4991 3428 5063 inquirit
3464 4990 3517 5043 in
3550 4997 3796 5056 tempus,

2211 5107 2322 5163 quo
2341 5091 2470 5144 illud
2490 5089 2592 5144 fuit
2609 5097 2914 5151 exaratum,
2930 5096 2983 5141 et
3000 5087 3309 5155 suspicatur
3327 5084 3599 5150 latiusque
3615 5088 3802 5136 osten-

2213 5185 2294 5238 dit
2323 5183 2530 5238 editum
2590 5180 2758 5235 fuisse
2791 5194 2820 5232 a
2851 5176 3103 5248 Nysseno
3132 5175 3313 5230 medio
3350 5183 3600 5243 tempore
3650 5171 3800 5226 inter

2215 5290 2416 5330 annum
2461 5273 2586 5339 575,
2634 5280 2688 5327 et
2727 5267 3397 5338 Constantinopolitanam
3446 5281 3464 5318 ι
3497 5261 3798 5332 synodum,

2283 5453 2350 5521 (ἴ)
2380 5452 2508 5521 Pag.
2531 5451 2654 5504 260.
2918 5519 2932 5521 _
2962 5513 3129 5521 _______
3341 5513 3368 5521 _
3505 5513 3518 5521 _
3655 5503 3666 5512 .

2285 5510 2355 5591 (ᾖ)
2391 5510 2622 5591 Ιιινοοά.
2667 5521 2872 5591 Caesar.
2917 5513 3154 5591 LXXIX.
3208 5530 3294 5591 nr.
3338 5513 3542 5591 §___suh
3575 5510 3802 5591 nomine

2213 5581 2460 5658 Gregorii
2497 5583 3165 5657 Nazianzﬂidesuprain
3207 5585 3315 5638 vol.
3347 5581 3484 5646 VIII,
3545 5597 3596 5650 p.
3668 5582 3800 5636 411.

2215 5666 2387 5718 IIAIiL.

2287 5735 2359 5807 (It)
2395 5733 2450 5787 In
2475 5731 2594 5787 cod.
2629 5729 2790 5786 Laur.
2829 5728 2924 5782 καὶ
2956 5729 3106 5782 ποῖον
3131 5725 3322 5786 τοῦτον
3349 5724 3530 5786 ἄνθος.
3598 5738 3654 5777 ι).
