3880 6406
134 376 185 429 n
732 369 741 377 ’
1347 370 1637 427 NOTITIA
1682 367 1773 424 EX
1814 364 2158 431 FABRICI‘O.
3320 383 3391 435 58

132 498 239 544 ante
296 491 703 547 meumenicam
791 508 828 546 ιι
887 490 1157 563 synodum
1207 497 1263 544 et
1317 498 1445 546 ante
1495 490 1703 546 obitum
1733 490 1782 549 Δ
1809 487 1970 562 Nyss.
1997 507 2104 562 qua
2130 491 2280 549 hunc
2302 492 2544 550 vindicat
2581 503 2775 552 contra
2814 511 2933 564 eos,
2964 497 3057 570 qui
3091 496 3271 569 ipsum
3304 495 3395 553 in-

134 583 478 654 Apollinaris:
520 599 648 654 pag.
695 584 761 638 21
800 600 972 655 usque
1011 584 1078 637 ad
1123 578 1249 655 pag.
1295 582 1358 637 41
1394 582 1701 638 doctrinam

136 677 430 748 placitaque
469 675 707 748 Nysseni
754 678 1001 747 quadam
1054 676 1313 746 explicat,
1369 682 1423 729 et
1472 674 1704 729 liberare

135 768 298 822 studet
341 783 470 822 eum
499 783 530 822 a
565 768 797 823 crimine
848 765 1234 827 heterodoxiae,
1280 780 1444 835 quam
1473 771 1696 830 vocant,

137 858 336 927 agitque
372 858 440 912 de
485 858 737 929 reliquis,
789 874 927 928 quos
968 856 1154 923 edidit,
1208 854 1439 928 Nysseni
1474 856 1694 912 libellis.

138 951 226 1005 Sed
254 964 519 1020 compara
552 950 876 1007 Schrteckli.
919 951 961 1010 l.
1010 965 1060 1005 c.
1103 964 1227 1020 pag.
1256 947 1324 1004 69
1348 966 1470 1021 sqq.
1502 948 1569 1004 de
1606 949 1699 1004 illo

136 1056 300 1111 opere,
352 1043 448 1111 qui
504 1044 769 1112 opinatur
818 1043 993 1097 serius
1074 1042 1321 1112 potuisse
1372 1058 1401 1095 a
1451 1039 1700 1113 Nysseno

134 1132 384 1201 scriptum
424 1147 570 1196 esse,
623 1140 677 1187 et
726 1133 912 1187 laudat
951 1132 1157 1187 Christ.
1192 1133 1329 1202 Aug.
1357 1132 1552 1202 Salig.,
1604 1131 1699 1201 qui

136 1222 438 1293 diligentius
476 1231 531 1278 et
563 1224 898 1279 moderatius
927 1225 984 1278 in
1020 1224 1116 1278 lib.
1147 1222 1219 1277 De
1254 1222 1697 1292 Eutychianismo

137 1327 239 1371 ante
290 1315 584 1387 Eutychen,
633 1331 756 1385 cap.
797 1316 885 1381 20,
933 1333 988 1386 p.
1037 1317 1140 1370 I76
1192 1333 1313 1387 sqq.
1362 1317 1699 1373 defendisset

136 1406 350 1479 Nyssen.
402 1408 685 1463 catholicae
727 1407 1030 1478 disciplinae
1074 1408 1340 1470 deditum,
1393 1424 1424 1462 a
1469 1410 1699 1479 crimine

139 1497 267 1553 falsae
292 1498 584 1553 doctrinm.
625 1497 766 1554 Add.
810 1496 1022 1554 Semler
1056 1515 1109 1569 p.
1136 1498 1260 1553 256.
1295 1509 1349 1553 et
1400 1498 1602 1555 Oudin.
1641 1517 1694 1571 p.

139 1588 242 1643 609.
300 1604 388 1660 sq.
437 1619 509 1629 —
557 1587 618 1643 Id
660 1605 798 1660 opus
831 1598 1011 1646 exstat
1045 1605 1264 1662 quoque
1315 1590 1606 1648 Florentia:
1640 1596 1694 1649 in

138 1679 382 1736 Laurent.
421 1681 579 1736 codd.
609 1679 701 1745 IV,
753 1698 838 1736 nr.
877 1682 962 1749 I0,
1008 1684 1145 1754 plut.
1182 1686 1235 1745 7,
1282 1691 1334 1739 et
1365 1683 1480 1750 XII,
1524 1701 1609 1739 nr.
1638 1684 1692 1752 6,

140 1774 256 1840 plut.
311 1772 402 1826 IO.
439 1770 517 1825 ν.
549 1772 782 1828 Bandin.
838 1782 947 1828 cat.
998 1774 1161 1830 codd.
1196 1775 1289 1829 Gr.
1335 1773 1499 1831 Laur.
1544 1776 1596 1842 I,
1638 1792 1693 1848 p.

132 1863 228 1918 205
250 1872 305 1920 et
344 1865 470 1920 482.
506 1864 675 1919 HARL.

197 1955 279 2010 79.
316 1940 555 2009 Hoinilia
578 1954 665 2017 ΙΙ,
690 1956 748 2009 in
777 1953 835 2011 S.
876 1954 1196 2025 Stephanum
1233 1944 1697 2028 protomartyrem,

124 2047 463 2118 Ἕπεδήμησε
484 2046 717 2118 Χριστὸς
744 2046 822 2117 τῷ
846 2048 1037 2118 κόσμῳ
1054 2049 1134 2112 εἰς
1157 2049 1451 2119 σωτηρίαν.
1481 2049 1701 2107 Primus

124 2138 306 2194 Graece
335 2155 400 2194 ex
430 2139 622 2193 codice
648 2136 918 2194 Vaticano
941 2154 1067 2194 cum
1097 2141 1350 2197 versione
1392 2127 1491 2197 sua
1532 2144 1704 2199 edidit

128 2232 531 2304 Zaccagniusp.
551 2232 817 2298 330-545,
849 2248 973 2288 cum
1004 2235 1173 2289 notis.
1202 2232 1362 2289 Prior
1382 2234 1484 2290 fuit
1511 2250 1699 2307 supra,

138 2339 211 2376 nr.
238 2325 325 2378 54.
606 2332 609 2335 λ

199 2411 281 2466 80.
312 2410 568 2479 Ερὶιιοιιτ
590 2408 676 2463 ,Π
692 2409 753 2464 V:
776 2410 824 2464 I.
852 2411 924 2465 ad
959 2409 1267 2476 Eusebium,
1290 2412 1485 2483 incipit
1503 2430 1517 2467 :
1535 2414 1704 2470 Ὅταν

132 2503 438 2568 πλεονάζειν
485 2501 738 2573 ἄρχηται.
782 2501 840 2556 ‘2.
868 2502 938 2556 ad
986 2502 1321 2567 Sebastenos,
1369 2504 1704 2577 Ἐγνώρισαν

128 2592 256 2663 ἡμῖν
270 2608 436 2654 τινες.
458 2591 794 2645 ’5.Διέσωσεν
817 2593 961 2662 ἡμᾶς
986 2593 1015 2645 ὁ
1034 2592 1257 2664 Κύριος.
1279 2594 1326 2649 4.
1359 2594 1542 2664 Νόμος
1557 2598 1704 2651 ἐστὶν

135 2683 391 2757 ἡμέτερος
408 2683 617 2737 κλαίειν
653 2682 789 2752 μετὰ
823 2683 1137 2738 κλαιόντων.
1165 2686 1220 2739 5.
1256 2685 1371 2755 Ἐφ’
1399 2680 1445 2755 ᾧ
1469 2688 1703 2755 μάλιστα

126 2774 275 2845 παρὰ
295 2775 403 2829 τῶν
428 2774 609 2843 σοςρῶν
627 2776 656 2826 ὁ
679 2774 932 2844 βασιλεὺς
954 2775 1060 2829 τῶν
1081 2777 1427 2832 Μακεδόνων.
1455 2780 1509 2835 6.
1525 2782 1709 2835 Τοιοῦ-

132 2865 217 2918 τόν
259 2884 309 2920 τι
348 2864 539 2936 Οαῦμά
595 2883 757 2934 φασιν
819 2868 879 2919 ὲν
936 2870 1047 2931 τοῖς
1111 2868 1381 2941 Θεάτροις.
1439 2873 1482 2927 7.
1546 2874 1705 2928 Ποῖον

130 2956 364 3010 τοιοῦτον
389 2958 467 3027 (a)
500 2956 662 3021 ἄνθος
688 2959 745 3010 ὲν
767 2956 908 3028 ἔαρι.
941 2957 993 3012 8.
1020 2960 1196 3013 Λίτῶν
1220 2979 1274 3014 τι
1315 2965 1389 3032 (b)
1429 2968 1706 3035 προσφυὲς

130 3049 218 3099 καὶ
243 3049 463 3101 οίκείον.
496 3046 551 3101 9.
583 3047 718 3101 Οὐδὲ
737 3048 828 3101 τοῦ
857 3048 1016 3120 ἔαρος
1041 3052 1075 3120 ἡ
1116 3051 1294 3122 χάρις.
1339 3053 1425 3108 10.
1455 3057 1704 3113 Ἧκουσά

131 3156 267 3204 τινος
307 3137 602 3211 Ἰατμκοῦ.
638 3140 727 3193 11.
756 3138 981 3211 Ἐορτὴν
1012 3141 1167 3208 ἄγειν
1198 3142 1425 3214 σύνηθες
1438 3150 1550 3211 τοῖς
1579 3150 1707 3204 Ῥω·
1731 3163 1776 3222 c

132 3230 325 3301 μαίοις.
370 3233 463 3287 12.
495 3233 606 3286 Καὶ
625 3231 735 3285 τῶν
762 3232 936 3286 ἄλλων
961 3233 1217 3288 ἁπάντων
1244 3239 1444 3309 μικροῦ
1470 3241 1580 3296 δεῖν
1609 3245 1703 3316 (c).

136 3325 212 3379 15.
252 3326 434 3395 ’Υμᾶς
470 3324 568 3394 μὲν
595 3327 627 3378 ὁ
654 3323 836 3396 πατὴρ
884 3324 994 3379 τῶν
1034 3329 1355 3399 οἰκτιρμῶν,
1387 3340 1440 3387 et
1481 3335 1567 3390 14.
1618 3335 1709 3401 Ὠς

128 3415 262 3471 καλὰ
292 3418 410 3471 τῶν
439 3416 621 3470 καλῶν
648 3419 762 3470 ἐστι
789 3417 858 3470 τὰ
884 3418 1230 3489 ὁμοιώματα.
1271 3420 1489 3482 Primus
1520 3427 1708 3485 (irmce

126 3521 247 3560 cum
286 3508 549 3569 versione
596 3522 694 3561 sua
724 3514 779 3562 et
810 3509 957 3562 notis
986 3509 1156 3565 edidit
1190 3512 1331 3566 idem
1366 3513 1707 3588 Zaccagnius

130 3611 245 3667 pag.
291 3598 566 3653 555—400.
605 3596 772 3651 Fasti.
808 3599 951 3653 Idem
988 3599 1258 3671 Zaccagn.
1298 3602 1353 3657 in
1385 3606 1709 3675 praefatione

124 3704 177 3757 p.
210 3688 278 3742 I2
308 3705 424 3759 sq.,
446 3688 697 3759 quaedam
729 3697 919 3744 natatu
949 3691 1113 3760 digna
1143 3692 1213 3749 de
1243 3694 1351 3751 illis
1373 3697 1706 3761 observavit.

121 3809 192 3821 —
226 3779 286 3834 In
315 3781 439 3836 cod.
489 3789 671 3835 autem
715 3780 972 3838 Laurent.
1000 3782 1141 3848 XIII,
1164 3785 1301 3856 plut.
1329 3787 1416 3851 76,
1450 3804 1480 3843 a
1508 3788 1710 3847 Bandi-

120 3874 215 3928 nio
254 3873 310 3927 in
342 3873 519 3928 Catal.
557 3871 718 3928 codd.
751 3873 846 3928 Gr.
881 3874 1143 3932 Laurent.
1184 3885 1320 3934 tom.
1358 3879 1446 3949 III,
1488 3898 1544 3953 p.
1600 3884 1708 3941 555

120 3980 241 4036 sqq.
280 3964 541 4019 curatius
563 3963 862 4034 descripto,
897 3973 1026 4021 sunt
1058 3975 1253 4036 pratter
1281 3966 1444 4040 Nyss.
1488 3973 1712 4044 physic-

119 4057 313 4127 Iogiam
340 4071 393 4111 s.
432 4054 510 4108 De
537 4063 732 4109 natura
755 4055 982 4111 hominis
1007 4064 1062 4112 et
1091 4073 1398 4115 sermonem
1425 4061 1505 4117 De
1527 4067 1710 4121 anima

118 4154 279 4218 atque
312 4146 745 4211 Catecheticum,
786 4161 850 4202 ac
887 4160 1082 4219 praeter
1109 4152 1327 4222 epp.-in
1363 4154 1495 4210 edit.
1527 4156 1707 4217 Paris.

114 4242 337 4307 partim,
412 4239 623 4308 partim
678 4254 710 4292 a
765 4238 1070 4310 Zaccagnio
1122 4244 1449 4312 publicatas,
1502 4261 1708 4319 septem

114 4331 250 4397 alia,
278 4347 350 4388 ex
393 4332 512 4386 hoc
538 4330 660 4385 cod.
691 4344 722 4385 a
745 4331 1061 4387 Caracciolo
1086 4332 1181 4390 Gr.
1211 4345 1267 4392 et
1291 4335 1410 4394 Lat.
1447 4339 1503 4395 in
1533 4341 1709 4397 lucem

109 4426 348 4480 emissae.
389 4424 672 4493 Inscripta
711 4430 892 4479 autem
921 4432 1006 4480 est
1039 4424 1239 4483 editio:

1726 1833 1773 1889 Β

1806 583 2162 648 simulabant,
2190 585 2338 655 quod
2358 585 2604 644 fallacem
2628 588 2921 659 quamdam
2953 590 3390 647 immutationem

1810 681 1986 730 status
2050 675 2359 731 animarum
2420 677 2474 732 in
2537 679 2654 734 suis
2717 679 2943 749 scriptis
3005 693 3388 739 memorasset.

1807 768 2034 822 Accedit
2070 768 2243 824 series
2279 768 2609 825 varietatum
2651 773 3009 842 epistolarum
3051 771 3324 844 Gregorii,
3358 790 3392 830 a

1810 858 2119 929 Zaccagnio
2148 860 2442 927 editarum,
2469 877 2608 931 quas
2637 877 2701 917 ex
2727 863 3017 919 collatione
3056 864 3179 918 cod.
3208 863 3385 920 Vatic.

1807 961 1861 1007 et
1885 950 2109 1006 Medicci
2140 951 2437 1007 observare
2464 952 2611 1015 licet,
2641 954 2970 1023 interposito
2999 954 3275 1009 interdum
3321 954 3390 1012 de

1806 1043 1876 1099 iis
1916 1043 2148 1113 judicio.
2182 1042 2347 1098 Plura
2377 1044 2524 1115 leges
2570 1043 2639 1100 de
2675 1047 2776 1100 hac
2814 1047 2948 1102 edit.
2989 1047 3044 1101 in
3082 1063 3211 1102 nov.
3248 1047 3389 1103 actis

1805 1135 1961 1191 erud.
1983 1135 2135 1205 Lips.
2165 1151 2239 1190 ιιι.
2267 1134 2399 1191 Jun.
2432 1151 2484 1190 a.
2510 1135 2670 1192 1759.
2698 1145 2839 1208 part.
2868 1154 2925 1203 ιι,
2957 1153 3080 1209 pag.
3103 1139 3230 1201 557,
3263 1154 3386 1208 sqq.

1804 1226 2206 1280 Animadvertit
2236 1237 2418 1281 tamen
2466 1225 2695 1282 Bandin.
2730 1228 2767 1282 I.
2797 1243 2846 1283 c.
2881 1245 3003 1299 pag.
3036 1230 3142 1284 557
3173 1240 3392 1299 postre-

1804 1332 1923 1371 mas
1953 1332 2076 1386 epp.
2104 1318 2156 1371 in
2175 1317 2263 1371 ed.
2288 1317 2593 1376 Caraccioli
2620 1320 2804 1374 minus
2828 1319 2933 1374 ﬁde
2955 1335 3021 1373 cx
3045 1320 3166 1374 cod.
3193 1318 3387 1373 Medic.

1804 1402 1976 1459 fuisse
2003 1404 2329 1476 descriptas,
2362 1416 2414 1462 et
2437 1422 2466 1460 a
2498 1406 2682 1462 futuro
2715 1423 2842 1477 opp.
2868 1406 3026 1480 Nyss.
3059 1407 3267 1462 cditore
3294 1423 3393 1462 no-

1800 1511 1923 1549 vam
1972 1496 2119 1551 illius
2158 1498 2282 1552 cod.
2313 1498 2661 1552 collationem
2711 1512 2834 1552 esse
2867 1496 3287 1552 instituendam.
3320 1525 3392 1535 ——

1805 1588 1984 1643 Paris.
2017 1589 2072 1644 in
2117 1589 2250 1644 bibl.
2282 1589 2439 1644 Publ.
2476 1597 2605 1645 sunt
2642 1587 2805 1661 Nyss.
2849 1603 3038 1660 paucae
3066 1589 3178 1659 jam
3229 1587 3394 1644 editae

1804 1680 2049 1749 cpistola:
2077 1681 2131 1735 in
2158 1678 2275 1736 XIII
2303 1680 2492 1743 codd.,
2516 1682 2571 1736 in
2603 1680 2856 1751 plurimis
2892 1692 3070 1735 tamen
3101 1680 3263 1735 codd.
3301 1696 3392 1736 so-

1800 1771 2079 1826 lummodo
2107 1780 2192 1827 est
2226 1773 2457 1844 epistola
2486 1788 2688 1828 canon.
2717 1773 2782 1827 ad
2819 1771 3088 1829 Letoium.
3117 1771 3292 1827 ΗΑιιι..

1884 1884 2137 1953 Ερὶεῑοιω
2162 1885 2390 1958 Nysseni
2416 1887 2485 1941 ad
2509 1886 2956 1956 Amphilochium,
2989 1902 3097 1957 qua
3137 1887 3393 1957 queritur

1804 1974 1873 2027 ab
1905 1972 2152 2031 IIelladio
2187 1991 2296 2029 non
2341 1977 2627 2030 invitatum
2675 1991 2755 2039 se,
2791 1985 2848 2030 ut
2889 1977 2945 2031 in
2995 1977 3233 2030 ecclesia
3270 1975 3392 2045 ejus

1802 2065 1967 2120 verba
2003 2081 2161 2120 sacra
2199 2068 2426 2131 faceret,
2499 2066 2747 2121 meminit
2808 2066 3103 2122 Batonius.
3139 2066 3393 2139 [Diversa

1802 2155 1971 2227 igitur
2012 2160 2116 2213 erit
2155 2160 2224 2212 ab
2276 2157 2447 2226 Epist.
2506 2158 2576 2212 ad
2618 2158 2951 2230 Amphiloch.
2988 2174 3109 2230 quae
3155 2158 3393 2229 septima

1800 2256 1888 2304 est
1926 2251 1979 2304 in
2008 2250 2094 2306 ed.
2124 2251 2447 2306 (iaraceioli.
2485 2250 2580 2324 11.]

1876 2383 1967 2440 VI.
2009 2385 2067 2440 In
2111 2372 2559 2456 Catalogo'bibl.
2586 2383 2905 2439 Barberinaz
2952 2398 3005 2452 p.
3040 2382 3148 2437 494
3187 2398 3397 2438 metuo-

1806 2484 1961 2533 ratur
1977 2475 2140 2547 Greg.
2161 2475 2444 2549 Nyssenus
2471 2476 2551 2532 De
2572 2476 3188 2532 tranasubuantiatione.
3221 2475 3399 2531 Nimi‘

1806 2588 1929 2627 rum
1978 2571 2207 2627 Parisiis
2252 2585 2305 2626 a.
2348 2570 2507 2635 I560,
2551 2571 2649 2624 fol.
2696 2577 2824 2641 post
2874 2568 3150 2640 Liturgias
3179 2567 3393 2629 Jacobi.

1806 2663 1994 2719 Basilii
2035 2671 2089 2719 et
2121 2662 2501 2734 Chrysostomi
2539 2641 2684 2717 inter
2713 2663 2865 2717 varia
2892 2669 3136 2716 veterum
3166 2657 3394 2713 Patrum

1807 2758 2009 2826 scripta
2053 2756 2120 2812 de
2167 2755 2225 2810 S.
2263 2754 2426 2809 Coena
2458 2771 2508 2824 p.
2552 2753 2815 2817 125-125,
2865 2751 3053 2807 Graece
3084 2758 3262 2806 exstat
3291 2751 3403 2805 sub

1805 2846 2035 2919 Nysscni
2072 2846 2315 2909 nomine,
2362 2846 2487 2898 Ὀτι
2532 2845 2891 2915 ἀγιαζόμενος
2922 2828 3086 2915 ἄρτος
3117 2844 3197 2905 εἰς
3239 2841 3399 2910 σῶμα

1806 2935 1898 2989 τοῦ
1948 2935 2086 2989 Θεοῦ
2099 2932 2274 3000 Λόγου
2308 2936 2705 3004 μεταποιεῖται,
2731 2932 2825 2985 καὶ
2861 2931 2946 2983 ὅτι
2989 2931 3298 2994 ἐπάναγκες
3327 2928 3399 2996 τῇ

1808 3023 2124 3096 ἀνθρωπεία
2167 3022 2322 3092 φύσει
2370 3020 2535 3076 αὑτοῦ
2580 3016 3039 3091 μεταλαμϐάνειν.
3085 3013 3238 3080 Quod
3280 3028 3401 3065 san-

1808 3117 2073 3186 ctificatus
2115 3115 2269 3183 panis
2312 3114 2370 3167 in
2410 3129 2598 3179 corpus
2636 3111 2735 3165 Dei
2786 3109 2943 3164 Verbi
2986 3113 3397 3166 transmittatur,

1811 3207 2051 3279 quodque
2079 3220 2286 3260 necesse
2330 3205 2401 3259 sit
2452 3205 2698 3258 humanae
2724 3211 2935 3257 natura:
2966 3216 3027 3254 eo
3058 3197 3398 3268 participare.

1813 3298 2013 3354 Eadem
2039 3294 2317 3367 Liturgica
2350 3294 2542 3349 Latine
2586 3295 2737 3350 edita
2781 3309 2811 3348 a
2849 3291 3081 3348 Claudio
3111 3289 3178 3344 de
3209 3286 3403 3343 Sainc—

1815 3400 1916 3460 tes,
1959 3394 2238 3459 Antwerp.
2272 3388 2434 3452 1562,
2464 3389 2519 3450 8,
2555 3388 2645 3442 ubi
2688 3385 2923 3459 Nysseni
2966 3383 3110 3439 idem
3159 3393 3399 3449 apospa~

1815 3483 2052 3539 smation
2089 3498 2214 3553 pag.
2254 3481 2321 3535 74
2352 3480 2548 3535 Latine
2574 3479 2792 3550 legitur.
2826 3476 2923 3531 Est
2953 3483 3133 3530 autem
3171 3470 3402 3542 petitum

1813 3589 1880 3631 ex
1903 3587 2099 3645 magno
2130 3573 2280 3627 illius
2315 3569 2668 3627 Catechetieo
2705 3582 2826 3638 cap.
2863 3566 2956 3632 5⁸1,
2991 3573 3155 3634 atque
3195 3574 3402 3630 expen-

1815 3666 1968 3721 ditur
1993 3666 2218 3736 copiose
2245 3664 2315 3718 ab
2347 3662 2635 3718 Edmundo
2674 3661 2984 3724 Albertino,
3021 3659 3077 3712 in
3121 3670 3287 3727 opere
3326 3651 3407 3706 De

1816 3755 2160 3812 Sacramenta
2199 3752 2549 3807 Eucharistiat
2578 3766 2629 3822 p.
2661 3750 2769 3806 485
2798 3766 2918 3820 seq.
2952 3746 3038 3803 De
3062 3742 3405 3801 catechetico

1818 3850 1909 3904 illo
1950 3848 2093 3902 libro
2120 3846 2329 3900 dictum
2360 3858 2525 3912 supra
2556 3859 2641 3897 nr.
2684 3843 2771 3897 55.

1889 3953 2197 4026 Symbolum
2240 3950 2365 4019 ﬁdei
2405 3949 2742 4014 Christiane,
2770 3946 2914 4018 quod
2944 3943 3189 4015 Gregorii
3220 3940 3406 3995 Thau-

1816 4046 2054 4116 maturgi
2085 4054 2192 4107 est,
2239 4041 2534 4097 adducitur
2570 4056 2600 4095 a
2624 4040 2875 4112 Nysseno
2920 4038 2977 4092 in
3016 4036 3133 4090 I'ita
3165 4031 3425 4103 Gregorii'

1830 4126 2250 4207 Thaumuturgi,
2325 4136 2391 4188 in'
2436 4133 2767 4204 quibusdam
2813 4130 3092 4186 codicibus
3155 4142 3287 4183 mss.
3344 4133 3405 4180 ut

1817 4230 2010 4287 ϐιωοο
2049 4227 2302 4284 Caesareo
2330 4226 2642 4297 theologica
2668 4221 2859 4324 XLIII
2899 4222 3098 4292 legitur
3128 4219 3233 4274 sub
3263 4218 3405 4290 Nys-

1819 4321 1939 4378 seni
1968 4322 2210 4377 nomine.

1890 4452 1948 4507 In
1995 4455 2183 4507 codice
2219 4452 2392 4507 altero
2440 4449 2574 4506 bibl.
2624 4445 3000 4518 Seguierianre
3049 4444 3166 4501 sive
3209 4443 3408 4501 Coisli—

176 4536 236 4593 S.
266 4536 468 4592 Putris
498 4538 672 4591 nostri
697 4534 958 4609 Gregorii,
982 4543 1211 4610 episcopi
1230 4541 1445 4612 Nyssaz,
1476 4547 1712 4616 episton
1749 4522 1788 4575 θ
1818 4545 2003 4600 niana:
2051 4544 2173 4599 Vita
2226 4544 2467 4616 Gregorii
2501 4541 2887 4611 Thaumaturgi
2946 4555 3079 4607 non,
3130 4545 3188 4594 ut
3228 4538 3284 4594 in
3327 4540 3409 4592 al-

109 4638 321 4695 septem.
355 4628 561 4683 Primo
583 4628 775 4684 Latine
796 4632 978 4695 vertit,
1003 4645 1058 4687 et
1083 4634 1271 4699 edidit,
1301 4640 1712 4697 commentariis

110 4721 525 4792 nonnullisque
581 4720 1149 4781 animadversionibus
1211 4725 1481 4797 adjectis,
1540 4728 1590 4784 .I.
1648 4731 1710 4785 Β.

109 4811 505 4879 Caracciolus,
565 4810 630 4866 C.
664 4810 733 4866 R;
773 4812 827 4865 in
860 4811 1058 4869 Pisano
1086 4813 1265 4887 Lyeeo
1303 4819 1557 4889 publicus
1588 4823 1713 4892 phi-

109 4902 381 4976 losophiae
431 4901 589 4976 prof.
632 4902 941 4971 Florentiae,
995 4908 1139 4978 typis
1173 4912 1355 4981 magni
1403 4911 1582 4978 ducis,
1622 4930 1711 4986 ap.

1820 4645 1961 4704 tero,
2008 4635 2214 4691 desinit
2268 4637 2322 4690 in
2369 4636 2487 4691 haec
2540 4636 2727 4697 verba,
2775 4631 2969 4701 ψευδὲς
3017 4632 3253 4701 οἰόμενοι
3294 4633 3408 4694 τοῖς

1820 4729 2228 4801 γεγραμμένοις
2248 4728 2307 4782 οὐ
2337 4725 2824 4799 προστεθείκαμεν,
2845 4740 3042 4795 neque,
3066 4735 3123 4779 ut
3142 4724 3197 4779 in
3224 4724 3409 4787 editis,

1823 4822 2008 4878 statim
2042 4820 2326 4891 subjungit
2363 4819 2796 4886 conclusionem,
2838 4817 2895 4872 in
2928 4816 3172 4874 homiliis
3196 4827 3250 4872 et
3279 4816 3410 4871 vitis

1825 4919 2143 4969 sanctorum
2176 4911 2431 4971 solitam;
2468 4910 2565 4965 sed
2594 4910 2714 4980 ejus
2744 4910 2867 4964 loco
2916 4908 3079 4964 habet
3121 4908 3258 4972 hac,
3288 4923 3412 4979 quae

108 4992 429 5050 Tartinium
458 5000 523 5048 et
552 4991 903 5049 Francbium.
937 4995 1094 5050 1751.
1128 4996 1223 5053 fol.
1264 4998 1626 5073 Subjungitur
1648 5006 1717 5061 ad
1825 5023 1892 5063 ex
1926 5002 2301 5060 Montfauconi
2350 5000 2612 5072 Catalogo
2649 5001 2781 5057 bibl.
2815 5000 3168 5058 Coisliniana:
3208 5015 3264 5072 p.
3306 5000 3412 5054 I80

108 5087 312 5144 calcem
340 5103 414 5144 ex
448 5085 588 5140 eod.
623 5086 747 5142 eod.
775 5086 834 5142 S.
872 5087 1092 5143 Maximi
1136 5086 1386 5164 apologia
1421 5110 1520 5165 pro
1548 5094 1712 5169 Greg.

181 5199 618 5269 Ἐπευξάμενος
663 5199 842 5254 τοίνυν
887 5201 1000 5262 τοῖς
1031 5202 1453 5258 πεπιστευκόσιν
1487 5205 1588 5277 ἤδη
1621 5207 1721 5279 τὴν

106 5291 181 5357 εἰς
211 5292 374 5359 τέλος
403 5291 674 5361 αὔξησιν,
694 5292 792 5345 καὶ
809 5290 908 5363 τὴν
937 5293 1272 5365 ἐπιστροφὴν
1303 5297 1416 5360 τοῖς
1447 5297 1718 5364 ἀπίστοις,

172 5460 249 5528 (ι)
286 5454 348 5510 In
380 5449 731 5528 co_d._Laur.
761 5448 918 5528 Ζητῷ
938 5467 1011 5528 τι.
1044 5449 1220 5528 llam"

172 5520 247 5594 (ὁ)
282 5528 342 5582 In
360 5524 501 5594 cod.
530 5520 796 5577 Laurent.
813 5520 1075 5594 di_v_iditur
1099 5524 1212 5577 haec
1233 5521 1462 5593 epistola
1489 5524 1543 5579 in
1559 5527 1720 5585 duas.

1828 5099 1918 5154 hic
1950 5096 2228 5152 ascribere
2251 5096 2408 5165 juvat
2439 5114 2452 5150 :

1896 5207 2192 5278 Postquam
2236 5206 2406 5279 igitur
2445 5214 2699 5276 precatus
2735 5213 2884 5262 esset
2915 5220 3017 5276 pro
3045 5204 3117 5263 iis
3160 5203 3254 5274 qui
3291 5201 3410 5272 jam

1822 5300 2192 5365 crediderant,
2240 5306 2302 5354 ut
2331 5313 2504 5369 usque
2531 5299 2601 5354 ad
2646 5299 2807 5354 tinem
2842 5299 2901 5354 in
2945 5298 3145 5353 melius
3174 5295 3410 5367 prolice-

1822 5462 2015 5529 jum-ta
2045 5468 2130 5517 est
2158 5468 2283 5516 eum
2311 5462 2620 5530 superiore;
2648 5460 2705 5516 in
2732 5459 2857 5530 cod.
2895 5459 3064 5515 Laur.
3091 5458 3294 5530 scripta
3326 5469 3414 5516 est

1827 5526 1897 5586 ad
1944 5532 2290 5614 Strategium,
2328 5526 2674 5614 incipitque:
2728 5526 2853 5614 ῼῖόν
2899 5526 3236 5614 τινιζτριοῦσιν
3262 5532 3312 5584 οἱ
3342 5534 3416 5603 τῇ

109 5588 261 5675 Prior
294 5597 370 5652 ad
419 5593 707 5675 Joannem
756 5600 806 5645 et
849 5588 1244 5675 {Ilaxiniianum
1268 5588 1425 5675 inca
1469 5596 1580 5675 Καὶ
1611 5597 1721 5651 τῶν
1826 5603 2059 5675 σφαίρᾳ,
2091 5588 2199 5658 εἷο.
2239 5588 2298 5657 In
2327 5601 2421 5675 illo
2454 5588 2629 5675 igitur
2653 5601 2774 5657 cod.
2799 5609 2928 5675 sunt
2955 5598 3073 5654 XIV
3119 5616 3243 5675 epp.
3272 5588 3415 5666 qua;

111 5669 306 5737 ἀλλωνς
342 5662 666 5740 posterior,
700 5662 902 5740 qu_:e_in
929 5663 1250 5740 collectione
1295 5663 1571 5740 ΖξιιιιειιίἰΔ
1595 5683 1718 5738 pag.

1826 5670 2134 5744 iliaca'gnius
2194 5687 2265 5730 ex
2321 5672 2447 5728 cod.
2482 5670 2692 5727 'Vatic.
2757 5672 2972 5743 primus
3034 5674 3412 5743 evulgari/erat.

113 5741 230 5803 382,
256 5732 487 5795 Ii'niﬁ‘l.
524 5733 736 5806 multas
763 5732 1175 5806 habetlacunas
1197 5741 1250 5806 et
1276 5732 1612 5806 alacagnid
1652 5732 1705 5792 ei:

1829 5732 2001 5797 11η.ιῖ

116 5802 327 5884 Ingenio
367 5804 702 5879 suppletas,
744 5809 800 5855 at
827 5802 1187 5859 semicirculis
1219 5802 1564 5872 inclusasfet
1589 5823 1720 5864 con-
