3880 6388
467 339 536 393 33
1701 331 1833 388 ΝΟΤ
1843 331 1980 386 ITIA
2020 327 2055 382 Ε

2169 324 2482 382 uetusto.
3061 387 3066 392 _
3134 341 3138 346 -
3651 327 3722 378 to

467 459 612 516 rent,
668 460 722 506 et
760 450 816 506 in
867 450 1134 516 fidelibus,
1202 460 1259 505 ut
1308 455 1758 504 converterentur
1796 465 1809 500 :
1843 447 1925 501 sic
1971 460 2034 500 ex

2173 440 2312 504 ὖτως
2372 444 2466 494 τοῦ
2533 440 2869 511 ἀνθρωπίνου
2937 439 3052 509 βίου
3095 437 3226 509 πρὸς
3265 437 3354 491 τὸν
3398 436 3532 491 Θεδν
3557 453 3723 506 μετα-

469 541 708 595 Itumana
735 541 846 597 vita
883 541 947 595 ad
973 541 1139 597 Deum
1174 540 1525 603 transfertur,
1562 555 1685 592 cum
1719 537 2036 593 domesticis

471 633 588 689 suis
643 634 1007 703 praecepisset,
1053 641 1111 686 ut
1146 648 1214 687 ne
1270 631 1374 702 ipsi
1419 632 1598 684 locum
1643 631 1922 700 proprium
1967 629 2035 682 ad

472 725 805 794 sepulturam
835 731 1118 778 emerent:
1147 738 1271 776 nam
1313 723 1440 792 quia
1477 723 1606 777 dum
1648 722 1854 777 viveret
1899 737 2039 775 nun-

471 831 635 885 quam
663 816 896 869 voluerit
929 816 1034 868 loci
1065 815 1371 885 cujuspiam
1401 815 1658 868 dominus
1692 813 1902 875 vocari,
1943 811 2038 868 sed

473 913 531 958 ut
561 905 880 973 peregrinus
921 912 974 959 et
1015 903 1223 958 advena
1274 905 1326 956 in
1358 903 1480 957 aliis
1515 903 1650 957 locis
1679 903 1846 955 vitam
1888 901 2043 972 dege-

472 997 564 1058 rit,
596 1011 772 1065 neque
801 1005 923 1064 post
954 1005 1183 1050 mortem
1221 993 1444 1064 pudebit
1481 994 1823 1063 peregrinum
1859 1008 2038 1061 agere.

475 1087 581 1142 Sed
615 1097 738 1157 post
772 1088 911 1141 hanc
937 1087 1130 1149 vitam,
1175 1085 1372 1154 inquit,
1410 1085 1513 1137 hoc
1549 1085 1602 1138 in
1632 1099 1729 1138 ore
1760 1084 2040 1138 hominum

473 1187 739 1242 versetur,
787 1191 980 1245 nempe
1022 1174 1367 1246 Gregorium,
1415 1173 1545 1227 dum
1597 1175 1650 1226 in
1685 1172 1822 1227 vivis
1877 1181 2040 1235 esset,

475 1269 609 1321 nulli
658 1268 779 1321 loco
810 1282 1006 1320 nomen
1057 1265 1322 1319 indidisse
1356 1279 1535 1328 suum,
1566 1270 1620 1318 et
1653 1271 1774 1333 post
1814 1270 2041 1317 mortem

475 1360 618 1430 apud
647 1360 857 1412 alienos
897 1358 1053 1429 quasi
1090 1357 1351 1412 advenam
1390 1356 1582 1421 fuisse,
1614 1357 1742 1426 quia
1783 1371 1840 1410 se
1875 1370 1904 1408 a
1927 1363 2046 1410 toto

474 1449 609 1504 orbe
641 1460 911 1502 terrarum
956 1448 1190 1502 alienum
1242 1444 1466 1511 fecerat,
1515 1446 1588 1498 ita
1621 1453 1674 1498 ut
1713 1460 1781 1498 ne
1831 1449 1884 1498 in
1925 1444 2046 1498 loco

475 1537 698 1608 quidem
725 1537 829 1591 sibi
856 1536 1078 1606 proprio
1101 1535 1319 1605 sepeliri
1344 1536 1578 1590 voluerit
1607 1553 1618 1587 :
1647 1533 1818 1589 solam
1847 1535 2047 1604 quippe

477 1629 581 1686 sibi
635 1629 1038 1698 possessionem
1091 1626 1467 1681 honorabilem
1509 1640 1634 1681 esse
1701 1640 1860 1686 eam,
1927 1640 2048 1694 qua:

476 1722 721 1776 avaritiae
752 1721 958 1774 nullttm
989 1718 1224 1773 admittit
1254 1719 1564 1788 vestigium,
1595 1719 1650 1771 in
1672 1715 1891 1772 Christo
1915 1715 2046 1772 Jesu

2143 534 2408 594 νίσταται,
2437 532 2740 600 ἐπισκέψεις
2773 535 2886 594 τοῖς
2928 531 3252 601 ἐπιτηδείοις
3285 530 3358 600 μὴ
3409 525 3724 598 κτήσασθαι

2145 622 2293 692 αὐτῷ
2330 623 2497 676 τόπον
2524 624 2657 694 πρὸς
2695 623 2873 693 ταφὴν
2907 622 3193 686 ἰδιάζοντα.
3232 622 3295 674 Εἰ
3329 620 3437 693 γὰρ
3467 618 3578 682 ζῶν
3607 619 3724 674 Κύο

2148 735 2259 788 ριος
2303 717 2566 790 κληθῆναι
2591 719 2757 770 τόπου
2788 718 2931 781 τινὸς
2956 719 3018 770 οὐ
3053 717 3396 783 κατεδέξατο,
3424 715 3559 769 ἀλλὰ
3587 731 3726 786 παρ-
3765 787 3768 789 Α

2143 809 2307 862 οικῶν
2340 812 2398 863 ἐν
2448 809 2746 882 ἀλλοτρίοις
2794 811 2883 868 τὸν
2933 811 3047 879 βίον
3096 809 3386 878 διήγαγεν,
3414 808 3535 861 οὐδὲ
3586 807 3728 878 μετὰ

2146 900 2375 955 θάνατον
2404 904 2470 972 τῇ
2511 900 2774 973 παροικίᾳ
2806 903 3022 964 πάντως
3068 901 3578 971 ἐπαισχυνθήσεται,
3607 897 3726 951 ἀλλ’

2145 993 2305 1057 ἔστω,
2348 994 2535 1063 φησὶν,
2567 993 2644 1065 τῷ
2671 995 2809 1064 μετὰ
2835 993 3005 1048 ταῦτα
3033 994 3133 1064 βίῳ
3167 994 3428 1063 διήγημα,
3459 993 3540 1045 ὅτι
3581 992 3730 1062 Γρη-

2145 1085 2328 1156 γὸριος
2366 1083 2490 1137 οὔτε
2543 1084 2651 1149 ζῶν
2698 1085 3057 1156 ἐπωνομάσθη
3088 1085 3238 1154 τόπῳ
3282 1084 3408 1148 τινὶ,
3444 1083 3536 1135 καὶ
3584 1081 3728 1151 μετά

2147 1175 2376 1228 θάνατον
2419 1175 2714 1246 ἀλλοτρίων
2760 1176 2974 1243 ἐγένετο
3008 1176 3187 1246 πάσης
3235 1174 3333 1245 τῆς
3383 1174 3485 1244 γῆς
3535 1173 3729 1226 ἑαυτὸν

2147 1266 2499 1336 ἀποστήσας,
2551 1264 2628 1328 ὡς
2682 1267 2756 1336 μὴ
2813 1266 3106 1335 ἐνταφῆναι
3168 1264 3280 1333 ἰδίῳ
3329 1259 3730 1328 καταδέξασθαι

2147 1351 2315 1424 τόπῳ.
2351 1353 2534 1421 Μόνην
2587 1353 2694 1423 γὰρ
2741 1353 2890 1424 αὐτῷ
2941 1354 3132 1424 κτῆσιν
3185 1353 3369 1423 τιμίαν
3425 1351 3664 1420 ἐκείνην,
3694 1350 3730 1418 ἢ

2149 1442 2462 1510 πλεονεξίας
2487 1446 2572 1513 ἐφ’
2604 1445 2802 1515 ἑαυτὴν
2853 1445 2995 1514 ἴχνος
3042 1446 3102 1497 οὐ
3141 1443 3376 1514 δέχεται,
3418 1445 3474 1495 ὲν
3505 1439 3732 1513 Χριστῴ

2161 1534 2336 1606 Ἰησοῦ
2381 1536 2458 1607 τῷ
2510 1537 2700 1607 Κυρίῳ
2735 1535 2920 1606 ήμῶνο
3037 1535 3229 1606 ήδὸξα
3271 1536 3367 1588 σὺν
3410 1533 3588 1604 Πατρὶ
3633 1531 3734 1584 καὶ

2151 1627 2427 1698 Πνεύματι
2479 1624 2582 1681 νῦν
2628 1626 2724 1680 καὶ
2781 1627 2862 1688 εἰς
2917 1627 3042 1688 τοὺς
3091 1622 3292 1688 αἰῶνας
3322 1624 3432 1677 τῶν
3477 1619 3726 1677 αἰώνων.

2165 1717 2222 1771 Ἀ
2231 1721 2356 1788 μήν.

475 1813 722 1870 Domino‘
747 1823 939 1869 nostro
967 1831 982 1868 :
1014 1815 1102 1867 cui
1153 1811 1324 1883 gloria
1372 1827 1496 1865 eum
1535 1807 1694 1865 Patre
1726 1819 1780 1864 et
1827 1809 2056 1880 Spiritu,
2088 1826 2234 1866 nunc
2265 1817 2319 1864 et
2349 1810 2403 1864 in
2435 1810 2632 1865 saecula
2668 1810 3012 1866 saeculorum.
3045 1810 3236 1866 Amen.

545 1907 844 1998 Gregorius
867 1925 1148 1996 Nyssenus
1176 1923 1253 1978 De
1281 1923 1506 1990 homine,
1538 1923 1737 1985 anima,
1761 1921 2048 1987 elementis,
2083 1911 2123 1965 Β
2153 1924 2246 1979 sed
2273 1924 2364 1978 illa
2397 1925 2798 1994 interpretatio,
2827 1924 2972 1993 quod
3007 1923 3200 1987 sciam,
3241 1922 3415 1976 lucem
3466 1934 3575 1975 non
3636 1932 3733 1974 as-

477 2017 672 2072 riribus
734 2017 949 2078 animae,
995 2013 1187 2069 Latine
1233 2013 1390 2068 Joan.
1449 2013 1691 2078 Conone,
1739 2011 2054 2068 Norimber-

475 2108 652 2180 gensi,
716 2109 1033 2175 interprete.
1081 2107 1261 2161 editus
1315 2120 1409 2175 per
1458 2102 1676 2159 Beatum
1732 2099 2055 2159 Rhenanum

476 2204 764 2270 Argentor.
799 2199 942 2268 apud
976 2196 1236 2252 Schurer.
1257 2195 1416 2259 I512,
1444 2195 1537 2250 fol.
1569 2193 1746 2248 Paris.
1774 2195 1932 2258 1515,
1957 2195 2053 2251 fol.

477 2292 644 2347 Basil.
686 2292 840 2352 I531,
870 2290 924 2354 ι,
956 2287 1139 2359 [1512.
1173 2289 1237 2356 εἰη
1267 2286 1492 2340 Panzeri
1527 2285 1592 2338 A.
1625 2293 1666 2339 t.
1691 2282 1783 2349 VI,
1819 2301 1872 2355 p.
1903 2283 2056 2356 I90].

480 2383 548 2438 Ili
581 2390 711 2438 sunt
745 2382 868 2436 libri
898 2396 992 2434 vm
1059 2379 1416 2448 philosophiae
1446 2376 1522 2431 De
1566 2384 1762 2431 natura
1794 2377 2054 2439 humana,

480 2475 573 2544 qui
617 2473 722 2528 sub
762 2470 996 2543 Nysccni
1047 2471 1264 2524 nomine
1307 2475 1526 2523 exstant
1565 2468 1619 2520 in
1671 2468 1914 2536 antiquis
1943 2467 2058 2522 edi-

479 2565 722 2620 tionibus
780 2562 1027 2624 Lattnis,
1076 2571 1131 2614 ut
1186 2558 1486 2612 Basileensi
1545 2558 1714 2622 1562,
1773 2558 1867 2613 fol.
1915 2557 2059 2613 Nihil

479 2664 660 2710 autem
715 2654 861 2708 aliud
920 2653 1006 2707 his
1053 2653 1388 2714 continetur,
1437 2665 1602 2720 quam
1648 2651 1784 2707 liber
1819 2650 2058 2706 Nemesii

480 2745 556 2799 De
593 2745 820 2805 homine,
848 2743 902 2795 in
931 2748 1056 2795 octo
1094 2739 1308 2794 libellos
1337 2738 1659 2802 distractus,
1695 2745 1754 2791 ut
1786 2736 1898 2805 jam
1936 2752 2066 2808 mo-ﬂ

481 2838 574 2892 nui
640 2835 756 2888 VIII
819 2833 1092 2886 volumine
1149 2832 1243 2885 lib.
1291 2846 1324 2883 v
1379 2828 1522 2900 {cap.
1570 2829 1669 2891 I0,
1725 2827 1752 2899 §
1801 2827 1868 2892 6,
1934 2843 2055 2900 pag.

480 2927 585 2982 448
623 2942 743 2995 sqq.
767 2923 906 2978 Add.
941 2924 1211 2977 Mansium
1240 2921 1307 2975 ad
1333 2920 1546 2974 Fabric.
1587 2919 1729 2973 Bibl.
1755 2919 1881 2974 Lat.
1919 2919 2054 2974 med.

479 3028 528 3072 et
550 3017 649 3085 inf.
687 3026 774 3070 ret.
806 3025 938 3070 tom.
975 3015 1012 3078 Ι,
1045 3031 1097 3084 p.
1125 3012 1231 3067 505
1255 3029 1338 3082 sq.
1372 3011 1600 3083 HABL.].

937 3102 1047 3156 VII.
1090 3103 1301 3171 Scripta
1333 3101 1624 3169 deperdita.

551 3196 619 3251 In
648 3194 937 3249 Proverbia
969 3193 1262 3264 scripsisse
1307 3208 1387 3256 se,
1423 3191 1639 3246 videtur
1666 3190 1894 3246 innuere
1919 3188 2056 3262 Nys-

481 3303 650 3344 eenus
669 3286 860 3340 bomil.
884 3286 903 3339 I
929 3286 985 3338 in
1017 3283 1352 3348 Ecclesium,
1384 3283 1512 3337 licet
1534 3283 1684 3338 locus
1711 3298 1819 3336 non
1847 3281 1920 3336 ita
1941 3281 2060 3336 evi-

482 3379 673 3433 denter
702 3377 806 3432 hoc
844 3376 1080 3432 evincat.
1107 3373 1308 3429 Confer
1346 3372 1758 3428 Tillemontium
1800 3380 1933 3426 tom.
1967 3371 2058 3444 IX,

484 3487 538 3542 p.
569 3471 692 3524 7η.

553 3562 618 3617 In
680 3563 853 3632 Epist.
892 3561 961 3616 ad
1014 3560 1401 3630 Philippenses.
1453 3559 1693 3632 Cyrillus
1766 3559 1948 3624 Alex.,
1989 3559 2060 3612 ad

485 3653 785 3724 Evoptium.

553 3745 636 3800 Ad
661 3744 1028 3813 Theodosium,
1058 3745 1242 3814 episc.,
1271 3743 1544 3810 Quomodo
1575 3742 1851 3798 Cornelius
1881 3741 2062 3809 Spiri-

483 3847 596 3892 tum
657 3847 895 3891 sanclunt
938 3835 1060 3890 ante
1109 3835 1422 3904 baptismum
1463 3835 1740 3904 acceperit.
1815 3831 2063 3886 Meminit

483 3929 763 4002 Nyssenus
810 3930 1003 3999 ipsein
1046 3928 1152 3983 fine
1195 3929 1384 3998 scripti
1421 3927 1495 3980 De
1535 3925 1948 3997 engaslrimytho
1992 3923 2058 3978 ad

485 4021 736 4076 eumdem
772 4018 1165 4073 Theodosium.

557 4108 925 4163 Damascenus
962 4109 1017 4162 in
1055 4105 1340 4163 Parallelis
1371 4123 1425 4176 p.
1459 4107 1565 4162 7T5
1591 4106 1724 4160 citat
1747 4105 2059 4176 Nyssenum

485 4203 544 4258 in
573 4201 708 4256 illud
738 4219 752 4255 :
777 4200 880 4254 Hic
917 4211 995 4254 est
1023 4199 1197 4255 Filius
1233 4217 1376 4254 meus
1405 4199 1648 4253 dilectus.

560 4292 882 4364 Euthymius
913 4292 969 4347 in
1008 4292 1269 4361 Panoplia
1302 4291 1456 4363 adert
1474 4277 1749 4346 honnulla
1772 4292 1836 4344 ἐκ
1859 4290 1958 4361 τῆς
1977 4290 2065 4342 λε·

486 4385 724 4455 γομένης
757 4380 896 4436 εἶναι
926 4383 1019 4438 τοῦ
1062 4382 1410 4454 Νύσσης,καὶ
1451 4382 1790 4453 καλουμένης
1819 4381 2066 4450 Θεογνω-

489 4474 627 4542 σμς.

2159 2016 2328 2087 pexit.

2227 2107 2678 2164 Graeco-Latinte.
2705 2139 2772 2150 —
2799 2109 2974 2166 Paris.
3023 2108 3178 2173 1615,
3220 2105 3255 2161 9.
3288 2106 3551 2170 volumin,
3613 2104 3733 2168 fol.,

2159 2207 2388 2252 curante
2417 2197 2692 2253 Frontone
2731 2198 2951 2262 Ducaeo,
2977 2213 3041 2253 ex
3081 2197 3300 2252 officina
3328 2195 3658 2252 Nivelliana.

2229 2287 2510 2358 Appendix
2532 2289 2661 2344 ibid.
2693 2289 2848 2354 1618,
2875 2289 2992 2354 fol.,
3017 2304 3080 2344 ex
3099 2287 3456 2358 suppeditatis
3479 2295 3532 2341 et
3553 2296 3736 2340 trans-

2161 2377 2346 2434 missis
2378 2394 2405 2432 a
2439 2377 2645 2434 Jacobo
2670 2379 2947 2435 Gretsero.

2230 2469 2406 2523 Paris.
2449 2470 2610 2534 1658,
2641 2471 2736 2525 fol.
2772 2473 2951 2527 tribus
2984 2471 3212 2534 volum.,
3247 2470 3301 2523 in
3347 2485 3452 2536 qua
3493 2468 3739 2524 editione

2161 2558 2296 2612 nihil
2329 2568 2525 2629 praeter
2552 2562 2902 2630 appendicem
2937 2561 3046 2630 jam
3082 2570 3438 2615 memoratam
3477 2560 3737 2620 accessit,

2162 2662 2285 2702 cum
2319 2649 2521 2718 alioqui
2553 2665 2650 2703 nec
2685 2657 2794 2702 tant
2832 2650 3005 2703 nitida
3031 2650 3122 2713 sit,
3158 2665 3256 2703 nec
3287 2659 3394 2702 tam
3424 2648 3736 2710 emendata,

2161 2753 2325 2806 quam
2360 2739 2511 2808 prior
2562 2736 2884 2792 Nivelliana.
2948 2738 3020 2792 De
3068 2749 3300 2810 utraque
3358 2739 3662 2802 Labbeum,
3692 2739 3739 2793 si

2163 2829 2360 2897 placet,
2397 2829 2522 2882 vide
2559 2836 2615 2881 et
2646 2828 2943 2883 Oudinum.
2979 2827 3149 2882 Faue.

2237 2917 2341 2972 Sed
2373 2934 2534 2987 quam
2563 2920 2875 2975 necessaria
2909 2921 2980 2974 sit
3009 2935 3146 2974 nova
3187 2918 3348 2990 Greg.
3372 2918 3532 2990 Nyss.
3573 2919 3663 2973 ed.
3711 2934 3741 2974 e

2163 3008 2322 3062 codd.
2352 3008 2712 3072 emendanda,
2745 3020 2797 3065 et
2817 3025 2879 3064 ex
2914 3010 3020 3064 illis
3054 3019 3104 3064 et
3147 3008 3400 3080 Zacagnii
3437 3019 3599 3078 atque
3633 3008 3742 3062 Ca-

2165 3100 2390 3154 raccioli
2416 3101 2572 3154 editt.
2613 3103 2927 3156 memoratis
2966 3100 3370 3171 Iocupletanda,
3396 3117 3460 3155 ex
3503 3101 3593 3160 iis,
3619 3115 3744 3169 qua

2163 3191 2449 3262 hucusque
2482 3207 2514 3247 a
2546 3207 2631 3247 me
2657 3200 2711 3247 et
2741 3207 2770 3246 a
2803 3192 3060 3247 Fabricio
3085 3194 3373 3247 observata
3407 3203 3555 3256 sunt,
3582 3192 3743 3248 facile

2165 3283 2420 3338 elucebit.
2461 3284 2850 3354 Amplissimus
2887 3293 3067 3339 autem
3121 3285 3305 3339 futuro
3353 3285 3549 3339 edituri
3596 3293 3742 3354 patet

2165 3389 2418 3445 campus,
2456 3374 2511 3428 in
2563 3391 2672 3445 quo
2709 3375 2852 3430 vires
2910 3375 3134 3445 ingenii,
3179 3374 3525 3438 eruditionis,
3576 3385 3744 3446 atque

2165 3465 2459 3536 diligentiae
2489 3481 2613 3522 cum
2637 3466 2797 3522 laude
2824 3467 3026 3538 pariter
3055 3480 3118 3521 ac
3139 3466 3373 3520 utilitate
3399 3466 3573 3536 possit
3595 3481 3743 3522 exer-

2165 3573 2311 3614 CCI‘C.

2234 3650 2444 3705 Aldinae
2465 3650 2734 3706 editiones
2777 3658 2956 3711 sunt:
3011 3649 3259 3719 Gregorii
3321 3647 3553 3722 Nysseni
3606 3650 3745 3705 liber

2165 3739 2247 3798 De
2291 3743 2518 3807 homine,
2549 3759 2674 3798 cutn
2711 3742 2939 3812 Gregor.
2982 3741 3429 3798 Nazianz.oratt.
3472 3741 3564 3806 IX,
3625 3759 3746 3813 quas

2163 3835 2347 3888 omnia
2392 3849 2539 3887 nunc
2577 3835 2808 3902 primum
2830 3835 3272 3908 emendatissitna
3299 3835 3354 3889 in
3403 3835 3576 3889 lucent
3619 3853 3747 3906 pru-

2166 3925 2358 3988 deunt,
2421 3924 2516 3979 Gr.
2581 3923 2778 3980 Venet.
2830 3926 2885 3978 in
2923 3927 3134 3980 aedibus
3173 3927 3290 3981 her.
3326 3926 3449 3981 Aldi
3482 3935 3537 3981 et
3568 3927 3742 3982 Andr.

2166 4016 2395 4069 Asulani
2427 4016 2624 4069 soceri.
2658 4015 2818 4078 1556,
2857 4016 2909 4070 8.
2945 4047 3016 4056 —
3059 4016 3220 4088 Greg.
3278 4016 3438 4088 Nyss.
3478 4020 3747 4090 opuscula

2169 4105 2362 4162 Venet.
2398 4106 2540 4177 apud
2565 4105 2689 4160 Aldi
2742 4109 2882 4163 tilios
2931 4108 3088 4174 1555,
3131 4109 3186 4165 8.
3245 4139 3315 4149 -
3363 4111 3671 4166 Conciones
3714 4128 3748 4166 ν

2171 4197 2245 4252 De
2273 4200 2512 4254 oratione
2537 4198 2772 4255 Domini.
2808 4199 2999 4270 Ejusd.
3025 4202 3320 4256 conciones
3343 4211 3467 4257 octo
3489 4203 3567 4257 De
3591 4203 3749 4258 beata

2167 4292 2292 4345 vita.
2315 4289 2520 4347 Omnes
2548 4307 2578 4345 a
2600 4291 2762 4348 Petro
2792 4291 3070 4348 Galesinio
3088 4309 3366 4350 conversae
3395 4315 3406 4348 :
3437 4297 3520 4351 his
3551 4297 3750 4366 adjun-

2167 4394 2252 4439 cta
2286 4391 2368 4440 est
2399 4385 2468 4439 ab
2489 4384 2679 4440 eodem
2713 4385 2946 4456 Nysseni
2976 4387 3106 4447 vita,
3159 4402 3191 4442 e
3235 4388 3513 4444 veteribus
3556 4403 3750 4445 aucto-

2168 4476 2320 4532 ribus
2354 4477 2601 4532 collecta.
2625 4477 2830 4542 Romaz,
2849 4476 3024 4531 Paull.
3053 4476 3348 4544 Manutius,
3377 4481 3622 4555 1565.}.

558 4566 702 4620 Idem
745 4581 811 4620 ex
848 4564 1098 4636 Nysseno
1138 4565 1208 4618 ad
1255 4565 1537 4619 Ablabium
1560 4564 1806 4634 quaedam
1845 4567 2060 4630 recitat,
2094 4590 2139 4644 ι)
2237 4566 2517 4639 Frequens
2570 4571 2778 4625 mentio
2833 4570 3093 4639 quoniam
3175 4569 3316 4624 facta
3361 4579 3447 4626 est
3487 4551 3750 4629 editionis

490 4671 612 4726 qua:
645 4671 755 4709 non
790 4657 1045 4724 leguntur
1085 4655 1140 4709 in
1172 4657 1375 4725 scripto
1399 4654 1481 4708 Ad
1520 4654 1824 4719 Ablabium,
1855 4656 1920 4709 de
1953 4668 2063 4724 quo

489 4760 677 4815 supra,
705 4759 790 4799 nr.
825 4744 915 4798 30.

807 4834 948 4892 VIII.
977 4837 1250 4892 Edlliones
1277 4853 1488 4904 operum
1523 4836 1772 4907 Nysseni.

561 4927 869 4983 Lalinw.—
905 4929 1181 4993 Coloniae,
1229 4930 1388 4996 1557,
1436 4929 1556 4994 fol.,
1596 4927 1755 4995 cujus
1807 4926 2061 4982 editionis

491 5023 739 5077 notitiam
776 5030 957 5092 petere
985 5023 1113 5076 licet
1141 5037 1204 5076 ex
1245 5020 1572 5074 Bibliotheca
1601 5019 1852 5073 Gesneri.

564 5113 732 5168 Basil.
764 5111 922 5174 1562,
953 5111 1070 5175 fol.,
1097 5112 1353 5182 pleraque
1375 5109 1669 5163 Laurentio
1696 5107 1886 5162 Sifano
1905 5107 2068 5163 inter-

493 5217 665 5274 prete.
682 5203 834 5258 llanc
858 5203 1150 5258 editionem
1175 5201 1806 5274 recenset_Bellarminus
1829 5200 1898 5253 de
1923 5201 1980 5254 S.
2004 5199 2066 5255 E.

565 5295 733 5349 Basil.
770 5293 926 5356 1571,
965 5292 1083 5354 fol.,
1106 5291 1283 5347 Paris.
1311 5271 1470 5355 1575,
1503 5290 1620 5356 fol.,
1653 5307 1772 5358 qua:
1790 5290 1958 5345 editio
1991 5307 2071 5346 re-

494 5396 748 5442 censetur
777 5402 809 5440 a
859 5384 1157 5441 Possevino
1183 5385 1237 5438 in
1266 5385 1538 5452 Apparatu
1568 5383 1626 5440 S.
1691 5383 1867 5438 Paris.
1909 5384 2066 5446 1605,

497 5477 615 5540 fol.,
639 5485 865 5533 curante
911 5476 1191 5532 Frontone
1243 5473 1463 5542 Ducaao,
1507 5492 1628 5547 quae
1674 5484 1727 5530 et
1779 5476 1990 5545 plenior
2017 5485 2072 5530 et

495 5567 807 5621 accuratior
829 5570 1042 5623 caeteris
1079 5579 1162 5624 est
1192 5569 1382 5624 editio.
1644 5569 1650 5574 “

565 5657 819 5711 Carolum
848 5657 1072 5712 Bovium
1115 5657 1350 5730 Nysseni
1413 5671 1576 5727 opera
1641 5655 1874 5710 vertisse
1924 5655 2073 5725 legas

495 5746 551 5801 in
587 5755 734 5800 tomo
766 5745 833 5800 IX
891 5745 1070 5801 Italiae
1110 5749 1187 5802 8..
1217 5747 1544 5803 Ferdinandi
1590 5746 1801 5817 Ughelli
1867 5761 1920 5815 p.
1980 5745 2070 5810 60,

2174 4659 2470 4723 Ilwscbel.,
2502 4661 2750 4715 curatius
2782 4676 2900 4716 eam
2943 4671 2997 4715 et
3014 4670 3232 4731 propter
3262 4664 3542 4718 raritatem
3575 4665 3747 4729 illius,

2171 4767 2292 4821 quae
2322 4767 2488 4821 penes
2525 4766 2613 4806 me
2644 4760 2747 4832 est,
2782 4760 2838 4807 et
2875 4761 3101 4823 propter
3139 4754 3508 4810 additamenta
3538 4756 3752 4812 descri-

2171 4843 2315 4898 bam.
2343 4842 2549 4910 Integra
2571 4852 2747 4896 autent
2770 4852 2854 4898 est
2879 4845 3194 4914 inscriptio:
3225 4865 3240 4897 ι
3264 4845 3325 4898 1).
3345 4845 3589 4918 Gregorii
3619 4850 3754 4921 Nys-

2168 4933 2284 4986 seni
2305 4933 2567 5001 opuscula
2590 4934 2880 5005 quinque.»
2913 4936 2952 4988 I.
2975 4935 3051 4988 De
3076 4937 3399 5004 professione
3418 4939 3750 5000 Christiana.

2167 5023 2232 5076 ll.
2269 5023 2342 5077 De
2365 5025 2694 5092 perfectione,
2717 5036 2766 5080 et
2789 5027 2994 5096 qualem
3027 5027 3390 5084 Christianum
3415 5048 3526 5087 esse
3545 5033 3753 5092 deceat.

2166 5109 2254 5164 Ill.
2284 5112 2589 5181 Anugogica
2609 5116 2725 5167 vita:
2755 5113 2961 5184 Moysis
2987 5119 3278 5181 enarratio,
3301 5132 3408 5186 qua
3427 5119 3550 5171 vitae
3589 5120 3756 5176 Chri-

2169 5203 2360 5258 stianae
2383 5204 2603 5272 quidam
2637 5205 2683 5260 is
2710 5215 2872 5275 typus
2922 5205 3094 5261 fuisse
3117 5208 3450 5262 ostenditur.
3481 5207 3570 5262 IV.
3605 5210 3755 5267 Con-

2172 5304 2257 5347 tra
2280 5295 2694 5363 Apollinarium.
2738 5295 2803 5349 ν.
2836 5295 2911 5350 De
2948 5298 3072 5366 fide.
3115 5299 3304 5355 Gra'ce
3336 5317 3484 5356 nunc
3507 5303 3755 5372 primum

2170 5385 2312 5439 edita
2336 5386 2518 5439 studio
2540 5397 2592 5442 et
2616 5403 2780 5457 Opera
2821 5387 3040 5444 Davidis
3068 5389 3385 5461 Hmscbelii,
3419 5395 3758 5469 Augustani,

2171 5475 2571 5545 Lugd.‘Batav.
2601 5494 2668 5532 ex
2703 5478 2849 5536 offic.
2903 5479 3142 5536 Plantin.
3187 5486 3330 5553 apud
3378 5485 3581 5542 Franc.
3639 5490 3758 5544 Ra-

2174 5567 2548 5637 phelengium,
2576 5569 2737 5631 1595,
2771 5569 2824 5635 8,
2856 5585 2922 5625 ex
2956 5571 3116 5626 codd.
3149 5574 3384 5644 August.
3433 5579 3759 5637 et‘Maximi

2175 5656 2465 5726 Margunii;
2499 5659 2565 5712 de
2593 5659 2794 5726 quibus
2819 5661 2927 5729 agit
2955 5661 3009 5715 in
3042 5665 3275 5732 praefat.,
3305 5676 3358 5722 et
3385 5683 3486 5740 ego
3501 5671 3759 5740 quaedam

2183 5749 2437 5804 adnotavi
2464 5750 2517 5804 in
2544 5749 2846 5806 Introduct.
2883 5761 2990 5807 etc.
3025 5753 3085 5819 ll,
3126 5756 3182 5820 2,
3209 5773 3261 5826 p.
3302 5758 3430 5827 253,
3482 5779 3568 5828 sq.
3608 5764 3765 5825 Otto.
