3880 6380
419 329 488 384 ‘3
1585 316 1642 372 S.
1683 311 2084 371 GREGORIUS
2124 305 2505 365 NYSSENUS.
3615 291 3685 345 5'4

418 447 520 516 τῆς
543 445 665 498 κατ’
703 443 908 515 ἀρετὴν
934 439 1288 509 τελειότητος.
1404 432 1579 504 Hujus
1618 430 1950 502 apographut

2171 433 2243 498 μ’.
2302 426 2397 488 Εἰς
2459 422 2556 493 τὴν
2603 418 2698 474 τοῦ
2754 417 3054 490 ἀνθρώπου
3126 413 3499 485 κατασκευήν.
3532 412 3595 466 Β.
3622 423 3685 468 Α.

425 535 710 594 reverend.
743 508 804 590 et
826 508 1177 589 doctissimus
1203 526 1458 581 dominus
1497 522 1839 592 Margunius,
1883 521 2003 572 ἐπει
2101 527 2280 575 exstat
2319 517 2617 584 interprete
2645 512 2800 567 Joan.
2829 508 3181 565 Leunclavio.

431 646 633 690 σκοπος
667 625 954 696 Κυθήρων,
979 635 1079 678 sua
1111 634 1276 674 manu
1306 621 1617 681 exaratum,
1679 611 1825 668 dono
1879 609 1963 664 Ha

1900 609 2005 664 ἰαὶ-
2176 616 2286 680 μα’.
2324 606 2458 678 [Iep‘t
2477 605 2676 675 ψυχῆς,
2704 603 2842 674 πρὸς
2865 602 2965 671 τὴν
2986 599 3244 670 ἀδελφήν.
3284 596 3348 651 Β.
3386 596 3432 650 Δ

429 720 640 778 schelio
679 683 849 770 misit:
940 683 952 690 '

2179 699 2287 771 μβ¹.
2320 701 2415 762 El;
2439 699 2507 751 τὰ
2536 696 2756 768 ᾅσματα
2782 692 2890 745 τῶν
2914 691 3196 762 ᾀσμάτων,
3227 689 3380 757 λόγοι
3420 687 3515 740 λε’.
3587 683 3694 740 La-

497 809 596 874 λξ.
627 809 721 871 Et;
748 808 848 878 τὴν
889 804 1086 860 ἑαυτοῦ
1116 800 1473 875 χειροτονίαν.
1503 799 1575 853 Μ.
1604 796 1674 851 Μ.

2108 794 2218 848 line
2247 801 2484 853 exstant,
2517 791 2816 857 interprete
2845 787 3044 839 Joann.
3080 781 3437 836 Leunclavio.

497 868 599 977 λέγ’.
629 868 1015 975 κατηγητικδς
1035 868 1218 968 λόγος.
1246 898 1317 952 Μ.
1359 897 1431 951 Μ.
1481 894 1647 964 hujus
1694 886 2003 958 exemplum
2184 882 2295 952 μγ’.
2363 881 2507 952 Πρὸς
2557 879 2686 942 τοὺς
2733 875 3070 946 ἀχθομένους
3133 873 3256 934 ταῖς
3309 868 3702 939 ὲπιτιμήσεσι.

430 999 500 1054 ab
529 969 718 1053 eodem
909 1010 996 1064 ep.
1037 993 1197 1064 Cyth.
1238 988 1581 1047 liteschelius
1603 983 1834 1052 accepit.
2109 972 2297 1064 Grzece
2327 972 2508 1027 editus
2529 969 2778 1024 Parisiis.

499 1049 1114 1158 λὸἶίὲιεριπαρθὲνιαςξ
1157 1090 1337 1138 exstat
1380 1081 1433 1134 in
1474 1049 1808 1132 bibliotheca
1857 1067 2009 1123 Vati-

2177 1063 2358 1117 Codex
2391 1061 2697 1117 orationum
2722 1057 2780 1113 S.
2804 1057 2967 1128 Greg.
3007 1053 3267 1125 Nysseni,
3295 1049 3431 1107 satis
3463 1062 3702 1116 magnus

434 1140 597 1242 cana,
621 1140 922 1233 cotiversds
947 1191 977 1230 a
1011 1140 1170 1229 10;...
1203 1171 1473 1234 Livineio,
1514 1169 1583 1223 G.
2107 1159 2161 1213 in
2192 1157 2521 1213 bibliotheca
2549 1154 2749 1210 nobilis
2772 1159 2827 1208 et
2849 1153 2921 1206 cl.
2956 1167 3007 1204 v.
3035 1149 3096 1202 D.
3138 1146 3412 1201 Theodori
3446 1140 3702 1198 Cameri.

453 1394 1992 1424 _________________________.._.__

1770 1374 3698 1422 ψ

592 1644 1637 1768 PROLEGOMENA
1723 1623 2461 1748 EDITIONIS
2539 1612 3565 1738 MOBELLIANAE.

1463 2053 1938 2102 JLLUSTRISSIMO
1995 2055 2080 2096 ΕΤ
2125 2051 2334 2094 ιιιεγειι
2345 2050 2422 2091 ΕΝ
2431 2045 2673 2090 ῡιεεωθ

1695 2198 2038 2256 FEDERICO
2077 2195 2484 2253 BORROMIEO

1763 2372 1815 2414 S.
1850 2373 1916 2415 ιι.
1958 2370 2017 2411 Β.
2052 2368 2395 2411 CARDINALI

1519 2533 2093 2583 MEDIOLANENSIUM
2127 2529 2646 2580 ARCHIEPISCOPO,

1250 2685 1567 2738 CLAUDIUS
1623 2679 1963 2732 HORELLUS
2006 2678 2270 2726 XAIPEIN
2314 2675 2428 2724 ΚΑΙ
2471 2674 2884 2722 ΕΥΟΔΟΥΣΘΑἹ.

529 3081 686 3150 Quod
727 3078 960 3134 Basilius
997 3075 1253 3145 Magnus,
1281 3071 1593 3128 Cardinalis
1619 3069 1978 3140 amplissime,
2011 3068 2078 3123 ad
2101 3067 2319 3123 beatum
2351 3064 2700 3120 Ambrosium
2725 3061 3093 3117 Mcdiolanen.
3119 3062 3421 3118 antistitem
3453 3065 3740 3138 scribens,

536 3131 685 3150 ""'"
729 3131 755 3133 ί
775 3131 785 3132 ί
814 3131 823 3132 ί
903 3131 912 3133 ⁷
940 3131 956 3134 ν
1087 3131 1119 3145 υ
1239 3131 1251 3139 .
1713 3131 1726 3140 _

462 3189 588 3251 Ροει
623 3176 956 3231 ιυευιεῐιιεηιὶ
1014 3170 1381 3225 maximorum
1423 3165 1635 3218 Domini
1668 3162 1875 3232 Deique
1924 3163 2100 3218 nostri
2143 3160 2533 3215 beneﬁciorum
2585 3160 2637 3212 iu
2685 3175 2858 3228 genus
2897 3159 3197 3213 humanum
3229 3131 3738 3224 ρηυηιοι-ιιίοιίεηη⁹

465 3277 542 3329 ait
577 3286 636 3327 se
666 3280 934 3324 summam
967 3263 1064 3318 Dei
1085 3261 1213 3332 Opt.
1247 3258 1386 3313 Max.
1421 3257 1649 3328 gloriam
1684 3255 2036 3324 praedicando
2065 3255 2349 3316 extollere,
2391 3254 2481 3320 qui
2519 3268 2612 3320 per
2641 3252 2853 3320 singula
2887 3268 3116 3320 quaeque
3159 3253 3357 3306 saecula
3390 3253 3609 3307 numini
3637 3269 3744 3310 suo

467 3369 749 3439 placentes
780 3358 988 3428 deligit,
1024 3352 1382 3422 ἐκλεγόμενος
1412 3350 1539 3412 τοὺς
1571 3348 1720 3417 αὐτῷ
1748 3348 1999 3415 εὐαρεστε

2224 3359 2348 3397 cum
2393 3343 2690 3412 praesertim
2721 3357 2836 3396 aevo
2863 3357 2964 3396 suo
2998 3358 3029 3396 e
3057 3342 3280 3396 civitate
3316 3344 3482 3414 regali
3507 3382 3522 3406 ,
3555 3346 3741 3399 virum

468 3471 797 3534 spectatum,
825 3454 986 3523 cujus
1019 3449 1141 3504 lidei
1168 3447 1336 3501 totius
1362 3444 1540 3514 gentis
1571 3442 1897 3512 praefectura
1928 3440 2222 3496 conunissa
2247 3438 2444 3503 fuerat,
2461 3453 2739 3508 generosa
2767 3448 2969 3501 tuente,
3009 3440 3208 3494 illustri
3235 3451 3416 3494 ortum
3444 3443 3740 3512 prosapia,

465 3531 592 3610 vitae
627 3549 950 3622 splendore,
1003 3539 1222 3597 dicendi
1282 3539 1485 3590 virtute
1515 3535 1762 3599 clarum,
1792 3532 2030 3602 negotiis
2064 3531 2321 3584 civilibus
2377 3531 2677 3585 tractandis
2714 3531 3072 3600 conspicuum
3095 3570 3111 3595 ,
3165 3533 3232 3587 ad
3273 3533 3524 3588 sedulam
3577 3539 3746 3594 ovilis

458 3621 675 3704 Christi
702 3655 892 3697 curam
919 3635 1211 3694 traxisset,
1263 3638 1428 3698 atque
1464 3641 1493 3680 a
1524 3625 1809 3696 judicihus
1847 3633 2009 3677 teme
2063 3623 2128 3675 ad
2181 3621 2582 3691 praesidentiam
2634 3625 2990 3691 apostolicam
3037 3625 3442 3688 transtulisset,
3471 3627 3648 3698 ἄνδρα
3677 3632 3745 3683 ὲκ

469 3734 856 3812 βασιλευούσης
887 3729 1092 3789 πόλεως
1136 3722 1309 3796 ἀρχὴν
1344 3721 1465 3773 ὅλου
1505 3718 1690 3779 ἔθνους
1720 3714 2152 3812 πεπιστευμένον
2175 3753 2189 3776 ,
2223 3713 2423 3781 ὑψηλὸν
2460 3712 2538 3783 τῷ
2566 3716 2904 3785 φρονήματι,
2947 3715 3136 3782 γένους
3165 3717 3549 3788 λαμπρότητιΊ
3585 3738 3747 3790 περι-

465 3807 672 3900 recavet;
706 3827 844 3898 βίου,
871 3822 1043 3889 λόγων
1081 3819 1303 3886 δυνάμει
1328 3856 1343 3878 ,
1379 3813 1669 3885 πράγμασι
1696 3814 1808 3874 τοῖς
1838 3809 1980 3863 κατὰ
2001 3809 2092 3862 τὸν
2116 3808 2228 3878 βίον
2263 3807 2623 3878 περίϐλεπτον
2646 3847 2661 3869 ,
2695 3808 2938 3862 εἵλκυσεν
2979 3811 3058 3871 εἰς
3084 3809 3179 3880 τὴν
3205 3810 3314 3862 τῶν
3349 3814 3618 3882 ποιμνίων
3646 3812 3746 3867 τοῦ

469 3897 716 3992 pug-6'37
737 3913 1080 3975 ἐπιμέλειαν,
1117 3909 1210 3960 καὶ
1240 3905 1348 3960 ἀπὸ
1379 3906 1486 3956 τῶν
1526 3903 1730 3974 κριτῶν
1757 3903 1859 3970 τῆς
1886 3901 1992 3969 γῆς
2015 3940 2030 3964 ,
2064 3901 2159 3952 ἐπὶ
2187 3898 2284 3968 τὴν
2317 3897 2609 3968 προεδρίαν
2637 3899 2744 3952 τῶν
2810 3900 3122 3952 ἀποστόλων
3158 3903 3479 3972 μετέθηκεν.
3512 3904 3647 3970 Quae
3669 3908 3747 3959 ab

470 4012 622 4072 omni
656 4005 1028 4062 assentatione
1077 3999 1449 4054 remotissima
1491 3995 1665 4064 elogia
1715 4007 1746 4045 a
1780 3999 1933 4044 tanto
1975 3989 2390 4058 archiepiscopo
2422 3990 2780 4055 Caesariensi,
2818 3991 3168 4045 sanctissimo
3209 3993 3432 4062 ιιι-ωειηί
3484 3994 3749 4049 Mediola-

473 4107 630 4164 nensi
665 4117 790 4172 jure
847 4097 1094 4161 tributa,
1135 4107 1318 4146 nonne
1375 4088 1732 4144 meritissimo
1784 4085 1851 4138 ad
1885 4084 2264 4138 beatissimum
2301 4081 2560 4135 Carolqu
2595 4082 2931 4137 cardinalem
2982 4082 3385 4150 Borromaaum,
3435 4089 3748 4155 patruelem

474 4212 662 4259 tuum,
697 4192 877 4264 patria
907 4201 1188 4258 regnoque
1228 4183 1438 4238 caelesti
1466 4183 1579 4252 jam
1616 4178 1990 4250 perfruentcm
2017 4217 2033 4242 ,
2077 4186 2131 4232 et
2160 4174 2227 4230 ad
2273 4187 2325 4230 te
2355 4176 2472 4246 pari
2506 4189 2770 4246 purpura,
2813 4175 2979 4230 animi
3015 4177 3276 4241 candore.
3307 4175 3575 4232 doctrinae
3603 4194 3751 4248 prae-

474 4286 697 4346 stautia,
735 4283 858 4334 vitae
901 4290 1229 4346 morumque
1260 4273 1529 4328 modestia
1563 4285 1628 4324 ac
1658 4267 2022 4324 sanctimonia
2057 4274 2383 4321 exornatum
2403 4305 2418 4329 ,
2452 4266 2709 4320 videntur
2741 4264 3163 4327 transferenda?
3188 4265 3311 4321 Jam
3352 4283 3483 4322 vero
3510 4284 3639 4323 cum
3684 4269 3748 4323 S.

473 4381 724 4452 Gregorii
750 4377 984 4450 Nysseni
1016 4372 1283 4445 episc0pi,
1321 4369 1509 4425 Basilii
1559 4370 1708 4422 illius
1747 4365 1994 4436 germani
2043 4364 2270 4427 fratris,
2311 4361 2554 4432 Operum
2602 4361 2921 4431 fetuumque
2955 4364 3171 4434 augusti
3212 4365 3417 4435 ingenii
3470 4364 3750 4435 legitimo-

475 4493 599 4533 rum
633 4472 857 4528 editioni
888 4467 1164 4536 διγλώττῳ
1205 4465 1301 4518 καὶ
1349 4463 1631 4532 συμφερτῇ
1656 4499 1671 4523 ,
1704 4467 1994 4529 patronum

2218 4470 2300 4510 um
2350 4462 2406 4509 et
2449 4453 2826 4525 προασπιστὴν
2864 4457 3219 4526 πανάριστον,
3249 4473 3629 4526 quaereremus
3679 4458 3750 4511 ad

475 4565 747 4619 virulenta
768 4559 1048 4613 Zoilorum
1082 4553 1392 4618 κακοδόξων
1419 4552 1525 4606 tela
1572 4549 1948 4614 retundenda;
1985 4548 2040 4601 in
2080 4562 2241 4616 quem
2273 4545 2455 4616 potius
2481 4545 2669 4600 oculos
2705 4545 2979 4612 conjicere
3004 4546 3314 4612 debuimus,
3338 4562 3504 4616 quam
3542 4549 3597 4602 in
3620 4565 3751 4603 eum

481 4659 641 4726 cujus
669 4653 982 4723 respublica
1013 4651 1323 4706 Christiana
1347 4689 1362 4713 ,
1409 4655 1710 4714 sanctaque
1741 4644 1986 4698 Ecclesia
2015 4643 2266 4697 Romana
2302 4641 2525 4696 nomine
2555 4640 2674 4710 ipso
2703 4639 3026 4695 recreatur?
3052 4641 3252 4710 quippe
3276 4643 3332 4696 in
3360 4657 3472 4710 quo
3521 4641 3756 4712 Ῥώμης

482 4765 642 4806 omen
673 4745 1073 4802 iaustissimum
1104 4742 1444 4802 continetur;
1483 4737 1775 4806 ἐπώνυμον
1802 4739 1915 4797 τοῖς
1947 4753 2014 4788 κα

2221 4750 2355 4803 Ιομα,
2393 4732 2662 4802 siquidem
2683 4770 2698 4794 ,
2732 4730 2922 4800 Igneus
2960 4741 3039 4786 est
3075 4735 3220 4802 vigor
3249 4743 3299 4788 et
3333 4734 3561 4788 caelestis
3599 4736 3753 4804 origo

485 4839 834 4900 Borromwis,
877 4836 1020 4906 quod
1051 4834 1182 4890 olim
1213 4847 1298 4886 me
1321 4832 1389 4886 de
1417 4836 1610 4884 sancto
1634 4828 1850 4891 Carolo,
1876 4842 2037 4896 quem
2075 4835 2133 4880 tu
2169 4825 2416 4893 sequeris
2451 4838 2622 4893 prope
2649 4825 2905 4893 passibus
2937 4824 3130 4894 aequis,
3159 4824 3575 4896 'depmdicasse
3609 4840 3757 4877 ηυη-

487 4946 651 5002 quam
686 4930 993 5001 pcenitehit.
1035 4927 1309 4992 Quocirca
1339 4924 1648 4994 Nyssenum
1678 4920 1992 4990 pervigilem

2221 4925 2325 4970 tem
2355 4955 2370 4978 ,
2399 4918 2733 4986 γρηγορὴσει
2763 4915 3100 4986 φερώνυμον,
3140 4917 3210 4971 ad
3239 4927 3292 4972 te
3326 4916 3753 4986 ἐρρωμενέστα-

487 5041 582 5076 τον
609 5022 704 5074 καὶ
735 5019 1188 5088 ὀξυδερκέστατον
1218 5015 1502 5086 ἀρχιερέα,
1539 5013 1682 5065 ultro
1723 5025 1850 5064 cum
1889 5009 2019 5062 char

2223 5023 2233 5060 ι
2267 5007 2468 5060 mentis
2502 5007 2820 5075 pignoribus
2856 5007 3046 5077 perdiu
3073 5006 3280 5062 abditis
3303 5048 3320 5074 ,
3363 5007 3755 5073 accedentem,

489 5131 552 5171 ea
587 5112 976 5184 φιλοφροσύνῃ,
1014 5109 1367 5179 benignitate,
1400 5107 1736 5160 humanitate
1769 5110 1824 5156 et
1857 5100 2156 5162 alacritate,
2194 5113 2303 5168 qua
2333 5109 2576 5152 veterum
2614 5108 2930 5154 sanctorum
2965 5099 3310 5170 potissimum
3343 5099 3569 5154 Patrum
3598 5100 3761 5156 (Irae-

487 5223 680 5266 corum
711 5215 765 5262 et
790 5203 1109 5259 Latinorum
1137 5211 1490 5257 monumenta
1527 5197 1782 5269 prosequi
1823 5195 1989 5259 soles,
2017 5193 2284 5262 accipito;
2317 5206 2381 5245 ac
2413 5193 2610 5261 pietate
2638 5208 2854 5262 gravem
2885 5201 2939 5248 et
2969 5197 3180 5250 meritis
3209 5197 3264 5250 in
3296 5197 3761 5266 locupletissimae

493 5300 841 5355 bibliotheca:
874 5307 999 5361 tntae,
1034 5311 1141 5384 qua
1195 5294 1556 5366 φιλομούσους
1582 5305 1773 5346 omnes
1803 5288 2079 5344 exhilaras
2101 5323 2116 5348 ,
2148 5287 2383 5355 potiori,
2418 5302 2602 5356 quaeso
2621 5330 2636 5354 ,
2667 5297 2821 5358 parte
2847 5291 3134 5345 collocato.
3168 5290 3260 5346 Sic
3288 5293 3480 5364 utique
3507 5335 3523 5360 ,
3553 5310 3762 5364 magno

495 5391 753 5448 Federice
779 5433 795 5457 ,
829 5393 1010 5448 {medus
1051 5381 1331 5446 Musarum
1369 5398 1646 5444 castarum
1681 5385 1994 5440 inviolabile
2026 5397 2287 5446 servans,
2327 5381 2608 5450 φιλοθέους
2637 5383 2736 5438 Tui
2766 5403 3019 5442 memores
3053 5389 3238 5458 fecisse
3267 5391 3515 5444 merendo
3537 5432 3551 5456 ,
3590 5393 3762 5464 χάρις

497 5484 655 5554 χάριν
683 5488 790 5558 γάρ
827 5489 973 5540 ἐστιν
1008 5489 1044 5556 ἡ
1076 5485 1316 5538 τίκτουσ’
1344 5485 1461 5549 ἀεί,
1489 5496 1652 5554 omne
1685 5493 1860 5534 (svum
1885 5477 2029 5531 dicet

2233 5475 2295 5526 τὸ
2320 5475 2415 5527 τοῦ
2443 5476 2577 5530 Θεοῦ
2621 5478 2847 5549 εὐμενές
2892 5482 2988 5535 tibi
3023 5496 3146 5536 eum
3179 5485 3420 5538 nominis
3465 5485 3759 5540 immorta-

496 5580 651 5635 litate
675 5578 1040 5646 comparabis.
1073 5575 1218 5632 Bene
1251 5575 1475 5644 diuque,
1516 5573 1948 5627 Borromaeorum
1981 5564 2028 5617 θι

2115 5581 2140 5626 ς
2172 5563 2485 5632 ῥωμαλέον,
2518 5567 2715 5621 valeas.
2751 5569 2972 5625 Lutetia:
3008 5571 3269 5628 Parisior.
3304 5575 3368 5627 Α.
3397 5573 3456 5630 S.
3483 5574 3647 5629 1615.

941 5708 995 5730 λ
