3880 6376
427 318 495 374 4⁸7

431 541 587 596 opus.
635 525 702 580 de
743 525 932 580 eadem
986 525 1102 594 ipsa
1142 539 1202 580 re
1235 541 1249 577 :
1284 523 1340 577 in
1363 538 1473 592 quo
1515 523 1820 578 rationibus
1863 524 1999 577 vali-

429 616 680 671 dioribus
722 630 845 670 cum
885 613 1154 668 Eunomio
1193 628 1389 668 manus
1424 627 1743 678 conserens,
1788 629 1912 666 eum
1951 613 2000 666 vi

428 712 739 774 expugnat,
793 701 974 756 omnia
1033 699 1334 770 impietatis
1388 699 1731 756 firmamenta
1797 700 2002 754 labefa-

429 799 604 845 ctans.
645 789 909 844 Venustas
940 803 1071 842 vero
1106 787 1394 852 orationis,
1425 797 1481 842 et
1511 787 1768 858 splendor
1801 788 2002 858 jucun-

428 881 598 936 ditate
654 881 876 948 mistus,
932 880 1097 938 etiam
1154 880 1211 935 in
1261 879 1367 936 hoc
1413 894 1579 950 opere
1635 881 1891 936 decenter
1943 895 2003 936 se

427 973 686 1030 ostendit.

1062 1078 1150 1134 Ea:
1178 1081 1368 1136 Suida.

500 1170 795 1243 Gregorius
812 1169 1097 1244 Nyssenus
1135 1173 1450 1243 episcopus,
1484 1170 1670 1226 Basilii
1703 1169 2006 1225 Caesarien-

432 1265 510 1320 sis
545 1263 736 1330 frater,
786 1265 872 1319 vir
915 1271 972 1319 et
1021 1265 1141 1334 ipse
1181 1264 1436 1334 insignis,
1467 1263 1727 1332 omnique
1755 1263 2004 1316 doctrina

431 1354 758 1418 exuberans,
793 1353 1062 1407 addictior
1088 1361 1269 1408 tamen
1305 1353 1610 1408 rhetorices
1636 1352 1856 1415 studiis,
1891 1359 2004 1404 tam

433 1444 645 1499 celeber
676 1445 1084 1514 praeclarusque
1115 1445 1169 1499 in
1207 1459 1271 1499 ea
1297 1445 1487 1510 evasit,
1521 1459 1684 1512 quam
1716 1443 2005 1512 quisquam

435 1546 700 1590 veterum.
745 1535 796 1590 ls
822 1536 1149 1605 conscripsit
1184 1536 1462 1606 egregium
1512 1535 1710 1588 librum
1747 1533 2006 1586 Adversus

438 1626 782 1691 Eunomium,
841 1635 956 1680 tum
999 1642 1136 1696 opus
1193 1625 1573 1680 admirandum
1630 1624 1705 1678 De
1744 1625 2010 1677 creatione

435 1718 700 1782 hominis;
747 1718 1058 1788 complures
1117 1724 1376 1786 praeterea
1427 1716 1743 1779 conciones,
1794 1722 1906 1767 tum
1955 1715 2009 1767 in

436 1807 661 1862 Cantica
693 1809 1044 1869 canticorum.
1070 1815 1234 1877 atque
1274 1807 1328 1859 in
1355 1803 1707 1858 Ecclesiasten
1741 1820 1758 1857 :
1796 1812 1911 1856 tum
1941 1803 2008 1856 ad

437 1916 668 1953 sororem
710 1898 1011 1952 Macrinam
1051 1913 1306 1968 magnum
1350 1905 1404 1950 et
1449 1897 1837 1965 perpulchrum
1881 1895 2009 1950 Ser-

437 2006 651 2045 monem
695 1989 773 2044 De
820 1991 999 2044 anima
1028 1987 1355 2057 composuit,
1388 1989 1670 2056 multaque
1711 1987 1815 2040 alia
1863 2003 2014 2041 com-

438 2090 652 2136 mentus
704 2091 790 2136 est
851 2098 967 2138 :ex
1043 2082 1244 2150 quibus
1301 2079 1513 2134 celebre
1556 2078 1686 2132 illud
1755 2078 2012 2146 Stephani

439 2173 856 2244 protomartyris
889 2174 1222 2238 encomium,
1253 2181 1308 2228 et
1337 2171 1585 2242 Gregorii
1622 2169 2014 2224 miraculorum

439 2264 648 2334 opificis
686 2264 796 2318 vita
823 2264 1113 2319 habentur.

1593 314 1648 368 S.
1689 311 2084 370 GRECOBIUS
2120 310 2423 368 NYSSENU
2436 310 2492 365 S.

500 435 722 491 Lectum
768 443 852 490 est
897 435 1126 489 alterum
1179 433 1422 504 ejusdem
1471 432 1716 504 Gregorii
1765 433 1994 504 Nysseni
2027 446 2071 501 Α

3607 305 3675 360 ιε

2182 431 2517 501 Ἀνεγνώσθη
2556 430 2717 500 ἑτέρα
2764 423 3112 498 πραγματεία
3144 425 3240 478 τοῦ
3270 423 3438 478 αὑτοῦ
3465 424 3675 494 Γρηγο-

2102 525 2217 594 ρίου
2247 524 2486 592 Νύσσης,
2521 521 2650 591 περὶ
2687 523 2785 590 τῆς
2822 518 2994 587 αὐτῆς
3043 516 3350 578 ὑποθέσεως
3376 531 3390 546 ο
3442 515 3502 568 ὲν
3590 509 3677 562 λο-

2100 616 2397 684 γικώτερον
2431 613 2678 682 Εὑνομίῳ
2713 610 3073 680 συμπλακεὶς,
3100 608 3242 662 κατὰ
3273 607 3478 678 κράτος
3508 605 3678 675 αἱρεῖ,

2103 706 2276 759 πάντα
2324 704 2607 773 σαορώσας
2656 704 2753 773 τῆς
2793 698 3105 760 δυσσεϐείας
3141 696 3307 750 αὑτοῦ
3357 696 3428 749 τά
3471 695 3682 764 ὀχυρώ-

2106 813 2267 865 ματα.
2325 795 2397 847 Τὸ
2445 795 2500 846 δὲ
2549 794 2745 854 κάλλος
2785 791 2878 844 τοῦ
2926 790 3109 856 λόγου,
3156 788 3249 841 καὶ
3289 790 3322 857 ὴ
3372 786 3682 856 σύγκρατεκ

2102 885 2454 953 λαμπρότης,
2508 881 2806 950 γλυκύτητι
2853 877 3134 933 κάνταῦθα
3186 875 3510 947 διαπρεπῶς
3563 877 3685 928 ὲπιο

2103 975 2373 1027 δείκνυται

2638 1085 2741 1138 Ἐκ
2770 1083 2888 1138 τῶν
2916 1082 3156 1136 Σουίδα.

2173 1180 2473 1251 Γρηγὸριος
2515 1176 2736 1246 Νύσσης
2779 1175 3094 1236 ἐπίσκοπος,
3140 1171 3370 1240 ἀδελφὸς
3403 1167 3687 1223 Βασιλείου

2105 1271 2199 1324 τοῦ
2229 1269 2552 1338 Καισαρέως
2580 1284 2593 1297 ·
2642 1267 2780 1335 ἀνὴρ
2810 1267 2904 1317 καὶ
2938 1265 3098 1326 αὐτὸς
3132 1262 3564 1331 ἐλλογιμώτατος
3593 1261 3690 1312 καὶ

2108 1364 2287 1430 πάσης
2325 1361 2584 1430 ὑπάρχων
2634 1359 2878 1420 παιδείας
2919 1356 3204 1418 ἀνάπλεως
3229 1372 3242 1384 ·
3289 1353 3690 1423 προσκείμενος

2107 1454 2162 1506 δὲ
2194 1453 2391 1523 μᾶλλον
2421 1453 2532 1512 τοῖς
2575 1452 2640 1517 τῇ
2681 1450 2942 1518 ῥητορικῇ
2983 1446 3253 1516 χαίρουσι.
3295 1446 3405 1497 Καὶ
3438 1442 3572 1510 γοῦν
3603 1444 3692 1494 εὖ·

2108 1544 2327 1612 δόκιμος
2359 1543 2414 1592 ὲν
2444 1539 2614 1611 ταύτῃ
2643 1539 2952 1608 γεγένηται,
2988 1537 3082 1589 καὶ
3111 1536 3379 1606 λαμπρὸς,
3398 1534 3452 1586 εῐ
3478 1552 3564 1596 τις
3596 1535 3692 1586 ἄλ-

2109 1632 2200 1696 λος
2228 1632 2335 1684 τῶν
2362 1630 2528 1684 πάλαι
2555 1629 2727 1701 ταύτῃ
2764 1626 3142 1695 γεγενημένων
3173 1643 3186 1656 ο
3236 1620 3387 1688 οὗτος
3433 1622 3692 1686 συνέταξε

2113 1723 2552 1789 κατἘύνομίου
2581 1720 2737 1786 λόγον
2770 1718 3068 1788 ἐξαίρετον,
3100 1719 3195 1770 καὶ
3239 1715 3428 1784 τεῦχος
3476 1714 3697 1784 θαυμά-

2112 1830 2224 1865 σιον
2244 1814 2331 1877 είς
2355 1811 2467 1876 τὴν
2491 1811 2595 1863 τοῦ
2620 1809 2932 1876 ἀνθρώπου
2964 1805 3349 1872 κατασκευήν
3369 1823 3382 1835 ·
3427 1805 3603 1868 ἄλλως
3636 1822 3694 1854 τε

2107 1903 2318 1966 πυκνάς
2347 1903 2441 1956 καὶ
2470 1904 2708 1971 συνεχεῖς
2734 1901 2973 1969 ὁμιλίας,
3001 1901 3090 1964 εἷς
3118 1915 3182 1952 τε
3211 1899 3282 1950 τὰ
3309 1896 3549 1965 ᾅσματα
3578 1895 3699 1948 τῶν

2109 1993 2418 2061 ᾀσμάτων,
2465 1994 2559 2046 καὶ⁵
2603 1995 2688 2058 εις
2718 1992 2827 2044 τὸν
2876 1987 3392 2053 Ἐκκλησιιιστήν·
3424 1988 3518 2040 καὶ
3546 1987 3699 2053 πρὸς,-

2111 2083 2226 2150 τὴν
2244 2083 2519 2151 ἀδελφὴν
2547 2083 2877 2148 Μακρίναν,
2917 2078 3126 2147 μακρόν
3146 2095 3267 2130 τινα
3287 2078 3380 2130 καὶ
3402 2093 3466 2128 πε
3475 2077 3706 2149 ρικαλλῆ

2115 2173 2248 2241 περὶ
2281 2172 2487 2242 ψυχῆς
2517 2173 2776 2240 συνέθηκε
2812 2173 2967 2239 λόγον
2987 2188 2998 2199 ·
3037 2169 3173 2222 ἄλλα
3197 2185 3256 2220 τε
3286 2166 3455 2218 πολλὰ
3493 2182 3700 2235 γεγρα-

2121 2267 2283 2334 φήκει
2303 2284 2317 2297 ο
2370 2268 2462 2318 καὶ
2494 2264 2939 2334 πολυθαύμαστον
2965 2262 3184 2314 ἔπαινον
3215 2257 3309 2311 τοῦ
3344 2257 3562 2326 πρώτου
3594 2256 3701 2308 τῶν

2124 2356 2417 2427 μαρτύρων
2463 2357 2756 2424 Στεφάνου,
2794 2356 2888 2407 καὶ
2939 2353 3051 2422 βίον
3092 2351 3149 2404 δὲ
3193 2347 3447 2412 συνέταξε
3491 2347 3703 2418 Γρηγο-

2127 2448 2241 2519 ρίου
2271 2447 2365 2499 τοῦ
2398 2449 2453 2500 ὲν
2487 2446 2727 2516 θαύμασι
2751 2444 3167 2514 διαλάμψαντος.

514 2564 648 2632 Quis
695 2572 1037 2634 quantusque
1086 2561 1170 2615 vir
1211 2559 1372 2615 fuerit
1412 2559 1709 2628 Gregorius
1756 2559 2055 2630 Nyssenus,
2106 2563 2266 2618 docet
2323 2563 2765 2634 Martyrologium
2816 2561 3110 2614 Romanum
3163 2559 3231 2612 lx
3269 2557 3470 2611 Martii.
3509 2553 3707 2623 Νεμεαν

443 2657 700 2727 depositio
744 2653 802 2708 S.
847 2652 1083 2723 Gregorii
1126 2653 1374 2721 episcopi,
1424 2652 1616 2720 fratris
1654 2650 1849 2704 Basilii
1889 2651 2092 2722 Magni,
2129 2655 2236 2708 vita
2270 2664 2320 2708 et
2363 2655 2654 2709 eruditione
2702 2653 3009 2716 clarissimi,
3054 2652 3144 2720 qui
3172 2650 3234 2703 ob
3264 2649 3390 2718 ﬁdei
3427 2645 3707 2700 catholica:

444 2751 794 2820 defensionem
819 2747 913 2803 sub
947 2747 1156 2801 Valente
1204 2750 1519 2814 imperatore
1557 2746 1760 2800 Ariano
1799 2748 2010 2801 civitate
2037 2767 2136 2802 sua
2154 2750 2340 2817 pulsus
2363 2745 2472 2805 est.

1573 2831 1836 2886 Memeum
1868 2833 2170 2890 Gra’corum
2203 2836 2247 2890 Χ
2281 2837 2558 2894 Januarii.

521 2926 620 2980 llic
649 2934 769 2981 erat
800 2925 970 2978 frater
998 2925 1180 2980 Basilii
1215 2923 1415 2994 Magni,
1447 2925 1761 2993 eloquentia
1793 2927 2022 2996 praecla-

449 3036 546 3074 rus
583 3026 637 3073 et
690 3016 1004 3070 orthodoxa:
1040 3016 1158 3069 fidei
1185 3016 1489 3079 aemulator,
1529 3026 1819 3085 propterea
1859 3019 2023 3071 etiam

2201 2926 2369 2994 Οὗτος
2395 2927 2462 3002 ἧν
2487 2932 2714 3000 ἁδελφὸς
2749 2931 2842 2984 τοῦ
2876 2931 3111 3002 μεγάλου
3147 2927 3426 2981 Βασιλείου
3455 2925 3711 2996 λαμπρὸς

2130 3021 2189 3072 ὲν
2234 3021 2412 3088 λόγοις
2454 3024 2546 3074 καὶ
2587 3023 2688 3092 τῆς
2715 3023 2994 3092 ὀρθοδόξου
3023 3021 3257 3080 πίστεως
3296 3019 3565 3088 ζηλωτής.
3613 3017 3716 3068 Διά

453 3112 712 3166 Ecclesiae
738 3109 830 3164 Dei
874 3109 1122 3178 praefuit;
1162 3116 1215 3161 et
1246 3124 1369 3161 cum
1401 3109 1528 3170 illis,
1587 3109 1679 3177 qui
1713 3109 2026 3163 Constanti-

2134 3129 2214 3164 τοι
2246 3112 2403 3165 τοῦτο
2433 3115 2532 3165 καῖ
2553 3114 2650 3182 τῆς
2695 3113 3020 3183 Ἐκκλησίας
3051 3111 3287 3182 Χριστοῦ
3321 3110 3582 3180 προέστη,
3617 3109 3714 3160 καὶ

455 3203 638 3272 uopoli
673 3202 968 3256 secundam
1003 3200 1269 3266 synodum
1317 3201 1665 3255 celebrarunt
1695 3212 1884 3257 contra
1923 3202 2026 3256 im-

455 3297 574 3364 pias
606 3294 840 3346 hatreses
890 3300 1022 3345 tunc
1049 3299 1426 3360 exsurgentes,
1477 3291 1740 3346 invictum
1793 3293 2028 3362 pugilem

455 3401 579 3441 sese
608 3383 856 3454 praebuit,
897 3383 1228 3437 adversariis
1256 3382 1474 3436 dicendi
1521 3384 1762 3451 potentia
1797 3394 1849 3437 et
1881 3383 2032 3438 Scri-

456 3485 740 3546 pturarutn
798 3473 1358 3527 demonstrationibus
1413 3472 1732 3542 proﬂigatis.
1786 3472 1842 3526 In
1881 3474 2034 3527 omni

457 3567 603 3622 enim
635 3564 898 3619 orationis
927 3554 1127 3634 genere
1151 3564 1507 3625 exercitatus,
1537 3570 1590 3616 et
1613 3563 1832 3616 virtutis
1863 3563 2037 3631 gloria

462 3657 718 3718 illustris,
755 3657 860 3710 vim
896 3665 950 3710 et
987 3656 1154 3708 rohur
1183 3655 1440 3718 obtinuit,
1479 3662 1532 3708 et
1563 3655 1627 3708 ad
1653 3654 1856 3723 justam
1884 3669 2040 3708 sene-

459 3758 663 3804 ctutem
689 3754 998 3818 provectus,
1026 3744 1376 3808 obdormivit,
1401 3753 1454 3798 et
1475 3743 1543 3798 ad
1574 3743 1858 3796 Dominum
1882 3744 2036 3797 abiit.

463 3840 594 3894 Erat
629 3849 806 3892 autem
851 3837 1099 3906 corporis
1125 3835 1518 3890 constitutione
1555 3842 1609 3888 et
1636 3834 1806 3904 ﬁgura
1841 3836 2038 3890 similis

465 3947 562 4002 per
599 3931 781 3984 omnia
830 3928 987 3982 fratri
1041 3943 1142 3980 suo
1189 3926 1414 3990 Basilio,
1467 3933 1693 3995 excepta
1735 3926 1936 3979 canitie
1985 3933 2040 3980 et

465 4024 649 4079 minus
672 4022 911 4094 gratioso
961 4026 1194 4090 tapectu.

2135 3202 2273 3272 μετά
2302 3203 2409 3256 τῶν
2438 3203 2881 3272 συγκροτούντων
2905 3205 3003 3272 τὴν
3049 3205 3106 3254 ὲν
3137 3199 3714 3254 Κωνσταντινουπόλει

2127 3292 2387 3362 δευτέραν
2433 3292 2648 3345 σύνοδον
2697 3293 2840 3344 κατά
2867 3292 2975 3344 τῶν
3013 3290 3290 3343 δυσσεὸὦν
3318 3290 3583 3360 αἱρέσεων
3625 3291 3715 3341 ὲν-

2134 3382 2437 3452 ισταμένων
2486 3381 2654 3435 ἐλθὼν
2693 3383 3009 3453 ὑπέρμαχος
3052 3382 3251 3451 εὑρέθη
3278 3381 3401 3444 τοὺς
3435 3379 3717 3441 ἐναντίους

2132 3473 2304 3541 λόγων
2331 3474 2556 3542 δυνάμει
2601 3475 2694 3527 καὶ
2740 3477 3039 3544 γραφικαῖς
3081 3472 3386 3536 ἀποδείξεσι
3427 3471 3719 3539 τροπκυσά-

2139 3579 2317 3632 μενος.
2347 3562 2445 3614 Διὰ
2477 3563 2584 3632 γάρ
2611 3564 2790 3632 πάσης
2821 3563 2992 3614 ἐλθὼν
3023 3563 3164 3628 ἰδέας
3186 3561 3362 3629 λόγων
3392 3561 3486 3613 καὶ
3514 3560 3719 3629 ἀρετῆς

2135 3651 2484 3722 εὐδοκιμήσει
2509 3653 2568 3704 τὸ
2591 3651 2788 3721 κράτος
2820 3651 3053 3714 ἐδέξατο.
3085 3652 3194 3702 Καὶ
3226 3649 3437 3718 φθάσας
3474 3649 3532 3700 ὲν
3553 3654 3719 3715 γήρει

2136 3741 2286 3812 καλῷ
2328 3742 2593 3812 ἐκοιμήθη
2616 3781 2631 3803 ,
2677 3741 2770 3795 καὶ⁸
2802 3742 2939 3810 πρὸς
2969 3741 3174 3811 Κύριον
3204 3731 3576 3810 ὲξεδήμησενῖ.
3608 3731 3722 3790 Ἦν

2135 3833 2192 3886 δὲ
2246 3835 2386 3886 κατά
2434 3835 2525 3886 τὸν
2574 3833 2667 3886 τοῦ
2722 3833 2971 3902 σώματος
3019 3832 3187 3884 τύπον
3234 3831 3377 3883 κατὰ
3419 3831 3600 3882 πάντα
3641 3829 3723 3898 τῷ

2139 3923 2352 3993 ἀδελφῷ
2377 3922 2639 3990 Βασιλείῳ
2665 3921 3020 3992 προσεοικὼς,
3047 3921 3186 3990 πλὴν
3210 3921 3302 3974 τοῦ
3326 3919 3512 3973 πολιοῦ
3535 3935 3596 3971 τε
3627 3920 3724 3972 καὶ

2147 4016 2506 4084 χαριεστάτου
2536 4016 2628 4066 ἐπὶ
2658 4014 2849 4084 βραχύ.

1493 4113 1550 4166 8.
1584 4111 1930 4182 Hieronymus
1956 4111 2048 4164 lib.
2082 4109 2158 4164 Dc
2187 4111 2319 4164 viris
2355 4111 2678 4165 illustribus.

541 4205 821 4276 Gregorius
864 4205 1134 4274 Nyssenus
1167 4205 1438 4273 episcopus
1465 4207 1634 4272 frater
1660 4204 1854 4257 Basilii
1883 4203 2251 4262 Cmsariensis,
2283 4211 2404 4254 ante
2435 4217 2629 4268 paucos
2660 4216 2824 4252 annos
2859 4199 2987 4253 mihi
3010 4210 3058 4254 et
3092 4199 3342 4270 Gregorio
3370 4199 3724 4256 Nazianzeno

470 4307 660 4355 contra
686 4296 1008 4351 Eunomiqu
1029 4295 1154 4366 legit
1178 4296 1377 4350 libros:
1405 4298 1492 4366 qui
1516 4311 1563 4349 et
1587 4296 1754 4348 multa
1788 4296 1899 4347 alia
1933 4296 2220 4362 scripsisse,
2247 4303 2296 4346 et
2325 4294 2550 4346 scribere
2569 4293 2783 4344 dicitur.

545 4383 614 4442 Ut
661 4402 788 4440 vero
843 4397 956 4441 tota
1004 4387 1119 4440 lucc
1166 4403 1290 4440 cum
1347 4386 1613 4440 Eunomio
1666 4388 2041 4442 controversia
2076 4395 2117 4448 D
2147 4385 2467 4446 contudisse,
2524 4401 2585 4436 ac
2611 4384 2782 4451 putidi
2823 4383 3097 4437 cadaveris
3133 4385 3326 4446 instar,
3361 4388 3470 4438 risu
3501 4386 3725 4454 dignum

473 4479 666 4534 melius
732 4478 1082 4546 intelligatur,
1160 4477 1444 4532 sciendum
1508 4485 1614 4542 est,
1689 4479 2038 4544 Eunontiuui,

473 4569 689 4622 Arianae
736 4576 898 4622 secta:
929 4567 1344 4636 antesignanum
1387 4573 1443 4620 et
1471 4565 1651 4635 (ᾇ)ἰέρί
1699 4569 2040 4637 episcopum,

474 4657 978 4728 pestilentissimum
1035 4657 1230 4709 librum
1295 4652 1929 4709 adversusorthodoxam
1964 4658 2032 4714 de

471 4748 740 4804 Trinitate
757 4747 1077 4802 sententiam
1093 4748 1356 4804 edidisse:
1386 4745 1454 4800 de
1481 4763 1590 4814 quo
1614 4747 1795 4800 libello
1820 4747 2044 4802 Photius

475 4837 529 4890 in
561 4849 659 4890 sua
693 4834 1014 4888 Bibliotheca
1047 4836 1160 4906 (a):
1185 4835 1310 4906 Legi
1356 4837 1590 4891 libellum
1629 4838 1894 4899 Eunomii,
1943 4856 2044 4908 quo

473 4943 627 4981 suam
668 4927 777 4992 ipse
815 4927 988 4993 prodit
1033 4928 1374 4995 impietatem.
1417 4930 1567 4997 cujus
1601 4929 1682 4982 hic
1727 4941 1803 4983 est
1836 4931 2045 4986 titulus.

474 5013 736 5067 Libellum
759 5014 910 5076 hunc,
928 5015 1066 5084 quod
1090 5015 1434 5071 Eunomianis
1448 5020 1498 5070 in
1518 5020 1872 5073 admiratione
1887 5013 2045 5081 eSset,

474 5105 538 5155 de
561 5104 847 5168 industria,
891 5123 952 5159 ne
985 5105 1054 5158 ad
1081 5107 1214 5160 alios
1244 5111 1552 5178 perveniret,
1588 5113 1931 5175 occultatum,
1966 5114 2054 5166 vix

476 5193 686 5247 tandem
740 5203 925 5248 nactus
974 5195 1208 5250 Basilius
1257 5197 1506 5267 Magnus.
1565 5201 1774 5266 fortiter
1826 5218 1943 5254 eum
1992 5217 2053 5253 ac

480 5285 766 5350 splendide,
791 5303 1096 5356 omnemque
1122 5287 1251 5341 adeo
1284 5290 1493 5343 dicendi
1525 5292 1625 5344 vim
1647 5307 1708 5343 ac
1740 5291 2052 5359 facultatem

477 5377 784 5440 vervadens,
819 5378 998 5431 evertit
1045 5394 1106 5430 ac
1129 5377 1426 5449 jugulavit:
1454 5380 1650 5433 diceres
1675 5399 1791 5434 eum
1817 5381 2049 5450 Babylo-

479 5463 654 5516 nicum
697 5467 952 5532 infantem
996 5468 1066 5522 ad
1100 5470 1309 5538 ﬁrmam
1362 5471 1486 5540 fidei
1529 5482 1730 5540 petram
1780 5471 2051 5527 allidendo

556 5645 630 5701 tal
664 5642 878 5702 Volunt.
912 5648 1034 5705 157.

2152 4476 2458 4541 ostendisse,
2485 4474 2622 4544 quod
2659 4484 2857 4527 tantam
2887 4485 3010 4528 ante
3037 4477 3120 4528 sui
3148 4475 3559 4530 admirationem
3597 4479 3726 4531 aliis

2152 4567 2469 4619 concitarat.

2228 4659 2451 4714 Exstant
2482 4658 2660 4713 adhuc
2694 4658 2934 4728 quinque
2983 4659 3103 4712 iibri
3141 4658 3197 4713 S.
3231 4659 3415 4713 Basilii
3469 4661 3726 4716 adversus

2160 4747 2496 4810 Eunomium,
2530 4755 2582 4801 et
2613 4749 2728 4815 ipse
2752 4747 2914 4799 etiam
2941 4747 3141 4816 impius
3166 4749 3414 4802 Eunomii
3444 4763 3729 4804 commen-

2154 4843 2382 4895 tariolus
2440 4840 2494 4892 iu
2535 4838 2882 4894 Bibliothecis
2939 4841 3238 4908 reperitur:
3289 4840 3615 4893 nominatim
3669 4842 3728 4894 in

2157 4934 2435 4998 Bavarica,
2490 4941 2544 4988 et
2593 4933 2647 4987 in
2701 4932 2890 4986 codice
2935 4929 3185 4991 Liviueii,
3239 4939 3361 4998 post
3390 4929 3624 4999 Nysseni
3673 4932 3730 4985 in

2164 5025 2479 5080 Eunomium
2502 5025 2670 5079 libros
2703 5023 3052 5091 subiungitur
3074 5020 3324 5074 Eunomii
3352 5022 3590 5085 libellus,
3625 5022 3732 5076 hac

2153 5117 2550 5184 inscriptione:
2609 5115 2675 5166 'H
2719 5113 2812 5165 τοῦ
2863 5112 3127 5181 δόγματος
3169 5110 3434 5178 Εὑνομίου
3485 5109 3728 5173 ἕκθεσις,

2155 5205 2430 5274 Expositio
2455 5205 2716 5274 dogmatis
2744 5201 3012 5264 Eunomii,
3047 5200 3190 5254 unde
3222 5200 3477 5255 fortassis
3506 5201 3731 5266 explere

2151 5297 2336 5351 licebit
2385 5297 2635 5349 lacunam
2667 5293 3009 5347 Photianam.
3040 5294 3338 5360 Prmposuit
3386 5291 3514 5344 huic
3562 5292 3730 5344 titulo

2149 5386 2370 5455 quidam
2426 5386 2540 5439 haec
2573 5385 2778 5439 verba:
2843 5384 3010 5449 Σίγα,
3041 5382 3204 5452 μιαρὲ
3257 5383 3352 5434 καὶ
3399 5380 3578 5451 ψυχὴν
3632 5383 3730 5434 καὶ

2151 5475 2398 5546 καρδίαν.
2439 5474 2550 5530 Sile
2577 5484 2626 5528 et
2669 5474 2848 5527 animo
2889 5483 2935 5526 et
2971 5473 3125 5526 corde
3157 5473 3524 5526 exsecrabilis.
3563 5470 3726 5542 ltnpii
