3880 6356
192 484 257 541 49
628 531 645 544 .
1182 560 1185 563 η
1538 492 1783 550 PROLEt

1891 486 2074 551 lENA.
3375 481 3443 550 56

196 601 345 697 hujus
371 602 565 697 scripti
595 604 929 697 principium
958 616 1072 663 est:
1103 607 1211 663 Τοῦ
1236 608 1373 663 Θεοῦ
1397 610 1491 665 καὶ
1510 612 1763 684 Σωτῆρος
1792 618 1838 673 Α
1866 612 2134 684 multoque
2159 611 2325 683 magis
2352 620 2549 668 nostrae
2576 609 2849 682 theologia:
2871 608 3112 679 pluribus
3146 605 3440 697 ostendens.

192 694 340 764 ἡμῶν
383 694 562 765 Ἰησοῦ
595 696 842 768 Χριστοῦ
870 697 1011 753 κατὰ
1038 699 1253 754 δικαίαν
1283 701 1466 771 κρίσιν
1493 702 1764 774 φήσαντος

194 786 457 855 ὁμολογεῖν
484 786 807 859 ἔμπροσθεν
831 789 924 842 τοῦ
952 788 1086 843 Θεοῦ
1111 791 1204 844 καὶ
1233 792 1459 862 πατρός.

256 874 329 941 De
373 877 565 931 eodem
605 876 878 933 Eunomio
911 877 969 934 S.
1005 879 1370 951 Hieronymus
1406 881 1459 936 in
1508 881 1766 954 Gatalogo

196 966 500 1032 scriptorum
574 969 1061 1025 ecclesiasticam»:
1096 987 1121 1026 ;
1156 971 1488 1039 Eunomius,
1547 975 1768 1029 Arianae

196 1056 381 1121 partis,
433 1059 720 1127 episcopus
759 1061 1055 1132 Cyzicenus
1105 1064 1161 1117 in
1219 1075 1462 1133 apertam
1511 1065 1767 1121 haereseos

198 1162 525 1216 prorumpens
565 1151 971 1221 blasphemiam,
1019 1163 1079 1208 ut
1119 1155 1258 1224 quod
1300 1156 1384 1209 illi
1420 1166 1619 1227 tegunt,
1664 1159 1765 1214 iste

198 1238 382 1304 publice
408 1239 696 1308 fateretur,
730 1258 893 1313 usque
920 1244 1075 1299 hodie
1101 1247 1267 1301 vivere
1303 1247 1507 1301 dicitur
1538 1250 1594 1302 in
1624 1247 1766 1319 Gap-

202 1330 427 1397 padocia,
458 1341 508 1387 et
540 1334 718 1388 multa
745 1345 930 1390 contra
954 1335 1252 1392 Ecclesiam
1275 1339 1520 1393 scribere.
1544 1338 1773 1409 Respon-

203 1418 375 1474 derunt
391 1422 439 1475 ei
459 1423 857 1491 Apollinarius,
892 1426 1176 1496 Didymus,
1209 1428 1451 1483 Basilius
1482 1429 1773 1488 Ga'sarien-

204 1511 290 1574 sis,
328 1510 614 1581 Gregorius
651 1513 1055 1583 Nazianzenus,
1087 1529 1136 1572 et
1164 1518 1449 1589 Gregorius
1474 1520 1770 1592 Nyssenus.

267 1602 367 1659 Sed
396 1605 512 1661 haec
553 1607 748 1664 minus
775 1608 1031 1666 distincte
1065 1612 1121 1665 ὃ.
1158 1611 1545 1685 Hieronymus,
1591 1616 1774 1684 priora

207 1702 254 1748 et
272 1698 599 1764 prosteriora
632 1700 798 1754 simul
825 1700 1082 1772 iungens.
1129 1701 1197 1758 Ut
1224 1719 1357 1775 ergo
1387 1705 1772 1762 confusionem

210 1785 352 1852 viles,
378 1789 458 1843 sic
480 1788 708 1853 habeto,
741 1791 832 1846 ubi
856 1802 1047 1848 contra
1069 1794 1309 1865 primum
1330 1795 1582 1853 Eunomii
1607 1797 1773 1853 fetum

208 1876 592 1946 disputationes
656 1879 716 1934 S.
776 1880 962 1936 Basilii
1018 1883 1074 1938 in
1135 1885 1417 1955 publicum
1464 1887 1772 1952 exiverunt,

211 1975 315 2021 tum
344 1969 431 2024 ille
453 1970 665 2038 furere,
696 1979 751 2028 et
774 1973 948 2029 instar
967 1977 1161 2030 calcati
1188 1977 1460 2048 serpentis
1482 1978 1621 2033 colla
1651 1993 1778 2035 con-

211 2060 328 2115 trita
364 2062 635 2129 attollere,
685 2075 1012 2137 arreptoque
1048 2069 1263 2124 calamo
1303 2070 1632 2126 virulentius
1662 2077 1775 2126 tam

212 2150 262 2206 iu
286 2151 560 2222 Basiliutn,
602 2172 774 2227 quam
803 2159 857 2213 iu
892 2160 1200 2216 doctrinam
1233 2163 1596 2219 orthodoxam
1641 2164 1775 2219 bac-

213 2244 349 2299 chari
388 2247 572 2315 cmpit,
601 2256 665 2302 et
692 2250 909 2318 quidem
939 2252 1142 2321 triplici
1169 2253 1461 2319 invectiva,
1487 2253 1547 2310 S.
1572 2254 1777 2311 Basilio

215 2336 412 2393 interim
456 2340 523 2394 ad
562 2342 849 2397 caelestem
885 2343 1280 2401 beatitudinem
1312 2348 1599 2404 translato.
1633 2348 1775 2403 Audi

214 2424 444 2482 Photium
484 2430 596 2501 (a):
650 2429 871 2485 Lectum
921 2432 1156 2502 ejusdem
1206 2435 1358 2502 impii
1392 2435 1622 2491 hominis
1673 2447 1778 2493 tres

215 2517 360 2573 libros
388 2523 664 2577 continens
711 2523 972 2589 volumen,
1013 2525 1151 2593 quod
1199 2527 1337 2580 velut
1372 2529 1667 2598 confutatio
1699 2539 1779 2584 est

216 2609 411 2663 illarum
433 2612 781 2680 ineptiarum,
830 2631 962 2684 quas
992 2616 1047 2668 in
1088 2617 1254 2685 ipsius
1285 2621 1507 2686 reperiri
1537 2619 1780 2690 blasphe-

217 2703 324 2756 miis
370 2703 427 2758 S.
468 2705 713 2760 Basilius
759 2707 1108 2764 demonstrat.
1162 2709 1277 2763 Hoc
1313 2711 1366 2763 in
1408 2729 1559 2777 opere
1587 2723 1779 2782 partu-

216 2793 399 2858 riendo,
423 2797 626 2851 multas
656 2813 773 2850 eum
800 2814 1061 2854 annorum
1079 2800 1417 2872 olympiadas
1445 2804 1684 2859 tedicqu
1705 2807 1784 2859 in-

216 2884 401 2967 clusum
431 2904 542 2942 suta
577 2888 936 2958 absumpsisse
959 2892 1174 2960 ferunt;
1217 2910 1279 2947 ac
1310 2896 1397 2949 via:
1419 2896 1631 2951 tandem
1663 2908 1781 2965 post

217 2977 480 3032 multorum
509 2997 780 3034 annorum
801 2984 1135 3037 intervallum
1154 2984 1462 3041 abortiendo
1487 2989 1781 3057 improbum

215 3065 355 3120 illum
401 3086 462 3123 ac
501 3071 893 3140 prodigiosum,
946 3090 1101 3142 quem
1157 3074 1369 3165 furtivis
1418 3079 1782 3148 congressibus

218 3175 524 3230 conceperat,
561 3162 729 3232 fetum
757 3165 812 3218 in
837 3165 1006 3219 lucem
1034 3162 1271 3240 ejecisse.
1314 3169 1457 3235 Quin
1482 3181 1607 3225 tunc
1621 3175 1783 3226 etiam

1870 703 1975 758 Hic
2003 721 2122 760 vero
2148 703 2511 773 Hopsuestiat,
2540 712 2597 758 ut
2611 712 2756 772 puto,
2768 703 3041 773 episcopus
3059 702 3187 771 fuit.

1940 793 2017 849 De
2043 792 2354 864 Sophronio
2392 794 2535 849 idem
2569 792 2800 848 Photius
2822 791 2941 861 (c):
2971 791 3160 847 Bectus
3200 792 3446 847 similiter

1872 882 2159 954 Sophronii
2188 886 2321 940 liber
2338 902 2432 956 pro
2459 885 2657 940 Basilio
2679 892 2870 939 contra
2901 870 3253 947 Eunomium,
3276 884 3444 939 Theo-

1869 975 2001 1031 doro
2022 978 2256 1046 apertior
2279 986 2330 1031 et
2354 976 2535 1031 multo-
2550 966 2767 1030 doctior.
2784 984 2835 1030 et
2862 976 3083 1031 brevior.
3110 973 3293 1047 Neque
3307 978 3447 1030 enim

1870 1083 1964 1138 per
2001 1071 2178 1123 omnia
2209 1066 2529 1123 Eunomium
2573 1068 2932 1137 persequitur,
2976 1065 3068 1121 sed
3100 1066 3200 1120 illa
3227 1067 3446 1135 potissi-

1872 1176 2016 1214 mum
2058 1158 2321 1229 exagitat,
2369 1169 2531 1231 atque
2572 1159 2789 1227 refellit,
2839 1174 2958 1229 qua:
3006 1175 3226 1213 summa
3271 1161 3450 1227 capita

1872 1253 2089 1307 heresis
2130 1251 2383 1306 Eunomii
2430 1252 2694 1306 continere
2745 1250 3077 1306 videbantur;
3131 1250 3449 1306 Charactere

1874 1360 2001 1399 usus
2035 1354 2115 1399 est
2155 1343 2507 1414 distinguente
2531 1360 2595 1397 ac
2631 1342 2925 1412 deﬁciente,
2975 1351 3026 1396 et
3063 1351 3121 1396 ut
3158 1341 3450 1412 plurimum

1873 1435 2083 1489 solutus
2123 1434 2230 1500 illi,
2262 1434 2576 1505 minimeque
2592 1433 2815 1503 junctus
2846 1448 3039 1497 sermo,
3074 1450 3177 1488 non
3208 1435 3451 1505 ingratus
3479 1442 3485 1448 '

1876 1534 2074 1590 tamen,
2127 1527 2235 1581 imo
2282 1535 2332 1581 et
2378 1524 2564 1597 logicis
2607 1524 3155 1597 argumentationibus
3200 1540 3453 1597 perquam

1872 1614 2099 1684 floridus
2121 1624 2221 1671 est.

1946 1706 2021 1762 De
2054 1706 2318 1778 Gregorio
2362 1707 2614 1781 Nysseno
2660 1708 2804 1765 idem
2846 1708 3077 1765 Photius
3115 1706 3226 1779 (d):
3260 1707 3451 1763 Lectus

1875 1807 1954 1853 est
1981 1797 2222 1869 Gregorii
2257 1798 2451 1871 Nyssa:
2473 1801 2703 1869 episcopi
2733 1800 2981 1854 similiter
2999 1817 3094 1870 pro
3121 1800 3328 1854 Basilio
3358 1799 3456 1854 adq

1875 1905 2072 1947 versus
2109 1890 2438 1947 Eunomium
2477 1891 2628 1947 liber.
2664 1889 2847 1963 Slylus
2884 1892 3056 1955 illius,
3088 1894 3136 1946 si
3168 1894 3252 1946 cui
3283 1893 3461 1947 rheto-

1878 2000 2020 2049 rum,
2071 1984 2324 2048 illustris,
2374 1992 2424 2038 et
2456 1982 2851 2051 jucunditatem
2897 1984 3116 2038 auribus
3156 1984 3455 2039 instillatis.
3501 1986 3513 1991 ’

1877 2073 1982 2131 Sed
2014 2092 2108 2130 nec
2130 2079 2241 2145 ipse
2267 2076 2478 2146 quidem
2508 2074 2692 2130 ordine
2716 2074 2966 2130 Eunomii
3003 2079 3259 2144 scriptum
3284 2092 3457 2143 repre-

1877 2167 2075 2223 hendit.
2137 2168 2493 2234 Quamobrem
2542 2176 2593 2221 et
2636 2166 2910 2223 Theodoro
2954 2169 3218 2221 concisior
3253 2178 3352 2232 est,
3404 2179 3457 2223 et

1878 2258 2173 2328 Sophronia
2196 2261 2393 2323 latior;
2429 2258 2664 2313 abundat
2684 2261 2824 2312 enim
2852 2259 3278 2327 enthymematis,
3305 2270 3458 2329 atque

1878 2352 2147 2420 exemplis.
2185 2351 2332 2406 Illud
2353 2362 2529 2404 autent
2559 2367 2675 2405 vere
2696 2352 3165 2417 pronuntiaverim,
3202 2363 3456 2422 quantum

1881 2442 2165 2514 Gregorius
2199 2451 2490 2508 venustate,
2538 2439 2833 2511 splendore,
2883 2451 2934 2495 et
2965 2442 3196 2510 mirifica
3214 2443 3461 2511 jucundi-

1883 2546 1990 2592 tate
2014 2537 2278 2591 antecellit
2298 2535 2593 2599 Theodoro,
2621 2543 2824 2588 tantum
2849 2535 3008 2587 etiam
3031 2544 3459 2604 argumentorum

1881 2629 2032 2698 copia
2057 2639 2104 2683 et
2129 2628 2369 2681 ubertate
2396 2626 2633 2680 eumdem
2665 2626 2865 2679 vincere
2894 2625 3202 2680 connititur.
3242 2625 3460 2680 Lectum

1880 2730 1958 2774 est
1992 2719 2223 2773 alterum
2258 2717 2493 2786 ejusdem
2524 2715 2773 2785 Gregorii
2816 2714 3047 2784 Nysseni
3082 2732 3234 2785 opus,
3268 2718 3334 2772 de
3380 2734 3463 2772 ea-

1879 2811 1996 2866 dem
2013 2814 2126 2880 ipsa
2144 2825 2239 2865 re:
2261 2811 2313 2864 in
2332 2825 2432 2880 quo
2452 2805 2750 2861 rationibus
2773 2804 3118 2860 validioribus
3143 2823 3261 2860 cum
3282 2805 3464 2862 Euno-

1881 2904 1988 2957 mia
2015 2919 2202 2956 manus
2239 2917 2545 2965 conserens,
2594 2915 2715 2953 eum
2748 2897 2796 2951 vi
2823 2906 3107 2967 expugnat,
3141 2898 3322 2952 omnia
3362 2900 3460 2952 im-

1881 2996 2094 3065 pietatis
2143 2997 2481 3064 firmamenta
2512 2989 2865 3058 labefactans.
2915 2986 3171 3042 Venustas
3199 3006 3315 3044 vere
3340 3007 3464 3043 ora—

1885 3085 2042 3140 tionis
2086 3095 2137 3139 et
2185 3083 2437 3153 splendor
2479 3078 2818 3150 jucunditate
2864 3077 3085 3144 mistus,
3141 3082 3304 3133 etiam
3367 3083 3463 3135 hoc

1883 3196 2038 3251 opere
2067 3178 2307 3232 decenter
2338 3193 2393 3231 se
2417 3173 2665 3230 ostendit.

221 3252 452 3307 miserum
496 3254 620 3308 illic
658 3254 878 3324 fovendo
931 3266 1170 3323 partum,
1208 3258 1338 3327 ipsis
1379 3275 1583 3329 quoque
1627 3272 1783 3317 secta:

1956 3272 2227 3343 Loquitur
2276 3269 2506 3326 Photius
2557 3270 2626 3325 de
2671 3270 2997 3342 longissima
3043 3268 3137 3322 illa
3185 3266 3462 3328 oratione,

219 3344 421 3398 asseclis
475 3360 591 3399 non
641 3355 828 3399 temere
876 3346 1195 3414 exhibuisse,
1257 3350 1479 3404 veritum
1530 3353 1783 3408 nimirum

220 3434 453 3502 maxime,
470 3452 533 3490 ne
556 3435 771 3505 quando
794 3436 958 3491 ethoc
980 3453 1109 3505 opus
1134 3439 1188 3492 in
1207 3439 1403 3494 Basilii
1425 3459 1611 3497 manus
1633 3446 1782 3512 prius

221 3527 429 3591 veniens,
460 3545 628 3599 quam
657 3529 987 3595 coalesceret,
1022 3530 1399 3602 dissiparetur,
1426 3545 1478 3590 et
1500 3547 1783 3608 antequam

221 3618 433 3685 floreret,
473 3630 801 3690 pramature
841 3633 1147 3690 corruptum
1198 3638 1559 3682 marcesceret.
1614 3629 1790 3701 Igitur

223 3712 437 3767 studiose
464 3713 611 3768 velut
636 3714 773 3768 alter
803 3715 857 3767 in
882 3714 1079 3784 fabulis
1111 3715 1400 3781 Saturnus,
1426 3728 1611 3772 natum
1643 3722 1790 3776 devc-

224 3801 381 3854 rando
410 3804 564 3866 texit,
614 3811 769 3871 atque
795 3802 1092 3871 abscondit,
1123 3805 1361 3875 quandiu
1386 3807 1597 3877 quidem
1632 3808 1789 3864 Basi-

224 3890 319 3946 lius
339 3894 388 3946 in
406 3894 561 3963 fluxa
587 3895 693 3949 ista
720 3895 831 3949 vita
873 3894 1062 3965 degens
1095 3906 1291 3951 metunt
1319 3899 1596 3955 incuteret.
1628 3899 1791 3956 Post-

222 3999 366 4052 quam
404 4002 525 4041 vero
571 3987 653 4040 vir
698 3986 790 4040 ille
837 3986 1066 4051 divinus,
1140 3990 1419 4059 peregrina
1463 3990 1791 4050 habitatione

225 4075 416 4140 relicta,
469 4080 528 4132 in
561 4095 738 4143 suam,
778 4079 880 4134 hoc
907 4092 1007 4146 est,
1054 4080 1109 4134 in
1141 4081 1399 4136 ctelestem
1428 4085 1792 4153 commigravit

223 4169 597 4235 hereditatem,
634 4182 684 4225 et
714 4172 909 4240 ingenti
945 4171 1040 4227 illo
1072 4182 1213 4226 metu
1248 4173 1511 4241 discusso,
1560 4177 1647 4231 via:
1671 4186 1787 4234 tau-

224 4260 331 4315 dem
376 4281 491 4318 sero
526 4263 717 4318 edendi
765 4264 972 4319 advenit
1025 4266 1255 4329 occasio,
1297 4284 1360 4321 ne
1414 4278 1538 4322 tunc
1585 4272 1793 4341 quidem

223 4358 481 4423 omnibus,
514 4359 609 4411 sed
634 4358 822 4411 amicis
874 4357 1162 4423 duntaxat,
1212 4361 1456 4430 evulgare
1499 4379 1662 4419 ausus
1690 4373 1789 4421 est.

226 4444 290 4499 In
316 4464 479 4517 quem
513 4447 802 4503 incidentes
839 4448 1146 4503 Theodorus
1177 4461 1231 4504 et
1268 4449 1556 4519 Gregorius
1589 4452 1793 4525 Nysse-

222 4550 335 4601 nus,
370 4546 525 4606 atque
549 4536 877 4603 Sophrouius
900 4538 1146 4608 (quarunt
1168 4554 1330 4608 supra
1352 4550 1432 4593 est
1454 4557 1485 4593 a
1508 4557 1588 4594 me
1611 4541 1794 4596 habita

1887 3381 2009 3435 qua:
2042 3364 2095 3418 in
2124 3378 2289 3433 opere
2328 3371 2515 3416 contra
2561 3360 2906 3424 Eunomium,
2953 3358 3252 3414 secundum
3294 3372 3466 3427 quos-

1886 3457 2035 3519 dam,
2066 3453 2487 3519 duodecimum,
2528 3452 2829 3508 secundum
2862 3452 3022 3513 alios,
3056 3450 3331 3504 decimum
3357 3455 3468 3502 ter-

1886 3548 2024 3600 tium
2066 3547 2245 3600 locum
2287 3552 2457 3607 tenet,
2494 3545 2655 3613 cujus
2694 3544 2810 3598 haec
2850 3552 2935 3598 est
2964 3545 3019 3596 in
3067 3541 3332 3595 Bavarico
3370 3555 3468 3594 co-

1888 3636 2313 3707 diceinscriptio
2346 3655 2361 3691 :
2399 3635 2506 3689 Τοῢ
2534 3633 2701 3688 αὐτοῦ
2750 3636 2906 3703 ἁγίου
2937 3634 3238 3705 Γρηγορίου
3285 3635 3487 3704 ἀντιρτ

1892 3730 2113 3801 ρητικὸς
2143 3728 2280 3800 πρὸς
2307 3729 2401 3781 τὸν
2442 3728 2709 3797 Εὑνομίου
2735 3725 2828 3779 τοῦ
2872 3724 3167 3789 δυσσεϐοῦς
3218 3723 3470 3796 δεύτερον

1919 3819 2074 3887 λόγον
2097 3835 2111 3849 ο
2143 3818 2303 3887 cujus
2328 3818 2653 3887 principium
2682 3826 2788 3882 est,
2815 3817 2897 3870 Τὰ
2927 3816 3026 3888 μὲν
3051 3815 3115 3887 δὴ
3146 3813 3337 3887 πρῶτά.
3360 3814 3470 3869 τῶν

1890 3909 2028 3981 πρὸς
2060 3908 2321 3978 Εὐνόμιον
2353 3907 2600 3976 ἀγώνων.

1963 3999 2024 4053 In
2051 3998 2261 4069 judicio
2302 3999 2371 4053 de
2431 3998 2572 4070 stylo
2618 3996 2963 4053 Eunomiano
3014 3998 3173 4068 plane
3229 3997 3470 4054 concinit

1893 4089 2125 4145 Photius
2156 4079 2279 4144 cum
2318 4089 2585 4161 Gregorio
2631 4087 2883 4162 Nysseno
2914 4107 2929 4143 :
2966 4088 3023 4145 id
3080 4089 3348 4160 intelliges
3401 4105 3469 4145 ex

1895 4184 2074 4253 primo
2122 4181 2265 4237 libro
2308 4179 2564 4252 Nysseni,
2599 4189 2656 4235 et
2687 4195 2754 4234 ex
2802 4179 2887 4234 his
2913 4177 3090 4233 Photii
3131 4179 3350 4235 verbis:
3386 4172 3472 4233 Ad

1895 4273 2095 4343 stylum
2129 4269 2426 4343 (Eunomii)
2469 4268 2608 4339 quod
2638 4269 2851 4334 attinet,
2903 4275 3111 4321 tantum
3140 4269 3186 4320 is
3226 4267 3292 4320 ab
3331 4268 3476 4321 omni

1897 4360 2077 4438 gratia
2115 4374 2164 4418 et
2204 4363 2544 4434 jucunditate
2575 4370 2806 4415 remotus
2836 4371 2939 4425 est,
2980 4368 3039 4413 ut
3073 4375 3137 4413 ne
3173 4358 3475 4429 cognovisse

1895 4458 2129 4529 quidem,
2172 4471 2242 4510 an
2272 4455 2376 4509 tale
2400 4443 2525 4524 quid
2553 4462 2810 4514 exstaret,
2846 4452 3108 4506 videatur.
3140 4450 3475 4507 Jactantiam

1899 4547 2265 4604 tantummodo
2313 4545 2603 4617 quamdam
2632 4543 2930 4615 prodigiose
2970 4552 3221 4606 ostentat,
3254 4560 3474 4601 sonum-

226 4629 430 4699 meutio)
472 4630 655 4684 multis
704 4630 980 4685 verborum
1026 4631 1222 4700 plagis;
1280 4646 1381 4686 non
1427 4648 1579 4687 secus
1629 4649 1790 4703 quam
1822 4655 1868 4712 ι)
1896 4655 1994 4708 que
2022 4637 2296 4713 dissonum
2320 4631 2593 4688 stridendo
2617 4633 2767 4686 edere
2787 4631 3476 4700 affectat,ttun-consonan-

223 4724 442 4789 priorem
465 4723 641 4794 (illum
657 4725 912 4794 ejusdem)
935 4725 1190 4789 Basilius,
1206 4726 1560 4794 conﬁcientes.
1574 4726 1799 4798 jugula-

227 4823 327 4866 tum
338 4814 481 4883 jam,
508 4826 557 4870 et
585 4832 696 4885 pra!
718 4818 1022 4885 impuritate
1053 4817 1331 4870 olidumin
1351 4826 1620 4872 auctorem
1641 4798 1815 4873 suum

225 4904 570 4973 conjecerunt.
609 4905 723 4959 Has
753 4908 928 4977 itaque
954 4917 1063 4960 tum
1100 4908 1386 4976 impietatis
1420 4923 1599 4977 poenas
1628 4909 1794 4964 dedit.

290 4994 363 5051 De
393 4998 624 5067 singulis
666 4998 815 5052 hisce
860 4997 1107 5051 Eunomii
1152 4998 1624 5067 oppugnatoribus
1668 5015 1795 5069 Spe-

223 5086 401 5141 eiatim
446 5087 693 5143 Photius.
744 5088 819 5143 De
858 5087 1147 5142 Theodoro
1186 5089 1289 5144 ista
1314 5088 1420 5160 (b):
1473 5088 1620 5143 Lecti
1670 5099 1795 5144 sunt

227 5178 481 5235 Theodori
493 5180 810 5236 Antiocheni
827 5197 922 5250 pro
943 5183 1148 5238 Basilio
1185 5184 1449 5238 adversus
1468 5181 1796 5236 Eunomium

224 5268 353 5324 libri
374 5272 560 5343 viginti
597 5275 842 5344 quinque.
874 5277 970 5328 Est
1001 5274 1085 5328 illi
1124 5274 1334 5342 phrasis
1361 5290 1464 5327 non
1502 5288 1798 5342 usquequa-

223 5379 314 5432 que
348 5368 644 5434 perspicua,
672 5367 910 5421 sensibus
940 5377 1115 5421 tamen
1144 5377 1193 5421 et
1220 5367 1546 5436 argumentis
1575 5366 1798 5419 nimium

126 5488 133 5497 ι
223 5465 475 5523 quantum
519 5457 735 5520 densus,
798 5456 858 5513 S.
903 5456 1193 5526 Scriptura
1242 5457 1556 5511 testimoniis
1598 5457 1801 5526 egregie

226 5546 477 5604 abundat.
519 5550 600 5603 Ad
628 5556 840 5605 verbum
870 5549 977 5617 fere
1010 5547 1262 5602 Eunontii
1303 5549 1534 5602 rationes
1577 5549 1797 5616 refellit,

226 5637 521 5709 imperitum
585 5656 706 5695 eum
769 5639 923 5695 valde
976 5648 1314 5694 externarum
1388 5637 1797 5708 disciplinarum

296 5821 375 5886 (al
402 5822 610 5881 Volum.
637 5826 762 5881 ΚΠ.

297 5892 383 5959 μη
397 5893 501 5951 Vol.
531 5896 617 5953 Ν.

1900 4726 2032 4778 tium
2065 4722 2273 4777 alterna
2309 4720 2692 4784 vicissitudine,
2737 4727 2849 4772 tum
2881 4718 3093 4773 vocibus
3128 4718 3483 4787 pronuntiatu

1899 4814 2222 4886 difﬁcilibus,
2253 4822 2302 4867 et
2333 4829 2449 4883 qua:
2482 4811 2662 4865 multis
2708 4810 2981 4864 abundant
3029 4810 3474 4864 consonantibus:

1901 4908 2057 4978 idque
2078 4908 2279 4976 poetico
2308 4920 2471 4967 more,
2495 4904 2611 4969 vel,-
2643 4912 2702 4958 ut
2727 4903 2897 4957 verius
2923 4902 3124 4967 dicam,
3174 4900 3480 4971 dithyram-

1902 4992 2015 5046 bit’o
2043 4994 2220 5061 potius
2253 4993 2380 5045 ritu.
2423 4989 2745 5060 Compositio
2774 4991 2942 5057 ipsius
2988 4999 3176 5044 coacta
3204 4998 3302 5056 est,
3348 4998 3399 5044 et
3428 4989 3477 5042 vi

1901 5100 2202 5154 compressa
2237 5093 2392 5153 atque
2417 5091 2625 5144 extusa,
2649 5091 2708 5135 ut
2731 5097 2938 5141 necesse
2950 5079 3140 5139 habeat
3162 5080 3309 5135 illius
3337 5082 3477 5135 scri—

1894 5187 1986 5248 pta
2034 5177 2227 5247 legens,
2282 5194 2457 5232 aerem
2506 5177 2832 5230 vehementer
2889 5173 3046 5229 labiis
3095 5174 3385 5238 verberare,
3426 5174 3476 5226 si

1896 5270 2049 5325 modo
2081 5278 2258 5340 aperte
2287 5269 2632 5339 pronuntiare
2666 5266 2811 5328 velit,
2846 5281 2964 5337 qua:
2994 5265 3131 5334 forte
3164 5258 3477 5320 nanciscens

1896 5370 2053 5432 atque
2080 5369 2452 5430 contorquens,
2483 5367 2576 5412 aut
2599 5357 2854 5412 collidens
2884 5356 3067 5416 ctiam,
3106 5370 3169 5407 ac
3194 5365 3383 5407 temere
3403 5354 3482 5406 in-

1902 5450 2187 5520 tesjiciens,
2218 5449 2323 5503 imo
2359 5456 2408 5502 et
2440 5456 2717 5507 truncans,
2755 5447 2842 5498 vix
2882 5441 3093 5495 tandem
3127 5441 3218 5495 ille
3258 5443 3482 5510 conjun-

1905 5545 2006 5598 xit.
2043 5541 2253 5612 Longas
2287 5555 2489 5611 quoque
2510 5535 2794 5600 interdum,
2819 5542 2869 5589 et
2892 5533 3173 5587 immodice
3189 5532 3479 5602 productas

1907 5633 2150 5706 periodos
2196 5632 2330 5702 facit
2362 5646 2381 5685 :
2413 5628 2790 5685 obscuritatem
2820 5626 3033 5695 insuper
3068 5634 3226 5697 atque
3264 5624 3483 5687 incerti!-

1979 5817 2051 5884 (r)
2092 5815 2210 5870 Vol.
2246 5812 2315 5867 ν.
2350 5865 2354 5869 1

1978 5885 2195 5959 μηνυι.
2223 5884 2307 5939 Vl.
2348 5944 2353 5947 _
