3880 6372
409 467 467 526 81
1569 473 1626 528 S.
1669 471 2074 530 GREGORIUS
2113 472 2492 534 NYSSENUS.
2713 477 2724 490 “
3601 482 3671 538 52

411 593 645 648 tudinem
675 609 768 660 per
797 610 947 649 omne
974 611 1102 664 opus
1126 596 1426 664 effundens.
1462 595 1598 652 Cum
1635 607 1692 650 ut
1713 597 1869 667 vulgo
1910 596 1983 650 υἱ·
2013 599 2059 656 Δ
2093 605 2326 658 munitas
2354 613 2406 658 et
2439 603 2797 672 improbitatis
2825 603 3096 672 refutatio,
3138 614 3187 658 et
3222 619 3288 659 ea:
3321 605 3671 660 antecedenti-

407 690 612 765 dcatur_
638 678 760 754 ipsa
781 702 894 740 sua
942 684 1251 754 eloquentiae
1281 688 1331 740 vi
1371 703 1553 741 eorum
1590 687 1742 758 longe
1774 697 1987 752 captum

407 779 688 846 excedere;
723 789 832 831 tum
864 789 943 840 ut,
980 777 1120 849 quod
1143 779 1196 831 in
1221 779 1335 840 eius
1359 779 1526 832 sensis
1556 788 1714 847 atque
1740 779 1988 848 cogitatis

409 868 733 922 imbecillum
750 879 828 921 est
848 869 927 936 (ut
953 879 1030 923 est
1050 885 1179 922 sane
1201 869 1534 938 plurimum),
1559 869 1658 922 hac
1673 871 1787 938 ipsa
1803 869 1991 923 obscu-

410 963 570 1014 ritate
596 971 648 1021 et
685 961 1014 1032 intelligendi
1042 959 1353 1030 difficultate
1394 963 1654 1032 obtegere,
1685 962 1989 1018 sententia-

409 1070 507 1121 que
544 1053 716 1107 celare
741 1054 926 1108 vitium
959 1055 1148 1123 possit.
1190 1052 1408 1106 Videtur
1434 1071 1553 1108 vero
1597 1064 1648 1108 et
1680 1055 1864 1123 logicis
1904 1055 1989 1114 in-

411 1145 510 1198 uiti
530 1146 880 1216 argumentis,
935 1147 1063 1198 dum
1092 1147 1287 1214 partim
1315 1147 1452 1201 alios
1475 1146 1574 1205 hoc
1611 1148 1823 1201 nomine
1861 1145 1993 1212 inle-

411 1246 609 1299 ctatur,
641 1239 840 1302 partim
877 1239 988 1305 ipse
1043 1237 1389 1292 libentissime
1437 1239 1507 1292 iis
1553 1238 1748 1298 utitur,
1780 1237 1994 1290 tametsi

413 1329 709 1398 frequenter
734 1333 877 1396 (cum
911 1345 1030 1384 sero
1077 1330 1174 1384 hoc
1197 1329 1434 1384 studium
1483 1330 1795 1397 arripuerit,
1832 1344 1996 1397 neque

413 1422 485 1473 ad
516 1422 631 1489 ejus
657 1423 850 1475 intima
867 1423 1182 1492 penetrarit)
1216 1422 1273 1476 in
1308 1421 1491 1476 multis
1521 1437 1659 1488 stupe
1695 1421 1882 1474 merito
1909 1436 1997 1473 er-

415 1515 556 1567 roris
596 1524 836 1568 notatur.
871 1513 996 1569 Haec
1027 1513 1256 1578 Pbotius
1282 1513 1351 1570 de
1388 1529 1589 1585 genere
1631 1512 1851 1572 dicendi
1891 1511 1997 1564 Eu-

417 1605 696 1658 nomiano.

489 1697 660 1754 Visus
689 1707 772 1752 est
801 1696 860 1753 S.
893 1695 1190 1768 Gregorius
1217 1695 1506 1768 Nyssenus
1534 1695 1720 1751 favere
1749 1693 1997 1765 opinioni

416 1787 673 1860 Origenis
690 1797 744 1844 et
764 1787 1197 1858 Origenistarum
1225 1789 1294 1844 de
1312 1791 1586 1845 communi
1618 1789 1863 1844 omnium
1889 1799 1998 1842 tam

417 1882 750 1943 daemonum,
786 1896 952 1950 quam
973 1881 1260 1936 hominum
1281 1881 1666 1936 damnatorum
1693 1896 1761 1935 ex
1784 1880 1998 1935 inferno

2095 695 2190 748 bus
2215 696 2342 750 locis
2363 695 2688 762 depravatis,
2742 706 2793 749 et
2819 710 2887 750 ea:
2910 697 3349 764 consequentibus
3388 697 3672 765 conﬁcitur

2091 796 2142 839 et
2191 785 2619 852 demonstratur;
2658 796 2707 840 et
2748 803 2813 840 ex
2843 787 2967 840 aliis
3017 788 3275 841 sexcentis
3309 785 3376 840 Β.
3431 785 3675 856 Gregorii

2097 875 2330 947 Nysseni
2367 879 2539 941 libris,
2580 880 2670 948 qui
2717 879 3008 933 orthodoxe
3050 888 3100 933 et
3146 880 3373 948 legitime
3414 880 3672 944 sentiunt,

2093 976 2231 1020 recte
2274 969 2563 1031 excutiens,
2611 977 2666 1020 ut
2703 984 2853 1021 nemo
2885 968 3075 1022 melius
3099 967 3154 1020 in
3201 968 3468 1022 salutares
3495 981 3673 1034 preces

2091 1069 2143 1113 et
2181 1057 2365 1112 laudes
2392 1057 2488 1112 Dei
2507 1058 2739 1113 laborem
2769 1060 2988 1128 ﬁnierit.
3025 1057 3174 1111 Libri
3196 1068 3394 1117 autem,
3423 1072 3558 1125 quos
3593 1056 3674 1108 in-

2094 1151 2248 1208 sidiis
2290 1150 2527 1218 excipere
2578 1151 2814 1204 heretici
2861 1149 3034 1202 moliti
3069 1158 3222 1212 sunt,
3272 1157 3323 1204 et
3363 1163 3494 1217 quos
3539 1144 3674 1200 Ger-

2096 1255 2286 1295 manus
2328 1239 2568 1293 veritatis
2607 1247 2969 1307 propugnator
3000 1239 3298 1306 primarius.
3333 1250 3366 1288 a
3403 1237 3674 1292 latronum

2095 1329 2298 1384 insultn
2332 1330 2444 1386 sine
2467 1345 2607 1384 noxa
2631 1330 2879 1393 servavit,
2904 1337 3052 1393 sunt,
3086 1327 3347 1396 Dialogus
3380 1326 3448 1380 ad
3478 1324 3676 1380 Macri-

2099 1435 2223 1473 nam
2259 1434 2506 1475 sororem
2535 1419 2603 1474 de
2633 1419 2838 1482 anima,
2874 1429 2922 1472 et
2958 1417 3122 1476 Liber
3172 1415 3572 1475 catecheticus,
3626 1421 3676 1465 et

2099 1513 2190 1568 ille
2221 1513 2312 1581 qui
2341 1512 2415 1566 De
2441 1511 2686 1582 perfecta
2717 1511 2827 1564 vita
2854 1511 3222 1564 narrationem
3249 1511 3504 1562 continet.
3548 1504 3675 1560 Hac

2103 1617 2202 1673 pro
2237 1600 2488 1672 Nysseno
2525 1599 2856 1656 Germanus.
2904 1597 2982 1652 Ex
3013 1598 3214 1668 quibus
3271 1596 3553 1652 evanescit
3585 1610 3676 1648 ca.-

2101 1694 2306 1748 lumnia
2363 1690 2700 1750 Casauboni,
2750 1691 2844 1760 qui
2891 1690 2945 1743 in
3000 1688 3238 1742 Scholiis
3275 1685 3342 1740 ad
3385 1685 3683 1756 epistolam

2100 1781 2396 1852 quamdam
2443 1779 2695 1850 Nysseno
2739 1778 3058 1848 ascriptum,
3103 1786 3160 1832 et
3197 1776 3514 1840 Eustatbiae,
3555 1775 3680 1828 Am-

2102 1875 2324 1938 brosiae,
2377 1883 2433 1930 et
2479 1873 2755 1928 Basilissa:
2795 1872 3139 1943 inscriptam,
3185 1869 3507 1924 criminatur
3541 1865 3686 1938 Nys-

416 1939 766 2030 liberatione.
951 1971 1230 2044 Nyssenus
1261 1974 1505 2028 validum
1561 1982 1616 2028 et
1652 1981 1764 2027 tam
1813 1973 1998 2027 erudi-
2029 1939 2073 1996 Β
2107 1983 2302 2024 senum
2333 1966 2386 2020 in
2406 1965 2742 2020 catecbetica
2769 1939 3019 2018 oratione
3040 1976 3223 2016 naevos
3254 1960 3520 2031 quosdam
3536 1972 3677 2016 con-

414 2064 585 2128 tione,
631 2078 794 2134 quam
821 2065 1118 2123 sanctitate
1150 2073 1423 2135 potentem
1457 2065 1872 2136 hyperaspisten
1911 2080 1998 2120 re-

416 2157 562 2226 perit
594 2153 652 2208 S.
701 2154 1059 2218 Germanum,
1115 2157 1484 2227 patrial-citam
1535 2156 1999 2226 Constantinopo-

419 2246 690 2312 litanum;
720 2261 787 2301 ex
816 2248 976 2316 cujus
1019 2262 1118 2318 pro
1147 2247 1414 2318 Gregorio
1458 2249 1844 2304 lucubratione
1884 2249 2001 2302 haec

419 2347 680 2408 excerpta
727 2338 957 2393 Pbotius
1007 2340 1168 2394 nobis
1213 2341 1439 2410 reliquit
1462 2340 1728 2409 (a)=Legi
1785 2339 2000 2401 librum,

421 2441 637 2486 auctore
659 2428 943 2492 Germano,
976 2433 1066 2500 qui
1104 2432 1336 2500 primunt
1353 2431 1537 2500 Cyzict
1566 2431 2004 2498 ordinatus,post

421 2518 1051 2586 Constantinopolitanus
1074 2521 1384 2588 patriarcha
1414 2521 1644 2590 fuit,qui
1667 2521 1798 2574 liber
1816 2521 2004 2573 inscri-

423 2611 586 2674 bitur,
629 2611 961 2666 Retribuens
1018 2621 1073 2667 et
1114 2612 1388 2678 legitimus
1435 2633 1449 2668 :
1495 2614 1635 2683 quod
1669 2615 1888 2682 perinde
1927 2622 2004 2668 est

423 2720 488 2762 ac
516 2705 568 2759 si
605 2704 808 2762 dixeris
837 2719 856 2757 :
882 2703 960 2758 De
993 2721 1120 2766 vera
1144 2714 1194 2757 et
1219 2705 1452 2775 legitima
1484 2705 2005 2776 retributione,quod

422 2795 744 2865 rependatur
767 2795 1258 2864 hominibus.praut
1285 2799 1537 2857 vixerint.
1575 2797 1644 2851 Et
1667 2798 1779 2852 hare
1792 2798 2004 2868 quidem

426 2885 574 2945 tituli
606 2887 903 2952 inscriptio.
956 2887 1237 2939 Contendit
1277 2903 1396 2940 vero
1451 2885 1759 2958 Gregorium
1814 2885 2008 2957 Nyssa:

426 2978 749 3045 episcopum,
775 2978 992 3046 ejusque
1019 2979 1223 3047 scripta
1274 2978 1340 3030 ab
1379 2977 1626 3048 Origenis
1679 2995 1861 3033 errore
1896 2995 2010 3033 esse

425 3070 709 3124 immunia.
741 3068 955 3130 Etenim
986 3071 1176 3139 quibus
1203 3069 1454 3124 delirium
1489 3071 1629 3124 illud
1673 3070 1866 3139 placet,
1897 3071 2008 3124 da:-

427 3160 668 3221 monibus
695 3171 744 3214 et
771 3160 1074 3214 hominibus
1105 3164 1158 3214 in
1201 3173 1460 3218 atternam
1499 3178 1713 3232 pinnam
1746 3163 2006 3230 conjectis

2101 2060 2335 2114 traxisse
2367 2073 2433 2112 ex
2457 2057 2692 2112 lectione
2719 2054 2992 2125 Origenis.

2175 2149 2434 2204 Eamdem
2477 2149 2821 2219 Origenicam
2865 2147 3039 2200 labem
3091 2145 3160 2198 ab
3199 2143 3390 2199 eodem
3434 2140 3691 2212 Nysseno

2104 2242 2332 2313 depellit
2377 2249 2570 2296 auctor
2614 2254 2944 2310 anonymus,
2988 2237 3082 2309 qui
3130 2236 3296 2289 vitam
3326 2232 3573 2304 ejusdem
3626 2231 3685 2285 in

2104 2335 2314 2388 litteras
2343 2334 2551 2388 retulit.

2181 2426 2318 2480 Illud
2358 2434 2538 2480 tamen
2576 2425 2906 2484 monuerim,
2948 2423 3108 2476 linem
3141 2416 3404 2472 orationis
3433 2413 3689 2469 cateche-

2111 2521 2238 2574 ticre
2269 2535 2378 2572 non
2416 2533 2540 2572 esse
2573 2516 2821 2586 Gregorii
2858 2511 3110 2585 Nysseni.
3151 2510 3288 2563 Cum
3313 2508 3460 2562 enim
3497 2504 3690 2560 Severi

2111 2612 2445 2667 mentionem
2478 2608 2662 2672 faciat,
2691 2615 2743 2663 et
2764 2621 2902 2677 Opus
2947 2606 3015 2659 de
3060 2601 3411 2658 distinctione
3440 2597 3686 2651 vocabu—

2112 2705 2287 2764 lorum
2319 2709 2514 2758 contra
2549 2701 2702 2754 illum
2759 2699 3064 2772 promittat,
3120 2697 3330 2747 clarum
3381 2698 3467 2744 est
3515 2695 3693 2741 totum

2110 2797 2244 2851 illud
2276 2795 2414 2848 nihil
2446 2792 2610 2852 aliud,
2641 2806 2804 2860 quam
2843 2787 3064 2844 aliunde
3097 2787 3367 2841 adscitum
3404 2793 3694 2836 assumen-

2110 2889 2240 2943 dum
2271 2902 2416 2948 esse,
2447 2899 2570 2938 cum
2605 2883 2843 2937 Severus
2863 2879 3266 2949 Acepbalorum
3297 2873 3696 2940 antesignanus

2113 2981 2302 3036 multis
2335 2978 2496 3032 annis
2512 2976 2730 3032 demum
2761 2985 2885 3045 post
2911 2971 3142 3043 Nysseni
3161 2970 3368 3022 obitum
3394 2963 3700 3021 exstiterit;

2113 3073 2259 3144 quod
2292 3079 2440 3125 recte
2469 3068 2635 3123 etiam
2682 3065 2998 3120 observavit
3025 3061 3231 3115 Fronto
3262 3057 3491 3109 Ducaaus
3510 3061 3706 3106 noster-

2116 3167 2170 3219 in
2217 3159 2681 3222 Annotationibus
2720 3157 2788 3211 ad
2833 3167 3088 3225 magnam
3129 3147 3524 3205 catecbeticam
3572 3158 3701 3204 ora,-

429 3253 799 3312 liberationem
845 3252 967 3306 inde
1012 3254 1420 3321 exspectandam
1457 3270 1476 3307 :
1507 3255 1593 3317 illi
1654 3256 1794 3324 quod
1847 3259 2012 3309 virum
2039 3283 2084 3340 ε
2116 3255 2320 3308 tionem

428 3343 679 3399 doctrina
741 3341 1090 3414 singularem,
1144 3353 1195 3398 et
1243 3345 1544 3413 eloquentia
1589 3347 1848 3416 insignem
1896 3362 2015 3400 eum
2060 3343 2067 3349 ’

433 3445 797 3506 agnoscerent,
851 3437 1153 3506 claramque
1207 3439 1513 3491 sanctitatis
1567 3439 2018 3492 existimationem

429 3545 526 3599 per
554 3531 792 3582 omnium
830 3546 926 3582 ora
952 3531 1297 3584 decantatam
1337 3531 1591 3597 viderent,
1633 3533 1866 3601 aggressi
1894 3542 2017 3585 sunt

433 3621 598 3683 claris
629 3633 677 3681 et
709 3622 1042 3677 salutaribus
1084 3624 1202 3692 ejus
1224 3625 1465 3692 scriptis,
1495 3625 1722 3678 obscura
1765 3635 1813 3678 et
1849 3627 2022 3692 perni-

433 3714 584 3774 ciosa
609 3713 924 3783 Origeniani
947 3717 1119 3773 somni
1154 3733 1352 3776 venena
1389 3717 1702 3782 admiscere,
1738 3718 2021 3785 virtutique

437 3805 684 3872 hominis,
710 3816 760 3862 et
786 3808 1044 3862 doctrinae
1071 3809 1262 3864 celebri
1292 3809 1594 3867 lmretieam
1616 3810 1819 3870 occulte
1839 3826 2020 3864 amen-

439 3898 569 3960 tiam
621 3898 902 3965 subjicere.
940 3900 1122 3966 Quare
1166 3902 1367 3968 partim
1417 3902 1796 3956 additamentis
1841 3903 2020 3970 falsis,

437 3989 635 4062 partim
658 3992 813 4042 rectis
838 3993 1162 4058 argumentis
1198 3991 1450 4045 violenter
1483 3994 1726 4055 detortis,
1757 3995 1927 4046 multa
1958 4009 2023 4046 ex

441 4081 988 4151 irreprehensibilibns
1018 4083 1133 4151 ejus
1169 4086 1522 4138 monumentis
1571 4063 1896 4137 calumniari
1935 4100 2026 4138 co-

441 4175 558 4228 nati
586 4183 730 4229 sunt.
779 4173 978 4230 Contra
1027 4193 1158 4246 quos
1194 4175 1488 4231 Germanus
1508 4179 1723 4248 pietatis
1745 4189 2023 4245 patronus,

442 4273 657 4316 acutum
680 4265 917 4318 veritatis
945 4265 1184 4334 gladium
1225 4268 1512 4337 stringens,
1554 4278 1604 4321 et
1643 4267 1853 4321 vulnere
1899 4283 2026 4336 pro-

441 4363 640 4410 stratos
695 4355 870 4413 hostes
935 4357 1233 4428 relinquens
1296 4360 1544 4412 victorem
1605 4360 2028 4429 superioremque

439 4463 562 4504 eum
593 4449 891 4512 constituit,
924 4449 981 4502 in
1009 4465 1162 4519 quem
1207 4450 1456 4505 ha'retica
1503 4450 1755 4506 colluvies
1801 4452 2028 4506 insidias

453 4547 722 4593 struxerat
750 4549 799 4594 et
823 4551 1091 4607 posuerat.

2187 3345 2362 3400 Porro
2395 3343 2522 3396 licet
2555 3347 2665 3395 tam
2699 3337 2854 3392 multi
2886 3342 3079 3392 contra
3108 3331 3334 3402 impium
3370 3325 3708 3382 Eunomium

2119 3435 2464 3508 scripserint,
2493 3445 2794 3504 paucorum
2835 3438 3016 3482 tamen
3050 3430 3406 3480 monumenta
3440 3419 3538 3474 aevi
3575 3418 3701 3480 tono

2121 3545 2270 3602 gieva
2307 3536 2554 3583 vetustas
2583 3525 2792 3594 reliqua
2842 3521 3006 3574 nobis
3053 3517 3217 3584 fecit;
3271 3515 3364 3569 ubi
3417 3512 3562 3568 enim
3601 3508 3706 3563 So-

2124 3621 2362 3696 phronii,
2390 3617 2688 3684 Theodori,
2721 3614 2958 3685 Didymi,
2999 3619 3055 3666 et
3086 3606 3409 3680 Apollinarii
3455 3603 3712 3704 disputa-.

2119 3715 2348 3773 tiones?-
2379 3714 2499 3783 lpse
2527 3711 2694 3768 etiam
2734 3706 3038 3778 Nyssenus,
3075 3702 3307 3757 nimium
3341 3703 3613 3769 quantum
3648 3702 3707 3746 in

2120 3807 2364 3864 tenebris
2396 3805 2612 3860 delituit
2643 3821 2658 3857 τ
2697 3815 2859 3871 quem
2903 3798 3014 3865 jam
3050 3796 3178 3849 olim
3223 3794 3276 3846 in
3309 3792 3484 3845 lucem
3527 3783 3710 3840 vindi-

2121 3915 2252 3958 care
2287 3897 2534 3968 aggressi
2561 3909 2819 3958 eramus;-
2860 3905 3048 3944 verum
3085 3887 3209 3939 aliis
3241 3896 3404 3953 atque
3437 3881 3560 3934 aliis
3608 3893 3708 3932 ne-

2122 3992 2288 4063 gotiis
2312 4003 2530 4057 semper
2573 3983 2967 4043 incidentibus,
3025 3976 3402 4034 desistendum
3435 3971 3557 4026 fuit.
3599 3968 3714 4024 Sed

2124 4083 2493 4139 cessationem
2525 4081 2702 4133 meant
2717 4074 3107 4144 suppleverunt
3139 4083 3311 4137 nuper
3341 4065 3708 4125 Parisienses,

2125 4177 2218 4248 qui
2250 4189 2414 4245 opera
2428 4169 2660 4243 Nysseni
2689 4167 2875 4223 Graece
2898 4173 2953 4221 et
2981 4165 3170 4225 Latine
3197 4159 3412 4217 duobus
3434 4154 3715 4248 tomisele-

2127 4243 2320 4341 ganter
2355 4266 2700 4335 evulgarunt,
2716 4258 2914 4312 additis
2941 4257 3104 4314 etiam
3144 4251 3301 4306 libris
3321 4257 3506 4302 contra
3529 4243 3716 4341 [iuno-

2131 4337 2293 4418 ntium
2316 4375 2336 4422 ;
2368 4357 2461 4412 sed
2491 4353 2697 4409 omisso
2723 4351 2923 4420 primo,
2949 4346 3110 4414 cujus
3136 4340 3436 4411 exemplari
3472 4337 3716 4392 editores

2131 4453 2397 4512 carebant
2423 4461 2618 4518 :quem
2646 4457 2793 4498 nunc
2825 4456 2892 4494 ex
2925 4437 3188 4490 Bavarico
3234 4433 3428 4518 codice
3462 4427 3717 4518 publiea-

2136 4559 2286 4608 mus,
2314 4549 2375 4593 ut
2405 4547 2460 4594 et
2475 4513 2596 4590 ialia
2625 4530 2913 4593 nonnulla,
2940 4525 3142 4596 quibus
3175 4521 3342 4576 editio
3385 4513 3716 4608 Parisiensis

515 4605 1142 4699 Nonnullis—interjectis
1189 4632 1337 4697 idem
1367 4631 1599 4694 Pbotius
1629 4647 1646 4687 :
1688 4632 1757 4688 Ut
1803 4634 2025 4688 breviter
2053 4623 2101 4680 D
2131 4605 2284 4692 caret
2306 4675 2328 4700 ,,
2353 4640 2413 4686 ιιι
2442 4629 2604 4698 plene
2630 4621 2901 4678 conﬁdam
2937 4619 3042 4672 boc
3071 4623 3324 4669 nostrum
3343 4608 3412 4664 ad
3437 4605 3718 4700 Parisien-

447 4720 642 4784 dicam,
679 4722 859 4775 omnia
900 4725 1070 4776 sancti
1118 4724 1276 4793 hujus
1315 4727 1486 4794 patris
1520 4727 1721 4787 scripta
1775 4727 1838 4780 ab
1887 4726 2029 4779 omni

451 4813 704 4866 hmretica
740 4815 1026 4881 pravitate,
1052 4826 1101 4869 et
1139 4833 1172 4869 a
1203 4819 1494 4880 calumnia,
1549 4836 1665 4889 qua?
1702 4821 1758 4873 in
1788 4820 2033 4887 impieta-

449 4914 551 4960 tem
587 4905 774 4973 vergit,
802 4906 1061 4960 immania
1096 4923 1208 4962 esse
1249 4909 1509 4972 declarat.
1556 4909 1686 4965 lla'c
1719 4927 1878 4980 porro
1927 4912 2032 4964 im-

520 5079 598 5152 (α)
633 5077 851 5134 Volum.
881 5079 1004 5134 εδδ.

2135 4742 2251 4783 sem
2284 4697 2580 4779 editionem
2605 4713 2913 4770 auctarium
2943 4724 3048 4768 seu,
3079 4704 3504 4766 additamentum
3545 4697 3720 4751 lecto-2

2138 4821 2290 4878 ribus
2321 4830 2430 4872 non
2463 4812 2579 4875 fore
2603 4811 2903 4887 ingratum.

1411 5452 1925 5547 LECTORI
2034 5441 2764 5559 IEQUANIMO.

522 5802 684 5876 Quod
711 5801 1005 5872 aliquando
1029 5804 1256 5877 contigit
1285 5806 1353 5861 iis
1391 5806 1590 5877 quibus
1620 5820 1784 5862 aurea
1819 5802 2031 5858 medio-

458 5905 627 5964 critas
661 5897 826 5954 etiam
861 5899 917 5952 in
968 5896 1109 5952 v0tis
1146 5899 1446 5970 placuerat,
1482 5901 1674 5956 Lector
1702 5895 2028 5968 mqmnime,

2136 5807 2202 5854 ut
2245 5797 2391 5870 quod
2435 5794 2767 5867 exoptabant
2808 5790 3024 5846 auctius
3065 5795 3229 5857 atque
3274 5785 3470 5840 melius
3500 5782 3710 5837 faceres

2141 5892 2307 5957 Deus,
2323 5903 2434 5961 quo
2450 5888 2612 5944 mdo
2634 5886 2742 5945 voti
2767 5885 3055 5958 plusquam
3079 5894 3304 5952 compos
3323 5877 3552 5932 Flaccus
3575 5883 3726 5923 att-—
