3880 6394
199 463 262 518 53
1564 477 2102 540 PROLEGOMENA.
3426 481 3498 539 54

199 598 314 651 bene
337 602 438 660 est,
457 593 604 647 nihil
613 594 874 665 amplius
893 609 1007 658 oro,
1037 593 1198 650 nobis
1221 593 1386 665 εὐχῆς
1407 595 1652 667 ἀμέτρου
1675 611 1801 652 cum
1831 608 1879 666 Α
1908 597 2032 666 fuit,
2061 598 2115 652 in
2136 595 2508 668 Polymorpho
2537 594 2779 667 Dialogo-
2798 604 2849 664 t,
2888 595 2980 651 ubi
3011 593 3083 651 de
3114 595 3500 657 incarnatione

199 690 454 762 Gregorio
484 687 857 745 Nazianzeno
889 689 1262 745 metuentibus
1304 690 1578 743 usuveuit.
1615 688 1804 744 Enim-

201 797 318 837 vero
341 783 581 852 primum
609 792 810 837 votum
833 789 888 836 et
909 781 1198 836 consilium
1225 788 1477 835 nostrum
1504 780 1682 837 fuerat
1705 782 1806 836 ini-

203 879 274 932 tio
310 876 480 930 libros
515 881 749 928 tantum
787 871 846 927 S.
883 871 1141 942 Gregorii
1177 881 1367 926 contra
1409 871 1731 926 Eunomium
1772 887 1804 926 a

205 969 518 1023 doctissimo
545 967 677 1022 viro
725 965 845 1021 Nic.
889 966 1126 1022 Gulouio
1169 963 1493 1021 Professore
1521 966 1802 1037 quondam

205 1061 344 1131 regio
367 1060 656 1114 latinitate
690 1059 928 1115 donatos
954 1059 1008 1113 in
1037 1059 1212 1113 lucem
1233 1059 1582 1135 edere,_quos
1599 1059 1804 1131 πατρὸς

206 1153 434 1224 ἀμείνων
464 1151 536 1206 R.
579 1152 646 1206 P.
681 1151 925 1206 Joannes
967 1165 996 1204 a
1031 1150 1089 1204 S.
1126 1149 1427 1206 Francisco
1466 1150 1802 1207 Faliensium

207 1246 598 1302 monachorum
668 1245 820 1316 prior
874 1246 1212 1316 recognovit.
1281 1243 1386 1300 Sed
1445 1261 1572 1300 cum
1604 1245 1695 1300 ille
1749 1245 1805 1299 in

208 1337 448 1392 morbum
513 1338 838 1402 incidisset,
884 1353 1063 1407 neque
1133 1337 1301 1408 prmio
1373 1343 1566 1407 posset
1610 1351 1806 1406 prope-

210 1430 342 1484 ranti
366 1446 603 1500 pensum
635 1429 925 1497 sufﬁcere;
951 1431 1128 1484 visum
1158 1440 1243 1485 est
1274 1429 1410 1484 alios
1439 1428 1496 1484 S.
1558 1426 1802 1497 Gregorii

212 1523 370 1577 libros
393 1522 508 1591 jam
545 1522 744 1578 Graece
772 1537 1006 1578 excuses
1037 1523 1102 1576 ad
1160 1523 1390 1576 alterum
1421 1529 1629 1574 tomum
1669 1532 1804 1572 con-

213 1614 492 1668 ficiendum
521 1616 828 1686 colligere;
870 1611 978 1678 jam
1010 1615 1154 1669 enim
1185 1612 1315 1668 olim
1339 1612 1479 1682 apud
1503 1610 1816 1680 Rapheleu-
1843 1637 1854 1650 κ

215 1703 348 1770 gium
384 1705 478 1758 lib.
527 1705 604 1758 De
654 1707 760 1759 cita
803 1703 1007 1766 Hosis;
1052 1703 1194 1773 apud
1238 1703 1566 1765 Plautinum,
1611 1701 1704 1755 lib.
1732 1698 1809 1752 De

217 1794 539 1864 virginitate;
586 1797 742 1866 apud
807 1797 1134 1862 Sartorimn,
1195 1805 1380 1849 contra
1419 1793 1804 1861 Apollinarem,

215 1894 266 1940 et
284 1887 382 1940 alia
409 1888 531 1956 ejus
557 1889 700 1943 alibi
722 1889 986 1957 apuscula
1013 1887 1449 1956 fuerantpnblici
1477 1885 1619 1955 juris
1643 1883 1802 1938 facta.

219 1961 362 2043 Quod
393 1995 514 2032 cum
567 1981 845 2034 audiisset
884 1981 1256 2051 amplissimus
1310 1994 1512 2049 praises
1547 1977 1804 2032 dominus

221 2067 488 2136 'l’huanus,
531 2073 700 2141 Regii
764 2073 1090 2128 Cousistorii
1163 2073 1540 2137 consiliarius,
1584 2070 1804 2125 codices

223 2173 342 2214 suos
366 2163 782 2233 manuscriptos
831 2163 990 2217 nobis
1026 2163 1260 2232 benigne
1295 2161 1591 2223 concessit,
1623 2175 1652 2214 e
1685 2160 1806 2229 qui-

225 2251 319 2306 bus
353 2263 503 2307 eruta
534 2261 625 2309 est
687 2254 1003 2308 dissertatio
1036 2253 1112 2306 De
1153 2253 1338 2306 anima
1397 2251 1670 2306 hactenus
1697 2263 1805 2302 non

227 2340 378 2394 edita.

291 2430 429 2485 Misit
461 2431 633 2485 etiam
674 2429 740 2485 ad
790 2444 892 2485 nos
925 2430 1202 2499 ingentem
1235 2427 1479 2482 codicem
1507 2427 1805 2496 Antuerpia

228 2520 289 2578 11.
317 2524 376 2576 P.
400 2525 654 2580 Andreas
715 2523 992 2587 Schottus,
1036 2526 1128 2592 qui
1179 2521 1349 2578 libros
1404 2521 1518 2576 sive
1553 2519 1806 2574 liomilias

229 2612 442 2685 Nysscni
504 2618 750 2686 amplius
797 2616 1019 2685 triginta
1055 2614 1454 2683 complectitur,
1499 2611 1807 2681 sumptibus

232 2705 351 2758 elar.
411 2706 511 2762 viri
540 2705 825 2760 Theodori
870 2705 1086 2760 Canteri
1143 2702 1558 2772 Ultrajectensis
1586 2711 1806 2762 senato-

233 2802 302 2855 ris
320 2803 442 2856 olim
481 2803 820 2872 exscriptas,
869 2803 1070 2872 quibus
1102 2801 1276 2855 additi
1309 2810 1440 2856 sunt
1481 2801 1572 2854 alii
1631 2817 1699 2857 ex
1731 2799 1808 2854 bi-

232 2890 484 2946 bliotheca
532 2892 798 2947 nobiliss.
840 2892 942 2946 viri
998 2889 1284 2946 Fraucisci
1367 2889 1612 2954 Olivarii,
1672 2888 1803 2943 Fed.

232 2981 442 3048 ﬂorelli,
473 2983 729 3039 Profess.
755 2999 865 3054 reg.
903 2983 1129 3047 Decani,
1156 2991 1218 3038 et
1233 2983 1466 3036 aliorum
1503 2983 1806 3035 amicorum

233 3085 528 3131 nostrorum
573 3076 906 3145 deprompti,
941 3091 1175 3146 quorum
1204 3075 1528 3129 beneficium
1560 3074 1612 3127 iu
1659 3074 1806 3128 notis

235 3167 293 3221 ad
326 3169 566 3238 singulos
598 3168 767 3223 libros
799 3168 1203 3237 praedicabitur.

294 3257 437 3314 Licet
477 3262 634 3314 enim
673 3259 909 3315 editione
944 3274 1170 3330 operum
1215 3256 1272 3311 S.
1306 3255 1537 3312 Joannis
1568 3256 1806 3328 Chryso-
1835 3297 1879 3357 Ο

236 3354 382 3406 stomi
417 3353 608 3407 adhuc
641 3351 980 3406 detineretur
1025 3352 1109 3405 vir
1148 3349 1522 3414 doctissimus,
1565 3349 1808 3418 θεοφιλέ-

238 3459 410 3508 στατος
439 3443 654 3498 Fronto
683 3441 918 3498 Ducaaus
955 3441 1011 3496 S.
1046 3441 1088 3494 l.
1129 3440 1460 3512 Theologus,
1493 3457 1594 3497 suo
1624 3449 1805 3495 tamen

237 3534 464 3588 subsidio
498 3532 955 3601 nosjurarcuon
977 3531 1208 3596 destitit,
1269 3547 1395 3586 cum
1435 3541 1490 3587 et
1563 3531 1807 3586 delectus

237 3623 501 3680 habendus
551 3633 700 3678 esset
751 3623 909 3678 codd.
945 3639 1080 3678 mss.
1135 3630 1190 3679 et
1230 3623 1502 3678 variantes
1547 3623 1807 3678 lectiones

238 3730 351 3768 cum
374 3715 585 3785 judicio
619 3713 740 3768 alia:
772 3728 882 3782 pne
899 3713 1023 3767 aliis
1061 3713 1472 3782 aiuplectendaz,
1505 3721 1558 3767 et
1588 3721 1729 3768 nota:
1752 3715 1812 3766 in

239 3806 405 3860 varios
433 3807 612 3862 libros
632 3805 762 3859 olim
798 3805 867 3859 ab
896 3804 1014 3874 ipso
1051 3805 1372 3862 emendatos
1413 3820 1809 3874 recognoscen-

240 3896 331 3962 daa,
359 3909 518 3969 atque
553 3899 684 3953 huic
712 3897 935 3953 editioni
965 3896 1287 3968 atlaptandze
1309 3907 1520 3954 essent.

301 3988 686 4045 Verumtamen
739 3989 844 4043 hac
877 3989 1114 4044 adhibita
1167 3989 1450 4060 diligentia
1483 4006 1591 4046 non
1629 3992 1810 4061 potui-

237 4095 350 4136 mus
375 4079 720 4152 quarundam
743 4079 1091 4134 bomiliarum
1129 4079 1384 4136 Grazcmu.
1424 4089 1633 4137 textum
1676 4099 1822 4138 uau-v

236 4172 378 4235 cisci,
416 4189 560 4244 quas
609 4171 711 4227 sub
759 4172 922 4225 finem
955 4173 1180 4226 secundi
1217 4173 1346 4226 tomi
1375 4171 1569 4229 Latine
1595 4183 1823 4230 tantum.

235 4258 538 4326 edidimus;
583 4259 674 4313 sed
728 4273 903 4328 neque
944 4267 1086 4314 totos
1129 4273 1314 4313 contra
1356 4261 1670 4317 Eanomimn
1715 4265 1816 4318 ΧΗ

235 4350 394 4406 libros
439 4351 888 4420 suppeditamus,
925 4364 1059 4405 cum-
1102 4361 1160 4405 ut
1198 4369 1264 4407 ex
1303 4356 1512 4424 synodo
1545 4354 1610 4409 Vl
1659 4369 1812 4411 (ccu-

234 4443 434 4497 iueuica
472 4452 708 4509 constat,
747 4445 1024 4498 secundus
1048 4459 1310 4500 numerus
1338 4447 1494 4514 sitis,
1526 4448 1618 4518 qui
1648 4450 1810 4518 primi

233 4533 404 4589 locum
455 4537 696 4592 editione
749 4545 940 4591 nostra
977 4537 1208 4602 obtinet,
1245 4554 1538 4610 expressos
1570 4556 1641 4595 ex.
1688 4557 1811 4612 apo-

1907 690 2118 746 Domini
2170 687 2444 759 loquitur,
2487 687 2603 744 haec
2657 689 2964 758 desumpsit
3023 689 3342 745 testimonia
3399 691 3497 749 fol.

1907 782 2030 844 124,
2049 781 2304 837 editionis
2329 779 2626 851 Tigurinaa,
2662 781 2758 834 τοῦ
2780 781 2951 836 αὑτοῦ·
2969 782 3035 835 ἐκ
3055 781 3150 835 τοῦ
3171 784 3314 837 κατά
3338 784 3505 838 Εὐνο-

1910 875 2032 946 μίου
2066 874 2246 943 λόγου.
2272 872 2457 944 Φαμὲν
2482 873 2684 938 τοίνυν,
2709 874 2790 927 ὅτι
2822 877 2880 927 ἐν
2917 874 3016 945 μὲν
3036 876 3149 939 τοῖς
3178 875 3286 948 πρὸ
3309 876 3501 933 τούτου

1905 966 2081 1035 λόγοις
2112 964 2283 1019 εἰπὼν
2314 964 2414 1036 τὴν
2451 965 2652 1033 Σοφίαν
2683 965 3096 1036 ᾠκοδομηκέναι
3125 967 3290 1038 ἑαυτῇ
3327 964 3496 1031 οἷκον,

1905 1059 2003 1130 τὴν
2028 1058 2127 1130 τῆς
2154 1059 2353 1131 σαρκὸς
2376 1057 2470 1112 τοῦ
2492 1059 2699 1130 Κυρίου
2720 1059 3061 1132 κατασκευὴν
3073 1059 3150 1135 τῷ
3169 1060 3314 1132 λόγῳ
3330 1059 3507 1115 αἰνίσ-

1909 1168 2082 1206 σεται.
2130 1152 2370 1206 Dicimus
2421 1168 2567 1224 ergo,
2615 1169 2737 1206 cum
2795 1153 2850 1206 in
2883 1153 2951 1207 iis
3009 1169 3129 1223 (μιαν
3164 1154 3314 1222 prius
3355 1153 3502 1206 dicta

1907 1253 2051 1309 sunt,
2087 1243 2226 1298 dixit
2259 1241 2591 1313 Sapientiam
2637 1243 2935 1314 wdiﬁcasse
2977 1245 3082 1299 sibi
3110 1244 3348 1310 domum,
3377 1262 3502 1298 cart-

1907 1336 1990 1391 nis
2020 1336 2239 1391 Domini
2283 1336 2447 1392 Verbo
2477 1339 2926 1392 constructionem
2970 1339 3204 1406 mystice:
3228 1337 3500 1406 intelligit.

1909 1424 2027 1481 Hoc
2055 1426 2435 1482 testimonium
2470 1427 2714 1497 reperies
2747 1442 2869 1497 pag.
2912 1427 3002 1489 '17,
3036 1426 3204 1496 hujus
3242 1425 3518 1481 editionis

1910 1525 2045 1571 tom.
2082 1516 2148 1571 ll.
2187 1516 2331 1589 Ergo
2377 1517 2638 1581 dicimus,
2673 1518 2824 1589 quod
2857 1518 2911 1572 in
2945 1518 3054 1584 his,
3096 1517 3396 1588 quas-hunc
3423 1517 3504 1571 lo-

1908 1624 2031 1663 cum
2081 1610 2402 1689 przeced'uut
2449 1609 2651 1677 verbis,
2698 1626 2824 1665 cum
2879 1610 3111 1666 dixisset
3165 1611 3513 1680 Sapientiam

1909 1701 2012 1755 sibi
2044 1700 2266 1756 domum
2301 1702 2626 1759 aedificasse.

1981 1791 2038 1846 in
2066 1791 2258 1847 eodem
2299 1792 2524 1865 Dialogo
2557 1802 2611 1849 et
2650 1792 2742 1848 fol.
2786 1793 2908 1859 121,
2963 1794 3060 1848 τοῦ
3101 1794 3268 1848 αὑτοῦ
3308 1796 3375 1849 ὲκ
3406 1797 3506 1867 τῆς

1909 1883 2076 1954 αὐτῆς
2101 1883 2485 1955 πραγματείας
2506 1901 2518 1914 °
2552 1887 2580 1938 ὁ
2620 1884 2794 1953 Λόγος
2831 1887 2940 1957 πρὸ
2961 1883 3069 1940 τῶν
3102 1886 3314 1940 αἰώνων
3345 1883 3434 1958 ἦν,
3469 1891 3503 1958 ἡ

1835 1958 1876 2012 Β
1908 1975 2044 2046 σὰρξ
2071 1976 2128 2028 δὲ
2154 1978 2241 2028 ἐπ’
2270 1977 2516 2048 ἐσχάτων
2542 1979 2762 2047 ἐγένετο
2790 1979 2898 2032 τῶν
2927 1980 3158 2050 χρόνων,
3191 1981 3286 2033 καὶ
3314 1981 3413 2033 οὑκ
3439 1981 3504 2035 ἄν

1904 2085 1990 2131 τις
2014 2069 2357 2140 ἀναστρέψας
2377 2069 2522 2122 εῖποι
2554 2069 2586 2140 ἢ
2608 2069 2814 2141 ταύτην
2841 2069 3166 2142 προαιὼνιον
3202 2066 3360 2137 εἶναι,
3389 2073 3421 2142 ἢ
3447 2075 3506 2126 ἐν

1906 2163 2018 2223 τοῖς
2070 2162 2320 2232 ἐσχάτοις
2367 2162 2696 2232 γεγενῆσθαι
2747 2163 2840 2216 τὸν
2869 2163 3064 2231 Λόγον.
3130 2163 3356 2217 Verbum
3387 2171 3508 2218 erat

1909 2261 2030 2303 ante
2059 2251 2276 2316 swcula,
2324 2269 2448 2306 caro
2480 2262 2656 2306 autem
2689 2256 2938 2307 extremis
2974 2255 3295 2323 temporibus
3356 2256 3506 2322 facta

1905 2351 2002 2404 est,
2029 2358 2120 2394 nec
2151 2353 2458 2396 convertens
2500 2352 2690 2396 contra
2729 2344 2995 2412 quispiam
3033 2345 3230 2398 dixerit
3262 2345 3348 2399 vel.
3384 2363 3504 2400 eam

1907 2449 2018 2486 esse
2047 2443 2168 2486 ante
2205 2434 2429 2497 smenla,
2469 2435 2546 2488 rel
2586 2435 2642 2488 in
2685 2437 2892 2488 ultimis
2931 2437 3253 2505 temporibus
3299 2437 3503 2506 factum

1907 2539 2020 2576 esse
2056 2521 2303 2576 Verbum.
2336 2523 2449 2580 lloc
2467 2524 2848 2579 testimonium
2877 2527 3046 2581 habes
3081 2543 3134 2596 p.
3175 2527 3266 2581 161
3337 2529 3514 2598 hujus

1908 2615 2041 2668 edit.
2072 2615 2286 2668 (litatur
2322 2616 2462 2669 idem
2496 2616 2649 2672 locus
2693 2623 2747 2670 ct
2791 2617 2847 2669 in
2893 2617 3103 2688 synodo
3138 2616 3203 2670 Vl
3236 2617 3505 2674 (Ecnme-

1909 2706 2054 2767 nica,
2081 2707 2295 2760 actione
2322 2707 2408 2769 10,
2435 2721 2556 2777 pag.
2582 2706 2704 2771 126,
2727 2705 2968 2762 editione
2996 2709 3259 2764 Romana.
3285 2710 3381 2761 Ἐκ
3406 2708 3503 2762 τοῦ

1907 2798 2050 2852 κατὰ
2080 2799 2349 2868 Εὑνομῐου
2389 2799 2558 2868 τόμου
2595 2798 2878 2869 πέμπτου,
2909 2793 3027 2871 οὗή
3075 2801 3240 2871 ἀρχὴ,
3282 2803 3417 2873 Περὶ
3445 2802 3504 2856 δὲ

1906 2890 2008 2960 τῆς
2038 2891 2246 2962 Πέτρου
2291 2890 2386 2943 τοῦ
2431 2891 2729 2944 ἀποστόλου
2766 2891 2971 2962 φωνῆς.
3025 2890 3108 2944 Ex
3146 2893 3329 2962 quinto
3361 2904 3502 2948 tomo

1909 2992 2093 3035 contra
2149 2981 2494 3050 Eunomium,
2543 2983 2696 3052 cujus
2744 2983 2976 3048 initium,
3029 2982 3108 3036 De
3158 3001 3276 3037 voce
3324 2986 3504 3054 itaque

1911 3072 1971 3129 S.
2012 3077 2162 3131 Petri
2220 3074 2481 3142 Apostoli.
2546 3074 2701 3130 Unde
2764 3075 3075 3142 colligimus
3135 3075 3328 3131 deesse
3375 3078 3503 3131 huic

1909 3171 2111 3217 nostrae
2137 3164 2364 3217 editioni
2407 3163 2606 3217 librum
2643 3165 2980 3233 p,rimum,et
3006 3167 3311 3220 orationem
3335 3183 3501 3236 quur-

1911 3260 2021 3304 tam
2054 3253 2174 3319 ejus
2215 3243 2282 3306 iu'
2305 3253 2518 3324 synodo
2571 3253 2676 3308 dici
2705 3261 2761 3308 ct
2812 3271 2938 3310 vere
2967 3270 3092 3311 esse
3139 3258 3408 3325 quintam.
3444 3258 3498 3312 ln

1913 3341 2176 3412 Gatologo
2203 3347 2366 3397 etiam
2410 3344 2674 3399 librorum
2723 3345 3065 3401 bibliotheca;
3094 3345 3371 3402 Vaticana:
3402 3367 3503 3402 nu-

1909 3448 2062 3487 mero
2087 3433 2212 3500 424,
2247 3434 2462 3488 initium
2488 3437 2798 3507 assignatur
2819 3438 2962 3494 lSIUd
2984 3439 3076 3493 lib.
3107 3456 3123 3495 ι
3177 3452 3360 3495 contra
3392 3443 3503 3494 lfu-

1910 3527 2166 3591 nantium,
2223 3527 2338 3579 Οὐκ
2389 3522 2456 3598 ἦν
2509 3527 2584 3590 ὡς
2646 3527 2798 3582 ἔοικε
2840 3528 2919 3599 τῷ
2973 3530 3154 3583 πάντα
3214 3548 3272 3583 σε
3325 3530 3501 3584 θέλειν

1909 3618 2239 3690 εὐεργετεῖν·
2264 3619 2488 3674 secundi
2521 3629 2702 3674 autem
2737 3621 2905 3688 istud,
2941 3621 3002 3674 ’11
3029 3623 3134 3675 τῶν
3160 3623 3500 3694 Χριστιανῶν

1909 3709 2092 3771 πίστις
2119 3712 2198 3772 εἰς
2248 3709 2432 3764 πάντα.
2483 3710 2646 3781 ἒονη’
2683 3712 2829 3780 quod
2882 3721 2967 3767 est
3010 3715 3278 3769 orationis
3309 3715 3501 3785 prima:

1909 3798 2074 3867 hujus
2105 3800 2365 3854 editionis
2417 3800 2654 3853 initium.
2693 3800 2940 3855 Tertium
2979 3803 3498 3874 tcstimoniumpro-

1911 3889 2426 3947 fertThcodoretus
2457 3895 2508 3948 in
2540 3892 2730 3948 eodem
2766 3893 2992 3964 Dialogo
3023 3895 3072 3948 1.
3106 3895 3200 3950 fol.
3233 3897 3356 3958 i253.
3387 3898 3502 3950 οὐκ

1911 3983 1976 4036 ἐκ
2007 3983 2102 4035 τοῦ
2127 3984 2272 4036 θείου
2301 4001 2360 4036 τε
2387 3986 2481 4038 καὶ
2514 3987 2798 4057 ἀκηράτου.
2825 3988 2972 4040 ἐστὶν
2998 3989 3031 4058 ἡ
3062 3987 3156 4040 τοῦ
3190 3987 3373 4041 ἔκτισέ
3431 4007 3498 4059 με

1912 4074 2084 4146 φωνὴ,
2123 4075 2260 4128 ἀλλά
2292 4075 2474 4139 καθὼς
2506 4076 2720 4148 εἴρηται
2753 4080 2817 4131 ἐκ
2834 4076 2926 4131 τοῦ
2951 4078 3352 4149 ἀναληφθέντος
3379 4081 3499 4133 κατ’

1912 4169 2242 4238 οἰκονομίαν.
2269 4166 2396 4221 Non
2419 4171 2481 4221 de
2509 4169 2706 4232 divino,
2742 4179 2791 4223 et
2821 4170 2885 4223 ab
2918 4171 3062 4223 omni
3087 4173 3420 4238 corruptione
3451 4183 3501 4226 et

1913 4261 2129 4314 interitu
2153 4261 2327 4314 alieno
2356 4271 2432 4315 est
2456 4261 2566 4314 lucc
2598 4278 2718 4324 vox,
2753 4281 2772 4311 ι
2806 4262 3019 4316 Creavit
3043 4279 3124 4316 me
3144 4280 3162 4317 :
3196 4283 3214 4313 ι
3245 4264 3336 4318 sed
3364 4265 3501 4317 sicut

1913 4354 2113 4407 dictum
2147 4360 2246 4414 est,
2269 4352 2332 4405 de
2368 4369 2427 4406 eo
2452 4353 2591 4421 quod
2635 4368 2729 4421 per
2780 4355 3013 4408 divinam
3057 4357 3499 4422 dispensationem

1913 4455 2242 4513 assumptum
2264 4453 2364 4498 est.
2393 4443 2538 4500 idem
2575 4446 2867 4501 exhibetur
2897 4446 3091 4500 iisdem
3125 4447 3287 4516 plane
3315 4448 3499 4503 verbis

1914 4554 1969 4609 p.
2001 4537 2067 4592 79
2110 4537 2275 4607 hujus
2319 4535 2607 4605 editionis,
2655 4537 2765 4592 nisi
2816 4537 2961 4608 quod
3002 4553 3102 4608 pro
3156 4538 3498 4610 ἀναληφθέν-

233 4629 430 4697 grapho
454 4626 519 4682 V.
543 4628 606 4683 C.
646 4627 842 4684 Franc.
875 4630 1093 4698 Pithmi,
1129 4647 1240 4702 quo
1275 4640 1339 4687 et.
1372 4633 1644 4702 interpres
1676 4633 1805 4688 dum

1913 4645 2003 4691 τος
2058 4629 2256 4698 legitur
2316 4629 2427 4684 illic
2485 4628 2904 4700 ἀνακραθέντος.
2963 4631 3234 4697 Quartum
3291 4633 3501 4703 profert

231 4719 430 4775 viveret
485 4736 693 4792 eosque
740 4720 932 4777 Latine
992 4732 1357 4790 converteret,
1416 4741 1550 4780 usus
1608 4724 1807 4780 fuerat.

233 4805 357 4861 Nam
387 4819 446 4864 ut
472 4827 535 4866 ex
563 4811 825 4880 Catalogo
856 4814 1122 4868 librorum
1160 4815 1507 4871 bibliothecae
1533 4815 1811 4875 Vaticana:

234 4910 463 4963 constat,
496 4916 525 4953 a
557 4901 781 4955 librario
812 4903 866 4956 in
911 4903 1050 4957 duas
1088 4912 1272 4972 partes
1297 4905 1513 4960 divisus
1549 4905 1651 4961 fuit
1675 4907 1811 4961 liber

234 5003 328 5057 ιιι,
357 4993 514 5061 cujus
557 4993 705 5060 prior
751 5010 880 5064 pars
936 4996 1284 5050 undecimum
1326 4996 1548 5052 conficit
1604 4999 1815 5054 librum

233 5079 389 5152 hujus
412 5082 693 5150 editionis,
726 5085 830 5140 hoc
852 5088 1008 5143 initio
1044 5090 1380 5158 inchoatum,
1419 5091 1534 5144 ἀλλ’
1578 5092 1811 5163 εἴδωμεν

235 5176 321 5226 καὶ
349 5177 407 5230 τὸ
440 5181 502 5230 ὲκ
535 5178 626 5231 τοῦ
656 5179 971 5245 ἀκολούθου,
1007 5183 1152 5252 quod
1219 5184 1434 5238 initium
1471 5185 1561 5240 ille
1596 5187 1808 5240 catalo-

234 5282 328 5336 gus
381 5269 520 5322 libro
563 5285 636 5323 xu
685 5270 894 5326 tribuit.
947 5273 1194 5343 itemque
1247 5274 1493 5346 synodus
1543 5286 1696 5331 sexta
1726 5291 1809 5332 ac-

235 5359 374 5414 tione
403 5361 492 5424 10,
520 5377 645 5432 pag.
679 5362 783 5417 127
837 5365 1095 5420 editionis
1137 5364 1432 5424 Vaticanuz.

299 5450 638 5508 Exhibentur
665 5454 850 5524 itaque
880 5471 1027 5512 nunc
1075 5458 1173 5512 tibi
1207 5457 1264 5513 S.
1296 5458 1544 5529 Gregorii
1574 5459 1806 5532 Nysseni

238 5553 409 5597 contra
439 5543 782 5614 Eunomium,
824 5563 964 5618 quos
990 5550 1048 5603 S.
1079 5551 1441 5622 Hieronymus
1470 5552 1525 5608 in
1553 5553 1808 5625 Catalago

240 5631 556 5706 Scriptorum
590 5639 1066 5695 ecclesiasticarum
1100 5643 1204 5698 sibi
1252 5651 1307 5698 et
1351 5642 1511 5715 Greg.
1544 5644 1803 5701 Nazianz.

241 5725 398 5783 lectos
421 5730 488 5784 ab
517 5739 745 5786 auctore
802 5731 1066 5801 affirmat;
1104 5743 1157 5790 et
1197 5751 1265 5790 ne
1299 5735 1520 5793 dubites
1583 5754 1714 5793 num
1751 5741 1807 5795 hi

239 5817 340 5872 sint
365 5820 436 5874 illi
462 5821 566 5891 ipsi
599 5837 743 5892 quos
772 5838 802 5876 a
830 5838 890 5879 se
917 5827 1155 5895 scriptos
1181 5828 1458 5897 evulgarit
1489 5827 1806 5886 Theodore-

241 5911 339 5966 tus.
369 5911 456 5982 qui
495 5913 714 5984 synodo
748 5913 1036 5982 Ephesium
1079 5931 1222 5973 anno
1262 5916 1461 5974 Christi
1503 5919 1608 5975 450
1645 5921 1806 5978 inter-

1915 4721 2055 4775 idem
2109 4720 2493 4776 Theodoretus
2552 4722 2776 4793 Dialogo
2827 4724 2884 4789 2,
2952 4725 3046 4779 ubi
3112 4725 3181 4780 de
3241 4727 3502 4796 passione

1913 4812 2115 4866 Christi
2145 4813 2388 4882 disputat
2414 4830 2483 4867 ex
2512 4814 2704 4868 eodem
2731 4829 2898 4884 opere
2932 4825 3119 4870 contra
3175 4815 3497 4871 Eunomium

1917 4905 2009 4958 fol.
2039 4905 2162 4958 H7.
2204 4906 2266 4957 Ei
2289 4905 2345 4958 δὲ
2380 4907 2407 4957 ὁ
2438 4906 2536 4976 μὲν
2569 4907 2635 4959 ἐκ
2665 4907 2764 4977 τῆς
2788 4907 3007 4979 Μαρίας
3036 4908 3286 4978 ἀδελφοῖς
3313 4909 3498 4963 διαλέ-

1913 5014 2089 5067 γεται,
2125 4998 2162 5050 ἀ
2197 4997 2253 5050 δὲ
2287 4999 2581 5069 μονογενὴς
2630 4999 2890 5069 ἀδελφοὺς
2920 5002 3020 5054 οὐκ
3063 5001 3214 5073 ἔχει’
3247 5003 3365 5065 πῶς
3387 5004 3504 5075 γὰρ

1913 5092 1972 5143 ὲν
2019 5090 2268 5160 ἀδελφοῖς
2299 5091 2358 5143 τὸ
2407 5092 2694 5160 μονογενὲς
2743 5093 3072 5160 διεσώζετο;
3115 5097 3210 5149 καὶ
3248 5098 3277 5148 ὁ
3302 5095 3494 5148 εἰπών·

1917 5202 1937 5234 ι
1965 5182 2187 5254 Πνεῦμα
2210 5186 2239 5237 ὁ
2271 5183 2424 5248 Θεός,
2464 5203 2486 5236 >
2519 5187 2654 5256 φησὶ
2684 5187 2821 5256 πρὸς
2853 5187 2978 5251 τοὺς
3008 5188 3504 5261 μαθητάςὸαὑτὺς,

1915 5294 1935 5327 ι
1967 5276 2337 5348 Ψηλαφήσατέ
2370 5295 2458 5348 με.
2501 5297 2519 5331 ι
2546 5277 2608 5332 Si
2655 5290 2831 5333 autem
2872 5281 2963 5346 qui
2993 5296 3059 5334 ea:
3105 5279 3286 5333 Maria
3338 5291 3496 5334 natus

1907 5377 2007 5432 est,
2039 5385 2156 5421 cum
2189 5369 2449 5438 fratribus
2472 5369 2722 5436 disserit;
2755 5372 3054 5440 unigenitus
3085 5379 3264 5424 autem
3299 5371 3496 5437 fratres

1909 5478 2013 5516 non
2039 5459 2192 5515 habet
2223 5475 2242 5514 :
2271 5460 2531 5533 quomodo
2571 5464 2712 5516 enim
2755 5464 2890 5517 inter
2917 5463 3114 5530 fratres
3153 5478 3484 5520 conservare-

1910 5563 1997 5607 tur
2035 5571 2148 5609 esse
2179 5555 2548 5626 unigenitum?
2587 5553 2656 5609 Et
2703 5556 2793 5625 qui
2835 5555 2995 5617 dixit,
3033 5573 3053 5608 ι
3085 5555 3323 5625 Spiritus
3350 5557 3494 5612 Deus

1905 5657 2011 5712 est,
2049 5667 2069 5701 ι
2117 5647 2259 5702 idem
2303 5649 2432 5702 dicit
2477 5648 2753 5716 discipulis
2802 5665 2821 5700 ι
2877 5647 3108 5719 Palpate
3160 5666 3264 5705 me.
3307 5668 3329 5703 s
3366 5648 3496 5706 [hec

1907 5752 2087 5795 autem
2133 5755 2335 5796 excusa
2388 5741 2628 5810 reperies
2679 5756 2801 5813 pag.
2848 5741 2948 5797 281
2998 5742 3163 5812 hujus
3211 5742 3490 5799 editionis.

1983 5833 2247 5898 Quintum
2295 5832 2348 5886 in
2399 5831 2616 5902 dialogo
2646 5833 2679 5888 '5
2719 5835 2991 5904 reperitur
3045 5833 3140 5888 fol.
3186 5833 3310 5888 129.
3368 5832 3491 5888 οὗτε

1909 5924 2162 5988 ζωοποιεῖ
2223 5924 2314 5976 τὸν
2381 5921 2633 5993 Λάζαρον
2682 5923 3063 5997 ὴάνθρωπίνη
3127 5923 3310 5994 φύσις,
3360 5922 3488 5978 οἷτε
