3880 6394
432 441 504 501 8‘5
1604 448 1662 506 S.
1702 448 2099 509 GREGOBIUS
2137 451 2511 512 NYSSENUS.
3626 457 3694 518 56

430 563 650 633 ειικρῦει
712 561 802 614 τὸν
832 560 1081 630 κεεμενον
1109 561 1143 630 ἡ
1193 559 1409 628 ἀπαθὴς
1457 562 1840 626 ὲξουσία’ὰλλ’
1873 566 2002 621 ῐδιον

2108 567 2406 622 secundum
2433 581 2559 623 esse
2592 566 2992 623 numerandum
3023 582 3075 639 p.
3105 567 3191 624 56.
3217 568 3496 638 Quomodo
3514 575 3696 634 Domi-

429 652 522 707 τοῦ
563 652 661 723 μὲν
686 648 976 720 ἀνθρώπου
1007 649 1067 702 τὸ
1095 649 1349 721 δάκρυον,
1381 651 1479 722 τῆς
1507 652 1562 706 δὲ
1601 654 1745 724 ζωῆς
1777 656 1845 709 τὰ
1905 658 2002 726 τῆς

427 744 594 806 ὅντως
624 742 788 812 ζωῆς.
824 738 1007 810 Neque
1035 740 1271 795 humata
1302 750 1501 796 natura
1545 742 1815 798 Lazarum
1874 747 2003 801 vivi-

427 836 571 900 ficat,
620 849 709 887 nec
740 832 896 900 deﬂet
926 834 1192 900 jacentm
1242 832 1552 902 impetibili:
1579 837 1821 901 potentia
1842 853 1871 891 :i
1910 838 2000 892 sed

426 925 664 993 tueryma
696 931 774 976 est
805 922 1030 976 hominis
1053 923 1293 992 propria,
1318 923 1438 978 vita:
1459 934 1638 979 autem
1659 942 1726 981 ea
1748 943 1865 996 quae
1888 943 2002 983 vere

425 1016 546 1068 vita:
578 1014 842 1068 stmt.Sed
876 1016 1256 1070 emendandus
1287 1022 1372 1071 est
1396 1016 1483 1070 hic
1514 1018 1668 1071 locus
1688 1033 1753 1073 ex
1787 1020 2002 1075 actione

426 1106 468 1158 Χ
501 1105 704 1177 Synodi
747 1114 916 1162 sexta:
942 1104 1349 1172 (Ecumenicae,
1387 1107 1479 1162 ubi
1508 1108 1713 1162 citatur
1743 1127 1809 1167 ex
1848 1113 1942 1168 lib.
1967 1124 2000 1165 v

423 1207 607 1251 contra
637 1196 959 1251 Eunomium
991 1213 1112 1269 pag.
1144 1198 1244 1252 127
1277 1198 1535 1255 editionis
1550 1198 1852 1261 Vaticante,
1877 1202 1914 1271 ἡ
1943 1201 2001 1254 δὲ

422 1291 533 1361 ζωὴ
559 1290 659 1359 τῆς
684 1290 852 1353 ὅντως
875 1287 1042 1359 ζωῆς,
1078 1290 1187 1344 vita
1217 1306 1335 1344 vero
1352 1290 1466 1358 ejus
1491 1290 1582 1360 qui
1612 1306 1728 1345 vere
1751 1291 1857 1344 vita
1883 1302 2001 1345 est:

424 1397 547 1434 nam
582 1390 637 1435 et
664 1391 735 1435 ita
771 1388 946 1435 totum
979 1382 1198 1436 exhibet
1262 1382 1440 1437 locum
1496 1383 1613 1437 haec
1641 1381 1815 1437 editio
1857 1388 2000 1438 orat.

419 1473 473 1529 4.
505 1487 558 1540 p.
596 1471 718 1525 161.
750 1469 973 1525 Sextum
998 1471 1227 1526 citatum
1257 1472 1427 1527 habes
1455 1486 1485 1526 a
1509 1472 1720 1544 synodo
1752 1487 1802 1526 Vl
1849 1486 2003 1527 mcu-

424 1564 656 1628 menica,
681 1563 897 1617 actione
914 1563 969 1625 4,
994 1578 1117 1632 pag.
1146 1562 1215 1617 59
1264 1564 1397 1619 edit.
1420 1562 1593 1618 Vatic.
1635 1564 1730 1617 Ἐκ
1759 1563 1854 1617 τοῦ
1880 1562 2003 1616 δευ-

422 1655 578 1725 τέρου
615 1653 817 1724 βιϐλίου
848 1653 940 1707 τοῦ
974 1655 1110 1708 κατὰ
1143 1656 1427 1723 Εὐνομίαν.
1466 1654 1588 1718 Πῶς
1618 1656 1648 1709 ὁ
1675 1653 1879 1726 Κύριος
1912 1655 2003 1708 τὸν

428 1745 631 1816 κόσμον
660 1745 840 1816 ἑαυτῷ
872 1745 1258 1801 καταλλάσσων
1295 1747 1590 1818 ἐπεμέριζε
1638 1750 1704 1817 τῇ
1762 1745 1906 1818 ψυχῇ
1943 1764 2003 1800 τε

429 1839 524 1892 ml.
555 1836 631 1908 τῷ
659 1836 869 1907 σώματι
902 1839 1001 1909 τὴν
1027 1839 1157 1909 παρ’
1198 1839 1364 1894 αὑτοῦ
1419 1838 1708 1908 γινομένην
1753 1839 1865 1899 τοῖς
1911 1837 2005 1891 ἀν-

422 1928 660 2001 ορώποις
680 1929 1018 2000 εὐεργεσίαν,
1037 1930 1204 1985 Θέλων
1230 1932 1328 2000 μὲν
1342 1931 1428 1984 διὰ
1446 1930 1544 2000 τῆς
1564 1930 1761 2002 ψυχῆς,
1779 1930 2009 1999 ἁπτόμε-

2102 675 2200 712 nus
2218 674 2310 727 per
2335 658 2537 713 Christi
2567 658 2951 713 humanitatem
3003 661 3257 715 "tundunt
3307 664 3413 717 sibi
3466 666 3573 735 ipsi
3610 684 3694 724 re-

2100 748 2412 809 concilians.
2462 750 2656 803 animo:
2683 758 2735 804 et
2781 752 2989 818 corpori
3040 751 3349 833 beneﬁcium
3399 773 3540 813 exse
3571 774 3694 823 pro-

2101 838 2298 907 fectum
2386 840 2684 895 hominibus
2753 839 3109 910 dispertiende
3198 846 3430 911 tribuit,
3516 849 3695 905 volens

2100 928 2317 999 quidem
2358 945 2451 998 per
2497 932 2756 999 animum,
2777 934 3041 1004 attingens
3079 950 3196 989 vero
3227 951 3322 1004 per
3343 953 3561 1008 corpus.
3597 939 3696 996 Se-

2101 1025 2330 1094 ptimum
2368 1025 2604 1096 denique
2638 1026 2883 1097 synodus
2929 1027 3120 1084 eadem
3157 1027 3221 1082 Vl
3276 1031 3332 1085 in
3366 1032 3565 1089 eadem
3596 1047 3693 1088 aco

2103 1115 2251 1169 tione
2298 1114 2386 1180 10,
2439 1131 2494 1186 p.
2538 1115 2640 1169 127
2694 1115 2969 1172 Vaticana:
3023 1119 3158 1173 edit.
3207 1120 3347 1185 τέως
3393 1122 3455 1177 δὲ
3499 1124 3696 1193 μαθεῖν

2103 1204 2251 1268 ἄξιον
2310 1205 2461 1275 παρὰ
2511 1206 2618 1259 τῶν
2664 1208 3045 1279 προφερόντων
3090 1210 3221 1279 ἡμῖν
3280 1211 3381 1275 τὰς
3436 1213 3696 1279 τοιαύτας

2104 1295 2305 1362 φωνὰς,
2339 1296 2420 1348 ὅτι
2456 1294 2518 1348 τὸ
2540 1296 2859 1350 ἀναϐαῖνον.
2890 1296 3022 1363 Quae
3050 1299 3219 1353 verba
3253 1300 3333 1355 sic
3364 1301 3697 1371 interpreta-

2104 1394 2193 1440 tur
2224 1385 2491 1441 Gulonius
2518 1400 2640 1457 pag.
2662 1387 2792 1442 280:
2825 1385 3034 1443 Interea
3061 1404 3237 1444 autem
3269 1391 3421 1445 abiis
3446 1394 3536 1461 qui
3560 1394 3694 1449 tales

2103 1493 2248 1532 voces
2272 1476 2420 1531 nobis
2444 1478 2737 1546 proferunt,
2764 1494 2934 1548 opera:
2950 1482 3179 1547 pretium
3199 1493 3278 1536 est
3296 1481 3520 1549 diuere,
3545 1500 3617 1539 an
3640 1485 3696 1538 id

2107 1568 2247 1637 quod
2278 1566 2538 1630 ascendit,
2570 1577 2677 1623 etc.

2172 1657 2325 1722 Quod
2356 1656 2423 1710 ad
2455 1658 2775 1712 lacunarum
2811 1658 3083 1730 lacrymas
3112 1664 3328 1728 attinet,
3390 1660 3558 1719 facile
3579 1678 3611 1718 a
3641 1677 3699 1720 te

2104 1750 2557 1804 condonabuntur
2590 1758 2648 1802 ut
2681 1757 2734 1805 et
2771 1750 3063 1821 σφάλματα
3084 1752 3250 1808 nimis
3270 1754 3464 1808 crebra
3488 1769 3698 1824 opera-

2114 1855 2233 1893 rum
2291 1841 2721 1910 properantium,
2772 1856 2895 1910 qute
2941 1842 3031 1895 vix
3081 1842 3260 1912 Argus
3306 1843 3693 1916 πολυόμματος

2114 1939 2313 1986 cuncta
2372 1931 2850 1987 animadverteret.
2914 1932 3074 2004 Παρὰ
3108 1933 3337 2006 δύναμιν
3372 1935 3418 1988 δ’
3443 1936 3548 1991 οὐκ
3574 1936 3697 1991 ἐστι

420 2037 511 2083 νος
535 2020 592 2073 δὲ
621 2020 709 2075 διὰ
740 2020 834 2075 τοῦ
875 2020 1147 2092 σώματος,
1189 2019 1263 2077 Ea
1299 2036 1431 2076 veru
1490 2021 1589 2078 tibi
1646 2028 2002 2091 repraesentat

2112 2024 2207 2076 καὶ
2236 2022 2533 2092 ἐσσύμενον
2559 2024 2918 2094 μαχέσασθαι.
2956 2022 3101 2079 Bene
3138 2025 3280 2090 vale,
3320 2034 3376 2082 et
3429 2043 3703 2099 κοινωφεο

417 2113 623 2182 primus
638 2112 777 2167 liber
796 2113 957 2183 hujus
976 2114 1259 2175 editionis,
1280 2127 1439 2183 quem
1453 2113 1615 2173 etiam
1644 2114 1771 2178 hinc
1791 2117 2008 2175 constat

424 2334 818 2352 Ψ

2115 2115 2265 2178 λείας
2302 2113 2572 2169 studiosis
2599 2115 2674 2167 tui
2705 2115 2975 2171 similibus
3006 2114 3145 2172 fave.

829 2333 3646 2361 “mm

959 2496 1067 2561 DE
1097 2494 1515 2559 GREGORIO
1550 2493 1935 2561 EPISCOPO
1967 2496 2357 2571 NYSSENO,
2406 2499 2508 2561 ET
2539 2496 2726 2565 EJUS
2755 2496 3150 2563 OPERIBUS

1608 2698 1687 2769 (³)
1749 2717 2556 2834 ΡΒλἘΕΑΤΙΟ.

2018 2971 2088 2990 ς-ιι

486 3125 652 3180 Divus
684 3123 1002 3194 Gregorius,
1035 3122 1330 3195 Nyssensis
1365 3123 1681 3193 episcopus,
1717 3121 1886 3176 frater
1915 3137 2208 3193 germanus
2242 3120 2306 3178 ι).
2337 3122 2544 3190 Basilii,
2575 3136 2640 3177 ac
2666 3129 2799 3177 natu
2827 3121 3047 3192 quidem
3080 3122 3328 3194 majoris.
3365 3132 3426 3180 ut
3453 3140 3523 3181 ex
3561 3125 3690 3197 ejus

413 3221 636 3291 scriptis
674 3218 947 3288 conjicere
979 3226 1084 3284 est,
1115 3218 1464 3288 potissimum
1496 3233 1565 3274 ex
1605 3221 1959 3283 Hexaemero,
2000 3219 2094 3272 ubi
2120 3218 2188 3273 de
2232 3217 2435 3273 Basilio
2480 3218 2712 3287 loquens
2756 3224 3142 3287 praeceptorem
3181 3232 3398 3289 semper
3422 3219 3687 3289 appellat,

414 3317 518 3372 fuit
546 3316 1059 3388 eloquentissimus,
1097 3323 1157 3370 ut
1189 3313 1391 3369 Suidas
1421 3322 1475 3369 et
1509 3314 1760 3384 plerique
1792 3320 2007 3369 veteres
2046 3313 2292 3373 tradunt.
2325 3311 2471 3378 quod
2498 3320 2551 3367 et
2579 3311 2729 3366 illius
2773 3311 2974 3380 scripta
3008 3310 3309 3375 declarant,
3356 3311 3691 3382 abundeque

412 3431 588 3472 sacra!
608 3421 883 3471 testantur
906 3412 1172 3468 historite.
1214 3410 1458 3465 Primum
1493 3416 1641 3465 artes
1671 3409 1891 3464 dicendi
1930 3410 2200 3473 exercuit,
2249 3415 2574 3478 tantumque
2619 3408 2674 3462 in
2723 3407 2808 3462 his
2837 3404 3089 3475 profecit,
3132 3413 3192 3459 ut
3224 3405 3443 3460 tandem
3493 3405 3688 3463 rhetor

413 3511 648 3573 illustris
676 3511 938 3574 evaserit,
966 3507 1320 3577 laudatisque
1342 3506 1659 3561 oratoribus
1690 3505 1933 3574 antiquis
1967 3518 2075 3558 non
2108 3501 2336 3558 inferior
2363 3501 2652 3557 exstiterit.
2694 3500 2801 3555 Sed
2833 3499 2956 3577 istis
2993 3500 3320 3569 eloquentia
3364 3497 3566 3556 studiis
3595 3514 3690 3554 re-

412 3607 558 3664 lictis
580 3605 939 3661 monasticam
969 3602 1315 3671 disciplinam
1344 3609 1591 3661 secutus,
1629 3607 1687 3652 tit
1715 3600 1907 3654 scribit
1934 3598 2313 3655 Tlteodoretus
2337 3597 2432 3652 lib.
2465 3612 2541 3660 tv,
2570 3612 2692 3667 cap.
2725 3594 2797 3649 28
2819 3636 2834 3660 ,
2884 3595 2950 3648 ad
2982 3593 3309 3664 theologiam
3341 3608 3401 3649 se
3425 3593 3686 3657 contulit,

409 3704 837 3774 diligentemque
877 3698 1061 3754 studio
1109 3712 1393 3753 sacrarum
1437 3695 1768 3750 Litterarum
1820 3709 2042 3766 operam
2094 3693 2334 3749 navavit.
2384 3692 2579 3747 Postea
2634 3700 2817 3745 tamen
2856 3705 2981 3745 cum
3026 3689 3141 3758 jam
3190 3689 3255 3744 ad
3312 3688 3683 3759 apisc0patum

409 3799 596 3870 Mssa)
639 3796 900 3859 civitatis,
932 3809 962 3849 a
991 3808 1097 3865 qua
1133 3791 1366 3863 Nysseni
1410 3805 1611 3847 nomen
1657 3792 1889 3862 accepit,
1921 3790 2246 3860 designatus
2276 3797 2383 3854 est,
2416 3788 2626 3845 sanctis
2656 3787 2956 3842 Bibliorum
2983 3785 3160 3849 libris,
3197 3799 3337 3855 quos
3366 3786 3421 3839 in
3446 3784 3684 3846 ecclesia

411 3872 654 3953 lectitare
685 3901 740 3953 et
786 3889 1137 3961 interpretari
1170 3889 1403 3954 solebat,
1441 3886 1727 3958 neglectis,
1759 3885 1825 3940 ad
1874 3885 2204 3939 rhetoricam
2238 3885 2435 3939 iterum
2482 3879 2841 3952 proﬁtendam
2877 3881 3122 3933 animum
3166 3878 3455 3933 convertit.
3501 3876 3682 3943 Quam

411 3990 684 4048 levitatem
712 3987 1245 4056 mutabilitatcmque
1276 3984 1491 4039 consilii
1530 3983 1591 4039 D.
1614 3982 1916 4053 Gregorius
1946 3979 2326 4033 Nazianzenus
2353 3978 2585 4047 epistola
2615 3976 2685 4032 34
2708 3976 2777 4029 ad
2797 3975 2948 4029 illum
2977 3973 3228 4045 pluribus
3254 3974 3460 4041 scripta
3495 3985 3683 4041 repre-

410 4085 618 4147 bendit.
656 4083 777 4150 Quo
804 4097 930 4136 vero
970 4095 1116 4141 anno
1160 4081 1227 4135 ad
1259 4096 1383 4136 eum
1414 4081 1792 4149 episcopatum
1840 4076 2176 4147 pervenerit,
2221 4081 2493 4129 incertum
2532 4078 2655 4138 est;
2701 4069 2796 4126 sed
2840 4083 2960 4124 eam
3010 4066 3391 4138 praefecturam
3434 4073 3684 4134 tempore

408 4178 655 4239 Valentis
688 4177 1038 4248 imperatoris
1058 4174 1170 4245 jam
1203 4186 1315 4230 tum
1348 4175 1593 4246 gerebat,
1625 4188 1751 4227 cum
1782 4188 1812 4227 a
1842 4171 1902 4224 Ο.
1930 4169 2132 4226 Basilio
2161 4170 2514 4241 episcopatus
2542 4167 2883 4222 Sasimorum
2912 4163 3263 4218 Nazianzeno
3287 4161 3542 4216 decretus
3569 4169 3681 4215 est.

409 4273 460 4336 is
487 4272 633 4328 enim
663 4271 928 4340 postridie
968 4271 1116 4331 illius
1146 4270 1281 4336 diei,
1313 4284 1422 4343 quo
1461 4270 1752 4339 episcopus
1783 4267 1885 4322 fuit
1921 4275 2163 4331 creatus,
2191 4265 2258 4320 ad
2289 4263 2596 4336 Nyssenum
2628 4262 2814 4317 habita
2846 4260 3116 4324 oratione,
3156 4256 3455 4312 antistitem
3495 4256 3685 4325 appel-

407 4366 482 4427 lat
521 4367 798 4443 tantisque
842 4366 1096 4421 laudibus
1135 4365 1296 4429 tollit,
1331 4371 1389 4418 ut
1420 4364 1595 4433 ipsius
1623 4361 2045 4427 commendatio,
2107 4361 2211 4417 etsi
2247 4366 2466 4415 taceant
2495 4358 2700 4425 caeteri,
2732 4355 3045 4412 Grzecorum
3080 4354 3323 4408 omnium
3353 4352 3524 4406 instar
3555 4367 3685 4408 esse

406 4463 598 4538 possit.
632 4461 767 4523 Cum
800 4470 981 4521 autem
1015 4477 1161 4521 anno
1193 4459 1298 4515 584
1326 4460 1596 4531 synodum
1631 4459 2015 4529 episcoporum
2043 4465 2235 4513 contra
2271 4453 2698 4511 Macedonianos
2734 4449 3270 4520 Constantinopolim
3314 4453 3681 4543 convocasset

405 4557 752 4619 Theodosius
777 4557 1095 4626 imperator,
1131 4556 1524 4625 decretumque
1557 4563 1702 4610 esset
1733 4561 1791 4609 ut
1819 4555 2005 4611 nullus
2038 4554 2331 4624 episcopus
2370 4551 2561 4606 relicta
2590 4563 2689 4605 sua
2722 4547 2949 4603 dioecesi
2976 4543 3043 4601 ad
3075 4545 3283 4599 alienas
3319 4543 3675 4612 demigraret,

405 4659 536 4706 tunc
573 4648 888 4719 dispertitis
926 4665 1023 4719 per
1064 4649 1379 4721 provincias
1424 4648 1705 4713 Ecclesiis,
1757 4650 2007 4704 Caesarea
2054 4656 2179 4719 post
2214 4646 2536 4703 defunctum
2583 4644 2871 4710 Basilium,
2920 4639 3144 4699 obvenit
3189 4638 3343 4692 fratri
3387 4636 3676 4707 Gregorio,

401 4745 592 4818 Nyssae
615 4745 768 4816 prius
791 4745 1074 4817 episcopo,
1110 4754 1171 4804 ut
1195 4747 1389 4801 scribit
1425 4744 1682 4802 Socrates
1710 4746 1836 4800 libr.
1870 4763 1921 4809 v,
1960 4760 2081 4815 cap.
2114 4744 2167 4799 8.
2203 4742 2302 4798 llic
2337 4741 2527 4797 habuit
2561 4755 2812 4803 uxorem,
2846 4746 2906 4793 ut
2935 4737 3178 4791 historiae
3210 4735 3486 4787 tttttltdttVIl
3512 4729 3678 4784 Nice-

403 4839 612 4909 pborns
640 4837 734 4892 lib.
773 4852 851 4902 ιι,
887 4851 1008 4908 cap.
1046 4837 1134 4893 l9.
1181 4837 1336 4903 Quod
1364 4849 1547 4893 tamen
1597 4838 1689 4891 vix
1730 4837 1949 4908 probari
1991 4837 2185 4905 possit,
2221 4842 2282 4891 ut
2319 4833 2489 4903 aliqui
2524 4839 2772 4898 censent,
2819 4846 2886 4885 ex
2936 4826 3267 4883 Nazianzcni
3318 4825 3567 4879 oratione
3606 4825 3680 4880 de

402 4934 658 5001 laudibus
683 4931 890 4999 Basilii;
917 4949 1042 4987 nam
1068 4948 1193 4989 cum
1222 4941 1478 5003 parentes
1517 4920 1630 4987 tam
1663 4933 1895 5003 egregia:
1932 4931 2140 4987 sobolis
2182 4929 2564 5002 procreatione
2597 4928 2812 4983 nobiles
2848 4926 3016 4981 fuisse
3050 4922 3308 4985 ostendit,
3346 4919 3424 4987 ld,
3474 4920 3675 4991 inquit,

400 5035 745 5092 demonstrat
771 5034 971 5089 beatus
1005 5032 1355 5091 sacerdotum
1399 5041 1454 5090 et
1482 5031 1751 5100 virginum
1788 5045 2073 5097 numerus,
2112 5036 2168 5084 et
2199 5040 2390 5082 eorum
2423 5025 2516 5093 qui
2550 5025 2605 5079 in
2645 5025 2756 5079 vita
2792 5023 3081 5091 coniugata
3116 5019 3393 5079 vixerunt,
3426 5024 3535 5071 etc.
3570 5017 3677 5071 Sa—

398 5134 648 5190 cerdotes
674 5131 868 5204 procul
899 5129 1067 5187 dubio
1106 5130 1327 5187 fuerunt
1354 5128 1612 5191 Basilius,
1644 5128 1960 5199 Gregorius,
1991 5135 2045 5182 et
2083 5125 2281 5187 Petrus
2320 5121 2564 5176 Sebasue
2603 5121 2918 5191 episcopus,
2956 5129 3116 5187 quem
3158 5112 3392 5168 Basilius
3425 5113 3542 5184 ipse
3578 5125 3675 5167 sa—

400 5230 510 5283 cris
538 5227 800 5292 initiavit,
832 5232 888 5281 et
911 5224 978 5279 ad
1010 5225 1334 5297 presbyterii
1371 5223 1692 5293 dignitatem
1728 5223 2008 5295 provexit;
2047 5236 2206 5278 soror
2241 5227 2418 5273 autem
2456 5216 2697 5270 Macrina
2728 5224 2782 5269 et
2823 5212 3148 5267 Naucratius
3178 5209 3346 5263 frater
3375 5210 3539 5263 vitam
3574 5220 3671 5261 sou

400 5319 437 5373 li
466 5321 636 5373 ariam
689 5328 745 5374 et
788 5320 1005 5388 inopem
1046 5325 1178 5372 sunt
1228 5316 1521 5384 complexi,
1566 5322 1623 5368 ut
1670 5315 1738 5369 de
1781 5315 1889 5366 vita
1931 5314 2182 5366 Macrinus
2215 5309 2464 5364 continet
2493 5307 2743 5377 epistola,
2784 5320 2905 5374 quae
2950 5302 3197 5375 Nysseno
3243 5302 3484 5371 ascripta
3524 5300 3671 5355 inter

400 5424 716 5471 sanctorum
753 5416 1015 5472 historias
1056 5428 1154 5485 per
1187 5412 1408 5467 Surium
1451 5420 1743 5482 congestas
1791 5410 1858 5464 ad
1893 5410 2033 5463 diem
2093 5409 2160 5463 19
2202 5405 2334 5461 Julii
2377 5406 2576 5475 legitur
2623 5416 2847 5463 excusa,
2899 5416 2966 5454 ex
3023 5399 3477 5467 interpretatione
3515 5395 3666 5452 Petri

402 5511 680 5566 Francisci
710 5510 862 5577 Zini;
891 5511 983 5566 sed
1018 5512 1161 5564 inter
1191 5508 1314 5561 illos
1347 5505 1439 5572 qui
1470 5506 1708 5575 virgines
1736 5513 1791 5559 et
1819 5511 2068 5558 exsortes
2097 5500 2338 5571 conjugii
2364 5498 2749 5562 remanserint,
2771 5503 2866 5549 aut
2886 5510 2952 5551 ex
2986 5495 3201 5549 caeteris
3226 5493 3433 5564 (decem
3465 5493 3670 5569 quippe

402 5603 579 5667 liberi,
613 5603 658 5657 si
693 5601 825 5655 ﬁdes
855 5603 930 5654 illi
963 5603 1242 5656 tribuatur
1271 5598 1539 5668 cpistolze,
1578 5597 1771 5651 iisdem
1806 5595 2127 5664 parentibus
2156 5593 2269 5649 nati
2308 5592 2457 5663 sunt)
2485 5592 2576 5661 qui
2611 5588 3019 5651 matrimonium
3052 5586 3341 5648 coluerint,
3384 5601 3494 5640 non
3530 5585 3670 5660 satis

398 5698 530 5757 hinc
556 5695 768 5767 liquido
799 5703 1032 5750 constat.
1065 5698 1185 5766 Ipse
1214 5708 1347 5750 vero
1378 5678 1680 5762 Gregorius
1709 5692 1762 5745 in
1791 5692 1933 5745 libro
1963 5705 2123 5758 quem
2157 5690 2234 5743 De
2264 5687 2564 5758 virginitate
2607 5684 2875 5752 scriptum
2909 5681 3150 5751 reliquit,
3180 5678 3395 5743 videtur
3422 5678 3669 5751 apertius

360 5918 375 5929 κ
470 5855 546 5934 (α)
571 5853 697 5919 [law
718 5850 964 5924 prmlatio
990 5852 1197 5909 Latinis
1225 5852 1558 5910 e-litionibus
1588 5849 1821 5922 ΜεδεΗὶ
1854 5848 2119 5904 hactenus
2153 5856 2233 5905 est
2260 5846 2505 5918 praefixa.
