3880 6360
140 470 193 526 ετ
1504 460 1895 519 ΡΒΔΖΕΑΤΙΟ.
1982 496 1993 501 -
3303 446 3375 502 58

142 594 337 647 innuero
382 597 444 641 se
473 581 795 656 coniugem,
824 594 933 637 non
966 581 1210 638 caelibem
1244 581 1436 645 fuisse,
1483 595 1609 636 cum
1643 580 1719 634 ait
1747 594 1869 650 cap.
1902 580 1936 634 '5
1967 595 1983 635 :
2012 572 2171 633 Nunc
2201 574 2329 629 mihi
2366 571 2706 645 uirginalium
2732 570 2951 626 laudum
2980 569 3209 641 cognitio
3237 585 3370 640 quo-

141 678 389 735 dammodo
426 676 607 731 inanis
646 684 732 730 est
767 690 830 728 ac
865 674 1080 728 minime
1121 673 1421 743 fructuosa,
1462 682 1571 727 etc.
1611 670 1719 726 Sed
1746 679 1867 727 esto
1904 668 2288 725 connubialem
2321 667 2490 721 vitam
2525 665 2598 720 sit
2622 664 2924 733 amplexus,
2962 663 3065 733 ipsi
3098 669 3278 716 tamen
3306 676 3372 715 ea

143 767 326 825 vivendi
354 766 494 821 ratio
523 765 670 820 nihil
707 764 1077 835 impedimenti
1117 765 1317 829 attulit,
1350 764 1649 834 quominus
1675 770 1898 816 strenue
1928 775 2027 831 pro
2056 758 2329 814 catholica
2364 755 2467 811 lide
2492 754 2799 816 decertans,
2835 754 2901 807 ad
2938 768 3122 823 part-tn
3155 753 3375 806 virtutis

143 863 339 937 gloriam
366 859 651 930 aspirarit.
696 857 833 912 Nam
860 869 918 913 ut
950 874 1048 929 per
1082 858 1357 914 Ecclesias
1386 858 1654 912 haeretica:
1679 856 1966 927 pravitatis
1986 854 2248 921 tenebras
2276 852 2393 908 suis
2413 849 2776 904 concionibus
2804 847 3124 909 discuteret,
3157 845 3374 898 lumen-

144 935 230 1025 que
261 952 497 1009 veritatis
542 951 865 1007 hominibus
909 952 1066 1022 quasi
1107 952 1448 1022 praeluceret,
1485 949 1708 1004 crebras
1747 945 2223 1017 peregrinationes
2264 943 2528 1011 suscepit,
2572 941 2802 1008 viasque
2832 937 3081 993 dilliciles
3111 935 3370 989 confecit.

145 1046 269 1112 Quas
293 1060 410 1100 cum
445 1060 590 1115 aegre
619 1042 808 1108 ferret,
840 1050 892 1099 et
925 1058 1079 1098 suam
1108 1043 1254 1097 velut
1284 1039 1710 1095 inconstantiam
1751 1042 2091 1107 quereretur,
2122 1032 2504 1086 Nazianzenus
2538 1029 2769 1098 epistola
2812 1027 2881 1082 54
2915 1027 3234 1080 consolatus
3263 1031 3369 1082 est,

145 1145 187 1189 et
208 1134 268 1189 ad
290 1136 419 1190 bene
447 1135 516 1190 de
548 1135 744 1190 multis
774 1134 1112 1197 merendum,
1145 1145 1308 1202 atque
1335 1131 1562 1201 gratiam
1591 1145 1622 1184 a
1664 1129 1775 1183 Deo
1805 1125 2133 1198 sperandam
2170 1125 2367 1178 erexit.
2400 1122 2519 1188 Quo
2552 1122 2789 1190 denique
2833 1132 2980 1172 anno
3005 1116 3307 1172 decesserit
3342 1128 3375 1167 e

151 1231 264 1287 vivis
290 1238 341 1284 et
372 1230 647 1300 posterior
684 1230 884 1285 Basilio
916 1230 998 1301 (ut
1027 1237 1261 1285 testatur
1305 1228 1558 1283 Socrates
1593 1226 1686 1281 lib.
1737 1242 1819 1287 Ill,
1859 1238 1975 1294 cap.
2024 1222 2078 1284 8,
2124 1221 2286 1290 idque
2332 1217 2685 1273 manifestum
2733 1214 2913 1270 reddit
2945 1208 3373 1271 Nazianzeniad

155 1324 421 1394 Nyssenum
452 1325 523 1380 57
549 1326 786 1395 epistola
831 1326 1193 1381 consolatoria
1227 1323 1294 1377 de
1336 1329 1511 1376 morte
1543 1320 1753 1390 fratris)
1795 1335 1905 1374 non
1937 1323 2155 1372 constat
2194 1331 2260 1369 ex
2300 1312 2582 1377 historiis;
2633 1311 2727 1368 sed
2775 1310 2891 1379 ipse
2916 1309 3102 1361 multis
3133 1307 3190 1360 in
3240 1304 3374 1360 locis

150 1415 360 1468 meminit
386 1429 445 1470 se
466 1416 579 1484 jam
609 1415 872 1486 grandem
906 1425 1036 1471 natu
1068 1424 1124 1472 et
1169 1430 1355 1470 senem
1387 1414 1651 1479 scribere,
1680 1410 1916 1465 maxime
1950 1410 2005 1463 in
2054 1408 2285 1478 epistola
2318 1404 2392 1459 De
2426 1403 2754 1474 professione
2792 1400 3120 1463 Christiana,
3158 1399 3214 1451 in
3243 1396 3371 1449 libr.

151 1511 212 1562 De
229 1511 506 1580 virginitate
534 1529 660 1582 cap.
697 1512 917 1579 ultimo;
952 1525 1005 1567 et
1033 1529 1087 1567 tn
1115 1518 1360 1566 oratione
1388 1524 1551 1579 quam
1589 1507 1665 1561 De
1694 1504 2013 1575 infantibus,
2049 1503 2140 1573 qui
2166 1516 2231 1556 ea:
2258 1510 2408 1555 utero
2439 1507 2762 1569 praemature
2793 1496 3150 1563 abripiuntur.
3181 1489 3372 1554 edidit,

150 1605 359 1675 aliasque
391 1622 530 1676 saepe
558 1619 904 1663 senectutem
938 1624 1092 1663 suam
1124 1615 1374 1662 excusat.
1408 1604 1523 1658 Hoc
1554 1601 1900 1658 solummodo
1930 1599 1997 1655 de
2029 1596 2152 1667 ejus
2184 1597 2407 1651 interitu
2442 1595 2525 1650 sic
2547 1599 2773 1648 notatur
2803 1590 2857 1644 in
2907 1585 3138 1643 Usuardi
3171 1584 3400 1653 Marty-g

152 1699 327 1768 mlogio
357 1701 423 1755 ad
449 1703 594 1757 diem
639 1717 697 1755 Ix
728 1702 903 1755 Martn
935 1719 948 1757 :
984 1702 1138 1770 Apud
1185 1699 1448 1755 Niceuam
1495 1700 1757 1753 ciuitatem
1808 1695 2062 1760 depositio
2095 1693 2155 1749 S.
2187 1691 2428 1763 Gregorii
2468 1689 2719 1759 episcopi,
2767 1687 2953 1755 fratris
3003 1683 3141 1737 beati
3184 1679 3377 1735 Basilii

151 1792 473 1860 Caesariensis,
508 1805 626 1849 tam
664 1799 774 1851 vita
806 1813 963 1867 quam
1008 1797 1306 1867 eloquentia
1352 1793 1654 1849 clarissimi.
1714 1793 1893 1861 Atque
1932 1790 2047 1844 haec
2087 1787 2307 1858 quidem
2343 1784 2495 1842 brevi
2535 1783 2682 1838 dicta
2720 1779 2990 1837 sulliciant
3019 1776 3087 1831 de
3112 1772 3376 1844 Gregorio

152 1886 378 1956 Nysseno,
410 1891 477 1945 de
508 1888 675 1959 cujus
704 1890 958 1945 laudibus
982 1890 1158 1961 elogia
1188 1900 1434 1946 veterum
1466 1899 1653 1957 postea
1684 1885 1864 1943 fusius
1895 1884 2277 1953 subjiciemus.

206 1999 308 2056 Jam
338 2019 459 2060 vero
487 2004 753 2074 quoniam
783 2004 1083 2059 naturalem
1113 2011 1166 2058 et
1192 2004 1485 2074 legitimum
1517 1999 1764 2055 ordinem
1796 2013 1906 2069 quo
1933 1997 2166 2066 quisque
2188 1994 2453 2049 librorum
2485 1989 2723 2059 scriptus
2748 1994 2851 2053 est,
2880 2000 2990 2040 non
3023 1981 3299 2054 potuimus
3320 1979 3377 2035 in

151 2092 237 2146 hac
253 2094 468 2151 editione
493 2073 680 2166 sequi,
720 2096 1055 2150 artificialem
1097 2073 1433 2150 instituimus
1459 2112 1472 2148 :
1495 2108 1689 2163 nempe
1717 2098 1774 2144 nt
1811 2090 2048 2160 priorem
2084 2089 2265 2141 locum
2302 2084 2633 2140 sortirentur
2655 2096 2719 2136 ea
2749 2095 2870 2151 quae
2895 2080 2961 2132 ad
2984 2076 3155 2132 Vetus
3178 2073 3375 2130 Testa-

155 2197 360 2245 mentum
392 2190 579 2246 rel‘erri
612 2206 778 2263 posse
809 2192 1166 2252 videbantur;
1194 2191 1391 2245 deinde
1417 2204 1538 2259 qua:
1572 2186 1639 2241 ad
1671 2185 1954 2255 religionis
1988 2181 2317 2239 Christianae
2340 2178 2766 2240 institutionem,
2800 2172 3055 2233 formam,
3084 2178 3138 2224 et
3166 2166 3378 2239 profes-

155 2285 328 2340 sionem
348 2261 699 2356 spectant,‘et
730 2288 785 2341 in
809 2287 1010 2357 quibus
1035 2287 1241 2356 aliquot
1289 2285 1620 2356 evangelicae
1646 2283 1915 2339 doctrina:
1950 2278 2268 2334 testimonia
2303 2281 2635 2337 tractantur,
2676 2269 2978 2327 secundum
3014 2267 3195 2320 locum
3232 2261 3376 2317 obti-

158 2388 334 2445 nerent,
359 2392 539 2452 postea
564 2383 933 2438 concionibus
962 2383 1245 2437 nonnullis
1279 2382 1346 2436 ad
1377 2381 1635 2437 Ecclesiae
1662 2375 2120 2433 consuetudinem
2149 2388 2248 2443 pro
2287 2372 2501 2425 ratione
2533 2376 2587 2424 et
2616 2367 2759 2424 serie
2794 2364 3060 2420 festorum
3095 2357 3378 2431 dispositis

158 2473 395 2530 orationes
427 2475 690 2530 funebres
714 2475 782 2531 de
806 2474 1065 2531 laudibus
1087 2475 1450 2546 quorumdam
1487 2479 1803 2529 sanctorum
1836 2469 2159 2539 adiecimus.
2186 2466 2252 2519 Et
2281 2466 2385 2519 hoc
2423 2463 2492 2518 de
2523 2459 2795 2516 universis
2817 2458 2937 2528 eius
2965 2454 3207 2510 doctoris
3244 2466 3378 2522 ope-

158 2566 285 2623 ribus
305 2571 635 2639 praemissum
673 2571 764 2625 sit.
797 2569 872 2627 De
897 2571 1127 2641 singulis
1155 2578 1335 2637 autem
1374 2568 1623 2639 pluribus
1659 2574 1897 2622 tractare
1930 2579 2038 2620 non
2071 2562 2349 2627 convenit,
2391 2560 2486 2616 sed
2525 2556 2791 2630 quidquid
2834 2554 2903 2611 de
2943 2551 3218 2622 aliquibus
3260 2562 3377 2602 mo-

160 2660 361 2714 nendum
391 2662 544 2718 nobis
574 2668 859 2727 occurret,
899 2663 1090 2733 paucis
1128 2662 1216 2717 hic
1244 2661 1531 2717 addemus.

217 2776 364 2846 Igitur
389 2789 614 2852 rogante
653 2779 821 2836 fratre
858 2796 959 2838 suo
988 2780 1152 2837 Petro
1183 2779 1427 2837 Sebastae
1455 2781 1712 2851 episcopo
1742 2773 1981 2832 confecit
2012 2773 2212 2829 librum
2244 2773 2297 2826 in
2332 2772 2702 2835 hexaemeron,
2730 2781 2890 2838 quem
2923 2764 3154 2819 aliirmat
3182 2760 3381 2816 Socra-

160 2880 227 2926 tes
248 2874 354 2929 libr.
379 2893 446 2942 tv,
468 2892 589 2947 cap.
624 2877 721 2944 2|,
747 2891 777 2931 a
807 2876 1009 2932 Basilio
1027 2884 1204 2932 morte
1227 2875 1595 2948 praeveniente
1614 2870 1999 2944 imperfectum
2029 2883 2151 2923 esse
2180 2867 2455 2922 relictum.
2479 2865 2614 2918 Eum
2636 2876 2737 2917 nos
2761 2860 2936 2931 primo
2962 2859 3082 2912 loco
3108 2872 3171 2912 ex
3199 2865 3380 2911 trans-

160 2967 326 3024 latione
356 2969 467 3025 Zini
509 2971 826 3043 praecedere
868 2956 1145 3029 voluimus
1176 2991 1190 3027 :
1241 2973 1385 3043 quod
1431 2987 1496 3026 eo
1542 2970 1685 3024 libro
1712 2967 1788 3023 De
1813 2983 1964 3039 opere
2001 2980 2093 3020 sea:
2130 2965 2335 3019 dierum
2368 2962 2422 3016 in
2453 2960 2699 3015 ordinem
2747 2972 2813 3012 ac
2856 2953 3207 3012 concordiam
3258 2965 3380 3021 qua:

160 3062 214 3114 de
240 3064 403 3118 utendi
435 3066 819 3135 procreatione
844 3067 1022 3138 primo
1061 3067 1283 3138 quidem
1314 3075 1537 3137 aspectu
1567 3063 1764 3120 diffusa
1793 3073 1848 3118 et
1880 3063 2025 3117 inter
2050 3076 2112 3116 se
2142 3056 2421 3113 contraria
2452 3054 2730 3117 videntur,
2762 3050 3170 3106 accommodate
3193 3047 3379 3117 dispo-

161 3161 253 3214 nat,
280 3155 547 3229 ipsumque
577 3159 824 3231 Moysem
856 3161 1067 3232 sibiipsi
1102 3163 1535 3218 consentientem
1569 3170 1624 3215 et
1660 3166 2004 3214 constantem
2038 3157 2318 3226 eleganter
2360 3150 2634 3207 ostendat.
2666 3147 2870 3203 Verum
2899 3147 3028 3217 quia
3057 3146 3112 3199 in
3142 3159 3208 3199 eo
3231 3156 3383 3198 com-

160 3251 444 3306 tnentariolo
474 3255 672 3311 mundi
704 3253 973 3310 fabricam
1000 3257 1076 3311 ita
1108 3258 1538 3328 contemplatur,
1566 3264 1626 3310 ut
1649 3256 1961 3310 naturalem
1990 3248 2377 3306 tantummodo
2400 3255 2454 3302 et
2486 3244 2738 3300 historia:
2769 3247 3169 3312 congruentem
3207 3238 3264 3292 in
3294 3250 3382 3291 re-

159 3339 241 3394 bus
262 3344 447 3401 creatis
494 3346 756 3401 ordinem
793 3348 1055 3419 eXplicet,
1112 3350 1244 3405 huic
1279 3350 1549 3404 continuo
1583 3348 1723 3415 duas
1761 3344 2155 3416 subjunximus
2203 3340 2490 3395 orationes
2537 3338 2593 3391 in
2636 3335 2879 3391 beluinis
2931 3330 3378 3403 procreationem

159 3435 410 3491 admodum
454 3441 586 3509 pias
629 3448 685 3496 et
726 3441 1025 3512 elegantes,
1075 3460 1212 3516 quae,
1263 3444 1455 3514 inquit
1495 3442 1665 3498 Zinus
1708 3444 1804 3513 qui
1852 3441 2053 3495 latinas
2093 3437 2245 3499 fecit,
2289 3436 2407 3488 licet
2439 3432 2504 3487 ab
2536 3429 2770 3501 ejusdem
2804 3427 3063 3493 auctoris,
3118 3432 3169 3478 et
3212 3420 3380 3475 multo

158 3528 288 3583 etiam
314 3535 470 3605 magis
516 3554 549 3588 α
609 3535 802 3591 Basilii
831 3539 1028 3608 magni,
1063 3539 1149 3592 cui
1199 3556 1231 3592 a
1274 3539 1589 3609 quibusdam
1634 3537 1775 3608 falso
1809 3533 2096 3589 attributas
2144 3531 2325 3593 audio,
2387 3526 2691 3597 (intelligit
2745 3524 2983 3578 fortasse
3024 3516 3383 3586 Godefridnm

160 3624 488 3694 'l‘ihnannum,
517 3630 623 3702 qui
659 3645 754 3686 eas
801 3632 944 3686 inter
984 3632 1234 3702 ejusdem
1271 3632 1461 3688 Basilii
1505 3646 1675 3702 opera
1706 3629 2017 3690 transtulit,
2073 3635 2129 3681 et
2160 3642 2259 3697 pro
2290 3626 2414 3679 loco
2463 3619 2788 3692 paraphrasi
2836 3615 3073 3685 diliudit)
3121 3610 3382 3666 scribendi

159 3719 487 3775 consuetudine
531 3719 719 3775 abesse
761 3721 1057 3789 videantur,
1090 3722 1472 3793 antiquissima:
1505 3732 1679 3777 tamen
1722 3729 1865 3787 sunt,
1918 3727 2010 3771 aut
2061 3719 2125 3771 ab
2173 3718 2285 3784 ipso
2320 3713 2568 3784 Gregorio
2616 3710 2789 3764 adhuc
2830 3708 3021 3776 juvene
3065 3704 3198 3773 {orte
3233 3717 3381 3753 com-

158 3813 335 3895 positas,
381 3825 662 3885 antequam
707 3814 1159 3871 absolutissimum
1214 3816 1409 3871 librum
1455 3815 1531 3872 De
1560 3816 1795 3871 hominis
1826 3812 2043 3883 opilitzio
2090 3809 2491 3878 prwscripsisset
2515 3822 2531 3859 :
2559 3813 2654 3858 aut
2689 3804 2753 3857 ab
2784 3802 2962 3871 aliquo
2989 3798 3221 3868 ejusdem
3249 3804 3381 3850 teta-

160 3906 215 3961 tis
250 3894 347 3962 viro
386 3919 492 3964 tum
544 3911 637 3980 pio
684 3920 792 3963 tum
838 3911 1053 3966 minime
1097 3911 1331 3968 indocto.
1374 3910 1488 3968 Nos
1525 3922 1707 3967 tamen
1751 3908 2085 3979 conjicimus
2121 3920 2187 3960 ex
2235 3904 2427 3974 primae
2459 3900 2729 3956 orationis
2766 3898 2947 3961 initio.
3000 3896 3088 3949 Ubi
3118 3894 3380 3962 εονίριιιιιι

162 4002 329 4072 legitur
361 4023 375 4061 :
406 4005 666 4076 Iniquum
695 4014 833 4060 esset
870 4008 985 4060 cum
1013 4024 1075 4062 ea
1106 4023 1225 4078 qutz
1254 4008 1323 4061 ad
1356 4007 1500 4077 feras
1525 4017 1637 4061 tum
1672 4012 1939 4069 natantes,
1990 4012 2103 4055 tum
2135 3999 2457 4071 gradientes,
2493 4005 2605 4049 tum
2646 3994 2903 4055 uolantes,
2933 4006 3148 4062 quaeque
3174 3988 3241 4042 ad
3281 4003 3383 4041 cte-

161 4099 251 4151 lum
279 4098 342 4152 ad
367 4116 527 4171 eaque
550 4117 672 4161 qua:
697 4101 753 4155 in
782 4103 908 4156 ctelo
939 4114 1083 4166 sunt,
1113 4119 1328 4173 qumque
1367 4103 1436 4157 ad
1468 4112 1667 4157 terram
1707 4111 1756 4156 et
1789 4100 1858 4155 ad
1888 4115 1953 4154 ea
1983 4113 2099 4170 qua:
2127 4106 2247 4149 sunt
2298 4096 2353 4147 in
2385 4102 2529 4146 terra
2568 4093 2853 4161 pertinent,
2885 4088 3250 4149 didicerimus,
3273 4095 3379 4139 etc.

159 4189 343 4244 easdem
369 4205 476 4247 non
500 4206 631 4247 esse
658 4189 910 4263 Gregorii
935 4194 1112 4248 nostri
1144 4211 1159 4249 :
1196 4209 1377 4264 neque
1416 4195 1563 4248 enim
1596 4195 1664 4248 de
1695 4194 1847 4249 hisce
1870 4189 2148 4251 tractavit,
2177 4186 2272 4241 sed
2301 4184 2539 4239 Basilius
2576 4184 2634 4238 in
2674 4182 3024 4236 Ilexaemero.
3055 4178 3243 4232 Amhtr.
3287 4193 3384 4232 an-

160 4296 246 4344 tem
271 4289 311 4345 si
335 4305 438 4346 non
464 4291 668 4346 habitae
696 4290 764 4343 ad
794 4289 1083 4360 populum,
1111 4297 1294 4344 tamen
1325 4290 1546 4359 scriptae
1575 4289 1726 4343 domi
1757 4295 1812 4343 et
1839 4300 2030 4342 coram
2062 4283 2308 4338 recitata:
2337 4279 2615 4335 videntur.
2651 4276 2760 4332 Sed
2788 4276 2855 4331 de
2886 4275 2974 4330 his
3008 4276 3238 4329 aliorum
3265 4287 3383 4329 esto

157 4378 409 4446 judicium.
439 4382 612 4438 Liber
641 4382 734 4437 ille
760 4381 837 4438 De
866 4382 1092 4437 hominis
1139 4383 1375 4453 opiﬁcio.
1425 4398 1584 4453 quem
1613 4380 1827 4437 Latinis
1857 4378 2090 4434 auribus
2130 4373 2285 4430 dedit
2311 4372 2552 4429 Joannes
2580 4368 2970 4433 Leunclavius,
3000 4368 3380 4422 admirandum

158 4484 273 4540 opus
297 4487 325 4527 a
354 4471 519 4529 Suida
550 4481 804 4529 vocatur.
837 4475 937 4531 Hic
962 4477 1008 4531 si
1048 4478 1260 4532 ordinis
1293 4478 1457 4535 ratio.
1505 4492 1616 4548 quo
1658 4475 1901 4545 scriptus
1933 4479 2042 4537 est,
2093 4476 2383 4540 sequatur,
2417 4467 2579 4521 debet
2630 4463 2962 4534 praecedere.
3010 4461 3169 4525 Nam,
3206 4461 3384 4530 inquit

158 4556 403 4628 Nyssenus
430 4564 488 4619 in
517 4563 870 4629 Hexaemero,
904 4567 1103 4622 librum
1135 4568 1213 4623 De
1246 4568 1471 4623 [laminis
1507 4568 1719 4638 Opi/icio
1749 4573 1878 4621 ante
1912 4564 2060 4618 hunc
2093 4561 2368 4616 misimus.
2400 4556 2498 4610 Hic
2530 4555 2768 4626 primum
2814 4554 3011 4609 damus
3043 4568 3110 4606 ex
3145 4552 3382 4607 transla-

159 4651 284 4708 tione
306 4653 555 4711 Gentiani
590 4654 809 4711 Herveti
856 4658 1154 4714 conciones
1203 4666 1330 4714 octo
1380 4661 1436 4713 in
1484 4658 1865 4718 Ecclesiasten,
1914 4656 1969 4708 in
2016 4665 2249 4723 quarum
2285 4648 2468 4719 priore
2505 4644 2695 4700 statim
2741 4646 2797 4699 in
2830 4645 3020 4700 limine
3063 4651 3297 4698 testatur
3324 4658 3384 4698 se

159 4745 299 4799 etiam
324 4749 375 4800 in
427 4746 729 4803 Proverbia
763 4747 1077 4817 scripsisse,
1133 4749 1263 4804 dum
1293 4750 1374 4806 sic
1398 4751 1477 4804 ait
1524 4768 1536 4803 :
1590 4749 1724 4803 Cum
1773 4763 1928 4802 sensa
1963 4743 2373 4798 Procerbiorum
2426 4737 2545 4806 jam
2580 4746 2803 4792 mentem
2844 4739 2991 4805 prius
3038 4738 3382 4795 exercuerim,

159 4853 349 4907 quorum
379 4842 616 4894 obscurae
632 4847 755 4893 sunt
775 4839 1110 4907 rationes,ad
1131 4841 1267 4895 hanc
1297 4840 1651 4909 Scripturam,
1674 4856 1790 4911 qua:
1827 4852 1940 4892 vere
1992 4844 2069 4891 est
2094 4835 2326 4901 excelsa,
2377 4833 2589 4887 exsistit
2630 4845 2906 4884 ascensus.
2952 4829 3057 4883 Sed
3096 4829 3208 4882 haec
3236 4843 3385 4882 COIII-

159 4931 389 4986 mentatio
411 4931 656 4985 nondum
686 4931 911 4986 venitin
942 4932 1242 5002 publicum.
1276 4933 1538 4989 llomilias
1570 4940 1749 4987 autem
1786 4930 2096 5001 quindecim
2149 4928 2203 4981 in
2247 4926 2471 4983 Cantica
2497 4925 2832 4978 canticorum
2884 4922 3053 4976 meris
3079 4922 3383 4991 aenigmati-

159 5017 246 5074 bus
269 5020 469 5091 plenas,
497 5022 697 5091 partim
721 5036 788 5075 ex
812 5020 1002 5077 eadem
1034 5021 1250 5079 Herveti
1285 5025 1668 5088 translatione,
1713 5038 1836 5093 quae
1860 5022 1992 5076 viris
2024 5019 2204 5075 doctis
2230 5017 2424 5087 purior
2452 5024 2507 5071 et
2544 5014 2760 5068 facilior
2810 5012 2926 5066 visa
2957 5019 3065 5075 est,
3119 5011 3386 5081 appressi-

159 5125 292 5179 mus;
321 5116 453 5172 alias
487 5130 684 5185 nempe
721 5123 961 5185 quatuor
999 5124 1308 5186 postremas
1337 5134 1626 5189 quousque
1661 5115 1878 5172 Herveti
1909 5113 2251 5185 procedebat.
2283 5109 2585 5179 exemplar,
2617 5123 2684 5163 ex
2711 5105 3169 5175 interpretatione
3206 5102 3385 5157 Lenn—

161 5200 299 5255 clavii
340 5204 757 5275 complevimus.
804 5203 863 5259 ln
896 5205 1005 5262 line
1060 5207 1423 5278 prtefationis,
1463 5223 1628 5279 quam
1666 5208 1861 5263 iisdem
1897 5204 2139 5261 homiliis
2179 5203 2303 5273 ipse
2355 5199 2657 5270 Gregorius
2688 5196 2955 5269 praefecit,
3005 5195 3182 5250 reddit
3214 5195 3386 5247 ratio-

161 5296 543 5352 neminstitntre
574 5299 1083 5367 commentationis,
1117 5302 1208 5356 ubi
1256 5302 1329 5356 ita
1359 5302 1601 5371 loquitur
1626 5320 1638 5355 :
1668 5299 1792 5354 Non
1832 5310 1911 5353 est
1948 5297 2034 5350 Itic
2074 5295 2206 5349 liber
2239 5312 2272 5348 a
2321 5309 2400 5347 me
2440 5292 2668 5359 scriptus
2717 5288 2785 5344 ad
2828 5286 3266 5350 ostentationem;
3294 5285 3385 5339 sed

161 5386 377 5452 quoniam
405 5390 575 5443 multa
614 5403 680 5441 ea:
712 5390 776 5441 iis
821 5405 938 5459 qua:
972 5391 1027 5445 in
1063 5390 1316 5447 Ecclesiis
1345 5392 1488 5446 dicta
1519 5402 1664 5456 sunt,
1693 5391 1911 5461 quidam
1939 5404 2003 5443 ea:
2038 5389 2103 5441 iis
2127 5387 2216 5458 qui
2240 5384 2511 5440 nobiscum
2538 5389 2838 5443 versantur,
2863 5378 3210 5441 adnotarttnt,
3242 5392 3305 5429 ea
3330 5377 3388 5429 in

162 5472 359 5540 formam
388 5479 731 5543 homiliarum
749 5482 995 5534 enarravi
1029 5483 1085 5535 in
1115 5482 1296 5536 diebus
1312 5482 1646 5552 jejuniorum
1665 5497 1683 5534 :
1714 5482 1769 5535 in
1796 5480 1876 5535 Itis
1893 5480 2032 5533 enim
2061 5478 2146 5531 hic
2178 5478 2309 5531 liber
2347 5474 2414 5527 ad
2444 5489 2598 5527 aures
2625 5470 2806 5540 populi
2835 5485 2868 5520 a
2896 5465 3047 5520 nobis
3078 5466 3181 5534 [uit
3206 5467 3388 5523 elabo-

162 5576 306 5623 ratus.
337 5569 579 5647 Singulis
617 5581 803 5631 autem
835 5574 1034 5631 diebus
1064 5576 1311 5654 singulas
1357 5577 1640 5632 orationes
1677 5576 2119 5631 recitavitznam
2175 5571 2399 5626 tertiam
2438 5568 2572 5623 dicit
2614 5581 2738 5621 esse
2779 5562 2886 5617 diei
2919 5561 3091 5628 tertii,
3126 5570 3179 5616 et
3207 5562 3289 5618 sic
3317 5563 3386 5618 de

164 5657 382 5728 reliquis.
410 5661 673 5735 Sequitur
695 5664 1105 5737 elegantissima
1145 5668 1344 5731 oratio,
1396 5682 1503 5736 qua
1535 5666 1833 5722 Christiani
1865 5663 2107 5719 hominis
2137 5661 2375 5717 formula
2421 5657 2660 5713 traditur
2692 5673 2705 5709 :
2733 5655 2971 5724 idipsum
3006 5668 3226 5723 quoque
3252 5669 3385 5722 pro-

164 5744 310 5805 fertur
332 5753 385 5807 in
416 5754 552 5812 libro
579 5756 661 5811 De
694 5757 807 5810 vita
843 5756 1035 5820 Mosis,
1086 5763 1247 5828 Quem
1273 5758 1573 5814 Latinitate
1595 5759 1819 5814 donavit
1858 5754 2282 5827 Trapezuntius.
2345 5749 2498 5804 Illam
2531 5763 2659 5803 vero
2685 5763 2748 5803 ex
2792 5760 3041 5801 seorsum
3090 5744 3325 5813 vulgatis
3354 5763 3382 5798 a

175 5832 436 5902 Francisco
462 5842 600 5905 Zino
623 5848 715 5904 hic
741 5848 1123 5923 apposuimns,
1162 5851 1305 5909 sicut
1327 5860 1381 5907 ct
1408 5851 1816 5906 Catechcticam
1846 5848 2172 5911 orationem,
2199 5843 2492 5900 maximam
2525 5839 2872 5909 appellatam,
2921 5853 2990 5892 es
3021 5834 3392 5892 translaticne
