3880 6406
478 465 551 522 69
1674 473 1732 532 s.
1773 473 2113 532 cneconu
2173 478 2460 535 NYSSENI
3707 471 3786 525 ϐο

481 584 701 643 Herveti
727 603 742 652 ;
775 601 902 642 nam
944 602 1070 644 cum
1094 589 1210 660 jam
1237 590 1511 662 legeretur
1544 595 1756 650 reddita
1779 597 1975 654 Latine
1999 615 2097 670 per
2129 598 2356 654 Petrum
2386 599 2696 662 Morellum,
2725 596 2935 668 placuit
2963 603 3019 650 et
3045 594 3138 649 hic
3157 593 3472 648 versionem
3511 591 3782 647 nondum

480 680 754 736 hactenus
787 681 1116 753 impressam
1149 701 1479 757 proponere.
1513 691 1589 747 lbi
1619 705 1825 760 autem,
1845 695 2087 751 maxime
2121 712 2240 767 cap.
2277 697 2345 751 57
2379 697 2550 750 multa
2591 695 2658 749 de
2689 693 3156 748 transmutatione
3197 686 3314 742 sive
3338 690 3783 745 transsubstan-

477 773 714 829 tiatioue
744 773 1019 832 Dominici
1058 785 1312 849 corporis
1337 792 1392 838 et
1427 787 1712 856 sanguinis
1743 790 2114 858 adducuntur,
2143 799 2197 847 et
2224 807 2345 862 cap.
2377 791 2468 856 '58,
2504 806 2564 846 se
2591 789 2713 844 aliis
2741 789 2797 843 in
2836 788 2972 844 locis
3003 788 3159 857 plura
3190 785 3257 840 de
3290 782 3648 839 Eucharistia
3677 797 3784 836 es-

476 869 731 932 posuisse
754 883 964 938 narrat,
991 878 1136 946 quod
1175 887 1354 936 tamen
1388 899 1498 938 non
1531 886 1604 939 ita
1639 885 1899 956 frequens
1925 895 2011 942 est
2039 890 2095 942 in
2139 889 2549 959 exemplaribus
2583 902 2706 957 quas
2738 886 2904 953 vulgo
2939 883 3214 939 feruntur.
3248 879 3387 936 Huic
3420 882 3550 936 item
3595 879 3784 934 Cate-

475 963 690 1064 Ὓθιξοο
717 964 860 1020 “bro
890 967 994 1037 (8Ῑο
1021 972 1168 1064 enim
1195 972 1495 1044 Gregorius
1530 979 1646 1046 ipse
1681 980 1918 1047 appellat
1946 982 2276 1051 saepissime)
2320 982 2465 1036 sicut
2499 988 2554 1034 et
2579 979 2654 1034 illi
2680 979 2749 1034 de
2777 976 2962 1031 anima
2993 983 3046 1031 et
3072 973 3486 1030 resurrectione
3514 971 3786 1040 disputa-

479 1059 614 1106 tioni
647 1068 770 1109 cum
795 1071 990 1113 sorore
1025 1059 1290 1126 Macrina,
1325 1064 1546 1132 quidam
1581 1066 1847 1131 lueretici,
1876 1078 1936 1122 ut
1961 1071 2016 1122 in
2049 1070 2327 1139 plerisque
2351 1077 2599 1124 veterum
2639 1065 3142 1126 lucubrationibus,
3175 1063 3433 1133 dogmata
3464 1060 3782 1124 nonnulla,

475 1150 752 1220 praecipue
774 1167 905 1207 vero
935 1152 1192 1225 Origenis
1215 1157 1545 1227 injecerunt,
1569 1159 1877 1231 Nicephoro
1903 1173 2043 1219 teste
2069 1165 2163 1219 lib.
2200 1181 2261 1228 ιι,
2293 1178 2414 1233 cap.
2449 1161 2538 1217 i9.
2575 1161 2681 1216 Sed
2709 1171 2764 1215 et
2791 1159 3064 1214 immistas
3086 1156 3404 1227 huiusmodi
3432 1153 3612 1210 falsas
3647 1155 3784 1223 Opi-

477 1244 672 1301 niones
699 1246 1084 1307 demonstrare
1112 1251 1294 1322 possis
1318 1266 1387 1304 ex
1416 1266 1483 1306 eo
1518 1253 1665 1322 quod
1700 1254 1753 1306 in
1783 1251 2133 1310 Catechetico
2164 1270 2285 1324 cap.
2322 1254 2413 1317 '55,
2457 1255 2604 1307 circa
2637 1252 2798 1306 linem
2837 1266 2904 1305 es
2933 1249 3207 1305 sententia
3248 1247 3506 1316 Origenis
3549 1247 3786 1316 reperi-v

478 1345 590 1404 tur,
618 1339 795 1411 longis
825 1350 948 1411 post
979 1345 1200 1399 saeculis
1227 1343 1337 1400 Deo
1369 1360 1563 1414 puram
1592 1348 2026 1402 conservandam
2074 1354 2330 1401 naturam
2360 1364 2372 1400 :
2397 1356 2450 1399 et
2481 1343 2628 1416 quod
2671 1344 2803 1398 huic
2835 1341 3010 1397 errori
3044 1341 3388 1395 contrarium
3433 1339 3686 1394 habetur
3721 1340 3780 1392 in

476 1434 732 1489 oratione
762 1435 840 1490 De
864 1437 949 1491 die
978 1436 1300 1493 Nativitatis
1324 1440 1558 1504 Domini,
1577 1457 1700 1496 cum
1738 1443 2005 1497 scribitur
2034 1461 2047 1496 :
2083 1443 2238 1508 Quod
2270 1457 2363 1510 per
2390 1441 2842 1510 gresurrectionem
2875 1439 2965 1508 qui
2990 1438 3129 1507 justi
3157 1446 3332 1499 erunt,
3369 1436 3440 1489 ad
3490 1436 3779 1490 caelestem

477 1525 706 1592 quietem
737 1532 983 1584 accedent
1009 1535 1138 1604 ;qui
1168 1543 1346 1589 autem
1375 1538 1604 1604 peccatis
1637 1536 1878 1602 obnoxii,
1903 1538 1959 1590 in
1987 1537 2238 1607 gsheunce
2259 1539 2426 1606 ignem
2447 1536 2818 1598 detrudentur,
2855 1543 2964 1588 etc.
2999 1533 3112 1588 Nec
3135 1534 3283 1588 enim
3305 1535 3615 1603 pugnantia
3642 1541 3778 1586 tan-

480 1622 572 1670 tus
603 1617 688 1669 vir
714 1629 808 1672 aut
835 1622 1006 1675 sensit
1031 1624 1345 1679 autdocuit.
1382 1625 1448 1680 Et
1468 1635 1530 1681 ut
1553 1638 1748 1683 caetera
1778 1629 1970 1699 paucis
1992 1631 2442 1699 complectamur,
2473 1629 2577 1681 alia
2600 1627 2850 1697 quadam
2873 1625 3134 1695 opuscula
3168 1627 3222 1679 in
3265 1625 3367 1680 hac
3396 1625 3646 1680 editione
3679 1639 3780 1678 ac-

477 1718 785 1774 cesserunt,
820 1711 1079 1768 nimirum
1111 1718 1394 1773 orationes
1425 1717 1501 1772 De
1531 1719 1780 1790 fugienda
1811 1721 2210 1790 fornicatione;
2262 1717 2327 1772 In
2379 1735 2466 1774 eos
2521 1719 2612 1788 qui
2652 1718 2911 1786 differunt
2953 1717 3243 1786 baptisma,
3291 1728 3340 1771 et
3379 1718 3468 1788 qui
3501 1733 3648 1787 aegre
3693 1718 3776 1784 fc-

478 1808 604 1851 runt
626 1800 1074 1870 reprehensiones,
1112 1807 1181 1860 ab
1210 1806 1447 1863 Herveto
1472 1810 1710 1878 primum
1749 1824 2052 1865 conversae.
2093 1809 2170 1863 De
2189 1809 2510 1863 Ascensione
2549 1823 2704 1870 vero,
2753 1815 2808 1861 et
2837 1807 2891 1860 in
2919 1805 3265 1860 Pentecosten
3316 1821 3610 1861 sermones
3649 1806 3773 1876 jam

476 1887 606 1942 editi
642 1889 1178 1950 circumferebantur
1209 1914 1222 1950 ε
1265 1898 1412 1967 prior
1447 1900 1670 1968 quidem
1705 1915 1776 1954 ex
1810 1899 1985 1953 Silani
2019 1899 2294 1964 versione,
2340 1900 2484 1954 sicut
2525 1909 2580 1953 et
2615 1899 2876 1969 pleraque
2922 1897 3154 1968 Nysseni
3189 1897 3430 1968 scripta;
3483 1899 3584 1952 sed
3636 1899 3773 1967 quia

477 1975 615 2031 feria
653 1995 706 2033 1v
741 1989 867 2050 post
887 1983 1284 2042 Ascensionem
1315 1989 1384 2044 de
1413 1989 1606 2043 eodem
1639 2005 1892 2045 sermone
1920 2006 1992 2046 ex
2019 1990 2382 2045 translatione
2413 1989 2531 2044 Ziui
2564 1991 2762 2060 legitur
2796 1991 2852 2043 in
2886 1989 3162 2044 breviario
3193 1989 3442 2046 Bomano
3487 2007 3674 2062 nuper
3703 2008 3773 2046 ex

475 2068 696 2125 decreto
716 2075 938 2128 concilii
970 2075 1280 2132 Tridentini
1304 2081 1600 2134 restituto:
1624 2089 1916 2150 pr0pterea
1947 2090 2002 2135 et
2034 2081 2182 2136 hunc
2202 2089 2257 2135 et
2287 2096 2649 2151 quoscunque
2677 2081 2919 2137 nancisci
2951 2083 3232 2152 potuimus
3263 2098 3326 2137 es
3359 2082 3558 2138 eodem
3593 2084 3774 2139 inter-

477 2171 646 2233 prete,
670 2164 762 2233 qui
793 2165 862 2219 ab
893 2167 1139 2224 Ecclesia
1163 2172 1426 2240 probatus
1450 2187 1575 2230 esse
1605 2172 1903 2237 videretur,
1937 2173 2170 2227 selectos
2188 2173 2535 2238 excudimus,
2559 2181 2616 2226 ut
2646 2172 2723 2225 De
2741 2173 3058 2241 pauperibus
3092 2172 3361 2238 amandis,
3380 2171 3447 2228 In
3479 2175 3773 2230 mulierem

473 2257 841 2323 peccatricem,
867 2257 942 2312 De
969 2260 1380 2326 dormientibus,
1429 2272 1483 2318 et
1522 2263 1587 2317 de
1634 2264 1834 2319 Christi
1876 2265 2178 2329 nativitatis,
2220 2264 2558 2334 ejusdemque
2609 2267 3014 2320 resurrectione.
3057 2264 3330 2320 Nonnulla
3374 2275 3647 2336 praeterea
3699 2285 3770 2324 cx

476 2344 710 2400 aliorum
750 2350 1007 2406 versione
1045 2367 1296 2408 seorsum
1342 2356 1558 2425 vulgata
1590 2357 1952 2422 inseruimus,
1989 2365 2049 2408 ut
2085 2357 2283 2410 librum
2306 2355 2385 2410 De
2431 2355 2746 2426 Virginitate
2770 2372 2800 2410 a
2829 2355 2991 2412 Petro
3020 2355 3300 2412 Galesinio
3332 2370 3771 2424 conversum,et

478 2433 664 2491 Romae
687 2441 829 2509 typis
860 2457 1161 2498 excusum:
1184 2445 1239 2499 in
1267 2460 1380 2512 quo
1409 2447 1479 2502 de
1511 2447 1767 2517 virginali
1794 2447 2020 2512 virtute,
2051 2462 2165 2516 qua
2187 2462 2296 2500 una
2325 2447 2549 2516 reliqua:
2586 2449 3174 2512 omnescontinentur,
3205 2450 3281 2502 ita
3308 2449 3559 2518 disputat
3593 2464 3769 2504 evan-

477 2529 664 2597 gelicae
694 2531 974 2589 doctrinae.
996 2537 1342 2607 majestatem
1377 2542 1777 2611 complectens,
1811 2551 1871 2596 ut
1903 2557 2012 2596 non
2043 2543 2220 2596 solum
2261 2557 2384 2596 cum
2417 2542 2620 2598 Stoicis
2653 2544 2720 2598 de
2745 2543 2999 2608 honesto,
3046 2559 3235 2598 verum
3273 2544 3436 2599 etiam
3469 2560 3602 2598 cum
3635 2546 3768 2600 reli-

477 2623 603 2692 quis
636 2624 883 2684 honestis
919 2630 1374 2702 philosophorum
1421 2635 1734 2705 disciplinis
1777 2635 2037 2699 disserat,
2082 2635 2562 2706 patrociniumque
2612 2650 2803 2690 earum
2833 2638 3133 2700 actionum,
3196 2637 3249 2690 iu
3281 2637 3484 2706 quibus
3535 2640 3766 2691 virtutis

477 2715 736 2785 splendor
775 2722 978 2787 elucet,
1013 2726 1307 2796 suscipiat.
1355 2726 1445 2791 Et,
1489 2743 1558 2783 ne
1595 2729 1727 2797 quid
1761 2729 1984 2782 silentio
2017 2730 2439 2798 praetermittere
2471 2736 2567 2781 aut
2600 2727 2956 2782 dissimulare
2987 2729 3293 2792 videamur,
3346 2728 3492 2798 quod
3539 2729 3634 2782 hic
3666 2729 3768 2782 ha—

475 2805 636 2862 betur
662 2809 991 2880 impressum
1023 2817 1249 2872 nomine
1279 2816 1529 2888 Gregorii
1567 2818 1798 2890 Nysseni
1832 2819 1902 2872 ad
1931 2819 2153 2874 Petrum
2182 2819 2403 2888 fratrem
2449 2837 2629 2882 suum,
2682 2819 2760 2872 De
2788 2819 3090 2887 differentia
3123 2819 3437 2873 substantiis
3485 2829 3537 2873 et
3594 2820 3768 2889 hypo-

475 2909 704 2967 staseos,
754 2903 897 2959 idem
929 2907 1126 2977 legitur
1155 2910 1298 2978 apud
1334 2909 1398 2964 ῐ).
1438 2911 1702 2964 Basilium
1728 2913 1962 2981 epistola
1999 2913 2069 2966 45
2125 2914 2194 2965 ad
2228 2911 2540 2984 Gregorium
2597 2914 2823 2980 fratrem
2858 2910 3165 2982 Nyssenum
3202 2913 3529 2982 episcopum.
3590 2911 3766 2969 Vide-

477 2993 588 3046 rint
620 2993 896 3050 doctiores
921 2999 1142 3053 cuinam
1177 3001 1397 3054 illorum
1435 3002 1580 3055 hanc
1611 3001 2049 3070 disputationem
2081 3003 2389 3074 assigneut.

548 3084 817 3138 Caeterum
848 3087 992 3143 inter
1021 3098 1339 3145 sanctorum
1382 3089 1538 3147 Vitas
1586 3091 1656 3146 ab
1690 3093 1916 3164 Aloysio
1947 3093 2144 3149 Latine
2171 3110 2281 3150 non
2317 3095 2392 3148 ita
2447 3093 2658 3164 pridem
2697 3109 2761 3148 ex
2795 3092 3034 3147 diversis
3079 3089 3405 3148 auctoribus
3457 3091 3668 3153 editae.
3705 3102 3757 3147 et

476 3177 640 3232 modo
675 3194 773 3248 per
802 3182 1049 3252 singulos
1084 3184 1202 3240 dies
1232 3185 1503 3256 cujusque
1539 3188 1744 3242 mensis
1783 3203 1812 3240 a
1857 3187 2018 3243 Surio
2058 3189 2326 3260 digestas,
2382 3188 2559 3242 oratio
2606 3188 2881 3258 quaedam,
2925 3187 3013 3256 pia
3048 3197 3183 3241 sane
3205 3186 3365 3255 juxta
3408 3195 3463 3241 et
3505 3188 3762 3259 elegans,

477 3271 556 3327 De
597 3289 821 3330 occursu
861 3277 1079 3331 Domini
1107 3287 1162 3334 et
1189 3279 1266 3334 De
1294 3281 1391 3334 Dei
1417 3292 1656 3350 parente,
1690 3293 1848 3352 atque
1892 3283 1956 3336 de
2003 3283 2147 3348 justo
2177 3283 2443 3345 Simeone,
2497 3281 2746 3352 Gregorii
2794 3279 3029 3351 Nysseni
3061 3279 3282 3334 titulum
3339 3295 3451 3350 prie
3484 3295 3545 3335 se
3601 3283 3714 3337 fert
3750 3306 3760 3317 -

476 3369 570 3424 sed
599 3375 858 3440 quoniam
890 3373 1112 3430 Simeon
1142 3375 1566 3446 Metaphrastes,
1607 3379 1700 3447 qui
1738 3377 1977 3448 primum
2014 3379 2298 3450 dispersas
2327 3377 2516 3433 Graece
2547 3377 2867 3446 collegerat,
2892 3375 3109 3430 videtur
3144 3375 3198 3428 in
3252 3375 3355 3428 hac
3385 3377 3640 3431 nonnihil
3671 3389 3767 3431 aut

477 3462 820 3530 immutasse,
863 3469 1142 3522 autetiam
1174 3471 1382 3540 aliquid
1422 3471 1728 3538 addidisse,
1777 3473 1906 3526 dum
1940 3487 2041 3544 pro
2069 3488 2173 3527 suo
2208 3487 2362 3527 more
2397 3471 2680 3541 copiosius
2728 3468 3049 3538 explicavit,
3079 3481 3143 3520 ac
3181 3467 3542 3537 amplioribus
3573 3472 3762 3524 verbis

475 3559 754 3612 enarravit
785 3577 799 3614 :
830 3560 952 3616 ideo
991 3565 1148 3632 quasi
1190 3564 1335 3620 fetus
1377 3573 1524 3620 esset
1571 3566 1910 3636 illegitimus,
1967 3567 2110 3620 hanc
2158 3583 2283 3621 cum
2311 3581 2439 3620 vere
2477 3565 2675 3618 nativis
2734 3573 2884 3618 stare
2926 3561 3224 3615 noluimus.
3271 3558 3662 3617 Verumtamen
3721 3565 3764 3619 si

476 3649 602 3718 quis
637 3650 775 3706 forte
805 3668 968 3709 secus
997 3655 1227 3724 judicet,
1272 3658 1432 3713 habet
1457 3658 1700 3724 interim,
1741 3665 1891 3712 utne
1922 3659 2012 3712 hic
2049 3665 2355 3728 repetatur,
2415 3657 2548 3710 inibi
2578 3655 2724 3727 typis
2770 3654 3122 3722 impressam,
3179 3651 3327 3705 sicut
3363 3659 3418 3705 et
3461 3654 3761 3720 epistolam

474 3742 624 3797 illam
661 3745 731 3796 ad
767 3744 1074 3817 Olympium
1099 3751 1438 3814 monachum,
1475 3749 1550 3804 De
1575 3750 1685 3803 vita
1730 3749 2008 3805 Macrinat.
2052 3750 2208 3817 Quod
2251 3766 2383 3807 vero
2409 3751 2647 3820 pertinet
2675 3748 2742 3803 ad
2785 3747 3041 3802 diversas
3074 3745 3441 3817 quorumdam
3476 3746 3762 3801 librorum

473 3838 890 3910 inscriptiones,
925 3859 1030 3900 nos
1063 3853 1122 3898 ut
1153 3846 1450 3916 plurimum
1483 3847 1544 3900 in
1572 3847 1824 3916 margine
1858 3848 2199 3914 notavimus,
2241 3855 2337 3902 aut
2366 3848 2422 3903 in
2453 3859 2683 3917 operum
2709 3843 3008 3914 Cataiogo,
3046 3857 3211 3913 quem
3251 3841 3642 3912 subjiciemus,
3673 3844 3759 3898 in-

472 3931 804 3991 dicabimus.

543 4028 940 4086 Desiderantur
973 4043 1153 4088 autem
1185 4041 1381 4104 praeter
1415 4034 1531 4089 hinc
1564 4034 1670 4087 alia
1709 4033 1830 4102 ejus
1866 4033 1968 4086 viri
2003 4032 2339 4086 monimenta
2372 4037 2681 4100 temporum
2701 4071 2715 4094 ,
2754 4031 2839 4087 vel
2888 4031 3172 4086 hominum
3205 4031 3408 4102 injuria
3432 4030 3724 4102 deperdita
3744 4073 3760 4091 .

473 4130 570 4174 aut
592 4121 856 4178 hactenus
883 4123 936 4176 in
965 4125 1141 4179 lucem
1191 4124 1430 4178 nondum
1461 4125 1754 4195 evulgata;
1787 4138 1964 4192 neque
1992 4123 2138 4176 enim
2174 4123 2446 4192 reperitur
2479 4122 2640 4190 liber,
2674 4138 2834 4192 quem
2873 4125 3163 4194 scripsisse
3196 4133 3530 4179 memoratur
3565 4137 3762 4180 contra

470 4211 780 4277 Ablabium,
817 4214 891 4269 De
925 4214 1133 4279 Patris,
1167 4214 1319 4282 Filii,
1356 4224 1405 4270 et
1437 4215 1671 4284 Spiritus
1706 4215 1877 4268 sancti
1906 4213 2206 4278 divinitate,
2243 4213 2346 4268 nisi
2379 4213 2504 4284 quis
2537 4214 2690 4268 illum
2723 4230 2844 4270 esse
2879 4213 3019 4269 forte
3053 4216 3363 4286 suspicetur
3392 4232 3454 4272 ex
3493 4216 3758 4274 afﬁnitas

472 4311 802 4377 argumenti,
824 4325 989 4380 quem
1017 4311 1086 4364 ad
1107 4311 1386 4364 Ablabium
1418 4311 1592 4374 misit,
1610 4309 1764 4376 Quod
1791 4319 1894 4362 tres
1921 4309 2094 4362 dicere
2123 4307 2262 4362 Deos
2287 4324 2390 4362 non
2417 4317 2676 4378 Oporteat,
2701 4324 2824 4380 pag.
2844 4309 2950 4363 447
2995 4311 3125 4364 torni
3173 4309 3238 4372 ll,
3265 4310 3360 4366 sed
3387 4311 3538 4367 locus
3568 4320 3756 4369 tamen

470 4403 544 4458 ab
574 4403 864 4474 Euthymio
895 4408 1138 4477 prolatus
1172 4415 1327 4478 parte
1354 4422 1370 4461 ι
1426 4406 1511 4459 tit.
1541 4405 1578 4459 2
1635 4403 1861 4471 Panopl.
1893 4403 1946 4456 in
1979 4417 2046 4457 eo
2067 4403 2292 4456 minime
2322 4404 2612 4468 reperitur.

539 4491 780 4550 Necdum
813 4497 1136 4567 prodierunt
1160 4499 1215 4551 in
1247 4497 1425 4552 lucem
1462 4495 1843 4552 Commentarii
1874 4495 1930 4547 in
1953 4493 2256 4564 Epistolam
2280 4492 2349 4546 ι).
2383 4491 2545 4546 Pauli
2571 4491 2640 4545 ad
2669 4490 3051 4561 Phil‘ppenses,
3078 4509 3240 4563 quos,
3273 4502 3334 4548 ut
3354 4494 3542 4550 docuit
3565 4494 3758 4551 Silius

471 4584 756 4654 Senensis,
790 4598 985 4642 auctor
1014 4588 1355 4643 Bibliotheca:
1393 4597 1626 4654 sanctis,
1657 4587 1897 4659 Cyrillus
1930 4587 2064 4642 citat
2096 4587 2152 4640 in
2185 4585 2330 4639 libro
2361 4583 2431 4636 ad
2464 4582 2743 4652 Evoptium
2776 4583 2999 4652 fratrem
3033 4595 3222 4639 contra
3253 4585 3662 4643 Theodoretum.
3697 4590 3758 4644 ln

469 4679 630 4746 cujus
663 4681 785 4736 libri
836 4681 941 4737 line
973 4683 1054 4738 sic
1084 4684 1322 4754 legitur:
1359 4682 1425 4736 D.
1454 4681 1695 4752 Gregorii
1729 4681 1957 4750 episcopi
1984 4681 2041 4733 in
2069 4679 2367 4748 Epistotam
2403 4678 2472 4730 ad
2502 4675 2866 4745 Philippenses
2890 4692 2910 4732 :
2949 4677 3110 4748 cujus
3164 4677 3527 4748 fragmentum
3554 4697 3567 4732 :
3611 4679 3761 4742 Hoc,

470 4775 668 4846 inquit,
698 4776 942 4842 sapiatur
963 4777 1102 4843 quod
1131 4785 1208 4829 est
1235 4777 1291 4829 in
1320 4773 1532 4829 Christo
1565 4774 1718 4841 Jesu,
1755 4791 1774 4824 σ
1797 4774 1888 4843 qui
1919 4788 2038 4826 cum
2071 4772 2127 4824 in
2158 4771 2333 4840 forma
2374 4768 2468 4823 Dei
2487 4777 2642 4831 esset,
2684 4785 2788 4822 non
2821 4770 3064 4837 rapinam
3097 4769 3392 4824 arbitratus
3420 4780 3496 4824 est
3531 4787 3645 4826 esse
3701 4793 3760 4829 se

468 4868 723 4938 aequalem
754 4867 886 4934 Deo,
909 4871 1003 4924 sed
1024 4873 1355 4940 semetipsum
1376 4871 1685 4935 exinanisit,
1711 4870 1940 4940 formam
1966 4867 2102 4922 servi
2121 4866 2432 4936 suscipiens.
2456 4885 2475 4916 ι
2500 4865 2640 4930 Quid
2662 4866 2941 4934 pauperius
2968 4868 3020 4919 in
3049 4865 3174 4930 Deo,
3194 4883 3351 4938 quam
3377 4867 3550 4935 forma
3577 4871 3758 4925 serti?

471 4960 616 5027 Quid
648 4961 900 5017 humilius
929 4964 982 5016 in
1009 4979 1124 5032 rege
1153 4973 1480 5028 cunctorum,
1508 4979 1666 5034 quam
1689 4960 1758 5014 ad
1782 4961 2198 5014 communionem
2222 4959 2470 5026 pauperis
2497 4967 2694 5012 nostra:
2712 4968 2921 5011 natura:
2944 4969 3126 5026 sponte
3154 4960 3326 5012 uenire
3347 4962 3383 5014 ?
3411 4959 3522 5015 Rex
3569 4979 3758 5032 regum

468 5063 518 5123 et
554 5052 813 5110 Dominus
845 5057 1236 5110 dominantium
1265 5055 1508 5109 induitur
1542 5055 1717 5124 forma
1749 5055 1917 5117 servi;
1947 5053 2118 5122 judea:
2151 5052 2387 5105 omnium
2422 5053 2483 5120 fit
2514 5049 2756 5103 subditus
2789 5050 3137 5118 potestatibus
3167 5061 3447 5116 creaturis,
3489 5051 3754 5114 Dominus

470 5158 524 5216 in
559 5149 807 5218 spelunca
837 5149 1088 5219 ponitur:
1131 5148 1224 5216 qui
1253 5145 1431 5200 omnia
1458 5147 1712 5210 continet,
1739 5144 1795 5198 in
1817 5144 2112 5198 diversorio
2135 5159 2240 5197 non
2262 5143 2457 5195 invenit
2487 5143 2681 5204 locum,
2713 5142 2803 5193 sed
2835 5142 2891 5193 in
2919 5155 3148 5208 praesepe
3175 5143 3460 5212 projicitur
3479 5144 3756 5213 jumento-

472 5266 626 5310 rum;
653 5246 883 5302 mundus
912 5254 962 5299 et
996 5242 1374 5298 immaculatus
1398 5241 1578 5296 sordes
1605 5241 1836 5310 suscepit
1861 5241 2109 5294 humana:
2137 5247 2363 5302 natura,
2395 5245 2444 5289 at
2473 5251 2564 5304 per
2591 5238 2769 5289 omnia
2796 5244 3160 5306 paupertatem
3194 5247 3432 5291 nostram
3465 5240 3753 5302 transiens,

472 5359 632 5412 usque
659 5343 728 5395 ad
750 5343 936 5396 mortis
961 5341 1098 5395 venit
1115 5339 1550 5410 experimentum.
1578 5336 1924 5393 Considerate
1946 5336 2276 5406 paupertatis
2301 5343 2604 5403 spontaneo:
2627 5348 2949 5395 mensuram,
2973 5331 3080 5384 vita
3111 5341 3330 5385 mortem
3357 5341 3556 5401 gustat,
3583 5331 3756 5400 judex

472 5435 749 5489 deducitur
777 5437 848 5490 ad
859 5435 1150 5504 judicium,
1182 5433 1303 5488 vitae
1338 5434 1573 5487 omnium
1605 5433 1974 5486 exsistentium
2000 5430 2259 5485 Dominus
2290 5426 2536 5480 subditur
2553 5427 2825 5480 sententia
2846 5423 3166 5493 iudicantis,
3197 5437 3290 5476 rex
3319 5422 3553 5476 omnium
3586 5423 3756 5475 virtu-

477 5542 610 5594 tum,
646 5546 760 5598 qua?
787 5535 933 5590 ultra
965 5529 1221 5584 mundum
1246 5539 1387 5594 sunt,
1417 5527 1800 5596 spiculatorum
1831 5543 1935 5579 non
1958 5526 2155 5594 respuit
2184 5539 2392 5576 manus.
2431 5519 2708 5576 Hactenus
2735 5517 3034 5592 Gregorius
3054 5516 3380 5586 cpiscopus:
3413 5513 3506 5585 qui
3528 5514 3752 5585 quidctn

476 5617 691 5675 videtur
724 5633 844 5673 esse
869 5619 1152 5691 Nyssenus
1187 5627 1395 5681 noster,
1429 5633 1553 5671 cum
1587 5615 1965 5673 Nazianzenus
1995 5631 2096 5672 nec
2130 5617 2186 5670 in
2223 5615 2365 5668 hanc
2397 5613 2710 5684 epistolam,
2742 5627 2844 5666 nec
2877 5611 2930 5664 in
2967 5611 3203 5680 aliquem
3234 5606 3450 5662 Veteris
3489 5615 3584 5660 aut
3614 5604 3752 5661 Novi

476 5707 810 5768 Testamenti
832 5710 1028 5763 librum
1048 5727 1114 5765 ex
1139 5711 1386 5780 professo
1417 5711 1708 5781 scripsisse
1730 5718 2082 5764 memerctur.
2115 5710 2172 5761 ln
2206 5705 2477 5777 principio
2504 5704 2772 5760 orationis
2805 5704 2996 5774 primm
3025 5701 3104 5755 De
3133 5699 3450 5770 pauperibus
3481 5700 3752 5766 amandis,

478 5796 571 5852 ubi
605 5795 893 5852 scribitur:
915 5798 1176 5871 Quqniam
1198 5801 1401 5854 duobus
1434 5800 1792 5868 superioribus
1818 5798 1998 5854 diebus
2017 5798 2359 5869 cupiditatem
2384 5797 2535 5851 illaut
2556 5812 2673 5866 qua:
2694 5795 2831 5866 gula:
2852 5795 3148 5864 ventrisquc
3176 5794 3493 5861 voluptatem
3520 5802 3755 5845 sectatur

481 5885 872 5957 castigat'imus,
904 5889 968 5943 de
1001 5891 1226 5960 ipsisque
1261 5894 1427 5947 multa
1459 5893 1716 5962 diximus,
1755 5902 1880 5956 cte.,
1907 5892 2113 5948 clarum
2142 5905 2224 5949 cst
2259 5892 2436 5962 ipsum
2473 5889 2794 5962 Gregorium
2829 5887 2897 5944 dc
2937 5886 3038 5942 hac
3081 5901 3139 5942 re
3171 5888 3448 5942 orationes
3495 5885 3758 5940 habuisse
