3880 6358
111 439 159 491 6i
1275 444 1342 504 ιΝ
1381 444 1875 531 HEXAEMERON‘
1903 444 2131 500 LIBER.
3311 449 3383 503 62

109 550 164 602 ad
189 547 447 619 populum,
483 567 617 622 qua:
645 565 772 624 iam
804 571 911 612 non
942 559 1311 629 reperiuntur,
1347 562 1492 618 sicut
1521 578 1623 618 nec
1652 564 1757 618 alia
1789 563 1968 634 plura,
2001 579 2125 634 quae
2155 563 2378 634 scripsit
2407 565 2644 622 maxime
2707 566 2959 622 adversus
2996 566 3382 633 Eunomianos,

113 643 314 698 Arianos
342 651 395 698 et
425 646 686 716 reliquos
722 649 872 705 illius
900 653 1242 721 tempestatis
1276 653 1582 721 limreticos,
1607 671 1732 712 cum
1765 656 1967 724 quibus
1999 656 2185 712 animo
2219 657 2454 711 infracto
2485 673 2585 726 pro
2621 659 2849 714 veritate
2879 659 3151 714 catholica
3181 675 3387 731 propu-

114 733 293 800 gnavit,
319 741 378 808 ut
415 734 631 789 indicat
662 735 1046 796 Theodoretus
1069 742 1167 796 lib.
1201 758 1273 806 Iv,
1301 758 1423 814 cap.
1452 742 1545 808 28,
1565 752 1622 798 et
1642 757 1671 796 a
1695 745 1896 814 quibus
1925 753 2148 816 prOpter
2170 745 2328 801 ﬁdem
2359 751 2535 816 patria
2559 751 2754 818 pulsus
2787 751 2840 804 in
2873 753 3150 816 exsilium,
3184 753 3387 822 ubique

116 824 258 878 multa
287 827 576 890 sustinuit,
614 839 681 883 ut
732 833 958 900 ipsemet
987 835 1040 888 in
1078 834 1202 889 Vita
1231 836 1493 895 Macrinus
1529 836 1715 892 refert.
1749 837 1851 892 Sed
1889 839 2005 894 haec
2038 855 2161 909 quae
2196 840 2286 893 hic
2314 839 2464 894 brevi
2497 843 2724 913 repetita
2757 851 2905 908 sunt,
2927 843 3090 897 licuit
3115 859 3180 898 ex
3214 844 3389 912 ipsius

118 915 314 984 scriptis
334 915 685 989 Patrumque
710 921 956 980 historiis
993 926 1222 981 collecta
1253 928 1308 982 in
1343 927 1582 982 medium
1614 941 1941 998 proponere,
1965 937 2026 983 ut
2053 930 2099 984 si
2121 931 2248 1000 quis
2273 933 2702 1001 pervestiganda:
2733 934 3077 1004 antiquitatis
3105 935 3386 989 studiosus

121 1010 405 1081 huiusmodi
439 1012 726 1112 libroruom
751 1016 1040 1077 thesauros
1073 1021 1329 1092 reperiat,
1361 1036 1457 1077 eos
1492 1021 1709 1076 tandem
1740 1020 2014 1087 extrahat,
2045 1028 2100 1076 et
2131 1023 2197 1077 ad
2234 1024 2507 1093 publicam
2538 1025 2826 1084 utilitatem
2863 1028 2916 1084 in
2934 1037 3175 1101 apertam
3209 1027 3385 1086 lucem

122 1105 328 1159 emittat.

146 1319 3358 1372 ‘W.

851 1491 1076 1580 ΤΟΥ
1153 1491 1300 1578 ΕΝ
1355 1492 1720 1579 ΑΓΙΟΙΣ

1822 1489 2258 1584 ΠΑΤΡΟΣ
2335 1493 2665 1583 ΗΜΩΝ

1164 1685 2332 1828 ΓΡΗΓΟΡΙΟΥ

1383 1917 1789 1978 ΕΠΙΣΚΟΠΟῩ
1826 1923 2121 1989 ΝΥΣΣΗΣ,

219 2029 1111 2182 ΑΠΟΛΟΓΗἸἹΚΟΣ
1181 2091 1474 2179 ΠΡΟΣ
1511 2093 1963 2181 ΠΕΤΡΟΝ
2000 2096 2230 2183 TON
2264 2089 2798 2188 ΑΔΕΑΦΟΝ
2871 2094 3280 2196 ΑΥΤΟΥ,

864 2283 1222 2404 ΠΕΡΙ
1294 2290 1596 2402 ΤΗΣ
1654 2277 2638 2408 ΕΞΑΗΜΕΡΟΥ.

870 2676 1031 2833 s.
1153 2685 1328 2834 P.
1438 2640 1625 2835 Ν.
1726 2679 2667 2838 GREGORII

1459 2945 1772 3004 EPISCOPI
1798 2946 2098 3005 NYSSENI

251 3118 991 3263 EXPLICATIO
1042 3116 1886 3214 APOLOGETICA
1923 3121 2074 3212 AD
2129 3123 2626 3218 PETRUM
2671 3124 3279 3228 FRATREM,

1132 3329 1282 3451 IN
1364 3339 2391 3454 HEXAEMERON.

1073 3556 1294 3609 PETRO
1340 3557 1722 3611 FRANCISCO
1779 3559 1948 3610 ΖΙΝΟ
1995 3560 2454 3614 INTERPRETE.

721 3916 1127 3972 ΠΡΟΟΙΜΙΟΝ.

206 4033 378 4089 ταῦτα
401 4034 606 4096 ποιεῖς,
651 4025 700 4087 ὦ
737 4023 989 4104 ἄνθρωπε
1019 4031 1114 4085 τοῦ
1149 4030 1317 4096 Θεοῦς
1370 4029 1718 4102 κατατολμᾷν

146 4128 275 4196 ἡμᾶς
303 4126 409 4180 τῶν
442 4126 773 4196 ἀτολμήτων
796 4124 1233 4196 ἐγκελευόμενος,
1276 4125 1370 4178 καὶ
1399 4124 1721 4196 πράγμασιν

149 4219 393 4288 ἐγχειρεῖν
423 4217 734 4279 τοιούτοις,
785 4207 860 4268 ὧν
911 4216 974 4268 οὐ
1023 4215 1085 4269 τὺ
1134 4218 1316 4286 τυχεῖν
1367 4215 1526 4286 μόνον
1573 4215 1722 4268 ἐστὶν

145 4311 438 4378 ἀμήχανον,
487 4308 638 4363 ἀλλὰ»
669 4306 790 4360 οὐδὲ
834 4306 896 4360 τὺ
943 4307 1286 4378 ἐγχειρῆσαι.
1332 4307 1477 4360 κατά
1520 4323 1584 4374 γε
1630 4307 1722 4360 τὸν

147 4401 262 4468 ἐμὸν
299 4401 481 4470 λόγον.
527 4399 900 4468 ἀνέγκλητον;
952 4399 1072 4451 Τῶν
1109 4399 1219 4468 γὰρ
1251 4397 1392 4455 κατὰ
1422 4397 1572 4456 Θείαν
1599 4398 1722 4451 επί-

145 4512 320 4549 πνοιαν
342 4496 401 4547 ὲν
428 4496 500 4566 τῇ
532 4492 870 4562 κοσμογονίᾳ
893 4491 1364 4561 φιλοσοφηθέντων
1390 4490 1467 4561 τῷ
1499 4489 1724 4561 μεγάλῳ

147 4585 322 4656 Mucii,
374 4586 444 4639 τὰ
501 4584 768 4642 δοκοῦντα
815 4583 956 4636 κατὰ
1018 4584 1118 4654 τὴν
1149 4579 1438 4653 πρόχειρον
1477 4580 1587 4634 τῶν
1631 4598 1726 4650 γε-

144 4677 468 4748 γραμμένων
519 4674 830 4746 σημασίαν,
878 4674 1210 4737 ὑπεναντίως
1254 4673 1419 4746 ἔχειν,
1455 4671 1726 4739 ἐπέταξας

145 4767 262 4834 ἡμῖν
292 4767 382 4820 διά
411 4782 567 4828 τινος
602 4763 905 4817 ἀκολούθου
942 4762 1181 4826 διανοίας
1223 4765 1303 4826 εἰς
1347 4761 1539 4832 εἱρμὸν
1583 4762 1724 4829 ἀγα-

141 4856 247 4922 γεῖν
270 4895 287 4920 ,
330 4857 430 4910 καὶ
493 4851 896 4924 συμφωνοῦσαν.
916 4852 1052 4923 πρὸς
1083 4851 1281 4924 ἑαυτὴν
1311 4851 1593 4918 ἀποδεῖξαι
1623 4851 1724 4923 τὴν

142 4946 290 5012 ἁγίαν
336 4945 610 5018 Γραφήνο
669 4944 763 4996 καὶ
807 4943 978 4996 ταῦτα
1031 4943 1170 5014 μετὰ
1213 4943 1312 5012 τὴν
1365 4941 1725 4998 θεόπνευστον

141 5036 343 5106 ἐκείνην
388 5032 496 5088 τοῦ
541 5033 747 5102 πατρὸς
779 5033 936 5103 ἡμῶν
977 5035 1058 5097 εἰς
1101 5033 1161 5086 τὸ
1193 5032 1556 5104 προκείμενον
1592 5030 1727 5085 θεω-

143 5127 255 5195 ρίαν
274 5169 289 5192 ,
322 5128 392 5198 ἣν
439 5126 497 5180 οἱ
532 5126 827 5193 ἐγνωκότες
860 5125 1061 5187 πάντες
1082 5166 1098 5191 ,
1147 5125 1298 5179 οὐδὲν
1343 5123 1564 5184 ἔλαττον
1614 5123 1725 5177 τῶν

143 5220 283 5290 αὐτῷ
306 5220 527 5288 Μωῦσῇ
559 5218 1078 5290 πεφιλοσοφημένων
1107 5216 1514 5289 Θαυμάξουσιν,’
1548 5210 1608 5269 εὖ
1631 5215 1725 5270 καὶ

144 5312 377 5375 εἰκότως,
415 5307 596 5380 οἶμαι,
625 5311 784 5366 τοῦτο
811 5311 1113 5375 ποιοῦντες.
1152 5313 1250 5363 Ὃν
1280 5309 1388 5381 γὰρ
1419 5308 1533 5380 ἔχει
1565 5308 1727 5378 λόγον

146 5401 269 5470 πρὸς
319 5401 415 5456 τὸν
470 5401 671 5456 κόκκον
714 5403 743 5454 ὁ
791 5401 1030 5472 ἄσταχυς
1057 5443 1071 5467 ,
1119 5402 1213 5455 καὶ
1255 5400 1316 5468 ἐξ
1364 5401 1575 5454 ἐκείνου
1625 5399 1722 5466 ὢν,

145 5494 357 5546 κάκεῖνο
387 5494 467 5565 μὴ
488 5492 586 5562 ὢν,
624 5492 826 5562 μᾶλλον
855 5493 912 5544 δὲ
938 5494 1117 5546 ἐκεῖνο
1150 5492 1249 5562 μὲν
1277 5492 1352 5544 ὣν
1375 5493 1441 5562 τῇ
1468 5490 1722 5561 δυνάμει,

149 5583 598 5658 παρηλλαγμένος
631 5584 688 5638 δὲ
721 5583 966 5656 μεγέθει,
1001 5585 1098 5638 καὶ
1132 5584 1319 5638 κάλλει
1353 5585 1447 5637 καὶ
1480 5584 1726 5654 ποικιλίᾳ

148 5676 230 5726 καὶ
265 5677 544 5746 σχήματι·
591 5675 683 5730 τὸν
718 5675 884 5729 αὐτὸν
916 5676 1061 5730 εἴποι
1093 5693 1178 5740 τις
1204 5675 1270 5729 ἂν
1299 5675 1516 5747 ἐπέχειν
1543 5673 1720 5743 λόγον,

150 5761 273 5830 ἱερὸς
304 5765 409 5834 τὴν
428 5765 518 5818 τοῦ
547 5765 789 5834 μεγάλου
819 5765 1099 5828 Μωῦσέως
1127 5764 1329 5835 φωνὴν,
1359 5763 1428 5817 τὰ
1455 5763 1608 5832 παρὰ
1628 5763 1722 5816 τοῦ
1757 5833 1766 5836 _

155 5855 384 5929 μετὰ).ου
435 5857 716 5913 Βασιλείου
761 5857 848 5918 διὰ
891 5855 1328 5926 φιλοπονωτέρας
1370 5854 1602 5926 θεωρίας
1643 5853 1729 5922 ἐξ·

1731 3753 1804 3770 ιι.-

1743 3925 1790 3981 Α

2405 3920 2826 3980 PROOEMIUM.

1892 4033 2034 4100 Quid
2082 4034 2220 4102 agis,
2271 4032 2436 4091 homo
2460 4036 2595 4092 Dei?
2621 4052 2722 4092 cur
2750 4053 2814 4093 ea
2844 4052 2945 4092 nos
2975 4053 3095 4107 quae
3127 4038 3276 4095 vires
3307 4039 3412 4094 hu-

1821 4141 2012 4181 manas
2042 4135 2308 4196 superant
2337 4130 2596 4200 aggredi,
2639 4137 2694 4185 et
2742 4145 2883 4185 onus
2926 4131 3070 4200 quod
3102 4146 3209 4192 non
3251 4134 3414 4186 modo

1826 4219 2116 4278 sustineri,
2162 4219 2257 4272 sed
2309 4235 2378 4273 ne
2425 4221 2633 4290 suscipi
2681 4222 2926 4292 quidem,
2978 4229 3039 4275 ut
3067 4237 3168 4291 ego
3206 4224 3413 4284 sentio.

1829 4308 1950 4362 sine
1977 4308 2405 4377 reprehensione
2432 4315 2635 4378 potest,
2669 4311 2860 4365 subire
2892 4311 3095 4380 jubes?
3140 4311 3236 4368 Vis
3266 4315 3413 4369 enim

1825 4410 1885 4452 ut
1919 4414 2042 4468 quae
2069 4399 2277 4454 caelesti
2305 4400 2532 4456 numine
2579 4399 2794 4455 aﬂlatus
2826 4401 2894 4456 de
2925 4401 3116 4456 mundi
3152 4417 3418 4472 procrea-

1825 4488 1975 4542 tione
2005 4502 2238 4558 magnus
2278 4487 2460 4545 Moses
2519 4489 2765 4559 prodidit
2797 4491 3172 4546 monumentis
3203 4492 3416 4546 littera-

1824 4593 1969 4640 rum,
1995 4595 2119 4651 quae
2141 4594 2317 4650 primo
2335 4579 2555 4649 quidem
2588 4590 2815 4648 aspectu
2859 4581 3004 4636 inter
3029 4597 3089 4637 se
3133 4583 3420 4647 contraria

1824 4667 2102 4732 videntur,
2152 4669 2348 4724 ordine
2409 4669 2648 4739 quodam
2699 4671 2989 4740 disponam
3052 4681 3424 4744 sanctamque

1830 4760 2170 4831 Scripturam
2203 4760 2309 4816 sibi
2329 4761 2431 4831 ipsi
2465 4762 2902 4817 consentientem
2953 4778 3018 4819 ac
3061 4774 3423 4822 constantem

1827 4866 1951 4907 esse
1987 4851 2398 4918 demonstrem;
2424 4852 2590 4922 idque
2622 4859 2749 4923 post
2779 4853 3025 4908 divinam
3060 4855 3210 4909 illam
3240 4857 3425 4926 patris

1827 4943 1999 4999 nostri
2031 4943 2088 4997 in
2122 4943 2670 5016 idem-argumentum
2692 4948 3214 5004 commentationem
3248 4963 3425 5018 quant.

1827 5036 1921 5106 qui
1949 5035 2220 5106 legerunt,
2245 5051 2355 5090 non
2392 5036 2577 5092 minus
2602 5053 2766 5108 quam
2797 5052 2861 5092 ea
2893 5055 3018 5110 qua:
3048 5040 3117 5094 ab
3154 5041 3272 5108 ipso
3295 5037 3421 5090 Mo-_

1829 5143 1888 5184 se
1914 5128 2221 5202 perscripta
2251 5134 2401 5194 sunt,
2435 5142 2630 5182 omnes
2670 5129 3054 5184 admirantur:
3095 5137 3156 5186 et
3196 5128 3422 5192 merito,

1831 5234 1949 5275 mea
1978 5219 2212 5288 quidem
2243 5220 2540 5276 sententia.
2573 5219 2709 5275 Nam
2730 5238 2896 5291 quam
2929 5221 3196 5278 rationem
3249 5217 3420 5274 habet.

1831 5325 1956 5365 cum
2000 5325 2174 5381 grano
2227 5310 2378 5380 spica
2407 5327 2530 5381 quae
2549 5320 2606 5367 et
2639 5328 2703 5368 ex
2735 5313 2828 5367 illo
2853 5312 3122 5384 provenit,
3176 5317 3231 5364 et
3279 5308 3423 5362 illud.

1833 5417 1942 5456 non
1999 5410 2131 5469 est;
2177 5403 2262 5457 vel
2314 5403 2496 5473 potius
2541 5420 2684 5474 quae,
2725 5419 2850 5458 cum
2897 5401 3030 5460 illud
3081 5402 3260 5470 ipsum
3293 5415 3426 5456 esse.

1815 5493 2029 5562 possit,
2066 5491 2445 5563 magnitudine
2469 5501 2654 5550 tamen
2680 5495 2852 5558 abeo,
2892 5503 2946 5548 et
2974 5491 3419 5564 pulchritudine,

1831 5591 1886 5638 et
1915 5583 2102 5638 formae
2146 5577 2643 5651 dill'ertvarictate,
2691 5583 2938 5639 eamdem
2993 5583 3266 5636 rationem
3311 5581 3414 5636 ha-

1834 5671 1963 5728 bere
2002 5674 2156 5728 dicas
2221 5689 2348 5728 cum
2393 5675 2643 5730 oratione
2678 5675 2858 5743 magni
2899 5673 3090 5736 Mosis,
3124 5687 3188 5727 ea
3225 5687 3348 5741 qua:
3383 5686 3417 5726 a

1836 5778 2036 5833 magno
2064 5763 2268 5818 Basilio
2301 5763 2649 5817 accuratiore
2677 5763 2866 5817 studio
2915 5771 3045 5818 sunt
3094 5762 3414 5816 elaborata;

1835 5854 2037 5910 etenim
2093 5869 2215 5926 qua:
2262 5853 2455 5924 paucis
2505 5854 2597 5910 ille
2641 5853 2828 5910 verbis
2884 5855 3208 5925 complexus
3241 5856 3326 5907 cst
3362 5859 3421 5905 et
