3880 6360
515 470 587 525 εδ
1756 469 1814 526 ὃ.
1856 469 2090 527 GREGO

2250 470 2543 530 NYSSENI
3271 462 3286 470 ’
3725 471 3790 527 64

517 579 834 650 explicavit,
862 595 926 636 ea
979 580 1171 635 doctor
1210 587 1401 636 noster
1454 580 1679 635 sublimi
1742 582 2092 652 pltilosOpltia

2197 601 2219 636 ε
2227 586 2530 655 ργασθέντα
2548 587 2641 659 νοὴ
2650 603 2812 658 ματαο
2841 586 2876 640 ἃ
2900 585 3008 656 γὰρ
3025 584 3231 648 ἐκεῖνος
3249 576 3400 637 εἶπεν
3420 583 3479 635 ὲν
3499 581 3707 650 ὀλίγοις
3734 597 3790 632 τε

517 673 599 726 sic
619 671 843 726 adauxit
873 682 928 725 et
959 673 1280 734 cumulavit,
1315 682 1374 726 ut
1407 688 1513 727 non
1545 673 1776 743 spicam,
1806 674 1900 729 sed
1929 675 2093 728 arbo-

517 779 630 816 rem
651 761 914 826 effecerit,
952 763 1020 816 ad
1043 763 1464 817 similitudinem
1500 764 1658 834 grani
1695 763 2092 834 sinapis,qttod

518 867 685 923 regno
737 854 1003 908 malorum
1063 865 1438 924 comparatum
1498 863 1601 910 est.
1659 855 1716 909 In
1772 857 2095 925 accipientis

514 945 659 996 etiim
697 944 881 998 animo
909 945 1188 1000 excultum
1243 946 1412 1000 arbor
1450 946 1528 1011 iit,
1586 947 2095 1017 cogitationemque

517 1034 890 1104 magnitudine
939 1035 1180 1104 undique
1241 1038 1521 1100 dilatatur,
1555 1046 1610 1092 et
1657 1053 1934 1093 ramorum
1973 1039 2095 1093 loco

517 1127 803 1196 praeceptis
871 1135 926 1182 et
987 1128 1258 1183 institutis
1304 1128 1655 1198 expanditur,
1707 1130 2096 1200 propositoque

516 1215 732 1282 pietatis
788 1215 894 1271 line
951 1217 1035 1272 sic
1084 1217 1306 1272 ellertur
1346 1221 1400 1272 in
1450 1220 1707 1282 sublime,
1758 1228 1817 1273 ut
1866 1222 2096 1276 excelsae

513 1305 680 1360 etiam
707 1307 942 1377 altasque
973 1316 1210 1374 mentes,
1251 1325 1371 1378 qua:
1405 1310 1660 1364 volucres
1715 1311 1842 1364 coeli
1888 1326 2094 1365 vocan-

515 1402 604 1449 tur
629 1396 684 1450 in
746 1397 1064 1468 Evangelia,
1113 1401 1217 1454 sub
1265 1401 1454 1455 talium
1500 1417 1781 1455 ramorum
1817 1406 2095 1474 magnitu-

515 1486 642 1539 dine
667 1497 868 1560 queant
898 1489 1058 1544 nidos
1097 1499 1421 1546 construere
1458 1493 1497 1546 ⁸.
1546 1491 1923 1557 Quaestionum
1947 1493 2092 1547 enim

514 1578 827 1646 explanatio
857 1588 942 1634 est
969 1581 1135 1634 animi
1173 1581 1395 1650 quidam
1435 1583 1600 1636 veluti
1653 1582 1834 1647 nidus,
1883 1584 1940 1638 in
1985 1599 2095 1652 quo

515 1683 674 1724 mens
698 1671 940 1725 instabili
971 1672 1345 1728 sollicitudine
1370 1675 1692 1743 sciendique
1724 1676 1929 1739 studio,
1973 1686 2095 1730 tan-

515 1775 680 1829 quam
728 1763 1016 1832 multiplici
1058 1766 1271 1820 volatus
1311 1781 1522 1830 errore,
1552 1767 1696 1821 fessa
1729 1769 2091 1837 conquiescit.

515 1851 764 1916 Quonam
801 1854 965 1924 igitur
995 1864 1156 1925 pacto
1200 1857 1292 1911 tali
1322 1865 1596 1928 tantaeque
1644 1875 1959 1914 sermonum
2000 1875 2092 1916 ar-

2200 679 2294 728 καὶ
2312 677 2775 750 εύπεριγρᾰπτοις
2803 680 2915 741 τοῖς
2939 679 3163 748 ῥήμασι,
3182 675 3352 729 ταῦτα
3362 673 3452 728 διὰ
3466 673 3564 743 τῆς
3578 672 3789 742 ὸψηλῆς

2200 767 2519 837 φιλοσοφίας
2569 771 2610 822 ὁ·
2634 767 2949 830 διδάσκαλος
2979 767 3140 839 ἡμῶν
3173 765 3436 834 αὐξήσας,
3467 761 3592 833 οὐχὶ
3618 762 3790 816 ἄστα-

2201 877 2317 929 χυν,
2353 859 2490 913 ἀλλὰ
2537 860 2752 931 δένδρον
2796 860 3018 930 ἐποίησε
3051 858 3190 912 κατὰ
3221 858 3314 910 τὸν
3347 854 3692 926 ὁμοιωθέντα
3724 856 3787 923 τῇ

2203 950 2447 1021 βασιλείᾳ
2474 949 2568 1004 τοῦ
2600 950 2874 1010 σινάπεως
2903 949 3124 1012 κόκκον,
3155 947 3248 1000 τὸν
3275 949 3333 1000 ὲν
3362 949 3427 1016 τῇ
3461 945 3666 1016 καρδιᾳ
3693 945 3788 996 τοῦ

2200 1039 2570 1108 γεωργοῦντος
2597 1038 2920 1110 ἁποδενδρού
2930 1055 3112 1109 μενον,
3135 1037 3276 1092 ὥστε
3298 1035 3555 1104 γενέσθαι
3580 1050 3790 1087 παντα-

2201 1131 2356 1202 χόθεν
2376 1131 2537 1182 αὑτὸν
2557 1130 2845 1201 ἀμφιλαφῆ
2873 1133 2986 1193 τοῖς
3010 1131 3267 1198 νοήμασι,
3286 1127 3378 1181 καὶ
3403 1126 3789 1196 διηπλωμένον

2200 1205 2321 1274 ἀντὶ
2366 1221 2577 1274 κλάδων
2606 1224 2719 1284 τοῖς
2752 1221 3004 1290 δόγμασι,
3038 1219 3131 1272 καὶ
3158 1217 3236 1287 τῷ
3279 1215 3467 1285 σκοπῷ
3497 1216 3600 1284 τῆς
3633 1215 3781 1266 εύσε-

2201 1312 2355 1375 δείας
2384 1313 2464 1375 είς
2501 1311 2633 1381 ὕψος
2666 1312 3098 1380 ἀνατεινόμενον,
3131 1309 3206 1373 ὠς
3231 1308 3326 1361 καὶ
3353 1308 3450 1369 τὰς
3477 1305 3696 1376 ὑψηλάς
3729 1322 3787 1357 τε

2201 1405 2294 1456 καὶ
2327 1403 2768 1474 μετεωροπόρους
2812 1401 3012 1470 ψυχὰς.
3051 1399 3116 1463 ἃς
3160 1397 3384 1452 πετεινά
3423 1396 3519 1450 τοῦ
3552 1394 3786 1467 ούρανοῦ

2181 1483 2262 1546 ’τὸ
2307 1493 2639 1561 Εύαγγέλιον
2687 1492 2962 1563 ὀνομάζει,
3011 1490 3272 1544 δύνασθαι
3317 1489 3395 1559 τῷ
3425 1487 3654 1560 μεγέθει
3683 1485 3786 1538 τῶν

2199 1586 2455 1640 τοιούτων
2509 1587 2718 1640 κλάδων
2765 1584 3120 1639 ὲννοσσεύειν.
3181 1582 3360 1636 Καλιά
3402 1581 3510 1652 γάρ
3551 1597 3641 1643 τις
3678 1575 3786 1634 οἷόν

2200 1678 2317 1730 ἐστι
2345 1676 2544 1746 ψυχῆς,
2573 1679 2606 1746 ἡ
2634 1677 2760 1745 περὶ
2785 1675 2845 1729 τὸ
2879 1675 3207 1745 ζητούμενον
3237 1672 3662 1742 συγκατάθεσις,
3689 1671 3784 1739 τὴν

2199 1773 2434 1826 ἄστατον
2482 1769 2574 1822 τοῦ
2627 1769 2719 1822 νοῦ
2771 1766 3340 1838 πολυπραγμοσύνην,
3376 1763 3634 1832 καθάπερ
3665 1763 3782 1815 τινα

2201 1863 2515 1932 πολυπλανῆ
2544 1863 2762 1932 πτῆσιν,
2795 1861 2878 1929 ἐφ’
2906 1861 3105 1928 ἑαυτῆς
3136 1856 3509 1912 ἀναπαύουσα.
3544 1853 3674 1915 Πῶς
3694 1848 3782 1904 οὖν

514 1942 634 1995 bori
672 1943 832 1998 liceat
869 1945 1120 2015 exiguam
1157 1958 1358 2002 nostrm
1387 1949 1740 2018 cogitationis
1789 1951 2091 2020 plantulam

2197 1953 2311 2007 ἔστι
2348 1953 2425 2024 τῷ
2457 1954 2683 2024 τοιούτῳ
2730 1952 2827 2006 καὶ
2853 1952 3158 2022 τηλικούτῳ
3185 1949 3387 2019 δένδρῳ
3427 1947 3538 2000 τῶν
3582 1945 3778 2012 λόγων,

514 2035 870 2102 comparare?
896 2035 979 2088 An
1009 2052 1138 2090 vero
1173 2054 1348 2107 neque
1381 2047 1436 2092 tu
1469 2039 1727 2108 imperas,
1771 2056 1946 2110 neque
1991 2057 2096 2096 nos

513 2140 755 2194 unquam
787 2142 1138 2192 conaremur,
1174 2131 1344 2200 patris
1375 2131 1736 2200 magistrique
1768 2134 1945 2187 nostri
1981 2142 2096 2188 stu-

511 2218 603 2270 dio
641 2219 880 2275 laborem
919 2229 1170 2276 nostrum
1210 2225 1531 2293 opponere?
1586 2223 1777 2294 Itaque
1822 2225 2094 2294 agricolas

512 2309 696 2378 potius
725 2310 1084 2376 imitabimur,
1114 2315 1208 2383 qui
1242 2316 1478 2369 mirabili
1517 2316 1753 2383 quadam
1790 2316 2006 2370 ratione
2023 2332 2091 2370 ex

515 2416 622 2455 una
653 2402 952 2474 eademque
979 2407 1166 2476 planta
1199 2408 1383 2464 varios
1412 2408 1627 2462 fructus
1657 2409 1966 2478 percipiunt
1991 2428 2006 2476 ;
2043 2411 2093 2464 id

514 2501 696 2548 autem
730 2504 1104 2566 assequuntur
1140 2497 1416 2552 inserendi
1449 2500 1702 2560 artificio,
1752 2503 1896 2569 quod
1949 2502 2095 2570 ejus-

514 2586 660 2640 modi
725 2595 855 2642 est:
916 2589 1176 2658 pusillum
1229 2590 1446 2655 aliquod
1505 2607 1570 2644 ex
1618 2593 1814 2645 arbore
1839 2595 2092 2662 quapiam

511 2689 755 2742 germen,
789 2692 894 2731 una
925 2694 1048 2732 cum
1078 2680 1284 2733 cortice
1325 2680 1443 2734 basi
1501 2681 1647 2735 illius
1700 2681 1949 2750 subjecto
1998 2683 2095 2736 de.

511 2773 781 2835 cerptum,
827 2767 880 2821 in
904 2768 1136 2823 alterius
1167 2769 1383 2824 arboris
1416 2770 1646 2839 majoris
1695 2771 1879 2840 aliqua
1937 2780 2093 2840 parte

512 2857 593 2911 sic
627 2858 825 2920 incisa,
860 2867 918 2911 ttt
943 2859 992 2914 ei
1041 2868 1232 2914 cortex
1263 2860 1516 2930 quadret,
1553 2862 1861 2926 includunt,
1904 2871 1963 2916 ut
1994 2878 2092 2916 na-

514 2949 675 3001 turali
706 2949 933 3018 majoris
965 2951 1181 3005 arboris
1223 2951 1451 3005 humore
1475 2967 1696 3021 germen
1732 2954 1861 3007 illud
1885 2955 2092 3008 enutri-

515 3047 627 3091 tum
655 3039 930 3093 coalescat
962 3055 1260 3110 ramusque
1296 3042 1406 3096 ﬁat.
1439 3042 1609 3097 Meam
1641 3044 1826 3099 itidem
1857 3061 1957 3114 ego
1997 3061 2093 3100 co-

512 3128 852 3197 gitationem,
883 3131 1040 3200 quasi
1067 3147 1287 3201 germen
1339 3141 1432 3185 aut
1482 3134 1766 3187 surculum
1810 3137 2090 3205 exiguum,

515 3236 723 3290 magna:
758 3223 964 3286 arbori,
999 3239 1196 3292 nempe
1221 3228 1574 3293 praeceptoris
1602 3225 1776 3279 nostri
1811 3227 2090 3296 sapientia:

514 3312 772 3381 inseram,
802 3315 1200 3385 occasioneque
1229 3316 1359 3368 mihi
1396 3317 1521 3370 inde
1573 3316 1936 3386 suppeditata,
1972 3326 2094 3371 tan-

513 3420 676 3472 quam
704 3406 932 3463 bumore
964 3409 1202 3478 quodam
1232 3407 1516 3477 irrigatus,
1546 3423 1646 3476 pro
1665 3409 1875 3464 viribus
1903 3424 2092 3466 ramus

513 3497 634 3566 ejus
685 3497 914 3553 cfliciar.
961 3500 1213 3553 Arbitror
1245 3498 1390 3553 enim
1447 3499 1714 3568 quosdam
1762 3500 1906 3556 haud
1949 3511 2094 3556 recte

515 3589 826 3658 percepisse
863 3589 994 3659 quid
1033 3589 1120 3644 ille
1155 3588 1259 3644 sibi
1307 3589 1362 3644 in
1410 3588 1478 3642 iis
1504 3605 1626 3659 qua:
1659 3591 1712 3644 in
1750 3606 1844 3645 scx
1877 3592 2090 3645 dierum

513 3677 789 3747 opiﬁcium
829 3681 1178 3749 conscripsit,
1213 3682 1557 3750 proliosuerit
1579 3700 1591 3734 :
1616 3681 1846 3750 ideoque
1879 3683 2093 3736 calum-

514 3769 675 3836 niari,
714 3769 861 3840 quod
901 3771 1142 3826 dilucide
1183 3788 1289 3825 non
1322 3773 1612 3842 explicarit
1638 3788 1701 3827 ea
1736 3789 1859 3842 qua:
1895 3772 1962 3826 ad
2004 3788 2094 3827 so-

512 3860 614 3915 lem
643 3863 946 3930 pertinent,
999 3865 1280 3933 quomodo
1326 3874 1451 3934 post
1488 3872 1600 3919 tres
1641 3863 1777 3928 dies,
1825 3880 1934 3918 non
1965 3879 2090 3918 cum

512 3954 742 4023 reliquis
767 3955 940 4009 stellis
974 3954 1232 4008 conditus
1267 3953 1467 4021 fuerit;
1499 3955 1656 4023 quasi
1691 3954 1804 4008 ﬁeri
1835 3962 2089 4024 nequeat,

513 4052 573 4098 ut
603 4059 761 4098 mane
799 4052 852 4098 et
891 4059 1114 4113 vespera
1143 4044 1399 4098 diurnum
1435 4045 1674 4113 spatium
1695 4046 2089 4107 constituatur,

515 4135 622 4189 nisi
651 4136 877 4189 omnino
928 4137 1008 4190 sol
1049 4143 1104 4192 et
1141 4135 1398 4192 occidens
1435 4150 1740 4206 vesperam,
1803 4143 1855 4190 et
1908 4136 2092 4192 oriens

516 4238 676 4278 mane
711 4223 990 4279 conﬁciat.

585 4398 822 4456 Duorum
856 4415 1074 4471 quoque
1101 4399 1367 4456 cmlorum
1393 4401 1829 4471 procreationem
1863 4416 1970 4456 non
2000 4416 2093 4456 ca-

512 4494 743 4559 pientes,
779 4509 902 4549 cum
926 4494 992 4549 de
1025 4494 1188 4549 tertio
1217 4494 1358 4549 coelo
1385 4494 1714 4548 mentionem
1751 4493 1914 4548 faciat
1949 4494 2092 4564 Apo-

2194 2044 2581 2114 ἀντιφυτεῦσαι
2612 2046 2710 2116 τὴν
2741 2046 3005 2117 βραχεῖαν
3046 2043 3147 2112 τῆς
3193 2041 3432 2103 διανοίας
3461 2038 3623 2109 ἡμῶν
3652 2039 3778 2091 ὑποο

2197 2139 2404 2202 σπᾶδας
2458 2140 2528 2191 "ll
2559 2138 2718 2191 τοῦτο
2751 2138 2849 2208 μὲν
2891 2136 3014 2190 οὔτε
3043 2137 3106 2189 σὺ
3133 2134 3397 2196 κελεύεις,
3437 2131 3551 2185 οὒτ’
3580 2131 3649 2185 ἂν
3675 2129 3780 2197 ἐγὼ

2193 2231 2456 2300 δεξαίμην
2488 2230 2637 2292 ποτὲ,
2670 2230 2732 2283 τὸ
2773 2231 2830 2294 ἐξ
2873 2227 3116 2281 ἐναντίου
3144 2229 3210 2296 τῇ
3241 2225 3335 2278 τοῦ
3385 2223 3598 2293 πατρὸς
3625 2220 3780 2290 ἡμῶν

2194 2321 2288 2373 καὶ
2326 2319 2648 2375 διδασκάλου
2693 2319 2981 2388 φιλοπονίᾳ
3014 2317 3104 2370 τὸν
3133 2315 3402 2386 ἡμέτερον
3431 2312 3780 2380 ἀντιτεθῆναι

2195 2413 2389 2476 πόνον;
2451 2412 2590 2464 Ἀλλ’
2639 2412 2829 2482 ὥσπερ
2881 2413 2932 2464 οἱ
2973 2409 3210 2480 γεωργοὶ
3257 2403 3779 2475 θαυματοποιοῦσιν,

2194 2502 2422 2573 καρπῶν
2451 2503 2712 2572 διαφοράν
2745 2504 2802 2554 ἐν
2831 2501 2911 2553 ἑνὶ
2937 2499 3088 2569 φυτῷ
3124 2494 3493 2566 σοφιζόμενοι·
3517 2495 3547 2545 ό
3578 2493 3637 2544 δὲ
3663 2491 3781 2562 τρό-

2194 2611 2293 2657 πος
2319 2593 2416 2660 τῆς
2446 2593 2781 2662 φυτοκομίας
2805 2587 2957 2654 οὗτός
2992 2593 3173 2642 ἐστιν’
3193 2585 3374 2659 Βραχύ
3403 2602 3455 2636 τι
3490 2583 3694 2650 φύλλον
3727 2581 3780 2646 ἐξ

2193 2685 2380 2754 ἑτέρου
2400 2684 2616 2755 δένδρου
2647 2683 2784 2754 μετά
2805 2681 2896 2735 τοῦ
2925 2679 3285 2749 ὑποκειμένου
3311 2678 3378 2746 τῇ
3413 2676 3571 2746 βάσει
3597 2671 3778 2742 φλοιοῦ

2192 2777 2589 2847 ἀποσύραντες,
2623 2775 2769 2845 ἄλλῳ
2805 2774 2956 2845 φυτῷ
2989 2773 3216 2843 μείζονι,
3251 2770 3394 2823 κατά
3422 2785 3476 2821 τι
3506 2767 3676 2837 μέρος
3704 2765 3778 2828 ἓν,

2191 2868 2365 2938 τομῆς
2405 2868 2496 2920 τὸν
2533 2867 2714 2935 φλοιὸν
2758 2866 3171 2937 ὲναρμόςουσιν,
3211 2862 3300 2914 ἵνα
3337 2863 3402 2930 τῇ
3445 2860 3654 2928 φυσικῇ
3690 2855 3780 2909 τοῦ

2195 2959 2442 3029 μείζονος
2485 2958 2671 3028 ἰκμάδι
2739 2957 2799 3009 τὸ
2833 2955 3046 3009 ὲντεθὲν
3081 2955 3256 3006 ἐκεῖνο
3293 2951 3668 3019 πιαινόμενον,
3707 2948 3782 3008 είς

2193 3051 2384 3106 κλάδον
2415 3049 2744 3118 ἀναφύηται.
2792 3046 2950 3100 Οὖτω
2997 3046 3092 3098 καὶ
3141 3043 3305 3106 αὐτὸς
3347 3041 3446 3112 τὴν
3493 3039 3636 3109 ἐμὴν
3670 3039 3781 3092 διά-

2192 3160 2361 3206 νοιαν,
2383 3135 2493 3194 οἷόν
2515 3157 2638 3192 τινα
2667 3137 2870 3208 βραχὺν
2901 3136 3097 3206 μόσχον
3117 3137 3182 3206 τῇ
3213 3133 3399 3203 ἰκμάδι
3420 3131 3513 3185 τοῦ
3541 3131 3780 3201 μεγάλου

2191 3233 2409 3303 δένδρου
2435 3234 2500 3301 τῇ
2533 3229 2626 3283 τοῦ
2654 3227 2976 3281 διδασκάλου
3007 3223 3163 3295 ἡμῶν
3193 3223 3354 3293 σοφίᾳ
3383 3219 3620 3291 ὲνείρας,
3653 3218 3783 3272 κλά-

2195 3323 2284 3384 δος
2329 3321 2537 3373 ἐκείνου
2584 3316 2837 3387 γενέσθαι
2890 3313 3257 3385 πειράσομαι,
3310 3309 3660 3381 ἐμφυόμενος
3711 3307 3783 3369 ὡς

2197 3414 2311 3466 ἔστι
2343 3429 2430 3482 μοι
2471 3410 2694 3464 δυνατὸν
2743 3410 2854 3470 τοῖς
2888 3407 3143 3476 νοήμασι,
3184 3402 3279 3456 καὶ
3320 3403 3385 3471 τῇ
3417 3399 3655 3469 χορηγίᾳ.
3684 3397 3784 3466 τῆς

2197 3500 2405 3556 ἐκεῖθεν
2464 3497 2808 3568 ἐνδιδομένης
2879 3497 3012 3566 ἡμῖν
3077 3490 3334 3560 ἀφορμῆς
3389 3487 3781 3557 ὲπαρδόμενος.

2197 3589 2362 3664 υίμαι
2387 3592 2495 3662 γὰρ
2529 3590 2638 3658 ἐγὼ
2671 3588 2743 3660 μὴ
2790 3587 2972 3649 καλῶς
3011 3601 3164 3646 τινας
3202 3583 3292 3635 τὸν
3323 3581 3522 3634 σκοπὸν
3554 3579 3668 3631 τῶν
3707 3581 3783 3664 εἰς

2195 3686 2292 3755 τὴν
2328 3685 2663 3754 Ἐξαήμερον
2696 3679 2844 3750 αὐτῷ
2874 3675 3265 3746 πεπονημένων
3291 3671 3686 3742 ἐπεγνωκέναι,
3723 3663 3781 3722 οὗ

2195 3778 2355 3848 χάριν
2387 3775 2664 3830 αἰτιῶνται
2698 3773 2760 3826 τὺ
2793 3773 2931 3842 μήτε
2968 3765 3214 3842 περὶτοῦ
3251 3766 3402 3836 ἡλίου
3433 3763 3579 3832 σαφῆ
3603 3779 3784 3832 παρα-

2193 3867 2437 3923 δεδόσθαι
2468 3868 2563 3937 τὴν
2587 3865 2789 3934 γνῶσιν
2824 3864 3028 3924 αὐτοῖς,
3066 3859 3185 3922 πῶς
3217 3857 3354 3928 μετὰ
3383 3857 3532 3927 τρεῖς
3561 3853 3783 3925 ἡμέρας

2194 3963 2222 4013 ό
2249 3959 2505 4028 φωστὴρ,
2553 3956 2663 4010 οὔτ’
2699 3956 2762 4008 ἂν
2795 3954 2934 4025 μετὰ
2975 3952 3084 4005 τῶν
3124 3951 3299 4004 ἄλλων
3329 3947 3578 4017 ἀστέρων
3607 3963 3781 3999 κατα-

2199 4044 2556 4106 σκευάζεται,
2601 4043 2676 4106 ὡς
2719 4041 2986 4095 ἀδύνατον
3011 4039 3069 4092 ὃν
3100 4039 3281 4110 ὄρθρῳ
3310 4037 3405 4090 καὶ
3440 4035 3649 4105 ἑσπέρα
3679 4037 3784 4089 διο-

2200 4135 2447 4204 ρισθῆναι
2477 4135 2539 4187 re
2568 4134 2869 4204 ἡμερήσιον
2906 4133 3121 4203 μέτρον,
3157 4130 3204 4181 εί
3235 4127 3308 4199 μὴ
3340 4125 3552 4189 πάντως
3579 4128 3608 4177 ὁ
3628 4125 3783 4194 ἥλιος

2197 4225 2435 4292 ἑσπέραν
2479 4224 2576 4294 μὲν
2623 4224 2902 4294 δυόμενος,
2943 4221 3138 4293 δρθρον
3183 4219 3243 4272 δὲ
3284 4217 3588 4272 ἀνατέλλων
3625 4219 3785 4290 ποιή-

2199 4332 2361 4368 σειεν,

2277 4403 2552 4466 Ὡσαύτως
2591 4403 2646 4455 δὲ
2683 4403 2776 4455 καὶ
2809 4401 2906 4470 τὴν
2946 4399 3055 4454 τῶν
3093 4400 3186 4454 δύο
3225 4397 3472 4470 οὐρανῶν
3503 4397 3786 4469 δημιουρ-

2195 4496 2321 4566 γίαν
2353 4495 2414 4548 οὐ
2462 4494 2856 4565 παραδέχονται
2903 4492 3172 4559 λέγοντες,
3230 4493 3279 4543 εἰ
3328 4489 3422 4543 καὶ
3464 4487 3649 4558 τρίτου
3686 4489 3784 4558 μέ-

513 4578 688 4632 stolus
711 4582 752 4642 ³,
783 4580 1178 4634 dubitationem
1211 4581 1265 4633 in
1293 4581 1393 4634 hac
1423 4588 1578 4650 parte
1609 4597 1827 4637 manere
1857 4592 2089 4637 conten-

2200 4603 2399 4658 μνηται
2443 4585 2676 4657 ούρανοῦ
2723 4587 2751 4637 ὁ
2790 4581 3113 4645 Ἀπόστολος
3140 4625 3152 4646 ,
3197 4580 3348 4633 οὐδὲν
3392 4573 3554 4650 ἦττον
3599 4577 3784 4647 μένειν

513 4670 668 4723 dunt.
704 4670 948 4735 Etenim,
992 4687 1114 4725 cum
1152 4673 1204 4725 in
1253 4672 1523 4742 principio
1577 4671 1776 4727 factum
1813 4676 1884 4729 sit
1921 4692 2087 4729 unum

514 4763 711 4816 caalum
734 4763 774 4826 ⁸,
811 4769 994 4832 postea
1035 4779 1162 4818 vero
1198 4763 1686 4831 ﬁrmamentum‘;
1717 4781 1816 4820 nec
1866 4767 1942 4819 illi
1990 4784 2091 4821 nu-

515 4869 664 4909 mero
694 4855 958 4910 caelorum
999 4855 1144 4910 aliud
1187 4857 1486 4926 ascriptum
1525 4858 1595 4912 sit
1631 4859 1850 4912 tertium
1891 4861 2089 4913 coelum

515 4957 711 5017 praeter
747 4949 846 5004 hos
877 4949 1044 5017 duos,
1087 4959 1286 5020 negant
1329 4968 1491 5021 posse
1523 4952 1928 5015 demonstrari,
1965 4966 2090 5005 cum

515 5055 690 5108 neque
719 5048 841 5109 post
877 5043 1278 5096 lirmamentum
1312 5043 1460 5097 aliud
1486 5043 1733 5097 eilectum
1766 5043 1838 5098 sit
1868 5043 2090 5105 cmlum,

514 5148 613 5186 uec
643 5133 897 5202 principii
927 5135 1066 5188 ratio
1097 5135 1367 5204 patiatur,
1401 5143 1458 5188 ut
1487 5135 1784 5205 quidquam
1816 5134 2094 5202 antiquius

513 5223 839 5291 cogitemus.
873 5220 1008 5274 Nam
1043 5223 1088 5278 si
1119 5223 1174 5276 in
1215 5223 1485 5292 principio
1516 5224 1720 5277 factum
1757 5230 1841 5277 est
1869 5224 2089 5287 coelum,

517 5315 639 5369 inde
671 5316 930 5369 nimirum
972 5331 1061 5371 res
1097 5327 1397 5385 procreata
1432 5326 1786 5386 sumpserunt
1821 5315 2039 5368 initium
2076 5333 2088 5369 :

519 5406 757 5475 alioquin
792 5415 942 5462 recte
973 5408 1305 5478 principium
1348 5423 1456 5462 non
1491 5407 1682 5463 fuisset
1717 5409 2047 5478 appellatum
2073 5447 2089 5470 ,

520 5493 562 5545 si
591 5496 913 5563 principium
940 5497 1111 5566 ipsius
1143 5499 1372 5552 alterum
1397 5498 1698 5554 exstitisset
1724 5517 1736 5553 :
1771 5498 1914 5567 quod
1945 5500 2090 5553 enim

521 5580 709 5636 ordine
741 5585 1038 5638 secundum
1064 5596 1181 5648 est,
1213 5587 1543 5656 principium
1577 5601 1679 5641 nec
1717 5594 1836 5650 est,
1871 5603 1970 5641 nec
2004 5587 2090 5640 di-

523 5670 683 5724 citur.
710 5672 960 5728 Attamen
991 5674 1192 5732 Paulus
1213 5679 1434 5733 tertium
1458 5679 1657 5733 cmlum
1680 5687 2091 5746 commemorat,

595 5851 617 5884 ‘
646 5850 831 5908 Matth.
875 5870 992 5920 xm,
1034 5855 1121 5921 3i,
1164 5857 1252 5913 52.
1329 5860 1350 5890 ’
1383 5855 1423 5911 ll
1449 5859 1576 5916 Cor.
1609 5875 1706 5925 xu,
1747 5857 1797 5911 2.
1879 5859 1899 5889 ³
1931 5857 2064 5915 Gen.
2106 5874 2144 5923 ι,
2191 5861 2238 5912 l-.

2193 4678 2252 4728 ἐν
2279 4675 2357 4746 τῷ
2393 4675 2549 4747 μέρει
2573 4674 2747 4744 τούτῳ
2773 4674 2833 4726 τὸ
2860 4673 3064 4743 ἄπορον
3089 4689 3102 4702 ·
3136 4671 3270 4724 διότι
3295 4672 3354 4721 ὲν
3380 4672 3521 4740 ἀρχῇ
3553 4670 3784 4736 γεγονό-

2189 4787 2281 4832 τος
2310 4769 2430 4832 ὲνὸς
2463 4766 2718 4838 ούρανοῦ,
2771 4766 2909 4838 μετὰ
2937 4765 3111 4818 ταῦτα
3157 4764 3215 4816 δὲ
3245 4761 3348 4815 τοῦ
3384 4761 3783 4832 στερεώματος,

2191 4861 2350 4915 ἄλλου
2384 4859 2440 4911 δὲ
2470 4858 2722 4930 οὐρανοῦ,
2766 4858 2912 4910 τοῦτ’
2961 4856 3075 4908 ἔστι
3103 4855 3362 4925 δευτέρας
3393 4853 3785 4924 δημιουργίας,

2195 4949 2270 5020 μὴ
2306 4949 2760 5020 προσγραφείσης
2784 4948 2860 5018 τῷ
2892 4949 3123 5017 Μωῦσῇ,
3158 4944 3545 4998 ἀναπόδεικτόν
3577 4945 3697 4996 ἐστι
3729 4945 3787 4996 τὸ

2192 5039 2287 5093 κει)⁸
2331 5040 2511 5109 τρίτον
2553 5039 2782 5109 οὐρανὸν
2834 5038 2924 5090 ἐπὶ
2967 5039 3080 5098 τοῖς
3124 5034 3217 5086 δύο
3260 5033 3470 5094 τούτοις
3510 5034 3672 5093 νοεῖν,
3709 5032 3787 5100 τῷ

2197 5132 2332 5202 μήτε
2369 5130 2505 5200 μετὰ
2533 5129 2594 5182 τὸ
2633 5131 2919 5199 στερέωμα
2949 5125 3279 5197 γεγενῆσθαι
3311 5124 3488 5187 ἄλλον,
3521 5124 3660 5193 μήτε
3697 5125 3787 5176 τὸν

2191 5223 2290 5291 τῆς
2320 5222 2493 5292 ἀρχῆς
2527 5222 2682 5289 λόγον
2727 5222 3030 5290 συγχωρεῖν
3083 5219 3428 5286 προεπινοεῖν
3460 5232 3512 5267 τι
3544 5214 3789 5284 πρεσϐύ-

2191 5329 2369 5384 τερον.
2428 5312 2489 5364 El
2520 5311 2627 5384 γάρ
2667 5314 2722 5364 ὲν
2753 5313 2896 5382 ἀρχῇ
2927 5309 3149 5378 γέγονεν
3185 5307 3412 5380 οὐρανὸς
3435 5348 3450 5371 ,
3499 5305 3659 5375 δῆλον
3709 5306 3790 5358 ὅτι

2193 5405 2301 5458 ἀπὸ
2329 5404 2447 5456 τότε
2477 5405 2509 5474 ἠ
2540 5404 2718 5466 κτίσις
2743 5404 2946 5475 ἤρξατο
2969 5419 2984 5433 ο
3037 5404 3098 5455 οὐ
3133 5401 3244 5472 γὰρ
3270 5400 3337 5454 ἂν
3369 5397 3510 5470 ἀρχὴ
3539 5414 3787 5450 κατωνο-

2205 5494 2382 5568 μάσθη
2414 5495 2518 5547 ὑπὸ
2543 5494 2635 5548 τοῦ
2670 5494 2850 5562 λόγου,
2901 5495 2950 5546 εί
2980 5493 3144 5563 ἄλλην
3181 5487 3323 5561 εἶχεν
3365 5487 3536 5559 ἀρχὴν
3581 5489 3789 5558 ἑαυτῆς

2199 5586 2601 5657 ὑπερκειμένην
2626 5603 2640 5616 ο
2698 5585 2759 5638 τὸ
2796 5587 2905 5656 γὰρ
2945 5583 3260 5655 δευτερεῦον
3310 5580 3450 5634 κατὰ
3495 5578 3593 5649 τὴν
3633 5579 3790 5645 τάξιν

2203 5680 2314 5734 οὔτ’
2349 5678 2496 5732 ἔστιν
2521 5677 2684 5748 ἁρχὴ,
2718 5677 2839 5732 οὗτε
2867 5678 3100 5747 λέγεται.
3146 5673 3306 5729 Ἀλλὰ
3343 5674 3448 5746 μὴν
3481 5671 3579 5725 καὶ
3599 5672 3790 5744 τρίτου

2319 5861 2338 5889 ⁵
2376 5858 2506 5914 ibid.
2545 5857 2599 5924 6,-
2644 5857 2694 5911 7.
