3880 6380
170 261 240 320 65
1417 268 1482 324 1N
1524 266 1998 326 HEXAEMEROR
2030 270 2263 326 Lililt'rﬂ.
3375 273 3449 336 66

188 373 403 447 σύρινοῦ
439 375 693 449 μνήμην
745 377 1035 450 πεποίηται
1081 378 1110 432 ό
1160 376 1396 447 Παῦλος,
1444 380 1504 435 δν
1548 383 1583 454 ἡ
1628 382 1787 454 δημι-

1888 384 2034 455 quod
2078 360 2267 439 mundi
2297 381 2504 438 fabrica
2536 396 2648 438 non
2682 380 2881 448 habet,
2915 383 3370 455 quemadmodum
3401 401 3460 442 ιιι

196 468 380 540 ουργία
423 468 535 522 οὐκ
566 467 712 538 ἔχει.
756 470 899 540 ’Ἄρα
928 469 1021 521 καὶ
1048 469 1281 523 ἐνταῦθα
1330 471 1364 542 ή
1405 471 1499 525 τοῦ
1530 471 1782 545 δευτέρου

205 558 382 630 μνήμη
416 556 533 609 τῶν
578 556 936 627 ζητουμένων
976 555 1139 610 ἐστίν.
1169 558 1232 611 Ol.
1272 558 1445 611 ταῦτα
1482 558 1662 611 τοίνυν
1691 559 1784 613 καὶ

202 648 268 702 τὰ
291 646 523 703 τοιαῦτα
549 649 937 719 προφέροντες.
960 646 1021 700 οὔ
1054 665 1145 717 μοι
1173 649 1417 704 δοκοῦσιν
1450 651 1783 722 ἐπεσκέφθαι

102 801 110 813 ⁸
204 740 289 795 τὸν
321 741 530 794 σκοπὸν
575 741 679 811 τῆς
722 742 819 794 τοῦ
866 742 1069 812 πατρὸς
1111 743 1143 813 ἡ
1155 739 1270 812 μῶν
1306 741 1683 808 διδασκαλίας,
1725 743 1785 807 ὃς

197 837 358 904 δήμῳ
409 834 655 904 τοσούτῳ
703 832 1082 903 διαλεγόμενος
1133 835 1191 886 ὲν
1242 833 1508 906 ἐκκλησίᾳ
1553 835 1785 889 πολυαν-

189 924 406 996 δρούσῃ
430 965 445 987 ,
502 923 837 994 κατάλληλον
881 923 1185 994 ἐξάνάγκης
1229 926 1460 977 ἐποιεῖτο
1496 927 1607 989 τοῖς
1635 925 1785 995 δεχο-

194 1017 391 1086 μένοις
425 1015 519 1068 τὸν
567 1015 743 1082 λόγον.
785 1015 871 1068 Ἐν
911 1014 1018 1086 γάρ
1048 1014 1323 1079 τοσούτοις
1361 1017 1473 1079 τοῖς
1501 1015 1779 1081 ἀκούουσι,

190 1106 393 1159 πολλοὶ
429 1106 529 1177 μὲν
556 1101 693 1175 ἦσαν
712 1098 827 1159 ’καὶ
878 1106 925 1158 οἱ
974 1105 1082 1160 τῶν
1129 1105 1471 1177 ὑψηλοτέρων
1505 1107 1784 1171 ὲπᾱόντες

176 1195 381 1264 λόγων
405 1212 420 1224 ⁶
471 1195 897 1259 πολλαπλασίους
936 1196 993 1250 δὲ
1034 1196 1084 1250 οἱ
1119 1196 1218 1266 τῆς
1243 1196 1573 1268 λεπτοτέρας
1601 1197 1785 1261 ἐξετά-

187 1306 347 1352 σεως
369 1287 486 1341 τῶν
509 1289 794 1359 νοημάτων
807 1288 913 1341 ὀὐκ
937 1288 1155 1356 ὲφικνού
1163 1306 1334 1360 μενοι,
1360 1289 1548 1361 ἄνδρες
1582 1290 1781 1344 ἰδιῶται

168 1382 297 1433 καὶ
341 1381 607 1451 βάναυσοι
636 1382 755 1443 ταῖς
793 1379 1115 1450 ἐπιδιφρίοις
1156 1381 1438 1454 ἐργασίαις
1483 1399 1784 1452 προσασχο-

162 1471 483 1541 ιλούμενοι,
514 1471 607 1524 καὶ
631 1472 660 1523 ὁ
702 1472 760 1523 ὲν
784 1470 994 1539 γυναιξὶ
1020 1470 1147 1534 λαὸς
1178 1471 1287 1523 τῶν
1316 1470 1568 1525 τοιούτων
1605 1473 1781 1544 μαθη-

181 1564 395 1632 μάτων
429 1555 791 1631 ἀγύμναστος,
816 1560 966 1631 καὶὴ
992 1560 1206 1614 νεολαία
1226 1561 1332 1614 τῶν
1360 1562 1586 1628 παίδων,
1611 1564 1704 1616 καὶ
1731 1563 1781 1616 οἱ

164 1652 663 1724 νπαρηλικέστεροι
696 1650 838 1705 κατά
882 1650 971 1704 τὸν
1017 1653 1227 1723 χρόνον,
1268 1653 1468 1717 πάντες
1500 1646 1644 1708 οὗτοι
1673 1655 1781 1709 τῶν

170 1742 467 1795 τοιούτων
518 1741 724 1794 ἐδέοντο
770 1741 962 1810 λόγων,
1009 1742 1118 1794 τῶν
1155 1743 1293 1813 μετά
1327 1761 1470 1808 τινος
1510 1746 1777 1817 εύλήπτου

170 1832 564 1903 ψυχαγωγίας
590 1831 678 1885 διὰ
704 1832 805 1903 τῆς
833 1832 1161 1904 φαινομένης
1185 1834 1432 1901 κτίσεως,
1465 1837 1558 1890 καὶ
1590 1838 1697 1891 τῶν
1717 1841 1781 1893 ὲν

174 1924 379 1997 ταῦτῃ
425 1923 605 1977 καλῶν
650 1922 786 1993 πρὸς
832 1922 1054 1997 τὴντοῦ
1099 1926 1460 1995 πεποιηκότος
1498 1910 1565 1980 τά
1607 1928 1780 1981 πάντα

180 1996 413 2085 γνῶσιν
442 1996 953 2084 χειραγωγούντων.⁹
976 2014 1137 2066 Ὥστε
1170 2017 1218 2068 εἰ
1249 2011 1345 2086 μὲν
1376 2017 1510 2087 πρὸς
1538 2018 1629 2071 τὸν
1660 2037 1782 2072 σκο-

182 2106 301 2160 πὸν
326 2105 437 2176 τῆς
470 2104 564 2157 τοῦ
598 2104 833 2175 μεγάλου
857 2103 1172 2158 διδασκάλου
1192 2108 1372 2176 ’κρίνει
1408 2127 1492 2172 τ-ις
1523 2110 1590 2162 τά
1631 2109 1782 2178 λεγό-

184 2213 366 2267 μενα,
415 2194 589 2247 λείπει
619 2197 730 2258 τοῖς
760 2195 1067 2266 εἰρημένοις
1112 2196 1284 2250 οὐδέν.
1329 2198 1403 2251 Ού
1443 2199 1552 2271 γὰρ
1582 2202 1783 2268 ἀγωνι-

184 2282 541 2357 πικὶἷιτερον
578 2286 901 2355 ἑνεστήσατο
948 2287 1102 2356 λόγον
1135 2287 1270 2358 πρδς
1308 2292 1428 2353 ταῖς
1473 2291 1581 2344 τῶν
1620 2292 1785 2362 ζητη-

188 2379 399 2448 μάτων
457 2377 735 2440 ἐνστάσεις
779 2376 1029 2448 ἐκθύμως
1058 2378 1499 2450 διαπλεκόμενος,
1526 2382 1662 2439 ἀλλά
1684 2387 1783 2455 τῆς

174 2470 583 2540 ’ἁπλουστέρας
611 2469 717 2523 τῶν
756 2471 1015 2541 ῥημάτων
1043 2472 1352 2544 ἐξηγήσεως
1379 2474 1499 2538 ὅλος
1529 2471 1617 2546 ἧν,
1643 2476 1784 2530 ὥστε

187 2561 520 2633 πρόσφορον
551 2562 618 2630 τῇ
651 2559 909 2628 ἁπλότητι
952 2559 1059 2614 τῶν
1104 2562 1408 2615 ἀκουόντων
1439 2563 1784 2633 παραθέσθαι

190 2653 290 2706 τῖιν
313 2653 501 2721 λόγον,
531 2651 671 2723 μετά
696 2651 789 2704 τοῦ
813 2653 904 2705 καὶ
926 2655 1039 2715 τοῖς
1060 2653 1166 2706 τῶν
1201 2655 1458 2723 μειζόνων
1490 2658 1784 2728 ἀκροαταῖς

186 2743 621 2796 συναναϐαίνειν
655 2759 770 2804 πως
815 2742 977 2795 αὑτοῦ
1009 2743 1108 2814 τὴν
1149 2743 1429 2815 ἐξήγησιν,
1457 2746 1526 2799 τά
1564 2746 1785 2801 ποικίλα

197 2832 514 2901 μαθήματα
577 2831 676 2900 τῆς
734 2830 839 2896 ἔξω
902 2831 1218 2901 φιλοσοφίας
1265 2834 1781 2905 παραδεικνύουσαν.

192 2923 369 2977 Ὥστε
402 2921 559 2993 παρά
595 2922 692 2991 μὲν
724 2922 831 2974 τῶν
860 2922 1068 2976 πολλῶν
1094 2923 1348 2991 νοεῖσθαι,
1395 2926 1546 2996 παρά
1577 2926 1634 2979 δὲ
1678 2926 1784 2981 τῶν

196 3015 584 3085 ὑπερεχόντων
619 3012 1010 3084 θαυμάζεσθαι.
1066 3014 1127 3066 El
1157 3014 1211 3066 δὲ
1250 3015 1313 3068 σὺ
1337 3055 1352 3079 ,
1395 3015 1644 3086 καθάπερ
1689 3016 1785 3069 ἐπὶ

1886 473 1974 528 hic
2003 475 2231 530 secundi
2262 475 2466 531 mentio
2493 474 2776 545 quaeritur.
2806 472 2909 541 Qui
2940 474 3055 530 haec
3085 483 3141 531 et
3173 475 3278 532 alia
3307 477 3444 546 ejus-

1885 567 2030 621 modi
2067 561 2398 637 loqu'untur,
2428 568 2484 622 hi
2513 567 2647 622 mihi
2677 581 2788 622 non
2820 566 3078 622 videntur
3111 570 3453 639 propositum

1884 656 2056 724 patris
2097 656 2272 711 nostri
2319 656 2583 711 doctrinae
2625 656 2788 712 ﬂnem
2826 655 3062 724 intueri,
3100 659 3195 728 qui
3240 661 3294 713 in
3340 676 3450 715 am-

1874 747 2131 817 plissima
2177 748 2413 804 ecclesia
2466 749 2729 820 papulum
2770 747 3276 820 frequentissimum
3321 754 3439 809 allo

1884 853 2079 908 quens,
2107 854 2216 910 .pro
2242 841 2582 896 audientium
2609 840 2970 911 intelligentia
2997 856 3307 900 sermonem
3339 861 3440 899 mo

1883 935 2197 989 derabatur.
2232 931 2294 988 In
2321 940 2473 988 tanta
2509 934 2658 988 enim
2687 931 3039 989 multitudine
3061 970 3078 997 ,
3113 933 3242 988 licet
3269 947 3450 991 essent

1873 1024 2135 1081 nonnulli
2179 1025 2273 1096 qui
2323 1025 2548 1080 altiores
2592 1025 2756 1080 etiam
2804 1024 3208 1095 disputationes
3248 1025 3451 1081 intelli-

1883 1123 2099 1185 gerent.
2142 1114 2365 1185 plurimi
2412 1120 2597 1169 tamen
2636 1113 2901 1169 doctrina:
2936 1115 3295 1171 subtilitatem
3344 1132 3451 1171 non

1883 1205 2189 1275 capiebant,
2225 1211 2410 1273 utpote
2437 1203 2689 1259 homines
2714 1203 2972 1274 imperiti,
3007 1212 3173 1272 atque
3206 1205 3451 1276 opiﬁces,

1882 1301 1937 1348 et
1977 1294 2212 1363 negotiis
2250 1293 2449 1348 vilibus
2495 1291 2784 1362 occupati,
2817 1298 2873 1347 et
2911 1293 3170 1347 mulieres
3214 1293 3270 1346 in
3305 1293 3452 1362 ejus-

1882 1383 2032 1438 modi
2079 1383 2384 1453 disciplinis
2415 1383 2640 1437 minime
2673 1383 3021 1450 exercitatae;
3057 1390 3111 1439 et
3160 1391 3452 1452 puerorum

1883 1475 2064 1540 turba,
2093 1482 2358 1547 aclateque
2378 1473 2626 1543 provecti
2654 1487 2837 1537 senes,
2865 1473 2961 1543 qui
2982 1488 3176 1529 omnes
3205 1475 3453 1529 oratione

1883 1564 2027 1620 facili
2076 1566 2396 1620 instituendi
2442 1564 2836 1635 recreandique
2883 1571 3073 1631 erant,
3121 1571 3175 1618 et
3228 1580 3325 1634 per
3366 1580 3455 1619 res

1885 1668 2195 1726 procreatas
2228 1670 2350 1726 qua:
2391 1664 2713 1731 cernuntur,
2743 1668 3043 1724 earumque
3080 1654 3453 1724 pulchritudi-

1882 1764 2026 1813 nem,
2062 1749 2129 1801 ad
2153 1762 2334 1801 rerum
2360 1746 2603 1801 omnium
2629 1753 2908 1801 auctorem
2936 1754 3455 1816 procreatoremque

1881 1836 2233 1907 perducendi.
2272 1836 2452 1901 Quare
2493 1835 2541 1892 si
2573 1835 2700 1905 quis
2732 1849 2798 1889 ex
2835 1835 3188 1905 praeceptoris
3219 1837 3455 1891 consilio

1881 1925 2025 1984 dicta
2059 1929 2232 1998 ipsius
2261 1927 2602 1998 cxpenderit,
2624 1927 2764 1981 nihil
2786 1927 3148 1982 dubitationis
3179 1928 3455 1999 relinque—

1881 2032 1989 2076 tur.
2032 2019 2219 2089 Neque
2264 2021 2409 2075 enim
2445 2019 2737 2075 verborum
2783 2019 3166 2075 contentiones
3214 2033 3455 2088 aucupa-

1880 2112 2064 2175 batur,
2092 2126 2195 2166 nec
2224 2110 2385 2165 facile
2407 2126 2531 2166 sese
2556 2109 2954 2180 quaestionibus
2981 2109 3321 2179 implicabat,
3359 2113 3456 2164 sed
3560 2180 3569 2188 .

1881 2201 2116 2272 simplici
2155 2201 2444 2256 verborum
2478 2200 2821 2271 expositione
2861 2199 3200 2256 audientium
3245 2203 3456 2273 simpli-

1881 2292 2031 2345 citati
2063 2291 2143 2347 sic
2197 2291 2502 2347 orationem
2547 2306 2703 2346 suam
2747 2293 3229 2361 accommodabat,
3261 2303 3323 2349 ut
3354 2311 3449 2349 va-

1882 2379 2018 2432 riam
2066 2388 2247 2433 tamen
2285 2386 2530 2434 externae
2565 2380 2925 2449 philosophiae
2960 2381 3271 2437 doctrinam
3303 2384 3458 2440 redo-

1884 2468 2033 2532 lens,
2074 2467 2427 2536 peritioribus
2461 2468 2624 2521 etiam
2667 2469 3033 2525 satisfaceret.
3087 2470 3453 2536 Quamobrem

1882 2571 2000 2612 eam
2031 2555 2341 2626 etimperiti
2371 2556 2767 2627 intelligebant,
2794 2565 2847 2612 et
2874 2560 3071 2614 eruditi
3104 2561 3457 2618 admiraban-

1884 2656 1993 2700 tur.
2041 2647 2122 2699 Tu
2155 2658 2306 2710 vero,
2339 2647 2407 2711 si,
2438 2656 2495 2700 ut
2532 2648 2584 2701 in
2621 2657 2805 2704 monte
2845 2648 3056 2715 Sinai',
3088 2653 3282 2707 relicto
3311 2654 3455 2708 intra

1883 2734 2085 2804 populo
2132 2734 2295 2788 simul
2338 2749 2462 2787 cum
2500 2751 2698 2805 magno
2740 2737 2889 2792 Mose
2935 2740 3137 2808 quaeris
3182 2741 3235 2793 in
3271 2756 3454 2796 rerum.

1883 2839 2208 2878 arcanarum
2242 2826 2721 2894 contemplationis
2760 2829 3013 2883 nebulam
3055 2829 3287 2885 introire
3311 2873 3328 2898 ,
3361 2833 3455 2886 ubi

1884 2912 1996 2976 ille,
2032 2928 2157 2967 cum
2192 2922 2370 2979 esset,
2400 2915 2534 2969 vidit
2568 2932 2631 2971 ea
2667 2933 2787 2987 qua:
2829 2921 3010 2976 verbis
3055 2921 3317 2991 explicari
3345 2940 3456 2979 non

1884 3015 2148 3073 possunt,
2190 3009 2673 3078 necessariumque
2706 3011 2860 3079 cupis
2905 3027 3085 3066 rerum
3113 3015 3453 3069 conditarum

188 3105 295 3158 τοῦ
324 3105 549 3156 Σιναῖου
587 3102 746 3173 ὅρους
775 3101 1088 3156 καταλιπὼν
1130 3102 1281 3155 κάτω
1310 3102 1400 3155 τὸν
1433 3102 1599 3156 πολὺν
1634 3102 1780 3167 λαὸν,

1888 3098 2135 3152 ordinem
2170 3112 2525 3168 cognoscere,
2557 3102 2850 3169 quomodo,
2884 3103 3023 3157 cwlo
3047 3110 3298 3174 terraque
3325 3121 3459 3160 con-

192 3195 298 3250 καὶ
340 3194 489 3264 ὑπὲρ
535 3193 661 3255 τοὺς
694 3192 885 3273 ἄλλους
928 3192 1162 3262 ὑψωθεὶς
1203 3191 1301 3262 τὴν
1346 3191 1605 3254 διάνοιαν.
1658 3209 1782 3246 συν-

197 3287 468 3339 εισελθεῖν
514 3284 835 3355 φιλονεικεῖς
875 3282 953 3353 τῷ
1002 3282 1222 3353 μεγάλῳ
1268 3284 1475 3355 Μωῦσῇ
1502 3322 1518 3348 ,
1569 3284 1649 3347 είς
1690 3283 1782 3336 τὸν

195 3379 407 3447 γνόφον
449 3376 554 3446 τῆς
597 3375 705 3428 τῶν
749 3374 1074 3444 ἀπορρήτων
1123 3372 1373 3442 θεωρίας,
1418 3373 1476 3426 ὲν
1505 3366 1549 3440 ᾦ
1577 3374 1783 3435 ἐκεῖνος

1891 3184 2080 3251 fectis,
2114 3185 2205 3239 lux
2239 3186 2459 3255 quidem
2508 3195 2567 3241 ut
2599 3197 2783 3253 esset,
2839 3189 3082 3243 divinum
3140 3191 3458 3247 mandatum

1887 3279 2252 3347 exspectarit,
2291 3278 2528 3334 tenebrae
2558 3290 2739 3334 autem
2780 3281 3092 3336 exstiterint
3134 3282 3298 3337 etiam
3338 3284 3459 3337 sine

1888 3372 2167 3426 mandatu.

198 3471 520 3539 γενόμενος,
568 3463 675 3520 εἶδέ
724 3482 786 3519 τε
827 3462 898 3516 τά
926 3463 1131 3517 ἀθέατα
1167 3464 1395 3517 καὶτῶν
1420 3462 1703 3533 ἁλαλήτων
1746 3462 1850 3533 ἔπη
1884 3463 2195 3534 ἠκροάσατο
2223 3501 2236 3526 ,
2283 3462 2377 3515 καὶ
2415 3461 2597 3533 ζητεῖς
2642 3461 2846 3531 γνῶναι
2875 3461 2973 3532 τὴν
3013 3462 3314 3531 ἀναγκαίαν
3359 3462 3458 3529 τῆς

199 3561 440 3620 κτίσεως
460 3555 637 3622 τάξιν,
661 3554 781 3615 πῶς
826 3553 919 3607 τοῦ
947 3551 1197 3625 ούρανοῦ,
1240 3552 1335 3605 καὶ
1379 3554 1478 3623 τῆς
1514 3553 1617 3624 γῆς
1660 3550 1993 3620 γεγονότων,
2036 3550 2096 3603 τὸ
2126 3551 2225 3621 μὲν
2254 3550 2368 3620 φῶς
2393 3550 2654 3621 ἀναμένει
2682 3550 2742 3604 τὸ
2772 3550 2911 3604 θεῖον
2951 3550 3298 3621 πρόσταγμα,
3324 3554 3461 3622 πρὸς

200 3649 265 3703 sb
285 3645 545 3716 γενέσθαι
571 3643 686 3712 φῶς
706 3661 720 3675 ο
746 3642 807 3695 τὸ
835 3642 892 3695 δὲ
920 3643 1105 3704 σκότος
1132 3641 1224 3694 καὶ
1246 3641 1374 3695 ἀνευ
1408 3641 1831 3713 προστάγματος
1863 3635 1952 3710 ἦν.

272 3742 390 3796 Κςίι
445 3741 494 3792 εἰ
548 3739 713 3809 μηδὲν
759 3737 865 3790 ἔδει
917 3735 996 3804 τῷ
1042 3738 1181 3805 φωτὶ
1215 3736 1352 3805 πρὸς
1390 3734 1451 3788 τδ
1502 3736 1784 3805 καταλαμ-

198 3832 439 3904 πρύνειν
467 3830 559 3882 τὸν
590 3827 943 3896 ὒποκείμενον
987 3826 1155 3897 ἀέρα,
1194 3825 1289 3880 καὶ
1332 3826 1488 3881 νυκτὶ
1534 3826 1627 3880 καὶ
1660 3824 1795 3896 ἡμέ-

203 3941 279 3995 ρᾳ
327 3920 586 3992 διορίζειν
644 3918 735 3970 τὸν
791 3917 1013 3990 χρόνον,
1058 3916 1141 3979 τίς
1196 3911 1265 3988 ἦν
1320 3916 1481 3987 χρεία
1540 3916 1641 3981 τῆς
1697 3914 1791 3968 τοῦ

199 4013 363 4083 ἡλίου
428 4008 809 4078 κατασκευῆς;
856 4006 950 4059 καὶ
992 4008 1040 4058 εί
1085 4006 1361 4076 καταρχὰς
1410 4005 1545 4075 μετά
1577 4004 1671 4057 τοῦ
1704 4006 1794 4057 ού-

204 4101 379 4172 ρανοῦ
409 4101 632 4169 γέγονεν
657 4100 691 4169 ἡ
718 4098 813 4168 γῆ,
836 4095 952 4159 πῶς
975 4095 1452 4149 ἀκατασκεύαστον
1478 4096 1541 4148 τὸ
1569 4112 1795 4165 γεγενη-

1958 3732 2260 3798 Praeterea,
2307 3734 2353 3789 si
2398 3733 2462 3787 ad
2497 3732 2803 3803 subjectum
2834 3747 3013 3788 aerem
3053 3733 3458 3799 illustrandum,

1891 3832 1946 3880 et
1983 3832 2200 3893 tempus
2243 3832 2407 3879 nocte
2454 3824 2654 3894 dieque
2701 3823 3178 3893 distinguendum,
3213 3824 3363 3879 nulla
3402 3840 3460 3877 re

1891 3913 1983 3967 lux
2014 3913 2265 3984 iudiguit,
2293 3913 2423 3983 quid
2453 3912 2502 3968 ei
2534 3912 2701 3968 fuerit
2725 3928 2884 3983 opus,
2908 3921 2970 3968 ut
2992 3914 3075 3969 sol
3105 3914 3462 3969 conderetur?

1890 4004 1970 4059 Ad
2009 4004 2159 4068 haec,
2194 4006 2239 4061 si
2277 4005 2434 4059 initio
2469 4006 2632 4060 simul
2675 4022 2797 4061 cum
2833 4007 2971 4061 cmlo
3004 4014 3147 4060 terra
3197 4005 3297 4058 fuit
3334 4021 3463 4075 pro—

1891 4105 2093 4160 creata,
2126 4111 2234 4165 quo
2258 4102 2416 4165 pacto
2443 4092 2607 4147 fuerit
2620 4084 3015 4163 incomposita?
3044 4095 3181 4150 Nam
3212 4095 3257 4151 si
3285 4094 3463 4166 facere

199 4193 380 4264 μένον
413 4190 559 4254 iacti;
611 4189 685 4242 Τὸ
709 4189 817 4258 γάρ
852 4187 1279 4251 κατασκευάσαι,
1321 4188 1501 4241 καὶτὸ
1545 4189 1785 4257 ποιῆσαι,

1892 4193 1945 4241 et
1975 4201 2305 4256 componere
2334 4186 2469 4240 nihil
2504 4186 2645 4242 inter
2681 4202 2741 4241 se
2774 4186 3025 4241 videntur
3057 4186 3294 4253 diﬂerre,
3327 4204 3463 4257 quo-

194 4285 361 4338 ούδὲν
395 4283 548 4334 δοκεῖ
569 4279 842 4349 διαφέρειν
869 4278 1010 4331 κατά
1031 4277 1128 4348 τὴν
1156 4278 1383 4332 ἔννοιαν.
1417 4277 1480 4330 Et
1506 4275 1600 4331 οὖν
1621 4278 1787 4331 ταύτό

196 4377 325 4428 ἐστι
352 4373 420 4425 τὸ
453 4370 677 4438 ποιῆσαι
702 4364 791 4439 et}?
804 4371 1230 4434 κατασκευάσαι,
1262 4369 1376 4432 πῶς
1404 4367 1463 4421 τὸ
1493 4369 1791 4439 πεποιημέ-

196 4481 295 4518 νον
326 4461 483 4516 ἐστὶν
529 4459 1031 4526 ἀκατασκεύαστονς
1081 4463 1178 4515 καὶ
1215 4459 1285 4513 τά
1319 4461 1446 4530 περὶ
1488 4459 1586 4531 τῆς
1616 4460 1814 4530 ύγρᾶςι

196 4556 403 4619 οὐσίας
430 4550 872 4622 ὲπαπορούμενα,
901 4553 976 4617 ὡς
1009 4554 1068 4605 ού
1098 4540 1317 4606 δυνατὸν
1346 4551 1405 4605 ὃν
1433 4552 1544 4605 ἄνω
1573 4551 1670 4622 τῆς
1700 4552 1788 4604 ού-

202 4648 404 4720 ρανίου
440 4645 629 4713 ἀψίδος
655 4646 712 4697 ὲν
744 4643 822 4712 τῷ
856 4643 1184 4712 σφαιροειδεῖ
1209 4644 1447 4713 σχήματι
1475 4642 1535 4695 τὸ
1564 4641 1788 4711 ῥευστὺν

200 4734 499 4804 ἔφιζῆσαι.
547 4732 671 4794 ὶΙῶς
708 4730 815 4803 γάρ
861 4730 1205 4801 ὲφιδρυνθεῐη
1249 4731 1328 4801 τῷ
1358 4730 1541 4802 κυρτῷ
1570 4733 1603 4802 ή
1634 4730 1797 4801 ὑγρό-

202 4843 333 4896 της,
366 4824 516 4878 κατά
549 4824 728 4877 πᾶσαν
753 4823 996 4893 ἀνάγκην
1022 4822 1131 4876 ἀπὸ
1161 4821 1255 4874 τοῦ
1281 4822 1367 4874 ἀεὶ
1390 4822 1795 4893 κορυφουμένου

204 4917 311 4985 τῆς
356 4913 630 4984 σφαίρας,
672 4913 808 4985 πρὸς
848 4912 919 4965 τά
960 4911 1211 4981 ἐπικλινῆ
1246 4909 1340 4964 τοῦ
1384 4913 1659 4982 σχήματος
1701 4910 1795 4966 τοῦ

213 5005 385 5077 ὑγροῦ
411 5003 849 5075 μεταρῤέοντοςς
878 5001 1004 5064 Πῶς
1041 5001 1099 5054 δὲ
1136 5000 1230 5055 τοῦ
1260 5001 1618 5072 ὑποκειμένου
1641 5002 1798 5056 ἀστα-

212 5097 453 5162 τοῢντος,
477 5098 537 5149 ὲν
559 5096 727 5165 ἑαυτῇ
752 5093 863 5160 ἕξει
890 5093 950 5146 τὸ
977 5093 1256 5162 στάσιμον,
1287 5092 1373 5144 ἀεὶ
1399 5093 1496 5162 τῆς
1519 5091 1651 5154 ίδίας
1670 5093 1799 5146 ἀπο-

214 5188 563 5241 λισθαίνουσα
606 5184 846 5254 βάσεως;
888 5181 1014 5247 Πῶς
1051 5182 1108 5235 δὲ
1145 5181 1207 5234 οὐ
1243 5181 1667 5252 σκεδασθήσεται
1700 5183 1799 5251 τῆς

212 5280 474 5352 ὀξυτάτης
520 5277 623 5331 τοῦ
661 5275 829 5328 πόλου
873 5275 1172 5345 περιφορᾶς
1203 5273 1262 5327 τὸ
1297 5272 1546 5342 ἐφιζάνον
1583 5272 1799 5335 πάντως

211 5371 653 5446 ἀτωκρουούσηςς
667 5364 833 5418 ’Δλλά
851 5366 955 5434 μὴν
970 5366 1064 5418 καὶ
1080 5364 1142 5416 τὸ
1160 5363 1497 5416 δαπανᾶσθαι
1511 5362 1607 5433 τὴν
1625 5363 1799 5432 ὑγρὰν

205 5465 353 5538 φύσιν
370 5463 657 5521 ἀπίθανον
684 5458 802 5518 τοῖς
818 5454 1157 5539 ἀντιλέγουσι
1183 5454 1449 5523 φαίνεται.
1466 5452 1566 5507 Διά
1579 5454 1640 5507 τὸ
1660 5454 1795 5508 πάν-

263 5627 284 5658 ⁸
314 5621 497 5679 Exod.
548 5630 683 5679 ιιι,
725 5608 799 5665 16
862 5624 983 5678 sqq.

1895 4277 2091 4342 modo,
2122 4277 2266 4347 quod
2303 4276 2503 4331 factum
2535 4287 2639 4341 est,
2671 4278 3090 4347 incompositum
3131 4277 3267 4332 fuit?
3300 4276 3459 4339 Tum,

1895 4382 2016 4437 quae
2053 4367 2120 4421 ad
2167 4382 2362 4437 aquam
2417 4369 2691 4437 pertinent
2736 4368 3100 4436 quaestiones.
3140 4368 3296 4437 quasi
3345 4368 3461 4422 ﬁeri

1894 4473 2004 4511 non
2048 4459 2242 4527 possit,
2273 4466 2333 4511 ut
2365 4474 2529 4527 super
2561 4458 2749 4527 apside
2789 4458 2997 4514 caelesti
3029 4458 3309 4529 ﬁguraque
3356 4460 3466 4528 glo-

1895 4549 2029 4604 bosa
2085 4557 2139 4604 et
2169 4549 2403 4602 rotunda
2452 4550 2753 4603 consistant
2800 4565 2920 4619 qum
2946 4547 3090 4603 ﬂuxa
3135 4557 3286 4603 sunt.
3317 4549 3465 4614 Quo-

1897 4640 2058 4695 modo
2081 4640 2225 4694 enim
2253 4648 2448 4694 natura
2484 4640 2704 4694 humida
2736 4640 2790 4694 in
2821 4655 2991 4694 curvo
3016 4638 3318 4702 consideat,
3344 4654 3465 4710 qua:

1893 4730 1960 4786 de
1990 4731 2217 4800 sphaerae
2256 4730 2472 4801 fastigio
2510 4731 2563 4785 in
2595 4746 2797 4800 pronas
2839 4731 3023 4801 ﬁgurae
3056 4738 3241 4800 partes
3278 4746 3468 4786 neces-

1895 4820 2044 4877 sario
2083 4821 2310 4875 deﬂuit?
2348 4829 2443 4874 aut
2481 4823 2791 4891 quomodo,
2829 4838 2953 4875 cum
2992 4821 3042 4874 id
3084 4836 3192 4891 quo
3225 4821 3467 4876 sustine-

1892 4918 1985 4963 tur
2014 4910 2267 4964 instabile
2294 4910 2631 4979 sit,cumque
2669 4924 2699 4963 a
2729 4927 2824 4964 sua
2857 4908 2970 4964 hasi
3004 4924 3217 4977 semper
3247 4909 3468 4963 delaba-

1895 5008 2006 5065 tur,
2036 5000 2091 5055 in
2134 5015 2195 5056 se
2246 5000 2364 5071 ipsa
2409 5001 2631 5056 habebit
2662 5000 3010 5054 ﬁrmitatem?
3049 5008 3145 5054 aut
3193 5000 3471 5069 quomodo

1893 5091 2420 5161 nnndissipabitur,
2454 5106 2578 5145 cum
2609 5090 2991 5146 incitatissima
3026 5091 3132 5159 poli
3179 5090 3468 5146 conversio

1895 5182 2028 5236 nihil
2077 5197 2307 5252 prorsus
2351 5180 2598 5236 insidens
2626 5181 3010 5251 inhaerensque
3040 5180 3145 5234 sibi
3175 5194 3286 5234 non
3332 5176 3469 5245 abji-

1896 5275 2006 5330 ciat
2025 5317 2041 5341 ,
2072 5289 2135 5328 ac
2159 5274 2427 5344 repellat?
2452 5273 2760 5340 Quinetiam
2807 5273 2931 5330 istis
2971 5268 3473 5327 contradicentibus

1905 5381 2015 5422 non
2051 5365 2272 5420 videtur
2309 5381 2433 5421 esse
2467 5364 2797 5430 verisimile,
2829 5375 2888 5419 ut
2926 5377 3047 5433 quae
3075 5363 3295 5416 humida
3341 5364 3474 5416 sunt

1904 5465 2320 5521 consumantur,
2353 5469 2477 5510 cum
2508 5463 2562 5512 et
2590 5453 2842 5521 fontium,
2869 5461 2922 5508 et
2944 5449 3256 5519 ﬂuminum,
3281 5458 3336 5507 et
3358 5463 3476 5504 ina-
