3880 6366
473 273 538 328 67
1716 271 1776 356 s.
1817 261 2147 326 cnecoau
2191 259 2480 325 NYSSENI
3681 270 3749 330 ex

473 396 570 457 ris,
608 399 662 448 et
705 392 926 447 lacu'um
967 405 1139 463 aquas
1190 395 1245 449 in
1301 393 1492 450 eadem
1545 407 1761 464 semper
1793 407 2029 450 mensur:

2155 407 2275 444 τοτε
2297 391 2358 444 ἐν
2381 393 2482 462 τσῳ
2514 391 2595 463 τῷ·
2617 392 2802 464 μέτρῳ
2826 391 2894 446 τά
2918 392 3027 447 τῶν
3055 393 3264 450 ὑδάτων
3291 396 3526 467 δρᾶσθαι
3559 403 3749 470 mari}.

471 487 775 542 consistere
818 485 1066 551 videant,
1119 485 1362 555 exceptis
1410 484 1740 556 quibusdam
1783 484 2051 550 fontibus,

471 579 567 647 qui
613 592 677 632 ex
714 577 970 632 imbrium
1001 578 1322 648 niviumque
1357 577 1413 632 vi
1443 577 1657 648 copiam
1693 591 1962 648 aquarum
1996 578 2053 632 in

471 667 760 738 superﬁcie
791 669 951 722 sitam
990 667 1312 742 colligentes
1335 711 1351 737 ,
1388 669 1722 724 torrentium
1752 669 1930 724 instar
1953 683 2055 740 pro

473 763 730 814 facultate
763 773 885 829 quae
926 776 1151 816 sursum
1195 763 1486 832 provenit,
1515 763 1600 817 vel
1640 770 1935 832 augentur,
1967 764 2056 818 vel

469 851 748 905 deﬁciunt.
780 849 914 904 Nam
943 865 1009 907 ex
1043 852 1246 922 quibus
1280 855 1541 924 perennia
1565 851 1765 908 fluenta
1804 862 2052 920 manant,

471 955 570 995 nec
598 941 768 994 ullum
803 940 1215 998 decrementum
1262 943 1342 1010 flt,
1391 953 1487 999 aut
1533 946 1954 1010 incrementum,
1995 946 2053 1001 in

470 1032 539 1087 iis
563 1032 700 1086 nihil
723 1032 974 1090 humoris
1004 1035 1281 1101 consumi,
1303 1035 1598 1092 manifesto
1626 1044 1865 1094 constat.
1894 1038 2052 1105 Quod

467 1124 613 1177 enim
639 1125 1010 1194 consumitur,
1038 1127 1287 1182 eamdem
1320 1135 1584 1198 perpetuo
1611 1145 1926 1186 mensuram
1956 1130 2054 1186 ob-

467 1214 643 1268 tinere
676 1229 785 1268 non
814 1221 1016 1286 potest.
1037 1213 1116 1272 Ac
1139 1233 1208 1272 ne
1232 1219 1373 1290 ignis
1404 1219 1646 1291 quidem,
1670 1221 1717 1277 si
1742 1221 1902 1277 modo
1929 1237 2052 1278 eam

467 1317 594 1359 vere
622 1312 876 1362 naturam
919 1305 1102 1372 habet,
1139 1308 1200 1363 ut
1234 1323 1430 1380 aquam
1471 1319 1790 1379 consumat,
1830 1328 2053 1370 mensu-

465 1409 582 1448 ram
609 1397 888 1464 propriam
919 1406 1186 1465 tueretur,
1215 1410 1308 1455 aut
1336 1402 1544 1457 nullum
1576 1414 1926 1473 augmentum
1952 1422 2054 1460 nu-

467 1485 853 1541 trimentumve
882 1489 1209 1558 susciperet.
1246 1489 1432 1561 Neque
1457 1494 1603 1548 enim
1642 1494 1755 1549 fieri
1790 1503 1968 1565 potest
1996 1505 2053 1551 ut

463 1575 586 1644 ejus
611 1589 803 1631 natura
831 1592 899 1632 ex
933 1581 1160 1635 materia
1199 1592 1525 1654 consumpta
1557 1600 1665 1640 non
1693 1596 1978 1656 augeatur.

535 1666 661 1722 Haec
702 1678 755 1724 et
785 1668 985 1724 similia
1015 1671 1063 1726 'sl
1089 1679 1146 1726 tu
1177 1673 1471 1743 diligenter
1507 1675 1775 1747 indagans
1803 1685 1857 1733 et
1883 1678 2046 1734 rebus

465 1752 793 1808 sublimibus
826 1754 1174 1822 incumbens,
1202 1775 1266 1814 ea
1299 1775 1421 1830 qua:
1453 1777 1485 1816 a
1515 1760 1665 1820 Mose
1708 1765 1761 1820 in
1796 1767 2046 1838 caliginis

464 1843 804 1900 obscuritate
834 1856 1127 1917 conspecta
1148 1857 1296 1918 sunt,
1321 1860 1378 1907 et
1406 1853 1519 1923 ipse
1537 1855 1844 1924 perspicere
1865 1858 2043 1927 cupis,

464 1942 521 1988 et
547 1935 880 1991 multitudini
925 1939 1253 2008 patefacere,
1289 1945 1594 2014 prudentiae
1620 1954 1726 2001 tua:
1754 1950 2049 2004 consulue-

460 2025 584 2088 rim,
618 2041 686 2080 ne
715 2027 882 2081 alium
912 2040 1214 2098 spectares,
1251 2031 1345 2088 sed
1380 2033 1444 2088 ad
1475 2051 1594 2090 eam
1636 2039 1865 2107 gratiam
1905 2055 2043 2095 cou-

461 2114 696 2186 fugeres,
729 2133 850 2188 quae
887 2120 942 2173 in
974 2127 1027 2174 te
1057 2130 1163 2185 est,
1195 2133 1248 2178 et
1277 2123 1345 2178 ad
1379 2123 1639 2196 Spiritum
1674 2131 2041 2198 revelationis,

458 2206 549 2276 qui
578 2208 834 2274 precibus
864 2220 1128 2266 exoratus
1165 2225 1352 2268 rerum
1398 2213 1708 2272 divinarum
1754 2227 1809 2274 ct
1839 2221 2041 2277 altissi-

457 2308 669 2348 marum
711 2311 913 2352 arcana
950 2302 1241 2358 reserabit.
1273 2301 1473 2360 Verum
1507 2310 1765 2376 quoniam
1796 2326 1864 2365 ex
1900 2313 2045 2382 Apo-

460 2386 656 2440 stolica
685 2388 800 2458 lege
827 2387 1090 2448 debemus
1116 2403 1311 2449 mutuo
1341 2397 1500 2452 nobis
1532 2399 1634 2468 ipsi
1664 2401 1888 2465 servire,
1925 2402 2044 2456 lau-

456 2475 764 2547 dabilisque
813 2482 1099 2538 servitutis
1146 2486 1427 2554 proprium
1469 2500 1573 2552 est,
1617 2490 1778 2546 factis
1823 2508 1887 2547 ea
1922 2511 2043 2564 quae

459 2571 716 2624 mandata
748 2579 878 2626 sunt
907 2575 1166 2644 exsequi;
1203 2578 1609 2643 precationibus
1640 2582 1749 2636 tuis
1778 2582 2042 2654 adjuvan-

451 2659 600 2715 tibus
627 2675 849 2730 operam
886 2662 1051 2726 dabo,
1097 2675 1157 2719 ut
1191 2680 1457 2736 quantum
1489 2670 1604 2723 ﬁeri
1637 2675 1860 2741 poterit,
1891 2689 2040 2745 quie-

452 2751 659 2806 stiones
702 2751 801 2806 has
845 2751 1083 2809 breviter
1120 2759 1406 2828 explicem.
1449 2758 1555 2814 Sed
1599 2774 1891 2835 antequam
1935 2782 2036 2821 ex-

448 2842 656 2906 ordiar,
704 2844 835 2897 illud
869 2854 1123 2902 testatum
1155 2851 1301 2915 volo,
1333 2853 1464 2906 milii
1495 2862 1705 2909 certum
1733 2873 1854 2912 esse
1885 2859 2035 2914 nulla

448 2932 506 2986 in
536 2947 596 2986 re
633 2934 1014 2991 contradicere
1055 2937 1124 2992 iis
1160 2955 1283 3008 quae
1315 2955 1346 2994 a
1393 2941 1449 2995 S.
1503 2942 1705 2999 Basilio
1741 2947 1793 3001 in
1845 2952 2033 3004 mundi

2157 502 2324 556 ματα,
2347 487 2405 539 ἐν
2425 487 2628 556 πηγαῖς
2647 502 2707 538 τε
2732 487 2828 539 καὶ
2849 491 3136 557 ποταμοῖς,
3153 489 3248 542 καὶ
3278 488 3518 560 λίμναις,
3540 491 3682 565 πλὴν
3702 495 3750 546 εί

2153 585 2297 641 τινες
2311 577 2419 631 τῶν
2441 577 2630 647 πηγῶν
2646 577 2966 633 ἐπιπολαίαν
2985 578 3202 649 ἔχουσαι
3217 581 3315 653 τὴν
3334 582 3428 636 τοῦ
3449 577 3644 648 ὕδατος
3660 593 3750 655 χο-

2156 669 2374 740 ρηγίαν,
2406 671 2501 723 καὶ
2520 670 2900 742 διαπηδήσεως
2933 671 3211 744 δμόρωνῆ
3243 676 3437 744 χιόνων
3463 675 3749 746 πηγάζου-

2156 769 2273 814 σιν·
2309 762 2364 815 αἶ
2397 762 2700 832 χειμάρρου
2735 763 2936 834 τρόπον
2976 767 3043 836 τῇ
3090 765 3298 819 ἄνωθεν
3339 766 3574 838 ἐπιρροῇ
3623 784 3748 820 συν-

2155 853 2489 923 απολήγουσί
2517 871 2576 907 τε
2613 856 2708 908 καὶ
2738 856 3117 922 συναύξονται.
3158 858 3277 928 Ἐφ’
3313 852 3388 912 ὧν
3427 859 3485 913 δὲ
3521 858 3749 914 ἀένναον

2155 948 2438 1014 προχεῖται
2471 946 2532 998 τὸ
2566 947 2802 1019 ῥεῖθρον,
2837 945 3107 1020 μηδεμιᾶς
3136 948 3488 1014 ἐλαττώσεως
3520 947 3746 1022 ηαὺξή-

2156 1050 2294 1098 σεως
2341 1038 2653 1108 γενομένης,
2687 1040 3002 1107 ἀναγκαίως
3033 1034 3094 1093 τὸ
3147 1041 3316 1109 μηδὲν
3353 1042 3750 1096 ἀναλίσκεσθαι

2153 1128 2252 1198 τῆς
2292 1129 2465 1199 ὑγρᾶς
2493 1130 2682 1194 οὐσίας
2714 1130 3081 1201 ὁμολογεῖται.
3129 1131 3206 1185 Ού
3236 1132 3347 1203 γὰρ
3376 1131 3661 1202 ἐνδέχεται
3687 1133 3746 1188 rb

2151 1216 2539 1288 δαπανώμενον
2581 1220 2640 1272 ἐν
2688 1220 2766 1290 τῷ
2799 1220 2899 1292 ἴσῳ
2949 1223 3133 1293 μέτρῳ
3211 1223 3348 1292 πρὸς
3379 1224 3442 1276 τὸ
3497 1224 3744 1294 διηνεκὲς

2151 1307 2454 1377 διαμένειν·
2493 1309 2608 1361 ἀλλ’
2637 1308 2757 1363 ούδέ
2793 1305 2856 1363 rb
2889 1305 3021 1384 πῦρ,
3052 1313 3211 1384 εἴπερ
3240 1313 3319 1383 τῷ
3346 1311 3460 1367 ὄντι
3489 1315 3741 1386 δαπανηο

2152 1397 2300 1451 τικδν
2330 1399 2423 1452 τοῦ
2457 1399 2645 1463 ὕδατος
2673 1391 2761 1471 ἦν,
2795 1401 2987 1471 ἔμενεν
3017 1401 3082 1456 ἂν
3112 1403 3206 1457 ἐπὶ⁵
3239 1405 3332 1458 τοῦ
3364 1405 3494 1460 ίδίου
3538 1407 3739 1478 μέτρου

2152 1489 2384 1555 ἄναυξές
2427 1509 2488 1544 τε
2535 1491 2629 1544 καὶ
2676 1493 2928 1563 ἄτροφον.
2965 1490 3040 1548 Ού
3091 1496 3202 1566 γάρ
3255 1497 3370 1550 ἐστι
3415 1497 3646 1551 δυνατὸν
3673 1501 3737 1568 τῇ

2151 1583 2513 1654 δαπανωμένῃ
2569 1582 2669 1657 ὕλῃ
2701 1580 2794 1639 τοῦ
2828 1586 2998 1658 πυρὸς
3047 1590 3122 1658 μὴ
3159 1588 3522 1655 συναύξεσθαι
3551 1590 3735 1660 φύσιν.

2225 1671 2287 1725 Et
2312 1668 2405 1726 οὖν
2433 1673 2608 1728 ταῦτα
2637 1675 2701 1726 σὺ
2726 1676 2820 1729 καὶ
2843 1676 2912 1728 τά
2932 1675 3158 1730 τοιαῦτα
3187 1677 3681 1749 πολυπραγμονῶν,
3709 1681 3738 1732 6

2149 1766 2283 1818 πᾶσι
2329 1768 2440 1828 τοῖς
2493 1764 2718 1836 ὑψηλοῖς
2764 1767 3244 1838 ἐπεκτεινόμενος,
3296 1771 3392 1823 καὶ
3435 1771 3506 1823 τὰ
3559 1771 3620 1822 ἐν
3658 1770 3736 1839 τῷ

2148 1854 2296 1926 ζόφῳ
2326 1857 2425 1926 τῆς
2461 1855 2556 1909 τοῦ
2587 1857 2866 1920 Μωῦσέως
2895 1855 3161 1921 ὀπτασίας
3193 1855 3446 1930 κείμενα,
3480 1861 3648 1925 αὐτός
3677 1879 3732 1914 τε

2149 1949 2275 2001 ίδεῖν
2310 1951 2374 2020 τῇ
2411 1951 2666 2020 φρονήσει
2703 1966 2816 2013 σου,
2856 1948 2930 2020 μὴ
2972 1948 3106 2022 πρὸς
3145 1949 3300 2002 ἄλλον
3331 1951 3571 2020 βλέπειν,
3596 1952 3733 2007 ἀλλὰ

2144 2042 2282 2113 πρὸς
2306 2043 2404 2113 τὴν
2435 2043 2491 2094 ἐν
2527 2041 2608 2095 σοὶ
2639 2043 2817 2114 χάριν,
2859 2045 2953 2097 καὶ
2981 2043 3058 2114 τῷ
3092 2044 3360 2115 πνεύματι
3396 2046 3494 2116 τῆς
3520 2047 3730 2100 ἀποκα-

2144 2132 2356 2202 λύψεως
2387 2133 2464 2202 τῷ
2487 2132 2578 2186 διὰ
2604 2133 2714 2186 τῶν
2748 2135 3066 2205 προσευχῶν
3095 2152 3178 2188 σοι
3217 2138 3629 2209 φανερουμένῳ,
3662 2140 3729 2192 τά

2145 2223 2264 2276 θεία
2313 2222 2449 2295 βάθη
2504 2223 2902 2294 διερευνᾶσθαι.
2961 2219 3117 2279 Ἐπεὶ
3170 2225 3228 2280 δέ
3284 2229 3388 2299 χρὴ
3442 2229 3586 2282 κατὰ
3637 2231 3727 2283 τὸν

2143 2319 2496 2373 ἀποστολικδν
2527 2317 2689 2391 νόμον
2718 2321 2888 2375 εἴκειν
2917 2322 3164 2393 ἀλλήλοις
3195 2325 3262 2378 δι’
3287 2325 3509 2394 ἀγάπης
3543 2327 3690 2394 ἡμᾶς
3709 2345 3722 2358 ·

2145 2407 2273 2460 ίδιον
2305 2408 2361 2461 δὲ
2410 2411 2507 2478 τῆς
2537 2411 2830 2482 ἐπαινετῆς
2871 2412 3114 2476 δουλείας
3158 2415 3294 2479 ἐστὶ,
3332 2415 3393 2467 τὸ
3439 2417 3518 2479 είς
3564 2418 3724 2488 ἔργον

2141 2499 2369 2567 ἀγαγεῖν
2400 2503 2467 2572 τὰ
2494 2502 2860 2572 ἐπιτάγματα,
2898 2503 2988 2556 διὰ
3018 2503 3264 2575 βραχέων
3296 2505 3373 2568 ὡς
3412 2505 3529 2559 ἐστι
3567 2506 3721 2560 δυνα-

2139 2591 2251 2656 τὸν,
2293 2592 2390 2663 τὴν
2422 2593 2549 2664 περὶ
2576 2593 2780 2646 τούτων
2823 2594 3090 2666 ὑπόληψιν
3125 2595 3427 2664 ἐκκαλύψαι
3461 2597 3718 2669 πειράσοά

2143 2701 2259 2754 μαι,
2287 2686 2352 2754 τῇ
2381 2687 2451 2755 σῇ
2484 2687 2758 2754 προσευχῇ
2785 2685 3060 2754 συμμάχῳ
3116 2685 3253 2755 πρὸς
3278 2685 3369 2738 τὸν
3394 2685 3552 2754 λόγον
3581 2687 3721 2759 χρώ-

2142 2792 2321 2844 μενος.
2355 2774 2523 2827 Τοῦτο
2548 2776 2605 2828 δέ
2641 2793 2730 2845 μοι
2756 2775 2861 2844 πρὸ
2888 2777 2989 2844 τῆς
3017 2777 3382 2847 ἐγχειρήσεως
3412 2777 3718 2849 διαμεμαρ-

2136 2863 2407 2933 τυρήσθω,
2454 2863 2513 2916 τὸ
2561 2863 2728 2934 μηδὲν
2767 2865 2916 2933 ἡμᾶς
2966 2863 3434 2934 ἀντιδογματίζειν
3463 2865 3542 2935 τῷ
3579 2867 3716 2937 ἁγίῳ

2137 2949 2420 3021 Βασιλείῳ,
2454 2953 2581 3024 περὶ
2612 2953 2720 3006 τῶν
2750 2953 2892 3007 κατὰ
2919 2954 3018 3023 τὴν
3045 2955 3404 3025 κοσμογονίαν
3436 2955 3591 3026 αὐτῷ
3627 2975 3716 3026 (pta

450 3021 887 3091 procreationem
918 3030 1232 3099 conscripta
1263 3040 1412 3096 sunt,
1443 3035 1654 3090 etiamsi
1695 3053 1780 3091 me
1813 3039 2028 3094 dicendi

2135 3021 2560 3112 λοσοφηθέντων,
2617 3044 2737 3114 μηδ’
2792 3045 2858 3098 ἂν
2911 3021 3047 3116 πρὸς
3095 3021 3288 3116 ἐτῠὲραν
3341 3021 3602 3117 ἐξήγησίν
3640 3021 3715 3101 ’ἐκ

447 3111 584 3166 ordo
616 3111 684 3166 ad
715 3113 877 3168 aliam
909 3118 1309 3186 expositionem
1342 3123 1652 3179 adduxerit.
1685 3123 1824 3181 Rata
1866 3131 2030 3216 igitur

444 3204 558 3257 sint
589 3203 736 3259 illius
775 3205 1002 3276 scripta,
1041 3215 1428 3282 praestemque,
1455 3231 1557 3270 nec
1592 3217 1741 3282 ullis,
1791 3203 2031 3279 nisi'Te-

446 3295 702 3350 stamenti
721 3296 907 3352 divino
940 3297 1147 3370 Spiritu
1175 3303 1420 3360 dictante
1448 3311 1679 3373 exarati,
1704 3327 2028 3370 monumen-

445 3383 516 3438 tis
546 3383 760 3440 cedant.
798 3384 998 3442 Nostra
1029 3405 1157 3445 vero
1191 3394 1501 3464 quicunque
1532 3398 1794 3466 legerint,
1836 3409 1891 3454 et
1927 3403 2030 3455 ali-

442 3473 575 3542 quid
605 3484 802 3545 praater
830 3493 1176 3536 communem
1219 3485 1535 3553 opinionem
1570 3489 1897 3554 invenerint,
1945 3494 2026 3548 sic

441 3567 736 3636 accipiant,
785 3575 845 3622 ut
873 3570 994 3625 sine
1025 3573 1192 3628 ullius
1234 3575 1436 3642 iniuria
1471 3577 1526 3631 in
1555 3579 1773 3636 dicendi
1813 3561 2025 3639 exerci:

445 3659 649 3712 latione
677 3659 1032 3726 probabiliter
1059 3662 1356 3732 disputata.
1401 3665 1588 3739 Neque
1633 3673 1776 3726 enim
1817 3690 2023 3746 propo-

439 3747 606 3802 situm
635 3747 948 3815 defendere,
976 3761 1070 3808 aut
1092 3754 1288 3826 dogma
1319 3763 1655 3817 constituere
1680 3765 2016 3834 proﬁtemur,

439 3843 499 3890 ut
555 3839 1018 3897 calumniantibus
1066 3847 1414 3904 occasionem
1469 3852 1843 3920 praebeamus,
1918 3875 2021 3914 nec

439 3927 590 3983 hisce
643 3931 864 3998 scriptis
903 3933 1375 4002 interpretationis
1423 3941 1728 3997 doctrinam
1776 3947 2015 4012 tradere,

436 4017 533 4071 secl
559 4013 802 4073 animum
839 4031 893 4076 et
919 4023 1303 4093 cogitationem
1345 4039 1591 4087 nostram
1626 4033 1682 4088 in
1716 4035 1822 4090 hoc
1849 4052 2017 4108 argu~

437 4117 623 4164 mento
668 4111 934 4168 duntaxat
971 4130 1246 4173 exercere.
1281 4119 1450 4178 Nemo
1484 4124 1650 4194 igitur
1678 4139 1954 4198 exspectet
1985 4147 2015 4186 a

437 4200 615 4265 nobis,
649 4211 707 4255 ut
732 4204 1150 4274 qua'stionibus,
1178 4225 1300 4279 qua:
1335 4213 1419 4267 vel
1443 4229 1510 4269 ex
1541 4227 1730 4272 sancta
1765 4213 2014 4290 Scriptu-

435 4304 516 4356 ra,
551 4291 635 4346 vel
669 4308 736 4347 ex
779 4294 844 4350 iis
875 4309 998 4366 quae
1035 4312 1065 4351 a
1101 4309 1434 4372 praeceptore
1469 4315 1662 4363 nostro
1692 4312 1874 4366 statim
1903 4313 2014 4368 de-

2131 3150 2276 3195 τινος
2313 3132 2631 3197 ἀκολουθίας
2661 3136 2690 3187 ὁ
2718 3134 2873 3203 λόγος
2921 3136 3048 3206 ἔλθῃ
3069 3153 3083 3166 ·
3131 3137 3244 3190 ἀλλ’
3278 3139 3461 3190 ἐκεῖνα
3498 3138 3601 3207 μὲν
3627 3157 3717 3192 κεη-

2129 3223 2444 3295 κρατήσθω,
2486 3227 2580 3278 καὶ
2612 3227 2778 3296 μόνης
2807 3226 2908 3297 τῆς
2963 3221 3317 3280 θεοπνεύστου
3345 3229 3619 3300 Διαθήκης
3645 3230 3714 3283 τὰ

2127 3315 2407 3386 δευτερεῖα
2438 3317 2686 3386 φερέσθω
2709 3334 2722 3349 ·
2764 3317 2834 3370 τὰ
2862 3319 2918 3372 δέ
2947 3320 3193 3390 ἡμέτερα
3223 3319 3298 3382 ὡς
3334 3321 3392 3372 ἐν
3422 3322 3713 3391 γυμνασίῳ

2127 3406 2233 3457 τινὶ
2278 3406 2646 3475 σχολαστικῶς
2697 3409 3120 3479 ἐπιχειρούμενα
3167 3413 3279 3474 τοῖς
3322 3411 3711 3479 ἐντυγχάνουσι

2127 3497 2470 3567 προκείσθω,
2527 3499 2796 3569 μηδεμιᾶς
2852 3500 3042 3569 μηδενὶ
3096 3499 3185 3553 διά
3237 3499 3441 3553 τούτων
3501 3499 3713 3572 βλάϐης

2125 3588 2581 3658 προσγινομένης,
2627 3589 2682 3640 εί
2706 3607 2758 3641 τι
2787 3589 2939 3658 παρά
2966 3589 3065 3659 τὴν
3113 3587 3296 3660 κοινὴν
3331 3589 3601 3660 ὑπόληψιν
3649 3594 3712 3644 ἐν

2123 3682 2231 3741 τοῖς
2258 3678 2572 3750 λεγομένοις
2599 3680 2924 3758 εὑρίσκοιτο.
2958 3681 3032 3732 Οὐ
3061 3681 3169 3751 γὰρ
3199 3681 3374 3751 δόγμα
3413 3682 3504 3734 τὸν
3545 3682 3710 3750 λόγον

2122 3769 2444 3840 ποιούμεθα,
2478 3769 2618 3823 ὥστε
2647 3771 2900 3842 ἀφορμὴν
2939 3771 3122 3824 δοῦναι
3147 3775 3261 3835 τοῖς
3290 3771 3668 3826 διαϐάλλουσιν
3689 3790 3705 3805 ’

2119 3861 2234 3913 ἀλλ’
2285 3861 2658 3932 ὁμολογοῦμεν
2701 3863 3067 3932 ἐγγυμνάζειν
3121 3863 3280 3933 μόνον
3345 3863 3551 3916 ἑαυτῶν
3603 3865 3708 3936 τὴν

2119 3951 2379 4013 διάνοιαν,
2405 3956 2517 4015 τοῖς
2548 3954 2932 4023 προκειμένοις
2953 3958 3241 4024 νοήμασιν,
3269 3955 3329 4007 οὐ
3353 3955 3707 4010 διδασκαλίαν

2117 4040 2449 4112 ἐξηγητικὴν
2501 4044 2612 4104 τοῖς
2662 4042 2862 4111 ἐφεξῆς
2913 4043 3288 4098 ἀποτίθεσθαι.
3343 4045 3415 4098 Τὸ
3462 4045 3562 4115 μὲν
3607 4041 3706 4099 οὖν

2119 4129 2525 4200 συμπλέκεσθαι
2565 4130 2699 4201 πρὸς
2730 4131 2828 4196 τὰς
2856 4135 3136 4197 ἐνστάσεις
3163 4134 3261 4198 τάς
3280 4135 3389 4188 ἀπὸ
3411 4137 3508 4204 τῆς
3535 4137 3705 4204 ἁγίας

2116 4223 2336 4294 Γραφῆς
2395 4225 2524 4293 ἡμῖν
2601 4225 3058 4294 προτεινομένας,
3111 4225 3208 4278 καὶ
3269 4227 3333 4279 ἐκ
3389 4227 3496 4280 τῶν
3561 4231 3696 4297 περὶ

2114 4311 2252 4364 πόδα
2279 4311 2431 4381 παρά
2482 4311 2575 4364 τοῦ
2631 4312 2950 4367 διδασκάλου
3002 4315 3158 4384 ἡμῶν
3209 4315 3698 4387 ἐρμηνευθέντων,

433 4382 640 4435 clarata
667 4391 816 4448 sunt,
849 4401 1078 4457 quaeque
1107 4391 1161 4443 in
1194 4405 1541 4451 communem
1576 4400 1886 4468 opinionem
1918 4418 2011 4457 ca-

2133 4403 2212 4454 icra
2275 4402 2423 4456 δοκεῖ
2456 4403 2530 4473 μὴ
2582 4402 2902 4474 συμϐαίνειν
2946 4382 3065 4470 ταίς
3108 4382 3314 4470 κοιναίς
3341 4382 3700 4478 -ύπολήψεοι,

432 4471 562 4527 dere
588 4473 862 4540 videntur,
889 4479 1249 4550 implicemur.
1265 4483 1584 4543 Nobisenim
1598 4503 1796 4549 nonest
1810 4507 2009 4563 propo-

432 4563 600 4618 situm
631 4571 690 4617 ut
723 4579 785 4619 ea
818 4567 1177 4626 conciliemus
1203 4588 1324 4641 quae
1351 4575 1602 4643 protinus
1638 4589 1902 4649 apparent
1928 4585 2013 4637 in-

433 4663 514 4706 ter
541 4667 600 4706 se
634 4656 934 4709 contraria.
966 4657 1332 4723 Quamobrem
1359 4665 1520 4720 liceat
1557 4668 1718 4725 nobis
1754 4686 1818 4726 ex
1854 4673 2013 4730 insti-

434 4753 553 4797 tuto
581 4755 772 4798 nostro
799 4747 1092 4803 verborum
1123 4766 1346 4807 sensum
1381 4757 1689 4826 explorare,
1725 4769 1780 4816 et
1807 4761 1860 4817 in
1888 4779 2008 4819 eam

432 4845 618 4885 curam
648 4833 985 4905 incumbere,
1019 4848 1078 4894 ut
1101 4841 1330 4897 vocibus
1362 4843 1417 4898 in
1447 4847 1850 4916 signiﬁcatione
1876 4869 2006 4923 pro-

432 4921 548 4992 pria
575 4928 1019 4991 permanentibus
1044 4943 1254 4987 certum
1285 4950 1466 4990 rerum
1485 4921 1892 5008 procreationis
1911 4962 2003 5002 or-

429 5011 634 5076 dinem,
671 5026 736 5066 ac
785 5017 980 5071 seriem
1035 5023 1489 5092 contemplemur.
1529 5046 1550 5079 ι
1631 5031 1687 5086 ln
1746 5037 2014 5108 priuetpio

428 5103 711 5174 (inquit),
748 5103 877 5160 fecit
919 5108 1061 5165 Deus
1096 5114 1295 5168 celum
1330 5127 1385 5171 et
1420 5127 1622 5178 terram
1647 5124 1686 5189 ⁸,
1735 5103 1758 5175 ί
1795 5135 1846 5180 et
1872 5103 2004 5182 reli-

428 5210 554 5261 qua,
589 5211 710 5265 quae
740 5197 1000 5270 deinceps
1039 5204 1227 5259 mundi
1271 5206 1531 5266 fabricam
1559 5225 1613 5269 et
1649 5230 1713 5270 ea
1745 5234 1867 5287 qua:
1907 5235 2003 5274 sex

427 5283 635 5340 dierum
666 5290 846 5358 spatio
875 5289 1017 5344 facta
1053 5303 1184 5349 sunt
1215 5299 1670 5370 complectuntur.
1707 5283 1996 5379 Caeterum,

429 5377 742 5446 priusquam
779 5397 969 5437 eorum
1004 5402 1126 5456 qua:
1155 5391 1358 5459 scripta
1405 5402 1557 5460 sunt,
1604 5377 2000 5465 expositionem

427 5467 822 5537 aggrediamur,
871 5473 1002 5530 illud
1049 5479 1207 5534 nobis
1250 5482 1488 5549 positum
1527 5489 1999 5562 constitutumque

424 5555 497 5611 sit
511 5557 565 5611 in
584 5565 966 5621 naturadiviua
986 5585 1110 5626 cum
1130 5572 1413 5632 voluntate
1442 5576 1515 5632 ita
1538 5591 1868 5639 concurrere
1893 5555 1994 5656 po-

528 5669 548 5702 ⁶
581 5666 716 5723 Gen.
741 5686 782 5738 ι,
820 5673 872 5726 1.

2117 4494 2308 4564 μηδεὶς
2363 4494 2658 4548 άπαιτείτω
2706 4495 2797 4549 τὸν
2843 4497 2975 4566 ἐμὸν
3021 4498 3199 4568 λόγον.
3251 4501 3326 4554 Οὐ
3378 4502 3488 4573 γὰρ
3535 4501 3702 4556 τοῦτό

2111 4601 2202 4654 μοι
2263 4585 2568 4654 πρόκειται,
2622 4587 2701 4647 τὸ,
2755 4587 3084 4660 συνηγορίαν
3133 4591 3258 4644 τινὰ
3304 4594 3417 4654 τοῖς
3461 4593 3526 4644 ἐκ
3597 4591 3699 4646 τοῦ

2108 4673 2398 4744 προχείρου
2476 4677 2820 4746 φαινομένοις
2897 4679 3297 4750 ἐναντιώμασιν
3367 4683 3694 4750 ἐπινοῆσαι⁶

2107 4765 2244 4818 ἀλλά
2278 4782 2367 4834 μοι
2400 4768 2809 4839 συγχωρηθήτω
2843 4770 2966 4824 κατ’
2995 4770 3242 4835 ἐξουσίαν
3275 4770 3414 4844 πρὸς
3445 4774 3537 4826 τὸν
3561 4775 3698 4828 ῐδιον

2109 4856 2310 4908 σκοπὸν
2353 4854 2451 4925 τὴν
2498 4855 2608 4910 τῶν
2659 4857 2839 4928 ῥητῶν
2885 4859 3139 4925 ἐξετάσαι
3193 4861 3468 4916 διάνοιαν·
3520 4863 3698 4926 εἶπως

2106 4947 2237 5018 ἡμῖν
2269 4947 2480 5015 γένοιτο
2505 4947 2750 5013 δυνατὸν,
2781 4951 3068 5020 συμμαχίᾳ
3105 4950 3264 5016 Θεοῦ,
3294 4952 3562 5022 μενούσης
3589 4951 3696 5023 τῆς

2104 5038 2303 5104 λέξεως
2334 5041 2427 5092 ἐπὶ
2458 5039 2560 5109 τῆς
2601 5039 2735 5103 ἰδίας
2765 5041 3075 5110 ἐμφάσεως,
3109 5043 3524 5114 συνηρτημένην
3567 5045 3696 5098 τινὰ

2105 5133 2197 5185 καὶ
2225 5130 2515 5185 ἀκόλουθον
2553 5133 2610 5184 ἐν
2635 5133 2701 5201 τῇ
2732 5131 2906 5185 κτίσει
2934 5132 3044 5186 τῶν
3081 5134 3383 5202 γεγονότων
3407 5134 3695 5205 ἐπινοῆσαι

2109 5225 2209 5293 τὴν
2259 5221 2512 5291 θεωρίαν.
2568 5241 2586 5273 ι
2639 5221 2728 5276 Ἐν
2751 5224 2899 5296 ἀρχῇ
2955 5223 3202 5294 ἐποίησε,
3255 5227 3440 5293 φησὶν,
3493 5229 3522 5278 ό
3554 5226 3694 5288 Θεὸς

2106 5313 2196 5366 τὸν
2229 5311 2457 5382 οὐρανὸν
2488 5313 2580 5366 καὶ
2607 5313 2706 5384 τὴν
2735 5313 2862 5382 γῆν,
2901 5331 2919 5362 ι
2949 5315 3044 5366 καὶ
3071 5315 3142 5368 τά
3177 5315 3377 5384 ἐφεξῆς
3405 5316 3503 5369 ὅσα
3529 5329 3700 5382 περιέ·

2108 5402 2221 5472 έχει
2247 5403 2346 5470 τῆς
2372 5397 2730 5470 κοσμογονίας
2753 5401 2783 5452 ὁ
2813 5401 2988 5468 λόγος,
3011 5401 3088 5462 ,τὰ
3119 5403 3217 5471 μὲν
3246 5401 3309 5473 δὴ
3344 5406 3692 5471 γεγενημένα

2105 5493 2245 5546 κατὰ
2285 5493 2384 5562 τὴν
2439 5491 2774 5564 Ἐξαήμερον
2821 5490 3014 5546 ταῦτα.
3063 5493 3183 5563 Χρὴ
3230 5493 3309 5555 δὲ,
3354 5489 3529 5562 οἶμαι,
3577 5493 3694 5560 πρὸ

2102 5583 2202 5656 τῆς
2238 5583 2536 5647 ἐξετάσεως
2565 5582 2674 5636 τῶν
2698 5584 3121 5655 γεγραμμένων,
3160 5586 3337 5639 ἐκεῖνο
3366 5584 3691 5656 διομολογηο
