3880 6360
146 293 195 346 69
1289 271 1355 327 ῘΝ
1391 269 1867 328 IIEXAEMERON
1902 270 2127 325 LIBER.
3285 271 3356 327 πθ

149 407 272 470 θῆναι
296 399 366 470 τῷ
387 399 546 468 λόγῳ,
578 398 662 450 ὅτι
697 396 794 449 ἐπὶ
821 392 1101 464 τῆςθείας
1131 391 1345 462 φύσεως
1378 390 1674 463 σύνδρομός

1826 397 2052 454 :statem,
2071 397 2131 444 ut
2148 389 2242 445 Dei
2267 388 2556 460 potestatis
2578 401 2836 444 mensura
2862 386 2934 442 sit
2951 386 3068 457 ipsa
3083 388 3358 460 voluntas;

148 501 236 548 ἐστι
261 497 317 562 τῇ
363 492 609 562 βουλήσει
641 491 674 560 ἡ
725 487 972 556 δύναμις,
1008 486 1104 540 καὶ
1139 485 1338 557 μέτρον
1373 485 1473 554 τῆς
1509 484 1673 538 δυνά-

1827 481 2033 536 )luntas
2072 489 2255 536 autem
2298 487 2380 536 est
2419 480 2709 550 sapientia.
2759 477 3051 550 Sapientiae
3088 495 3215 534 vero
3259 493 3359 550 po-

155 600 267 653 μεως
293 581 379 634 τοῦ
426 579 558 632 Θεοῦ
605 578 664 632 το
697 577 907 647 θέλημα
953 575 1197 644 γίνεται·
1246 573 1308 627 τὸ
1359 573 1418 627 δὲ
1469 572 1678 643 θέλημα

1826 575 1956 628 rium
1969 583 2076 643 est,
2092 589 2200 628 non
2227 574 2477 646 ignorare
2495 571 2771 643 quomodo
2793 570 3220 641 unumquodque
3248 572 3358 627 ttat.

152 675 277 746 σοφία
308 674 464 728 ἐστίν.
497 671 695 740 Σοφίας
738 669 795 722 δὲ
826 669 974 730 ἴδιον,
1003 666 1065 719 τὸ
1096 665 1259 738 μηδὲν
1291 665 1502 731 ἀγνοεῖν
1531 665 1678 726 ὅπως

1827 681 1950 721 orro
1998 666 2368 737 cognitionem
2414 671 2658 734 potestas
2707 664 2976 732 sequitur.
3019 660 3359 732 Quapropter

152 771 202 822 ἂν
221 767 277 820 τὰ
299 765 408 819 καθ’
429 765 655 816 ἕκαστον
678 760 906 830 γένοιτο.
935 759 1013 829 Τῇ
1042 758 1098 811 δὲ
1123 757 1322 825 γνώσει
1353 756 1678 826 συμπέφυκε

1832 759 1944 812 mul
1970 766 2024 814 et
2055 757 2306 814 facienda
2337 757 2616 826 cognovit,
2640 762 2694 810 et
2723 755 2874 808 nulla
2904 754 3226 824 interposita
3255 769 3357 808 mo-

152 860 226 913 καὶ
257 861 285 928 ἡ
313 857 562 925 δύναμιςο
601 853 742 906 ὥστε
776 851 910 922 ὁμοῦ
957 850 1099 918 ἔγνω
1133 849 1193 902 τὸ
1243 849 1360 901 δεον
1406 847 1678 916 γενέσθαι,

1830 866 1842 902 ι
1872 850 2154 904 concurrit
2187 865 2368 905 rerum
2409 848 2651 903 effectrix
2691 849 2797 909 vis,
2830 863 2950 917 qua:
2981 849 3196 918 cognita
3236 863 3362 917 per-

154 951 439 1020 συνέδραμεν
465 948 498 1016 ὴ
547 942 910 1014 ὲξεργαστικὴ
940 940 1049 994 τῶν
1083 940 1252 993 ὄντων
1298 940 1469 1008 ἰσχὺς,
1504 937 1566 991 τὸ
1593 954 1682 991 νο-

1829 948 1995 1004 ceret,
2035 949 2096 996 et
2133 942 2253 997 sine
2286 942 2398 995 ullo
2432 941 2720 995 intervallo
2753 955 2876 995 cum
2907 939 3189 994 voluntate
3225 954 3361 993 con-

152 1041 256 1112 ηθὲν
297 1042 369 1102 είς
416 1039 695 1108 ἐνέργειαν
745 1035 986 1103 ἄγουσα,
1036 1033 1130 1084 καὶ
1186 1030 1339 1084 οὐδὲν
1400 1029 1559 1100 μετὰ·
1586 1029 1683 1099 τὴν

1829 1041 2029 1088 unctum
2066 1047 2207 1102 opus
2247 1033 2595 1087 continenter
2639 1041 2923 1086 ostensum
2952 1037 3076 1085 est:
3113 1029 3361 1100 quando-

154 1132 317 1199 γνῶσιν
353 1126 805 1200 ὑφεστερίζουσα,
841 1122 978 1178 ἀλλὰ
1020 1121 1380 1192 συνημμένως
1409 1120 1502 1174 καὶ
1531 1121 1685 1175 ἀδια-

1832 1123 2005 1178 uidem
2040 1123 2282 1194 potentia
2324 1123 2580 1177 voluntas
2613 1129 2719 1188 est,
2754 1121 3055 1190 eodemque
3091 1125 3364 1173 momento

155 1223 328 1283 στὰτως
380 1217 847 1272 συναναδείκνυται
902 1215 970 1284 τῇ
1030 1210 1192 1282 βουλῇ
1243 1212 1334 1264 καὶ
1386 1209 1448 1263 τὸ
1503 1209 1684 1280 ἔργον.

1830 1215 2058 1285 rospicit
2089 1213 2367 1286 quomodo
2395 1228 2485 1268 res
2520 1213 2673 1278 (iant,
2707 1221 2762 1268 et
2788 1213 3108 1268 occasiones
3138 1211 3362 1282 praebet,

154 1313 354 1381 Δύναμις
377 1310 480 1381 γάρ
515 1309 723 1378 ἐστινὴ
755 1305 918 1376 βουλὴ
963 1303 1106 1358 κατὰ
1133 1303 1324 1357 ταυτὸν
1346 1343 1360 1365 ,
1414 1303 1508 1355 καὶ
1540 1303 1686 1364 ὅπως

1834 1318 1848 1362 t
1889 1309 2127 1378 cogitata
2163 1307 2273 1362 sint
2316 1305 2480 1360 facta.
2521 1305 2887 1372 Quamobrem
2931 1306 3113 1359 omnia
3141 1319 3264 1375 quae
3310 1304 3366 1359 in

153 1404 208 1456 ἂν
231 1404 289 1456 τὰ
313 1401 430 1454 ὅντα
459 1400 672 1468 γένοιτο
701 1394 1155 1468 προϐουλεύουσα,
1187 1394 1281 1447 καὶ
1308 1394 1407 1456 τὰς
1434 1394 1685 1464 ἀφορμὰς

1835 1415 1900 1454 eo
1933 1409 2085 1463 sunt,
2118 1399 2186 1454 ad
2222 1414 2405 1454 rerum
2439 1399 2876 1469 procreationem
2913 1397 3238 1468 pertinentia
3285 1398 3364 1453 si-

159 1495 268 1564 πρὸς
298 1495 386 1564 τὴν
415 1494 520 1545 τῶν
552 1491 857 1562 νοηθέντων
901 1489 1132 1559 ὓπαρξιν
1171 1487 1557 1559 ἐκπορίζουσιν..
1603 1488 1690 1550 Ὠς

1835 1492 1903 1544 nul
1932 1492 2264 1561 cogitantur,
2297 1490 2574 1552 voluntas,
2607 1489 2899 1558 sapientia,
2931 1495 3173 1558 potestas
3201 1495 3256 1542 et
3279 1502 3367 1541 re-

157 1586 267 1655 ὁμοῦ
291 1586 353 1639 τὰ
382 1587 554 1640 πάντα
577 1585 676 1638 τοῦ
703 1584 836 1637 Θεοῦ
864 1583 990 1652 περὶ
1014 1583 1114 1652 τὴν
1145 1581 1324 1636 κτίσιν
1346 1581 1603 1648 νοεῖσθαι,
1630 1581 1689 1635 τὸ

1838 1597 1912 1634 Ill]
1943 1581 2188 1650 ipsarum
2219 1587 2438 1636 natura.
2473 1578 2606 1645 Quae
2629 1593 2755 1633 cum
2791 1579 2870 1633 ita
2910 1580 3041 1644 sint,
3078 1593 3238 1634 nemo
3262 1593 3370 1633 am-

159 1678 352 1748 θέλημα,
387 1677 480 1748 τὴν
528 1677 747 1745 σοφίαν,
795 1677 893 1745 τὴν
939 1674 1186 1744 δύναμιν,
1231 1674 1330 1745 τὴν
1361 1674 1550 1728 οὐσίαν
1581 1673 1691 1726 τῶν

1837 1673 1957 1734 lius,
2001 1670 2276 1741 quomodo
2313 1677 2406 1724 aut
2445 1671 2609 1738 unde,
2657 1671 3053 1741 perscrutando
3088 1671 3369 1740 inquiren-

148 1754 311 1821 θντων.
343 1769 536 1822 Τούτου
565 1769 625 1822 δὲ
656 1768 825 1832 οὕτως
875 1768 1108 1838 ἔχοντος,
1153 1767 1329 1820 οὐκέτ’
1360 1766 1425 1820 ἄν
1449 1785 1534 1830 τις
1573 1785 1680 1821 στει

1839 1781 1973 1834 nque
2024 1773 2374 1832 torqueatur;
2427 1764 2607 1821 solent
2642 1763 2786 1817 enim
2841 1762 3064 1832 quidam
3108 1763 3174 1816 ad
3225 1763 3371 1822 hunc

159 1865 404 1933 νοκωροττο
433 1862 558 1932 ’περὶ⁵
583 1861 689 1931 τῆς
719 1860 849 1929 ὕλης
883 1862 1324 1931 διερευνώμενος,
1353 1860 1415 1912 τὸ
1455 1860 1571 1924 πῶς
1600 1861 1691 1914 καὶ

1840 1855 2016 1908 nodum
2053 1855 2363 1924 percontari
2389 1854 2482 1911 :Si
2515 1853 2764 1917 materia,
2799 1854 3071 1923 inquiunt,
3115 1853 3257 1908 Deus
3278 1869 3372 1909 va-

162 1953 208 2002 τὸ
232 1952 371 2004 ποθεν
395 1950 671 2020 ἐπιζητῶν
696 1969 710 1982 ο
745 1945 833 2004 οἷα
869 1951 932 2022 δὴ
966 1951 1230 2020 λεγόντων
1263 1951 1412 2004 ἔστιν
1453 1951 1692 2015 ἀκούειν,

1839 1955 1903 2010 at,
1942 1947 2085 2002 unde
2101 1947 2364 2001 materia?
2395 1947 2670 2016 quomodo
2693 1956 2873 1999 autem
2901 1954 3168 2015 quantum
3193 1959 3259 1999 ex
3285 1961 3371 2011 eo,

162 2045 213 2095 Εἰ
237 2043 374 2106 ἆῡλὸς
404 2045 544 2096 ἐστιν
581 2045 610 2096 ὁ
654 2043 804 2107 Θεὸς,
855 2043 1018 2097 πόθεν
1061 2046 1094 2114 ἡ
1137 2043 1259 2113 ὕλη,
1293 2043 1410 2106 πῶς
1439 2044 1501 2097 τὸ
1530 2044 1694 2096 ποσὸν

1841 2040 1888 2091 ui
1922 2040 2408 2108 caretquantitate.
2434 2037 2874 2108 autaspectabile
2889 2053 2960 2092 ex
2980 2038 3091 2101 illo,
3111 2039 3201 2108 qui
3223 2039 3373 2092 cerni

164 2138 214 2187 ἐκ
233 2136 311 2188 τοῦ
336 2138 551 2201 ἁπόσου,
584 2139 684 2190 καὶ
711 2137 777 2189 ὲκ
806 2136 899 2189 τοῦ
934 2137 1134 2188 ἀόπτου
1164 2136 1226 2188 τὸ
1251 2136 1465 2206 ὁρατὸν,
1497 2136 1591 2189 καὶ
1634 2137 1696 2188 ὲκ

1842 2145 1906 2181 on
1929 2128 2250 2197 potest?aut
2269 2145 2336 2184 ex
2357 2144 2444 2192 eo,
2474 2130 2565 2198 qui
2591 2128 2737 2182 nulla
2765 2129 2906 2183 mole
2925 2129 3374 2197 circumscriptus

165 2228 240 2280 τοῦ
263 2229 541 2298 ἀμεγέθους
569 2246 631 2282 τε
655 2229 748 2282 καὶ
785 2227 1056 2297 ἀορίστου,
1079 2228 1140 2281 τὸ
1167 2229 1384 2292 πάντως
1412 2227 1561 2298 ὄγκῳ
1589 2228 1697 2281 τινὶ

1843 2230 1904 2281 st,
1930 2219 1981 2272 id
1999 2219 2140 2288 quod
2165 2219 2346 2288 aliqua
2365 2220 2586 2272 omnino
2607 2219 2979 2289 magnitudine
2997 2219 3375 2288 amplitudine-

167 2321 242 2372 καὶ
278 2321 573 2392 πηλι-κότητι
610 2320 968 2392 ὁριζόμενον;
1004 2322 1096 2373 καὶ
1131 2320 1198 2373 τὰ
1229 2319 1360 2374 ἄλλα
1395 2320 1572 2373 πάντα
1601 2322 1699 2373 ὅσα

1841 2326 1908 2365 ue
1926 2311 2304 2366 concluditur?
2325 2311 2448 2365 Haec
2470 2319 2522 2364 et
2539 2310 2644 2363 alia
2665 2309 2847 2364 omnia
2873 2310 3114 2379 ejusdem
3136 2312 3373 2381 generis,

169 2414 272 2482 περὶ
307 2415 394 2484 τὴν
441 2414 568 2484 ὕλην
615 2416 832 2485 ὁρᾶται,
883 2414 1062 2484 πῶςῆ
1103 2413 1265 2468 πόθεν
1299 2415 1620 2485 παρήγαγεν
1673 2417 1701 2468 ὁ

1846 2420 1921 2457 me
1953 2406 2005 2458 in
2053 2405 2166 2474 ipsa
2193 2404 2420 2457 materia
2461 2402 2733 2466 videntur,
2778 2418 3015 2471 quonam
3059 2411 3238 2472 pacto,
3286 2413 3378 2457 aut

171 2505 305 2573 μηδὲν
334 2506 384 2557 ὲν
420 2509 484 2576 τῇ
531 2506 732 2561 ἑαυτοῦ
762 2506 922 2574 φύσει
950 2505 1186 2560 τοιοῦτον
1216 2506 1388 2576 ἔχωνς
1441 2507 1554 2559 Μία
1588 2508 1702 2576 γὰρ

1847 2497 1949 2553 nde
1971 2498 2224 2566 produxit
2246 2497 2356 2556 ille,
2376 2495 2468 2564 qui
2491 2495 2543 2548 in
2567 2502 2760 2548 natura
2788 2507 2886 2546 sua
2907 2494 3040 2548 nihil
3057 2493 3219 2548 habet
3240 2495 3379 2564 ejus-

169 2593 361 2646 ἑκάστου
401 2595 504 2648 τῶν
539 2598 675 2666 περὶ
712 2595 978 2666 τῆςῦιλης
1027 2596 1448 2668 προφερομένων
1497 2599 1628 2668 ἡμῖν
1667 2597 1701 2667 ἡ

1848 2587 1986 2640 nodi?
2013 2586 2094 2640 Ad
2126 2585 2371 2655 singulas
2402 2584 2568 2649 enim,
2601 2598 2721 2651 quae
2747 2583 2816 2636 de
2839 2583 3066 2637 materia
3098 2583 3380 2652 proferun-

170 2684 308 2749 λύσις,
343 2689 396 2740 τὸ
426 2691 559 2758 μήτε
589 2689 852 2743 ἀδύνατον
877 2691 975 2762 τὴν
1019 2690 1212 2759 σοφίαν
1235 2691 1328 2744 τοῦ
1350 2690 1483 2743 Θεοῦ
1512 2690 1701 2744 ὑποτί-

1845 2695 1892 2731 ιτ
1920 2677 2271 2748 συωειίοηεε,
2313 2691 2418 2729 una
2449 2676 2538 2728 illa
2575 2676 2732 2728 nobis
2757 2674 2957 2728 solutio
2993 2681 3077 2728 est
3116 2693 3127 2728 :
3157 2690 3255 2729 nec
3284 2674 3377 2729 Dei

170 2775 343 2842 θέσθαι,
388 2782 516 2851 μήτε
559 2782 663 2852 τὴν
695 2782 922 2852 δύναμιν
953 2783 1154 2852 ἄσοφον
1176 2801 1189 2814 ·
1222 2783 1356 2836 ἀλλὰ
1390 2783 1508 2853 μετ’
1541 2782 1702 2851 ἀλλή-

1844 2771 2148 2839 ιρὶειηὶεηι,
2169 2767 2517 2837 impotentem
2540 2783 2555 2831 ;
2575 2780 2673 2819 nec
2690 2765 3011 2834 potentiam,
3032 2765 3376 2835 insipientem

171 2869 256 2922 ὶων
297 2868 418 2924 εἶναι
464 2874 661 2935 ταῦτα,
712 2875 805 2927 καὶ
834 2873 891 2927 ἒν
937 2875 1222 2946 ἀμφότερα
1253 2876 1586 2945 δείκνυσθαι,
1625 2875 1703 2938 ὡς

1853 2860 2052 2930 reponi,
2079 2858 2172 2912 sed
2205 2859 2346 2910 inter
2368 2871 2428 2911 se
2456 2864 2646 2910 mutuo
2663 2856 2958 2925 conjuncta
2990 2871 3134 2920 esse,
3155 2864 3208 2911 et
3233 2871 3385 2911 utra.

174 2960 268 3029 ἅμα
294 2964 376 3016 καὶ
409 2964 544 3018 κατὰ
586 2965 787 3018 ταύτὸν
832 2964 911 3034 τῷ
957 2965 1129 3035 ἑτέρῳ
1156 2945 1600 3035 ίσυγκαθορᾶσθαι
1642 2964 1704 3017 τὸ

1851 2968 1909 3006 ne
1929 2964 2095 3004 unum
2117 2945 2356 3011 ostendi,
2381 2948 2616 3002 utsimul
2641 2947 2957 3018 pariterque
2981 2948 3034 3002 in
3057 2958 3288 3017 utroque
3311 2950 3383 3003 al-

173 3051 340 3120 ἱτερον.
370 3055 436 3106 Τό
475 3071 533 3108 τε
577 3056 693 3126 γὰρ
727 3055 888 3125 σοφὸν
915 3056 1080 3109 αὐτοῦ
1115 3056 1327 3127 θέλημα
1357 3061 1423 3127 τῇ
1475 3057 1702 3126 δυνάμει

1849 3059 1982 3098 rrum
2005 3051 2286 3096 cernatur.
2317 3039 2597 3110 Siquidem
2620 3048 2674 3095 et
2697 3041 2917 3109 sapiens
2935 3041 3108 3111 ipsius
3129 3043 3381 3096 voluntas

173 3141 258 3195 ’.ὧν
297 3148 690 3219 ἐνεργουμένων
742 3148 1097 3217 ἐφανερώθη,
1151 3149 1305 3218 καὶὴ
1372 3149 1699 3219 ἐνεργητικὴ

1851 3142 2074 3190 utestate
2108 3133 2378 3187 factorum
2417 3139 2502 3186 est
2539 3133 2812 3186 declarata
2837 3171 2851 3196 ,
2895 3140 2950 3186 et
2980 3131 3223 3188 effectrix
3263 3135 3383 3204 ejus

174 3236 305 3288 αὑτοῦ
329 3238 543 3309 δύναμις
605 3241 669 3290 ἐν
711 3238 788 3309 τῷ
817 3238 963 3309 σοφῷ
998 3239 1262 3309 θελήματι
1293 3237 1601 3307 ἐτελειώθη.
1640 3239 1702 3289 Et

1849 3234 2052 3282 otestas
2092 3227 2147 3279 in
2185 3225 2362 3296 ipsius
2402 3226 2651 3294 sapiente
2681 3229 2965 3279 voluntate
2999 3224 3240 3294 perfecta
3277 3233 3381 3280 est.

173 3322 247 3378 οὖν
265 3329 316 3379 ὲν
349 3329 418 3399 τῷ
439 3331 582 3401 αὐτῷ
611 3331 710 3384 καὶ
739 3330 876 3383 κατὰ
902 3331 1094 3383 ταύτόν
1122 3333 1269 3384 ἐστιν
1296 3333 1328 3400 ή
1369 3327 1528 3396 σοφία
1551 3328 1645 3381 καὶ
1668 3329 1702 3398 ή

1854 3317 2067 3382 roinde,
2087 3317 2130 3370 si
2155 3326 2208 3370 ct
2234 3317 2286 3370 in
2305 3315 2495 3371 eodem
2518 3323 2575 3369 et
2602 3316 2768 3369 simul
2792 3317 3065 3384 sapientia
3090 3325 3196 3381 est,
3222 3326 3386 3387 atque

175 3414 360 3487 δύναμις
409 3418 527 3473 οὔτε
571 3422 762 3488 ἁγνοεί
791 3421 937 3483 ὅπως
968 3419 1035 3474 ἂν
1084 3420 1183 3490 ὕλη
1229 3419 1364 3490 πρὸς
1392 3420 1492 3490 τὴν
1532 3436 1704 3472 κατα-

1855 3408 2080 3474 )tenti-a;
2105 3423 2206 3462 nec
2227 3408 2759 3478 ignorat,quomodo
2796 3408 2861 3459 ad
2888 3423 3071 3462 rerum
3112 3410 3387 3478 composi-

178 3509 339 3580 σκευὴν
363 3511 603 3582 εὑρεθείη
641 3511 750 3562 τῶν
778 3512 966 3578 ὄντων,
1002 3511 1112 3565 οὔτ’
1148 3511 1396 3566 ἀδυνατεῖ
1427 3511 1487 3565 τὸ
1514 3510 1705 3581 νοηθὲν

1855 3514 2012 3554 onem
2063 3499 2378 3553 inveniatur
2422 3498 2675 3560 materia,
2726 3513 2829 3552 nec
2873 3498 3150 3555 invalidus
3200 3511 3283 3556 est
3320 3501 3387 3556 ad

178 3607 464 3670 προαγαγεῖν
497 3606 576 3667 εἰς
611 3603 916 3672 ἐνέργειαν.

1807 3592 1942 3646 illud
1970 3591 2337 3653 eﬂiciendum,
2370 3589 2517 3659 quod
2550 3590 2718 3644 novit.

233 3693 453 3747 Πάνταδὲ
468 3695 786 3764 δυνάμενος,
805 3693 939 3764 ὁμοῦ
956 3693 1025 3747 τὰ
1044 3693 1224 3746 πάντα
1237 3692 1304 3746 δι’
1323 3685 1444 3763 ὧνή
1465 3693 1562 3761 ὓλη
1583 3710 1707 3747 συν-

1878 3683 2066 3752 Itaque
2093 3697 2219 3736 cum
2254 3684 2436 3736 omnia
2455 3683 2648 3749 possit,
2667 3681 2731 3734 ad
2753 3696 2934 3735 rerum
2959 3691 3388 3751 procreationem

181 3781 358 3836 ίσταται
375 3785 446 3854 τῷ
469 3784 617 3855 σοφῷ
639 3801 700 3836 τε
723 3783 814 3836 καὶ
831 3782 1038 3852 δυνατῷ
1064 3782 1329 3852 θελήματι
1383 3780 1708 3834 κατεϐάλετο

1853 3772 2040 3842 Ipienti
2073 3772 2390 3842 potentique
2410 3772 2690 3824 voluntate
2723 3771 2888 3825 simul
2920 3772 3103 3824 omnia
3131 3774 3385 3837 contulit,

178 3875 288 3944 πρὸς
306 3876 392 3946 τὴν
406 3875 750 3946 ἀπεργασίαν
763 3873 868 3927 τῶν
881 3875 1070 3938 ὄντων,
1083 3874 1143 3926 τὸ
1157 3873 1376 3942 κοῦφον,
1395 3872 1456 3924 τὸ
1474 3871 1634 3942 βαρὺ,
1651 3869 1710 3923 τὸ

1857 3865 2106 3927 ενὶιιιιειιι,
2146 3863 2486 3931 gravitatem,
2523 3861 2871 3924 densitatem,
2913 3862 3214 3925 raritatem,
3251 3864 3389 3916 mol-

178 3967 352 4030 ναστὸν,
368 3969 423 4022 τὸ
441 3970 660 4039 ἀραιὸν,
679 3968 741 4020 τὸ
761 3968 1018 4037 μαλακὸν,
1039 3966 1101 4019 τὸ
1116 3967 1425 4030 ἀντίτυπον,
1443 3966 1503 4018 τὸ
1523 3965 1709 4036 ὑγρὸν,

1859 3955 2120 4021 tudinem,
2161 3954 2438 4017 duritiam,
2479 3952 2885 4017 humidilatem,
2930 3953 3255 4016 siccitatem,
3298 3955 3391 4009 l'ri-

177 4057 226 4109 τὺ
242 4058 401 4127 ξηρὸν,
425 4061 484 4113 τὸ
512 4059 744 4130 ψυχρὸν,
773 4058 832 4112 τὸ
851 4057 1070 4128 θερμὸν,
1086 4057 1148 4110 τὸ
1165 4054 1384 4127 χρῶμα,
1414 4055 1475 4107 τὸ
1503 4057 1709 4125 σχῆμα,

1861 4048 2118 4110 ditatem,
2158 4047 2512 4114 caliditatem,
2552 4047 2812 4111 colorem,
2851 4047 3103 4117 ﬁguram,
3144 4048 3393 4101 circum—

177 4151 256 4219 τὴν
269 4154 616 4223 περιγραφὴν,
639 4151 703 4203 τὸ
717 4150 1008 4220 διάστημαο
1029 4148 1066 4202 ἃ.
1089 4148 1266 4202 πάντα
1291 4148 1388 4217 μὲν
1408 4147 1528 4200 καθ’
1545 4147 1709 4200 ἑαυτὰ

1862 4139 2192 4208 :riptionem,
2222 4137 2601 4192 intervallum:
2635 4153 2756 4208 quae
2778 4138 2995 4206 quidem
3027 4139 3240 4207 singula
3268 4147 3394 4193 sunt

179 4240 343 4295 ἔννοιαί
363 4245 471 4296 ἐστι
497 4246 589 4296 καὶ
608 4241 744 4311 ψιλὰ
765 4243 1029 4310 νοήματα.
1064 4240 1138 4292 Οὐ
1170 4238 1279 4308 γάρ
1310 4255 1363 4290 τι
1393 4238 1600 4292 τούτων
1629 4240 1711 4306 ἐφ’

1863 4245 2010 4286 :nues
2043 4230 2287 4300 quazdam
2319 4230 2588 4299 nudaeque
2621 4230 2911 4297 notiones;
2946 4231 3084 4284 nihil
3117 4232 3262 4286 enim
3296 4232 3395 4286 ho-

179 4333 338 4386 ἑαυτοῦ
354 4335 446 4404 ὕλη
463 4336 638 4398 ἐστὶν,
669 4332 804 4386 ἀλλὰ
822 4331 1193 4403 συνδραμόντα
1215 4331 1352 4401 πρὸς
1368 4331 1590 4402 ἄλληλα,
1615 4330 1711 4401 ὕλη

1867 4339 1939 4376 ιη]
1975 4337 2143 4375 unum
2179 4337 2276 4390 per
2308 4336 2368 4377 se
2394 4321 2622 4376 materia
2651 4331 2758 4387 est,
2793 4323 2885 4377 sed
2921 4323 3135 4377 cunctis
3164 4323 3306 4376 inter
3339 4339 3399 4378 se.

177 4425 368 4488 γίνεται.
393 4426 454 4478 Et
481 4420 574 4478 οὖν
596 4423 676 4494 τῷ
704 4422 1020 4494 ὑπερέχοντι
1049 4423 1145 4492 τῆς
1168 4421 1360 4490 σοφίας
1386 4423 1480 4474 καὶ
1503 4421 1603 4490 τῆς
1623 4421 1709 4474 δυ-

1866 4414 2284 4471 incurrentibus
2313 4414 2538 4468 materia
2584 4415 2663 4468 tit.
2701 4413 2758 4466 Si
2789 4413 2956 4483 igitur
2980 4414 3262 4483 sapientiae
3299 4430 3398 4484 po-

177 4515 376 4583 νάμεως,
398 4517 488 4569 καὶ
507 4515 692 4568 πάντα
709 4510 817 4566 οἶδε
842 4513 935 4565 καὶ
959 4512 1134 4565 πάντα
1162 4511 1404 4576 δύναται,
1432 4511 1571 4580 τάχα
1603 4528 1709 4572 πως

1868 4505 2109 4572 mireque
2140 4502 2452 4574 praestantia
2483 4511 2538 4557 et
2563 4502 2751 4556 omnia
2782 4503 2955 4568 novit,
2987 4511 3041 4557 et
3073 4510 3250 4572 potest
3281 4519 3400 4557 om-

181 4608 574 4679 προσεγγίζομεν
595 4611 664 4678 τῇ
679 4605 852 4676 ὑψηλῇ
869 4604 964 4657 τοῦ
980 4604 1255 4666 Μωῦσέως
1269 4606 1440 4673 φωνῇ,
1454 4604 1513 4664 ὃς
1531 4618 1713 4670 φησιν·

1867 4597 1930 4657 ia,
1959 4594 2142 4664 aliquo
2163 4594 2326 4648 modo
2359 4593 2594 4648 fortasse
2624 4593 2689 4647 ad
2713 4595 2982 4649 excelsam
3016 4594 3184 4650 Mosis
3211 4611 3399 4650 vocem

188 4697 272 4750 Ἐν
296 4699 585 4767 κεφαλαίῳ
620 4695 800 4768 (τοῦτο
826 4694 934 4764 γὰρ
961 4692 1082 4746 ἀντὶ
1119 4691 1220 4760 τῆς
1252 4688 1447 4760 ἀρχῆς
1491 4689 1720 4750 ’Δκὺλας

1869 4686 2154 4753 :cepimus,
2191 4685 2320 4754 qui,
2373 4701 2392 4734 ι
2424 4683 2478 4737 in
2523 4698 2767 4746 summa,
2808 4702 2826 4735 ι
2876 4683 3054 4753 inquit
3104 4684 3208 4751 (sic
3253 4685 3401 4738 enim

178 4781 426 4851 ἐκδέδωκε)
459 4782 796 4852 πεποιῆσθαι
833 4780 986 4851 παρὰ
1031 4779 1126 4833 τοῦ
1171 4779 1310 4832 Θεοῦ
1353 4779 1448 4832 τὸν
1492 4778 1710 4848 οὐρανὸι

1870 4779 2047 4846 quilas
2076 4792 2194 4846 pro,
2235 4794 2254 4826 ι
2282 4778 2333 4830 in
2367 4776 2658 4846 principio,
2681 4795 2700 4827 ι
2735 4774 2918 4845 vertit)
2956 4776 3088 4830 fecit
3118 4772 3262 4830 Deus
3283 4789 3402 4830 cce-

176 4872 254 4923 καὶ
274 4874 361 4943 τὴν
379 4875 500 4944 γῆν.
539 4872 762 4940 Ἐπειδὴ
787 4871 895 4941 γὰρ
919 4869 1286 4938 εἰσαγωγικὴν
1319 4869 1456 4942 πρὸς
1485 4868 1708 4937 θεογνω-

1872 4885 1940 4922 Im
1979 4877 2034 4924 et
2065 4879 2286 4926 terram.
2317 4866 2586 4934 Quoniam
2611 4868 2755 4923 enim
2781 4869 3184 4939 procreationis
3207 4867 3404 4923 librum

178 4961 278 5014 σίαν
304 4963 358 5016 τὸ
385 4965 483 5034 τῆς
505 4963 778 5032 γενέσεως
810 4953 1008 5030 βιϐλίον
1040 4964 1068 5014 ὁ
1093 4962 1378 5032 προφήτης
1408 4959 1710 5029 πεποίηται,

1872 4960 2138 5030 οιιψοευίι
2179 4961 2476 5030 propheta,
2519 4967 2580 5015 ut
2622 4960 2692 5014 ad
2740 4959 2836 5015 Dei
2881 4961 3247 5030 cognitionem
3295 4959 3404 5013 dux

176 5052 253 5102 καὶ
282 5055 470 5117 σκοπός
495 5055 615 5107 ἐστι
649 5052 728 5123 τῷ
755 5055 984 5123 Μωῡσῇ,
1019 5054 1144 5116 τοὺς
1170 5055 1236 5122 τῇ
1269 5051 1518 5121 αἰσθήσει
1548 5051 1708 5103 δεδουι

1875 5061 1994 5115 sset,
2023 5051 2187 5120 idque
2219 5050 2350 5106 Mosi
2381 5049 2721 5120 propositum
2748 5050 2869 5115 fuit,
2905 5058 2962 5104 ut
2983 5065 3078 5105 eos
3105 5049 3197 5120 qui
3231 5047 3407 5102 sensi-

177 5140 419 5212 ωμένους
442 5145 855 5218 χειραγωγῖψαι
879 5143 966 5198 διὰ
991 5144 1100 5197 τῶν
1126 5145 1464 5214 φαινομένων
1493 5143 1628 5213 πρὸς
1659 5141 1709 5195 τὲ

1878 5158 1933 5197 ns
1955 5143 2176 5197 obnoxii
2203 5141 2550 5212 devinctique
2575 5149 2725 5209 sunt,
2745 5157 2840 5213 per
2862 5157 2926 5197 ea
2948 5157 3068 5212 quae
3087 5147 3410 5202 cernuntur,

179 5229 514 5306 ὑπερκείμενα
561 5235 664 5302 τῆς
707 5233 1029 5303 σίσθητικῆς
1070 5233 1458 5304 καταλήψεως·
1511 5232 1711 5303 οὐρανᾴ¹

1875 5233 1895 5287 1
1935 5232 2023 5285 illa
2063 5232 2385 5301 perduceret
2418 5243 2539 5301 quae
2580 5231 2837 5298 sensibus
2873 5226 3258 5299 comprehendi
3299 5240 3407 5280 non

178 5319 223 5371 δὲ
245 5324 327 5376 καὶ
352 5328 416 5396 τῇ
447 5331 518 5398 γῇ
542 5325 789 5396 ὁρίζεται
821 5325 951 5395 ήμῖν
978 5327 1011 5396 ἡ
1053 5324 1142 5379 διὰ
1161 5327 1261 5395 τῆς
1279 5325 1458 5394 ὅψεως
1485 5325 1684 5392 γνῶσις
1709 5348 1710 5355 η

1877 5333 2097 5390 assunt;
2123 5325 2264 5379 coelo
2293 5332 2473 5380 autem
2501 5330 2554 5378 et
2581 5329 2731 5377 terra
2760 5329 2948 5376 nostra
2981 5335 3078 5390 per
3103 5318 3294 5372 oculos
3323 5332 3409 5371 co-

179 5411 250 5467 διὰ
269 5416 412 5470 τοῦτο
430 5418 505 5483 ὡς
528 5416 858 5489 περιεκτικὰ
879 5416 989 5470 τῶν
1006 5417 1175 5471 ὅντων
1194 5418 1262 5471 τὰ
1282 5417 1485 5488 ἔσχατα
1506 5417 1616 5472 τῶν
1641 5417 1711 5471 διὲ

1878 5417 2004 5470 niti'o
2055 5416 2427 5481 terminatur;
2481 5413 2690 5469 idcirco
2745 5421 2986 5468 extrema
3039 5423 3230 5465 eorum
3286 5423 3410 5478 qua:

180 5505 259 5573 τῆς
287 5509 584 5579 αἰσθήσεως
601 5511 737 5580 ἡμῖν
757 5508 1174 5579 γινωσκομένων
1202 5511 1230 5562 ὁ
1246 5509 1402 5578 λόγος
1423 5509 1712 5580 ὠνόμασενε

1876 5522 1996 5562 ιηειι
2043 5523 2074 5561 a
2116 5507 2276 5564 nobis
2325 5506 2729 5578 percipiuntur,
2776 5512 3033 5573 tanquam
3079 5516 3170 5556 res
3213 5514 3408 5556 omnes

180 5592 250 5646 ἶνα
273 5597 352 5651 διὰ
395 5599 489 5652 τοῦ
511 5599 581 5652 τὰ
614 5599 938 5670 περιέχοντα
956 5600 1130 5652 εἰπεῖν
1155 5600 1306 5670 παρὰ
1343 5599 1477 5652 Θεοῦ
1497 5602 1712 5671 γεγενῆ-

1873 5599 2254 5667 amplectentia
2281 5598 2603 5660 nominavit,
2629 5606 2686 5651 ut
2711 5611 2774 5651 ea
2799 5609 2919 5665 quae
2945 5593 3405 5664 complectuntur,

181 5683 298 5752 σθαι,
323 5689 696 5762 συμπεριλάϐῃ
719 5675 838 5743 ’πᾶν
865 5690 925 5740 τὸ
952 5691 1098 5754 ἐντὸς
1127 5690 1235 5742 τῶν
1265 5691 1447 5756 ἄκρων
1479 5688 1713 5761 περιεχό-

1907 5693 2014 5747 Deo
2057 5691 2196 5747 facta
2243 5708 2364 5747 esse
2414 5703 2882 5754 commemorans,
2929 5682 3415 5757 comprehenderet
