3880 6414
414 309 478 367 τι
1664 291 1721 346 s.
1749 284 2074 347 cnsconn
2103 281 2400 341 mssm
3601 277 3674 334 τε

416 420 683 494 quidquid
710 419 779 474 ab
807 417 915 472 illis
945 413 1280 477 continetur,
1315 421 1369 466 et
1405 424 1500 481 pro
1528 425 1624 473 eo,
1668 417 1726 463 ut
1755 408 1992 469 diceret,

2113 420 2282 466 ιενον,
2309 403 2404 456 καὶ
2422 401 2541 454 ἀντὶ
2557 399 2652 453 τοῦ
2672 399 2844 452 elater
2862 397 2945 450 ὅτι
2964 394 3176 467 ἀθρόως
3199 393 3381 448 πάντα
3408 391 3476 446 τὰ
3498 391 3627 446 ὅντα
3647 395 3676 445 ὁ

417 513 584 568 simul
610 512 793 566 omnia
828 509 994 562 Deum
1041 506 1268 569 fecisse,
1305 523 1323 554 ι
1347 503 1401 557 in
1440 515 1652 556 summa
1676 519 1694 550 ι
1741 499 1857 554 sive
1901 497 1996 551 «in

417 605 748 674 principio.»
793 601 951 661 dixit.
993 598 1160 651 Deum
1196 595 1393 650 fecisse
1437 593 1635 646 coelum
1667 599 1723 646 et
1769 598 1993 644 terram.

419 693 538 751 Utri
556 708 715 762 isque
743 701 920 745 autem
952 689 1104 742 vocis
1133 701 1240 739 una
1272 684 1602 755 signiﬁcatio
1628 689 1714 736 est
1742 700 1756 737 :
1795 681 1998 750 princi-

420 785 569 855 pium
598 784 738 838 enim
756 823 770 845 ,
797 789 853 835 et
881 793 1094 834 summa
1120 791 1274 847 aeque
1301 776 1578 830 declarant
1609 772 1790 828 simul.
1819 771 1999 837 Quare

421 889 516 944 per
532 891 551 924 ‹
563 886 828 927 summam
843 889 859 920 ι
878 868 1118 923 ostendit
1133 866 1314 922 omnia
1333 866 1494 920 simul
1512 863 1679 919 fuisse
1692 870 1994 933 procreata,

417 972 473 1018 et
501 977 597 1033 per
625 979 643 1011 ι
671 960 997 1030 principium
1023 977 1043 1010 ι
1077 963 1296 1018 cuncta,
1333 963 1629 1017 momento,
1656 962 1712 1007 et
1740 954 1860 1008 sine
1889 953 2000 1005 ullo

421 1055 682 1123 temporis
726 1052 902 1121 spatio
947 1056 1093 1102 I'acta
1138 1048 1309 1100 fuisse
1341 1045 1632 1116 signiﬁcat.
1666 1043 1997 1113 Principium

419 1147 564 1199 enim
597 1160 704 1198 non
740 1143 968 1213 patitur,
1004 1147 1065 1194 ut
1092 1139 1262 1193 ullum
1298 1137 1643 1192 intervallum
1673 1136 1997 1205 cogitemus.

418 1236 554 1290 Nam
584 1244 643 1290 ut
675 1242 939 1304 punctum
975 1239 1060 1287 est
1089 1229 1416 1300 principium
1468 1229 1644 1291 lineae,
1688 1237 1742 1282 et
1791 1228 2002 1281 indivi-

419 1328 588 1382 duum
623 1324 893 1394 corporis,
925 1325 1005 1378 sic
1031 1331 1363 1376 momentum
1395 1319 1569 1389 ipsius
1597 1319 1876 1388 temporis.
1905 1316 2001 1372 Re-

417 1433 539 1473 rum
563 1417 732 1486 igitur
759 1415 922 1470 simul
953 1413 1194 1467 omnium
1219 1411 1560 1466 constructio
1585 1410 1653 1464 ab
1696 1409 2002 1464 incredibili

419 1507 666 1578 petentia
697 1505 788 1559 Dei
823 1503 1086 1574 proiecta,
1117 1503 1446 1572 principium
1475 1518 1504 1554 a
1530 1501 1700 1563 Mose.
1732 1515 1830 1556 seu
1855 1516 2004 1556 sum—

421 1595 605 1650 main
647 1608 753 1664 qua
804 1593 1057 1647 consistit
1104 1591 1455 1657 universitas,
1503 1590 1836 1646 nominatur.
1890 1590 1999 1654 Ille,

421 1685 552 1740 dum
585 1700 767 1739 rerum
795 1693 1036 1738 extrema
1067 1682 1436 1752 prosequitur,
1468 1684 1632 1736 tacite
1661 1683 1826 1736 etiam
1855 1681 2000 1734 indi-

2098 493 2231 556 Θεὸς
2250 493 2524 563 ἐποίησεν,
2553 489 2703 545 εἷπεν
2725 491 2795 544 ἐν
2812 489 3138 558 κεφαλαίῳ,
3156 487 3276 556 ήτοι
3301 485 3373 538 ἐν
3397 483 3559 553 ἀρχῇ
3581 501 3676 537 πε-

2098 582 2380 653 ποιηκέναι
2426 581 2517 634 τὸν
2562 581 2693 633 Θεὸν
2734 580 2826 632 τὸν
2867 577 3094 649 οὐρανὸν
3133 577 3227 629 καὶ
3263 575 3363 645 τὴν
3396 577 3522 643 γῆν.
3561 573 3678 626 Μία

2095 673 2154 726 δὲ
2172 673 2280 726 τῶν
2305 672 2397 726 δύο
2426 671 2617 742 φωνῶν
2650 672 2684 742 ή
2720 669 2982 741 σημασία,
3018 668 3119 738 τῆς
3150 684 3208 720 τε
3243 665 3439 735 ἀρχῆς
3465 662 3675 717 καὶτοῦ

2097 763 2448 831 κεφαλαίου.
2498 760 2760 831 Δηλοῦται
2809 759 2919 828 γὰρ
2967 757 3163 826 ἐπίσης
3202 755 3269 808 δι’
3297 753 3577 822 ἑκατέρων
3617 752 3678 804 τδ

2097 853 2324 926 ἀθρόον·
2370 845 2440 898 ἐν
2475 852 2570 923 μὲν
2618 850 2727 922 γάρ
2770 848 2849 914 τῷ
2892 848 3216 909 κεφαλαίῳ,
3261 845 3324 897 τὸ
3374 842 3680 911 συλλήϐδην

2095 948 2165 1000 τὰ
2190 946 2369 1000 πάντα
2396 942 2724 1013 γεγενῆσθαι
2762 941 3096 1011 περιίστησι,
3119 938 3209 991 διά
3249 937 3306 990 δὲ
3335 936 3435 1006 τῆς
3475 934 3680 1004 ἀρχῆς

2097 1038 2350 1109 δηλοῦται
2404 1036 2467 1088 τδ
2512 1033 2716 1104 ἀκαρές
2773 1047 2834 1084 τε
2890 1031 2985 1084 καὶ
3037 1028 3380 1083 ἀδιάστατον.
3440 1025 3514 1078 Ἠ
3569 1023 3680 1094 γάρ

2097 1129 2256 1199 ἀρχὴ
2316 1127 2517 1189 παντὸς
2575 1119 3002 1194 διαστηματικοῦ
3049 1121 3322 1190 νοήματος
3378 1116 3681 1187 ἀλλοτρίως

2099 1222 2232 1292 ἔχει.
2273 1221 2362 1282 Ὠς
2406 1219 2465 1271 τὸ
2512 1217 2734 1286 σημεῖον
2778 1213 2922 1284 ἀρχὴ
2972 1212 3072 1281 τῆς
3120 1208 3407 1282 γραμμῆς,
3444 1208 3542 1261 καὶ
3585 1223 3678 1259 του

2098 1315 2263 1382 δγκου
2304 1311 2365 1364 τὸ
2390 1311 2610 1378 ἄτομον,
2637 1304 2807 1369 οὕτως
2833 1304 2927 1358 καὶ
2953 1304 3016 1357 τὸ
3052 1302 3257 1372 ἀκαρὲς
3291 1298 3389 1353 τοῦ
3419 1297 3678 1370 χρονικοῦ

2098 1405 2486 1473 διαστήματος.
2548 1401 2608 1452 Ἠ
2660 1394 2753 1452 οὖν
2796 1396 2968 1466 ἀθρόα
3011 1394 3119 1448 τῶν
3167 1393 3335 1446 ὄντων
3376 1389 3532 1460 παρά
3577 1390 3680 1457 τῆς

2101 1495 2378 1566 ἀφράστου
2408 1490 2690 1560 δυνάμεως
2717 1487 2811 1541 τοῦ
2845 1486 2980 1540 Θεοῦ
3013 1484 3310 1554 καταϐολὴ,
3341 1482 3500 1551 ἀρχὴ
3526 1481 3681 1552 παρὰ

2099 1585 2192 1638 τοῦ
2221 1582 2517 1644 Μωῦσέως,
2547 1581 2710 1650 ήτουν
2738 1576 3068 1646 κεφάλαιον
3106 1574 3524 1644 κατωνομάσθη,
3553 1573 3614 1624 ὲν

2101 1677 2162 1730 τὸ
2200 1677 2310 1728 πᾶν
2343 1673 2606 1742 συστῆναι
2638 1671 2876 1739 λέγεται.
2916 1669 2999 1721 Τά
3047 1667 3146 1738 μὲν
3178 1667 3322 1737 ἄκρα
3360 1664 3468 1718 τῶν
3510 1665 3681 1718 όντων

423 1787 515 1832 cat
543 1791 665 1846 quae
695 1777 828 1846 ipsis
861 1775 1404 1844 comprehenduntur
1434 1776 1717 1830 extremis.
1748 1773 2001 1829 Extrema

2113 1767 2271 1822 εἰπών
2291 1784 2304 1797 ·
2341 1765 2411 1818 τά
2436 1764 2493 1818 δὲ
2525 1764 2664 1834 μέσα
2696 1762 2833 1816 κατά
2864 1761 2925 1814 τὸ
2957 1757 3308 1828 σιωπώμενον
3344 1759 3456 1818 τοῖς
3489 1756 3684 1826 ἄκροις

422 1867 568 1932 dico,
621 1867 804 1920 habita
845 1867 1058 1920 ratione
1102 1880 1297 1921 sensus
1338 1865 1584 1928 humani,
1638 1865 1730 1933 qui
1769 1879 1866 1918 nec
1900 1864 2003 1918 sub

423 1967 626 2014 terram
661 1965 907 2027 penetrat
946 1971 1045 2011 nec
1077 1957 1276 2010 caelum
1313 1953 1675 2009 transcendit.
1708 1953 1764 2008 In
1797 1954 2003 2024 princi-

423 2050 514 2118 pio
545 2050 710 2120 igitur
741 2049 1002 2101 mundum
1032 2062 1156 2101 esse
1182 2046 1458 2101 conditum
1493 2045 1703 2109 dicens,
1736 2045 2005 2115 signiﬁcat

424 2155 607 2194 rerum
648 2139 889 2192 omnium
919 2140 1240 2193 occasiones
1269 2147 1323 2192 et
1361 2153 1576 2202 causas,
1611 2144 1666 2191 et
1707 2145 2004 2206 potestates

425 2247 456 2282 a
474 2230 580 2284 Deo
599 2228 772 2284 fuisse
797 2228 1099 2295 confectas,
1121 2239 1175 2282 et
1193 2229 1258 2282 ad
1285 2229 1520 2297 primum
1546 2225 2004 2281 voluntatisillius

423 2330 633 2376 motuin
660 2337 750 2376 res
778 2321 1025 2391 singulas
1050 2321 1352 2385 exstitisse,
1373 2320 1596 2380 caelum,
1623 2317 1846 2382 aethera,
1877 2317 2005 2370 stel-

426 2415 532 2478 las,
561 2415 760 2496 ignem,
793 2429 943 2476 aera,
977 2427 1126 2467 mare
1161 2421 1408 2478 ,terram,
1444 2409 1720 2473 animalia,
1755 2409 2002 2479 plantas:

426 2519 549 2575 quae
573 2503 792 2574 quidem
825 2503 1008 2558 omnia
1039 2502 1132 2557 Dei
1162 2503 1324 2556 oculo
1353 2503 1738 2560 cernebantur,
1770 2509 2009 2570 potesta-

427 2595 501 2650 tis
551 2595 764 2648 ratione
801 2593 1130 2662 conspicua,
1179 2601 1238 2646 ut
1286 2593 1460 2662 inquit
1510 2592 1815 2662 prapheta:
1859 2610 1876 2640 ι
1903 2589 2008 2656 Qui

430 2687 579 2742 videt
602 2687 788 2742 omnia
815 2687 1169 2754 prius.quam
1198 2684 1382 2738 ﬁant'.
1411 2704 1429 2735 ι
1466 2683 1572 2738 Sed
1603 2694 1892 2754 potestate,
1924 2698 2010 2738 sa-

429 2777 740 2847 pientiaque
766 2777 834 2830 ad
867 2776 1202 2847 singularum
1240 2775 1426 2829 mundi
1459 2775 1692 2845 partium
1725 2775 2008 2844 perfectio-

431 2882 552 2922 nem
585 2868 805 2930 collata,
838 2867 1148 2921 necessaria
1177 2865 1424 2935 quadam
1453 2867 1622 2921 series
1652 2865 1842 2920 ordine
1869 2882 2008 2936 quo-

429 2958 553 3012 dam
585 2967 880 3012 consecuta
913 2965 1018 3019 est,
1054 2968 1113 3010 ut
1142 2971 1310 3010 unum
1337 2956 1555 3026 aliquod
1585 2972 1652 3010 ex
1683 2964 1795 3009 tota
1829 2972 2008 3011 rerum

431 3049 792 3104 universitate
813 3048 1045 3116 primum
1070 3047 1366 3111 exstiterit,
1384 3055 1438 3100 et
1455 3047 1789 3116 apparuerit.
1809 3046 2012 3102 Deinde

431 3147 557 3208 post
581 3137 712 3192 illud
746 3137 1060 3192 necessario
1085 3137 1313 3191 alterum
1343 3144 1616 3191 secutum.
1647 3134 1806 3201 Tum,
1839 3144 1896 3189 ut
1925 3152 2012 3188 ar-

431 3226 564 3282 tifex
603 3234 797 3280 natura
836 3225 1082 3294 cogebat,
1122 3226 1343 3279 tertium
1373 3233 1427 3279 et
1454 3231 1734 3294 quartum,
1769 3233 1823 3278 et
1851 3225 2013 3293 quin-

433 3330 569 3384 tum,
602 3328 656 3374 et
687 3318 893 3387 reliqua
927 3317 1208 3386 deinceps,
1235 3331 1343 3370 non
1367 3330 1498 3370 casu
1526 3327 1579 3370 et
1607 3315 1846 3380 fortuna,
1872 3315 2015 3369 inor-

433 3410 622 3464 dinato
643 3417 696 3463 et
716 3409 877 3463 celeri
901 3407 1136 3477 quodam
1165 3416 1334 3471 motu,
1358 3408 1450 3461 sed
1482 3415 1539 3459 ut
1559 3405 1902 3461 necessarius
1919 3420 2017 3458 na-

436 3511 575 3556 tura:
601 3503 738 3556 ordo
767 3501 823 3555 in
857 3501 1024 3554 rebus
1049 3499 1407 3568 disponendis
1435 3499 1769 3567 requirebat,
1797 3497 1870 3550 ita
1903 3497 2015 3550 sin-

434 3594 561 3665 gula
588 3592 731 3648 facta
761 3592 932 3647 fuisse
966 3599 1175 3653 narrat,
1203 3599 1258 3644 et
1289 3591 1356 3645 de
1383 3590 1724 3644 naturalibus
1752 3589 2016 3642 institutis

436 3685 867 3758 philosophatur.
887 3683 1162 3750 Quasdam
1183 3683 1345 3736 etiam
1369 3697 1530 3736 voces
1554 3680 1872 3750 imperantis
1897 3679 2012 3741 Dei,

437 3777 666 3846 singulis
693 3777 856 3832 rebus
873 3790 994 3845 quae
1017 3782 1366 3845 generantur,
1398 3773 1662 3843 assignat.
1699 3773 1864 3842 idque
1892 3787 2014 3826 rec-
2051 3784 2078 3806 ο

436 3877 512 3934 te,
542 3877 597 3924 et
623 3872 1011 3924 convenienter
1041 3865 1191 3922 facit.
1219 3864 1498 3935 Quidquid
1529 3865 1675 3919 enim
1702 3863 1896 3920 ordine
1927 3879 2016 3918 sa-

437 3960 756 4030 pienterquc
799 3961 1002 4021 factum
1038 3968 1142 4022 est,
1180 3955 1472 4027 quamdam
1506 3955 1673 4010 veluti
1702 3970 1892 4010 vocem
1924 3955 2019 4011 Dei

437 4049 684 4103 vicissim
716 4047 904 4102 refert.

2105 1857 2596 1927 συνενδειξάμενος.
2651 1855 2832 1923 Ἀκρα
2859 1852 2917 1905 δέ
2951 1869 3115 1922 φημι,
3153 1849 3242 1904 διά
3278 1848 3377 1919 τὴν
3403 1847 3683 1918 ἀνθρωπί-

2101 1971 2200 2023 νην
2229 1949 2504 2020 αἴσθησιν,
2537 1948 2571 2017 ἢ
2600 1944 2726 1998 οὔτε
2762 1947 2842 2008 είς
2868 1945 2938 1996 τὰ
2974 1943 3080 1996 ὑπὸ
3106 1943 3209 2012 γῆν
3240 1940 3530 2006 διαδύεται,
3559 1940 3684 1994 οὔτε

2101 2046 2192 2098 τὸν
2237 2044 2466 2115 οὐρανὸν
2497 2040 2780 2095 διαϐαίνει.
2819 2037 3028 2092 Οὐκοῦν
3073 2038 3232 2091 τοῦτο
3263 2040 3422 2102 νοεῖν,
3466 2037 3502 2106 ή
3540 2035 3682 2106 ἀρχὴ

2102 2139 2203 2208 τῆς
2243 2133 2601 2206 κοσμογονίας
2633 2131 2964 2197 ὑποτίθεται,
2992 2132 3074 2184 ὅτι
3107 2131 3324 2185 πάντων
3359 2129 3468 2183 τῶν
3513 2130 3686 2182 ὄντων

2103 2232 2202 2296 τάς
2234 2229 2490 2301 ἀφορμάς
2521 2228 2617 2281 καὶ
2643 2227 2743 2290 τάς
2771 2225 2970 2290 αἰτίας,
3000 2225 3094 2279 καὶ
3124 2224 3224 2287 τάς
3245 2222 3525 2292 δυνάμεις,
3557 2220 3686 2274 συλ-

2105 2322 2304 2392 λήϐδην
2351 2321 2380 2372 ό
2429 2317 2562 2381 Θεὸς
2608 2321 2667 2371 ὲν
2714 2318 2911 2388 ἀκαρεῖ
2964 2313 3344 2378 κατεϐάλλετο,
3389 2312 3484 2366 καὶ
3525 2313 3585 2364 ὲν
3617 2313 3685 2381 τῇ

2109 2411 2299 2483 πρώτῃ
2327 2410 2421 2463 τοῦ
2469 2409 2774 2479 θελήματος
2807 2409 2976 2477 ὁρμῇ,
3017 2408 3050 2476 ὴ
3093 2405 3323 2458 ἑκάστου
3366 2402 3474 2456 τῶν
3512 2402 3686 2456 ὄντων

2107 2505 2263 2558 ούσία
2312 2503 2663 2572 συνέδραμεν,
2706 2501 2953 2571 οὐρανὸς,
3000 2497 3197 2568 αἰθὴρ,
3248 2495 3496 2566 ἀστέρες,
3550 2493 3686 2565 πῦρ,

2109 2597 2239 2666 ἀὴρ,
2275 2593 2536 2659 Θάλασσα,
2570 2592 2664 2661 γῆ,
2698 2591 2859 2654 ζῶον,
2893 2591 3068 2660 φυτάο
3116 2588 3153 2642 ἄ
3181 2587 3260 2657 τῷ
3293 2588 3391 2657 μὲν
3425 2585 3555 2656 θείῳ
3582 2585 3690 2652 όφ-

2111 2686 2302 2757 θαλμῷ
2355 2686 2531 2739 πάντα
2578 2683 2917 2752 καθεωρᾶτο,
2961 2680 3040 2750 τῷ
3089 2681 3188 2750 τῆς
3224 2679 3504 2748 δυνάμεως
3543 2677 3692 2746 λόγῳ

2109 2778 2454 2847 δεικνύμενα,
2504 2777 2603 2846 τῷ,
2629 2774 2806 2837 καθώς
2836 2790 3002 2844 φησιν
3031 2775 3064 2842 ή
3103 2771 3436 2842 προφητεία,
3473 2787 3492 2819 ι
3523 2767 3692 2821 εἰδότι

2111 2872 2294 2926 πάντα
2324 2870 2432 2939 πρὸ
2466 2869 2566 2938 τῆς
2600 2868 2865 2938 γενέσεως
2916 2863 3118 2920 αὐτῶν.
3155 2883 3175 2917 ι
3211 2865 3289 2934 Τῇ
3320 2863 3378 2915 δὲ
3416 2876 3694 2928 συγκατα-

2112 2963 2372 3034 ϐληθείσῃ
2415 2961 2640 3032 δυνάμει
2670 2977 2728 3013 τε
2775 2959 2868 3013 καὶ⁵
2914 2958 3077 3028 σοφίᾳ
3111 2956 3248 3028 πρὸς
3288 2955 3384 3026 τὴν
3411 2952 3692 3007 τελείωσιν

2114 3054 2343 3107 ἑκάστου
2362 3051 2469 3125 τῶν
2492 3051 2694 3122 μορίων
2715 3048 2807 3103 τοῦ
2827 3049 3054 3118 κόσμου,
3079 3045 3267 3118 είρμός
3291 3061 3373 3108 τις
3395 3045 3692 3111 ἀναγκαῖος

2118 3145 2258 3199 κατά
2285 3162 2405 3196 τινα
2440 3144 2591 3208 τάξιν
2611 3140 3068 3212 ἐπηκολούθησεν,
3103 3139 3242 3192 ὥστε
3271 3137 3332 3190 τὸ
3358 3136 3468 3206 πῦρ
3489 3134 3694 3206 προλα-

2120 3234 2232 3286 ϐεῖν
2274 3236 2371 3304 μὲν
2415 3235 2508 3286 καὶ
2544 3233 2954 3304 προεκφανῆναι
2988 3230 3098 3283 τῶν
3152 3229 3330 3284 ἄλλων
3366 3228 3472 3280 τῶν
3513 3227 3571 3278 ὲν
3611 3226 3694 3296 τῷ

2122 3323 2286 3376 παντὶ
2312 3323 2722 3394 θεωρουμένων,
2754 3325 2849 3376 καὶ
2881 3322 3024 3375 οὕτω
3056 3321 3172 3392 μετ’
3201 3323 3395 3385 ἐκεῖνο,
3437 3320 3499 3373 τὸ
3521 3321 3691 3387 ἀναγ-

2121 3413 2289 3476 καίως
2318 3413 2396 3483 τῷ
2435 3414 2758 3485 προλαϐόντι
2792 3414 3078 3484 ἑπόμενον,
3121 3413 3215 3467 καὶ
3255 3411 3347 3465 ὲπὶ
3373 3411 3548 3481 τούτῳ
3575 3412 3697 3479 τρί-

2119 3523 2232 3570 τον,
2257 3505 2332 3567 ὼς
2369 3508 2402 3574 ή
2433 3505 2655 3575 τεχνικὴ
2696 3505 3070 3575 συνηνάγκαζε
3114 3503 3306 3573 φύσις·
3346 3503 3603 3574 τέταρτόν
3631 3516 3696 3556 τε

2121 3597 2216 3649 καὶ
2244 3595 2514 3666 πέμπτον,
2545 3596 2638 3648 καὶ
2667 3594 2737 3647 τά
2767 3595 2931 3649 λοιπά
2955 3597 3052 3666 τῆς
3079 3595 3218 3648 κατὰ
3241 3595 3304 3648 τὸ
3333 3593 3527 3665 ἑφεξῆς
3558 3594 3696 3647 ἀκο-

2121 3687 2362 3751 λουθίας,
2411 3687 2511 3741 οὐκ
2553 3687 2849 3758 αὐτομάτῳ
2890 3689 3000 3740 τινὶ
3050 3688 3343 3758 συντυχίᾳ,
3384 3685 3524 3740 κατά
3569 3685 3699 3740 τινὰ

2122 3778 2356 3832 ἄτακτον
2404 3779 2498 3832 καὶ
2534 3779 2762 3849 τυχαίαν
2811 3778 3003 3850 φορὰν,
3053 3778 3226 3843 οὕτως
3270 3777 3695 3847 ἀναφαινόμενα.

2136 3867 2274 3920 Ἀλλ’
2303 3866 2379 3930 ὡς
2404 3868 2436 3937 ή
2463 3868 2736 3936 ἀναγκαία
2764 3871 2862 3939 τῆς
2893 3868 3109 3936 φύσεως
3127 3868 3278 3932 τάξις
3297 3865 3540 3934 ἐπιζητεῖ
3555 3866 3614 3918 τὸ
3633 3868 3699 3920 ὲν

2122 3959 2234 4020 τοῖς
2266 3958 2571 4027 γινομένοις
2608 3958 2920 4026 ἀκόλουθον,
2949 3959 3120 4022 οὕτως
3147 3959 3352 4012 ἕκαστα
3373 3955 3699 4026 γεγενῆσθαί

2128 4064 2292 4117 φησιν
2314 4049 2372 4101 ὲν
2393 4049 2698 4119 διηγήσεως
2717 4051 2844 4104 εῖδει
2869 4051 2999 4122 περὶ
3023 4049 3131 4103 τῶν
3153 4049 3396 4120 φυσικῶν
3414 4049 3702 4116 δογμάτων

442 4144 827 4213 φιλοσοφήσας.
858 4143 970 4194 Καὶ
992 4141 1175 4210 φωνάς
1205 4157 1356 4203 τινας
1395 4140 1510 4193 τοῦ·
1532 4140 1666 4194 Θεοῦ
1711 4141 2084 4210 προσακτικάς
2115 4144 2345 4196 ἑκάστου
2371 4145 2482 4198 τῶν
2509 4146 2807 4216 γινομένων
2837 4147 3228 4217 προσγράφων,
3258 4146 3436 4210 καλῶς
3460 4147 3550 4200 καὶ
3577 4146 3704 4200 θεο-

442 4238 672 4310 πρεπῶς
690 4237 956 4290 καὶτοῦτο
977 4234 1161 4290 ποιῶν.
1181 4236 1294 4289 Πᾶν
1317 4235 1424 4306 γάρ
1449 4235 1510 4288 τὸ
1541 4234 1661 4288 καθ’
1687 4235 1878 4305 είρμόν
1899 4253 2018 4288 τινα
2046 4237 2141 4290 καὶ
2171 4236 2362 4304 σοφίαν
2391 4239 2672 4309 γινόμενον
2699 4239 2791 4292 τοῦ
2816 4240 2973 4304 Θεοῦ,
3002 4242 3084 4302 τὶς
3105 4239 3362 4310 ἄντικρύς
3386 4241 3498 4292 ὲστι
3520 4241 3699 4311 φωνή.

514 4330 700 4398 Itaque
721 4343 844 4382 cum
871 4328 962 4382 Dei
987 4338 1232 4383 naturam
1261 4327 1597 4396 ignoremus,
1625 4327 1801 4396 ipsam
1831 4335 2011 4396 poten-

2193 4329 2336 4383 Διότι
2358 4331 2494 4384 Θεοῦ
2514 4333 2612 4402 μὲν
2630 4331 2817 4384 οὐσίαν
2831 4332 2952 4400 ἥτις
2972 4333 3214 4388 ἐστὶν,ού
3233 4331 3583 4400 γινώσκομεν·
3597 4334 3705 4405 τὴν

443 4423 573 4476 tiam
598 4421 880 4490 ipsamque
895 4421 1217 4490 sapientiam
1235 4421 1419 4473 animo
1437 4420 1832 4489 concipientes,
1855 4419 2011 4473 Deum

2125 4419 2182 4472 δὲ
2201 4420 2527 4488 αύτοσοφίαν
2547 4422 2640 4474 καὶ
2655 4420 2754 4491 τὴν
2774 4421 3035 4474 αὐτοδύνα
3042 4438 3135 4490 μιν
3154 4423 3211 4474 ὲν
3232 4421 3306 4491 νῷ
3322 4421 3590 4486 λαϐόντες,
3605 4423 3704 4478 τὸν

445 4521 624 4566 mente
646 4525 750 4564 nos
779 4507 1052 4564 credimus
1063 4507 1565 4577 comprehendisse.
1581 4506 2011 4575 ldcircoquandc

2128 4511 2259 4563 Θεὸν
2280 4511 2626 4581 ἀνειληφέναι
2641 4514 2705 4582 τῇ
2733 4511 2940 4582 διανοίᾳ
2959 4514 3305 4582 πιστεύομεν.
3325 4513 3523 4565 Τούτου
3541 4514 3708 4583 χάριν

445 4602 700 4657 conditus
720 4607 804 4655 est
829 4599 980 4654 orbis
1007 4599 1316 4661 universus,
1339 4606 1627 4667 antequam
1650 4598 1876 4668 singulae
1903 4613 2011 4666 par-

2129 4604 2218 4656 ὅτε
2241 4603 2300 4656 τὸ
2313 4603 2433 4656 ὅλον
2449 4604 2685 4671 ἐγένετο,
2713 4605 2843 4674 πρὶν
2863 4605 3090 4657 ἕκαστον
3114 4604 3225 4657 τῶν
3242 4622 3305 4657 συ
3313 4603 3708 4674 μπληρούντων

446 4703 528 4746 tes
550 4689 722 4758 ipsius
738 4695 1081 4756 apparerent,
1096 4687 1334 4742 tenebris
1349 4687 1882 4755 totusobtegebatur,
1898 4687 2011 4754 quia

2130 4694 2192 4746 τὸ
2209 4695 2329 4746 ὅλον
2350 4695 2432 4762 ἐφ’
2455 4694 2647 4747 ἑαυτοῦ
2681 4693 2979 4765 δειχθῆναι,
3019 4693 3180 4764 ζόφος
3218 4695 3295 4764 τῷ
3324 4697 3483 4748 παντὶ
3510 4695 3712 4747 ἐπεκέ-

447 4780 706 4852 splendor
727 4779 886 4848 ignis,
919 4795 1042 4848 qua:
1065 4779 1167 4834 sub
1188 4779 1428 4834 materia:
1451 4779 1734 4849 particulis
1751 4779 2021 4842 latitabat,

448 4871 690 4927 nondum
732 4869 1030 4925 eﬂ‘ulserat.
1072 4869 1307 4934 Etenim,
1349 4869 1806 4938 quemadmodum
1849 4870 2034 4926 silices

449 4961 505 5016 in
531 4960 771 5016 tenebris
798 4960 1042 5014 obscurae
1068 4958 1274 5028 jacent,
1307 4960 1436 5030 licet
1469 4959 1576 5012 vim
1607 4958 1842 5013 lucidam
1873 4968 2036 5028 atque

449 5055 817 5108 illustrantem
863 5051 1186 5106 naturaliter
1220 5051 1277 5105 in
1329 5065 1390 5106 se
1432 5050 1786 5114 contineant,
1831 5049 2037 5120 quippe

450 5161 571 5216 quae
605 5145 822 5216 pariant
851 5144 1053 5214 ignem,
1079 5145 1125 5200 si
1157 5144 1301 5198 inter
1329 5159 1390 5199 se
1420 5143 1773 5219 collidantur,
1797 5142 2036 5198 scintilla

451 5250 583 5290 vero
613 5236 684 5290 ab
713 5234 850 5304 ipsis
884 5235 1114 5304 prolata,
1149 5235 1441 5304 splendore
1476 5235 1624 5289 illius
1659 5235 1790 5304 ipsae
1814 5249 2035 5304 quoque

452 5335 757 5379 cernuntur
788 5343 801 5379 :
836 5327 916 5381 sic
944 5328 1180 5382 obscura
1205 5340 1459 5395 caecaque
1493 5334 1649 5380 erant
1671 5327 1854 5380 omnia
1881 5326 2036 5396 prius

455 5429 618 5483 quam
655 5417 927 5483 pellucida
961 5430 1126 5487 atque
1162 5418 1450 5472 illustrans
1484 5430 1681 5472 natura
1709 5419 1762 5471 in
1783 5424 2034 5486 apertum

460 5502 817 5572 proferretur.
852 5508 985 5562 Nam
1020 5525 1144 5563 cum
1197 5523 1304 5562 uno
1332 5509 1531 5562 divina
1554 5509 1853 5563 voluntatis
1881 5518 2035 5563 motu

461 5607 635 5661 nuper
670 5593 987 5651 indistincta
1020 5614 1203 5655 rerum
1237 5599 1571 5656 universitas
1600 5599 1765 5654 simul
1791 5599 2034 5655 exstitis-

531 5684 552 5716 ⁷
583 5685 719 5738 Dan.
754 5701 870 5753 xm,
910 5691 999 5744 42.

2131 4795 2281 4847 χυτοο
2311 4776 2463 4830 οὔπω
2494 4777 2603 4849 γὰρ
2631 4779 2864 4852 ἐξεφάνη
2898 4781 2993 4834 τοῦ
3031 4783 3200 4852 πυρὸς
3239 4785 3274 4852 ὴ
3322 4783 3461 4852 αὐγὴ
3499 4784 3707 4835 ὑποκε-

2132 4870 2424 4940 κρυμμὲνη
2493 4873 2603 4934 τοῖς
2681 4872 2891 4944 μορίοις
2959 4875 3060 4944 τῆς
3117 4874 3249 4945 ὕλης
3315 4875 3560 4944 καθάπερ
3609 4876 3714 4930 καὶ

2132 4963 2189 5015 αῑ
2272 4961 2500 5030 ψηφῖδες
2571 4964 2797 5032 ἀφανεῖς
2870 4966 2929 5017 ὲν
3022 4964 3097 5035 τῷ
3176 4966 3360 5019 σκότει
3419 4967 3668 5036 μένουσιν
3691 5011 3710 5033 ,

2133 5053 2182 5104 εί
2221 5050 2317 5104 καὶ
2355 5050 2600 5120 φυσικῶς
2644 5055 2703 5107 ὲν
2748 5055 2968 5120 cantat;
3013 5056 3112 5126 τήν
3144 5057 3476 5127 φωτιστικὴν
3521 5055 3714 5124 ἔχουσι

2133 5143 2381 5212 δύναμιν,
2418 5142 2506 5195 διά
2539 5143 2639 5212 τῆς
2667 5147 2805 5217 πρὸς
2838 5147 3074 5218 ἀλλήλας
3107 5147 3477 5219 συμπτώσεως
3506 5147 3564 5200 τὸ
3593 5147 3716 5220 πῦρ

2135 5235 2544 5298 ἀποτίκτουσαι,
2573 5237 2666 5290 τοῦ
2700 5239 2758 5292 δὲ
2787 5239 3085 5312 σπινθῆρος
3115 5240 3174 5305 ἐξ
3203 5241 3384 5295 αὐτῶν
3407 5240 3716 5308 ἀναφανέν-

2136 5343 2246 5388 τος,
2279 5325 2527 5380 κάκεῖναι
2555 5330 2620 5399 τῇ
2655 5329 2958 5402 λαμπηδόνι
2989 5333 3181 5386 τούτου
3227 5335 3667 5403 συνανεφάνησαν
3693 5347 3718 5368 ⁸

2137 5413 2310 5477 οὓτως
2341 5415 2548 5484 ἀόρατά
2576 5434 2637 5471 τε
2671 5419 2765 5473 καὶ
2793 5421 2974 5490 ἀφανῆ
3005 5421 3074 5476 τά
3107 5423 3286 5477 πάντα
3317 5419 3407 5493 ἦν,
3446 5423 3572 5494 πρὶν
3609 5423 3721 5493 τὴν

2138 5511 2472 5579 φωτιστικὴν
2500 5513 2688 5568 οὐσίαν
2729 5517 2809 5579 είς
2850 5517 2911 5569 τὸ
2940 5520 3172 5586 ἐκφανὲς
3204 5518 3503 5589 προελθεῖν.
3549 5517 3718 5588 Ἄρτι

2137 5601 2246 5672 γὰρ
2293 5601 2502 5672 ἁθρόως
2543 5607 2601 5662 ἐν
2642 5612 2710 5679 τῇ
2756 5611 2854 5682 μιᾷ
2903 5612 3043 5682 ῥοπῇ
3083 5611 3178 5664 τοῦ
3222 5609 3364 5664 θείου
3413 5610 3720 5682 θελήματος
