3880 6382
150 427 204 486 π.
1287 415 1356 471 IN
1397 409 1873 471 HEXAEMERON
1907 413 2142 468 LIBER.
3283 401 3361 462 78

155 547 427 621 ἁδιακρίτως
466 541 556 596 τοῦ
593 538 794 604 παντὸς
835 537 1188 602 ὑποστάντος,
1229 537 1323 590 καὶ
1364 536 1475 590 τῶν
1527 554 1668 590 στοι-

1791 543 1877 600 aet,
1919 533 2222 602 omniaque
2253 530 2527 586 elementa
2578 527 2724 583 inter
2767 539 2827 583 se
2855 531 3115 581 concreta
3167 522 3367 594 penni-

157 618 293 716 κείων*
307 637 506 692 πάντων
534 635 590 686 ὲν
615 632 864 702 ἀλλήλοις
893 630 1278 701 πεφυρμένων,
1309 629 1372 682 τὸ
1398 628 1675 698 πανταχοῦ

1791 637 1977 696 staque
1999 629 2206 689 essent,
2244 623 2389 694 ignis
2424 621 2518 692 qui
2550 619 2756 690 ubique
2790 618 3188 675 disseminatus
3223 625 3364 681 erat,

157 727 543 800 κατεσπαρμένον
573 722 685 794 πῦρ
715 723 1089 785 ὲπεσκοτεῖτο,
1114 719 1192 788 τῷ
1213 718 1556 784 πλεονάζοντι
1575 722 1676 791 τῆς

1778 719 2052 774 obscurus
2095 715 2334 783 jacebat,
2383 713 2732 782 materiaeque
2782 711 3105 782 impotentia
3153 707 3369 779 suppri-

158 824 260 891 ὕλης
303 813 801 888 ὲπιπροσθούμινον.
842 812 998 866 Ἐπεὶ
1039 811 1099 864 δὲ
1138 809 1290 876 ὀξεῖά
1328 809 1412 872 τίς
1452 811 1600 864 ἐστίν
1641 809 1676 882 ἡ

1791 808 2039 863 mebatur
2092 821 2333 860 :verum
2383 803 2649 876 quoniam
2714 803 2800 860 vis
2851 803 2974 873 ejus
3010 803 3169 858 velox
3201 811 3370 872 atque

155 913 344 984 δύναμις
388 905 546 963 αὑτοῦ
592 906 691 959 καὶ⁹
739 903 1052 975 εὐκίνητος,
1080 900 1219 972 ὁμοῦ
1253 900 1315 954 τὸ
1357 899 1576 972 δοθῆναι
1615 903 1681 972 τῇ

157 1004 285 1072 φύσει
305 1000 400 1054 τῶν
427 999 589 1051 ὄντων
621 995 761 1068 πρὸς
791 995 889 1066 τὴν
919 992 1013 1047 τοῦ
1054 992 1261 1062 κόσμου
1290 991 1506 1059 γένεσιν
1532 992 1685 1063 παρὰ

155 1093 226 1148 τοῦ
253 1091 366 1146 Θεοῦ
393 1090 450 1144 τὸ
471 1089 770 1158 ἐνδόσιμον,
801 1087 982 1156 πάσης
1005 1085 1106 1156 τῆς
1136 1083 1442 1156 βαρυτέρας
1473 1084 1687 1153 φύσεως

158 1185 449 1257 προεξέθορε,
481 1183 572 1236 καὶ
611 1181 778 1244 εὐθὺς
805 1179 883 1250 τῷ
911 1178 1052 1248 φωτὶ
1079 1179 1148 1232 τὰ
1179 1178 1360 1232 πάντα
1391 1177 1688 1249 περιηυγά-

157 1277 268 1340 ζετο.
300 1278 357 1328 Ὃ
391 1274 442 1327 δὲ
481 1273 624 1327 κατὰ
665 1272 754 1325 τὸν
797 1273 897 1342 τῆς
928 1269 1123 1340 σοφίας
1153 1269 1335 1338 λόγον,
1363 1271 1429 1340 τῇ
1459 1268 1685 1337 δυνάμει

159 1367 231 1421 τοῦ
258 1365 585 1435 πεποιηκότος
619 1365 858 1432 ἐγένετο,
893 1361 968 1426 ὡς
997 1361 1157 1430 λόγος
1185 1361 1319 1415 Θεοῦ
1350 1379 1686 1434 προστακτι-

158 1457 244 1518 ne,
255 1454 381 1525 παρὰ
389 1451 474 1506 τοῦ
481 1449 624 1506 Μωῦ
633 1456 768 1512 σέως
778 1444 1147 1519 ἐμνημονεύθη
1157 1444 1285 1511 {vim
1296 1443 1465 1502 Εἶπεν
1478 1444 1507 1496 ὁ
1528 1449 1630 1503 Θεὺ
1638 1469 1684 1514 ς,

160 1545 392 1618 Ιενηθήτω
427 1549 550 1614 95’"
593 1577 611 1602 ’
648 1536 743 1591 καὶ
773 1535 987 1605 ἐγένετο
1016 1536 1151 1607 φῶς·
1192 1555 1211 1588 θ
1269 1537 1390 1591 Ἐπὶ
1433 1539 1542 1611 γὰρ
1591 1539 1684 1595 τοῦ

156 1629 278 1693 θεοῦ,
305 1631 430 1684 κατά
458 1646 519 1696 γε
549 1628 654 1700 τὴν
688 1628 964 1700 ἡμετέραν
991 1627 1280 1699 ὑπόληψιν,
1313 1629 1376 1683 τὸ
1403 1630 1564 1701 ἔργον
1593 1631 1684 1685 λό-

154 1739 228 1787 γος
251 1723 365 1774 ἐστί.
393 1721 528 1775 Διότι
557 1722 674 1774 πᾶν
709 1721 772 1775 τὸ
799 1721 1104 1792 γινόμενον,
1135 1721 1279 1793 λόγῳ
1321 1725 1558 1791 γίνεται’
1593 1725 1686 1778 καὶ

155 1813 306 1880 ἄλογόν
343 1831 390 1866 τι
433 1814 523 1868 καὶ
576 1813 903 1884 συντυχικδν
950 1814 1046 1867 καὶ
1097 1813 1407 1883 αὐτόματον
1461 1817 1519 1868 ἐν
1574 1821 1686 1881 τοῖς

155 1908 298 1962 Θεόθεν
339 1909 598 1980 ὑφεστῶσι
645 1913 846 1964 νοεῖται
897 1909 1072 1966 οὐδέν.
1127 1908 1287 1964 Ἀλλὰ
1334 1911 1438 1982 χρὴ
1471 1911 1686 1982 ἑκάστῳ

151 1998 239 2050 τῶν
277 2000 422 2054 όντων
468 2003 560 2056 καὶ
606 2001 768 2072 λόγον
813 2003 936 2056 τινὰ
984 2003 1146 2072 σοφόν
1193 2021 1251 2056 τε
1299 2004 1394 2056 καὶ
1441 2003 1687 2074 τεχνικὸν

153 2092 381 2157 ἐγκεῖσθαι
419 2093 728 2158 πιστεύειν,
782 2095 886 2149 κᾶν
916 2097 1160 2168 κρεῖττον
1267 2097 1366 2166 τῆς
1411 2095 1686 2166 ἡμετέρας

151 2181 307 2248 ὑξεως.
324 2183 380 2236 Τί
399 2181 485 2238 οὖν
505 2183 664 2238 εἶπεν
681 2187 711 2238 ὁ
731 2185 880 2250 Θεὸς,
907 2187 1092 2258 ἐπειδὴ
1115 2187 1274 2255 λόγου
1297 2189 1681 2258 παραστατική

149 2272 267 2325 ἐστιν
289 2275 318 2344 ἡ
343 2277 550 2348 τοιαύτη
589 2277 770 2349 φωνὴ,
809 2276 1153 2348 θεοπρεπῶς,
1192 2279 1268 2342 ὡς
1291 2275 1463 2350 οἶμαι,
1492 2281 1682 2351 νοησο-

153 2379 232 2431 μεν
252 2367 320 2423 είς
347 2366 430 2420 τὸν
453 2369 777 2440 ἐγκείμενον
817 2371 915 2440 τῆς
955 2370 1186 2435 κτίσεως
1215 2370 1372 2440 λόγον
1412 2371 1474 2424 τὸ
1521 2371 1684 2444 ῥητὸν

149 2455 475 2527 ἀναφέροντες.
533 2461 698 2514 Οὕτω
737 2461 844 2535 γὰρ
902 2461 998 2515 καὶ
1051 2463 1081 2514 ὁ
1143 2461 1318 2532 μέγας
1371 2463 1534 2516 Δαϐὶδ
1589 2463 1684 2528 τὰς

150 2548 357 2612 τοιαύτας
384 2554 558 2620 φωνὰς
607 2555 744 2625 ἡμῖν
778 2553 1085 2624 ἐξηγήσατο
1117 2552 1284 2608 είπὼν
1304 2569 1318 2583 ⁸
1351 2575 1370 2608 ‹
1410 2555 1596 2608 Πάντα
1627 2557 1686 2608 ὲν

151 2640 278 2709 σοφίᾳ.
303 2642 579 2714 ἐποίησας.
602 2665 622 2697 ι
669 2645 750 2698 Τὰ
777 2644 886 2716 γὰρ
921 2645 1296 2716 προστακτικᾶ
1330 2647 1428 2716 τῆς
1453 2646 1560 2700 τῶν
1595 2645 1683 2698 ὅν-

150 2743 232 2781 των
257 2730 462 2797 κτίσεως
509 2735 759 2805 ρήματα,
787 2733 823 2788 ἃ
865 2733 1015 2804 παρὰ
1040 2732 1137 2786 τοῦ
1169 2735 1449 2797 Μωῦσέως
1490 2737 1555 2788 ὲκ
1585 2736 1686 2806 τῆς

147 2817 267 2884 Θείας
299 2824 469 2895 φωνῆς
501 2825 938 2896 ἀναγέγραπται,
983 2825 1156 2878 ταῦτα
1191 2826 1219 2878 ὁ
1260 2825 1424 2880 Δαϐὶδ
1467 2826 1566 2898 τὴν
1600 2829 1685 2880 ἐν-

149 2907 478 2984 Θεωρουμένην
507 2919 626 2980 τοῖς
663 2917 910 2984 γεγονόσι
953 2917 1146 2986 σοφίαν
1177 2917 1484 2988 ὠνόμασεν.
1523 2919 1687 2972 Ὅθεν

147 2997 220 3047 καὶ
252 2997 531 3070 διηγεῖσθαι
566 3003 720 3072 λέγει
746 3006 872 3068 τοὺς
901 3007 1165 3077 οὐρανοὺς
1195 3005 1356 3071 δόξαν
1390 3007 1524 3061 Θεοῦ
1546 3049 1558 3071 ,
1590 3008 1686 3080 δη·-

148 3083 251 3155 labi]
287 3090 376 3160 τῆς
401 3092 814 3166 ’ἐμφαινομένης
836 3097 1020 3161 αὐτοῖς
1047 3099 1305 3170 τεχνικῆς
1334 3099 1566 3172 θεωρίας
1598 3099 1688 3154 διὰ

144 3176 223 3245 τῆς
243 3180 540 3252 ἐναρμονίου
567 3187 894 3257 περιφορᾶς,
920 3187 1041 3240 ἀντὶ
1065 3187 1224 3256 λόγου
1255 3191 1548 3261 γινομένης
1573 3193 1686 3254 τοῖς

147 3267 477 3339 ἐπιοτὴμοσιν.
519 3272 708 3326 Εἰπὼν
741 3275 848 3346 γὰρ
891 3275 1194 3344 διηγεῖσθαι
1224 3279 1353 3340 τοὺς
1397 3279 1681 3348 οὐρανοὺς,

145 3358 218 3411 καὶ
239 3362 567 3432 άναγγέλλειν
597 3366 662 3420 τὺ
688 3368 993 3439 στερέωμα,
1017 3369 1326 3442 διορθοῦται
1352 3373 1476 3435 τοὺς
1512 3373 1686 3444 παχύ-

1785 897 1945 968 agilis
1963 905 2072 962 est,
2093 897 2258 953 simul
2280 903 2444 968 atque
2474 910 2660 951 rerum
2693 901 2907 950 natura:
2933 893 2999 949 ad
3035 887 3225 948 mundi
3243 907 3372 947 con-

1785 990 2128 1045 stitutionem
2155 1003 2186 1042 a
2214 987 2323 1043 Deo
2358 993 2540 1042 motus
2565 987 2900 1058 principium
2924 994 3086 1057 atque
3117 984 3370 1040 incitatio

1786 1081 2030 1137 adhibita
2063 1091 2170 1150 est,
2223 1089 2355 1138 ante
2404 1081 2496 1136 illa
2529 1082 2717 1136 omnia
2752 1095 2874 1152 quae
2920 1080 3175 1152 graviora
3213 1077 3384 1142 sunt,‘

1785 1173 2072 1240 exsiliens,
2100 1171 2311 1240 lumine
2335 1178 2542 1227 cuncta
2571 1171 2756 1226 statim
2791 1169 3106 1225 illustravit.
3133 1166 3248 1222 lloc
3276 1183 3374 1220 att-

1787 1273 1896 1321 tem
1951 1265 2232 1336 sapientiae
2274 1265 2486 1320 ratione
2551 1263 2680 1320 fecit
2727 1263 2970 1334 potentia
3030 1260 3372 1338 conditoris,

1787 1359 1904 1430 qui,
1937 1365 2000 1414 ut
2058 1359 2180 1430 ejus
2225 1359 2472 1430 jubentis
2531 1357 2708 1412 oratio
2755 1371 2785 1409 a
2833 1354 2982 1410 Mose
3016 1353 3372 1420 describitur,

1793 1469 1812 1502 ι
1844 1449 1990 1515 Fiat,
2015 1444 2193 1518 inquit
2221 1483 2238 1510 ,
2297 1445 2391 1500 lux
2421 1483 2439 1512 ,
2481 1455 2536 1504 et
2593 1445 2738 1502 facta
2791 1453 2882 1502 est
2927 1447 3020 1500 lux
3046 1445 3106 1500 ἐ
3143 1465 3163 1498 ι
3200 1445 3376 1500 oratio

1785 1541 1930 1597 enim
1984 1550 2039 1596 et
2079 1542 2218 1596 ratio
2265 1541 2319 1596 in
2357 1541 2490 1606 Deo,
2522 1549 2581 1595 ut
2636 1555 2736 1612 ego
2787 1539 2986 1606 sentio,
3019 1548 3104 1594 est
3153 1552 3293 1609 opus
3321 1545 3377 1593 et

1789 1632 2012 1688 factum.
2045 1632 2320 1704 Quidquid
2357 1632 2502 1686 enim
2547 1631 2616 1686 ab
2645 1647 2709 1687 eo
2737 1631 2818 1696 ﬁt,
2852 1631 3067 1686 ratione
3121 1629 3200 1684 lit.
3238 1629 3375 1685 Elin

1787 1723 1856 1782 iis
1876 1741 1997 1796 quae
2021 1739 2052 1778 a
2072 1725 2181 1781 Deo
2202 1723 2652 1796 proﬁciscuntur,
2676 1724 2812 1778 nihil
2837 1738 2868 1778 a
2889 1723 3100 1778 ratione
3113 1721 3375 1788 alienum,

1788 1818 1924 1872 nihil
1981 1817 2349 1874 inordinatum
2412 1828 2506 1874 aut
2559 1817 2844 1873 fortuitum
2897 1816 3374 1872 animadvertitur.

1788 1889 1971 1978 Quare
1993 1911 2343 1994 credendum/
2359 1919 2465 1974 est,
2501 1911 2556 1966 in
2598 1911 2762 1968 rebus
2807 1910 3043 1981 singulis
3071 1911 3375 1982 sapientem

1787 2002 2077 2074 quamdam
2109 2017 2172 2057 ac
2195 2003 2450 2058 solertem
2475 2003 2656 2058 inesse
2679 2003 2969 2066 rationem,
3007 2001 3164 2072 longe
3186 2007 3374 2054 tamen

1789 2093 2244 2164 prtestantiorem,
2277 2109 2438 2164 quam
2468 2103 2525 2148 ut
2556 2102 2779 2164 aspectu
2804 2100 2994 2148 nostro
3017 2093 3374 2162 comprehen-

1786 2184 1968 2238 datur.
2007 2184 2166 2250 Quod
2191 2185 2356 2256 igitur
2387 2185 2526 2240 dixit
2569 2187 2729 2252 Deus,
2756 2183 2974 2255 quando
3009 2183 3242 2239 rationis
3271 2183 3374 2237 im—

1787 2278 2030 2346 perantis
2051 2293 2248 2334 cavox
2278 2286 2382 2340 est,
2415 2292 2522 2331 non
2556 2275 2860 2346 indignam,
2893 2275 3110 2346 opinor,
3147 2273 3261 2330 Deo
3289 2290 3378 2330 ce-

1787 2369 2105 2439 gitationem
2141 2370 2526 2440 suscipiemus,
2577 2371 2623 2426 si
2667 2368 2735 2424 ad
2789 2369 3055 2424 rationem
3123 2369 3199 2424 rei
3246 2386 3374 2438 pro-

1787 2469 1986 2516 creata:
2019 2462 2239 2516 insitam
2294 2463 2499 2516 dictum
2548 2461 2916 2519 retulerimus.
2955 2461 3052 2518 Sic
3092 2461 3237 2517 enim
3275 2462 3375 2516 has

1787 2563 1950 2609 voces
1995 2569 2226 2624 magnus
2251 2554 2414 2609 etiam
2448 2553 2618 2610 David
2647 2553 2806 2610 nobis
2828 2555 3125 2622 exposuit:
3171 2571 3191 2606 ‹
3243 2553 3377 2609 Om-

1788 2646 1900 2710 nia,
1935 2667 1954 2698 ι
1993 2647 2269 2716 inquiens,
2297 2665 2318 2700 ί
2355 2647 2408 2700 in
2435 2647 2701 2717 sapientia
2735 2645 2974 2702 fecisti’.
3002 2645 3175 2700 tNam
3205 2646 3376 2714 impe-

1789 2737 1962 2793 rantia
1996 2755 2178 2793 rerum
2215 2739 2556 2793 conditarum
2600 2739 2782 2801 verba,
2814 2752 2936 2808 quae
2973 2737 3170 2792 aMose
3193 2753 3255 2792 ex
3294 2739 3376 2792 tli-

1787 2831 1912 2884 viua
1953 2845 2082 2884 voce
2123 2829 2400 2898 descripta
2429 2839 2579 2891 sunt,
2642 2830 2810 2884 David
2867 2831 2985 2900 ipse
3023 2840 3374 2900 conspectam

1788 2923 1842 2978 in
1871 2923 2032 2976 rebus
2067 2921 2342 2990 generatis
2383 2923 2706 2992 sapientiam
2753 2923 3066 2993 appellavit.
3106 2923 3376 2990 Quocirca

1788 3013 1960 3069 ccelus
1981 3013 2142 3066 etiam
2175 3012 2248 3064 ait
2271 3027 2494 3093 narrare
2523 3012 2750 3082 gloriam
2777 3011 2871 3068 Dei
2907 3013 2970 3066 ιο.
3003 3013 3375 3068 Artiﬁciosum

1789 3105 2067 3168 nimirum,
2119 3104 2266 3175 quod
2299 3104 2353 3158 in
2410 3104 2544 3175 ipsis
2577 3120 2639 3159 ex
2686 3105 3066 3162 conversionis
3105 3115 3374 3161 concentu

1793 3195 2167 3268 spectaculum
2219 3199 2440 3264 visitur,
2474 3201 2617 3272 apud
2649 3202 2854 3270 peritos
2881 3217 3107 3256 munere
3130 3201 3378 3272 fungitur

1790 3291 2079 3347 orationis.
2119 3291 2301 3348 leos
2349 3301 2530 3348 autem
2561 3308 2841 3356 enarrare,
2890 3302 2944 3349 et
2973 3293 3372 3348 firmamentum

1789 3381 2118 3435 annuntiare
2163 3383 2372 3446 dicens,
2427 3382 2610 3440 erudit
2639 3398 2755 3444 eos,
2794 3383 3178 3452 quicjusmodi
3212 3384 3378 3438 verba

144 3467 264 3543 τεροι
285 3457 382 3506 τῶν
409 3456 721 3530 λεγομένων
757 3459 1054 3524 ἀκούοντας
1073 3479 1086 3492 ·
1117 3463 1211 3516 καὶ
1235 3463 1365 3527 ἴσως
1389 3466 1481 3517 καὶ
1502 3465 1685 3536 φωνῆς

1791 3473 2034 3529 crassius
2070 3474 2454 3543 intelligerent,
2491 3481 2544 3528 et
2601 3473 2836 3530 fortasse
2864 3476 3014 3530 vocis
3060 3476 3221 3530 etiam
3283 3492 3376 3532 so-

142 3533 246 3610 ἧχον
259 3546 340 3599 καὶ
355 3546 506 3616 λόγον
519 3547 784 3622 ἔναρθρον
795 3551 860 3604 ἐκ
875 3551 974 3620 τῆς
989 3552 1098 3606 τῶν
1115 3554 1175 3606 οὑ
1185 3554 1360 3625 ρανῶν
1379 3533 1539 3628 διηγῆ
1549 3533 1684 3620 σεως

143 3636 590 3708 προσδεχομένους,
641 3643 700 3694 ἐν
743 3637 826 3706 οἷς
853 3661 1038 3715 φησιν,
1067 3645 1148 3700 ὅτι
1191 3647 1308 3700 Οὐκ
1341 3649 1450 3700 εἰσὶ
1479 3648 1681 3712 λαλιαὶ,

143 3725 237 3778 οὐδὲ
285 3729 422 3800 λόγοι
472 3726 550 3787 ὧν
606 3734 729 3806 οὑχ).
790 3735 1084 3790 ἀκούονται
1135 3739 1192 3791 αἱ
1251 3739 1430 3808 φωναὶ
1479 3739 1682 3804 αὐτῶν,

141 3814 207 3904 ira
242 3819 373 3894 δείξῃ
431 3827 515 3878 ὃτι
563 3829 598 3896 ἡ
653 3828 711 3880 ὲν
759 3831 826 3898 τῇ
877 3830 1050 3884 κτίσει
1100 3829 1448 3904 θεωρουμένη
1500 3833 1684 3902 σοφία,

140 3903 263 3976 ὶὰγος
288 3913 416 3979 ἐστὶ,
442 3917 549 3970 κᾶν
587 3917 660 3989 μὴ
696 3918 954 3992 ἔναρθρος
1071 3921 1183 3976 Καὶ
1215 3921 1376 3976 πάλιν
1407 3903 1501 3976 τοῦ
1529 3925 1689 3978 Moab-

139 3996 248 4064 σέως
278 4003 576 4072 διεξοδικὰς
606 4026 761 4073 τινας
807 4009 900 4064 τοῦ
939 4010 1075 4065 Θεοῦ
1117 4011 1301 4080 φωνὰς
1349 4013 1485 4084 προς
1524 4014 1688 4068 αὐτὸν

139 4092 418 4164 γεγενῆσθαι
454 4099 708 4164 εἰπόντος
737 4101 794 4152 ὲν
835 4103 902 4172 τῇ
943 4101 1346 4176 θαυματοποιία
1373 4104 1482 4157 τῶν
1511 4106 1569 4158 ὲν
1600 4107 1692 4159 Αί-

137 4181 291 4254 γύπτῳ
320 4190 589 4259 σημείων,
623 4192 952 4264 ὑψηλότερον
986 4193 1019 4266 ἢ
1050 4195 1191 4249 κατὰ
1217 4195 1316 4266 τὴν
1341 4196 1449 4249 τῶν
1476 4196 1688 4250 πολλῶν

140 4267 364 4344 ὑπόληψιν
393 4280 422 4331 ὀ
458 4280 770 4351 Ψαλμῳδὸς
804 4281 1107 4355 ἐξηγήσατο
1137 4283 1328 4348 είπὼν,
1361 4303 1381 4338 ι
1415 4285 1609 4338 Ἐθετο
1630 4288 1689 4340 ὲν

136 4364 286 4430 αὐτοῖς
331 4372 457 4434 τοὺς
507 4373 705 4440 λόγους
753 4374 860 4426 τῶν
907 4375 1148 4446 σημείων
1203 4376 1390 4443 αὐτοῦ,
1440 4378 1535 4431 καὶ
1577 4377 1689 4431 τῶν

135 4458 341 4524 τεράτων
366 4464 538 4518 αὑτοῦ
569 4467 628 4518 ὲν
657 4468 728 4538 γῇ
758 4466 908 4538 Χάμ.
946 4486 966 4519 ι
1003 4468 1094 4538 Τῷ
1123 4468 1233 4540 γὰρ
1269 4468 1412 4538 λόγῳ
1452 4469 1557 4522 τινὶ
1589 4469 1689 4539 τὴν

121 4551 509 4628 ,ὁπεργαστικὴν
553 4559 787 4612 ἑκάστου
835 4559 946 4612 τῶν
986 4563 1290 4632 γινομένων
1335 4559 1562 4632 δύναμιν
1607 4563 1690 4626 είς

134 4641 376 4712 ἐνέργειαν
415 4647 689 4716 ἄγεσθαι,
732 4649 920 4717 σαφῶς
949 4650 1037 4704 διὰ
1064 4651 1163 4722 τῆς
1201 4653 1385 4722 φωνῆς
1418 4651 1620 4722 ταύτης
1660 4653 1689 4705 ὁ

131 4731 395 4805 Ψαλμῳδὸς
434 4737 764 4810 ὑπῃνίξατο,
795 4740 870 4802 ὡς
901 4741 1002 4794 οὐκ
1037 4743 1098 4794 ὲν
1125 4743 1365 4813 ῥήμασιν
1392 4741 1546 4806 ὅντος
1588 4742 1686 4796 τοῦ

1789 3581 1940 3628 num,
1980 3565 2410 3636 distinctumque
2436 3581 2742 3621 sermonem
2779 3581 2845 3621 ex
2874 3567 3187 3622 narratione
3211 3568 3380 3622 coelo-

1787 3671 1906 3710 rum
1929 3664 2333 3728 eXSpectarcnt,
2367 3659 2493 3711 dum
2523 3657 2697 3728 inquit
2734 3657 2799 3720 ιι,
2840 3673 2948 3712 non
2977 3673 3100 3714 esse
3135 3658 3380 3728 loquelas

1787 3764 1964 3820 'teque
1997 3766 2298 3816 sermones,
2351 3751 2550 3820 quibus
2592 3766 2698 3804 non
2754 3751 3050 3805 audiantur
3097 3765 3262 3807 voces
3287 3767 3382 3806 eo-

1788 3857 1945 3915 rum,
1967 3850 2028 3896 ut
2067 3841 2416 3911 sapientiam,
2458 3855 2579 3912 quae
2616 3841 2668 3894 in
2704 3841 2868 3896 rebus
2899 3841 3199 3910 procreatis
3258 3857 3382 3911 pcr-

1789 3936 2039 4006 spicitur,
2089 3918 2398 3992 orationem
2432 3951 2556 3991 esse
2592 3933 2850 4000 declaret,
2894 3934 3018 3990 licet
3047 3933 3188 3992 haud
3241 3936 3380 3990 arti-

1791 4028 1972 4084 culate
2008 4027 2376 4098 distincteque
2405 4043 2514 4083 non
2559 4027 2962 4098 pronuntietur.
2987 4025 3220 4089 Rursus,
3253 4042 3377 4082 cunt

1790 4119 2097 4191 magniﬁcis
2143 4120 2474 4190 quibusdam
2520 4118 2748 4175 vocibus
2787 4117 2958 4174 Deum
2995 4119 3098 4175 sibi
3135 4119 3377 4174 locutum

1791 4228 1914 4268 esse
1939 4213 2167 4268 dixisset
2199 4211 2398 4276 Moses,
2447 4212 2577 4266 dum
2612 4211 2932 4266 admiranda
2959 4211 3049 4265 illa
3071 4211 3225 4281 signa
3253 4212 3382 4266 edc-

1791 4311 1874 4361 ret
1899 4305 1950 4358 in
1975 4303 2232 4375 ZEgypto,
2259 4302 2312 4358 id
2341 4303 2458 4374 ipse
2482 4301 2650 4356 David
2676 4303 2966 4358 sublimius
2997 4303 3190 4369 multo,
3216 4319 3379 4375 quam

1795 4403 1854 4449 ut
1892 4396 2122 4466 quilibet
2161 4396 2490 4467 suspicetur,
2544 4395 2835 4464 explicavit
2872 4433 2886 4458 ,
2925 4414 2944 4446 ι
2981 4393 3194 4458 Posuit,
3235 4415 3254 4448 ι
3297 4397 3382 4450 in-

1795 4487 2014 4558 quiens,
2057 4507 2074 4539 t
2109 4487 2163 4541 in
2197 4487 2279 4544 eis
2311 4487 2476 4542 verba
2509 4487 2788 4558 signorum
2825 4485 2968 4555 ejus,
3006 4495 3060 4540 et
3104 4486 3383 4557 prodigio—

1791 4595 1914 4634 rum
1947 4577 2122 4650 ipsius
2153 4579 2208 4634 in
2241 4586 2390 4634 terra
2416 4578 2586 4632 (Ibam
2613 4577 2677 4633 ¹².
2718 4597 2737 4630 ι
2781 4576 2892 4632 Hac
2919 4577 3064 4633 enim
3095 4592 3225 4634 voce
3251 4577 3386 4633 Pro.

1794 4668 1976 4739 pheta,
2003 4668 2110 4722 vim
2149 4681 2338 4723 earum
2367 4683 2549 4723 rerum
2572 4667 2996 4723 admirabilium
3028 4667 3380 4734 ell‘ectricem,

1793 4757 2008 4812 ratione
2034 4757 2270 4827 quadam
2315 4766 2410 4812 eas
2431 4764 2770 4822 exsecutam,
2809 4757 3130 4828 planissime
3151 4759 3349 4815 demon
3367 4790 3382 4802 -

129 4818 277 4890 λόγου,
307 4828 442 4883 ἀλλὰ
466 4829 572 4900 τῆς
599 4832 680 4894 είς
701 4831 769 4886 τὰ
797 4837 997 4904 σημεῖα
1021 4834 1323 4907 δυνάμεως.
1354 4835 1526 4899 οὕτως
1551 4835 1685 4890 ὦνο-

1791 4846 2000 4908 stravit,
2025 4861 2148 4900 cum
2168 4861 2277 4900 non
2297 4847 2562 4901 rationem
2581 4846 2634 4900 in
2649 4847 2832 4902 verbis
2854 4847 3270 4915 consistentem,
3289 4850 3382 4904 sed

129 4919 399 4991 μασξιένης-

181 5028 367 5084 Οὐκοῦν
432 5033 534 5087 καὶ
595 5033 830 5088 ἐνταῦθα
890 5036 1202 5108 προέδραμε
1260 5037 1359 5108 μὲν
1403 5038 1498 5092 καὶ
1547 5039 1686 5093 ἀπε-

121 5117 255 5190 κρίθη
302 5122 413 5175 τῶν
465 5123 640 5177 ὄντων
696 5125 755 5177 ἐν
778 5123 856 5194 τῷ
876 5129 1034 5196 ταχεῖ
1077 5143 1136 5178 τε
1163 5129 1260 5180 καὶ
1293 5127 1562 5200 εὑκινήτῳ
1589 5129 1690 5200 τῆς

126 5207 356 5288 (adeam!)
389 5215 702 5287 φωτιστικὴ
731 5215 982 5286 δύναμις,
1013 5217 1214 5289 ἑαυτὴν
1243 5217 1353 5272 τῶν
1380 5219 1688 5290 ἐτεροφυῶν

123 5299 502 5374 ἀποκρίνουσα,
553 5308 647 5360 καὶ
692 5306 755 5360 τὸ
799 5307 1178 5380 περιλαμφθὲν
1241 5309 1386 5362 διπαν
1445 5309 1534 5362 διὰ
1583 5311 1683 5380 τῆς

125 5391 516 5471 ἀταυγαστικῆς
558 5397 725 5452 αὑτοῦ
762 5398 1045 5470 δυνάμεως
1084 5399 1486 5473 κατεφωτίσθη.
1518 5394 1591 5472 ’ᾭ
1627 5403 1683 5456 δὲ

123 5479 236 5557 λόγῳ
260 5492 440 5546 ταῦτα
479 5493 698 5562 ἐνεργεῖ
725 5490 821 5544 τοῦ
853 5491 1024 5562 πυρὸς
1053 5494 1088 5564 ἡ
1117 5493 1296 5556 οὐσία,
1338 5493 1502 5564 μόνου
1547 5492 1682 5548 Θεοῦ

126 5570 238 5628 ἐστιν
265 5582 466 5646 εἰπεῖν,
497 5580 595 5634 τοῦ
625 5580 1029 5653 ἐναποθεμένου
1059 5583 1151 5636 τὸν
1178 5582 1504 5652 φωτιστικον
1529 5582 1686 5652 λόγον

122 5665 171 5734 τῇ
197 5669 375 5738 φύσει*
407 5675 515 5725 καὶ
541 5671 698 5725 τοῦτο
723 5671 812 5726 διὰ
843 5673 942 5743 τῆς
983 5674 1120 5738 ἰδίας
1153 5673 1372 5744 γραφῆς
1408 5673 1500 5726 καὶ
1527 5675 1556 5726 ὁ
1590 5674 1688 5744 μὲ-

173 5865 344 5926 ‘Gen.
382 5869 428 5930 Ι.
474 5870 536 5924 5.
609 5871 629 5902 ⁸
673 5869 816 5927 Psal.
867 5887 981 5938 cm,
1027 5873 1118 5930 2L

311 5969 601 6030 PATROL.
643 5967 763 6032 GR.
800 5969 1020 6032 XLlV.

1201 5877 1242 5908 '°
1283 5873 1427 5930 Psal.
1470 5887 1623 5940 xvm,
1665 5872 1718 5926 2.

1798 4937 2078 5010 signorum
2101 4937 2506 4994 emciendorum
2541 4945 2862 5009 potestatem
2895 4941 2971 4996 ita
3002 4941 3330 4998 nominaret.

1869 5030 1964 5086 Sic
2015 5031 2183 5102 igitur
2232 5033 2396 5086 etiam
2459 5038 2592 5086 tunc
2633 5033 2945 5098 antevertit,
3001 5041 3054 5089 et
3107 5034 3386 5090 celeritate

1796 5123 2210 5194 mobilitateque
2237 5138 2358 5188 sua,
2384 5121 2466 5179 vis
2498 5123 2843 5178 illuminandi
2889 5140 2919 5178 a
2950 5139 3129 5180 rerum
3161 5127 3383 5179 univer-

1795 5216 1959 5270 sitate
1983 5215 2235 5280 secessit,
2267 5229 2434 5283 seque
2476 5215 2652 5284 ipsam
2683 5216 2752 5270 ab
2793 5215 2914 5270 aliis
2939 5216 3154 5270 naturis
3191 5217 3384 5284 sejun-

1796 5309 1897 5372 xit,
1927 5316 2090 5377 atque
2121 5308 2194 5362 ita
2217 5307 2500 5378 splendida
2529 5309 2676 5364 illius
2699 5309 2942 5378 potentia
2961 5309 3264 5362 illustratus
3297 5314 3386 5362 est

1791 5401 1964 5457 orbis.
1997 5398 2114 5464 Qua
2139 5409 2320 5454 autem
2345 5400 2562 5455 ratione
2581 5399 2697 5454 haec
2739 5399 2982 5455 effecerit
2998 5397 3139 5468 ignis
3162 5405 3381 5462 natura,

1791 5493 1964 5548 solius
2017 5491 2113 5546 Dei
2142 5501 2226 5548 est
2279 5493 2572 5563 explicare,
2603 5495 2698 5564 qui
2754 5501 2960 5546 natura:
2986 5491 3093 5545 vim
3154 5491 3392 5549 inseruit

1796 5583 2140 5638 illuminandi
2172 5593 2336 5655 atque
2391 5583 2705 5640 illustrandi
2743 5583 2886 5654 quod
2944 5583 3231 5655 Scriptura
3284 5598 3386 5639 sua

1795 5690 2028 5747 magnus
2077 5675 2242 5729 etiam
2289 5675 2469 5731 Moses
2519 5681 2772 5738 testatur,
2820 5689 2944 5729 cum
2987 5674 3064 5729 ait
3103 5694 3118 5730 :
3167 5693 3186 5728 ι
3241 5674 3389 5729 Dixit

1799 5874 1837 5906 ”
1882 5873 2016 5932 Ibid.
2059 5875 2112 5931 4.
2182 5877 2236 5944 ,³³
2275 5875 2419 5934 Psal.
2459 5891 2566 5942 CIV,
2597 5874 2688 5932 27.
