3880 6362
471 366 606 422 15"

1727 360 1785 415 S.
1828 355 2162 417 GREGORII
2200 355 2494 414 NYSSENI

3664 370 3732 427 76

461 487 627 550 Deus,
656 484 778 541 Fiat
806 486 929 551 lux;
963 505 979 537 ι
1008 481 1276 555 ejusmodi
1306 481 1506 546 verbis,
1532 488 1592 535 ut
1619 480 1855 536 arbitror
1883 479 2056 549 signi-

2164 492 2262 544 γας
2301 482 2638 554 μαρτύρεται
2679 483 2941 554 Mutila-71;,
2978 483 3035 536 ὲν
3078 477 3157 548 οἷς
3211 501 3396 556 φησιν,
3444 486 3528 540 ὅτι
3570 504 3590 538 ι
3623 489 3734 541 Καὶ

463 579 656 640 ficans.
683 578 920 634 divinam
955 576 1254 630 orationem
1292 589 1417 629 esse
1451 572 1591 626 lucis
1649 587 1789 642 opus
1827 583 2044 625 onmem

461 669 752 724 humanam
777 668 1160 738 cogitationem
1185 672 1561 734 superantem.
1586 660 1697 717 Nos
1725 661 1871 716 enim
1896 656 2041 729 quod

461 762 663 815 factum
689 768 773 815 est
826 758 1206 813 tantummodo
1232 756 1551 829 aspicimus,
1578 768 1854 823 sensuque
1878 750 2047 822 perci-

456 854 656 924 pimus,
692 860 744 907 et
768 851 1123 905 admiramur.
1170 848 1269 905 Ubi
1325 858 1509 903 autem
1540 847 1680 917 ignis
1709 846 1929 899 latitans
1963 859 2020 897 re
2040 852 2069 882 -'

460 954 621 1013 ponte
647 951 961 1014 generetur,
997 942 1115 998 sive
1140 957 1207 997 ex
1243 940 1483 1011 lapidum
1508 938 1815 998 collisione,
1840 935 1957 989 sive
1982 950 2048 989 ex

458 1035 689 1089 aliarum
729 1049 910 1088 rerum
944 1032 1135 1087 attritu
1193 1030 1458 1102 prosiliat,
1498 1037 1553 1085 et
1574 1042 1831 1098 quamam
1862 1026 1941 1080 vis
1972 1025 2047 1089 id,

460 1124 606 1195 quod
629 1126 697 1178 ab
721 1126 839 1193 ipso
865 1121 1369 1194 comprehenditur,
1392 1120 1609 1182 exedat,
1647 1126 1813 1188 atque
1847 1132 2051 1173 consu-

463 1225 596 1279 mat,
632 1231 859 1286 qumque
907 1230 1087 1269 aerem
1112 1212 1327 1266 ﬂamma
1361 1211 1668 1273 collustret,
1720 1223 1897 1279 neque
1928 1224 2050 1263 cer-

460 1323 591 1362 nere
640 1321 958 1377 possumus,
1001 1319 1176 1375 neque
1205 1303 1311 1356 ulla
1351 1301 1681 1372 cogitatione
1723 1300 2049 1369 complecti;

458 1400 553 1456 sed
586 1402 640 1455 in
677 1400 795 1454 solo
825 1399 935 1453 Deo
961 1406 1070 1451 tam
1107 1395 1353 1450 mirifica:
1385 1395 1461 1449 rei
1493 1395 1757 1449 rationem
1799 1390 2054 1448 recondi-

459 1501 571 1544 tam
599 1504 721 1543 esse
745 1488 1002 1551 dicimus,
1048 1487 1137 1555 qui
1175 1500 1378 1539 arcana
1432 1484 1724 1554 potestatis
1752 1483 1963 1537 ratione
1996 1481 2051 1536 in

462 1580 585 1651 igne
608 1579 784 1633 lucem
815 1581 1111 1649 ingenerat.
1152 1575 1622 1642 Quemadmodum
1670 1592 1921 1631 sermone
1953 1590 2053 1631 suo

459 1671 643 1725 Moses
676 1678 984 1732 attestatur,
1022 1687 1038 1719 ι
1070 1666 1234 1729 Dixit,
1273 1686 1291 1718 ι
1342 1666 1612 1736 inquiens,
1668 1686 1686 1718 ι
1725 1664 1890 1729 Deus,
1935 1663 2054 1717 Fiat

460 1762 575 1825 lux,
608 1770 659 1814 et
698 1762 841 1813 facta
876 1768 961 1814 est
993 1759 1103 1814 lux.
1153 1768 1206 1813 et
1237 1758 1369 1811 vidit
1401 1757 1544 1813 Deus
1576 1758 1754 1812 lucem
1791 1773 1914 1812 esse
1954 1757 2051 1811 bo-

461 1868 587 1905 nam
610 1850 673 1902 ”.
717 1868 736 1901 ι
769 1847 909 1904 Vere
933 1848 1076 1903 enim
1116 1847 1208 1902 Dei
1241 1848 1410 1903 solius
1434 1856 1519 1903 est
1548 1847 1745 1902 intueri
1779 1848 2051 1918 quomodo
2082 1828 2126 1887 Β

461 1943 533 1997 sit
554 1943 624 1995 ita
649 1943 785 1995 bona
808 1958 822 2007 ;
847 1941 1190 1996 imbecillitas
1215 1951 1393 1995 autem
1427 1950 1637 2015 natur-te
1659 1949 1878 2005 nostrae,
1903 1940 2051 2011 quod

463 2035 539 2098 ﬁt,
587 2034 844 2103 perspicit
888 2033 977 2086 illa
1033 2032 1291 2105 quidem;
1335 2048 1442 2103 qua
1493 2034 1703 2087 ratione
1733 2044 1908 2086 autem
1938 2035 2049 2097 liat,

461 2142 561 2180 nec
590 2127 899 2196 perspicere
927 2135 1125 2195 potest,
1156 2142 1255 2180 nec
1279 2126 1503 2181 laudare
1543 2145 1555 2181 :
1589 2126 1882 2181 laudantur
1904 2127 2047 2180 enint

464 2232 584 2285 qum
640 2224 1069 2287 cognoscuntur,
1139 2234 1247 2272 non
1307 2227 1487 2271 autem
1536 2231 1657 2286 qua:
1708 2218 1833 2287 igno
1866 2223 2048 2269 antur.

471 2329 489 2360 ι
541 2309 687 2363 Vidit
727 2328 746 2361 ›
781 2308 968 2379 igitur,
1004 2310 1199 2378 inquit,
1237 2329 1255 2360 ι
1289 2310 1429 2364 Deus
1465 2310 1640 2363 lucem
1675 2324 1797 2363 esse
1829 2308 2059 2370 bonam,

460 2410 514 2455 et
543 2400 725 2455 divisit
757 2400 899 2455 Deus
926 2392 1068 2454 inter
1100 2402 1274 2453 lucem
1307 2409 1355 2454 et
1388 2401 1640 2454 tenebras
1665 2401 1729 2453 ιθ.
1756 2420 1773 2450 ι
1815 2398 2050 2454 Rursum

463 2491 667 2556 Moses,
698 2492 841 2563 quod
882 2491 1116 2547 naturali
1152 2491 1388 2562 quodam
1451 2490 1642 2546 ordine
1701 2498 1864 2561 atque
1916 2505 2051 2544 con-

460 2596 623 2639 centu
669 2585 744 2651 fit,
801 2584 1115 2640 necessario
1147 2583 1212 2637 ad
1245 2583 1411 2638 Deum
1461 2591 1737 2637 auctorem
1769 2581 1956 2647 refert,
1984 2596 2048 2635 ex

462 2679 531 2734 iis
565 2694 684 2749 qua:
714 2678 858 2733 dicta
918 2687 1067 2744 sunt,
1123 2686 1179 2732 ut
1225 2693 1326 2747 ego
1382 2678 1576 2740 sentio,
1611 2675 1834 2740 docens,
1868 2675 2053 2729 omnia

462 2787 585 2841 quae
638 2772 954 2826 necessario
989 2771 1182 2825 ordine
1229 2785 1289 2823 se
1329 2769 1723 2836 consequentia
1771 2768 2053 2838 proditura

462 2872 639 2927 erant,
676 2863 785 2919 Deo
812 2865 1046 2934 primum
1099 2862 1268 2917 fuisse
1290 2866 1528 2932 cognita.
1563 2861 1772 2915 Etenim
1803 2876 1927 2915 cum
1957 2875 2055 2913 na-

463 2963 588 3008 tiara
624 2954 715 3007 illa
762 2954 943 3008 lucida
974 2959 1138 3024 atque
1180 2952 1492 3007 illustrandi
1534 2953 1641 3005 vim
1674 2952 1901 3016 habens,
1934 2967 2055 3020 qua:

467 3042 522 3096 in
589 3058 770 3096 rerum
835 3042 1190 3097 universitate
1270 3040 1630 3096 disseminata
1698 3041 2056 3111 dispersaque

467 3141 607 3196 erat,
635 3134 701 3190 ad
748 3132 798 3188 id
832 3133 976 3204 quod
1007 3135 1111 3189 sibi
1143 3140 1432 3205 cognatum
1468 3148 1533 3187 ac
1586 3132 1764 3187 simile
1793 3139 1932 3199 erat,
1965 3147 2058 3186 ac-

467 3233 737 3288 curreret,
777 3241 944 3296 seque
977 3234 1088 3280 tota
1116 3226 1413 3295 colligeret,
1442 3224 1757 3280 necessario
1786 3239 1850 3279 ea
1888 3240 2008 3295 quae
2029 3240 2059 3278 a
2086 3200 2129 3257 (ἶ

469 3318 681 3389 reliqua
711 3319 1104 3373 elementorum
1131 3320 1355 3374 materia
1390 3327 1642 3373 contecta
1677 3317 2058 3380 remanebant,

468 3410 908 3465 obscurabantur
937 3430 950 3465 :
984 3420 1037 3465 ct
1072 3412 1187 3465 hmc
1244 3411 1561 3466 obscuratio
1613 3412 1850 3467 tenebrae
1882 3418 2059 3466 erant.

470 3505 626 3571 Quod
663 3504 827 3576 igitur
887 3514 1243 3559 consecutum
1282 3513 1387 3571 est,
1446 3521 1512 3560 ne
1546 3504 1669 3575 quis
1694 3504 1746 3559 in
1774 3504 2060 3559 fortuitum

472 3584 707 3668 aliquem
747 3610 934 3651 casum
1009 3596 1281 3666 rejiceret,
1348 3595 1528 3650 Moses
1576 3610 1698 3651 esse
1760 3594 1853 3650 Dei
1926 3610 2064 3664 opus

474 3687 731 3749 asseruit,
760 3690 851 3755 qut
889 3686 1051 3741 rebus
1083 3687 1318 3741 conditis
1370 3700 1491 3740 eam
1520 3686 1801 3741 tribuisset
1834 3686 2063 3741 faculta-

474 3787 604 3834 tem.
674 3779 816 3850 Ignis
846 3786 1026 3833 autem
1058 3786 1311 3832 naturam
1365 3785 1419 3832 et
1454 3777 1683 3832 celerem
1714 3792 1857 3841 esse,
1911 3785 1966 3832 et
1997 3775 2063 3831 ad

474 3873 755 3942 superiora
809 3870 1142 3935 tendentem,
1198 3885 1522 3940 semperque
1570 3869 1844 3931 mobilem,
1881 3883 1945 3923 ex
1997 3867 2065 3924 iis

473 3952 621 4034 qua?
645 3962 920 4023 videntur,
961 3962 1185 4016 cuilibet
1239 3970 1404 4030 patet.
1444 3960 1509 4015 Et
1540 3962 1653 4015 hinc
1687 3960 1907 4030 quidem
1969 3976 2068 4030 per

474 4057 583 4109 hoc
605 4053 932 4125 principium
964 4052 1312 4123 intelligenda
1364 4061 1765 4124 proponuntur.
1806 4051 1939 4106 illud
1971 4068 2070 4107 au-

477 4156 587 4202 tem
623 4147 677 4200 in
725 4161 924 4217 genere
969 4144 1302 4201 narrationis
1352 4146 1612 4202 historice
1672 4160 1703 4199 a
1737 4143 1887 4200 Mose
1940 4160 2070 4200 con—

478 4238 743 4308 scriptum
768 4245 884 4294 est:
913 4255 931 4289 ι
959 4235 1024 4291 Et
1048 4235 1253 4292 factum
1280 4246 1363 4293 est
1386 4253 1611 4309 vespere
1629 4281 1643 4303 ,
1676 4247 1730 4293 et
1758 4236 1959 4292 factum
1985 4244 2071 4293 est

480 4346 642 4385 mane
672 4330 736 4385 ".
763 4341 792 4383 ι’
820 4329 955 4397 Quis
976 4330 1120 4385 enim
1146 4328 1379 4401 ignorat,
1410 4344 1533 4384 cum
1559 4344 1647 4385 res
1680 4338 1977 4400 procreata:
1997 4329 2071 4385 ita

480 4422 669 4478 divisse
681 4422 812 4488 sint,
845 4432 905 4476 ut
926 4414 1048 4477 alia:
1069 4430 1269 4489 mente,
1293 4423 1412 4477 aliae
1438 4422 1691 4479 sensibus
1713 4422 2071 4492 comprehen-

2150 570 2303 628 εἶπεν
2326 576 2354 629 6
2380 574 2532 637 Θεός·
2558 573 2849 645 Γενηθήτω
2874 574 3011 642 φῶς·
3043 596 3061 627 ι
3087 574 3245 629 τοῦτο
3264 574 3352 628 διὰ
3374 574 3483 629 τῶν
3509 577 3736 648 εἰρημέο

2150 686 2290 733 νων,
2324 667 2399 730 ὼς
2431 662 2609 738 οἶμαι,
2648 666 2858 731 διδοὺς,
2895 666 2978 720 ὅτι
3013 666 3156 730 θεῖος
3192 665 3349 735 λόγος
3391 667 3509 720 ἐστὶ
3536 666 3599 719 τὸ
3640 663 3734 720 τοῦ

2151 759 2328 829 φωτὸς
2381 760 2541 831 ἔργον
2593 760 2776 812 πᾶσαν
2834 758 3045 810 έννοιαν
3101 755 3313 829 παριὼν
3359 755 3735 827 ἀνθρωπίνην.

2161 850 2355 918 Ἡμεῖς
2394 849 2493 919 μὲν
2533 848 2642 920 γὶρ
2675 848 2812 919 πρὸς
2845 846 3006 917 μόνον
3030 846 3092 899 τὸ
3123 846 3406 916 γινόμενον
3438 843 3735 914 βλέπομεν,

2151 944 2244 997 καὶ
2271 945 2338 1013 τῇ
2380 941 2629 1012 αίσθήσει
2668 941 2729 994 τὸ
2759 938 2946 1010 θαῦμα
2976 939 3266 1010 δεχόμεθα.
3299 937 3413 992 Ποῦ
3445 937 3501 991 δὲ
3533 936 3595 991 τδ
3623 935 3737 1008 πῦρ

2150 1032 2502 1103 διαιτώμενον
2524 1032 2734 1103 ἀθρόως
2757 1033 3122 1099 ἀπογεννᾶται
3146 1047 3159 1059 ⁸
3194 1031 3245 1084 εί
3265 1031 3331 1083 ἐκ
3355 1030 3456 1100 τῆς
3480 1026 3740 1097 συμπτὼ-

2153 1143 2292 1189 σεως
2319 1125 2426 1178 τῶν
2452 1125 2700 1197 ψηφίδων
2738 1123 3182 1193 ἀναπαλλὸμενον
3224 1160 3243 1189 ,
3273 1122 3339 1176 ἐκ
3376 1120 3570 1173 τίνων·
3603 1118 3638 1188 ἢ
3676 1121 3739 1172 ἐκ

2151 1218 2294 1283 τίνος
2323 1217 2490 1289 ἄλλης
2519 1217 2656 1289 πρὸς
2686 1215 2887 1284 ἑαυτὴν
2922 1214 3202 1284 τριδείσης
3221 1228 3234 1239 ·
3271 1211 3366 1263 καὶ
3392 1209 3476 1272 τίς
3509 1208 3544 1279 ἡ
3574 1206 3740 1262 δύνα-

2155 1326 2266 1379 μις,
2304 1308 2336 1377 ἡ
2368 1308 2427 1361 τὸ
2456 1307 2553 1378 μὲν
2587 1305 2947 1377 περιδραχθὲν
2972 1304 3062 1355 ὑπ’
3094 1300 3258 1355 αὑτοῦ
3289 1297 3616 1363 διεσθίουσα,
3647 1295 3738 1349 τὸν

2151 1403 2208 1456 δὲ
2236 1401 2375 1474 ἀέρα
2397 1403 2463 1472 τῇ
2489 1399 2646 1469 φλογὶ
2670 1396 3114 1465 καταυγάζουσα,
3138 1393 3262 1448 οὔτε
3286 1393 3411 1446 ἰδεῖν
3433 1390 3737 1462 δυνάμεθα,

2151 1494 2274 1547 οὔτε
2310 1493 2519 1546 ἒννοιάν
2555 1509 2678 1545 τινα
2717 1490 2846 1560 περὶ
2871 1487 3061 1541 τούτου
3094 1484 3319 1539 ςλαϐεῖνο
3349 1483 3464 1537 ἀλλ’
3491 1485 3550 1536 ἐν
3588 1481 3738 1552 μόνῳ

2150 1587 2230 1657 τῷ
2267 1586 2386 1656 Θεῷ
2417 1585 2509 1639 τὸν
2545 1584 2703 1651 λόγον
2743 1582 2844 1652 τῆς
2880 1578 3185 1650 παραδόξου
3210 1575 3417 1647 ταύτης
3460 1573 3739 1644 θαυματο-

2153 1681 2337 1743 ποιίας
2378 1676 2701 1732 ἀποκεῖσθαί
2745 1691 2956 1745 φαμεν,
3000 1672 3079 1742 τῷ
3122 1671 3411 1741 ποιήσαντι
3457 1666 3601 1720 κατά
3645 1665 3740 1716 τὸν

2154 1774 2391 1845 ἄρρητον
2427 1771 2528 1840 τῆς
2567 1768 2851 1839 δυνάμεως
2891 1766 3083 1832 λόγον,
3119 1761 3445 1833 γεννηθῆναι
3478 1756 3558 1828 τῷ
3605 1755 3742 1824 πυρὶ

2153 1868 2215 1920 τὸ
2241 1866 2376 1936 φῶς.
2415 1862 2612 1927 Καθὼς
2635 1863 2664 1915 6
2699 1860 2935 1931 Μωῦσῆς
2959 1860 3016 1911 ὲν
3036 1857 3115 1928 τῷ
3146 1857 3259 1926 ἰδίῳ
3286 1854 3431 1923 λόγῳ
3464 1850 3742 1924 μαρτύρε-

2153 1979 2275 2023 ται,
2305 1961 2387 2012 ὅτι
2432 1978 2450 2011 ‹
2492 1957 2604 2011 Καὶ
2644 1953 2796 2008 εἶπεν
2840 1954 2869 2006 6
2914 1952 3076 2017 Θεὸς,
3123 1948 3413 2020 Γενηθήτω
3448 1944 3602 2015 φῶς,
3645 1943 3739 1997 καὶ

2155 2055 2371 2122 ἐγένετο
2415 2050 2546 2119 φῶς
2599 2048 2692 2101 καὶ
2735 2044 2873 2100 εἶδεν
2906 2048 2933 2099 6
2959 2044 3092 2108 Θεὸς
3124 2043 3184 2096 τὸ
3218 2041 3333 2112 φῶς
3366 2040 3448 2093 ὅτι
3480 2036 3670 2091 καλόν.
3715 2054 3733 2086 ι

2155 2148 2333 2203 Μόνον
2374 2144 2482 2215 γὰρ
2509 2142 2582 2206 ὡς
2623 2140 2839 2211 ἀληθῶς
2882 2136 3018 2190 Θεοῢ
3064 2135 3126 2189 τὸ
3167 2134 3327 2198 ίδεῖν,
3363 2132 3512 2193 ὅπως
3542 2128 3611 2183 ἂν
3649 2127 3742 2195 γέ-

2155 2257 2300 2294 νοιτο
2327 2238 2385 2291 τὸ
2416 2237 2562 2291 οὓτω
2591 2233 2756 2288 καλόν
2778 2250 2790 2263 ο
2814 2234 2847 2302 ὴ
2871 2231 2926 2283 δὲ
2948 2230 3045 2300 τῆς
3070 2225 3344 2299 ἡμετέρας
3366 2222 3580 2292 φύσεως
3604 2235 3743 2273 πτω-

2157 2333 2300 2403 χεία,
2338 2328 2401 2382 τὸ
2433 2327 2533 2397 μὲν
2558 2324 2840 2394 γινόμενον
2882 2320 3100 2391 βλέπει,
3133 2316 3225 2370 τὸν
3265 2316 3323 2369 δὲ
3360 2312 3480 2367 καθ’
3509 2311 3569 2403 δν
3599 2309 3745 2403 γίνε-

2156 2401 2246 2477 ται
2283 2421 2464 2490 λόγον,
2504 2418 2625 2472 οὔτε
2664 2416 2811 2482 ίδεῖν,
2850 2413 2975 2467 οὔτε
3009 2410 3291 2463 ἐπαινέσαι
3328 2401 3569 2466 δυνατῶς
3606 2401 3740 2471 εχει.

2159 2514 2281 2568 Τῶν
2306 2512 2415 2580 γὰρ
2441 2506 2879 2579 γνωριζομένων,
2909 2503 3030 2573 οὐχὶ
3055 2499 3166 2554 τῶν
3192 2495 3573 2567 ἀγνοουμένων
3596 2492 3744 2546 ἐστὶν

2159 2609 2187 2660 6
2217 2607 2456 2669 ἔπαινος.
2494 2622 2512 2653 ι
2550 2598 2702 2655 Εἷδεν
2740 2618 2758 2650 ι
2790 2594 2905 2661 οὖν,
2942 2595 3128 2666 φησὶν,
3165 2610 3184 2644 ι
3220 2592 3249 2645 ὁ
3279 2590 3409 2651 Θεὸς
3439 2587 3501 2640 τὸ
3526 2584 3645 2655 φῶς
3664 2584 3746 2637 ὅτι

2161 2697 2348 2762 καλὸν,
2380 2695 2487 2749 aut
2516 2691 2832 2763 διεχώρισεν
2857 2690 2885 2741 ὁ
2916 2689 3047 2749 Θεὸς
3095 2685 3200 2739 ἀνά
3234 2682 3397 2752 μέσον
3438 2677 3532 2733 τοῦ
3568 2674 3747 2746 φωτὸς

2162 2791 2256 2843 καὶ
2282 2786 2386 2841 ave
2425 2787 2586 2856 μέσον
2620 2782 2714 2836 τοῦ
2752 2780 2998 2842 σκότους.
3041 2797 3059 2830 ι
3113 2774 3280 2829 Πάλιν
3330 2770 3391 2824 τδ
3430 2767 3746 2837 ἀναγκαίως

2161 2881 2304 2937 κατά
2341 2879 2440 2950 τὴν
2479 2874 2802 2931 ἀκολουθίαν
2838 2873 2938 2943 τῆς
2976 2869 3191 2938 φύσεως
3220 2867 3277 2920 ὲν
3307 2862 3460 2927 τάξει
3499 2861 3609 2913 τινὶ
3655 2858 3750 2912 καὶ

2162 2973 2398 3045 ἁρμονίᾳ
2448 2970 2756 3040 γινόμενον,
2805 2968 2883 3029 εἰς
2929 2963 3081 3015 θείαν
3128 2959 3406 3030 ἐνέργειαν
3443 2956 3472 3007 6
3506 2952 3751 3045 Μωῦσῆς

2161 3042 2388 3135 ἀνάγειλ
2437 3064 2737 3123 διδάσκων,
2791 3052 2980 3126 οἶμαι,
3022 3053 3112 3107 διὰ
3155 3051 3263 3104 τῶν
3299 3045 3644 3119 εἰρημένων,
3689 3042 3751 3094 τὺ

2165 3159 2343 3212 πάντα
2373 3151 2910 3227 προκατανενοῆσθαι
2931 3151 3000 3219 τῇ
3034 3146 3127 3201 τοῦ
3166 3142 3303 3197 Θεοῦ
3339 3139 3499 3209 σοφίᾳ.
3521 3179 3536 3204 ,
3565 3135 3640 3190 τά
3666 3136 3754 3190 διά

2161 3266 2307 3313 τινος
2336 3245 2639 3316 ἀναγκαίας
2672 3244 2880 3307 τάξεως
2914 3238 3057 3294 κατά
3091 3238 3152 3290 τὸ
3178 3233 3470 3289 ἀκόλουθον
3514 3228 3755 3299 ἐκϐησό-

2165 3356 2322 3411 μενα.
2365 3338 2478 3408 Τῆς
2533 3336 2652 3405 γὰρ
2689 3332 3023 3402 φωτιστικῆς
3072 3328 3263 3389 οὐσίας
3310 3325 3411 3395 τῆς
3460 3322 3537 3393 τῷ
3588 3320 3758 3374 παντὶ⁵

2163 3428 2655 3499 κατεσπαρμένης,
2713 3423 2848 3491 πρὸς
2899 3421 2962 3474 τὸ
3005 3418 3265 3488 συγγενὲς
3311 3412 3758 3485 συνδραμούσης,

2163 3526 2256 3579 καὶ
2286 3523 2467 3592 πάσης
2498 3519 2629 3591 περὶ
2663 3516 2859 3583 ἑαυτὴν
2891 3510 3302 3583 ἀθροισθείσης,
3329 3505 3645 3576 ἀναγκαίως
3687 3506 3763 3559 τὰ

2164 3612 2641 3686 ὲπιπροσθούμενα
2672 3611 2739 3680 τῇ
2790 3608 2952 3677 λοιπῇ
3004 3604 3114 3658 τῶν
3152 3600 3432 3672 στοιχείων
3464 3597 3580 3670 ,ὕλῃ
3624 3615 3765 3651 κατ-

2165 3709 2469 3774 εσκιάζετο,
2495 3707 2589 3760 καὶ
2617 3704 2676 3757 τὸ
2695 3700 3073 3769 ἀποσκίασμα,
3098 3696 3287 3760 σκότος
3312 3690 3400 3764 ἦν.
3434 3691 3607 3745 Τοῦτο
3638 3690 3763 3745 τοί·

2167 3984 2431 4054 Μωῦσῆς,
2459 3982 2552 4036 τού
2592 3981 2689 4051 τὴν
2721 3979 2948 4049 δύναμιν
2976 3974 3183 4045 ταύτην
3216 3968 3611 4040 ὲναποθεμένου
3639 3970 3766 4030 τοῖς

2168 4077 2483 4148 γενομένοις
2504 4092 2517 4105 σ
2548 4073 2683 4148 ἀλλά
2715 4071 2820 4143 μὴν
2849 4070 2910 4124 τὸ
2936 4068 3116 4134 ὁξεῖάν
3144 4083 3204 4119 τε
3236 4064 3334 4119 καὶ
3362 4060 3621 4132 ἀνωφερῆ
3662 4062 3766 4115 καὶ

2170 4169 2481 4240 ἀεικίνητον
2518 4165 2611 4219 τοῦ
2646 4144 2817 4234 2πυρὸς
2854 4157 2992 4214 εἶναι
3024 4159 3125 4230 τὴν
3166 4156 3349 4227 φύσιν,
3392 4155 3556 4209 παντὶ
3593 4151 3767 4222 δῆλον

2170 4267 2236 4319 ὲκ
2255 4262 2362 4317 τῶν
2386 4260 2726 4331 φαινομένων
2756 4256 2902 4311 ἐστίν
2919 4273 2933 4288 ·
2963 4254 2999 4309 ἀ
3027 4253 3083 4307 δὲ
3108 4251 3199 4306 διά
3221 4251 3320 4320 τῆς
3348 4247 3524 4319 ἀρχῆς
3548 4245 3767 4315 ταύτης

2171 4359 2237 4412 ἐκ
2263 4355 2355 4411 τοῦ
2383 4352 2680 4408 ἀκολούθου
2705 4345 2845 4405 νοεῖν
2873 4346 3190 4401 ὑποτίθεται
3212 4343 3436 4410 ὁλόγος,
3465 4341 3766 4410 ίστορικῶς

2172 4449 2325 4523 παρά
2352 4447 2446 4502 τοῦ
2483 4444 2758 4507 Μωῦσέως
2798 4443 2856 4495 ὲν
2892 4441 3228 4511 διηγήματος
3257 4435 3387 4515 εἴδει
3420 4432 3767 4503 συγκαταγέο

482 4513 702 4577 dantur,
733 4528 897 4568 omne
935 4513 1267 4584 legislatoris
1310 4513 1553 4569 studium
1600 4530 1745 4570 nunc
1777 4530 1843 4570 eo
1875 4514 2056 4586 dirigi,

2167 4513 2433 4615 γραπται,
2448 4540 2529 4604 τδ,
2544 4535 2683 4590 «Καὶ
2711 4533 2926 4603 ἐγένετο
2944 4531 3173 4601 ἑσπέρα,
3192 4530 3288 4583 καὶ
3309 4513 3528 4596 ἐγένετο
3550 4526 3726 4615 πρωῒ.
3741 4543 3760 4576 ι

480 4619 594 4659 non
623 4617 680 4659 ut
708 4620 804 4660 eas
846 4620 967 4673 qua:
1022 4613 1202 4660 mente
1237 4617 1399 4675 atque
1450 4606 1632 4660 animo
1667 4606 2061 4677 percipiuntur,

482 4707 737 4768 exponat,
778 4696 874 4752 sed
912 4708 969 4751 ut
1000 4697 1065 4752 iis
1094 4712 1215 4767 qua:
1247 4708 1549 4753 cernuntur
1581 4714 1763 4755 rerum
1805 4700 2063 4757 sensibus

483 4788 845 4845 obnoxiarum
872 4795 1124 4843 ornatum
1142 4795 1196 4846 et
1220 4789 1634 4860 dispositionem
1667 4791 1959 4848 ostendat?

554 5000 693 5058 Cum
723 5000 889 5072 igitur
927 5001 1089 5071 ignis,
1137 5003 1230 5074 qui
1259 5012 1455 5059 natura
1500 5020 1599 5061 sua
1629 5007 1913 5062 celerrime
1945 5024 2068 5065 sur-

480 5108 607 5152 sum
657 5091 848 5159 tendit,
905 5101 1163 5165 tanquam
1217 5096 1415 5167 sagitta
1471 5098 1541 5153 ab
1602 5113 1732 5155 arcu
1762 5101 1964 5158 emissa
2003 5104 2074 5160 ab

483 5188 608 5243 aliis
653 5184 939 5243 elementis
984 5188 1347 5258 progrediens
1393 5205 1459 5244 ex
1496 5190 1856 5249 universitate
1886 5209 2072 5251 rerum

412 5282 441 5365 ξ
482 5286 611 5334 ante
634 5276 986 5342 exsilivisset,
1008 5286 1244 5347 etquam
1277 5278 1506 5348 cogitari
1532 5282 1705 5350 possit
1760 5284 2074 5350 celerrime,

483 5377 711 5424 caeteras
743 5370 929 5424 sensui
964 5368 1151 5425 atllnes
1176 5384 1264 5424 res
1288 5371 1701 5439 pertransissel,
1728 5390 1828 5429 nec
1864 5383 2074 5433 motum

486 5466 697 5515 rectum
752 5460 967 5532 longius
1010 5462 1216 5516 valeret
1263 5461 1585 5530 producere,
1622 5466 1769 5534 quod
1838 5482 1927 5521 res
1969 5468 2074 5524 illa:

486 5564 608 5619 quae
637 5559 818 5606 mente
879 5553 1053 5607 solum
1104 5552 1497 5623 percipiuntur,
1555 5556 1708 5611 nullo
1759 5565 1918 5626 pacto
1946 5575 2070 5613 eum

488 5639 633 5704 istis,
660 5655 780 5710 quae
815 5643 1069 5700 sensibus
1119 5653 1249 5700 sunt
1280 5645 1558 5714 expositae,
1587 5647 1765 5716 qualis
1790 5657 1874 5702 est
1907 5651 2070 5707 etiam

564 5841 608 5875 ⁸³
647 5840 785 5897 Gen.
848 5860 887 5910 ι,
942 5845 998 5911 5,
1034 5845 1090 5899 4.

479 5920 545 5940 w
558 5932 572 5950 ί

1176 5848 1220 5880 ’⁸
1260 5846 1395 5903 lbitl.
1440 5850 1493 5903 4.
1576 5849 1618 5880 ¹⁸
1660 5851 1798 5906 Ibid.
1838 5851 1895 5901 8.

2175 4614 2270 4696 Τίς
2288 4631 2397 4702 γὰρ
2411 4630 2512 4683 οὐκ
2527 4622 2669 4681 οἶδεν
2688 4625 2770 4678 ὅτι
2785 4622 2909 4693 διχῆ
2920 4622 3017 4691 τῆς
3030 4620 3261 4679 κτίσεως
3274 4615 3591 4686 νοουμένης,
3606 4614 3689 4677 εἷς
3705 4630 3765 4666 τε

2169 4725 2231 4779 τὸ
2246 4722 2437 4795 νοητὸν
2457 4721 2551 4774 καὶ
2565 4716 2879 4787 aluo-qr.va
2899 4716 3050 4767 πᾶσα
3071 4710 3276 4781 σπουδὴ
3291 4710 3369 4781 τῷ
3383 4709 3656 4779 νομοθέτῃ
3667 4708 3768 4761 νῦν

2173 4819 2342 4879 ἐστιν,
2358 4814 2420 4867 οὑ
2435 4810 2506 4865 τά
2519 4809 2686 4880 νοητὰ
2701 4808 2870 4879 ὲξηγή
2878 4806 3093 4867 σασθαι,
3109 4804 3244 4858 ἀλλά
3261 4801 3536 4866 ὑποδεῖξαι
3548 4801 3641 4854 διὰ
3654 4801 3768 4854 τῶν

2174 4905 2515 4976 φαινομένων
2541 4903 2670 4973 ἡμῖν
2689 4900 2789 4972 τὴν
2813 4900 2870 4953 ἐν
2895 4900 3008 4961 τοῖς
3043 4894 3322 4967 αἰσθητοῖς
3359 4893 3767 4962 διακόσμησιν;

2261 5013 2416 5068 Ἐπεὶ
2453 5006 2547 5065 οὖν
2597 5009 2658 5063 τὸ
2717 5008 2828 5081 πῦρ
2875 5007 3011 5080 ὁμοῦ
3069 5006 3133 5060 τδ
3192 5005 3454 5076 συστῆναι
3512 5002 3576 5056 τὸ
3628 5005 3769 5067 πᾶν,

2175 5108 2287 5164 τῶν
2313 5103 2628 5177 ’ἑτεροφυὸΝ
2659 5103 2940 5174 στοιχείων
2996 5098 3340 5164 ἐκτοξευθὲν,
3393 5096 3648 5167 καθάπερ
3715 5115 3773 5150 τι

2180 5201 2358 5273 βέλος,
2419 5200 2478 5252 ἓν
2547 5198 2627 5268 τῷ
2704 5197 2979 5268 ἀνωφερεῖ
3039 5194 3136 5248 καὶ
3214 5192 3402 5263 κούφῳ
3456 5190 3557 5259 τῆς
3621 5191 3772 5244 κατά

2179 5292 2341 5362 φύσιν
2395 5290 2662 5359 κινήσεως
2704 5286 2800 5340 τοῦ
2852 5285 3054 5348 παντὸς
3100 5281 3467 5355 προεξήλατοο
3519 5279 3615 5333 καὶ
3666 5282 3778 5352 [σῳ

2179 5380 2412 5450 νοήματι
2438 5376 2536 5447 τὴν
2573 5372 2838 5445 αἰσθητὴν
2868 5373 3057 5427 οὐσίαν
3081 5371 3421 5443 διαπερᾶσαν
3444 5411 3460 5435 ,
3491 5370 3594 5422 οὐκ
3638 5369 3778 5440 ἔσχε

2179 5473 2553 5543 προσαγαγεῖν
2594 5469 2685 5521 ἐπ’
2733 5465 2947 5530 εὐθείας
2998 5466 3097 5538 τὴν
3143 5464 3377 5535 κίνησιν,
3417 5462 3517 5532 τῆς
3567 5466 3781 5534 νοητῆς

2181 5561 2412 5625 κτίσεως
2443 5562 2823 5631 ἀκοινωνήτως
2869 5558 3006 5627 πρὸς
3045 5558 3145 5629 τὴν
3181 5556 3289 5610 τῶν
3333 5553 3609 5624 αἰσθητῶν
3641 5555 3776 5611 ἐπι-

2184 5653 2368 5726 μιξίαν
2412 5653 2676 5726 ἐχούσης,
2711 5653 2969 5725 αἰσθητὸν
3011 5653 3066 5706 δὲ
3103 5651 3164 5707 τὸ
3196 5651 3337 5723 πῦρ*
3378 5648 3572 5703 τούτου
3607 5648 3782 5721 χάριν
