3880 6380
125 386 174 443 Π
1212 412 1225 427 --
1310 381 1377 437 IN
1410 381 1725 439 HEXAEM!

1831 379 1888 433 DN
1948 376 2172 432 LIBER.

3195 364 3378 429 ~78

126 512 170 563 iv
190 508 292 572 τοῖς
318 506 530 580 ἄκροις
565 502 671 579 τῆς
712 506 943 570 κτίσεως
978 505 1124 577 ὅροις
1152 506 1212 558 τδ
1240 502 1352 576 πῦρ
1380 505 1692 574 γενόμενον,

1831 503 1958 575 ςηίε,
1984 498 2329 557 commisceri
2374 506 2577 570 queam
2618 517 2631 552 :
2682 508 2956 555 summam
2992 495 3179 553 mundi
3206 496 3383 568 regio—

126 600 416 669 ὰναγκαίως
440 600 738 671 κυκλοειδῆ
776 601 1008 653 ποιεῖται
1035 597 1135 667 τὴν
1161 596 1404 666 κίνησιν,
1430 596 1566 666 πρὸς
1598 595 1697 665 μὲν

126 693 288 746 me».
317 691 598 762 φέρεσθαι
635 689 744 744 ὑπὸ
775 689 876 760 τῆς
901 687 1228 759 ἐγκειμένης
1248 691 1313 757 τῇ
1343 687 1503 756 φύσει
1542 685 1697 740 δυνά-

134 800 258 853 μεως
303 781 808 846 συνελαυνόμενον,
849 780 948 850 τῆς
993 778 1051 832 δὲ
1101 779 1220 831 κατ’
1275 778 1490 840 εὐθείας
1529 778 1700 848 φορᾶς

136 874 295 946 χώραν
323 874 428 927 οὑκ
476 872 748 942 ἐχούσης·
795 872 945 925 πᾶσα
983 869 1172 941 γάρ”ή
1220 868 1450 941 αἰσθητὴ
1500 869 1699 934 κτίσις,

136 966 268 1029 ἰδίοις
298 965 451 1035 ὅροις
476 962 802 1035 περιέχεται
820 978 836 992 ο
866 961 944 1032 τῷ
973 961 1128 1032 ἄκρῳ
1156 958 1352 1030 πέρατι
1383 958 1486 1029 τῆς
1509 957 1703 1028 αἰσθη-

130 1060 221 1128 τῆς
257 1057 477 1127 φύσεως
515 1055 835 1117 ὲνδιοδεύει,
865 1053 924 1106 ὲν
962 1047 1044 1116 οἷς
1077 1046 1707 1123 εὑοδοῦταικινοὺμενον,

131 1153 222 1222 τῆς
251 1151 448 1220 νοητῆς
486 1148 730 1217 φύσεως,
777 1144 961 1209 καθὼς
995 1144 1298 1214 φθάσαντες
1334 1143 1596 1214 εἴπομεν,
1640 1144 1703 1196 ού

134 1238 576 1311 παραδεχομένης
628 1238 686 1291 ἐν
733 1237 899 1307 ἑαυτῇ
952 1233 1046 1288 τοῦ
1076 1264 1079 1265 ν
1106 1234 1277 1305 πυρὸς
1337 1233 1429 1287 τὸν
1483 1233 1702 1305 δρόμον.

134 1332 227 1385 Διά
298 1330 459 1385 τοῦτο
516 1331 552 1382 ’ὁ
620 1327 862 1398 Μωῦσῆς
933 1324 1378 1396 ἐπακολουθήσας
1454 1324 1543 1378 διὰ
1608 1323 1707 1393 τῆς

134 1422 369 1486 διανοίας
417 1424 487 1491 τῇ
540 1418 636 1473 τοῦ
690 1418 859 1489 πυρὸς
914 1418 1161 1489 κινήσει,
1226 1416 1300 1487 μὴ
1365 1418 1477 1479 τοῖς
1525 1404 1708 1479 αὑτοῖς

142 1514 356 1585 μέρεσιν
400 1511 865 1584 ὲπιμεμενηκέναι
918 1510 1050 1580 φησὶ
1104 1509 1165 1563 τδ
1210 1509 1517 1579 νγενόμενυν
1561 1507 1706 1576 (96)"

138 1606 251 1658 ἀλλ’
280 1604 736 1674 ἑκπεριεχόμενον
761 1602 857 1672 τὴν
891 1601 1205 1672 παχυτέραν
1232 1601 1339 1654 τῶν
1371 1600 1539 1653 ὄντων
1580 1601 1712 1655 ὑπό·-

141 1713 365 1762 στασιν,
406 1697 464 1748 ὲν
504 1693 581 1764 τῷ
630 1692 846 1765 σφοδρῷ
880 1693 978 1763 τῆς
1024 1694 1289 1763 κινήσεως
1331 1691 1712 1762 ἀντιμετάγειν

141 1788 227 1841 διὰ
249 1789 352 1857 τῆς
382 1785 650 1857 περιόδου,
680 1786 792 1846 τοῖς
822 1800 885 1837 τε
919 1783 1246 1851 ἀφωτίστοις
1277 1783 1335 1836 τὸ
1366 1782 1589 1852 φέγγος,
1619 1781 1712 1835 καὶ

144 1884 252 1944 τοῖς
302 1877 734 1948 πεφωτισμένοις
778 1875 867 1929 τδν
914 1874 1096 1944 ζόφον.
1149 1875 1309 1939 "Ictu;
1357 1875 1416 1929 δὲ
1462 1876 1603 1930 κατὰ
1645 1875 1714 1929 τὰ

144 1972 369 2045 χρονικὰ
396 1970 737 2041 διαστήματα
762 1968 863 2038 τῆς
888 1968 1143 2039 τοιαύτης
1174 1967 1425 2038 διαδοχῆς
1458 1969 1586 2037 περὶ
1618 1969 1717 2039 τὴν

147 2066 294 2120 κάτω
347 2061 531 2133 χώραν
575 2060 897 2131 γινομένης,
937 2058 1029 2113 τοῦ
1067 2059 1247 2129 φωτός
1297 2076 1438 2129 φημι
1481 2059 1576 2113 καὶ
1621 2059 1714 2113 τοῦ

149 2157 399 2219 σκότους·
446 2154 607 2209 πάλιν
644 2152 720 2224 τῷ
754 2151 875 2223 Θεῷ
916 2153 1013 2224 τὴν
1053 2152 1473 2223 όνοματοποιίαν
1504 2151 1719 2223 ἡμέρας

146 2266 206 2302 τε
230 2253 323 2302 καὶ
349 2247 542 2309 νυκτὸς
572 2248 599 2298 ὁ
624 2243 864 2314 Μωῦσῆς
896 2243 1230 2315 ἀνατίθησιν,
1261 2243 1411 2297 οὐδὲν
1442 2244 1549 2297 τῶν
1578 2242 1718 2297 κατά

149 2339 210 2393 τὸ
240 2338 529 2392 ἀκόλουθον
563 2336 944 2406 γεγενημένων
969 2334 1308 2406 αὐτομάτως,
1337 2334 1370 2405 ἦ
1403 2334 1495 2404 ἀφ’
1533 2334 1717 2405 ἑτέρου

148 2430 290 2493 τινος
326 2428 619 2499 ἐσχηκέναι
658 2427 758 2499 τὴν
798 2426 971 2498 ἀρχὴν
1003 2428 1203 2481 ἐννοεῖν
1247 2425 1579 2496 ἐπιτρέπων.
1623 2425 1720 2479 Διά

147 2520 306 2575 τοῦτο
342 2518 547 2590 φησίν*
600 2536 619 2570 ι
664 2519 725 2572 ⁸0
766 2517 896 2581 Θεὸς
939 2517 1166 2571 ἐκάλεσε
1210 2517 1270 2571 τὸ
1315 2516 1431 2587 φῶς
1472 2516 1720 2588 ἡμέραν,

147 2613 243 2666 καὶ
269 2612 330 2665 τὸ
364 2611 553 2674 σκότος
606 2614 833 2669 ἐκάλεσε
871 2609 1090 2664 νύκτα.)
1121 2609 1235 2679 Τῆς
1257 2609 1364 2679 γὰρ
1391 2609 1724 2678 φωτιστικῆς

149 2702 431 2773 δυνάμεως
459 2702 718 2773 ἀτρεμεῖν
746 2700 810 2754 ἐκ
836 2698 1050 2770 φύσεως
1082 2698 1450 2768 ἀδυνατούσης
1472 2738 1487 2760 ,
1513 2699 1601 2751 ὅτε
1645 2697 1724 2768 τῷ

149 2794 261 2847 ἄνω
285 2792 442 2864 μέρει
469 2790 562 2844 τοῦ
599 2790 799 2844 κύκλου
824 2790 1066 2860 διεξῆλθε
1107 2790 1167 2843 τὸ
1204 2789 1405 2861 φέγγος
1425 2831 1438 2853 ,
1468 2790 1562 2843 καὶ
1589 2789 1726 2861 πρὸς

147 2883 209 2936 τὸ
241 2882 599 2953 ὑποκείμενον
628 2876 697 2951 ἦν
729 2882 763 2952 ἡ
793 2881 952 2953 φορὰ,
982 2881 1040 2948 ἐξ
1074 2881 1318 2951 ἀνάγκης
1342 2885 1406 2953 τῇ
1446 2882 1724 2953 ὑποδρομῇ

149 2976 242 3029 τοῦ
269 2975 443 3046 πυρὸς
474 2973 536 3028 τὸ
568 2973 960 3045 ὑπερκείμενον
998 2973 1340 3044 ἀπεσκιάσθη
1366 3013 1379 3036 ,
1423 2973 1525 3042 τῆς
1551 2991 1728 3043 παχυ-

150 3065 341 3135 τέρας,
373 3064 449 3127 ὡς
485 3062 654 3127 εἰκὸς,
686 3060 900 3129 φύσεως
918 3062 1017 3133 τὴν
1054 3062 1228 3133 αὐγὴν
1271 3063 1727 3135 ἐπιπροσθούσης.

150 3155 263 3225 Τὴν
289 3151 387 3208 οὖν
412 3154 509 3207 τοῦ
543 3153 719 3223 φωτὸς
745 3153 1091 3224 ὑποχώρησιν
1110 3192 1124 3216 ,
1156 3153 1393 3225 ἑσπέραν
1419 3154 1723 3226 ὠνόμασεν,

150 3246 262 3299 Καὶ
291 3245 456 3298 πάλιν
485 3245 972 3315 ὲκπεριδραμόντος
994 3243 1089 3297 τοῦ
1116 3246 1285 3318 πυρὸς
1315 3245 1405 3299 τὸν
1439 3247 1731 3319 ὑποκείμειο

152 3352 242 3389 νον
272 3335 502 3398 κύκλον,
530 3334 623 3387 καὶ
645 3336 760 3399 τοῖς
790 3334 909 3405 ἀνω⁸
927 3336 1025 3407 τὴν
1053 3337 1230 3407 αὐγὴν
1263 3338 1730 3408 ὲπαναγαγόντος,

153 3430 372 3500 πρωῖαν
408 3428 471 3481 τὸ
507 3428 788 3498 γινόμενον
822 3431 1283 3502 προσηγόρευσεν,
1319 3429 1492 3495 οὑτως
1530 3432 1732 3504 ὀνομά-

153 3539 253 3586 σας
279 3522 377 3574 τὸν
408 3520 624 3592 ὄρθρον.
658 3521 861 3593 Μικρὸν
890 3521 944 3574 δὲ
969 3522 1057 3576 τὸν
1089 3522 1244 3591 λόγον
1280 3525 1732 3597 ἐπαναλάϐωμεν,

151 3614 229 3677 ὡς
251 3615 320 3668 ἂν
360 3615 453 3667 καὶ
476 3613 545 3667 τὰ
574 3613 885 3683 παραθέντα
911 3618 1007 3686 τῆς
1037 3614 1184 3678 θείας
1210 3616 1456 3688 Γραφῆς,
1483 3617 1620 3689 πρὸς
1643 3618 1736 3671 τὸν

152 3706 348 3774 εἱρμὸν
379 3708 478 3775 τῆς
505 3703 861 3775 ἀποδοθείσης
893 3704 1127 3776 θεωρίας
1154 3708 1288 3777 ἡμῖν
1324 3707 1733 3778 συνεργήσειεν.

152 3791 290 3849 Εἷπε
332 3795 446 3867 γὰρ
473 3797 532 3850 ὲν
562 3795 798 3867 πρώτοις
827 3798 857 3850 ό
892 3797 990 3866 τῆς
1012 3797 1405 3867 κοσμογενείας
1446 3797 1622 3866 λόγος,
1653 3799 1736 3851 ὅτι

158 3905 179 3936 ι
228 3887 319 3939 Ἐν
364 3887 510 3957 ἀρχῇ
552 3886 807 3956 ἐποίησεν
851 3888 879 3940 ὁ
920 3886 1053 3950 Θεὸς
1096 3887 1187 3941 τὸν
1225 3888 1453 3959 οὐρανὸν
1502 3889 1594 3943 mi.
1638 3889 1737 3959 τὴν

152 3977 282 4047 γῆν.
296 3997 319 4030 ›
341 3977 516 4031 Τοῦτο
531 3978 589 4030 δὲ
611 3979 771 4047 ἡμεῖς
795 3978 1160 4049 ὑπελάϐομεν,
1182 3980 1263 4033 ὅτι
1291 3979 1486 4052 ἀθρόον
1506 3981 1613 4051 τῆς·
1630 3981 1738 4034 τῶν

153 4068 327 4121 ὅντων
362 4068 676 4130 συστάσεως
700 4070 730 4121 ό
758 4068 915 4137 λόγος
943 4069 1271 4142 παρίστησιν
1289 4113 1303 4133 ,
1332 4071 1398 4125 ὲκ
1452 4071 1545 4125 τοῦ
1583 4088 1735 4143 περι⁴

153 4161 376 4231 ἔχοντος
400 4161 497 4213 καὶ
528 4160 591 4213 τὸ
613 4159 764 4223 ἐντὸς
787 4160 1211 4232 ἐνδεικνύμενος.
1254 4162 1380 4226 Τοῖς
1410 4163 1519 4234 γὰρ
1551 4163 1740 4235 ἄκροις

151 4253 249 4306 καί
268 4252 347 4304 τά
381 4250 524 4321 μέσα
549 4251 766 4315 πάντως
787 4251 1194 4323 ἐμπεριέχεται.
1222 4252 1404 4325 Ἀκρα
1429 4255 1486 4307 δὲ
1509 4254 1583 4318 ὡς
1606 4255 1743 4327 πρὸς

152 4344 253 4414 τὴν
301 4340 658 4413 ἀνθρωπίνην
709 4341 995 4414 αἴσθησιν,
1054 4344 1283 4416 οὐρανός
1335 4346 1451 4397 ἐστι
1505 4346 1599 4399 καὶ
1644 4348 1738 4418 γῆ.

151 4434 303 4487 Διότι
360 4431 577 4495 τούτοις
634 4432 974 4505 ἑκατέρωθεν
1020 4436 1052 4505 ἠ
1104 4433 1215 4488 τῶν
1264 4434 1566 4507 ἀνθρώπων
1620 4436 1741 4506 ὄψις

1800 609 1922 648 nem
1960 593 2212 648 obtinens
2244 591 2300 646 iu
2350 591 2540 646 orbem
2566 590 2880 646 necessario
2909 597 3116 643 motum
3139 588 3267 658 egit.
3299 587 3383 642 Ab

1802 687 1965 742 insita
2003 686 2149 741 enim
2182 685 2231 739 vi
2264 685 2503 739 naturali
2541 696 2665 738 cum
2717 684 2977 738 universo
3009 682 3215 738 mundo
3254 681 3383 737 ferri

1801 778 2170 848 compellitur,
2204 776 2386 831 locum
2438 785 2622 831 autem
2644 790 2741 845 per
2767 790 2929 845 quem
2964 781 3113 829 recta
3139 772 3386 827 motione

1802 870 2029 935 feratur,
2056 883 2168 923 non
2196 868 2380 937 habet,
2414 868 2560 938 quod
2589 877 2642 923 et
2683 883 2772 923 res
2819 867 3075 923 sensibus
3123 868 3388 936 expositae

1805 961 1921 1017 suis
1943 972 2173 1030 quaeque
2199 958 2398 1014 ﬁnibus
2428 959 2795 1023 continentur,
2830 969 2884 1012 et
2909 972 3030 1028 quae
3059 958 3242 1012 animo
3267 967 3388 1011 tan-

1760 1114 1765 1117 _
1807 1057 1922 1106 tum
1948 1048 2507 1120 comprehenduntur,
2541 1050 2680 1119 ignis
2718 1063 2963 1113 cursum,
2993 1058 3053 1103 ut
3097 1055 3225 1103 ante
3249 1048 3390 1103 dixi-

1808 1157 1953 1208 mus,
1992 1155 2102 1195 non
2132 1141 2461 1211 suscipiunt,
2487 1141 2691 1196 idcirco
2736 1142 2790 1196 in
2827 1153 3082 1209 suprema
3113 1140 3264 1194 orbis
3301 1154 3393 1192 re-

1808 1232 1970 1304 gione
2002 1218 2278 1302 "prospere
2313 1232 2517 1303 degens
2555 1233 3018 1287 circumvertitur.
3060 1230 3248 1301 Itaque
3272 1230 3390 1285 Mo-

1811 1339 1899 1381 ses
1928 1324 2069 1395 ignis
2096 1332 2304 1380 motum
2345 1326 2725 1390 considerans,
2766 1340 2874 1380 non
2938 1325 3017 1379 ait
3046 1326 3224 1380 lucem
3260 1339 3390 1395 pro-

1810 1425 2051 1473 creatam
2069 1417 2125 1472 in
2159 1419 2364 1475 eisdem
2393 1419 2639 1489 partibus
2663 1418 3055 1488 permansisse,
3091 1418 3187 1474 sed
3229 1417 3392 1472 vehe-

1813 1513 1985 1566 menti
2020 1519 2171 1567 motu
2198 1512 2527 1568 crassiorem
2564 1528 2747 1568 rerum
2774 1513 2968 1567 molem
3000 1512 3315 1575 obeuntem,
3340 1518 3396 1564 et

1813 1604 2065 1660 obscuris
2085 1605 2332 1660 attulisse
2352 1606 2721 1677 splendorem,
2748 1616 2802 1660 et
2826 1603 3114 1659 illustratis
3139 1602 3396 1658 tenebras

1786 1694 2125 1764 reliquisse.
2191 1694 2303 1751 I'lac
2367 1705 2549 1751 autem
2610 1696 2747 1751 lucis
2784 1696 3241 1764 lenebrarumque
3279 1708 3401 1747 suc-

1816 1787 2068 1842 cessione
2086 1787 2259 1857 aequis
2289 1789 2554 1858 temporis
2587 1787 2893 1843 intervallis
2923 1787 2979 1841 in
3008 1787 3232 1856 regione
3257 1783 3399 1838 infc-

1818 1877 1953 1931 riori
2004 1886 2246 1948 peracta,
2300 1876 2500 1945 Moses,
2530 1888 2586 1933 ut
2632 1879 2767 1932 nihil
2800 1894 3009 1940 eorum,
3035 1892 3158 1949 qua;
3209 1877 3402 1931 ordine

1819 1979 2112 2025 consecuta
2135 1978 2284 2034 sunt,
2318 1978 2413 2025 aut
2443 1971 2666 2026 fortuito
2692 1978 2786 2026 aut
2815 1971 2881 2024 ab
2911 1969 3018 2024 alia
3050 1984 3220 2025 causa
3248 1968 3403 2040 prin-

1819 2062 2024 2132 cipium
2049 2062 2311 2118 habuisse
2334 2062 2661 2127 declararet,
2685 2061 2792 2117 diei
2836 2062 3127 2131 noctisque
3154 2061 3404 2116 denomi-

1818 2156 2096 2212 nationem
2131 2155 2241 2211 Deo
2264 2156 2533 2222 tribuens,
2573 2174 2591 2207 ι
2629 2155 2953 2229 Appellavit,
2995 2155 3188 2226 inquit,
3224 2167 3403 2208 nucem

1820 2249 1989 2314 diem,
2017 2256 2069 2304 et
2094 2249 2353 2304 tenebras
2383 2256 2595 2304 noctem
2616 2248 2681 2303 η.
2723 2268 2742 2300 ι
2781 2246 2916 2301 Nam
2940 2261 3063 2301 cum
3095 2244 3404 2301 illustrandi

1822 2339 1907 2396 vis
1937 2334 2257 2395 naturaliter
2313 2355 2420 2394 non
2476 2347 2663 2411 posset
2691 2341 2995 2409 quiescere,
3057 2344 3266 2391 unilux
3309 2352 3405 2405 per

1825 2447 2093 2487 summam
2129 2433 2320 2487 circuli
2373 2444 2583 2504 partem
2639 2431 2913 2487 transiens
2998 2429 3066 2484 ad
3123 2427 3408 2497 superiora

1825 2524 2089 2595 pervenit,
2120 2539 2347 2579 necesse
2392 2524 2510 2588 fuit,
2556 2532 2616 2577 ut
2642 2522 2901 2577 inferiora
2953 2521 3403 2579 obscurarentur,

1827 2615 2103 2671 crassiore
2131 2622 2347 2676 natura,
2384 2624 2444 2669 ut
2501 2630 2600 2685 par
2625 2622 2729 2678 est,
2789 2612 3132 2684 splendorem
3171 2626 3280 2665 non
3313 2610 3411 2663 ad-

1828 2706 2098 2761 mittente.
2138 2704 2285 2776 lgnis
2337 2707 2502 2775 igitur
2547 2706 2862 2762 abscessum
2907 2719 3190 2774 vesperam
3226 2706 3408 2757 nomi-

1829 2798 1996 2851 navit.
2030 2798 2241 2852 Rursus
2265 2805 2443 2851 autem
2476 2812 2599 2850 cum
2624 2797 2765 2868 ignis
2798 2810 3113 2865 supremum
3141 2794 3411 2848 circulum

1829 2897 2190 2958 percurreret,
2227 2897 2281 2943 et
2347 2888 2724 2957 superioribus
2777 2889 2959 2943 lumen
2988 2886 3225 2951 afferret,
3280 2886 3415 2940 illud

1831 2981 2009 3050 ipsum
2032 2979 2236 3035 factum
2262 2980 2479 3035 vocavit
2500 2995 2681 3045 mane,
2716 2979 3104 3051 crepusculum
3134 2979 3215 3033 sic
3239 2980 3417 3049 appel-

1832 3070 1974 3124 lans.
2008 3068 2113 3123 Sed
2140 3068 2301 3139 paulo
2333 3068 2495 3124 altius
2546 3064 2854 3123 sermonem
2884 3077 3213 3135 repetamus,
3240 3076 3416 3122 utex-

1755 3188 1800 3246 ο
1834 3161 2124 3232 positionis
2149 3160 2325 3215 allata:
2354 3176 2381 3213 a
2414 3160 2573 3216 nobis
2602 3160 2739 3215 ordo
2767 3175 2830 3214 ex
2856 3158 2922 3215 iis
2948 3173 3068 3230 qum
3093 3158 3326 3228 sparsim
3361 3160 3420 3214 in

1837 3260 2026 3309 sancta
2042 3251 2326 3323 Scriptura
2356 3253 2543 3327 posita
2567 3259 2719 3316 sunt,
2768 3251 3176 3323 comprobetur.
3213 3250 3417 3313 Verba.

1836 3363 1958 3419 qua:
1990 3348 2183 3402 mundi
2214 3347 2497 3402 continent
2548 3346 2847 3418 opiﬁcium,
2886 3347 2967 3402 sic
3015 3347 3221 3403 habent
3255 3364 3269 3399 :
3302 3364 3321 3397 ι
3359 3344 3420 3400 In

1836 3440 2109 3512 principio
2137 3438 2266 3495 fecit
2292 3440 2435 3495 Deus
2463 3439 2663 3495 caelum
2696 3447 2751 3494 et
2783 3446 3007 3493 terram.
3038 3457 3057 3491 ι
3082 3437 3206 3493 Haec
3224 3454 3325 3494 nos
3346 3438 3423 3491 ita

1838 3547 2030 3588 sumus
2075 3532 2437 3602 interpretati,
2465 3541 2526 3586 ut
2566 3547 2749 3588 rerum
2799 3531 3044 3585 omnium
3099 3532 3427 3601 procreatio-

1840 3640 1963 3680 nem
2008 3624 2171 3681 simul
2208 3624 2381 3680 fuisse
2431 3625 2810 3689 constitutam,
2867 3639 2933 3679 ex
2980 3623 3047 3679 iis
3125 3624 3424 3695 signiﬁcari

1839 3715 2162 3770 dixerimus.
2232 3715 2307 3769 Ex
2366 3730 2432 3772 co
2491 3716 2635 3769 enim
2721 3716 2866 3785 quod
2966 3717 3229 3780 continet,
3289 3717 3422 3772 illud

1838 3809 2003 3861 etiam
2064 3805 2303 3861 ostendit
2391 3806 2538 3876 quod
2613 3807 2956 3873 continetur;
3046 3822 3171 3861 nam
3241 3816 3426 3863 extre-

1838 3898 1945 3953 mis
1986 3897 2169 3953 media
2202 3896 2755 3968 comprehenduntur.
2790 3896 3042 3953 Extrema
3070 3913 3217 3963 vero,
3257 3915 3429 3967 quan-

1840 4001 1954 4044 tum
2033 3990 2254 4060 quidem
2327 3990 2396 4045 ad
2449 4005 2672 4047 sensum
2762 3990 3001 4062 pertinet
3082 3991 3424 4057 humanum,

1843 4090 1973 4138 sunt
2005 4084 2203 4138 caelum
2233 4092 2286 4137 et
2316 4091 2482 4138 terra.
2534 4082 2630 4138 His
2669 4085 2814 4139 enim
2853 4092 3107 4156 aspectus
3146 4084 3427 4141 hominum

1844 4175 2101 4245 utrinque
2126 4175 2620 4231 circumscribitur.
2660 4173 3131 4242 Quemadmodum
3156 4178 3300 4233 enim
3334 4179 3429 4249 qui

1842 4266 2001 4331 dixit,
2054 4266 2111 4320 in
2152 4281 2316 4321 manu
2362 4266 2483 4336 ejus
2519 4282 2642 4322 esse
2717 4266 2851 4323 lines
2906 4277 3064 4324 terrm
3123 4269 3189 4334 ιτ,
3254 4270 3431 4326 media

1843 4360 2006 4414 etiam
2057 4373 2178 4429 qua:
2232 4357 2434 4414 ﬁnibus
2481 4358 2902 4423 concluduntur,
2952 4360 3219 4415 intellexit
3280 4380 3293 4416 :
3350 4363 3445 4417 sio

1846 4449 2024 4505 Moses
2103 4465 2200 4520 per
2269 4449 2645 4506 extremitates
2719 4451 3027 4505 universam
3085 4452 3234 4507 orbis
3262 4462 3434 4508 mate-

149 4524 427 4593 ὁρίζεται.
472 4523 682 4595 Ὠσπερ
719 4523 898 4577 τοίνυν
944 4526 973 4578 ὁ
1020 4524 1190 4579 εἰπὼν
1236 4526 1319 4581 ὅτι
1370 4526 1460 4583 Ἐν
1494 4532 1560 4601 τῇ
1601 4532 1725 4602 χειρ

1852 4541 1988 4595 riam
2063 4541 2384 4609 complexus
2450 4548 2554 4605 est,
2616 4557 2738 4610 mue
2802 4540 3021 4611 quidem
3099 4543 3283 4613 opinio
3366 4560 3434 4599 ex

152 4615 327 4668 αὑτοῦ
359 4614 433 4668 τὰ
461 4614 673 4685 πέρατα
694 4615 797 4685 τῆς
832 4618 938 4688 γῆς
959 4656 975 4681 ,
1005 4619 1099 4672 καὶ
1138 4618 1208 4671 τὰ
1249 4619 1390 4690 μέσα
1417 4624 1481 4693 τῇ
1512 4625 1742 4694 περιοχῇ

150 4706 268 4759 τῶν
303 4707 562 4776 περάτων
594 4707 1068 4779 συμπεριέλαόεν*
1112 4708 1256 4763 οὕτω
1296 4710 1391 4764 καὶ
1431 4713 1460 4764 ό
1503 4712 1745 4783 Μωὺσῆς

152 4798 260 4868 τῆς
284 4797 484 4868 ὑλικῆς
503 4797 597 4852 τοῦ
626 4800 826 4862 παντὸς
849 4799 1053 4869 κόσμου
1074 4800 1382 4874 καταϐολῆς
1404 4801 1502 4873 τὴν
1523 4802 1746 4867 ἔνδειξιν

154 4889 248 4943 διὰ
295 4889 413 4943 τῶν
458 4891 708 4962 περάτων
756 4891 1079 4963 πεποίηται’
1135 4897 1416 4966 συνεργεῖν
1460 4893 1519 4947 δέ
1567 4912 1748 4965 φαμεν

158 4984 304 5055 πρὸς
354 4982 459 5054 τὴν
512 4983 768 5056 τοιαύτην
819 4984 1120 5059 ὑπόληψιν,
1169 4985 1240 5039 τά
1285 4986 1374 5041 διὰ
1423 4985 1591 5057 μέσου
1650 4988 1748 5060 ῥή-

162 5092 336 5143 ματα.
385 5076 705 5147 Γέγραπται
744 5074 874 5148 γὰρ,
917 5078 1000 5131 ὅτι
1051 5097 1071 5130 ι
1112 5079 1180 5132 Ἡ
1214 5072 1273 5133 δὲ
1303 5081 1375 5150 γῆ
1408 5076 1477 5150 ἧν
1517 5080 1750 5152 ἀόρατος

161 5168 261 5221 καὶ
307 5168 825 5231 ἀκατασκεύαστος’
861 5189 879 5221 ι
922 5170 999 5234 ώς
1045 5171 1111 5225 ὲκ
1143 5170 1336 5226 τούτου
1379 5166 1537 5243 δῆλον
1587 5167 1750 5237 εἶναι,

86 5257 91 5261 ’
162 5256 246 5312 δτι
276 5262 344 5331 τῇ
385 5261 486 5331 μὲν
515 5260 742 5333 δυνάμει
779 5260 849 5315 τά
882 5262 1059 5317 πάντα
1090 5258 1160 5335 ἦν
1181 5266 1239 5318 ὲν
1269 5262 1463 5337 πρώτῃ
1493 5262 1589 5318 τοῦ
1616 5264 1751 5319 Θεοῦ

165 5352 297 5423 περὶ
327 5354 430 5425 τὴν
473 5354 654 5408 κτίσιν
685 5355 852 5426 ὁρμῇ,
881 5355 1047 5409 οἱονεὶ
1088 5356 1468 5427 σπερματικῆς
1495 5373 1641 5421 τινος
1671 5356 1758 5411 δυ-

169 5444 385 5514 νάμεως
414 5446 555 5518 πρὸς
573 5445 672 5517 τὴν
696 5446 794 5500 τοῦ
828 5447 1028 5512 παντὸς
1056 5447 1271 5517 γένεσιν
1296 5447 1752 5520 καταϐληθείσης,

168 5534 416 5609 ἐνεργείᾳ
440 5537 501 5592 δὲ
526 5537 598 5591 τὰ
629 5537 754 5592 καθ’
790 5538 1020 5593 ἕκαστον
1065 5537 1218 5593 οὔπω
1267 5534 1357 5611 ἦν.
1396 5539 1463 5593 Ἡ
1504 5539 1611 5609 γὰρ
1654 5537 1753 5609 γῆ,

167 5629 359 5700 φησιν,
391 5628 472 5704 ἦν
503 5631 783 5700 ἀόρατος,
833 5629 932 5691 καὶ
975 5631 1531 5696 ἁκατασκεύαστος.
1578 5633 1756 5701 Ὅπερ

223 5808 269 5843 ⁸³
302 5812 445 5870 Gen.
479 5828 526 5883 ι,
567 5809 626 5866 5.
708 5809 751 5843 ⁸⁷
794 5806 939 5866 Psal.
975 5818 1119 5876 χειν,
1158 5808 1212 5864 4.
1292 5808 1336 5840 ⁸⁸
1374 5806 1509 5863 Gen.
1549 5823 1587 5873 ι,
1627 5808 1682 5862 2.

1852 4632 2036 4688 verbis
2086 4648 2210 4701 quae
2262 4640 2391 4688 sunt
2460 4632 2784 4703 interiecta,
2840 4632 3228 4687 conﬁrmatur.
3287 4634 3436 4689 Scri-

1852 4735 2005 4796 ptum
2054 4735 2138 4781 est
2173 4725 2319 4779 enim
2382 4744 2394 4779 :
2460 4742 2479 4776 ι
2532 4723 2702 4781 Terra
2745 4733 2927 4780 autem
2973 4734 3093 4781 erat
3143 4726 3437 4783 invisibilis

1854 4825 1908 4872 ct
1943 4816 2307 4887 incomposita
2335 4816 2379 4848 ³⁸
2411 4833 2423 4869 :
2462 4836 2480 4867 ι
2520 4822 2579 4871 ιιι
2609 4816 2830 4887 planum
2881 4816 3052 4884 ﬁeret,
3090 4818 3273 4874 omnia
3317 4819 3439 4888 qui-

1856 4907 1979 4962 dem
2016 4906 2186 4962 fuisse
2207 4913 2477 4977 potestate
2509 4907 2563 4960 in
2593 4908 2771 4976 primo
2806 4905 2901 4962 Dei
2930 4906 2997 4962 ad
3038 4909 3438 4979 procreandum
3470 4920 3475 4935 ί

1856 4999 2128 5069 appulsu,
2170 5007 2426 5068 tanquam
2466 4999 2519 5052 vi
2572 4999 2806 5069 quadam
2859 4999 3086 5056 seminis
3126 5001 3191 5054 ad
3251 5001 3442 5055 mundi

1859 5088 2295 5159 procreationem
2320 5088 2594 5158 conjecta,
2632 5099 2756 5143 aelu
2789 5103 2920 5143 vero
2944 5103 3034 5145 res
3068 5088 3312 5158 singulas
3336 5088 3440 5140 mi-

1858 5180 2007 5235 nime
2027 5179 2214 5235 fuisse.
2253 5198 2271 5230 ι
2297 5179 2466 5234 Terra
2488 5199 2507 5231 ι
2533 5179 2703 5242 enim,
2734 5178 2931 5249 inquit,
2959 5196 2979 5230 ι
3003 5185 3121 5234 erat
3150 5174 3443 5231 invisibilis

1859 5276 1914 5325 et
1940 5270 2331 5341 incomposita.
2373 5289 2392 5322 ι
2420 5269 2575 5336 Quod
2604 5268 2829 5341 perinde
2855 5277 2939 5326 est
2972 5285 3037 5324 ac
3072 5269 3115 5322 si
3143 5269 3440 5331 diceretur,

1862 5367 2001 5427 erat,
2034 5367 2089 5416 et
2136 5376 2244 5416 non
2291 5368 2408 5418 erat
2442 5380 2455 5416 :
2488 5362 2759 5433 siquidem
2801 5361 2865 5415 ad
2894 5376 3013 5417 eam
3046 5358 3289 5415 nondum
3311 5361 3446 5412 conw‘

1862 5459 2151 5507 currerant
2202 5453 2515 5522 qualitates.
2570 5452 2743 5523 Cujus
2778 5452 2996 5523 quidem
3040 5451 3326 5505 sententia:
3364 5450 3447 5504 iu-

1832 5542 2064 5600 -dicium
2120 5551 2227 5607 est,
2280 5545 2426 5615 quod
2461 5544 2755 5600 invisibilis
2796 5543 2967 5598 fuisse
3018 5541 3241 5597 dicitur.
3289 5539 3449 5608 Quod

1864 5636 2010 5690 enim
2052 5650 2159 5690 non
2205 5637 2440 5705 videtur,
2485 5638 2638 5693 color
2670 5650 2780 5691 non
2814 5642 2925 5703 est;
2977 5632 3131 5690 color
3156 5639 3337 5689 autem
3366 5637 3451 5687 est
