3880 6426
474 382 548 439 79
1740 381 1800 436 S.
1825 378 2155 436 GREGOMI
2177 379 2468 437 NYSSENI
3657 383 3724 438 eo

473 501 699 573 quidam
743 500 908 555 veluti
950 499 1131 555 ﬂuxus
1174 514 1239 555 ex
1285 498 1573 570 superﬁcie
1612 498 1797 568 figurae
1833 516 1844 551 :
1881 498 2020 567 πενι-

2152 493 2269 552 ῐσόν
2307 501 2423 552 ἐστι
2445 496 2523 568 τῷ
2560 497 2759 565 λέγειν,
2783 498 2863 550 ὅτι
2892 493 2980 568 ἦν,
3008 499 3103 553 καὶ
3135 499 3236 553 οὐκ
3263 494 3351 571 ἦν.
3382 499 3457 553 Οὐ
3486 499 3596 570 γάρ
3626 516 3724 552 που

472 606 607 649 vero
649 605 757 646 non
790 597 873 645 est
917 590 1036 644 sine
1084 604 1334 659 corpore.
1360 586 1726 654 Quamobrem
1771 588 1819 642 si
1850 585 2045 639 invisi-

474 680 602 738 bilis
646 688 784 745 erat,
821 689 875 735 et
907 681 1094 736 colore
1130 681 1353 735 carebat
1386 680 1609 735 omnino
1643 696 1657 732 :
1689 678 1832 748 quod
1864 684 2044 732 autem

471 775 673 830 coloris
719 782 804 829 est
857 788 1075 843 expers,
1112 773 1340 844 ﬁguram
1397 786 1507 825 non
1562 770 1747 834 habet,
1794 776 1848 825 et
1900 770 2046 837 quod

471 864 739 933 ejusmodi
778 873 884 925 est,
925 878 1157 933 corpore
1191 869 1366 917 vacat.
1408 861 1592 927 Quare
1644 860 1700 914 in
1739 857 1917 912 subita
1954 856 2046 910 illa

468 954 658 1007 mundi
684 953 967 1009 molitione
998 953 1161 1008 simul
1190 968 1312 1008 cum
1342 952 1567 1021 reliquis
1596 950 1762 1005 rebus
1785 948 2043 1003 omnibus

469 1045 647 1100 inerat
680 1053 824 1101 terra
858 1063 872 1099 :
904 1045 1147 1101 restabat
1179 1051 1382 1107 autem,
1428 1053 1487 1098 ut
1518 1041 1594 1113 (id
1638 1040 1785 1113 quod
1827 1050 1912 1094 est
1945 1054 2041 1109 ge-

470 1136 673 1206 nerari)
691 1136 980 1206 qualitates
1010 1136 1421 1192 adhiberentur.
1454 1134 1664 1190 Etenim
1688 1148 1756 1190 ex
1778 1146 1865 1189 eo.
1888 1129 2034 1200 quod

465 1226 793 1283 invisibilem
839 1241 960 1282 eam
1009 1225 1179 1282 fuisse
1218 1225 1351 1281 dicit
1382 1224 1687 1295 Scriptura,
1729 1237 1831 1277 nec
1877 1221 2038 1273 aliam

464 1317 627 1372 ullam
647 1317 700 1371 in
717 1316 833 1388 ipsa
849 1316 1164 1388 qualitatem
1183 1314 1352 1370 fuisse
1372 1315 1727 1371 demonstrat.
1758 1312 1912 1379 Quod
1942 1326 2040 1363 au-

462 1420 569 1463 tem
583 1409 1002 1478 incompositam
1020 1414 1200 1471 vocat,
1213 1407 1418 1461 indicat
1437 1420 1556 1462 eam
1573 1405 1815 1460 nondum
1850 1416 2040 1470 corpo-

463 1502 573 1556 reis
595 1500 1016 1571 proprietatibus
1039 1498 1207 1554 fuisse
1228 1508 1535 1553 concretam
1554 1505 1608 1552 et
1628 1495 2036 1551 condensatam.

2155 587 2689 657 συνδεδραμήκεισαν
2735 589 2863 657 περὶ
2913 589 3081 659 αὐτὴν
3125 592 3182 643 αί
3236 591 3519 661 ποιότητες
3550 610 3567 622 °
3595 594 3726 644 ἀπό-

2152 680 2318 746 δειξις
2359 679 2416 733 δὲ
2455 680 2555 750 τῆς
2600 680 2838 743 διανοίας
2869 680 3098 751 ταύτης,
3127 683 3211 735 ὃτι
3251 683 3481 754 ἀόρατον
3507 683 3678 751 αὐτὴν
3699 683 3726 735 ό

2148 767 2306 834 λόγος
2332 762 2471 821 εἶναι
2505 767 2690 839 φησίν.
2718 768 2792 821 Τὸ
2824 768 2932 840 γὰρ
2960 772 3212 839 ἀόρατον,
3243 771 3440 842 χρῶμα
3465 773 3567 826 οὐκ
3590 773 3722 826 ἐστι·

2146 857 2208 909 τὸ
2253 856 2309 909 δὲ
2342 856 2558 927 χρῶμα,
2588 852 2700 912 οἷόν
2728 874 2813 922 τις
2843 860 3092 932 ἀπορροὴ
3144 861 3238 915 τοῦ
3272 862 3411 916 κατά
3455 862 3556 934 τὴν
3611 865 3727 917 ἐπι-

2147 947 2375 1016 φάνειαν
2397 950 2676 1018 σχήματος
2704 949 2937 1017 γίνεται,
2967 952 3029 1004 τὸ
3054 952 3111 1005 δὲ
3133 954 3315 1025 σχῆμα
3337 955 3437 1007 οὐκ
3461 956 3590 1010 ἄνευ
3622 956 3725 1009 σώ-

2148 1054 2335 1107 ματος.
2385 1039 2447 1091 Ei
2480 1034 2573 1093 οὖν
2604 1040 2835 1111 ἀόρατον
2876 1037 2967 1112 ἦν,
3000 1045 3093 1096 καὶ
3137 1045 3554 1115 ἀχρωμάτιστον
3588 1048 3726 1100 πάν·

2144 1146 2277 1191 τως.
2307 1130 2492 1199 Τούτῳ
2517 1130 2573 1184 δὲ
2612 1131 2996 1204 συνθεωρεῖται
3028 1136 3091 1189 τὸ
3116 1137 3521 1207 ἀσχημάτιστον
3543 1156 3557 1169 ·
3580 1140 3726 1193 Exsi-

2145 1234 2221 1286 νῳ
2263 1217 2320 1269 δὲ
2359 1217 2421 1271 τὸ
2450 1218 2744 1289 ἀσώματον
2766 1239 2778 1252 ·
2818 1224 3019 1278 οὐκοῦν
3055 1229 3116 1279 ὲν
3157 1226 3237 1297 τῷ
3268 1228 3449 1299 ἀθρόῳ
3495 1231 3598 1299 τῆς
3629 1230 3724 1284 τοῦ

2147 1306 2353 1376 κόσμου
2407 1308 2715 1378 καταδολῆς
2737 1348 2752 1372 ,
2781 1306 2850 1381 ἦν
2902 1312 3001 1382 μὲν
3047 1316 3106 1367 ὲν
3137 1318 3249 1380 τοῖς
3285 1312 3438 1370 οὖσιν
3464 1319 3497 1384 ἡ
3521 1316 3618 1387 γῆ,
3648 1320 3723 1382 ὡς

2146 1396 2240 1449 καὶ
2264 1396 2331 1450 τά
2356 1396 2490 1452 ἄλλα
2518 1400 2713 1456 πάντα.
2741 1403 3016 1473 ’Δνέμεινε
3032 1408 3088 1462 δὲ
3112 1405 3172 1459 τὸ
3192 1406 3281 1460 διά
3303 1408 3404 1478 τῆς
3432 1409 3543 1463 τῶν
3574 1426 3724 1463 ποιο-

2144 1488 2319 1558 τήτων
2348 1492 2710 1562 κατασκευῆς,
2737 1493 2873 1563 ὅπερ
2906 1494 3024 1549 ἐστὶ
3053 1497 3324 1565 γενέσθαι.
3355 1501 3454 1554 Διά
3482 1502 3594 1573 γάρ
3626 1502 3721 1555 τοῦ

461 1595 694 1666 ἀόρατον
724 1594 893 1665 αὐτὴν
920 1596 1092 1648 εἰπεῖν
1119 1592 1282 1653 εἶναι,
1307 1592 1368 1646 τὸ
1414 1593 1549 1665 μηδὲ
1592 1589 1757 1660 ἄλλην
1787 1585 1909 1641 τινὰ
1940 1581 2198 1679 ποιότητα
2232 1581 2552 1679 θεωρεῖσθαι
2588 1587 2717 1679 περὶ
2740 1587 2909 1659 αὐτὴν
2962 1591 2993 1642 ό
3025 1588 3180 1659 λόγος
3223 1593 3574 1650 ἐνδείκνυται.
3602 1598 3721 1679 ¹Καὶ.

459 1686 547 1740 διὰ
573 1686 666 1739 τοῦ
695 1687 1171 1744 ἀκατασκεύαστον
1206 1688 1489 1758 ὀνομάσαι,
1525 1686 1665 1738 νοεῖν
1695 1682 1876 1735 δίδωσι
1911 1676 1970 1729 τὸ
2003 1673 2169 1744 μήπω
2194 1673 2362 1744 αὐτὴν
2396 1678 2783 1731 πεπυκνῶσθαι
2809 1684 2928 1745 ταῖς
2961 1688 3301 1753 σωματικαῖς
3336 1673 3614 1758 ίδιότησιν,

535 1779 649 1835 Hoc
693 1788 873 1834 autem
916 1797 981 1836 ex
1031 1780 1367 1853 Symmachi,
1420 1787 1476 1836 et
1520 1776 1931 1837 Theodotionls,
1980 1780 2037 1827 et

2209 1766 2590 1839 Φανερώτερον
2643 1770 2698 1823 δὲ
2752 1771 2841 1825 διὰ
2884 1772 2982 1843 τῆς
3037 1776 3332 1847 Συμμᾶχου
3388 1781 3483 1833 κα)⁵
3537 1780 3724 1836 Θεοδο-

459 1872 670 1941 Aquila:
730 1838 1180 1941 interpretatione
1226 1871 1432 1926 clarius
1485 1870 1542 1925 ﬁt
1581 1888 1595 1936 ;
1642 1883 1765 1923 cunt
1827 1868 2022 1937 primu:

2139 1856 2331 1920 τίωνος
2408 1838 2505 1911 και
2596 1861 2796 1916 Ἀκύλα
2872 1838 3128 1936 τραφεῖς’
3161 1838 3270 1939 ’ὴ”
3294 1869 3516 1942 τοιαύτη
3605 1873 3721 1926 διά-

459 1963 852 2018 eorumdicat:
882 1982 900 2013 ι
927 1962 1095 2019 Terra
1128 1971 1308 2018 autem
1340 1970 1459 2019 erat
1498 1964 1666 2025 iners,
1696 1970 1752 2016 et
1784 1959 2022 2013 indistin-

2140 1965 2257 2001 νοια
2310 1950 2660 2020 σαφηνίζεται
2687 1970 2700 1984 ·
2745 1954 2838 2006 τοῦ
2884 1955 2982 2025 μὲν
3016 1958 3258 2023 εἰπόντος
3281 1977 3294 1988 ·
3337 1979 3356 2011 ι
3386 1962 3451 2014 Ἦ
3471 1962 3530 2015 δὲ
3554 1967 3625 2033 γῆ
3652 1961 3718 2034 ἦν

457 2066 577 2121 cla;
613 2074 631 2107 ι
662 2056 801 2110 alter
823 2062 1038 2109 autem:
1072 2073 1089 2106 ι
1120 2054 1468 2117 Eratinanis,
1496 2064 1549 2108 et
1572 2053 1720 2106 nulla
1749 2067 1763 2113 :
1790 2072 1807 2102 ι
1840 2049 2022 2106 tertius

2137 2040 2305 2109 ἀργὸν
2331 2041 2425 2093 καὶ
2452 2042 2779 2113 ἀδιάκριτον·
2803 2065 2821 2097 ι
2853 2046 2947 2099 τοῦ
2977 2048 3033 2101 δὲ
3064 2050 3273 2127 ἑτέρου,
3308 2071 3327 2103 ι
3356 2053 3597 2123 Κένωμα
3622 2058 3719 2108 καὶ

458 2162 584 2202 vero
619 2165 632 2200 :
674 2165 692 2198 ι
726 2145 856 2200 Erat
898 2146 1035 2200 nihil
1074 2153 1127 2199 et
1160 2146 1409 2200 nihilum.
1439 2164 1459 2198 ι
1507 2144 1581 2198 Ex
1628 2144 1714 2198 his
1761 2142 1929 2204 enim,
1975 2151 2022 2193 nl

2134 2130 2313 2182 οὐθέν·
2341 2151 2358 2182 ι
2392 2132 2485 2185 τοῦ
2526 2133 2580 2187 δὲ
2606 2135 2790 2201 ἄλλου,
2826 2157 2845 2187 ι
2872 2139 3041 2191 Οὐθὲν
3074 2142 3167 2193 καὶ
3193 2143 3372 2198 οὐθέν.
3398 2163 3418 2197 ι
3451 2145 3716 2215 Δηλοῦτ;ι

403 2200 413 2309 ί
456 2254 557 2309 ego
603 2237 822 2308 quidem
872 2237 1072 2296 sentio.
1119 2236 1439 2306 intelligitur
1473 2243 1639 2298 terra,
1685 2250 1751 2289 ex
1790 2249 1855 2288 eo
1888 2231 2033 2302 quod

460 2286 554 2309 νο*
607 2286 822 2308 ’νη-ν·-
873 2286 1072 2296 ----ν-“’
1119 2286 1428 2306 --ντν--νσ--νέ
1477 2286 1639 2298 ’τε-κν
1694 2286 1747 2289 -ίε
1800 2286 1845 2288 -ί
1905 2286 1918 2302 ι

402 2286 410 2392 ί
460 2348 481 2381 ι
511 2329 702 2383 iners»
736 2337 902 2390 esset,
953 2327 1189 2382 nondum
1239 2339 1361 2380 actu
1415 2326 1604 2389 fuisse,
1652 2324 1747 2380 sed
1783 2325 1898 2378 sola
1940 2339 2035 2392 po-

460 2370 480 2381 .
513 2370 657 2383 ...νη
684 2370 701 2381 ,
738 2370 902 2390 -.....-,
1239 2370 1361 2380 η-..
1416 2370 1604 2389 .....,..ν,
1652 2370 1747 2380 ..ν-
1784 2370 1898 2378 ---κ
1941 2370 2005 2392 ,η

400 2370 407 2483 ,l
456 2416 864 2484 testate;quod
908 2424 1088 2470 autem
1144 2415 1533 2477 «indistincta,
1574 2432 1591 2465 ι
1645 2412 1885 2468 nondum
1916 2411 2033 2466 sin-

352 2540 355 2543 -
398 2558 401 2565 ,
453 2508 611 2578 gaias
643 2507 936 2577 qualitates
982 2506 1125 2561 inter
1169 2521 1229 2562 se
1262 2507 1481 2576 pr0prie
1525 2503 1693 2560 fuisse
1724 2512 2029 2573 separatas,

2136 2222 2244 2292 γάρ
2279 2222 2365 2275 διὰ
2389 2224 2595 2277 τούτων
2615 2264 2630 2287 ,
2664 2227 2807 2280 κατά
2859 2229 2947 2281 τὸν
3001 2231 3131 2301 ἐμὸν
3171 2232 3345 2302 λόγον,
3376 2236 3464 2288 διά
3492 2238 3592 2307 μὲν
3620 2239 3716 2292 τοῦ

2135 2312 2341 2382 ἀργοῦ,
2381 2316 2462 2367 ὅτι
2514 2318 2762 2388 ἐνεργείᾳ
2799 2320 2898 2389 μὲν
2960 2322 3114 2376 οὔπω
3143 2318 3211 2394 ἦν
3241 2342 3253 2354 ·
3282 2328 3339 2378 ὲν
3373 2328 3514 2400 μόνῃ
3552 2328 3610 2381 δὲ
3649 2333 3714 2400 τῇ

2132 2403 2359 2473 δυνάμει
2385 2406 2445 2458 τὸ
2479 2403 2617 2461 εἶναι
2647 2405 2787 2480 εἶχε·
2825 2412 2911 2465 διὰ
2940 2413 2997 2465 δὲ
3025 2414 3119 2468 τοῦ
3148 2416 3482 2487 ἀδιακρίτου,
3519 2421 3582 2475 τὸ
3605 2439 3718 2492 μη-

2131 2495 2279 2549 δέπω
2308 2500 2607 2570 ἀποστῆναι
2639 2504 2996 2575 ἀπ’ἀλλήλων
3023 2508 3118 2562 καὶ
3151 2511 3235 2579 ἐφ’
3262 2511 3462 2581 ἑαυτῆς
3494 2514 3720 2578 ἰδιαζόν-

398 2604 407 2659 1.
454 2598 550 2655 sed
599 2600 789 2654 orbem
839 2598 1154 2652 universum
1205 2598 1258 2651 in
1303 2594 1535 2650 confusa
1576 2595 1810 2664 quadam
1853 2602 1907 2648 et
1948 2593 2031 2648 in-

452 2691 709 2745 distincta
762 2689 1045 2760 qualitate,
1078 2703 1201 2742 cum
1237 2702 1336 2742 nec
1369 2688 1540 2749 color,
1576 2702 1675 2740 nec
1700 2684 1893 2756 ﬁgura,
1930 2700 2030 2740 nec

400 2776 407 2813 ‘
452 2783 643 2843 moles,
680 2796 779 2835 nec
810 2781 1125 2849 amplitudo,
1181 2796 1281 2834 nec
1319 2779 1425 2834 ulla
1465 2779 1565 2832 alia
1594 2778 1860 2846 ejusmodi
1890 2793 2026 2847 qua-

448 2873 577 2928 litas
620 2874 840 2943 propria
884 2874 1098 2926 ratione
1141 2872 1398 2926 distincta
1451 2871 1506 2925 in
1554 2870 1803 2939 subjecto
1837 2885 2028 2925 cerne-

447 2972 619 3017 retur.
669 2961 814 3016 ldcm
856 2961 1125 3031 significat
1163 2961 1342 3023 nobis,
1394 2978 1413 3011 ι
1453 2959 1653 3024 inanis,
1700 2968 1754 3013 et
1793 2960 1962 3012 nulla.
2002 2976 2019 3009 ι

447 3054 581 3109 Nam
622 3070 757 3110 voce
789 3054 903 3117 illa,
955 3072 973 3105 ι
1011 3053 1212 3120 inanis,
1249 3071 1268 3104 ι
1305 3053 1389 3108 vis
1435 3053 1724 3120 qualitates
1764 3065 2025 3121 separans

448 3146 741 3209 indicatur,
788 3155 848 3201 ut
882 3146 1266 3215 intelligamus,
1305 3144 1490 3198 mundi
1541 3144 1879 3198 conditorem
1922 3156 2023 3213 po-

2129 2602 2237 2649 τως
2285 2588 2522 2657 ἑκάστην
2564 2591 2671 2645 τῶν
2717 2597 3018 2665 ποιοτήτων
3071 2602 3463 2670 γνωρίζεσθαι,
3493 2604 3612 2658 ἀλλ’
3658 2608 3717 2658 ἐν

2133 2682 2511 2753 συγκεχυμένη
2539 2684 2644 2738 τινὶ
2661 2686 2755 2739 καὶ
2779 2687 3077 2760 ἀδιακρίτῳ
3099 2695 3340 2765 ποιότητι
3365 2696 3427 2749 τὸ
3451 2699 3560 2750 πᾶν
3578 2699 3717 2753 καθ-

2128 2770 2376 2839 ορᾶσθαι,
2410 2773 2484 2843 μὴ
2523 2774 2843 2847 χρώματος,
2866 2780 2940 2849 μὴ
2972 2784 3269 2851 σχήματος,
3308 2788 3381 2858 μὴ
3414 2789 3603 2857 δγκουι
3642 2792 3717 2862 μὴ

2130 2866 2349 2938 βάρους,
2381 2871 2455 2939 μὴ
2475 2871 2856 2943 πηλικότητος,
2873 2875 2947 2946 μὴ
2975 2878 3133 2931 ἄλλου
3152 2880 3297 2943 τινὸς
3324 2882 3433 2934 τῶν
3450 2884 3717 2937 τοιούτων

2126 2956 2210 3024 ἐφ’
2246 2957 2441 3011 ἑαυτοῦ
2474 2961 2616 3015 κατὰ
2643 2963 2732 3015 τὸν
2768 2964 2897 3017 ἴδιον
2948 2966 3104 3035 λόγον
3147 2970 3205 3023 ὲν
3248 2971 3324 3040 τῷ
3364 2972 3716 3043 ὑποκειμένῳ

2126 3045 2514 3118 θεωρουμένου.
2533 3053 2641 3124 Τὴν
2665 3055 2719 3107 δὲ
2740 3056 2909 3126 αὐτὴν
2935 3056 3167 3113 διάνοιαν
3193 3062 3524 3117 ἐνδείκνυται
3555 3067 3713 3135 ἡμῖν,

2125 3138 2219 3190 καὶ
2244 3140 2306 3192 τὸ
2348 3142 2568 3213 κένωμα
2599 3147 2692 3199 καὶ
2732 3148 2910 3202 οὐθέν.
2948 3152 3058 3211 Τὴν
3100 3151 3209 3223 γάρ
3241 3156 3560 3227 χωρητικὴν
3599 3159 3716 3212 τῶν

446 3245 695 3293 testatem
726 3237 1046 3307 qualitatum
1079 3236 1468 3304 susceptricem
1515 3235 1858 3305 produxisse,
1897 3250 2019 3305 qua:

2129 3231 2426 3301 ποιοτήτων
2451 3233 2701 3305 δύναμιν,
2734 3240 2799 3308 τῇ
2833 3239 2928 3292 τοῦ
2951 3240 3263 3311 κενώματος
3289 3247 3437 3314 φωνῇ
3470 3249 3717 3319 παρεδή-

446 3328 664 3398 quidem
708 3328 887 3382 inanis
925 3335 1061 3393 erat,
1108 3336 1161 3382 et
1193 3326 1247 3380 in
1289 3342 1346 3381 se
1378 3327 1513 3380 nihil
1557 3327 1892 3389 continebat,
1925 3342 2020 3381 an-

445 3425 664 3488 tequam
712 3416 1070 3486 qualitatibus
1113 3414 1501 3483 contpleretur.
1558 3412 1795 3467 Tertiam
1844 3415 2017 3468 inter»

443 3509 821 3579 pretationem,
851 3514 910 3561 ut
928 3522 994 3562 ex
1015 3505 1230 3576 Epicuri
1253 3504 1629 3575 depromptam
1654 3504 2018 3574 phil050pliia,

444 3599 565 3654 sine
605 3598 1043 3652 consideratione
1083 3597 1494 3667 relinquendam
1527 3596 1799 3649 existimo.
1832 3594 2021 3649 Simile

443 3692 590 3746 enim
623 3689 878 3759 quiddam
909 3688 998 3743 ille
1030 3704 1249 3759 quoque
1272 3690 1506 3745 declarat
1533 3687 1599 3742 de
1632 3686 1805 3757 primo
1837 3701 2018 3741 rerum

443 3779 729 3851 principio,
752 3795 913 3834 voces
936 3778 1126 3836 inanes
1155 3779 1434 3851 eﬂingens,
1463 3794 1560 3849 per
1583 3792 1786 3849 easque
1812 3778 2018 3831 nullam

381 3922 391 3941 ,
443 3872 615 3927 fuisse
658 3887 837 3927 rerum
865 3887 974 3927 non
1003 3871 1392 3943 subsistentem
1416 3880 1667 3926 naturam
1696 3871 2018 3937 ostendens,

441 3964 530 4017 cui
554 3962 730 4018 simile
763 3970 847 4017 est
876 3962 1011 4016 nihil
1033 3970 1087 4016 et
1109 3962 1360 4017 nihilum.
1392 3960 1592 4015 Verum
1616 3961 1682 4015 ad
1711 3962 2018 4017 institutum

444 4061 694 4109 nostrum
731 4059 1092 4115 revertamur,
1108 4050 1501 4123 videamusque
1526 4052 1799 4122 quomodo
1831 4067 2019 4122 supre-

444 4160 534 4199 mo
556 4152 764 4199 natura:
786 4143 1004 4198 sensilis
1028 4144 1262 4198 termino
1287 4144 1355 4198 ab
1385 4143 1506 4215 igne
1528 4146 1696 4201 semel
1724 4153 2016 4214 occupato,

444 4234 845 4288 ﬁrmamentum
876 4232 1133 4306 deinceps
1165 4233 1368 4289 factum
1402 4233 1646 4305 sit,quod
1672 4236 2018 4304 superiorum

346 4370 355 4377 .
439 4331 494 4379 et
533 4324 850 4378 inferiorum
897 4340 1162 4394 aquarum
1207 4326 1502 4381 conﬁnium
1538 4342 1662 4383 esse
1703 4326 1857 4381 dicit.
1902 4325 2014 4397 Ego

438 4415 583 4470 enim
616 4418 868 4471 existimo
898 4417 1320 4485 ﬁrmamentum,
1346 4418 1459 4472 sive
1490 4418 1560 4472 sit
1584 4434 1751 4472 unum
1787 4434 1852 4472 ex
1882 4435 2017 4489 qua-

2124 3322 2324 3375 λωσεν·
2364 3324 2503 3379 ὥστε
2543 3327 2631 3379 διά
2680 3330 2869 3383 τούτου
2909 3331 3134 3409 μαθεῖν,
3168 3334 3249 3385 ὃτι
3280 3333 3533 3405 δεκτικὴν
3558 3338 3719 3392 δύνα-

2129 3432 2219 3483 μιν
2257 3416 2366 3470 τῶν
2405 3422 2707 3489 ποιοτήτων
2745 3424 2774 3475 ὁ
2805 3423 2898 3475 τοῦ
2944 3426 3142 3488 παντὸς
3195 3428 3415 3498 κτίστης
3463 3447 3715 3500 προκατ-

2123 3506 2405 3561 εϐάλλετο·
2444 3511 2573 3581 κενὴ
2602 3510 2658 3563 δέ
2690 3530 2774 3576 τις
2810 3509 2876 3584 ἦν
2909 3516 3046 3587 αὕτη
3103 3517 3197 3570 καὶ
3249 3520 3308 3572 ἐν
3359 3520 3525 3592 ἑαυτῇ
3562 3517 3714 3594 εἶχεν

2122 3597 2279 3650 οὐθὲν
2303 3636 2318 3661 ,
2357 3600 2484 3670 πρὶν
2520 3604 2987 3675 συμπληρωθῆναι
3033 3607 3201 3679 αὐτὴν
3253 3613 3372 3675 ταῖς
3432 3614 3710 3686 ποιότησι.

2124 3686 2227 3742 Τὸν
2279 3688 2337 3741 δὲ
2371 3691 2555 3761 τρίτον
2599 3693 2777 3762 λόγον,
2809 3695 2885 3759 ὥς
2923 3699 2988 3750 ὲκ
3023 3702 3124 3769 τῆς
3191 3701 3514 3774 Ἐπικούρου
3557 3707 3714 3776 φιλο.

2123 3780 2317 3850 σοφίας
2356 3783 2785 3855 παρευρεθέντα,
2817 3789 3138 3842 καταλιπεῖν
3181 3790 3334 3861 οἶμαι
3367 3795 3707 3868 ἀθεώρητον.

2123 3873 2345 3943 Ὅμοιον
2372 3875 2482 3947 γάρ
2513 3894 2565 3928 τι
2592 3877 2842 3941 κάκεῖνός
2869 3896 3000 3948 φησι
3029 3882 3160 3954 περὶ
3203 3884 3302 3953 τῆς
3334 3884 3559 3957 πρώτης
3593 3889 3712 3943 τῶν

2120 3963 2288 4016 όντων
2321 3966 2516 4036 ἀρχῆς,
2548 3968 2849 4035 κενόφωνον
2904 3971 2963 4023 δὲ
3016 3974 3109 4026 καὶ
3156 3974 3323 4044 μηδὲν
3353 3977 3450 4047 τὴν
3500 3979 3707 4033 ἀνυπό-

2123 4071 2316 4108 στατον
2345 4057 2454 4110 τῶν
2495 4059 2714 4129 ἀτόμων
2748 4062 2912 4131 φύσιν
2949 4063 3038 4117 διά
3067 4065 3174 4118 τῶν
3209 4066 3466 4121 τοιούτων
3506 4070 3707 4137 φωνῶν

2120 4146 2663 4215 ἐνδεικνύμενος,ὃπε
2675 4167 2706 4221 ρ
2733 4152 2918 4222 ὅμοιόν
2950 4155 3065 4208 ἐστι
3084 4157 3163 4224 τῷ
3193 4156 3366 4223 οὐδὲν,
3391 4158 3485 4212 καὶ
3517 4160 3706 4215 οὐθέν.

2133 4236 2270 4289 Ἀλλ’
2300 4240 2392 4291 ἐπὶ
2420 4243 2487 4293 τὰ
2535 4243 2734 4312 συνεχῆ
2776 4244 2874 4315 τῆς
2928 4245 3161 4318 θεωρίας
3203 4248 3366 4302 πάλιν
3395 4252 3703 4321 προΐωμεν,

2120 4328 2237 4393 πῶς
2260 4331 2493 4397 εἰσάπαξ
2527 4333 2621 4386 τοῦ
2653 4336 2823 4405 πυρὸς
2851 4337 2940 4391 τὸν
2966 4338 3268 4408 ἀκρότατον
3297 4342 3399 4411 τῆς
3432 4344 3707 4417 αἰσθητῆς

2118 4420 2332 4488 φύσεως
2356 4423 2481 4493 ὅρον
2502 4426 2968 4495 περιοδεύσαντος,
2990 4430 3300 4495 ἀκολούθως
3324 4432 3385 4486 τὺ
3413 4438 3707 4507 στερέωμα

439 4514 584 4571 tuor,
615 4506 730 4561 sive
757 4507 905 4562 aliud
937 4507 1029 4562 illa
1076 4508 1467 4578 comp!ectens,
1498 4517 1560 4564 ut
1589 4510 1801 4565 externi
1835 4511 2015 4580 philo-

2129 4512 2325 4580 γίνεται
2352 4530 2365 4543 ·
2397 4516 2533 4587 ὅπερ
2568 4517 2818 4589 μεθόριόν
2853 4538 3021 4591 φησιν
3071 4518 3213 4577 εἶναι
3266 4525 3376 4578 τῶν
3424 4544 3482 4580 τε
3532 4506 3706 4601 ὑπερ-

438 4597 596 4668 SOphi
654 4598 1019 4663 tradiderunt,
1068 4616 1179 4654 non
1227 4615 1348 4656 esse
1399 4617 1600 4672 corpus
1660 4602 1894 4657 solidum
1947 4618 2011 4657 ac

438 4688 657 4752 durum,
704 4689 801 4744 sed
844 4692 1250 4760 comparatione
1289 4693 1633 4763 sempiterna:
1666 4703 1720 4750 et
1753 4694 2010 4765 incorpo-

437 4793 579 4842 reae,
636 4786 690 4834 et
730 4795 851 4851 quae
898 4788 1046 4835 tactu
1083 4797 1191 4837 non
1244 4784 1571 4852 percipitur,
1628 4786 2010 4855 proprietatis,

434 4878 738 4924 extremum
777 4871 907 4925 illud
958 4884 1165 4929 natura:
1207 4876 1448 4935 sensilis,
1483 4875 1629 4945 quod
1657 4876 1799 4944 ignis
1830 4877 1878 4930 vi
1910 4892 2012 4931 sua

436 4973 697 5032 perpetuo
745 4964 934 5020 mobili
975 4967 1165 5033 ambit,
1213 4969 1612 5023 lirmamentum
1671 4983 1699 5021 a
1727 4969 2013 5038 Scriptura

434 5054 564 5109 dici.
598 5053 731 5121 Quis
758 5057 904 5111 enim
926 5058 1124 5124 nescit,
1151 5061 1295 5129 quod
1333 5061 1568 5115 solidum
1600 5070 1705 5126 est,
1732 5063 2010 5117 resistenti

434 5144 670 5216 quadarn
701 5145 905 5201 duritie
938 5149 1305 5205 condensari?
1353 5152 1496 5222 quod
1537 5161 1720 5207 autem
1763 5161 1846 5207 est
1878 5153 2013 5207 den—

434 5252 578 5301 sum,
608 5249 661 5295 et
700 5238 925 5303 durum,
975 5255 1040 5295 ac
1070 5243 1355 5308 resistens,
1394 5244 1655 5313 qualitate
1703 5244 1854 5313 gravi
1904 5259 2008 5300 non

432 5343 589 5384 vacat
626 5330 821 5402 :quod
866 5346 994 5387 vero
1022 5342 1217 5388 natura
1266 5351 1428 5404 grave
1466 5343 1571 5395 est,
1618 5351 1838 5391 sursum
1880 5335 2008 5391 ferri

433 5433 542 5471 non
583 5428 783 5487 potest.
826 5420 898 5475 At
936 5423 1103 5478 rebus
1139 5423 1356 5479 cunctis
1404 5424 1701 5480 sensilibus
1752 5423 2009 5492 superius

431 5516 520 5562 est
555 5507 975 5577 ﬁrmamentum,
1012 5531 1077 5569 ex
1114 5530 1222 5584 quo
1276 5514 1355 5578 ﬁt,
1409 5522 1469 5568 ut
1503 5515 1641 5572 nihil
1671 5516 1726 5570 in
1755 5530 1822 5570 eo
1852 5529 2007 5570 eras-

432 5612 556 5652 sum
575 5606 671 5653 aut
693 5602 1071 5670 corpulentum
1091 5605 1320 5676 cogitari
1344 5607 1536 5674 possit,
1571 5606 1688 5668 sed,
1718 5614 1778 5661 ut
1800 5606 2005 5660 dictum

432 5697 539 5753 est,
586 5705 766 5744 rerum
809 5708 930 5761 qua:
972 5700 1204 5766 corpore
1235 5708 1450 5763 vacant,
1496 5707 1550 5754 et
1585 5700 1770 5753 animo
1799 5709 2006 5753 tantum

433 5782 989 5853 comprehenduntur,
1013 5791 1439 5859 comparatione,
1463 5792 1727 5864 quidquid
1752 5793 2006 5850 sensibus

2117 4608 2386 4678 κειμένων
2413 4612 2510 4665 καὶ
2547 4612 2657 4665 τῶν
2706 4613 3082 4684 ὑποκειμένων
3125 4617 3353 4674 ὑδάτων.
3402 4621 3544 4689 Ἐγὼ
3591 4626 3707 4696 γὰρ

2115 4695 2269 4770 οἶμαι
2308 4699 2466 4770 σῶμα
2499 4702 2598 4771 μέν
2639 4721 2721 4757 τοι
2757 4706 2983 4777 στερρὸν
3017 4708 3114 4762 καὶ
3138 4710 3452 4777 ἀντίτυπον,
3471 4715 3527 4767 ετ
3554 4716 3615 4768 τὲ

2116 4787 2225 4841 τῶν
2252 4790 2550 4860 τεσσάρων,
2574 4792 2630 4845 εί
2649 4794 2709 4846 τέ
2743 4812 2795 4848 τι
2831 4797 2926 4850 καὶ
2954 4796 3104 4869 παρά
3156 4798 3324 4854 ταῦτα
3348 4802 3555 4874 ἕτερον,
3594 4823 3704 4859 κα-

2118 4878 2227 4944 θὼς
2253 4884 2286 4949 ἡ
2312 4881 2510 4946 ἔξωθεν
2552 4885 2864 4959 ὲφαντάσθη
2920 4889 3230 4959 φιλοσοφία,
3271 4893 3436 4964 μηδὲν
3482 4897 3613 4967 περὶ
3643 4898 3708 4953 τὸ

2120 4972 2408 5044 στερέωμα
2460 4973 2807 5048 θεωρεῖσθαι,
2831 4980 2968 5047 ἀλλά
2996 4981 3058 5036 τὸ
3100 4982 3270 5053 ἀκρον
3297 4985 3396 5054 τῆς
3428 4985 3709 5058 αἰσθητῆς

2117 5062 2324 5133 οὐσίας,
2350 5065 2487 5136 ὅπερ
2515 5069 2549 5137 ἡ
2581 5068 2677 5121 τοῦ
2717 5071 2888 5143 πυρὸς
2915 5073 3079 5143 φύσις
3111 5075 3254 5128 κατά
3273 5077 3370 5147 τὴν
3391 5078 3711 5149 ἀεικίνητον

2114 5152 2344 5225 δύναμιν
2395 5159 2702 5229 περιπολεῖ,
2731 5162 2892 5217 τοῦτο
2936 5166 3224 5237 στερέωμα
3250 5166 3401 5238 παρά
3430 5169 3528 5238 τῆς
3555 5170 3710 5242 Γρα-

2116 5247 2222 5317 φῆς
2248 5246 2500 5319 ῥηθῆναι,
2537 5254 2821 5325 συγκρίσει
2849 5256 2951 5326 τῆς
2994 5258 3253 5311 ἀῖδίουτε
3280 5260 3373 5313 καὶ
3402 5260 3707 5331 ἀσωμάτου

2117 5338 2208 5391 καὶ
2228 5338 2464 5407 ἀναφοῦς
2491 5342 2773 5415 ἰδιότητος.
2815 5347 2911 5411 Τίς
2940 5348 3050 5419 γάρ
3079 5350 3181 5403 οὐκ
3208 5346 3348 5403 οἶδεν
3388 5352 3469 5403 ὅτι
3506 5354 3623 5406 πᾶν
3645 5356 3709 5408 τὸ

2116 5429 2342 5500 στερρὸν
2370 5430 2461 5487 διά
2507 5452 2652 5499 τινος
2682 5437 2901 5503 πάντως
2941 5439 3265 5504 ἀντιτυπίας
3296 5441 3657 5498 πεπύκνωται
3688 5464 3706 5511 ;

2115 5520 2188 5573 ἰδ
2209 5522 2266 5575 δὲ
2309 5525 2510 5579 πυκνὸν
2542 5528 2635 5580 καὶ
2666 5529 2980 5592 ἀντίτυπον,
3013 5533 3076 5586 οὐ
3103 5534 3397 5606 καθαρεύει
3424 5534 3525 5605 τῆς
3555 5538 3714 5592 κατά

2113 5612 2175 5664 τὸ
2206 5613 2369 5686 βάρος
2406 5619 2723 5690 ποιότητος’
2754 5622 2813 5676 τὸ
2859 5623 2916 5677 δὲ
2963 5624 3102 5696 βαρὺ
3160 5626 3300 5679 κατά
3355 5626 3454 5696 τὴν
3512 5628 3709 5697 φύσιν,

2112 5707 2394 5777 ἀνωφερὲς
2421 5705 2558 5762 εἶναι
2583 5712 2644 5763 οὐ
2689 5712 2930 5767 δύναται.
2972 5714 3133 5768 Ἀλλά
3166 5716 3271 5788 μὴν
3302 5715 3481 5785 πάσης
3528 5717 3712 5790 ὺπέρ-

2114 5814 2290 5851 κειται
2338 5800 2438 5870 τῆς
2472 5801 2735 5873 αἰσθητῆς
2764 5807 2995 5869 κτίσεως
3021 5806 3082 5860 τὺ
3111 5807 3428 5878 στερέωμα,
3459 5809 3558 5863 οὐκ
3589 5809 3712 5882 ἄρα
