3880 6364
159 413 223 473 ει
1395 444 1464 498 ῐΝ
1502 444 1765 501 usus»

1873 448 1976 521 gos
2010 447 2231 505 LIBER.
3386 452 3457 510 82

171 535 281 638 παλῦ
303 556 344 640 ’ξι
516 550 898 640 σωματῶδες
920 557 1045 630 περὶ
1081 559 1212 613 αὑτὸ
1244 563 1383 615 νοεῖν
1415 565 1449 634 ή
1478 563 1765 619 ἀκολουθία

1873 575 1958 623 εει
2016 567 2313 623 obnoxium
2343 608 2359 635 ,
2401 567 2637 626 solidum
2681 568 3007 640 ﬁrmumque
3042 567 3283 635 dicitur,
3328 567 3457 625 licet

173 632 243 681 τοῦ
279 632 431 730 λόγου
462 637 755 713 δίδωσιν,
782 648 921 702 ἀλλὰ
950 648 1130 715 καθὼς
1174 650 1411 724 ετρηται,
1437 632 1506 726 τῇ
1548 655 1686 726 πρὸς
1711 656 1765 710 τὸ

1874 666 2125 713 naturam
2171 668 2334 729 quam
2392 660 2629 716 maxime
2682 659 2911 730 cogitari
2951 659 3127 730 possit
3198 657 3454 714 subtilem

176 722 326 822 νοητόν
352 743 414 781 τε
468 732 586 785 καὶ
630 736 946 808 ἀσώματον
987 742 1308 813 παραθέσει,
1342 746 1452 799 πᾶν
1498 747 1627 801 ὅσον.
1675 747 1765 801 τοῦ

1873 750 2138 806 obtineat.
2166 722 2357 806 δίει-ἰιο
2392 751 2577 822 igitur,
2609 722 2921 822 quodignis
2951 722 3163 806 ambitu
3208 764 3460 821 compre-

183 815 402 914 αἰσθητοῦ
428 821 654 890 γένους
678 828 827 895 ἐστὶ,
849 832 1076 904 στερρὸν
1097 834 1335 903 λέγεται,
1356 836 1458 891 κᾶν
1476 840 1543 909 τῇ
1566 841 1765 911 φυσικῇ

1875 840 2136 897 benditur
2157 815 2662 913 (comprebenditu-r
2682 815 2863 899 autem
2885 841 3150 914 quidquid
3174 858 3241 898 ex
3265 815 3455 897 crassa

186 907 439 983 λεπτότητι
479 915 801 991 διαφεύγει
846 923 942 996 τὴν
989 928 1334 997 κατανόησιν.
1381 929 1590 984 Οὐκοῦν
1640 933 1765 986 ἀκο‹

1875 932 2101 987 materia
2161 934 2423 1003 constat),
2445 933 2497 987 id
2538 934 2779 1005 propriis
2833 935 3003 990 semel
3049 934 3300 990 terminis
3348 934 3460 988 cir-

191 1000 365 1068 λούθως
376 1006 507 1059 ὅσον
530 1012 606 1081 τῇ
634 1013 879 1085 περιόδῳ
896 1015 992 1068 τοῦ
1020 1017 1191 1089 πυρὸς
1204 1018 1486 1092 διελήφθη·
1502 1021 1765 1093 διελήφθη

1874 1024 2294 1093 eumscriptum,
2319 1025 2389 1080 ob
2411 1026 2712 1081 naturalem
2742 1026 2984 1086 materia:
3006 1026 3452 1090 crassitudinem,

197 1093 241 1148 δι
257 1095 306 1149 τὸ
323 1096 495 1168 πέρας
524 1104 633 1171 τῆς
652 1102 851 1176 ὑλικῆς
870 1106 1057 1172 οὐσίας
1077 1124 1091 1140 ⁸
1119 1108 1197 1180 τῷ
1219 1111 1366 1177 ἅπαξ
1387 1112 1501 1184 ἰδίῳ
1528 1114 1636 1168 τινὶ
1662 1115 1765 1184 ὅρῳ

1874 1113 1942 1169 ad
1969 1117 2310 1184 superiorum
2339 1115 2705 1173 differentiam
2748 1129 3004 1174 vocatum
3035 1127 3117 1174 est
3145 1119 3460 1172 ﬁrmamen-

200 1188 536 1257 περιγραφὲν,
574 1194 875 1265 στερέωμα
914 1197 1013 1263 μὲν
1048 1199 1140 1254 διὰ
1170 1201 1267 1273 τὴν
1298 1202 1489 1276 ὑλικὴν
1517 1205 1679 1273 φύσιν
1702 1208 1765 1277 τῇ

1873 1212 2011 1258 tum.
2047 1203 2517 1271 Quemadmodum
2555 1214 2733 1262 autem
2762 1216 2815 1262 et
2848 1194 3042 1268 lucem}
3076 1206 3254 1273 diem;
3287 1213 3342 1260 et
3379 1212 3460 1260 te-

201 1280 461 1370 σνγκρίσει
493 1282 609 1337 τῶν
648 1285 1029 1363 ὑποκειμένων
1058 1296 1497 1367 προσηγορεύθη.
1534 1298 1765 1369 Οὐρανὸς

1874 1297 2073 1353 nebras
2107 1307 2324 1353 noctem
2359 1317 2372 1352 :
2412 1298 2494 1353 sie
2520 1299 2676 1365 illud,
2701 1301 2901 1354 coelum
2927 1299 3239 1370 appellavit.
3273 1298 3457 1368 Atque

192 1369 245 1464 633
283 1368 404 1441 ἔσχε
434 1372 519 1464 τὸ
567 1373 767 1447 ὄνομα,
797 1375 986 1450 ὥσπερ
1030 1380 1126 1434 καὶ
1156 1383 1235 1453 τῷ
1273 1384 1413 1452 φωτὶ
1456 1368 1627 1456 ὄνομα
1677 1386 1765 1458 τὴν

1874 1390 1942 1445 ab
1975 1390 2080 1446 hac
2123 1393 2341 1462 quidem
2371 1393 2715 1464 expositione
2757 1368 3249 1463 divisioﬁa‘quarum
3287 1393 3461 1447 inter-

192 1461 393 1554 ἡμέραν
416 1463 596 1532 ἔθετο,
635 1469 732 1521 καὶ
765 1468 844 1541 τῷ
899 1472 1082 1526 σκότει
1110 1473 1209 1547 τὴν
1237 1475 1433 1531 νύκτα.
1482 1479 1540 1531 Ἦ
1570 1479 1627 1531 δὲ
1665 1479 1765 1532 τῶν

1873 1482 2053 1553 positu
2082 1461 2485 1554 interjectuque
2520 1485 2848 1540 ﬁrmamenti
2879 1461 3177 1539 constituta
3212 1498 3319 1537 non
3358 1482 3458 1537 abv

188 1553 388 1609 ίόἀτων
441 1556 723 1630 διάκρισις
752 1562 786 1631 ή
844 1566 1224 1639 κεχωρισμένη
1258 1571 1325 1639 τῇ
1388 1571 1634 1642 μεσιτείᾳ
1674 1570 1765 1624 τοῦ

1874 1573 2081 1639 horret,
2096 1584 2150 1627 et
2169 1553 2466 1645 Scripturae
2480 1577 2735 1631 convenit
2762 1594 2774 1630 :
2803 1575 2883 1630 sic
2902 1574 3047 1629 enim
3066 1582 3189 1643 post
3208 1572 3320 1637 illa,
3338 1586 3462 1642 qua:

185 1647 590 1719 στερεώματος,
612 1650 737 1704 οὗτε
768 1652 868 1723 τῆς
896 1654 1216 1727 ὑπολήψεως
1242 1658 1616 1731 ἀλλοτριοῦται
1643 1662 1765 1716 ταύ-

1873 1663 1942 1719 de
1957 1672 2098 1720 terra
2119 1666 2322 1735 scripta
2338 1676 2484 1733 sunt,
2504 1667 2780 1736 sequitur:
2806 1683 2823 1716 ι
2844 1665 3106 1720 Tenebrae
3119 1673 3276 1720 erant.
3293 1678 3459 1734 super

178 1755 297 1808 της,
315 1741 409 1793 καὶ
438 1741 573 1811 πρὸς
600 1742 700 1814 τὴν
729 1744 951 1816 Γραφὴν
971 1747 1281 1814 ἀκολούθως
1302 1751 1435 1822 ἔχει.
1457 1752 1765 1823 Γέγραπται

1874 1756 2156 1827 abyssum,
2183 1767 2237 1812 et
2267 1758 2494 1826 spiritus
2519 1758 2617 1812 Dei
2645 1757 2922 1813 ferebatur
2953 1772 3119 1826 super
3140 1742 3339 1827 aquam
3354 1754 3452 1810 ι’.»

175 1832 287 1900 γὰρ
316 1833 376 1885 ἐν
404 1834 472 1903 τῇ
513 1834 802 1907 ἀκολουθίᾳ
832 1837 942 1891 τῶν
993 1839 1301 1911 εἰρημένων
1353 1843 1494 1912 μετά
1545 1845 1606 1896 τὸ
1646 1848 1765 1917 περὶ

1873 1847 2221 1904 Arbitrantur
2238 1849 2403 1920 igitur
2422 1857 2632 1904 tantum
2653 1850 2867 1913 abesse,
2887 1858 2945 1902 ut
2969 1849 3197 1918 spiritus
3216 1846 3464 1902 tenebra-

169 1922 272 1992 τῆς
304 1924 413 1992 γῆς
437 1927 615 1980 εἰπεῖν
633 1943 646 1955 '
675 1927 756 1981 ὅτι
783 1946 802 1978 ι
842 1929 1042 1994 Σκότος
1072 1927 1140 2003 ἦν
1164 1933 1349 1987 ἐπάνω
1374 1935 1471 2005 τῆς
1501 1913 1765 2001 ἀϐύσσου,

1873 1956 2018 2006 rum,
2044 1913 2391 2011 spiritusDei
2423 1943 2514 2008 sit,
2544 1950 2812 2011 quantum
2837 1913 3090 1996 abest-ab
3114 1939 3262 1993 omni
3284 1937 3457 1991 malo:

170 2013 268 2065 καὶ
316 2015 544 2085 πνεῦμα
589 2015 723 2070 Θεοῦ
772 2019 1074 2092 ἐπεφέρετο
1119 2022 1305 2077 ἐπάνω
1347 2024 1440 2077 τοῦ
1492 2026 1702 2092 ὓδατος.
1743 2049 1760 2080 ι

166 2106 207 2156 Σ
220 2106 562 2177 ςοχαζόμεθα
602 2110 778 2162 τοίνυν
811 2111 895 2165 ὅτι
925 2112 986 2166 τὸ
1026 2115 1246 2185 πνεῦμα
1294 2116 1389 2170 τοῦ
1417 2118 1552 2172 Θεοῦ
1588 2121 1766 2175 τοσοῦ-

162 2213 259 2248 τον
304 2198 510 2269 ἀπέχει
541 2199 637 2253 τοῦ
688 2202 913 2268 σκότους
940 2199 1100 2269 εἶναι,
1130 2207 1253 2260 ὅσον
1301 2211 1394 2261 καὶ
1438 2194 1641 2275 παντὸς
1668 2230 1766 2266 κα-

1872 2031 2018 2103 quod
2043 2031 2539 2087 innumerabilibus
2573 2040 2778 2088 sanctae
2804 2030 3104 2102 Scripturae
3128 2027 3462 2085 testimoniis

1874 2137 2169 2192 possumus
2192 2124 2574 2193 comprobare,
2606 2137 2728 2193 quae
2753 2121 2923 2176 Deum
2951 2128 3004 2175 et
3027 2121 3202 2174 lucem
3224 2132 3348 2172 esse
3374 2132 3461 2171 ve-

1875 2230 1992 2269 ram
2029 2215 2075 2246 ²⁰
2101 2256 2116 2280 ,
2139 2223 2194 2269 ει
2217 2215 2466 2270 habitare
2496 2216 2671 2270 lucem
2707 2215 3046 2269 inaccessam
3089 2214 3132 2243 ¹¹
3165 2212 3455 2266 atlirtnant.

162 2288 266 2341 κοῦ
296 2289 601 2361 ἀλλοτρίως
631 2291 760 2363 ἔχει.
788 2294 894 2346 Καὶ
928 2296 1130 2367 μυρίας
1161 2296 1278 2350 ἔστι
1317 2300 1447 2372 περὶ
1480 2300 1671 2355 τούτου
1701 2303 1799 2371 τῆς
1827 2304 1989 2372 ἁγίας
2018 2304 2240 2375 Γραφῆς
2283 2304 2642 2376 παραθέσθαι)
2669 2304 2852 2374 φωνὰς
2871 2346 2883 2370 ,
2912 2305 2994 2357 ὅτι
3023 2304 3118 2356 καὶ
3160 2302 3277 2373 φῶς
3311 2303 3460 2355 ἐστιν

160 2381 429 2451 ἀληθινὸν
476 2385 505 2435 6
550 2383 701 2449 Θεὸς,
745 2387 839 2439 καὶ
892 2389 1033 2442 οἰκεῖ
1084 2391 1381 2463 ἀπρόσιτον
1423 2393 1559 2462 φῶς.

236 2474 315 2526 Τὸ
334 2474 397 2527 δὲ
425 2474 642 2545 πνεῦμα
666 2476 759 2529 τοῦ
779 2478 915 2533 Θεοῦ
943 2482 1137 2537 ταύτὸν
1154 2487 1220 2555 τῇ
1258 2486 1417 2555 φύσει
1448 2490 1596 2544 ἐστὶν
1624 2489 1773 2563 αὑτῷ

156 2567 243 2637 τῷ
259 2567 409 2637 Θειῖν
429 2569 478 2621 εί
509 2569 565 2621 δὲ
598 2570 696 2640 μία
714 2570 876 2639 φύσις
897 2572 992 2627 τοῦ
1016 2573 1151 2628 Θεοῦ
1176 2577 1271 2628 καὶ
1296 2576 1390 2631 τοῦ
1425 2579 1763 2651 πνεύματος,

160 2676 194 2725 ς
206 2657 286 2720 Fu;
314 2656 377 2709 δὲ
395 2658 422 2709 6
434 2656 588 2721 Θεὸς,
613 2657 726 2726 φῶς
740 2658 806 2712 ἂν
820 2659 905 2731 εἴη
926 2661 1139 2725 πάντως
1166 2664 1261 2715 καὶ
1275 2664 1369 2717 τοῦ
1384 2664 1520 2718 Θεοῦ
1536 2666 1597 2718 τὸ
1615 2662 1772 2718 πνεῦ-

161 2767 267 2819 μα.
290 2750 335 2800 Τ
337 2751 369 2801 ὸ
402 2749 459 2802 δὲ
485 2749 599 2818 φῶς
628 2752 685 2803 ὲν
711 2752 852 2819 φωτὶ
884 2751 1097 2817 πάντως
1130 2758 1277 2808 ποιεῖ
1303 2756 1510 2822 ἐκεῖνα,
1543 2751 1624 2820 οἷς
1650 2760 1769 2810 ὲπι-

160 2842 426 2912 φέρεται.
447 2842 521 2895 Τὸ
536 2843 593 2896 δὲ
616 2842 759 2915 ὕδωρ
774 2837 817 2912 ᾧ
841 2845 901 2897 τὸ
929 2847 1146 2917 πνεῦμα
1171 2847 1264 2901 τοῦ
1285 2847 1421 2903 Θεοῦ
1446 2849 1766 2921 ἐπεφέρετο,

158 2934 299 2986 ἄλλο
347 2951 407 2986 τι
463 2935 617 3005 παρά
649 2937 747 3007 τὴν
804 2939 1097 3008 κατωφερῆ
1138 2938 1344 3011 ταύτην
1377 2941 1485 2994 τῶν
1526 2941 1767 3011 ρευστῶν

160 3028 390 3081 ὑδάτων
430 3029 593 3096 φύσιν
640 3029 807 3094 ἐστὶν,
840 3030 868 3082 ὃ
890 3029 967 3099 τῷ
1003 3029 1344 3102 περεὼματι
1368 3032 1504 3105 πρὸς
1536 3034 1595 3086 τὸ
1627 3032 1764 3104 βαρύ

156 3139 222 3174 τε
268 3124 371 3175 καὶ
418 3123 733 3193 κατωφερὲς
769 3122 910 3194 ὕδωρ
960 3124 1365 3195 διατειχίζεται.
1415 3126 1478 3178 Et
1517 3127 1572 3179 δὲ
1624 3127 1764 3197 ὕδωρ

160 3214 405 3266 κάκεῖνο
441 3212 593 3283 παρὰ
646 3213 743 3283 τῆς
778 3214 1002 3284 Γραφῆς
1051 3214 1408 3284 ὀνομάζεται,
1545 3216 1633 3269 διὰ
1665 3215 1764 3285 τῆς

1949 2484 2189 2555 Spiritus
2229 2493 2406 2540 autem
2435 2484 2529 2540 Dei
2569 2500 2632 2539 ea
2667 2498 2834 2554 super
2863 2500 2984 2555 quas
3020 2482 3212 2549 fertur,
3254 2486 3458 2542 similia

1877 2573 2008 2628 facit
2038 2574 2105 2628 iis
2134 2589 2256 2644 quae
2285 2574 2339 2628 in
2376 2574 2497 2629 luce
2532 2585 2684 2631 sunt.
2717 2574 3082 2641 Quamobrem
3119 2592 3260 2647 aqua
3295 2593 3463 2647 super

1874 2683 2037 2739 quam
2069 2667 2163 2722 Dei
2212 2668 2440 2737 spiritus
2476 2667 2772 2732 ferebatur,
2815 2648 2881 2723 in‘
2906 2670 3026 2724 luce
3054 2678 3172 2725 erat
3206 2673 3457 2738 omnino,

1872 2770 1927 2816 et
1962 2775 1992 2815 a
2020 2760 2261 2815 tenebris
2293 2768 2547 2829 separata
2570 2800 2584 2823 ,
2618 2768 2672 2815 et
2711 2760 2831 2815 ideo
2867 2762 2943 2816 illi
2976 2778 3083 2816 nun
3118 2769 3238 2816 erat
3268 2778 3411 2833 opus
3442 2806 3459 2830 ,

1871 2867 1997 2906 cum
2030 2854 2085 2906 in
2117 2852 2361 2907 tenebris
2391 2867 2498 2905 non
2530 2860 2709 2919 esset,
2742 2859 2801 2906 ut
2829 2853 3222 2909 illustraretur.
3251 2855 3384 2921 Qua:
3412 2855 3460 2911 si

1870 2950 2021 2999 recte
2055 2942 2408 2998 considerata
2443 2950 2604 3008 sunt,
2643 2959 2785 3011 aqua
2822 2943 3111 3013 profecto,
3146 2961 3311 3015 super
3341 2962 3453 3017 qua

1873 3034 2150 3090 ferebatur
2221 3034 2455 3104 spiritus
2510 3033 2647 3100 Dei,
2697 3036 2914 3091 diversa
2965 3044 3050 3090 est
3103 3038 3172 3093 ab
3220 3040 3453 3095 istarum

1868 3141 2135 3197 aquarum
2167 3134 2397 3191 natura,
2452 3142 2575 3197 qum
2626 3127 2884 3181 deorsum
2920 3126 3133 3193 fluunt,
3177 3138 3230 3187 et
3272 3132 3459 3185 ﬁrma-

1871 3225 2056 3272 mento
2086 3217 2156 3271 ab
2192 3232 2335 3287 aqua
2370 3218 2524 3288 gravi
2560 3226 2615 3273 et
2650 3217 2715 3271 ad
2759 3218 3019 3274 inferiora
3062 3221 3324 3277 tendente
3368 3237 3458 3279 se-

159 3306 520 3376 ὑψηλοτέρας
564 3304 795 3374 θεωρίας
832 3306 893 3357 τὸ
929 3304 1038 3358 τῶν
1064 3306 1270 3377 νοητῶν
1311 3307 1593 3377 δυνάμεων
1625 3306 1761 3377 πλή-

1873 3306 2135 3378 iungitur.
2190 3307 2347 3374 Quod
2396 3320 2579 3363 autem
2630 3308 2685 3362 in
2724 3306 3007 3379 Scriptura
3041 3319 3271 3366 vocetur
3315 3327 3458 3382 aqua

160 3417 333 3468 ρωμα
372 3398 733 3467 σημαίνεσθαι
768 3398 1159 3470 στοχαζόμεθα,
1198 3400 1488 3466 ξενιζέσθω
1540 3400 1626 3453 διὰ
1669 3402 1767 3471 τῆς

156 3491 495 3562 ὁμωνυμίας
548 3490 752 3560 μηδείς.
803 3492 912 3544 Καὶ
942 3491 1052 3563 γὰρ
1095 3492 1192 3545 καὶ
1223 3493 1252 3544 ὁ
1297 3493 1429 3556 Θεὸς
1476 3492 1587 3564 πῦρ
1636 3510 1768 3546 κατ-

158 3584 467 3636 αναλίσκον
495 3583 663 3642 ἐστὶν,
712 3582 847 3635 ἀλλά
882 3582 1176 3652 καθαρεύει
1208 3584 1309 3654 τῇς
1361 3583 1551 3655 ὑλικῆς
1582 3602 1764 3655 σημα-

156 3675 287 3737 σίας
323 3673 424 3725 τοῦ
453 3671 625 3742 πυρὸς
655 3674 684 3725 6
728 3672 907 3741 λόγος.
962 3673 1172 3741 Ὥσπερ
1202 3669 1294 3726 οὖν
1345 3674 1436 3727 τὸν
1484 3673 1619 3728 Θεὸν
1654 3673 1766 3746 πῦρ

158 3764 361 3837 μαθὼν
383 3759 550 3828 εἷναι,
580 3763 706 3817 ἄλλο
736 3780 789 3816 τι
820 3764 982 3818 αὑτὸν
1017 3764 1172 3835 παρά
1193 3764 1253 3816 τὸ
1290 3763 1403 3835 πῦρ
1431 3764 1588 3817 τοῦτο
1607 3766 1763 3834 ἐνόη-

154 3875 261 3921 σας
294 3874 311 3887 ο
344 3855 498 3909 οὕτω
526 3856 620 3909 καὶ
666 3853 808 3926 ὕδωρ
855 3855 984 3926 θείῳ
1039 3854 1312 3925 πνεύματι
1363 3855 1764 3926 ἐπιφερόμενον

149 3951 461 4023 διδαχθεὶς,
501 3950 574 4022 μὴ
614 3948 710 4021 τὴν
755 3942 1052 4020 κατωφερῆ
1103 3949 1264 4018 φύσιν
1301 3950 1501 4023 νοήσῃς
1539 3949 1635 4019 τὴν
1687 3950 1766 4011 εἰς

148 4048 262 4117 γῆν
297 4045 749 4117 καταρρέουσαν.
805 4044 881 4096 Τὸ
916 4044 1026 4115 γὰρ
1075 4041 1293 4113 πνεῦμα
1333 4043 1428 4096 τοῦ
1476 4042 1612 4095 Θεοῦ
1653 4045 1766 4105 τοῖς

149 4137 475 4207 χθαμαλοῖς
526 4152 585 4187 τε
640 4135 735 4187 καὶ
771 4134 1023 4197 ἀστάτοις
1046 4134 1145 4186 οὑκ
1176 4133 1520 4206 ἐπιφέρεται.
1550 4133 1762 4187 Οὐκοῦν

142 4229 226 4291 ὡς
255 4228 328 4282 ἂν
376 4226 763 4298 φανερώτερον
794 4227 926 4297 ἡμῖν
972 4225 1339 4297 ἑκκαλυφθείη
1364 4225 1424 4278 τὸ
1452 4225 1650 4295 νόημα,
1677 4223 1766 4277 διὰ

1869 3401 2035 3453 etiam
2070 3400 2162 3453 illa
2186 3440 2200 3463 ,
2234 3414 2341 3468 qua
2388 3401 2695 3455 sublimiori
2738 3403 3205 3473 contemplatione
3246 3405 3459 3459 divina-

1872 3506 1992 3544 rum
2045 3490 2312 3545 mentium
2360 3482 2644 3559 plenitudo
2701 3492 3065 3562 signiﬁcatur,
3116 3512 3185 3550 ne
3228 3496 3352 3566 quis
3404 3496 3461 3551 id

1871 3582 2149 3649 alienum,
2204 3593 2298 3637 aut
2352 3599 2553 3638 novum
2602 3593 2775 3654 putet.
2828 3585 2963 3639 Nam
3012 3594 3066 3641 et
3113 3586 3258 3643 Deus
3314 3588 3459 3659 ignis

1868 3689 2204 3731 consumens
2238 3683 2321 3730 est
2354 3678 2423 3739 ",
2459 3683 2702 3730 attamen
2734 3677 2803 3731 ab
2839 3677 2983 3746 ignis
3016 3681 3246 3734 materia
3280 3695 3456 3749 purus

1868 3765 2212 3838 intelligitur.
2234 3766 2706 3831 Quemadmodum
2734 3768 2922 3837 igitur,
2950 3784 3073 3822 cum
3098 3770 3257 3824 audis
3284 3770 3454 3825 Deum

1865 3872 1989 3912 esse
2031 3857 2240 3927 ignem,
2279 3858 2430 3912 aliud
2461 3858 2721 3928 quiddam
2765 3861 2834 3916 ab
2864 3861 2971 3917 isto
3005 3862 3129 3933 igne
3164 3862 3452 3918 diversum

1867 3965 1991 4006 esse
2019 3951 2173 4005 illum
2217 3952 2470 4021 cegitas:
2512 3951 2595 4006 sic
2640 3952 2805 4006 etiam
2850 3969 2973 4007 cum
3006 3954 3195 4009 divino
3236 3954 3456 4025 spiritui

1868 4058 2065 4114 aquam
2095 4044 2399 4113 subjectum
2430 4044 2626 4108 discis,
2654 4060 2724 4099 ne
2760 4054 2918 4116 putes
2956 4048 3104 4101 illam
3138 4063 3262 4103 esse
3294 4048 3456 4102 istam

1867 4152 1987 4206 quae
2016 4135 2275 4193 inferiora
2306 4145 2497 4205 petens
2530 4137 2584 4189 iu
2621 4145 2822 4191 terram
2861 4138 3001 4193 ﬁuit.
3038 4137 3174 4193 Nam
3226 4140 3457 4209 spiritus

1867 4226 1964 4282 Dei
2024 4242 2190 4295 super
2251 4227 2485 4281 terrenis
2541 4228 2664 4281 istis
2717 4236 2885 4297 atque
2935 4231 3288 4287 instabilibus
3343 4247 3455 4288 non

146 4319 472 4391 συντομίας
520 4318 611 4372 τὸν
641 4316 766 4371 νοῦν
810 4317 921 4371 τῶν
962 4319 1270 4390 εἰρημένων
1321 4314 1761 4386 ἀναληψὼμεθα·

141 4413 235 4466 ὅτι
258 4413 330 4465 τὸ
372 4410 668 4481 στερέωμα
706 4409 736 4462 ὃ
762 4409 1041 4480 ἐπεκλήθη
1091 4409 1342 4478 οὐρανὸς,
1383 4408 1633 4480 μεθόριον
1662 4410 1765 4478 τῆς

137 4501 437 4573 αίσθητῆς
474 4501 594 4552 ἐστι
644 4499 895 4563 κτίσεως,
928 4499 991 4552 τὸ
1026 4499 1079 4552 δὲ
1107 4498 1203 4552 ἀπ’
1234 4497 1466 4561 ἐκείνου,
1491 4499 1655 4572 νοητή
1682 4516 1765 4563 τις

1873 4502 2015 4573 quod
2046 4509 2301 4556 vocatum
2325 4510 2412 4557 est
2441 4502 2642 4557 ctelum
2668 4541 2682 4567 ,
2707 4502 2982 4559 terminus
3009 4514 3094 4560 est
3122 4521 3304 4560 rerum
3333 4523 3456 4578 quae

136 4593 475 4664 διαδέχεται
505 4592 699 4655 κτίσις,
738 4591 795 4644 ὲν
823 4584 858 4664 ᾖ
899 4591 1000 4644 οὐκ
1024 4588 1193 4655 εἶδος,
1218 4590 1280 4642 ού
1330 4588 1580 4659 μέγεθος,
1604 4590 1703 4659 οὐχ
1729 4590 1762 4660 ἡ

1873 4595 2125 4652 sensibus
2158 4593 2740 4662 comprehenduntur:
2779 4588 2928 4665 quod
2961 4595 3105 4650 ultra
3139 4596 3294 4651 illum
3338 4607 3450 4654 ter-

142 4688 248 4740 ἑπὶ
287 4688 474 4738 τόπου
516 4682 773 4750 θέσις,οὑ
817 4682 879 4736 τὸ
924 4684 989 4736 ὲκ
1021 4682 1408 4754 διαστημάτων
1456 4681 1759 4753 μέτρον,οὑ

1873 4686 2076 4740 minum
2113 4692 2228 4749 est,
2281 4685 2335 4738 id
2375 4700 2465 4740 res
2515 4684 2621 4738 illae
2659 4701 2783 4756 qua:
2823 4694 3005 4743 mente
3044 4688 3453 4760 percipiuntur,

137 4778 392 4851 χρῶμα,
415 4775 480 4828 οὑ
515 4774 720 4845 σχῆμα,
770 4774 829 4826 ού
868 4773 1191 4845 πηλικότης,
1243 4774 1344 4827 οὑκ
1392 4772 1521 4826 ἄλλο
1558 4790 1612 4825 τι
1651 4772 1760 4825 τῶν

1873 4781 2192 4851 excipiunt,
2241 4779 2296 4833 in
2335 4779 2537 4850 quibus
2575 4796 2678 4835 nec,
2708 4782 2924 4850 species
2951 4790 3073 4847 est,
3107 4797 3210 4839 nec
3240 4784 3451 4856 magni-

138 4874 258 4927 ὑπὸ
287 4871 397 4924 τὸν
425 4868 656 4940 οὐρανὸν
685 4865 1076 4936 θεωρουμένων
1116 4864 1290 4921 οὐδέν.
1325 4865 1437 4919 Καί
1471 4881 1537 4935 με
1573 4863 1761 4936 μηδεὶς

1873 4872 2037 4934 tudo,
2085 4885 2187 4925 nec
2231 4870 2373 4925 situs
2420 4870 2475 4924 in
2521 4870 2673 4934 loco,
2702 4886 2805 4925 nec
2839 4872 3112 4927 intervalli
3146 4888 3414 4929 mensura
3435 4914 3452 4938 .

138 4962 473 5019 ὑπονοείτω
501 4959 590 5013 διὰ
629 4958 729 5029 τῆς
759 4957 1119 5031 τροπολογίας
1152 4956 1415 5028 σύγχυσιν
1436 4957 1664 5025 ἐπάγειν
1690 4959 1756 5029 τῇ

1873 4980 1969 5020 nec
2018 4964 2191 5031 color,
2232 4979 2337 5019 nec
2383 4965 2590 5036 ﬁgura,
2641 4978 2743 5019 nec
2772 4967 3091 5034 quantitas,
3143 4980 3247 5021 nec
3289 4964 3452 5034 quid-

140 5055 378 5126 θεωρίᾳ.
430 5051 534 5124 τῆς
575 5051 796 5116 λέξεως,
850 5049 928 5115 ὡς
970 5052 1092 5114 ταῖς
1150 5049 1428 5112 ὑπονοίαις
1489 5049 1597 5102 τῶν
1654 5049 1761 5120 πρὸ

1873 5072 2030 5128 quam
2077 5056 2223 5112 aliud
2260 5072 2451 5112 eorum
2486 5071 2609 5127 quae
2645 5056 2751 5113 sub
2786 5058 2929 5112 caelo
2962 5064 3290 5113 cernuntur.
3340 5055 3456 5112 Nec

139 5146 322 5217 ἡμῶν
379 5143 451 5197 τὰ
488 5141 716 5196 τοιαῦτα
760 5141 1184 5213 τεθεωρηκότων
1241 5139 1638 5213 συμφέρεσθαι,
1665 5140 1761 5195 καὶ

1873 5147 2165 5217 quisquam
2195 5146 2517 5212 arbitretur,
2544 5160 2647 5203 nos
2679 5146 2974 5202 verborum
3010 5146 3448 5217 interpretationi

140 5239 345 5307 λέγειν
378 5255 394 5268 ·
430 5235 532 5301 τὰς
570 5234 668 5304 μὲν
698 5224 1066 5296 ἀποσέατικὰς
1094 5232 1372 5303 δυνάμεις,
1408 5231 1645 5287 ἄϐυσσον
1673 5232 1759 5286 λέ-

1873 5253 1935 5294 ex
1969 5241 2070 5292 hac
2105 5238 2299 5293 morali
2329 5237 2675 5309 expositione
2698 5236 3087 5294 confusionem
3133 5236 3356 5304 atferre,
3389 5243 3452 5292 ut

142 5330 363 5399 γεσθαι
384 5346 402 5362 ·
424 5329 520 5382 τὸν
544 5328 602 5381 δὲ
630 5327 1053 5398 κοσμοκράτορα
1074 5325 1169 5381 τοῦ
1193 5325 1447 5390 σκότους,
1482 5326 1545 5380 τὸ
1574 5326 1760 5381 ἐπάνω

1873 5330 2226 5401 epinionibus
2257 5345 2449 5385 eorum
2485 5330 2580 5400 qui
2610 5337 2740 5387 ante
2770 5346 2872 5386 nos
2902 5328 3246 5399 interpretati
3278 5339 3447 5395 sunt,

144 5422 257 5491 τῆς
290 5419 547 5483 ἀβύσσου
584 5417 825 5472 νοεῖσθαι
877 5417 1086 5483 σκότος.
1118 5420 1346 5488 Μήποτε
1375 5416 1518 5472 οὑτω
1576 5435 1758 5489 παρα-

1873 5423 2147 5479 faveamus
2173 5464 2188 5488 ,
2219 5423 2585 5493 dicamusque
2626 5429 2932 5493 potestates
2957 5422 3080 5477 illas
3127 5437 3251 5491 quae
3294 5420 3448 5478 defe-

144 5515 515 5585 νομὴσαιμι,
548 5512 626 5576 ὡς
686 5514 901 5583 ποίημα
933 5512 1069 5566 Θεοῦ
1114 5514 1214 5587 τὴν
1272 5512 1470 5567 κακίαν
1515 5513 1706 5586 νοῆσαι
1742 5532 1756 5547 ο

1873 5522 2065 5569 nerunt
2084 5553 2101 5580 ,
2132 5515 2394 5587 abyssum
2423 5514 2569 5571 dici:
2598 5514 2906 5586 principem
2932 5528 3065 5569 vero
3094 5513 3449 5570 tenebrarum

150 5603 357 5672 σαφῶς
381 5604 628 5667 εἰπόντος
657 5604 753 5656 ἐπὶ
801 5602 1099 5673 κεφαλαίου
1138 5602 1231 5658 τοῦ
1278 5603 1425 5657 θείου
1459 5603 1642 5674 λόγου,
1676 5604 1760 5658 ὅτι

1873 5606 2097 5677 intelligi
2128 5607 2385 5663 tenebras
2416 5606 2540 5663 illas
2560 5645 2576 5671 ,
2611 5621 2734 5677 quae
2762 5621 2930 5677 super
2957 5606 3220 5677 abyssum
3266 5613 3448 5663 erant.

159 5709 180 5744 ι
222 5694 345 5748 Καὶ
406 5689 543 5749 εἶδεν
587 5697 618 5749 ὁ
671 5694 810 5758 Θεὸς
859 5695 927 5747 τὰ
973 5696 1156 5750 πάντα
1196 5696 1300 5749 ὅσα
1344 5695 1619 5767 ἐποίησεν,
1666 5696 1761 5749 καὶ

1873 5696 2162 5769 Nunquam
2190 5699 2335 5755 enim
2363 5699 2441 5754 ita
2473 5696 2766 5755 delirarem
2793 5739 2809 5766 ,
2846 5705 2906 5754 ut
2941 5714 3031 5755 res
3062 5714 3092 5754 a
3124 5696 3236 5755 Deo
3272 5694 3448 5761 factas

1866 4317 2058 4373 fertur.
2092 4316 2291 4372 Verqu
2312 4357 2326 4379 ,
2362 4325 2419 4370 ut
2451 4317 2655 4372 clarior
2689 4320 2849 4374 nobis
2885 4319 2972 4375 hic
3004 4336 3217 4376 sensus-
3235 4332 3453 4392 pateat,

1865 4411 2102 4466 breviter
2114 4416 2425 4479 repetamus
2450 4424 2513 4464 ea
2528 4424 2650 4480 quae
2666 4410 2810 4465 dicta
2826 4420 2976 4465 sunt.
2995 4410 3452 4480 Firmamentum,

237 5867 284 5903 ³⁵
323 5870 529 5943 Gen.t,
572 5874 626 5929 Ξ.
710 5875 756 5906 ὀ
796 5871 1014 5940 Joan.l,
1053 5876 1106 5930 9.
1187 5876 1229 5905 “
1271 5871 1476 5940 I_Tim.
1522 5890 1595 5943 vi,
1640 5874 1726 5931 16.
1804 5878 1849 5911 ²²
1890 5873 2042 5933 Deut.
2101 5892 2174 5944 iv,
2215 5877 2321 5947 24;
2362 5874 2537 5932 llebr.‘
2572 5889 2673 5942 xu,
2716 5875 2806 5933 29.
