3880 6368
491 425 564 485 85
1761 429 1820 486 S.
1853 430 2183 489 GREGORII
2218 432 2513 494 NYSSENI
3693 429 3761 487 δι

494 548 672 605 malas
701 561 826 605 esse
859 549 1113 606 ducerem
1135 590 1150 615 ,
1184 563 1309 607 cum
1343 548 1637 621 perspicue
1661 565 1933 609 summam
1965 555 2078 611 col-

2191 556 2295 610 l6ob
2343 555 2414 610 τὰ
2446 556 2624 610 πάντα
2662 553 2805 608 καλά
2841 552 2982 607 λίαν.
3022 569 3043 605 ι
3075 550 3141 606 Ei
3172 550 3231 605 δὲ
3273 550 3455 605 πάντα
3482 546 3631 604 καλὰ
3666 550 3766 603 ὃσα

495 640 675 710 ligens
700 641 884 696 divina
914 641 1201 712 Scriptura
1230 642 1382 698 dicat
1401 648 1457 705 :ft
1485 642 1553 697 Et
1585 642 1723 699 vidit
1756 642 1902 700 Deus
1935 659 2077 700 cun—

497 742 584 788 cta
620 749 740 803 qua:
774 733 1021 801 fecerat,
1050 743 1105 791 et
1131 745 1291 789 erant
1332 735 1493 791 valde
1519 736 1664 791 bona
1691 735 1759 789 “.
1791 755 1811 787 ›
1832 736 1992 802 Quod
2028 738 2073 794 si

494 840 834 895 qmecunque
871 824 1016 880 Deus
1050 826 1180 881 fecit
1214 834 1344 881 sunt
1376 827 1551 891 bona,
1586 826 1820 897 abyssus
1854 837 2034 882 autem
2055 866 2073 893 ,

491 931 721 986 qumque
754 915 826 975 ad
860 917 1009 972 illam
1043 916 1355 989 pertinent,
1390 932 1420 971 a
1455 933 1687 973 numero
1718 933 1908 974 eorum
1955 934 2079 989 quae

496 1004 643 1060 facta
676 1014 808 1063 sunt
839 1021 869 1059 a
904 1007 1051 1072 Deo,
1088 1022 1201 1063 non
1228 1008 1601 1063 excluduntur
1627 1028 1640 1063 :
1679 1015 1734 1063 et
1761 1008 1878 1063 haec
1908 1010 2078 1079 igitur

493 1098 552 1151 in
581 1097 776 1156 ordine
805 1114 907 1154 suo
934 1099 1116 1166 bona,
1156 1100 1323 1156 etiam
1369 1099 1606 1170 abyssus
1637 1100 1757 1170 ipsa
1778 1139 1793 1166 ,
1823 1099 1954 1155 licet
1984 1100 2077 1153 lux

493 1190 661 1246 rebus
687 1192 853 1245 insita
883 1192 1133 1250 nondum
1163 1194 1314 1247 circa
1366 1194 1517 1253 illam
1565 1192 1898 1263 splenderet.
1939 1191 2079 1247 Pro-

494 1285 623 1341 inde
652 1300 776 1341 cum
804 1286 860 1340 in
889 1284 1175 1356 Scriptura
1223 1287 1484 1358 abyssum
1517 1286 1717 1349 audio,
1763 1285 2077 1340 multitudi-

497 1394 620 1433 nem
665 1393 931 1448 aquarum
977 1378 1279 1447 signiﬁcari
1327 1378 1475 1433 dico.
1531 1376 1622 1432 Sic
1652 1377 1801 1433 enim
1840 1378 1895 1431 in
1929 1377 2080 1447 psal-

496 1468 606 1523 mis
632 1484 850 1539 quoque
880 1468 1247 1524 describitur:
1287 1488 1305 1521 ι
1326 1469 1681 1523 Conturbata:
1711 1478 1840 1523 sunt
1866 1468 2077 1539 abyssi,

498 1556 796 1616 multitudo
840 1561 1055 1624 sonitus
1103 1575 1372 1631 aquarum
1405 1561 1472 1614 “.
1510 1579 1528 1612 ι
1561 1559 1842 1614 Tenebras
1892 1568 2078 1615 autem

497 1652 649 1706 circa
714 1652 863 1706 illam
918 1652 1190 1718 audiens,
1239 1653 1347 1707 vim
1400 1650 1715 1706 illustrandi
1770 1650 1826 1704 in
1886 1664 2077 1704 rerum

500 1743 861 1798 universitate
881 1744 1045 1800 sitam
1069 1743 1315 1805 nondum
1331 1743 1572 1803 eluxisse
1603 1743 1870 1812 intelligo.
1899 1742 2080 1812 Aqua-

498 1850 624 1893 rum
653 1850 781 1889 vero
807 1836 1207 1905 separationem
1239 1850 1335 1905 per
1370 1836 1774 1893 ﬁrmamentum
1806 1848 2079 1891 conseru-

500 1935 611 1981 tam
645 1926 865 1983 discens
899 1943 930 1982 a
963 1926 1285 1997 Scriptura,
1333 1926 1471 1982 nihil
1511 1926 1850 1992 absurdum,
1902 1932 1999 1978 aut
2046 1939 2077 1977 a

497 2020 742 2077 nominis
782 2020 1183 2092 signiﬁcatione
1208 2020 1447 2075 alienum
1481 2019 1612 2081 mihi
1659 2019 1841 2074 facere
1866 2020 2079 2083 videor,

498 2108 547 2167 si
599 2109 899 2164 discrimen
946 2110 1089 2165 inter
1116 2124 1304 2163 earum
1347 2117 1578 2164 naturas
1618 2109 1962 2179 intelligam,
2006 2118 2083 2163 at-

496 2216 605 2269 que
649 2215 821 2275 unum
867 2215 1041 2271 genus
1096 2199 1315 2253 illarum
1358 2214 1579 2257 sursum
1630 2198 1891 2262 tendere,
1942 2198 2083 2253 nihil

501 2290 794 2360 gravitatis
858 2290 1099 2355 habere,
1164 2299 1219 2346 et
1281 2290 1461 2360 ignem
1522 2290 1744 2345 levitate
1813 2303 2080 2360 superare

500 2383 637 2436 mihi
682 2383 1043 2454 persuadeam
1069 2422 1084 2446 ,
1135 2382 1272 2437 adeo
1315 2393 1376 2436 ut
1417 2397 1586 2453 supra
1636 2389 1893 2436 naturam
1946 2382 2081 2435 cali-

499 2476 627 2530 dam
684 2490 947 2538 manens,
993 2475 1141 2531 illius
1196 2464 1435 2546 subjecti.
1490 2490 1592 2529 nec
1647 2482 1799 2528 motu
1860 2473 2085 2528 convel-

500 2569 666 2632 latur,
702 2582 804 2622 nec
837 2567 1031 2621 ardore
1078 2567 1133 2620 in
1173 2566 1451 2622 diversum
1493 2565 1740 2621 ordinem
1783 2573 2088 2620 commute-

498 2670 611 2722 tur,
645 2658 741 2714 sed
772 2658 884 2729 igni
912 2657 1349 2719 subtercurrcnti
1372 2657 1583 2720 nullum
1616 2657 1683 2711 ad
1713 2670 1774 2711 se
1796 2669 2084 2710 accessum

500 2752 752 2824 praebens
772 2791 789 2818 ,
822 2752 1096 2821 integrum
1129 2757 1367 2805 maneat.
1400 2747 1688 2816 Quomodo
1719 2748 1867 2803 enim
1890 2788 1903 2813 ,
1938 2746 2084 2818 quod

500 2844 732 2900 materia
770 2852 952 2907 caret,
987 2850 1039 2897 ei
1074 2858 1134 2898 se
1171 2840 1354 2897 locum
1388 2840 1801 2906 accommodet,
1832 2838 1981 2910 quod
2018 2854 2086 2894 ex

502 2937 735 2995 materia
765 2935 1027 2991 constat?
1057 2933 1308 2990 Alterum
1350 2941 1532 2987 autem
1583 2933 1718 2987 illud
1756 2947 1881 2988 esse
1924 2932 2085 3002 cujus

418 3062 429 3075 τ
504 3037 761 3085 naturam
810 3035 867 3083 et
911 3027 1120 3091 oculis,
1173 3036 1227 3081 et
1265 3034 1466 3097 gustu,
1517 3033 1571 3080 et
1611 3033 1758 3080 tactu
1799 3025 2086 3095 cognosci-

504 3137 649 3179 mus.
683 3121 815 3188 Quae
850 3125 996 3176 enim
1039 3121 1163 3183 hic,
1198 3127 1252 3175 et
1291 3119 1551 3174 deorsum
1597 3118 1771 3171 fertur
1812 3131 1990 3186 aqua,
2033 3125 2087 3170 et

506 3215 784 3284 perlucida
815 3214 1080 3277 cernitur,
1111 3220 1167 3268 et
1194 3220 1357 3283 gustu
1390 3211 1753 3282 dignoscitur,
1788 3225 1909 3265 eam
1932 3250 1947 3273 ,
1981 3224 2081 3264 na—
2109 3222 2154 3280 ο

507 3319 629 3363 tura
661 3307 781 3376 ejus
812 3313 1096 3376 perspecta
1124 3313 1179 3358 et
1206 3304 1424 3375 cognita
1446 3346 1460 3370 ,
1498 3303 1565 3358 ad
1595 3302 1758 3356 aliam
1808 3302 2089 3358 notionem

506 3398 809 3454 transferre
840 3412 948 3451 nou
976 3397 1244 3467 cogimur.

581 3498 646 3548 At
673 3510 797 3566 quae
830 3494 942 3548 illic
972 3507 1113 3562 aqua
1142 3491 1364 3555 dicitur,
1396 3505 1522 3544 cum
1553 3503 1655 3544 nec
1692 3490 1959 3554 videatur,
1990 3506 2089 3546 nec

507 3590 639 3643 ﬂuat
661 3628 676 3653 ,
705 3602 807 3642 nec
833 3586 958 3641 ullis
991 3600 1218 3655 prorsus
1248 3582 1520 3652 ejusmodi
1553 3582 1803 3638 terminis
1835 3598 2090 3637 coercea-

506 3689 620 3742 μιν,
662 3676 865 3747 quibus
903 3681 1099 3729 natura
1139 3671 1365 3726 humida
1405 3672 1741 3738 continetur,
1789 3672 1883 3727 sed
1937 3683 2089 3727 extra

507 3767 688 3821 locum
732 3765 805 3820 sit
833 3773 886 3819 et
916 3777 1115 3833 expers
1149 3760 1395 3815 omnium
1426 3760 1751 3829 qualitatum
1776 3802 1791 3826 ,
1832 3777 1954 3831 qua)
1987 3763 2090 3817 sub

507 3872 727 3913 sensum
787 3854 1024 3916 cadunt,
1078 3853 1127 3907 si
1203 3867 1371 3922 super
1420 3852 1540 3921 ipsa
1591 3850 1799 3906 feratur
1859 3853 2089 3922 spiritus

504 3946 638 4012 Dei,
691 3953 745 4000 et
786 3960 953 4014 supra
1005 3944 1177 3997 cados
1215 3957 1338 3997 esse
1390 3942 1671 4007 credatur,
1726 3950 1782 3996 et
1830 3944 2090 3999 omnibus

506 4052 630 4107 qua:
668 4051 835 4091 sensu
866 4038 1297 4102 cognoscuntur,
1333 4030 1590 4099 superior
1620 4030 1724 4093 sit,
1759 4034 1855 4101 qui
1903 4046 2012 4085 non
2059 4047 2089 4085 a

507 4126 788 4183 communi
822 4140 964 4195 aqua
994 4124 1269 4181 diversam
1316 4130 1505 4193 putet,
1558 4132 1924 4192 naturamque
1963 4139 2090 4178 scn«

508 4220 664 4274 sibus
707 4233 816 4271 non
851 4217 1183 4279 obnoxiam,
1224 4213 1319 4269 sed
1370 4213 1556 4268 animo
1600 4230 1665 4268 ac
1700 4225 1880 4270 mente
1912 4215 2087 4271 solum

508 4309 962 4380 comprehensam
1010 4306 1321 4372 existimet,
1373 4304 1519 4359 inter
1544 4320 1642 4360 eos
1666 4345 1681 4371 ,
1709 4305 1805 4375 qui
1839 4305 2091 4373 judicare

509 4408 777 4473 possunt,
825 4399 1066 4454 arbitror
1105 4412 1229 4454 esse
1269 4395 1564 4450 nemiuem.
1608 4393 1745 4451 Nam
1782 4408 1841 4449 ut
1883 4411 1951 4450 ex
1993 4413 2089 4451 su-

509 4495 723 4566 periore
759 4491 1123 4561 iisputatioue
1145 4487 1556 4553 conclusimus,
1606 4487 1872 4556 quidquid
1904 4502 2089 4544 move-

2178 647 2435 717 ἐποίησεν
2458 647 2488 699 ό
2533 646 2687 711 Θεὸς,
2715 648 2749 716 ἠ
2781 645 2839 701 δὲ
2885 643 3122 707 άόυσσος
3173 642 3270 697 καὶ
3298 642 3370 696 τὰ
3409 642 3545 713 περὶ
3589 640 3765 710 αὐτὴν

2177 738 2278 791 οὐκ
2307 737 2413 803 ἔξω
2437 736 2547 790 τῶν
2584 736 2738 807 παρὰ
2784 734 2878 789 τοῦ
2912 734 3046 788 Θεοῦ
3076 733 3379 803 γεγονότων
3423 731 3575 785 ἐστίν
3610 748 3626 762 ·
3654 730 3764 802 ἄρα

2179 830 2322 884 καλὰ
2366 830 2460 883 καὶ
2499 827 2678 882 ταῦτα
2701 827 2782 897 τῷ
2832 827 2945 897 ἰδίῳ
2967 826 3133 895 λόγῳ,
3170 824 3276 879 κᾶν
3297 824 3539 886 ἄϐυσσος
3566 818 3628 897 ᾖ,
3659 823 3765 875 κᾶν

2181 923 2350 993 μήπω
2390 921 2520 992 περὶ
2564 920 2737 991 αὐτὴν
2781 919 2973 989 λάμπῃ
3016 918 3077 970 τὸ
3105 920 3219 978 τοίς
3260 912 3411 971 οὖσιν
3444 914 3768 984 ἐγκείμενον

2180 1013 2315 1083 φῶς.
2358 1012 2569 1067 Οὐκοῦν
2608 1011 2844 1066 ἄϐυσσον
2878 1010 2976 1080 μὲν
3012 1008 3163 1080 παρὰ
3194 1007 3297 1077 τῆς
3329 1006 3554 1077 Γραφῆς
3595 1004 3765 1058 ἀκού-

2181 1119 2300 1167 σας,
2332 1102 2392 1155 τὸ
2421 1100 2625 1173 πλῆθος
2649 1100 2759 1154 τῶν
2781 1100 2987 1154 ὑδάτων
3017 1096 3381 1169 σημαίνεσθαι
3411 1095 3577 1163 λέγω.
3608 1092 3768 1148 Οὕτω

2179 1197 2290 1265 γὰρ
2325 1193 2492 1265 αὐτὴν
2528 1194 2624 1248 καὶ
2660 1194 2695 1263 ἡ
2728 1190 3017 1262 ψαλμωδία
3050 1189 3291 1261 ὁρίζεται
3312 1186 3569 1255 λέγουσα·
3600 1206 3620 1236 ε
3643 1185 3791 1244 Ἑτα-

2187 1286 2467 1359 ράχθησαν
2525 1286 2582 1349 at
2645 1281 2895 1346 ἀσυσσοι,
2935 1278 3138 1349 πλῆθος
3170 1278 3336 1347 ἧχους
3374 1275 3608 1329 ὑδάτων⁸
3654 1291 3675 1325 ι
3709 1272 3771 1324 τὺ

2179 1373 2236 1427 δὲ
2264 1372 2393 1444 περὶ
2434 1371 2606 1442 αὐτὴν
2649 1372 2839 1434 σκότος
2873 1370 3134 1434 ἀκούσας,
3156 1368 3218 1421 τὸ
3248 1370 3421 1437 μήπω
3459 1363 3768 1435 πεφηνέναι

2178 1462 2277 1534 τὴν
2328 1460 2659 1532 φωτιστικὴν
2691 1460 2918 1530 δύναμιν
2963 1458 3061 1530 τὴν
3110 1456 3436 1527 ὲγκειμένην
3481 1456 3550 1525 τῇ
3605 1451 3771 1521 φύσει

2179 1556 2287 1610 τῶν
2314 1555 2483 1609 ὄντων
2508 1553 2728 1625 ἐνόησα.
2752 1551 3042 1623 Χωρισμὺν
3065 1551 3123 1604 δὲ
3145 1550 3371 1609 ὑδάτων,
3393 1546 3483 1600 διὰ
3521 1544 3619 1599 τοῦ
3652 1560 3772 1597 στε-

2184 1647 2464 1720 ρεώματος
2485 1645 2747 1716 γεγονότα
2777 1644 2927 1715 παρὰ
2954 1642 3056 1712 τῆς
3085 1640 3309 1713 Γραφῆς
3345 1636 3769 1706 διδασκόμενος,

2180 1740 2281 1797 οὐκ
2305 1739 2410 1809 ἔξω
2456 1755 2546 1809 μοι
2578 1735 2720 1789 δοκῶ
2749 1734 2842 1788 τοῦ
2890 1733 3099 1796 εἰκότος
3132 1733 3326 1793 ποιεῖν,
3367 1729 3462 1782 καὶ
3506 1728 3612 1797 τῆς
3646 1727 3770 1780 κατ’

2180 1832 2351 1900 ὄνομα
2398 1828 2696 1898 σημασίας,
2734 1826 2828 1878 ἐπὶ
2869 1824 2964 1879 τοῦ
3013 1823 3203 1886 ὓδατος
3235 1819 3515 1893 χωρισμὸν
3546 1817 3771 1876 ιννοῶν.

2182 1923 2323 1977 ὥστε
2370 1921 2626 1991 διάφορον
2658 1918 2919 1989 ἑκατέρου
2965 1916 3065 1988 τὴν
3116 1914 3277 1984 φύσιν
3306 1911 3517 1966 οἴεσθαι
3551 1911 3654 1964 καὶ
3678 1924 3775 1961 1::-

2184 2011 2405 2069 πεῖσθαι
2425 2029 2438 2043 ·
2479 2011 2539 2064 τὸ
2568 2010 2666 2081 μὲν
2699 2007 2979 2079 ἀνωφερὲς
3006 2023 3067 2059 τε
3107 2007 3202 2060 καὶ
3232 2004 3437 2075 κοῦφον
3473 1997 3642 2065 εἶναι,
3678 1999 3777 2053 καὶ

2183 2107 2282 2175 τῆς
2304 2103 2634 2172 κουφότητος
2662 2099 2757 2153 τοῦ
2799 2099 2969 2170 πυρὸς
2995 2097 3355 2167 ἐλαφρότερον
3386 2113 3404 2129 ο
3434 2093 3579 2146 ὥστε
3600 2093 3774 2161 ὑπερ-

2184 2197 2297 2255 άνω
2325 2195 2422 2265 τῆς
2450 2191 2658 2264 θερμῆς
2704 2190 2890 2252 οὐσίας
2939 2187 3131 2258 μένον,
3166 2186 3302 2255 μήτε
3333 2185 3399 2253 τῇ
3434 2182 3655 2252 κινήσει
3680 2178 3777 2232 τοῦ

2186 2282 2547 2354 ὑποκειμένου
2599 2275 3118 2350 σιιμμετατίθεσθαι,
3174 2275 3312 2345 μήτε
3362 2274 3429 2342 τῇ
3471 2268 3779 2340 θερμότητι

2185 2376 2324 2448 πρὸς
2377 2373 2668 2429 ἀντίπαλον
2694 2371 2845 2438 τάξιν
2879 2364 3378 2430 ἀποκαθίστασθαι,
3407 2362 3525 2417 ἀλλ’
3553 2360 3693 2414 αὐτό
3720 2376 3780 2412 τε

2190 2468 2372 2539 μένειν
2398 2465 2682 2537 ἀμείωτον,
2710 2462 2790 2533 τῷ
2837 2478 2897 2520 τε
2931 2454 3281 2531 ὐποτρέχοντι
3332 2456 3467 2526 πυρὶ
3499 2450 3781 2524 μηδεμίαν

2186 2561 2253 2615 δι’
2283 2557 2476 2613 ἑαυτοῦ
2502 2556 2735 2627 πάροδον
2768 2555 2885 2625 ὲᾷν.
2910 2551 3035 2613 Πῶς
3066 2549 3177 2619 γὰρ
3210 2548 3277 2602 ἂν
3305 2547 3471 2609 τόπος
3495 2544 3577 2615 τῷ
3605 2542 3783 2613 ὐλικῷ

2186 2655 2248 2708 τὸ
2281 2653 2443 2708 ἆῦλον
2471 2651 2680 2719 γένοιτο
2704 2666 2719 2714 ;
2743 2648 2816 2701 Τὸ
2843 2646 2900 2699 δὲ
2946 2645 3133 2717 ἕτερον
3159 2642 3303 2712 ὐδωρ
3331 2638 3491 2692 τοῦτο
3516 2633 3690 2702 εἶναι,
3719 2630 3782 2688 οὗ

2185 2746 2285 2818 τὴν
2316 2744 2477 2814 φύσιν
2505 2741 2597 2795 καὶ
2626 2735 2889 2809 ὀφθαλμῷ
2932 2734 3028 2791 καὶ
3070 2735 3180 2803 άφῇ
3218 2731 3311 2785 καὶ
3358 2728 3549 2798 γεύσει
3577 2726 3778 2818 γνωρί-

2187 2816 2373 2907 ζομεν.
2409 2836 2475 2886 Ὃ
2514 2833 2622 2902 γὰρ
2655 2832 2749 2884 καὶ
2787 2829 2935 2883 κάτω
2991 2826 3238 2897 φέρεται,
3262 2823 3355 2878 καὶ
3399 2819 3592 2883 διειδὲς
3648 2816 3782 2872 καθ-

2186 2929 2403 3000 ορᾶται,
2429 2924 2524 2977 καὶ
2543 2925 2610 2993 τῇ
2635 2919 2823 2989 γεύσει
2851 2914 3301 2986 γινώσκεται,διὰ
3329 2913 3430 2983 τῆς
3448 2909 3782 2980 ἐγκειμένης

2188 3018 2494 3086 ποιότητος,
2509 3012 2665 3066 τοῦτο
2688 3011 2824 3081 πρὸς
2844 3009 3010 3080 ἄλλην
3030 3007 3153 3061 τινὰ
3184 3004 3515 3077 μεταφέρειν
3545 3002 3785 3065 ἔννοιαν,

2190 3114 2225 3183 ἡ
2260 3109 2352 3163 τοῦ
2392 3104 2794 3178 γνωριζομένου
2843 3100 3002 3171 φύσις
3052 3100 3155 3154 οὐκ
3207 3094 3531 3165 ἀναγκάζει.

2223 3475 2429 3532 Ἐκεῖνο
2445 3468 2540 3541 μέν
2565 3483 2647 3520 τοι
2664 3462 3022 3531 τὸλεγόμενον
3042 3458 3207 3529 ὕδωρ,
3221 3456 3252 3509 ὃ
3269 3455 3404 3526 μήτε
3420 3453 3621 3524 ὁρᾶται
3644 3451 3787 3519 μήτε

2193 3571 2296 3639 ῥεῖ,
2322 3565 2459 3635 μήτε
2471 3560 2581 3615 τισὶ
2607 3556 2917 3628 περιέχεται
2936 3553 3092 3615 ὅλως,
3119 3544 3198 3613 οἷς
3215 3550 3248 3615 ἡ
3269 3544 3413 3617 ὐγρὰ
3428 3546 3644 3639 πέφυκε
3665 3544 3788 3639 δια-

2191 3632 2509 3731 κρατεῖσθαι
2534 3654 2716 3720 φύσις,
2750 3647 2864 3700 ἀλλ’
2892 3643 2997 3709 ἔξω
3040 3642 3139 3714 μὲν
3170 3641 3337 3694 τόπου
3368 3637 3541 3699 ἐστὶν,
3576 3632 3789 3705 ἀμιγὲς

2189 3727 2246 3809 δέ
2273 3752 2452 3820 πάσης
2479 3747 2576 3817 τῆς
2608 3743 2725 3798 κατ’
2752 3739 3004 3809 αἴσθησιν
3030 3730 3437 3805 γνωριζομένης
3468 3727 3786 3820 ποιότητος,

2189 3847 2289 3900 οὐκ
2326 3845 2391 3899 ἄν
2412 3818 2542 3893 τινα
2576 3833 2729 3907 οἶμαι
2755 3832 2861 3885 τῶν
2896 3829 3100 3900 κρίνειν
3138 3821 3588 3892 ὲπεσκεμμένων,
3610 3818 3707 3872 διά
3727 3833 3786 3870 τε

2191 3939 2253 3993 τὸ
2282 3929 2650 4003 ὑποφέρεσθαι
2682 3924 2760 3995 τῷ
2808 3921 3078 3991 πνεύματι
3124 3916 3217 3973 τοῦ
3259 3913 3417 3978 Θεοῦ,
3447 3912 3540 3966 καὶ
3587 3910 3681 3964 διὰ
3726 3907 3791 3963 τὸ

2193 4000 2606 4094 ὑπεράνωτὼν
2652 4012 2896 4084 οὐρανῶν
2928 4006 3068 4063 εἶναι
3114 4004 3410 4067 πιστεύειν,
3453 4001 3550 4056 καὶ
3583 4001 3680 4055 διὰ
3727 4000 3788 4053 τὸ

2194 4093 2413 4171 πάντων
2470 4111 2578 4165 τῶν
2632 4109 2698 4162 δι’
2756 4103 3060 4175 αἰσθήσεως
3114 4095 3535 4168 γινωσκομένων
3599 4093 3789 4164 μένειν

2192 4209 2478 4279 ἐξώτερον,
2508 4204 2582 4275 μὴ
2631 4200 2759 4255 ἄλλο
2802 4215 2855 4250 τι
2903 4194 3053 4265 παρὰ
3085 4192 3145 4245 τὸ
3182 4189 3359 4245 κοινὸν
3401 4188 3609 4279 ἐννοεῖν
3637 4184 3787 4257 ὕδωρ

2193 4301 2330 4372 πρὸς
2362 4278 2457 4368 τὴν
2503 4292 2696 4365 νοητὴν
2740 4288 2926 4343 οὐσίαν
2959 4287 3078 4348 ταῖς
3124 4281 3402 4372 ὑπονοίαις
3449 4278 3785 4372 φερόμενον.

2192 4366 2366 4445 Τοῦτο
2389 4366 2497 4455 γὰρ
2516 4385 2583 4437 ὲκ
2603 4380 2711 4435 τῶν
2738 4373 3120 4447 ἐξητασμένων
3147 4367 3651 4438 ὐπενοήσαμεν,ὅτι
3677 4366 3791 4418 πᾶν

2193 4483 2254 4536 τὸ
2285 4477 2598 4547 κινούμενον
2628 4471 2775 4533 ἐντὸς
2794 4468 2893 4539 τῆς
2915 4465 3113 4536 νοητῆς
3137 4461 3351 4532 φύσεως
3381 4457 3789 4530 περιείργεται,

511 4551 623 4653 iur,
674 4601 703 4638 a
741 4590 940 4638 natura
966 4621 982 4645 ,
1026 4581 1150 4650 quae
1180 4586 1363 4637 mente
1396 4578 1513 4633 sola
1548 4578 1870 4647 percipitur,
1907 4581 2087 4634 exclu-

2199 4574 2295 4628 καὶ⁵
2319 4571 2447 4641 περὶ
2484 4565 2645 4621 ἑαυτὸ
2676 4564 2775 4634 τὴν
2809 4557 3154 4631 ἀναστροφὴν
3189 4556 3321 4626 ἔχει.
3360 4553 3524 4622 Ὄρος
3575 4551 3634 4653 6.},
3676 4554 3791 4616 τοῖς

513 4696 637 4737 sum
683 4687 797 4740 est,
848 4683 905 4730 et
953 4674 1099 4728 circa
1143 4673 1386 4741 seipsum
1434 4671 1849 4726 conversionem
1906 4671 2091 4727 habet.

513 4771 719 4827 Natura
748 4784 878 4824 vero
906 4768 1152 4822 locorum
1188 4764 1382 4834 spatiis
1415 4763 1707 4819 terminata
1728 4804 1744 4828 ,
1780 4764 1944 4818 rebus
1974 4781 2095 4834 qua:

506 4870 810 4921 moventur
835 4857 971 4913 lines
1004 4855 1326 4919 constituit,
1358 4855 1504 4909 ultra
1533 4869 1672 4922 quos
1708 4861 1901 4907 natura
1922 4892 1937 4913 ,
1980 4855 2098 4909 sola

506 4950 881 5022 intelligentia
916 4947 1316 5017 comprehensa
1337 4983 1353 5009 ,
1387 4946 1669 5013 nullisque
1715 4944 1959 4998 locorum
2007 4953 2101 4998 aut

515 5043 938 5102 intervallorum
1004 5038 1443 5110 proprietatibus
1503 5035 1744 5091 obnoxia
1801 5036 2098 5105 reperitur.

519 5140 850 5208 Supremum
886 5134 1051 5205 igitur
1089 5138 1302 5185 natura:
1333 5128 1555 5184 sensilis
1597 5126 1915 5188 terminum,
1948 5134 2104 5181 extra

517 5246 680 5300 quem
720 5227 856 5283 nihil
891 5225 998 5280 tale
1042 5231 1148 5285 est,
1181 5221 1362 5291 qualia
1395 5228 1524 5274 sunt
1555 5232 1618 5273 ea
1651 5232 1771 5287 quae
1800 5216 2102 5289 cernimus,

518 5320 849 5377 ﬁrmamenti
898 5317 1122 5372 nomine
1165 5311 1433 5369 declarari
1481 5310 1738 5372 dicimus,
1774 5307 2101 5362 sententiam

520 5424 766 5467 nostram
811 5410 1101 5479 Scriptura
1149 5405 1333 5461 verbis
1373 5404 1482 5456 illis
1522 5400 1933 5470 approbante“
1963 5398 2107 5452 Divi-

524 5508 596 5558 sit
629 5502 774 5558 Deus
808 5505 952 5559 inter
996 5514 1222 5570 aquam,
1266 5511 1390 5566 qua:
1436 5501 1555 5548 erat
1605 5491 1709 5546 sub
1743 5489 2106 5551 ﬁrmamento,

526 5604 582 5647 et
610 5607 807 5660 aquam
834 5609 956 5661 qua:
979 5599 1099 5647 erat
1134 5604 1302 5658 super
1329 5586 1727 5639 ﬁrmamentum
1752 5582 1817 5634 ³⁵.
1848 5599 1866 5631 ι
1917 5578 1992 5633 Ex
2024 5581 2107 5637 his

527 5688 694 5739 etiam
725 5689 893 5750 patet,
935 5698 1005 5736 ne
1038 5682 1197 5736 initio
1226 5678 1447 5747 quidem
1481 5675 1620 5728 hanc
1652 5688 1777 5725 cum
1814 5671 1904 5724 illa
1936 5670 2106 5724 fuisse

611 5855 659 5897 ³³
695 5857 834 5910 Gen.
886 5872 924 5915 ι.
974 5854 1060 5909 51.

2202 4663 2535 4733 κινουμένοις
2553 4657 2614 4711 τὸ
2639 4657 2810 4727 πέρας
2835 4653 2932 4722 τῆς
2945 4647 3380 4720 διαστηματικῆς
3402 4645 3520 4696 ἐστι
3540 4641 3789 4711 φύσεως,

2206 4756 2323 4829 μεθ’
2339 4755 2368 4807 ὃ
2382 4750 2595 4822 καθαρὰ
2619 4748 2728 4802 τῶν
2744 4742 2981 4800 τοπικῶν
3000 4760 3059 4796 τε
3076 4741 3370 4808 καὶδιαστη
3380 4735 3629 4808 ματικῶν
3655 4737 3794 4788 ἰδιω-

2204 4826 2391 4921 μάτων
2419 4840 2784 4914 εὐρίσκεταιὴ
2826 4836 2990 4905 νοητή
3029 4851 3090 4887 τε
3116 4833 3210 4886 καὶ
3244 4830 3567 4890 άδιάστατος
3598 4826 3789 4921 φύσις.

2202 4911 2276 4993 ἱῙ¹ὸ
2299 4932 2392 4990 οὖν
2420 4911 2717 5005 ἀκρότατον
2748 4929 2919 4999 πέρας
2942 4926 3040 4996 τῆς
3063 4924 3329 4994 αἰσθητῆς
3362 4920 3573 4982 οὐσίας,
3609 4911 3673 4970 οὗ
3707 4917 3770 4969 τὺ

2201 5028 2459 5083 ἐπέκεινα
2486 5022 2637 5077 οὐδὲν
2667 5018 2907 5074 τοιοῦτόν
2937 5019 3110 5083 ἐστιν,
3136 5012 3248 5069 οἷον
3281 5016 3341 5066 ὲν
3372 5013 3488 5073 τοῖς
3520 5007 3795 5078 φαινομέ-

2203 5142 2314 5187 νοις
2343 5119 2690 5190 γινώσκεται,
2730 5114 2888 5169 τοῦτό
2920 5128 3101 5182 φαμεν
3140 5107 3217 5177 τῷ
3258 5105 3485 5175 ὀνόματι
3532 5098 3794 5170 παραδη-

2205 5211 2429 5266 λούσθαι
2456 5208 2548 5263 τοῦ
2575 5205 2973 5279 στερεώματος.
3008 5199 3334 5272 βεϐαιούσης
3363 5196 3494 5266 ἡμῖν
3517 5191 3624 5260 τῆς
3644 5190 3794 5261 Γρα-

2207 5306 2315 5374 φῆς
2344 5303 2442 5372 τὴν
2467 5301 2742 5363 ὑπόνοιαν,
2771 5298 2807 5368 ἦ
2832 5312 2997 5366 φησιν
3018 5311 3033 5325 '
3057 5314 3077 5346 ι
3120 5291 3231 5346 Καὶ
3258 5288 3578 5360 διεχώρισεν
3606 5288 3636 5339 ὁ
3661 5285 3798 5346 Θεὸς

2207 5394 2314 5450 ἀνὰ
2349 5391 2512 5462 μέσον
2539 5390 2635 5443 τοῦ
2681 5389 2873 5451 ὓδατος
2921 5387 2950 5440 ὃ
2987 5382 3055 5456 ἦν
3100 5384 3360 5438 ὑποκάτω
3399 5378 3495 5432 τοῦ
3547 5375 3796 5448 στερεώ-

2210 5499 2409 5557 ματος,
2458 5483 2552 5536 καὶ
2591 5482 2684 5536 τοῦ
2718 5481 2912 5542 ὓδατος
2959 5479 2989 5532 ὃ
3028 5474 3097 5548 ἦν
3126 5474 3314 5529 ἐπάνω
3342 5471 3436 5525 τοῦ
3465 5468 3796 5541 περεώμα-

2208 5593 2320 5637 τος.
2348 5594 2366 5625 ι
2405 5574 2687 5627 Δείκνυται
2716 5572 2826 5643 γὰρ
2848 5571 2936 5625 διὰ
2969 5569 3199 5631 τούτων,
3225 5568 3308 5620 ὅτι
3333 5563 3455 5618 οὐδὲ
3487 5562 3591 5633 τὴν
3619 5558 3798 5631 ἀρχὴν

2215 5667 2585 5739 κατεκέκρατο
2610 5664 2770 5719 τοῦτο
2812 5662 2949 5734 πρὸς
2979 5662 3161 5715 ἐκεῖνο
3191 5658 3254 5715 τὸ
3286 5658 3455 5729 ὕδωρ,
3485 5654 3605 5709 ἀλλ’
3641 5655 3703 5708 ὲν
3733 5651 3801 5724 τῇ

1141 5852 1345 5907 “Psal.
1383 5866 1565 5913 Lxul,
1609 5848 1691 5909 l'i,
1742 5849 1819 5901 18.
1900 5846 1942 5875 ¹“
1983 5844 2118 5899 GC"-
2159 5860 2197 5908 ι,
2242 5845 2295 5898 7-
