3880 6370
160 441 218 498 85

160 554 250 608 τῶν
269 547 532 620 ὀνομάτων
560 544 841 617 κοινωνίᾳ,
869 542 1099 616 ἄμικτος
1135 536 1206 613 ἦν
1234 543 1268 614 ἡ
1304 541 1489 612 φύσις,
1526 544 1586 595 ἐν
1612 540 1692 610 τῷ
1720 544 1766 600 Α

162 643 308 696 ιίπε⁷ν
329 678 343 703 ,
374 638 468 708 οὑχ
491 637 575 690 ὃτι
626 635 871 705 Ἐγένετο
909 633 1166 688 ὑποκάτω
1185 672 1199 697 ,
1227 632 1263 703 ἢ
1289 628 1398 685 Ἦν
1438 631 1694 702 ὑπεράνω

162 728 237 784 τοῦ
270 726 660 799 περεὼματοςο
691 725 783 780 καὶ
811 726 839 779 ὃ
862 720 932 797 ἦν
959 724 1220 779 ὑποκάτω
1253 722 1348 777 τοῦ
1381 721 1697 794 στερεώμα-

163 835 253 882 τος,
289 816 406 871 ἄλλο
432 833 483 869 τι
513 816 699 870 ἐπάνω
725 811 812 887 ἦν.
861 816 924 868 Et
956 814 1013 868 δὲ
1036 814 1098 867 τὸ
1139 815 1239 885 μὲν
1269 812 1431 878 εὐθὺς
1459 814 1517 867 ὲν
1548 811 1697 883 ζόφῳ

165 908 274 978 πρδς
305 908 393 977 τὴν
419 906 568 960 κάτω
600 906 747 960 θέσιν
775 905 1190 978 ἀπεωρισμένον
1222 906 1336 959 ἐστί
1360 919 1374 934 ·
1419 903 1483 958 τὸ
1514 904 1573 957 δὲ
1599 904 1697 957 οὑκ

168 1000 213 1050 ὲν
238 997 393 1068 ζόφῳο
435 999 490 1052 ἐν
515 997 658 1066 φωτὶ
683 995 791 1066 γάρ
830 996 1048 1060 πάντως
1076 996 1194 1049 ἐστὶ
1226 996 1288 1049 τὸ
1327 998 1385 1049 ἐν
1428 995 1697 1066 πνεύματι

167 1085 294 1153 θεοῦ,
322 1088 408 1140 καὶ
429 1086 519 1140 τοῦ
542 1085 706 1157 ζόφου
730 1085 1080 1159 κεχώρισται,
1107 1086 1223 1157 ἅμα
1246 1087 1303 1141 δὲ
1331 1087 1423 1140 καὶ
1444 1087 1698 1158 ὑπεράνω

166 1172 221 1245 ἦν
244 1176 327 1230 τοὺ
346 1176 743 1247 ἀναδειχθέντος
773 1176 977 1248 μεταξὺ
1015 1175 1398 1248 στερεώματος
1419 1216 1434 1239 ,
1460 1177 1699 1249 κρινάτω

165 1268 190 1319 6
214 1266 404 1330 συνετὸς
433 1266 724 1337 ἀκροατὴς,
757 1266 812 1319 ετ
832 1284 883 1320 τι
915 1266 1016 1338 τῆς
1042 1266 1360 1339 πρεπούσης
1377 1267 1700 1339 ὑπολήψεως

169 1360 192 1409 6
216 1358 347 1425 λόγος
376 1357 526 1428 ἡμῶν
558 1359 616 1411 ὲν
638 1360 752 1421 τοῖς
777 1359 1089 1433 εἰρημένοις
1112 1360 1582 1431 παρεστοχάσατο.
1619 1360 1700 1413 Τὰ

173 1450 254 1519 μὲν
296 1446 378 1504 οὖν
423 1451 550 1521 περὶ
596 1449 698 1520 τῆς
738 1450 960 1521 πρώτης
1008 1450 1117 1505 τῶν
1168 1451 1338 1505 ὅντων
1387 1453 1700 1514 συστάσεως

171 1541 278 1608 ἡμῖν
305 1541 685 1611 ὑπονοηθέντα,
722 1543 818 1595 καὶ
851 1540 970 1606 πῶς
1010 1544 1068 1596 ὲν
1099 1545 1165 1614 τῇ
1215 1542 1442 1613 δυνάμει
1479 1544 1579 1613 τῆς
1608 1544 1700 1596 οὑ-

174 1630 270 1693 σίας
295 1632 350 1684 οὑ
375 1631 676 1704 δευτερεύει
700 1632 760 1686 τὸ
789 1633 904 1703 φῶς
930 1632 1041 1687 τῶν
1068 1633 1241 1688 ὄντων
1261 1673 1274 1699 ,
1313 1636 1418 1688 κᾶν
1452 1637 1484 1708 ἠ
1510 1634 1699 1706 Γραφὴ

174 1720 258 1790 πρὸ
277 1719 357 1774 τοῦ
377 1722 548 1791 φωτὸς
584 1722 919 1794 ἱστορεῖσθαι
951 1723 1013 1777 τὸ
1041 1724 1232 1788 σκότος
1262 1724 1445 1790 λέγει,
1479 1725 1574 1777 καὶ
1598 1725 1701 1778 ὅσοι

174 1811 379 1880 περὶτοῦ
404 1813 783 1883 περεώματος
809 1814 1179 1886 στοχαστικῶς
1198 1817 1451 1886 ὲνενοήσα
1461 1834 1580 1887 μεν,
1606 1817 1701 1870 καὶ

175 1904 381 1974 περὶτῆς
405 1904 507 1958 τῶν
539 1905 749 1960 ὑδάτων
780 1883 1063 1979 διαφορᾶς,
1095 1899 1170 1960 ὧν
1215 1908 1249 1977 ἡ
1290 1883 1614 1978 φύσιςνπρδς
1643 1906 1701 1969 τὸ
1738 1883 1777 1937 Β

173 1995 443 2066 κατωφερές
469 2013 526 2050 τε
554 1997 649 2050 καὶ
678 1996 883 2066 κοῦφον
918 1998 1298 2070 μεμερισμένη
1317 2039 1331 2062 ,
1365 1998 1466 2062 τὰς
1503 1998 1703 2052 καταλ-

170 2082 331 2151 ὶήλους
347 2087 469 2156 ἡμῖν
493 2088 616 2159 περὶ
638 2088 903 2160 ἑκατέρου
931 2088 1039 2142 τῶν
1062 2089 1367 2160 ὁμωνύμως
1396 2089 1701 2160 λεγομένων

172 2172 386 2238 ὑπονοίας
439 2177 701 2250 ἐντίθησι,
764 2178 937 2233 ταῦτα
987 2180 1080 2234 καὶ
1130 2181 1199 2235 τὰ
1249 2180 1473 2236 τοιαῦτα
1529 2181 1698 2234 ἐστίν.

177 2264 362 2336 Ἐπειδὴ
379 2265 431 2320 δὲ
450 2264 700 2338 διεκρίθη
731 2268 828 2336 μὲν
856 2268 951 2321 ἀπ’
977 2267 1218 2339 ἀλλήλων
1238 2269 1306 2322 τά
1333 2268 1520 2333 ὕδατα,
1553 2268 1622 2322 τά
1641 2284 1701 2321 τε

170 2353 382 2426 ὁρώμενα
401 2358 489 2412 καὶ
520 2359 589 2412 τά
611 2358 903 2429 νοούμενα,
941 2360 1035 2414 καὶ¹
1065 2360 1227 2430 μέσος
1252 2361 1377 2432 ὄρος
1405 2360 1699 2430 ἀπεδείχθη

169 2446 249 2516 τῆς
267 2446 440 2520 διπλῆς
466 2448 572 2503 τῶν
602 2449 818 2504 ὑδάτων
847 2449 1061 2519 φύσεως
1082 2448 1110 2503 6
1138 2451 1384 2520 οὐρανὸς,
1413 2453 1439 2503 6
1467 2452 1523 2504 ὲν
1556 2451 1699 2523 ἀρχῇ

172 2537 254 2606 μὲν
280 2540 589 2611 γεγενῆσθαι
629 2540 767 2612 μετά
797 2540 897 2612 τῆς
925 2542 1029 2612 γῆς
1067 2543 1162 2597 καὶ
1184 2542 1401 2596 πάντων
1432 2540 1543 2594 τῶν
1568 2540 1703 2611 πρὸς

168 2630 249 2699 τὴν
274 2631 591 2705 κατασκευὴν
633 2632 727 2686 τοῦ
764 2633 968 2705 κόσμου
998 2632 1445 2703 καταϐληθέντων
1474 2631 1702 2702 λεγόμε-

171 2737 262 2784 νος,
281 2724 385 2777 νυνὶ
402 2724 456 2778 δὲ
481 2725 793 2788 τελειωθείς
822 2742 880 2778 τε
913 2725 1005 2778 καὶ
1036 2724 1355 2796 ὀνομασθεὶς
1390 2727 1446 2777 ἐν
1473 2726 1538 2794 τῇ
1572 2725 1703 2777 άνοι-

170 2810 303 2877 δείξει
326 2814 411 2868 τοῦ
453 2813 834 2887 περεὼματος
866 2814 960 2868 τοῦ
999 2814 1086 2869 διά
1114 2816 1212 2886 τῆς
1242 2814 1580 2886 περιδρομῆς
1606 2814 1701 2866 τοῦ

172 2904 314 2973 πυρὸς
335 2905 666 2976 ὁρισθέντος,
694 2906 789 2960 καὶ
831 2907 864 2976 ὴ
902 2906 1130 2978 δευτέρα
1160 2904 1253 2959 τοῦ
1294 2908 1471 2976 φωτὸς
1508 2907 1703 2961 κυκλο-

172 2995 322 3067 φορία,
353 2997 506 3051 πάλιν
533 2998 595 3051 τὸ
645 2998 1001 3068 ὑποκείμενον
1040 2998 1144 3052 ἀνά
1182 2997 1346 3069 μέρος
1384 2998 1703 3053 ὲπεσκότισέ

171 3103 218 3138 τε
257 3088 337 3141 καὶ
384 3088 670 3159 ἐφώτισεν.
710 3090 885 3161 Ὅπερ
936 3090 1031 3143 καὶ
1079 3090 1371 3160 ὠνομάσθη
1418 3090 1557 3145 κατὰ
1604 3090 1702 3163 τὴν

171 3178 505 3249 προλαϐοῦσαν
536 3180 881 3246 ἀκολουθίαν,
931 3181 1024 3234 καὶ
1072 3181 1228 3234 τοῦτο
1270 3181 1471 3253 ἡμέρα.
1517 3183 1706 3251 Ἀναγ-
1731 3217 1774 3277 C

173 3272 314 3334 nim;
352 3273 405 3325 δὲ
436 3275 529 3328 καὶ
571 3273 885 3337 ἀκολούθως
931 3274 1026 3327 καὶ
1058 3274 1090 3344 ἡ
1134 3273 1229 3326 τοῦ
1271 3272 1506 3345 ἀριθμοῦ
1542 3275 1704 3345 φύσις

171 3363 444 3436 συνεισῆλθε
471 3369 537 3439 τῇ
581 3365 782 3421 κτίσει.
828 3365 990 3420 Οὐδὲν
1034 3365 1145 3435 γὰρ
1177 3364 1361 3436 ἔτερόν
1400 3368 1548 3420 ἐστιν
1587 3369 1707 3439 ἀρι-

172 3452 302 3524 θμὸς,
325 3458 371 3509 εί
398 3458 469 3530 μὴ
499 3457 746 3529 μονάδων
772 3455 1035 3520 σύνθεσις.
1070 3457 1185 3510 Πᾶν
1208 3456 1263 3509 δὲ
1286 3456 1344 3509 τὸ
1372 3457 1707 3533 διωρισμένη

170 3545 258 3598 τινὶ
295 3550 599 3621 περιγραφῇ
659 3546 1067 3619 θεωρούμενον,
1132 3548 1301 3619 μονὰς
1355 3549 1704 3618 ὀνομάζεται.

182 3635 310 3691 Ἐπεὶ
338 3635 423 3693 οὑν
463 3638 809 3710 πανταχόθεν
836 3641 864 3693 6
886 3639 1083 3702 κύκλος
1113 3639 1435 3710 άνελλειπής
1471 3642 1619 3695 ἐστιν
1651 3641 1708 3694 ἐν

170 3726 321 3799 ἐαυτῷ
343 3730 653 3801 ὁριζόμενος
677 3744 689 3759 ’
716 3728 896 3793 καλῶς
922 3732 950 3783 6
974 3729 1131 3798 λόγος
1164 3730 1221 3783 ἒν
1248 3748 1302 3785 τι
1339 3730 1589 3803 ὠνόμασε
1612 3731 1710 3805 τὴν

172 3819 383 3886 μίαντοῦ
410 3820 611 3875 κύκλου
645 3819 912 3891 περίοδον,
935 3821 1103 3874 εἰπών
1126 3839 1139 3852 ·
1170 3840 1188 3872 ι
1226 3822 1473 3891 Ἐγένετο
1501 3822 1729 3893 ἑσπέρα,

172 3902 249 3954 καὶ
270 3904 470 3972 ἐγένετο
502 3904 656 3977 πρωῒ
680 3904 1005 3977 ἡμέραρμία·
1046 3924 1064 3957 ι
1100 3906 1193 3960 καὶ
1227 3906 1389 3960 πάλιν
1417 3908 1514 3978 τὴν
1546 3907 1711 3979 ἄλλην

169 3994 394 4062 ὡσαύτως
420 3998 497 4053 ἓν.
529 3996 758 4060 Συνθεὶς
784 3997 840 4050 δὲ
870 3998 1175 4071 ἀμφότερα,
1213 3998 1307 4055 δύο
1331 4000 1573 4069 ἐποίησε.
1603 3999 1714 4052 Καὶ

168 4081 315 4149 οὕτως
343 4089 369 4141 6
397 4087 553 4157 λόγος
582 4088 686 4159 τὴν
723 4086 817 4141 τοῦ
848 4086 1084 4159 ἀριθμοῦ
1119 4089 1336 4157 γένεσιν
1364 4092 1476 4154 τοῖς
1505 4091 1715 4162 μορίοις

169 4177 405 4247 συνήγαγε
437 4180 537 4250 τῆς
578 4176 846 4241 κτίσεως,
881 4180 981 4251 τὴν
1029 4179 1349 4234 ἀκολουθίαν
1382 4184 1480 4253 τῆς
1507 4182 1716 4248 τάξεως

154 4269 259 4341 ,τοῖς
285 4268 498 4339 ὀνόμασι
525 4267 627 4322 τοῦ
658 4267 899 4340 ἀριθμοῦ
928 4270 1337 4342 σημειούμενος.
1365 4291 1385 4324 ι
1420 4272 1665 4342 Ἐγένετο
1693 4295 1711 4327 ι

165 4357 273 4427 γάρ,
303 4362 478 4432 φησὶν,
514 4379 535 4412 ι
577 4360 805 4437 ἑσπέρα,
836 4362 928 4415 καὶ
967 4362 1181 4431 ἐγένετο
1217 4363 1362 4436 πρωῒ
1394 4365 1573 4439 ἡμέρα
1595 4367 1718 4421 δευ-

166 4450 295 4523 τέρα.
329 4472 350 4506 ι

1309 429 1380 484 ΙΝ
1412 424 1890 484 HEXAEMERON
1923 423 2146 481 LIBER.

3296 415 3366 471 86

1796 537 2109 601 confusam,
2157 533 2253 592 sed
2287 547 2414 589 cum
2460 537 2610 589 esset
2636 530 2859 589 nomine
2899 529 3218 603 conjuncta,
3258 530 3373 583 nul«

1798 630 1903 685 lam
1934 637 2118 684 tamen
2166 626 2431 681 habuisse
2466 632 2679 678 natura:
2716 621 3150 693 permistionem.
3189 618 3375 689 Neque

1794 723 1940 775 enim
1962 721 2198 775 dicitur:
2231 717 2359 772 Erat
2388 717 2579 773 subter
2611 724 2706 769 aut
2738 728 2905 783 supra
2936 714 3373 773 ﬁrmamentum.

1797 813 1894 869 sed
1938 812 2054 866 llaec
2087 818 2206 866 erat
2235 810 2342 867 sub
2386 809 2749 868 ﬁrmamento,
2784 804 2877 860 illa
2920 811 3040 861 erat
3078 818 3242 873 supra
3284 803 3374 855 ﬁr-

1797 911 2153 957 mamentum.
2190 900 2346 967 Quod
2370 902 2416 956 si
2456 914 2564 954 una
2593 898 2778 954 statim
2818 897 2875 953 in
2911 896 3171 959 tenebris,
3205 895 3377 949 altera

1799 1007 2026 1062 prorsus
2070 992 2126 1045 in
2180 992 2301 1046 luce
2339 998 2393 1045 ct
2440 1005 2470 1043 a
2525 988 2769 1043 tenebris
2807 987 3079 1056 sejuncta,
3119 985 3375 1039 nimirum

1800 1082 1891 1137 illa
1916 1097 2082 1152 super
2103 1095 2212 1152 qua
2251 1080 2499 1150 spiritus,
2543 1094 2663 1147 qua:
2690 1077 2854 1133 simul
2880 1077 3045 1132 etiam
3075 1074 3179 1128 fuit
3211 1089 3375 1143 supra

1802 1174 2222 1239 ﬁrmamentum,
2254 1171 2401 1243 quod
2433 1171 2779 1239 interjcetum
2807 1176 2912 1233 cst,
2960 1184 3081 1239 qua:
3102 1168 3169 1224 de
3193 1182 3374 1221 rerum

1801 1265 2176 1321 universitatis
2216 1263 2611 1337 constitutione
2644 1260 3095 1332 excogitavimus,
3152 1266 3204 1312 et
3235 1272 3377 1327 quo~

1802 1357 1964 1412 modo
1996 1356 2050 1410 in
2082 1364 2295 1411 natura:
2324 1354 2569 1426 potentia
2601 1346 2835 1425 reliquis
2859 1353 3024 1407 rebus
3054 1351 3144 1403 lux
3178 1365 3285 1403 non
3308 1350 3380 1403 sit

1801 1451 2100 1523 posterior,
2157 1451 2285 1504 licet
2339 1449 2627 1519 Scriptura
2681 1450 2940 1503 tenebras
2989 1445 3141 1517 prius
3217 1458 3380 1513 quam

1802 1544 1978 1597 lucem
2017 1548 2429 1608 commemoret,
2463 1555 2695 1609 quaeque
2723 1538 2791 1593 de
2814 1539 3158 1592 ﬁrmamento
3188 1535 3384 1606 proba-

1801 1633 1985 1690 biliter
2027 1632 2331 1696 attulimus,
2371 1638 2425 1686 et
2466 1631 2535 1685 de
2571 1644 2837 1701 aquarum
2892 1627 3217 1693 diﬁ'crentia,
3264 1639 3385 1694 quae

1802 1726 1925 1781 illas
1972 1724 2214 1780 nominis
2264 1722 2653 1778 communione
2700 1720 3024 1790 coniunctas
3064 1719 3121 1773 in
3165 1731 3384 1787 gravem

1804 1818 2093 1887 levemque
2140 1815 2412 1879 dividens,
2456 1813 2707 1869 diversas
2754 1812 2822 1867 de
2872 1818 3101 1881 utraque
3143 1810 3384 1878 ipsarum

1805 1908 2094 1978 opiniones
2142 1904 2340 1973 aﬁ‘ert;
2398 1904 2514 1959 haec
2568 1912 2623 1958 et
2666 1902 2754 1958 bis
2805 1901 3007 1957 similia
3060 1906 3233 1955 sunt:
3268 1913 3389 1968 qua:

1805 2006 1988 2053 utrum
2027 2004 2175 2051 recta
2211 2004 2266 2051 et
2309 1993 2693 2050 convenientia
2727 1992 2861 2057 sint,
2895 1991 3107 2060 judicet
3148 1989 3389 2059 prudens

1804 2089 2041 2144 auditor.
2077 2086 2444 2157 Posteaquam
2480 2086 2668 2156 igitur,
2705 2099 2828 2154 quae
2858 2090 3163 2138 cernuntur
3208 2094 3386 2150 aqum,

1804 2182 1872 2237 ab
1902 2181 2013 2235 illis
2046 2195 2169 2250 quae
2206 2180 2609 2249 intelliguntur,
2652 2183 2879 2232 secretae
2910 2181 3038 2228 sunt
3069 2214 3083 2237 ,
3119 2172 3390 2226 medimn-

1804 2288 1910 2343 que
1964 2273 2108 2327 inter
2159 2270 2432 2341 duplicem
2478 2283 2745 2339 aquarum
2799 2274 3051 2320 naturam
3094 2262 3389 2317 conﬁnium

1804 2364 2153 2434 interjectum
2182 2371 2265 2419 est
2288 2360 2513 2423 cmlum,
2552 2360 2696 2430 quod
2727 2357 2890 2413 simul
2913 2371 3037 2409 cum
3064 2364 3207 2408 terra
3228 2360 3389 2421 atque

1802 2455 2061 2510 omnibus
2090 2454 2181 2519 iis,
2219 2467 2341 2522 qua:
2374 2451 2442 2505 ad
2487 2447 2679 2504 mundi
2710 2447 3161 2503 constitutionem
3194 2443 3389 2497 collata

1806 2553 1958 2610 sunt,
1992 2546 2047 2599 in
2083 2544 2354 2616 principio
2382 2542 2589 2597 factum
2622 2556 2744 2597 esse
2768 2540 2992 2602 dicitur,
3026 2553 3171 2591 nunc
3210 2544 3364 2589 autev

1806 2636 2110 2709 perfectum
2148 2644 2203 2692 et
2235 2636 2580 2690 nominatum
2617 2633 2671 2687 in
2704 2630 3174 2687 demonstratione
3210 2627 3366 2681 ﬁrma

1805 2729 1997 2793 menti,
2028 2728 2170 2799 ignis
2204 2726 2411 2781 ambitu
2452 2724 2690 2791 diﬁiniti,
2722 2723 3063 2786 ostenditur;
3091 2720 3227 2773 alter
3253 2719 3393 2773 lucis

1806 2820 2069 2874 circuitus
2100 2833 2318 2873 rursum
2350 2825 2405 2872 et
2438 2816 2753 2871 obscuravit
2784 2813 2837 2868 id
2875 2813 3020 2884 quod
3052 2822 3170 2867 erat
3206 2810 3395 2879 subje‘

1805 2920 1953 2966 ctum
2002 2911 2273 2972 vicissim,
2323 2919 2376 2964 et
2424 2908 2768 2963 illustravit:
2804 2906 2971 2976 idque
3014 2906 3225 2969 eadem,
3274 2919 3396 2973 qua:

1807 3011 1934 3058 ante
1963 3004 2109 3059 dicta
2143 3011 2248 3068 est,
2283 3001 2494 3056 ratione
2517 3006 2770 3055 vocatum
2796 3008 2877 3053 est
2905 2997 3043 3051 dics.
3077 2993 3397 3049 Necessario

1807 3107 1986 3150 autem
2031 3102 2194 3165 atque
2225 3093 2418 3148 ordine
2452 3100 2650 3147 natura
2696 3089 2913 3145 numeri
2955 3104 3137 3143 rerum
3172 3086 3387 3140 univer-

1809 3189 2027 3243 sitatcm
2072 3188 2321 3257 ingressa
2350 3193 2455 3240 est.
2492 3184 2682 3255 Neque
2709 3183 2856 3238 enim
2901 3179 3045 3233 aliud
3088 3188 3174 3233 cst
3208 3191 3399 3231 nume-

1810 3296 1928 3341 rus.
1987 3280 2094 3336 nisi
2144 3282 2418 3333 unitatum
2466 3276 2815 3348 compositio.
2878 3271 3155 3343 Quidquid
3216 3280 3396 3323 autem

1809 3370 2074 3441 przeﬁnita
2140 3369 2321 3438 aliqua
2394 3366 2910 3437 circumscriptione
2974 3362 3395 3424 consideratur,

1810 3477 1978 3515 unum
2036 3460 2393 3529 appellamus.
2453 3459 2636 3524 Quare
2681 3473 2806 3512 cum
2863 3454 3106 3510 circulus
3159 3452 3400 3520 undique

1810 3551 2089 3622 perfectus
2132 3551 2188 3604 in
2245 3565 2305 3606 se
2355 3556 2743 3620 cegnuscatur,
2799 3556 2949 3602 recte
2998 3544 3284 3614 Scriptura
3341 3542 3398 3597 in

1811 3645 2032 3698 nomine
2063 3657 2231 3697 unum
2273 3641 2465 3696 circuli
2505 3641 2769 3695 ambitum
2811 3638 3118 3702 constituit,
3156 3635 3348 3691 dicens
3380 3652 3395 3689 :

1817 3752 1835 3785 ι
1874 3732 2098 3788 Factum
2150 3740 2236 3787 est
2289 3746 2534 3801 vespere,
2582 3738 2637 3786 et
2691 3720 2895 3785 factum
2938 3736 3023 3783 est
3071 3741 3231 3781 mane
3277 3726 3399 3781 dies

1813 3839 1977 3889 unus,
2014 3843 2034 3877 ι
2070 3832 2125 3879 et
2156 3838 2376 3879 rursum
2411 3823 2645 3877 alterum
2672 3821 2939 3875 ambitum
2982 3820 3172 3874 itidem
3201 3831 3395 3872 unum.

1814 3909 2116 3982 Utriusque
2154 3928 2285 3967 vero
2314 3912 2647 3981 compositio
2680 3910 2790 3965 duo
2832 3908 3086 3965 reddidit.
3120 3910 3295 3976 Atque
3324 3908 3398 3962 ita

1817 4003 2101 4074 Scriptura
2126 4004 2343 4060 numeri
2366 4011 2619 4058 naturam
2645 4003 2831 4057 mundi
2858 4001 3103 4073 partibus
3127 3999 3398 4071 adiunxit,

1817 4097 2030 4154 ordinis
2080 4098 2534 4168 consequentiam
2573 4097 2891 4152 nominibus
2936 4095 3149 4150 numeri
3190 4093 3400 4165 signiti—

1817 4205 1973 4246 cans.
2014 4209 2033 4244 ι
2072 4189 2298 4245 Factum
2345 4197 2430 4245 est
2456 4207 2478 4242 ι
2514 4188 2693 4254 enim,
2748 4187 2957 4259 inquit,
3005 4204 3024 4239 ι
3050 4201 3295 4257 vespere,
3345 4192 3401 4242 et

1818 4280 2025 4339 factum
2055 4288 2142 4339 est
2172 4295 2333 4337 mane
2360 4280 2480 4337 dies
2499 4280 2794 4341 secundus.
2832 4299 2852 4333 ι

234 4545 372 4599 Ἐπεὶ
401 4542 495 4601 οὖν
548 4544 727 4600 ταῦτα
790 4546 1043 4616 ἐγένετο,
1104 4548 1267 4604 πάλιν
1311 4551 1344 4620 ἡ
1406 4549 1566 4620 φύσις
1603 4550 1710 4605 τῶν

1886 4550 2023 4607 Cum
2056 4550 2222 4622 igitur
2251 4548 2366 4605 haec
2395 4547 2538 4603 facta
2575 4553 2797 4613 essent,
2840 4561 3025 4602 rerum
3061 4555 3256 4601 natura
3287 4562 3406 4602 rur-

165 4634 308 4691 ὄντων
346 4639 410 4693 δι’
453 4637 756 4694 ἀκολούθου
801 4637 1089 4709 βαδίζουσα
1112 4681 1126 4706 ,
1159 4642 1220 4694 τὸ
1254 4642 1571 4711 ἀναγκαίως
1600 4646 1715 4707 τοῖς

163 4730 521 4799 προγεγονόσιν
564 4730 831 4800 ἑπόμενον
868 4730 1221 4803 ἐξεργάζεται
1249 4751 1264 4765 ο
1304 4737 1627 4806 προηγεῖται
1659 4735 1716 4789 δὲ

164 4820 245 4871 καὶ
261 4821 438 4876 τούτου
467 4822 569 4877 τοῦ
603 4821 765 4894 ἔργου
807 4821 950 4876 θεῖον
979 4823 1282 4895 ἐπίταγμα,
1319 4825 1592 4896 πανταχοῦ
1621 4825 1715 4880 τοῦ

161 4912 411 4978 Μωὺσὲως
437 4912 877 4984 ἀσφαλιζομένου
917 4915 1072 4986 ἡμῶν
1095 4916 1195 4988 τὴν
1222 4917 1460 4972 διάνοιαν
1486 4917 1581 4971 τοῦ
1609 4935 1715 4989 μη-

161 5002 236 5057 δὲν
255 5005 392 5060 ἀθεεί
420 5024 473 5061 τι
500 5006 612 5061 τῶν
641 5005 807 5060 ὄντων
836 5007 1113 5075 συστῆναι,
1142 5009 1218 5071 ὠς
1245 5008 1311 5062 ἂν
1339 5009 1401 5062 τὸ
1431 5010 1560 5082 περὶ
1592 5011 1720 5065 ἐκά-

163 5114 273 5152 στουη
298 5100 402 5155 τῶν
434 5101 746 5170 γεγονότων
787 5099 994 5170 θαῦμα,
1025 5102 1106 5164 είς
1134 5100 1226 5154 τὸν
1253 5101 1597 5171 πεποιηκότα
1618 5102 1718 5172 τὴν

163 5190 414 5263 ἀναφοράν
460 5195 600 5263 ἔχοι.
634 5190 825 5261 Πάσης
852 5191 962 5264 γὰρ
995 5191 1099 5263 τῆς
1144 5193 1482 5264 φωτιστικῆς
1528 5210 1588 5247 τε
1624 5194 1720 5248 καὶ

162 5283 420 5354 πυρώδους
456 5281 649 5347 οὑσίας
724 5284 846 5347 ταῖς
891 5282 1050 5347 ἰδίαις
1093 5283 1341 5354 ποιότησι
1388 5283 1498 5338 τῶν
1542 5283 1719 5339 ἄλλων

162 5373 554 5446 ἁποκριθείσης,
583 5376 617 5447 ἡ
647 5374 748 5446 μὲν
773 5373 867 5427 τοῦ
892 5375 1055 5447 άέρος
1081 5375 1394 5447 κατασκευὴ
1422 5378 1718 5442 σιωπᾶται,

158 5463 241 5516 καί
265 5483 343 5520 τοι
361 5468 459 5521 καὶ
479 5465 636 5520 τοῦτο
663 5467 722 5520 ὲν
755 5465 1031 5538 δευτέροις
1059 5467 1206 5533 εἰκὸς
1233 5463 1302 5540 ἧν
1333 5468 1471 5539 μετὰ
1500 5468 1598 5540 τὴν
1624 5468 1717 5522 τοῦ

161 5558 310 5627 πυρὸς
335 5560 649 5633 ἀναδρομὴν
690 5559 1109 5631 φυσιολογῆσαι·
1145 5562 1282 5616 διότι
1316 5561 1608 5630 συγγένειά
1635 5561 1720 5627 τίς

160 5645 285 5701 ἑστιν
326 5649 484 5721 αὑτῷ
515 5651 659 5706 κατὰ
683 5650 746 5704 τὸ
773 5650 999 5722 κοῦφον,
1026 5652 1165 5723 πρὸς
1210 5652 1311 5725 τὴν
1353 5652 1433 5723 τῷ
1461 5652 1595 5724 πυρὶ
1629 5654 1718 5707 ὲν-

160 5737 522 5815 οεωρουμένην
553 5744 869 5815 κουφότητα
892 5762 906 5775 ο
945 5740 1047 5799 εἷθ’
1077 5743 1249 5811 οὑτως
1295 5746 1427 5819 περὶ
1471 5746 1571 5818 τῆς
1615 5745 1715 5818 βα-

157 5830 291 5900 ρείας
326 5835 692 5910 διηγήσασθαι
737 5837 976 5909 φύσεως.
1031 5839 1092 5893 ’0
1126 5837 1182 5892 δὲ
1229 5839 1469 5910 Μωὺσῆς
1509 5839 1577 5894 τά
1620 5839 1718 5911 μὲν

1824 4658 1920 4699 sus
1957 4642 2151 4698 ordine
2184 4640 2540 4713 progrediens
2572 4637 3022 4695 antecedentibus
3058 4652 3406 4709 consequens

1824 4734 2036 4791 addidit
2070 4733 2406 4791 necessario.
2442 4732 2623 4802 Atque
2652 4731 2779 4787 huic
2810 4732 2940 4787 item
2980 4732 3132 4803 operi
3160 4731 3407 4786 divinum

1822 4829 2143 4883 mandatum
2197 4826 2390 4890 anteit,
2453 4826 2668 4881 animos
2731 4824 2935 4894 ubique
2987 4828 3211 4880 nostros
3258 4823 3408 4879 Mose

1824 4920 2204 4984 conﬁrmaute,
2240 4934 2308 4973 ne
2331 4917 2461 4988 quid
2499 4916 2620 4973 sine
2667 4916 2759 4971 Dei
2789 4925 2925 4971 nutu
2966 4917 3274 4973 consistere
3307 4931 3405 4972 eo»

1824 5014 2082 5087 gitemus,
2111 5012 2205 5072 sed
2231 5028 2352 5086 quae
2375 5012 2605 5083 singulis
2645 5012 2699 5065 in
2730 5012 2896 5070 rebus
2930 5009 3250 5066 admiranda
3282 5024 3406 5079 per-

1826 5107 2110 5178 spicimus,
2155 5105 2218 5160 ad
2271 5104 2440 5161 Deum
2489 5119 2679 5159 eorum
2722 5105 2970 5175 Opillcem
3020 5111 3408 5173 auctoremque

1825 5196 2173 5253 referamus:
2204 5195 2351 5251 omni
2394 5210 2524 5267 ergo
2554 5202 2668 5250 t'um
2709 5194 2910 5260 lucida,
2948 5204 3059 5249 tum
3102 5194 3260 5263 ignea
3303 5205 3405 5246 na-

1826 5297 1951 5345 tura
1985 5288 2223 5359 propriis
2255 5287 2614 5358 qualitatibns
2645 5301 2674 5341 a
2703 5288 2916 5341 carteris
2946 5285 3214 5356 sejuncta,
3242 5288 3406 5354 atque

1824 5380 2112 5444 distincta,
2144 5380 2288 5436 aeris
2336 5379 2657 5435 constitutio
2698 5379 2915 5435 silentio
2949 5374 3403 5449 praetermittitur,

1825 5487 1950 5529 cum
1976 5481 2158 5527 tamen
2186 5471 2397 5528 ordinis
2426 5471 2567 5527 ratio
2604 5472 2924 5542 postularet,
2955 5479 3013 5524 ut
3040 5470 3165 5540 igne
3193 5471 3407 5525 consti-

1825 5574 1963 5633 tuto,
2001 5565 2069 5621 de
2100 5566 2220 5637 ipso
2252 5565 2811 5635 aere'disputaretur;
2845 5562 2960 5631 qui,
2995 5577 3118 5618 cum
3156 5561 3289 5618 levis
3312 5562 3407 5632 sit,

1826 5672 1951 5713 cum
2004 5657 2147 5729 ignis
2199 5656 2417 5714 levitate
2439 5655 2733 5728 quamdam
2781 5654 2947 5711 habet
2991 5654 3407 5726 c0gnationem;

1826 5748 2024 5806 deinde
2061 5750 2130 5806 de
2155 5757 2351 5805 natura
2389 5748 2541 5820 gravi
2571 5746 2737 5803 verba
2770 5745 2985 5803 ﬁerent.
3016 5743 3195 5801 Moses
3223 5753 3405 5800 autem

1827 5842 2035 5900 omisso
2060 5856 2186 5901 aere
2227 5841 2296 5900 de
2320 5842 2423 5899 hac
2449 5841 2567 5914 ipsa
2597 5838 2840 5898 disserit.
2868 5838 3027 5908 Quod
3066 5836 3285 5912 quidem
3316 5836 3411 5893 ille
3496 5911 3500 5916 .
