3880 6356
489 405 562 462 87
1757 410 1815 465 S.
1840 408 2168 468 GBEGOR"
2194 411 2492 470 NYSSENI
3691 418 3759 477 83

490 540 602 580 non
644 521 769 580 ideo
817 522 969 585 facit,
999 521 1146 592 quod
1180 521 1316 577 nihil
1369 521 1437 578 ad
1484 524 1672 580 mundi
1717 528 2065 583 constitutio-

2184 531 2301 602 περὶ
2331 534 2534 604 ταύτης
2560 532 2708 601 λέγει
2732 550 2747 564 ο
2778 533 2871 587 τὸν
2905 533 2964 587 δὲ
2994 532 3131 606 ἀέρα
3168 532 3251 605 τῷ
3276 532 3429 605 λόγῳ
3470 534 3760 607 παρίησιν,

491 631 612 672 nem
661 630 757 669 aer
799 614 1099 678 conducat,
1132 622 1226 669 aut
1258 614 1405 685 quod
1454 616 1707 673 seclusus
1744 618 1825 689 sit,
1854 618 1926 674 ab
1955 619 2069 675 ele-

486 715 797 762 mentorum
856 713 1162 774 potestate,
1245 705 1340 760 sed
1393 706 1522 776 quia
1578 706 1816 764 fortasse
1870 716 2067 764 natura

484 797 636 852 molli
667 810 732 851 ac
760 795 919 852 facile
960 797 1175 852 cedenti
1210 795 1473 867 praeditus
1501 813 1590 854 res
1620 813 1811 855 omnes
1857 800 1913 854 in
1949 815 2072 856 sese

484 888 732 957 suscipit,
765 889 1099 958 easdemque
1137 903 1248 958 pra:
1276 904 1336 944 se
1371 889 1494 955 fert,
1530 904 1654 944 cum
1692 904 1791 945 nec
1831 890 2070 945 colorem

485 981 790 1050 proprium,
837 994 939 1035 nec
977 980 1228 1051 figuram,
1280 996 1382 1035 nec
1416 980 1651 1051 speciem
1702 981 1923 1047 habeat,
1972 982 2067 1037 sed

486 1071 685 1125 alienis
735 1080 789 1125 et
839 1071 1140 1136 coloribus,
1189 1078 1244 1127 et
1295 1070 1482 1142 figuris
1532 1070 1878 1127 informetur.
1933 1070 2069 1126 Nam

482 1169 544 1217 et
597 1162 738 1217 lucis
768 1160 979 1233 fulgore
1025 1161 1343 1231 splendidus
1379 1162 1456 1225 ﬁt,
1503 1169 1557 1216 et
1588 1162 1934 1217 tenebrarum
1982 1163 2069 1216 in-

487 1263 735 1309 terventu
760 1255 914 1325 niger
945 1262 1000 1310 et
1041 1254 1331 1309 obscurus.
1361 1252 1462 1308 Per
1489 1270 1549 1309 se
1578 1256 1723 1308 enim
1754 1270 1855 1309 nec
1888 1254 2071 1324 splen-

428 1412 435 1423 ι
486 1345 651 1402 didus
681 1362 781 1402 nec
828 1347 1099 1401 obscurus
1130 1352 1234 1409 est,
1286 1344 1382 1401 sed
1424 1345 1571 1399 omni
1607 1345 1778 1414 ﬁgura
1810 1344 2072 1415 omnique

486 1440 736 1494 colorum
787 1438 970 1507 specie
1020 1437 1301 1502 imbuitur,
1357 1445 1412 1493 et
1452 1437 1518 1491 ad
1592 1437 1838 1491 omnium
1887 1451 2069 1490 rerum

485 1543 626 1598 quas
689 1528 920 1596 suscipit
1003 1536 1209 1582 motum
1265 1542 1325 1581 se
1389 1526 1791 1580 accommodat.
1859 1525 2070 1581 Etenim

488 1618 641 1672 nullo
699 1617 887 1672 labore
938 1616 1049 1670 illis
1112 1615 1371 1686 utrinque
1439 1615 1627 1679 cedit,
1693 1624 1747 1670 et
1803 1615 1931 1669 hinc
1988 1622 2072 1670 at—

489 1725 598 1779 que
668 1709 848 1770 illinc.
920 1715 1202 1777 utcunque
1284 1715 1651 1770 moveantur,
1724 1707 1791 1761 ad
1879 1722 2071 1762 earum

492 1799 919 1870 magnitudinem
984 1800 1346 1854 circumcisus
1410 1814 1553 1869 pone
1608 1799 1873 1854 succedit.
1928 1800 2069 1865 Quin

2175 626 2273 694 οὐχ
2316 625 2391 689 ὡς
2425 624 2590 695 μηδὲν
2635 623 3055 694 συνεισφέροντα
3099 622 3237 694 πρὸς
3278 624 3380 694 τὴν
3411 622 3511 676 τοῦ
3550 624 3760 696 κόσμου

2178 715 2379 779 παντὸς
2405 714 2815 786 συμπλήρωσιν,
2837 714 2958 766 οὐδὲ
2982 713 3057 777 ὼς
3077 713 3517 784 ἀποκεκριμένον
3530 715 3631 785 τῆς
3650 724 3760 769 τῶν

2179 807 2457 877 στοιχείων
2493 807 2808 877 δυνάμεως,
2845 805 2983 859 ἀλλά
3021 805 3164 874 τάχα
3191 805 3274 858 ὅτι
3318 804 3398 875 τῷ
3431 804 3669 876 μαλακῷ
3700 823 3760 859 τε

2179 898 2275 952 καὶ
2294 899 2523 968 εὐείκτῳ
2545 898 2645 968 τῆς
2670 897 2887 966 φύσεως
2914 897 3148 950 ἑκάστου
3174 895 3286 950 τῶν
3317 895 3490 949 ὅντων
3508 896 3762 961 δεκτικός

2178 992 2325 1044 ἔστιν
2365 992 2394 1043 ό
2425 989 2552 1059 ἀὴρ,
2583 990 2640 1043 ἑν
2668 988 2846 1058 ἐαυτῷ
2878 988 3139 1041 δεικνύων
3174 985 3243 1042 τά
3271 988 3421 1050 ὄντα,
3456 988 3521 1039 οὐ
3558 986 3762 1058 χρῶμα

2176 1081 2308 1135 ἴδιον
2336 1081 2495 1151 ἔχων,
2522 1082 2584 1133 οὐ
2628 1079 2834 1150 σχῆμα,
2863 1081 2965 1133 οὐκ
2988 1078 3332 1147 ἐπιφάνειαν,
3363 1076 3506 1131 ἀλλά
3527 1082 3644 1140 τοῖς
3668 1077 3762 1130 ἀλ-

2176 1173 2411 1244 λοτρίοις
2461 1171 2716 1242 χρώμασί
2762 1189 2821 1224 τε
2859 1172 2953 1224 καὶ
3002 1173 3244 1241 σχήμασι
3294 1169 3759 1241 περιμορφοῦται.

2176 1262 2445 1331 Λαμπρός
2473 1277 2530 1312 τε
2560 1259 2667 1331 γὰρ
2690 1261 2897 1329 γίνεται
2925 1261 2991 1329 τῇ
3019 1258 3115 1311 τοῦ
3139 1258 3317 1327 φωτὸς
3345 1257 3639 1327 ἐλλάμψει,
3669 1259 3762 1311 καὶ

2179 1354 2340 1406 πάλιν
2368 1353 2682 1424 μελαίνεται
2714 1349 3103 1420 σκιαζόμενοςο
3140 1351 3303 1413 αὐτὸς
3334 1350 3390 1402 δὲ
3418 1350 3544 1403 καθ’
3568 1350 3763 1403 ἑαυτὸν

2177 1444 2300 1499 οὔτε
2322 1444 2573 1515 λαμπρδς
2591 1442 2715 1497 οὔτε
2741 1443 2909 1513 μέλας
2934 1442 3247 1495 ὲστί·παντὶ
3274 1442 3331 1495 δὲ
3347 1443 3588 1511 σχήματι
3613 1458 3764 1513 περι-

2179 1538 2490 1606 φύεται,καὶ
2505 1537 2609 1589 ὑπὸ
2625 1535 2806 1606 πάσης
2819 1534 3123 1605 χρωμάτων
3136 1533 3277 1596 ἰδέας
3287 1532 3762 1605 καταχρώννυται,

2179 1631 2271 1683 καὶ
2297 1629 2429 1701 πρὸς
2448 1630 2630 1681 πᾶσαν
2650 1628 2862 1697 κίνησιν
2877 1626 2984 1679 τῶν
3000 1627 3060 1679 ὲν
3078 1625 3223 1695 αὐτῷ
3239 1626 3557 1696 φερομένων
3575 1627 3764 1696 ἐπιτη-

2176 1722 2334 1783 δείως
2358 1720 2487 1790 ἔχει.
2508 1720 2747 1781 Ἀπόνως
2770 1735 2828 1770 τε
2843 1717 3239 1788 γάρὺποχωρεῖ
3267 1716 3404 1788 πρὸς
3431 1715 3494 1768 τι
3524 1716 3763 1787 φερόμε-

2179 1830 2267 1867 νον
2288 1811 2648 1882 ἑκατέρωθεν,
2669 1810 2762 1863 καὶ
2780 1809 3101 1879 αὐτομάτως
3118 1806 3195 1877 τῷ
3214 1807 3364 1877 ὃγκῳ
3384 1806 3479 1860 τοῦ
3502 1807 3765 1876 κινουμέ-

490 1890 656 1945 etiam
728 1892 773 1946 si
851 1891 1136 1946 humidum
1203 1907 1268 1946 ex
1334 1891 1645 1961 amphora,
1706 1892 2073 1961 quodcunque

2184 1921 2272 1957 νου
2314 1872 2759 1974 περισχιζόμενος
2793 1872 2943 1952 ἔνθεν
2973 1899 3067 1952 καὶ
3105 1872 3285 1962 ἐνδενῂ,
3317 1872 3399 1961 είς
3435 1898 3495 1950 τὸ
3527 1872 3765 1950 κατόπιν

491 1983 548 2038 in
609 1999 674 2039 ea
722 1983 919 2043 fuerit,
977 1983 1321 2046 eifundatur,
1369 1996 1462 2037 aer
1497 1989 1552 2036 et
1598 1980 1830 2035 effusum
1870 1982 2075 2049 ample-

490 2074 680 2134 ctitur,
735 2083 788 2127 et
836 2074 981 2127 ultro
1032 2075 1086 2127 in
1132 2073 1424 2127 interiores
1457 2071 1606 2126 vasis
1657 2078 1844 2140 partes
1897 2071 2079 2140 ingre-

487 2163 647 2219 diens
701 2178 931 2219 vacuum
975 2173 1228 2233 occupat.
1286 2162 1382 2219 llis
1425 2171 1480 2218 et
1528 2163 1652 2216 aliis
1707 2164 2078 2217 innumerabi-

487 2254 634 2309 libus
653 2257 990 2325 argumentis
1010 2257 1154 2311 aeris
1176 2264 1373 2311 natura
1399 2255 1603 2319 mollis,
1622 2264 1677 2311 et
1698 2254 1856 2309 facile
1876 2254 2080 2308 cedens

486 2347 820 2401 ostenditur.
843 2346 1027 2414 Quare
1058 2363 1183 2402 cum
1218 2348 1271 2401 in
1297 2362 1363 2402 eo
1394 2354 1643 2403 versetur
1664 2347 1961 2403 .lmminum
1999 2346 2082 2399 vi-

489 2448 565 2500 ta.
591 2452 828 2506 cumque
856 2440 1038 2494 onmis
1070 2454 1241 2509 prope
1274 2438 1492 2494 vivendi
1549 2438 1804 2503 facultas,
1857 2446 1912 2494 et
1951 2454 2072 2493 sen~

490 2546 653 2583 suum
688 2531 832 2584 actio
868 2530 922 2585 in
965 2546 1091 2585 aere
1123 2532 1228 2585 vim
1269 2546 1425 2585 suam
1466 2532 1750 2596 obtineat;
1798 2530 2071 2600 siquidem

490 2638 586 2692 per
621 2623 797 2691 ipsum
822 2623 1089 2687 videmus,
1143 2624 1420 2687 audimus,
1480 2623 1802 2686 odoramur,
1858 2630 1912 2677 et
1954 2622 2076 2676 ani-

487 2730 632 2769 mam
672 2715 947 2781 ducimus,
976 2716 1121 2787 quod
1144 2717 1265 2769 vitm
1300 2731 1499 2771 munus
1533 2717 1770 2769 maxime
1795 2714 2074 2784 proprium

487 2820 553 2859 ac
594 2808 965 2863 necessarium
991 2816 1097 2872 est;
1128 2808 1223 2876 qui
1254 2808 1398 2861 enim
1432 2807 1762 2877 respirandi,
1813 2806 1956 2861 idem
2005 2807 2077 2860 si-

490 2898 603 2951 mul
641 2897 767 2953 fecit
794 2900 959 2952 etiam
990 2899 1207 2953 vivendi
1246 2899 1405 2954 finem
1443 2915 1457 2950 :
1492 2899 1699 2953 idcirco
1734 2899 2076 2967 sapientissi-

490 3002 616 3044 mus
637 2988 810 3046 Moses
838 2991 990 3045 illum
1020 2997 1079 3043 ut
1107 2997 1397 3059 cognatum
1425 2990 1891 3059 conjunctutnque
1917 2992 2077 3046 nobis

491 3081 846 3141 vinulentum.
886 3083 938 3135 in
972 3098 1082 3151 quo
1116 3083 1184 3137 ab
1215 3085 1333 3153 ipso
1359 3083 1541 3138 statim
1573 3092 1698 3136 ortu
1739 3083 2073 3146 enutrimur,

2180 1995 2647 2051 ἁντικαθίσταται.
2706 1991 2868 2044 Ἀλλά
2897 1992 2993 2045 καὶ
3026 1991 3087 2044 τὸ
3134 1990 3301 2061 ὑγρὸν
3336 1988 3430 2042 τοῦ
3461 1989 3765 2060 ἀμφορέως

2179 2089 2507 2161 προχέοντος
2529 2125 2544 2148 ,
2572 2086 2655 2138 ὅτι
2690 2102 2797 2155 περ
2825 2083 2890 2137 ἂν
2929 2084 2986 2135 ὲν
3027 2080 3208 2151 ἐαυτῷ
3240 2081 3377 2152 τύχῃ
3398 2120 3413 2145 ,
3462 2082 3590 2134 τότε
3630 2097 3765 2151 προ-

2180 2182 2426 2254 χεομένῳ
2473 2180 2777 2243 διίσταται,
2829 2177 2924 2230 καὶ
2974 2175 3382 2246 ἀντεισέρχεται
3436 2173 3767 2243 αὐτομάτως

2180 2276 2273 2328 ἐπὶ
2319 2274 2387 2326 τά
2450 2272 2599 2334 ἐντὸς
2650 2269 2742 2322 τοῦ
2803 2267 3028 2337 ἀγγείου
3087 2266 3224 2337 πρὸς
3287 2264 3350 2318 τὸ
3395 2264 3763 2333 κενούμενον

2180 2366 2275 2421 καὶ
2334 2365 2503 2436 μυρία
2549 2359 2772 2415 τοιαῦτα
2825 2357 2888 2411 τὸ
2943 2356 3186 2428 μαλακόν
3240 2371 3303 2407 τε
3354 2353 3450 2407 καὶ
3505 2351 3760 2406 εὖεικτον

2178 2459 2278 2527 τῆς
2313 2453 2398 2508 τοῦ
2436 2453 2599 2522 ἀέρος
2634 2449 2874 2503 δείκνυσι
2908 2446 3141 2515 φύσεως.
3189 2443 3342 2496 Ἐπεὶ
3368 2437 3462 2495 οὖν
3491 2442 3553 2494 ὲν
3579 2439 3759 2512 τούτῳ

2180 2548 2328 2599 ἐστὶν
2363 2546 2395 2615 ἡ
2427 2544 2536 2597 τῶν
2572 2540 2877 2612 ἀνθρώπων
2908 2537 3019 2607 ζωὴ
3038 2579 3051 2601 ,
3085 2535 3182 2590 καὶ
3211 2536 3361 2588 πᾶσα
3388 2533 3578 2603 σχεδὸν
3610 2535 3646 2604 ἡ
3672 2532 3764 2585 τοῦ

2181 2641 2279 2710 ζῇν
2310 2638 2560 2707 δύναμις,
2589 2635 2683 2688 καὶ
2711 2635 2744 2703 ὴ
2777 2632 2886 2684 τῶν
2920 2628 3290 2700 αἰσθητηρίων
3318 2616 3575 2698 ἐνέργεια
3601 2627 3664 2680 ὲν
3689 2624 3769 2698 τῷ

2180 2728 2301 2796 ἀέρι
2330 2725 2430 2793 τὴν
2469 2725 2621 2793 ἰσχὺν
2658 2722 2788 2792 ἔχει·
2825 2719 3092 2789 βλέπομεν
3121 2735 3181 2769 τε
3214 2717 3324 2787 γὰρ
3352 2716 3418 2769 δι’
3454 2715 3625 2769 αὑτοῦ
3672 2715 3766 2769 καὶ

2178 2818 2468 2887 ἀκούομεν,
2509 2816 2602 2868 καὶ
2641 2814 2748 2867 τῶν
2794 2810 3082 2882 ὀσφρητῶν
3113 2809 3212 2879 τὴν
3257 2806 3546 2876 ἀντίληψιν
3582 2807 3766 2861 ὡσαύ-

2177 2930 2286 2975 τως
2327 2911 2395 2965 δι’
2445 2907 2610 2962 αὑτοῦ
2657 2902 2958 2974 ποιούμεθα
2984 2943 2998 2966 ,
3028 2904 3094 2972 τῇ
3139 2900 3235 2954 τοῦ
3284 2900 3600 2970 πνεύματος
3633 2899 3766 2968 ὁλκῇ

2176 3004 2236 3058 τὸ
2253 3002 2588 3076 κυριώτατον
2610 2998 2718 3053 τῶν
2731 2996 2874 3050 κατά
2892 2994 2988 3065 τὴν
3009 2994 3153 3066 ζωὴν
3168 2992 3580 3063 ἐνεργουμένων
3594 2991 3766 3045 ἐστίν’

2178 3099 2206 3151 ὁ
2250 3098 2358 3168 γὰρ
2392 3094 2487 3147 τοῦ
2526 3088 3065 3158 ἁνὰ”παυσάμενος,
3130 3084 3226 3139 καὶ
3252 3084 3346 3137 τοῦ
3399 3083 3500 3154 ζῇν
3551 3084 3770 3146 πάντως

492 3173 656 3228 tacite
695 3175 958 3244 pra-teriit
988 3193 1001 3226 :
1029 3175 1097 3228 ad
1130 3176 1291 3244 hujus
1320 3177 1489 3246 partis
1519 3176 1943 3231 declarationem
1983 3192 2072 3232 sa-

2185 3189 2479 3243 ὲπαόσατο·
2516 3184 2705 3237 τούτου
2741 3181 2901 3251 χάριν
2930 3181 2959 3232 ό
3002 3178 3161 3247 σοφὸς
3196 3172 3430 3244 Μωῦσῆς
3476 3174 3772 3244 ἀφυσιολό-

493 3268 566 3321 tis
593 3282 717 3322 esse
742 3275 962 3337 putans,
987 3270 1228 3322 innatam
1254 3269 1400 3322 illam
1424 3277 1588 3339 atque
1618 3269 1838 3323 insitam
1868 3278 2077 3324 natura:

493 3366 702 3413 nostrae
752 3375 875 3413 cum
909 3375 1034 3415 aere
1087 3360 1532 3429 conjunctionem
1589 3369 1754 3430 atquc
1804 3361 2073 3415 habitum.

490 3445 627 3512 Quae
683 3463 814 3502 vero
870 3455 923 3503 in
975 3449 1566 3519 ipso'couspiciuntur,
1611 3465 1674 3505 ea
1711 3451 1988 3521 quomodo
2022 3466 2081 3507 se

492 3538 752 3607 habeant,
789 3540 1063 3611 sigillatim
1096 3542 1467 3612 persequitur.
1522 3540 1734 3597 Etenim
1784 3557 1910 3595 cum
1963 3542 2081 3596 dies

493 3633 768 3688 secundus
809 3633 1123 3696 transisset.
1159 3635 1380 3703 sapiens
1423 3642 1477 3689 et
1532 3635 1779 3689 numeris
1826 3634 2081 3689 omnibus

492 3723 780 3778 absolutus
807 3738 990 3778 rerum
1017 3724 1363 3779 conditarum
1392 3729 1548 3789 ordo,
1574 3740 1683 3795 quo
1712 3741 1854 3794 aqua
1877 3740 1907 3777 a
1935 3734 2079 3779 terra

492 3824 747 3886 separata
776 3826 882 3881 est,
925 3816 1016 3872 Dei
1057 3832 1162 3872 vox
1203 3818 1637 3888 mandatumque
1666 3819 1890 3873 dicitur.
1942 3817 2081 3873 Vere

491 3909 660 3972 enim,
697 3909 965 3978 quidquid
996 3910 1274 3978 sapienter
1308 3910 1388 3974 lit,
1430 3910 1526 3964 Dei
1561 3911 1789 3965 verbum
1818 3920 1921 3974 est,
1971 3927 2080 3966 non

496 4004 883 4060 instrumentis
915 4003 1043 4058 ullis
1093 4003 1378 4058 vocalibus
1428 4004 1792 4070 enuntiatum,
1839 4003 1939 4057 sed
1992 4005 2082 4070 iis,

497 4112 621 4165 quae
645 4096 698 4150 in
734 4095 870 4165 ipsis
911 4097 1075 4151 rebus
1118 4096 1357 4151 conditis
1413 4095 1760 4151 admirabilia
1806 4096 2082 4162 videntur,

496 4203 841 4259 expressum.
875 4188 1006 4242 Nam
1039 4203 1161 4243 cum
1197 4188 1375 4243 adhuc
1403 4196 1620 4244 terrena
1668 4187 1907 4254 qualitas
1957 4203 2085 4243 cum

499 4287 695 4330 natura
721 4275 946 4330 humida
968 4276 1259 4331 commista
1287 4284 1456 4341 esset,
1489 4276 1651 4346 cujus
1685 4276 1793 4332 nisi
1829 4291 1957 4332 vere
2003 4277 2086 4331 di-

496 4370 637 4423 vina:
671 4369 958 4439 potestatis
992 4384 1058 4423 ac
1085 4368 1373 4437 sapientia:
1417 4367 1542 4435 fuit,
1592 4368 1678 4423 vel
1716 4377 1917 4423 terram
1955 4383 2086 4439 pro-

498 4460 634 4531 priis
660 4459 1021 4530 qualitatibus
1052 4460 1126 4513 ita
1151 4459 1406 4525 densare,
1446 4466 1508 4514 ut
1544 4459 1802 4515 omnibus
1838 4458 1960 4528 ejus
2013 4460 2089 4515 si-

2183 3299 2350 3354 γητον
2392 3280 2542 3332 εἴασε
2630 3277 2691 3329 τὸ
2744 3272 3039 3343 σύντροφόν
3082 3287 3140 3323 τε
3186 3269 3279 3322 καὶ
3324 3267 3603 3338 ὁμόφυλον
3639 3270 3771 3339 ἡμῖν

2184 3377 2445 3445 στοιχεῖον
2474 3366 2677 3442 ,ᾧὰπδ
2691 3368 2995 3436 γεννήσεως
3030 3362 3191 3425 εὐθὺς
3224 3358 3640 3431 ὲντρεφόμεθα·
3673 3362 3777 3431 ἀρ-

2182 3466 2387 3522 κοῦσαν
2439 3461 2740 3534 ἡγούμενος
2794 3456 2888 3510 τοῦ
2942 3456 3142 3526 μέρους
3188 3451 3378 3505 τούτου
3423 3451 3770 3514 διδάσκαλον.

2182 3559 2281 3629 τὴν
2310 3554 2549 3626 ἔμφυτόν
2572 3568 2631 3604 τε
2663 3551 2757 3604 καὶ⁹
2788 3549 3021 3617 συγγενῆ
3058 3545 3158 3615 τῆς
3197 3544 3412 3613 φύσεως
3441 3540 3603 3612 ἡμῶν
3636 3543 3776 3633 πρὸς

2182 3650 2273 3703 τὸν
2304 3648 2443 3719 ἀέρα
2478 3645 2680 3716 σχέσινο
2705 3641 2773 3694 τὰ
2802 3641 2858 3694 δὲ
2889 3641 2947 3691 ὲν
2972 3637 3119 3707 αὐτῷ
3142 3636 3283 3691 κατά
3303 3635 3400 3705 τὴν
3434 3636 3616 3687 κτίσιν
3650 3653 3777 3703 φαι-

2184 3742 2405 3812 νόμενα,
2426 3739 2573 3800 ὅπως
2594 3734 2663 3787 τά
2684 3732 2803 3787 καθ’
2826 3732 3056 3785 ἕκαστον
3083 3729 3233 3799 ἔσχε,
3252 3726 3331 3798 τῷ
3352 3726 3498 3796 λόγῳ
3523 3725 3772 3793 διέξεισι.

2185 3832 2569 3905 Παρελοοόσης
2617 3829 2727 3899 γὰρ
2773 3826 2871 3896 τῆς
2923 3823 3185 3893 δευτέρας
3238 3821 3473 3891 ἡμέρας,
3515 3819 3688 3874 πάλιν
3741 3820 3775 3889 ἡ

2188 3930 2325 3997 σοφὴ
2358 3942 2417 3977 τε
2447 3924 2539 3977 καὶ
2576 3918 2946 3990 παναρμόνιος
2972 3914 3082 3969 τῶν
3124 3913 3422 3984 γινομένων
3454 3911 3611 3976 τάξις
3643 3913 3681 3982 ἡ
3719 3910 3775 3963 τὺ

2188 4020 2333 4089 ὕδωρ
2359 4018 2455 4087 τῆς
2487 4015 2587 4085 γῆς
2622 4011 3012 4083 ἀποκρίνουσα,
3045 4007 3181 4061 Θεοῦ
3224 4004 3376 4076 φωνὴ
3407 4004 3503 4057 ml.
3528 4003 3777 4073 πρόστα-

2188 4128 2304 4183 γμα
2330 4110 2566 4177 λέγεταυ
2595 4103 2811 4177 ἀληθῶς
2834 4103 2944 4172 γάρ
2969 4102 3077 4154 πᾶν
3107 4099 3167 4152 τὸ
3190 4102 3248 4152 ὲν
3276 4096 3437 4166 σοφίᾳ
3461 4096 3776 4165 γινόμενον,

2187 4204 2321 4262 Θεοῦ
2349 4203 2503 4272 λόγος
2527 4200 2694 4263 ἐστὶν,
2724 4197 2824 4249 οὐκ
2853 4194 3103 4265 ὀργάνοις
3125 4191 3236 4243 τισὶ
3267 4190 3597 4258 φωνητικοῖς
3621 4188 3712 4241 δια
3722 4206 3778 4259 ρ·

2189 4295 2516 4369 θρούμενος,
2566 4286 2703 4344 ἀλλά
2733 4286 2798 4339 δι’
2833 4283 3015 4340 αὐτῶν
3063 4277 3478 4351 ὲκφωνούμενος
3572 4276 3691 4329 τῶν
3728 4280 3781 4330 ἐν

2188 4392 2299 4451 τοῖς
2329 4384 2676 4457 φαινομένοις
2706 4376 3022 4449 θαυμάτων.
3060 4375 3180 4429 Ἔτι
3225 4372 3333 4442 γὰρ
3376 4369 3774 4443 συμπεφυρμέ·

2189 4497 2287 4550 νης
2334 4477 2472 4549 πρὸς
2504 4474 2602 4546 τὴν
2652 4470 2825 4541 ὑγρὰν
2859 4466 3021 4537 φύσιν
3050 4468 3151 4537 τῆς
3178 4464 3412 4535 γεώδους
3444 4460 3778 4533 ποιότητος,

498 4552 724 4608 milibus
761 4552 1050 4622 particulis
1083 4552 1136 4606 in
1167 4552 1402 4607 solidum
1454 4552 1716 4617 redactis,
1759 4566 1824 4607 ac
1878 4552 2077 4607 consti-

2190 4547 2335 4634 τίνος
2354 4547 2422 4641 ἦν
2451 4566 2663 4638 ἐτέρου,
2689 4563 2786 4633 τὴν
2821 4560 2917 4631 μὲν
2955 4559 3058 4630 γῆν
3080 4561 3197 4621 ταῖς
3231 4555 3388 4618 ἰδίαις
3416 4553 3779 4608 καταπυκνῶ-

497 4646 666 4713 patis,
701 4645 1083 4698 bumiditatem
1124 4645 1343 4698 insitam
1373 4644 1442 4699 ab
1476 4644 1594 4714 ipsa
1627 4643 1934 4699 secluderet
1955 4684 1968 4708 ,
2002 4644 2084 4698 vel

498 4751 697 4806 aquam
741 4744 901 4791 terra:
952 4738 1204 4791 cavernis
1268 4736 1564 4791 cohibitam
1600 4743 1655 4791 et
1702 4730 1972 4790 inclusam‘
2021 4735 2090 4789 ab

497 4830 621 4897 cjus
652 4827 1011 4898 permistione
1041 4844 1349 4895 secernere,
1376 4829 1619 4899 atquein
1652 4842 1820 4881 unum
1856 4841 2084 4896 congre-

499 4939 632 4994 gare
652 4923 677 4976 ἲ

2194 4683 2284 4719 σαι
2320 4661 2618 4731 ποιότησιν,
2654 4654 2793 4708 ὥστε
2816 4651 3035 4705 πάντων
3067 4648 3233 4718 αὐτῆς
3266 4645 3374 4698 τῶν
3405 4643 3612 4716 μορίων
3643 4643 3782 4715 πρὸς

2190 4757 2259 4812 τὰ
2299 4752 2517 4825 ὁμοφυῆ
2546 4744 3008 4818 συμπιεσϐέντων,
3043 4744 3101 4795 ὲν
3136 4739 3213 4825 τῷ
3243 4737 3423 4809 ναστῷ
3458 4754 3516 4790 τε
3544 4738 3647 4790 καὶ
3687 4755 3781 4790 πε-

2190 4824 2477 4918 πιλημένῳ
2502 4838 2798 4909 ἀποθλῖψαι
2821 4836 2918 4891 ἀπ’
2946 4835 3116 4905 αὐτῆς
3144 4824 3244 4905 ῖτῆν
3267 4830 3597 4902 ὲγκειμένην
3618 4830 3782 4901 ὑγρό-

2188 4957 2346 5013 τηταο
2383 4937 2443 4990 τὸ
2474 4935 2531 4989 δὲ
2560 4933 2703 5003 ὕδωρ
2734 4927 3069 5000 διακρίνεται
3105 4925 3204 4996 τῆς
3236 4923 3371 4995 πρὸς
3396 4923 3494 4993 τὴν
3520 4920 3631 4991 γῆν
3661 4925 3782 4976 ἐπι.

502 5052 722 5123 μιξίας,
769 5051 863 5105 καὶ
907 5051 1034 5121 περὶ
1068 5049 1230 5104 ἑαυτὸ
1274 5048 1653 5120 συναγείρεται
1696 5048 1815 5109 ταῖς
1853 5045 2127 5114 κοιλότησι
2178 5037 2278 5108 τῆς
2314 5031 2417 5101 γῆς
2458 5024 2927 5098 ὲγκρσετοῠμενον;
2967 5019 3092 5072 ἐπεὶ
3140 5013 3232 5071 οὖν
3264 5015 3414 5079 θείας
3457 5013 3532 5075 ὡς
3565 5013 3783 5086 ἀληθῶς

498 5145 783 5217 δυνάμεώς
816 5163 875 5200 τε
906 5146 999 5199 καὶ
1030 5146 1223 5213 σοφίας
1254 5144 1327 5198 τὸ.
1360 5142 1598 5198 τοιοῦτόν
1628 5143 1776 5194 ἐστιν
1796 5181 1809 5194 .

568 5240 781 5296 Idcirco
828 5237 1012 5294 Moses
1056 5238 1183 5292 huic
1240 5238 1318 5292 rei
1376 5235 1715 5290 admiranda:
1776 5251 2084 5295 sermonem

503 5329 595 5385 Dei
623 5329 913 5401 praefuisse
945 5329 1099 5391 dicit,
1143 5327 1462 5383 mandatum
1497 5327 1673 5397 ipsius
1698 5326 2086 5396 explicantem,

505 5437 616 5490 quo
644 5424 864 5492 quidem
904 5422 1295 5494 egorationem
1348 5434 1530 5474 rerum
1579 5417 1927 5473 conditarum
1984 5435 2086 5474 na-

511 5521 648 5564 tura:
700 5512 924 5567 insitam
978 5512 1279 5585 significari
1313 5509 1531 5579 judico.
1588 5527 1606 5558 ι
1642 5507 1855 5567 Dixit,»
1887 5507 2084 5578 inquit,

517 5603 692 5659 «Deus
724 5623 737 5658 :
772 5604 1053 5678 Cogantur
1083 5623 1241 5678 aqua:
1273 5605 1326 5660 in
1362 5603 1825 5673 congregationes
1857 5617 2008 5669 suas,
2038 5614 2093 5660 et

2266 5234 2469 5291 Τούτου
2495 5232 2655 5302 χάριν
2687 5229 2714 5280 ὁ
2739 5222 2978 5291 Μωῦσῆς
3013 5220 3170 5289 λόγον
3198 5216 3334 5271 Θεοῦ
3362 5232 3492 5288 φησι
3519 5214 3615 5267 τοῦ
3661 5213 3791 5269 Omi-

2198 5343 2366 5401 ματος
2391 5318 2822 5394 καθηγήσασθαι,
2852 5311 3262 5386 προστακτικήν
3288 5306 3411 5401 τινα
3441 5305 3785 5401 ρῆσινᾼδιεξο·

2193 5399 2436 5482 δεύοντα,
2454 5417 2527 5481 ὡς
2547 5415 2602 5468 δὲ
2631 5411 2741 5481 ⁴εγὼ
2761 5409 2891 5480 περ)⁵
2918 5405 3106 5460 τούτου
3133 5399 3323 5474 κρίνω,
3344 5402 3435 5455 τὸν
3460 5399 3786 5469 ἐγκείμενον

2193 5512 2262 5582 τῇ
2297 5505 2456 5576 φύσει
2483 5506 2582 5576 τῆς
2614 5500 2844 5561 κτίσεως
2866 5496 3045 5582 λόγον,
3079 5493 3166 5548 διὰ
3194 5492 3292 5563 τῆς
3313 5489 3559 5560 ἐξοδικῆς
3576 5488 3786 5582 ταύτης

2198 5578 2531 5655 ἐνδείκνυται
2575 5595 2803 5666 ρήσεως.
2841 5608 2860 5641 ‹
2887 5581 3024 5641 Εἷπε
3056 5604 3075 5639 ι
3104 5584 3233 5655 γὰρ,
3280 5583 3466 5653 φησὶν,
3507 5598 3525 5631 ι
3563 5580 3594 5633 ό
3629 5578 3785 5641 Θεὸς,

512 5703 771 5764 appareat
802 5668 1039 5754 arida".
1075 5717 1093 5749 ›
1133 5668 1540 5753 ’Νι-εεεςαιὴιιιυ
1590 5700 1797 5747 natura:
1847 5692 2077 5749 ordinen

2202 5684 2529 5758 Συναχθήτω
2584 5682 2673 5761 τάκ
2698 5679 2864 5734 ὕδατα
2927 5678 3008 5739 είς
3057 5674 3153 5738 τὰς
3207 5669 3528 5740 συναγωγὰς
3586 5668 3784 5731 αὐτῶν.

592 5877 635 5907 ³⁵
666 5874 795 5932 Ceu.
837 5892 877 5947 ι,
908 5875 961 5932 9.
