3880 6358
187 388 246 447 89
904 457 909 461 ,
1366 403 1436 460 ιΝ
1471 403 1612 462 HEX
1622 404 1955 467 AEMERON
1985 414 2208 473 LIBER.
3006 494 3011 501 ρ

187 511 266 612 καὶ
550 512 585 583 ἠ
836 534 855 568 ι
912 516 1077 598 Ὁρᾷς
1106 519 1207 593 τὴν
1242 521 1549 592 ἀναγκαίαν
1578 525 1730 591 τάξιν

1834 532 2050 591 cernis:
2102 539 2398 608 quomodo,
2455 557 2717 614 espressa
2773 558 2912 616 aqua
2956 547 3026 602 ab
3086 546 3203 620 ipsa
3249 558 3426 621 terra,

188 602 269 672 τῆς
295 602 525 671 φύσεως,
567 604 686 669 πῶς
723 605 827 677 τῆς
857 607 960 681 γῆς
1003 610 1436 680 ἀφελκυσθέντος
1473 618 1570 671 τοῦ
1605 617 1735 673 ὓδα-

186 711 263 757 τος
306 693 607 765 ξηραίνεται
655 696 719 750 τὸ
762 698 1060 771 ἀποκριθὲν
1107 701 1210 773 τῆς
1266 705 1597 778 ὑγρότητος,
1642 711 1738 765 καὶ

188 781 286 844 πῶς
346 784 534 853 μηκέτι
584 786 886 856 πηλοειδῶς
928 790 1385 865 ἀνακεκραμένης
1437 798 1575 869 πρὸς
1637 799 1737 871 τὴν

188 874 271 945 γῆν
314 873 406 946 τῆς
450 875 778 947 ὑγρότητος,
812 880 1150 967 ,ἀναγκαίως
1205 883 1435 955 δοχείοις
1492 893 1607 942 τισὶ
1675 890 1738 945 τὸ

190 967 307 1039 ὕδωρ
350 969 853 1038 περιστοιχίζεται(
893 972 969 1035 ὡς
1017 974 1084 1028 ἂν
1136 975 1211 1047 μὴ
1250 976 1328 1047 τῷ
1378 979 1587 1051 ῥευστῷ
1636 983 1739 1052 τῆς

188 1057 374 1129 φύσεως
404 1059 480 1120 είς
508 1059 819 1131 ἀφανισμὸν
857 1061 1042 1128 ἔλθοι,
1080 1066 1307 1136 μηδενὸς
1353 1069 1453 1141 τὴν
1490 1070 1737 1143 διάχυσιν

189 1144 329 1237 ιωτοῦ
370 1150 843 1221 περισφίγγοντος.
892 1156 1053 1210 Ἀλλά
1100 1174 1192 1228 μοι
1222 1159 1368 1214 δοκεί
1400 1162 1474 1235 μὴ
1508 1164 1736 1237 ἄκαιρον

188 1235 302 1293 εἶναι
334 1241 484 1296 πάλιν
511 1243 621 1297 τῶν
649 1244 1055 1318 ὑπερουρανίων
1083 1251 1289 1306 ὑδάτων
1320 1255 1543 1325 μνήμην
1572 1259 1732 1328 ποιή-

189 1332 375 1386 σασθαι.
424 1335 482 1387 Εί
522 1336 637 1406 γὰρ
681 1338 996 1406 ἀναγκαίως
1036 1342 1272 1398 ἐνταῦθα
1300 1346 1434 1419 πρὸς
1467 1347 1735 1418 ὑποδοχὴν

190 1423 277 1475 τῶν
299 1425 489 1478 ὑδάτων
521 1428 552 1497 ἡ
583 1429 659 1499 γῆ
687 1432 1114 1501 σχηματίζεται,
1148 1433 1261 1490 οἷόν
1277 1454 1390 1491 τισι
1421 1439 1643 1504 κόλποις
1674 1441 1737 1495 τὸ

189 1515 379 1583 ρευστὺν
420 1518 595 1572 αὑτῶν
641 1523 1059 1594 περιείργουσα,
1106 1529 1204 1582 καὶ
1251 1533 1317 1601 τῇ
1366 1532 1585 1603 ἀστάτῳ
1626 1534 1737 1589 τῶν

189 1607 363 1663 ὑδάτων
384 1611 557 1678 φύσει,
584 1612 670 1684 τῷ
702 1615 818 1685 ἰδίῳ
852 1616 1100 1690 σταθερῷ
1130 1623 1479 1696 παρεχομένη
1514 1626 1576 1678 τὸ
1603 1627 1734 1680 στά-

189 1716 337 1770 σιμον
365 1702 476 1767 πῶς
502 1705 567 1758 ἂν
610 1706 675 1759 τὸ
715 1704 885 1779 ὕδωρ,
918 1709 1078 1780 εἴπερ
1118 1710 1196 1780 τῷ
1226 1712 1343 1766 ὄντι
1374 1713 1516 1785 ὕδωρ
1563 1717 1731 1779 ἐστὶν,

190 1793 369 1848 ἵσταται
407 1796 501 1868 μὲν
538 1798 640 1853 ἐπὶ
667 1798 761 1852 τοῦ
809 1802 1066 1869 ἀστάτου,
1098 1805 1385 1877 ἀδιάχυτον
1414 1809 1472 1863 δὲ
1510 1811 1603 1864 ἐπὶ
1635 1811 1731 1865 τοῦ

3312 436 3425 506 ‘90

1838 625 1986 693 quod
2034 622 2481 689 ab’humiditate
2528 644 2799 690 secretum
2856 644 2961 705 est,
3008 650 3317 710 exarescat,
3369 654 3425 700 et

1837 719 2111 787 quomodo
2148 735 2274 775 cum
2314 723 2368 777 id
2390 725 2535 794 quod
2569 726 2852 781 humidum
2883 738 2988 795 est,
3019 747 3128 787 non
3184 734 3424 806 amplius

1839 810 1893 861 in
1936 810 2079 863 caeni
2114 826 2319 867 morem
2343 828 2466 869 cum
2491 822 2638 870 terra
2675 821 3001 888 permistum
3044 823 3136 887 sit,
3180 836 3422 897 recepta-

1837 899 1977 953 culis
1998 901 2327 969 quibusdam
2358 904 2614 974 cingatur
2641 921 2802 976 aqua,
2832 923 2900 962 ne
2925 918 3147 980 prepter
3166 923 3419 967 naturam

1835 987 2037 1044 ﬂuxam
2070 991 2365 1062 dispereat,
2399 995 2445 1049 si
2475 994 2667 1050 ell'usio
2688 997 2862 1067 ipsius
2888 1000 3039 1053 nulla
3071 1016 3130 1055 re
3159 1017 3417 1057 coercea-

1836 1088 1948 1137 tur.
1987 1082 2119 1138 Mihi
2151 1100 2259 1139 non
2283 1085 2502 1140 videtur
2538 1087 2798 1156 alienum,
2828 1092 2896 1144 de
2934 1091 3114 1161 aquis,
3147 1108 3267 1163 quae
3321 1108 3418 1150 su-

1837 1188 1934 1243 per
1963 1175 2135 1230 coelos
2169 1184 2327 1242 sunt,
2368 1178 2564 1233 iterum
2606 1182 2931 1236 mentionem
2969 1182 3167 1237 facere.
3204 1183 3337 1238 Nam
3369 1186 3417 1240 si

1836 1279 2065 1320 necesse
2126 1275 2234 1329 est,
2296 1274 2357 1321 ut
2404 1268 2493 1322 hic
2544 1278 2665 1339 apte
2714 1269 2783 1323 ad
2813 1285 2985 1342 aquas
3037 1274 3418 1343 suscipiendas

1837 1365 1981 1411 terra
2043 1357 2343 1421 formetur,
2400 1367 2523 1429 quae
2577 1361 2905 1430 quibusdam
2964 1364 3176 1421 sinibus
3226 1381 3417 1422 earum

1834 1445 2038 1502 ﬂuenta
2066 1448 2346 1513 cohibeat,
2377 1456 2699 1520 naturaeque
2730 1451 2973 1509 instabili
3003 1453 3215 1509 lirmam
3249 1457 3419 1511 stabi-

1835 1539 2042 1594 litatem
2078 1554 2232 1595 suam
2272 1550 2554 1611 opponat:
2586 1543 2681 1613 qui
2741 1544 2858 1599 fieri
2915 1554 3117 1616 potest,
3168 1556 3227 1605 ut
3270 1564 3416 1618 aqua

1834 1630 1926 1684 illa
1988 1634 2262 1702 superior,
2320 1634 2366 1688 si
2416 1648 2542 1689 vere
2576 1643 2661 1691 est
2708 1651 2871 1706 aqua,
2932 1653 3096 1707 super
3132 1655 3189 1695 re
3231 1641 3416 1696 mobili

1833 1723 2123 1791 consistat,
2166 1740 2267 1781 nec
2298 1741 2464 1795 super
2494 1741 2662 1780 curva
2695 1745 2754 1783 re
2793 1729 2987 1799 jacens
3017 1729 3421 1802 dispergaturﬂ!

1836 1815 2048 1870 Etenim
2085 1817 2131 1872 si
2167 1832 2328 1871 unam
2361 1826 2413 1872 et
2435 1819 2682 1875 eamdem
2712 1820 2999 1890 utriusque
3021 1832 3273 1878 naturam
3296 1839 3421 1881 esse

188 1888 355 1957 κυρτοῦ
377 1889 864 1964 διαμένει;Είγὰρ
893 1895 1023 1965 μίαν
1060 1913 1121 1949 τε
1161 1901 1255 1952 καὶ
1290 1900 1390 1969 τὴν
1419 1902 1588 1974 αὑτὴν
1626 1902 1733 1959 τῶν

1839 1910 2153 1977 statuimus,
2196 1913 2570 1967 necessarium
2628 1922 2733 1977 est,
2782 1922 2840 1968 ut
2880 1931 3001 1985 qua:
3024 1916 3077 1970 in
3136 1916 3223 1970 his
3262 1917 3422 1987 aquis

188 1977 263 2031 δύο
301 1980 491 2034 ὑδάτων
521 1981 624 2054 τὴν
656 1983 817 2053 φύσιν
860 1987 1250 2060 ὑποτιθέμεθα.
1298 1993 1512 2065 ἀνάγκη
1562 1998 1733 2064 πᾶσα,

188 2070 307 2142 άπερ
340 2074 426 2126 ἐπὶ
468 2074 676 2131 τούτων
706 2076 997 2149 βλέπομεν,
1039 2080 1219 2135 ταῦτα
1251 2084 1343 2138 καὶ
1389 2088 1477 2139 ἐπ’
1511 2089 1735 2142 ἐκείνων

187 2161 378 2217 οἴεσθαι·
406 2166 597 2222 οὐκοῦν
653 2168 721 2222 τά
760 2169 908 2224 νῶτα
936 2172 1031 2225 τοῦ
1078 2173 1309 2243 ούρανοῦ
1358 2176 1606 2248 σχίζεται
1654 2181 1735 2243 είς

186 2255 415 2321 αὐλῶνας,
440 2260 556 2313 καθ’
586 2262 886 2332 ὁμοιότητα
910 2263 1018 2318 τῶν
1044 2265 1138 2318 ἐπὶ
1167 2266 1270 2335 τῆς
1298 2268 1403 2339 γῆς
1433 2271 1735 2341 γινομένων

188 2346 301 2417 πρὸς
322 2349 411 2413 τὰς
436 2351 542 2407 τῶν
573 2353 840 2424 κρημνῶν
863 2354 1175 2421 διαστάσεις
1205 2359 1729 2432 ἐκφαραγγούμενα,

187 2436 259 2492 ἴνα
278 2440 332 2493 τὸ
355 2442 490 2516 ὕδωρ
514 2445 833 2517 ἐγκρατηθῇ
866 2451 988 2513 ταῖς
1016 2449 1313 2520 κοιλότησι.
1350 2453 1417 2505 Τί
1447 2449 1541 2507 οὖν
1572 2455 1733 2526 ἐροῦο

185 2549 273 2596 σιν,
295 2532 410 2588 ὅταν
441 2537 472 2606 ἡ
502 2537 793 2605 ἐγκύκλιος
837 2540 930 2593 τοῦ
962 2540 1125 2595 πόλου
1173 2543 1448 2615 περιφορά
1484 2547 1620 2616 πρὸς
1665 2548 1734 2602 τά

186 2624 310 2677 κάτω
339 2626 482 2698 κλίνῃ
513 2629 572 2682 τὸ
618 2628 716 2682 νῦν
762 2630 1181 2703 ὑπερκείμενον,
1226 2635 1333 2705 ἀρα
1375 2636 1449 2707 μὴ
1497 2638 1734 2708 πώματά

184 2730 284 2769 τινα
308 2720 409 2782 τοῖς
439 2720 665 2785 κύκλοις
699 2722 1075 2793 ἐπινοήσωσιν,
1117 2725 1191 2790 ὡς
1226 2727 1292 2780 ἂν
1344 2728 1417 2799 μὴ
1460 2731 1733 2801 ἐκκρεμὲς

184 2809 235 2861 τὸ
265 2809 389 2883 ὕδωρ
414 2814 725 2884 γενόμενον,
763 2815 871 2868 τῶν
910 2817 1265 2889 κοιλωμάτων
1308 2822 1523 2894 ἐκρέοι;
1573 2824 1733 2879 Ἀλλά

185 2914 295 2969 φησι
318 2900 674 2973 δαπανητικὸν
713 2906 813 2974 μὲν
844 2901 983 2959 εἶναι
1021 2908 1083 2960 τὸ
1118 2908 1251 2981 πῦρ,
1283 2912 1473 2981 χρείαν
1497 2914 1553 2967 δὲ
1587 2912 1732 2984 ἔχειν

184 2988 293 3060 ὕλης
320 2993 450 3058 τινὸς
488 2995 589 3066 τῆς
627 2996 1037 3068 ὑποτρεφούσης
1085 3002 1257 3054 εἰσαεὶ
1295 3002 1394 3072 τὴν
1427 3003 1621 3072 φλόγα,
1655 3006 1732 3069 ὡς

182 3076 236 3130 ἂν
264 3079 328 3150 μὴ
350 3085 789 3157 καταμαρανθείη
811 3126 825 3149 ,
870 3090 935 3159 τῇ
968 3090 1173 3163 ἀπορίᾳ
1202 3091 1297 3145 τοῦ
1339 3094 1732 3160 ὑπεκκαίοντος

183 3171 290 3224 αὖτό
317 3175 432 3244 περὶ
466 3178 631 3231 ἑαυτὸ
668 3178 1074 3249 δαπανώμενον.
1127 3182 1268 3251 Ἐγὼ
1313 3184 1370 3237 δὲ
1410 3186 1514 3240 κᾶν
1544 3188 1577 3257 ἡ
1630 3205 1727 3257 με·

182 3261 299 3354 γάλη
327 3264 412 3316 τοῦ
437 3268 763 3322 διδασκάλου
803 3273 834 3340 ἡ
845 3272 960 3341 μῶν
990 3275 1142 3345 φωνὴ
1172 3279 1237 3348 τῇ
1270 3278 1495 3350 τοιαύτῃ
1527 3281 1730 3354 ὑπολή-

182 3348 256 3418 de:
284 3357 609 3429 συμφέρεται
628 3399 651 3422 ,
681 3364 1093 3434 παραιτήσομαι
1126 3368 1248 3431 τοὺς
1279 3370 1728 3440 ἐντυγχάνοντας,

186 3442 247 3512 μὴ
289 3446 522 3513 χαλεπῶς
574 3449 747 3519 ἔχειν,
797 3455 846 3506 εί
893 3455 1029 3526 πρὸς
1056 3457 1116 3509 τὸ
1150 3459 1444 3514 ἀκόλουθον
1493 3462 1729 3532 βλέπων,

183 3534 331 3627 πάντη
354 3538 581 3595 δουλεύω
606 3546 721 3607 τοῖς
753 3546 1189 3619 προκαθημένοις
1219 3553 1277 3604 ἐν
1300 3555 1366 3624 τῇ
1394 3553 1596 3627 θεωρίᾳ
1624 3557 1732 3610 τῶν

182 3622 340 3681 ὄντων.
385 3631 492 3684 Καὶ
528 3633 644 3704 γάρ
692 3634 787 3687 καὶ
830 3634 907 3707 τῷ
947 3638 1248 3712 διδασκάλῳ
1297 3622 1625 3718 σκοπὸς-ἦν,
1671 3648 1733 3701 οὑ

183 3718 366 3810 πάντως
387 3723 480 3787 τὰς
509 3724 651 3790 ἰδίας
681 3723 977 3799 ὑπολήψεις
1027 3734 1138 3796 τοῖς
1170 3734 1542 3807 ἀκροωμένοις
1569 3756 1733 3810 νομο-

183 3806 347 3874 θετεῖν,
379 3814 510 3868 ἀλλά
546 3815 741 3886 ἐφοδόν
778 3834 899 3873 τινα
935 3820 1021 3874 διὰ
1053 3824 1149 3893 τῆς
1192 3806 1542 3891 διδασκαλίας
1567 3806 1733 3884 αὑτοῦ

182 3900 295 3969 πρὸς
316 3905 406 3976 τὴν
428 3907 694 3978 ἀλήθειαν
721 3911 778 3963 ἐν
812 3914 924 3976 τοῖς
952 3915 1419 3988 μαθητευομὲνοις
1454 3920 1730 3989 γενέσθαι*

183 3993 261 4045 καὶ
284 3996 429 4066 ἡμεῖς
469 4002 657 4053 τοίνυν
686 4002 1157 4073 ἐγγυμνασθέντες
1191 4013 1303 4073 τοῖς
1356 4012 1485 4082 παρ’
1522 4014 1733 4068 ἐκείνου

181 4084 550 4156 καταλειφθεῖσι
594 4090 900 4164 μαθήμασι.
938 4095 1073 4166 πρὸς
1100 4097 1161 4150 τὸ
1204 4099 1494 4154 ἀκόλουθον
1535 4102 1734 4173 βλέπο-

182 4188 281 4239 μεν.
312 4176 402 4246 Είη
445 4177 488 4231 δ’
535 4178 607 4234 ἂν
630 4174 807 4247 οὗτος,
837 4182 995 4255 εἴπερ
1038 4185 1286 4257 ἐπιτύχοι
1325 4190 1419 4243 τοῦ
1454 4192 1666 4258 εἰκότος
1705 4196 1734 4249 ὁ

178 4260 328 4355 λόγος,
360 4271 436 4334 εἰς
466 4272 566 4341 τὴν
598 4272 695 4325 τοῦ
724 4274 1043 4330 διδασκάλου
1079 4280 1273 4348 σοφίαν
1301 4281 1730 4355 ἀναφερόμενος.

176 4354 231 4408 Τί
255 4359 416 4415 τοίνυν
448 4364 586 4434 πρὸς
607 4364 707 4435 τὴν
737 4366 1126 4438 ὑπενεχθεῖσαν
1158 4371 1429 4427 ἀντίθεσιν
1462 4376 1617 4445 ἡμεῖς
1642 4376 1733 4430 λο-

176 4448 448 4524 γιζόμεθα;
484 4458 562 4511 Οὐ
588 4460 699 4529 γὰρ
729 4458 889 4528 μόνον
918 4462 975 4513 ἐν
1009 4462 1088 4533 τῷ
1129 4465 1264 4534 πυρὶ
1295 4467 1388 4519 καὶ
1416 4465 1570 4521 ὕδατι
1600 4468 1735 4523 θεω-

1839 2002 2233 2070 conspicimus,
2258 2001 2448 2058 eadem
2481 2004 2664 2057 omnia
2697 2005 2764 2059 de
2791 2005 2899 2060 illis
2931 2008 3256 2075 cogitemus.
3279 2007 3419 2079 Ergo

1837 2092 1963 2147 caeli
1987 2100 2137 2161 terga
2168 2093 2407 2149 dissecta
2445 2102 2595 2159 sunt,
2651 2104 2814 2166 atque
2848 2106 3108 2152 excavata
3156 2100 3212 2153 in
3247 2100 3421 2156 valles

1834 2198 2021 2238 earum
2062 2185 2294 2251 similes,
2319 2202 2443 2256 qua:
2482 2195 2710 2258 propter
2739 2188 3027 2243 intervalla
3061 2192 3325 2245 montium
3361 2193 3417 2247 in

1834 2281 1981 2330 terra
2007 2288 2154 2343 sunt,
2188 2287 2249 2333 ut
2282 2279 2391 2335 illis
2417 2296 2556 2351 aqua
2580 2289 2924 2336 coerceatur.
2964 2283 3031 2337 At
3054 2284 3184 2353 quid
3212 2284 3418 2349 dicent,

1834 2368 2055 2437 quando
2084 2370 2192 2440 poli
2217 2373 2579 2427 conversione
2608 2372 2659 2427 id
2691 2371 3109 2443 quodsuperius
3140 2390 3288 2429 nunc
3313 2385 3419 2442 est,

1828 2459 2069 2516 inferius
2106 2461 2216 2525 ﬁet,
2252 2464 2524 2531 poculane
2555 2464 2739 2534 aliqua
2772 2464 2828 2519 in
2874 2465 3108 2521 orbibus
3138 2468 3422 2537 excogita-

1834 2552 1992 2618 bunt,
2043 2570 2112 2608 ne
2173 2569 2316 2623 aqua
2382 2571 2651 2625 suspensa
2686 2573 2752 2611 ex
2799 2557 2950 2611 cavis
2980 2558 3196 2612 ellluat?
3237 2558 3422 2613 VOrax

1834 2656 1938 2712 est,
1981 2646 2257 2716 inquiunt,
2298 2649 2463 2718 ignis,
2516 2650 2856 2717 materiaque
2895 2649 3100 2718 indiget
3146 2651 3416 2704 llauunam

1834 2749 2099 2809 perpetuo
2152 2741 2451 2800 nutriente,
2486 2756 2555 2794 ne
2617 2740 3009 2795 sucecndentis
3041 2742 3413 2812 exstinguatut

1834 2830 2038 2900 iunpia,
2065 2838 2119 2885 et
2145 2846 2173 2883 a
2215 2833 2513 2902 semetipso
2546 2839 2925 2887 consumatur.
2956 2832 3068 2901 Ego
3106 2848 3256 2897 vero,
3290 2833 3422 2888 licet

1832 2937 2030 2992 magna
2056 2925 2408 2994 pneceptoris
2436 2924 2609 2979 nostri
2640 2940 2743 2979 vox
2769 2924 2897 2978 huic
2930 2926 3217 2979 sententia:
3241 2923 3421 2980 lavere

1833 3015 2103 3078 videatur,
2139 3017 2342 3086 rogabo
2380 3024 2561 3071 tamen
2584 3032 2701 3079 eos,
2732 3017 2784 3069 iu
2826 3032 3056 3085 quorum
3082 3032 3277 3070 manus
3305 3016 3421 3069 haec

1833 3104 2150 3167 inciderint,
2207 3120 2276 3158 ne
2325 3103 2560 3174 graviter
2607 3102 2806 3168 ferant,
2854 3102 2950 3157 sed
2986 3102 3286 3171 patiantur,
3336 3116 3420 3154 me

1833 3195 2143 3252 institutum
2176 3195 2425 3250 ordinem
2457 3196 2633 3265 sequi.
2687 3193 2873 3263 Neque
2926 3192 3072 3247 enim
3131 3192 3420 3261 Opiniones

1835 3294 2079 3353 nostras,
2127 3295 2187 3341 ut
2218 3289 2394 3357 leges,
2428 3286 2772 3342 auditoribus
2822 3284 3311 3353 pi‘Oponimus,sed
3352 3298 3417 3337 ex

1814 3381 2083 3436 'doctrina
2120 3381 2294 3450 ipsius
2337 3381 2685 3435 occasionem
2735 3379 3079 3448 arripientes,
3123 3383 3419 3430 consenta-

1835 3486 1998 3525 neum
2025 3470 2271 3525 ordincm
2304 3471 2597 3525 intuemIIr.
2627 3470 2992 3536 Quamobrem
3017 3474 3070 3522 et
3099 3468 3215 3522 haec
3244 3466 3419 3522 oratio

1834 3573 2046 3627 nostra,
2100 3564 2147 3616 si
2200 3562 2421 3632 quidem
2457 3577 2485 3615 a
2518 3563 2720 3616 decoro
2763 3576 2872 3614 non
2921 3559 3294 3623 abhorruerit,
3353 3556 3419 3611 ad

1834 3654 1953 3723 ejus
1984 3654 2307 3723 sapientiam
2346 3652 2633 3706 referetur.
2671 3650 2813 3716 Quid
2844 3651 3011 3720 igitur
3037 3649 3105 3701 ad
3165 3663 3250 3710 ea,
3300 3662 3419 3717 quae

1835 3753 2028 3799 contra
2053 3744 2400 3807 dicebantur,
2433 3741 2935 3811 respondebimus?
2984 3738 3103 3792 Non
3140 3740 3313 3793 solum
3363 3737 3418 3791 in

1834 3837 1960 3907 igne
1990 3843 2043 3889 et
2073 3850 2213 3905 aqua
2235 3834 2545 3888 contrarias
2584 3832 2876 3902 qualitates
2902 3830 3292 3902 perspicimus,
3325 3830 3418 3883 sed
3472 3816 3481 3919 ἰ

1834 3927 1891 3981 in
1920 3927 2150 3996 singulis
2176 3926 2461 3981 elementis
2496 3925 2679 3979 videre
2707 3924 2836 3979 licet
2863 3922 3155 3993 quamdam
3178 3921 3424 3991 proprie-

1834 4024 2008 4071 tatum
2044 4033 2168 4072 cum
2193 4017 2460 4087 oppositis
2486 4032 2742 4087 pugnam.
2778 4014 3247 4082 Quemadmodum
3275 4014 3419 4069 enim

1834 4109 1890 4163 in
1916 4108 2205 4164 elementis
2231 4124 2353 4177 qua:
2387 4108 2967 4168 commemoravimus,
3026 4106 3301 4160 contraria
3335 4116 3421 4161 est

1834 4198 2119 4269 frigiditati
2139 4197 2416 4263 caliditas,
2441 4198 2662 4251 siccitas
2694 4197 3028 4263 humiditati,
3055 4196 3134 4251 sic
3160 4197 3214 4251 in
3248 4196 3419 4251 altera

1833 4291 2233 4347 elementorum
2268 4288 2616 4358 oppositione
2661 4288 2959 4342 contraria;
3008 4296 3136 4343 sunt
3191 4288 3336 4341 inter
3363 4304 3420 4343 se

1833 4384 2150 4454 qualitates.
2178 4381 2454 4445 soliditas,
2480 4388 2535 4436 et
2556 4380 2778 4443 raritas,
2813 4380 3016 4434 duritia
3056 4387 3111 4433 et
3166 4378 3417 4445 mollitia,

1833 4474 2074 4547 gravitas
2126 4480 2182 4529 et
2226 4473 2417 4528 levitas
2461 4490 2475 4526 :
2524 4479 2578 4528 et
2625 4473 2671 4529 si
2728 4473 2857 4544 quid
2912 4469 3059 4525 aliud
3113 4473 3170 4525 in
3222 4472 3419 4526 horum

176 4542 351 4614 ροῦμεν
378 4549 473 4613 τὰς
511 4552 956 4622 ἀντιστοιχούσας
1003 4554 1322 4628 ποιότητας,
1369 4560 1506 4613 ἀλλά
1532 4564 1627 4616 καὶ
1673 4563 1733 4617 ἐν

1838 4542 2075 4636 utroque
2109 4566 2439 4636 proprium,‘
2461 4566 2619 4619 alteri
2649 4565 2996 4649 [contrarium
3042 4564 3418 4634 cognoscitur.

176 4633 366 4711 ἑκάστῳ
397 4642 505 4694 τῶν
540 4644 823 4713 στοιχείων
865 4645 1013 4700 ἔστιν
1043 4649 1226 4719 εὑρεῖν
1256 4668 1378 4705 τινα
1423 4653 1642 4718 πάντως
1674 4657 1734 4709 ἐν

171 4729 268 4792 τοῖς
308 4731 557 4803 ίδιώμασι
596 4735 735 4806 πρὸς
769 4737 838 4790 τά
874 4739 1225 4811 ἀντικείμενα
1267 4744 1468 4817 μάχην.
1524 4746 1734 4817 Ὥσπερ

173 4817 264 4888 γὰρ
290 4822 377 4875 ἐπὶ
419 4825 530 4878 τῶν
567 4827 1048 4896 μνημονευθέντων
1100 4833 1381 4903 στοιχείων
1428 4835 1732 4890 ἀντιϐαίνει

169 4908 237 4976 τῷ
251 4912 340 4979 μὲν
354 4914 598 4986 ψυκρῷἡ
618 4915 911 4989 θερμότης,
929 4918 1006 4990 τῷ
1020 4920 1077 4973 δὲ
1099 4921 1299 4994 ὑγρῷή
1320 4924 1574 4996 ξηρότης,
1590 4925 1735 4979 οὕτω

175 4998 313 5052 πάλιν
335 5004 474 5055 κατά
502 5002 602 5075 τὴν
633 5004 827 5076 ἑτέραν
854 5006 1147 5080 διάμετρον
1177 5010 1270 5064 ἐπὶ
1297 5011 1395 5082 τῆς
1424 5012 1530 5081 γῆς
1552 5030 1612 5067 τε
1639 5014 1735 5067 καὶ

172 5094 253 5147 τοῦ
281 5096 434 5168 ἀέρος
469 5098 532 5165 ἐξ
556 5101 799 5154 ἐναντίου
821 5103 958 5155 εἰσιν
999 5105 1057 5157 αἱ
1083 5106 1142 5156 ἐν
1173 5106 1419 5178 ἐκατέρῳ
1451 5108 1734 5179 ποιότητες

172 5183 400 5257 ἀλλήλαις
424 5190 880 5263 ἀντικαθήμεναν
908 5196 1205 5267 στερῤότης
1245 5214 1306 5251 τε
1333 5200 1429 5253 καὶ
1459 5201 1695 5274 μανότης
1712 5243 1731 5270 ,

169 5276 427 5336 ἀντιτυπία
446 5284 545 5337 καὶ
568 5284 849 5356 ἀραιότης,
883 5287 1124 5360 βαρύτης
1138 5306 1198 5342 τε
1219 5292 1313 5344 καὶ
1329 5294 1617 5365 κουφότηςι
1640 5297 1733 5350 καὶ

170 5365 254 5420 ὅτι
274 5370 402 5426 ἀλλα
430 5374 579 5428 κατά
598 5376 660 5429 τὸ
684 5376 888 5442 ἰδιάζον
912 5381 970 5432 ἐν
996 5380 1247 5453 ἑκατέρῳ
1270 5382 1497 5447 τούτων,
1530 5388 1594 5441 ἐκ
1624 5388 1734 5442 τῶν

169 5456 400 5516 ἐναντίων
426 5464 780 5537 γνωρίζεται.
820 5469 1029 5541 Ὠσπερ
1061 5471 1245 5526 τοίνυν
1291 5476 1361 5527 ἐν.
1391 5474 1603 5541 τούτοις
1633 5479 1734 5533 οὐκ

170 5547 293 5604 ἔστιν
318 5556 492 5609 εἰπεῖν
526 5556 823 5629 τρέφεσθαι
874 5560 950 5631 τῷ
985 5563 1214 5633 ἐναντίῳ
1244 5566 1306 5618 τὸ
1338 5566 1525 5638 ἕτερον
1550 5586 1562 5597 ·
1610 5569 1734 5624 οὔτε

168 5641 261 5713 γὰρ
283 5650 348 5719 τῇ
374 5648 595 5722 δαπάνῃ
617 5651 711 5705 τοῦ
740 5653 1036 5725 ἐμϐριθοῦς
1062 5657 1095 5727 ἡ
1124 5657 1182 5711 ἐν
1204 5657 1281 5729 τῷ
1310 5658 1434 5730 ἀέρι
1462 5662 1732 5734 κουφότης
1760 5700 1767 5705 -

172 5732 390 5803 αὒξεται,
420 5740 551 5795 οὒτε
587 5745 644 5797 τὸ
678 5746 870 5799 ναστὸν
902 5748 1003 5817 τῆς
1041 5750 1142 5816 γῆς
1192 5752 1408 5820 ἐνεργεῖ
1451 5753 1544 5806 τοῦ
1582 5732 1731 5810 ἀντι-

174 5831 486 5900 στοιχοῦντος
528 5836 624 5908 τὴν
656 5838 977 5911 ἀραιότητα,
1025 5840 1147 5897 οὔτε
1183 5844 1245 5897 τὰ
1274 5844 1435 5899 λοιπά
1470 5848 1597 5918 περὶ
1631 5850 1729 5921 τὴν

1837 4662 1910 4718 Ut
1942 4660 2109 4731 igitur
2154 4660 2208 4713 in
2237 4658 2321 4713 his
2357 4658 2542 4713 dicere
2568 4673 2679 4711 non
2721 4672 3048 4729 possumus,
3084 4658 3419 4712 contrarium

1836 4769 2005 4809 unum
2037 4753 2210 4808 altero
2237 4751 2520 4807 contrario
2559 4750 2785 4816 nutriri,
2821 4765 2925 4807 nec
2962 4750 3250 4821 gravitatis
3289 4765 3414 4805 con-

1836 4843 2150 4913 sumptione
2179 4841 2323 4896 aeris
2347 4841 2621 4894 levitatem
2651 4839 2862 4910 augeri,
2893 4854 3070 4910 neque
3102 4846 3263 4893 terra:
3291 4839 3427 4893 den-

1836 4935 2054 4990 sitatem
2096 4932 2334 5003 oppositi
2380 4929 2634 4987 elementi
2700 4930 2982 4984 raritatem
3034 4928 3268 4996 ellicere,
3331 4938 3424 4984 aut

1835 5024 2076 5093 reliquas
2114 5023 2238 5091 ejus
2274 5021 2655 5091 proprietates]
2691 5020 2837 5076 alere
2867 5033 3058 5076 aereas
3086 5020 3417 5091 qualitates:

1836 5118 1939 5181 sic,
1979 5117 2189 5185 inquiet
2212 5114 2435 5184 aliquis,
2477 5113 2732 5184 frigidum
2795 5113 3014 5184 quidem
3048 5120 3103 5168 et
3136 5113 3420 5167 humidum

1835 5210 2015 5267 calido
2062 5215 2117 5264 et
2156 5209 2304 5264 sicco
2334 5222 2461 5262 esse
2498 5208 2803 5272 contraria,
2865 5223 2975 5262 non
3017 5215 3195 5260 tamen
3237 5203 3417 5275 sequi,

1834 5311 1897 5357 ut
1924 5308 2118 5355 mutuo
2150 5299 2293 5355 inter
2321 5313 2381 5354 se
2414 5298 2641 5353 interitu
2671 5299 3009 5359 nutriantur,
3050 5312 3228 5365 neque
3258 5311 3325 5351 ex
3355 5311 3423 5351 eo

1834 5392 1979 5463 quod
2004 5392 2234 5445 alterum
2258 5404 2367 5443 non
2395 5389 2486 5452 sit,
2516 5389 2747 5443 alterum
2772 5402 2914 5443 esse.
2944 5385 3059 5439 lloc
3086 5384 3233 5440 enim
3261 5393 3423 5456 pacto

1834 5489 2091 5540 neutrum
2144 5470 2496 5543 consisteret,
2553 5481 2601 5534 si
2646 5479 2933 5546 utriusque
2970 5474 3056 5530 vis
3102 5475 3157 5530 in
3191 5477 3422 5535 alterius

1834 5575 2058 5632 interitu
2104 5573 2208 5628 sita
2252 5572 2433 5627 foret:
2491 5585 2590 5641 par
2625 5570 2773 5624 enim
2818 5569 2873 5623 in
2913 5574 3147 5637 utroque
3173 5584 3421 5625 corrum-

1834 5666 1998 5739 pendi
2032 5666 2264 5720 alterum
2289 5668 2534 5733 potestas
2564 5667 2667 5722 est,
2698 5665 2754 5713 et
2784 5673 3002 5730 semper
3031 5659 3429 5729 ex’superautis‘
3502 5716 3505 5721 ,

1836 5759 2078 5832 potentia
2125 5757 2253 5812 victi
2312 5753 2582 5825 pernicies
2643 5752 2911 5815 nascitur.
2984 5751 3151 5823 idque
3205 5753 3419 5822 experi-

1837 5858 2022 5907 mento
2048 5847 2420 5905 confirmatur.
2470 5843 2526 5900 Si
2560 5841 2846 5899 materiam
2879 5842 3120 5914 aliquam
3152 5843 3295 5915 ignis
3321 5856 3415 5913 ap-
