  <div class='ocr_page' id='page_1' title='image "/cluster/home/n/w/nwhite01/storage/ocr_20150623/44:no.1/coo.31924054869445/053.png"; bbox 0 0 3880 6418; ppageno 0'>
   <div class='ocr_carea' id='block_1_1' title="bbox 420 406 3735 473">
    <p class='ocr_par' dir='ltr' id='par_1_1' title="bbox 420 406 3735 473">
     <span class='ocr_line' id='line_1_1' title="bbox 420 406 3735 473; baseline -0.002 -2"><span class='ocrx_word' id='word_1_1' title='bbox 420 416 479 472; x_wconf 82' lang='lat'><strong>9|</strong></span> <span class='ocrx_word' id='word_1_2' title='bbox 1676 413 1732 469; x_wconf 90' lang='lat' dir='ltr'><strong>S.</strong></span> <span class='ocrx_word' id='word_1_3' title='bbox 1774 410 2104 473; x_wconf 75' lang='lat' dir='ltr'><strong>GREGORII</strong></span> <span class='ocrx_word' id='word_1_4' title='bbox 2142 411 2437 472; x_wconf 74' lang='lat' dir='ltr'><strong>NYSSENI</strong></span> <span class='ocrx_word' id='word_1_5' title='bbox 3652 406 3735 466; x_wconf 74' lang='grc' dir='ltr'>οε</span> 
     </span>
    </p>
   </div>
   <div class='ocr_carea' id='block_1_2' title="bbox 430 519 2062 606">
    <p class='ocr_par' dir='ltr' id='par_1_2' title="bbox 430 526 2062 600">
     <span class='ocr_line' id='line_1_2' title="bbox 430 526 2062 600; baseline -0.003 -11"><span class='ocrx_word' id='word_1_6' title='bbox 430 530 802 600; x_wconf 70' lang='lat' dir='ltr'><strong>prehenderit,</strong></span> <span class='ocrx_word' id='word_1_7' title='bbox 829 528 1027 587; x_wconf 88' lang='lat' dir='ltr'><strong>deinde</strong></span> <span class='ocrx_word' id='word_1_8' title='bbox 1050 544 1189 600; x_wconf 88' lang='lat' dir='ltr'><strong>aqua</strong></span> <span class='ocrx_word' id='word_1_9' title='bbox 1220 526 1569 599; x_wconf 73' lang='lat' dir='ltr'><strong>conjiciatur,</strong></span> <span class='ocrx_word' id='word_1_10' title='bbox 1600 541 1853 585; x_wconf 90' lang='lat' dir='ltr'><strong>mutuum</strong></span> <span class='ocrx_word' id='word_1_11' title='bbox 1881 528 2015 585; x_wconf 85' lang='lat' dir='ltr'><strong>utri-</strong></span> <span class='ocrx_word' id='word_1_12' title='bbox 2040 535 2062 594; x_wconf 64' lang='grc' dir='ltr'><em>Α</em></span> 
     </span>
    </p>
   </div>
   <div class='ocr_carea' id='block_1_3' title="bbox 2169 519 3739 606">
    <p class='ocr_par' dir='ltr' id='par_1_3' title="bbox 2169 519 3739 606">
     <span class='ocr_line' id='line_1_3' title="bbox 2169 519 3739 606; baseline -0.004 -25"><span class='ocrx_word' id='word_1_13' title='bbox 2169 529 2222 599; x_wconf 59' lang='grc' dir='ltr'><strong>ἢν</strong></span> <span class='ocrx_word' id='word_1_14' title='bbox 2253 525 2557 598; x_wconf 80' lang='grc' dir='ltr'>ἰδιώματα,</span> <span class='ocrx_word' id='word_1_15' title='bbox 2605 522 2695 578; x_wconf 82' lang='grc' dir='ltr'><strong>διὰ</strong></span> <span class='ocrx_word' id='word_1_16' title='bbox 2723 522 2827 606; x_wconf 74' lang='grc' dir='ltr'><strong>τῆς</strong></span> <span class='ocrx_word' id='word_1_17' title='bbox 2859 520 3072 576; x_wconf 70' lang='grc' dir='ltr'>ἑαυτῶν</span> <span class='ocrx_word' id='word_1_18' title='bbox 3116 520 3366 593; x_wconf 77' lang='grc' dir='ltr'>δαπάνης</span> <span class='ocrx_word' id='word_1_19' title='bbox 3396 519 3597 592; x_wconf 77' lang='grc' dir='ltr'>τρέφει</span> <span class='ocrx_word' id='word_1_20' title='bbox 3622 524 3739 588; x_wconf 76' lang='grc' dir='ltr'>τὰς</span> 
     </span>
    </p>
   </div>
   <div class='ocr_carea' id='block_1_4' title="bbox 430 615 2062 697">
    <p class='ocr_par' dir='ltr' id='par_1_4' title="bbox 430 620 2014 697">
     <span class='ocr_line' id='line_1_4' title="bbox 430 620 2014 697; baseline -0.004 -14"><span class='ocrx_word' id='word_1_21' title='bbox 430 641 609 697; x_wconf 81' lang='lat' dir='ltr'><strong>usque</strong></span> <span class='ocrx_word' id='word_1_22' title='bbox 650 623 959 680; x_wconf 90' lang='lat' dir='ltr'><strong>videbimus</strong></span> <span class='ocrx_word' id='word_1_23' title='bbox 1002 623 1252 679; x_wconf 80' lang='lat' dir='ltr'><strong>exitium.</strong></span> <span class='ocrx_word' id='word_1_24' title='bbox 1308 620 1466 688; x_wconf 84' lang='lat' dir='ltr'><strong>Quod</strong></span> <span class='ocrx_word' id='word_1_25' title='bbox 1513 621 1657 676; x_wconf 89' lang='lat' dir='ltr'><strong>enim</strong></span> <span class='ocrx_word' id='word_1_26' title='bbox 1695 622 1749 676; x_wconf 92' lang='lat' dir='ltr'><strong>in</strong></span> <span class='ocrx_word' id='word_1_27' title='bbox 1779 631 2014 692; x_wconf 89' lang='lat' dir='ltr'><strong>utroque</strong></span> 
     </span>
    </p>
   </div>
   <div class='ocr_carea' id='block_1_5' title="bbox 2169 615 3739 697">
    <p class='ocr_par' dir='ltr' id='par_1_5' title="bbox 2169 615 3739 694">
     <span class='ocr_line' id='line_1_5' title="bbox 2169 615 3739 694; baseline -0.003 -19"><span class='ocrx_word' id='word_1_28' title='bbox 2169 622 2336 694; x_wconf 73' lang='grc' dir='ltr'>ιρίους</span> <span class='ocrx_word' id='word_1_29' title='bbox 2379 620 2671 690; x_wconf 80' lang='grc' dir='ltr'><strong>ποιότητας</strong></span> <span class='ocrx_word' id='word_1_30' title='bbox 2704 635 2719 651; x_wconf 88' lang='grc'><strong>·</strong></span> <span class='ocrx_word' id='word_1_31' title='bbox 2765 617 2943 682; x_wconf 80' lang='grc' dir='ltr'>οὕτως</span> <span class='ocrx_word' id='word_1_32' title='bbox 2975 616 3120 671; x_wconf 75' lang='grc' dir='ltr'>εἴποι</span> <span class='ocrx_word' id='word_1_33' title='bbox 3151 633 3238 680; x_wconf 90' lang='grc' dir='ltr'><strong>τις</strong></span> <span class='ocrx_word' id='word_1_34' title='bbox 3285 615 3352 670; x_wconf 75' lang='grc' dir='ltr'>ἂν</span> <span class='ocrx_word' id='word_1_35' title='bbox 3381 615 3441 682; x_wconf 70' lang='lat' dir='ltr'><strong>t5</strong></span> <span class='ocrx_word' id='word_1_36' title='bbox 3473 616 3739 671; x_wconf 72' lang='grc' dir='ltr'>ἐναντίου</span> 
     </span>
    </p>
   </div>
   <div class='ocr_carea' id='block_1_6' title="bbox 432 702 2062 785">
    <p class='ocr_par' dir='ltr' id='par_1_6' title="bbox 432 702 2017 785">
     <span class='ocr_line' id='line_1_6' title="bbox 432 702 2017 785; baseline -0.002 -14"><span class='ocrx_word' id='word_1_37' title='bbox 432 714 771 780; x_wconf 77' lang='lat' dir='ltr'><strong>dominatur,</strong></span> <span class='ocrx_word' id='word_1_38' title='bbox 812 714 1043 768; x_wconf 84' lang='lat' dir='ltr'><strong>alterum</strong></span> <span class='ocrx_word' id='word_1_39' title='bbox 1070 712 1277 785; x_wconf 80' lang='lat' dir='ltr'><strong>perdit,</strong></span> <span class='ocrx_word' id='word_1_40' title='bbox 1306 728 1429 767; x_wconf 90' lang='lat' dir='ltr'><strong>cum</strong></span> <span class='ocrx_word' id='word_1_41' title='bbox 1462 720 1756 784; x_wconf 88' lang='lat' dir='ltr'><strong>utrumque</strong></span> <span class='ocrx_word' id='word_1_42' title='bbox 1789 702 2017 768; x_wconf 81' lang='lat' dir='ltr'><strong>alterius</strong></span> 
     </span>
    </p>
   </div>
   <div class='ocr_carea' id='block_1_7' title="bbox 2169 702 3742 785">
    <p class='ocr_par' dir='ltr' id='par_1_7' title="bbox 2169 708 3742 783">
     <span class='ocr_line' id='line_1_7' title="bbox 2169 708 3742 783; baseline -0.001 -16"><span class='ocrx_word' id='word_1_43' title='bbox 2169 715 2219 767; x_wconf 80' lang='lat' dir='ltr'><strong>tv</strong></span> <span class='ocrx_word' id='word_1_44' title='bbox 2246 710 2386 767; x_wconf 76' lang='grc' dir='ltr'>εἶναι</span> <span class='ocrx_word' id='word_1_45' title='bbox 2428 713 2490 766; x_wconf 85' lang='grc' dir='ltr'><strong>τδ</strong></span> <span class='ocrx_word' id='word_1_46' title='bbox 2523 713 2691 783; x_wconf 79' lang='grc' dir='ltr'>ὑγρόν</span> <span class='ocrx_word' id='word_1_47' title='bbox 2719 728 2778 765; x_wconf 87' lang='grc' dir='ltr'><strong>τε</strong></span> <span class='ocrx_word' id='word_1_48' title='bbox 2824 711 2920 764; x_wconf 80' lang='grc' dir='ltr'>καὶ</span> <span class='ocrx_word' id='word_1_49' title='bbox 2965 709 3211 781; x_wconf 83' lang='grc' dir='ltr'>ψυχρὸν,</span> <span class='ocrx_word' id='word_1_50' title='bbox 3255 708 3336 779; x_wconf 85' lang='grc' dir='ltr'>τῷ</span> <span class='ocrx_word' id='word_1_51' title='bbox 3387 708 3585 780; x_wconf 80' lang='grc' dir='ltr'>θερμῷ</span> <span class='ocrx_word' id='word_1_52' title='bbox 3631 711 3742 765; x_wconf 72' lang='grc' dir='ltr'>καὶ</span> 
     </span>
    </p>
   </div>
   <div class='ocr_carea' id='block_1_8' title="bbox 431 799 2062 877">
    <p class='ocr_par' dir='ltr' id='par_1_8' title="bbox 431 802 2017 875">
     <span class='ocr_line' id='line_1_8' title="bbox 431 802 2017 875; baseline 0.001 -17"><span class='ocrx_word' id='word_1_53' title='bbox 431 805 688 875; x_wconf 68' lang='lat' dir='ltr'><strong>potentiae</strong></span> <span class='ocrx_word' id='word_1_54' title='bbox 746 805 1032 874; x_wconf 83' lang='lat' dir='ltr'><strong>superanti</strong></span> <span class='ocrx_word' id='word_1_55' title='bbox 1083 804 1289 875; x_wconf 84' lang='lat' dir='ltr'><strong>pariter</strong></span> <span class='ocrx_word' id='word_1_56' title='bbox 1332 803 1514 859; x_wconf 83' lang='lat' dir='ltr'><strong>cedat.</strong></span> <span class='ocrx_word' id='word_1_57' title='bbox 1562 802 1816 870; x_wconf 86' lang='lat' dir='ltr'><strong>Quandiu</strong></span> <span class='ocrx_word' id='word_1_58' title='bbox 1869 806 2017 860; x_wconf 90' lang='lat' dir='ltr'><strong>enim</strong></span> 
     </span>
    </p>
   </div>
   <div class='ocr_carea' id='block_1_9' title="bbox 2169 799 3748 877">
    <p class='ocr_par' dir='ltr' id='par_1_9' title="bbox 2169 799 3748 877">
     <span class='ocr_line' id='line_1_9' title="bbox 2169 799 3748 877; baseline -0.001 -19"><span class='ocrx_word' id='word_1_59' title='bbox 2169 803 2270 877; x_wconf 58' lang='grc' dir='ltr'>γρῷ</span> <span class='ocrx_word' id='word_1_60' title='bbox 2293 844 2308 868; x_wconf 94' lang='grc'><strong>,</strong></span> <span class='ocrx_word' id='word_1_61' title='bbox 2360 804 2437 876; x_wconf 84' lang='grc' dir='ltr'>μὴ</span> <span class='ocrx_word' id='word_1_62' title='bbox 2486 804 2670 875; x_wconf 87' lang='grc' dir='ltr'>μέντοι</span> <span class='ocrx_word' id='word_1_63' title='bbox 2716 800 3015 874; x_wconf 87' lang='grc' dir='ltr'>τρέφεσθαι</span> <span class='ocrx_word' id='word_1_64' title='bbox 3071 799 3246 855; x_wconf 89' lang='grc' dir='ltr'>ταῦτα</span> <span class='ocrx_word' id='word_1_65' title='bbox 3299 802 3420 865; x_wconf 82' lang='grc' dir='ltr'>ταῖς</span> <span class='ocrx_word' id='word_1_66' title='bbox 3475 799 3748 872; x_wconf 70' lang='grc' dir='ltr'>ἀλλήλων</span> 
     </span>
    </p>
   </div>
   <div class='ocr_carea' id='block_1_10' title="bbox 431 889 2062 969">
    <p class='ocr_par' dir='ltr' id='par_1_10' title="bbox 431 893 2019 967">
     <span class='ocr_line' id='line_1_10' title="bbox 431 893 2019 967; baseline 0.001 -18"><span class='ocrx_word' id='word_1_67' title='bbox 431 893 659 964; x_wconf 57' lang='lat' dir='ltr'><strong>aqualis</strong></span> <span class='ocrx_word' id='word_1_68' title='bbox 691 902 777 948; x_wconf 85' lang='lat' dir='ltr'><strong>est</strong></span> <span class='ocrx_word' id='word_1_69' title='bbox 798 896 1091 967; x_wconf 88' lang='lat' dir='ltr'><strong>utriusque</strong></span> <span class='ocrx_word' id='word_1_70' title='bbox 1121 896 1203 953; x_wconf 90' lang='lat' dir='ltr'><strong>vis</strong></span> <span class='ocrx_word' id='word_1_71' title='bbox 1232 903 1446 959; x_wconf 89' lang='lat' dir='ltr'><strong>mutua,</strong></span> <span class='ocrx_word' id='word_1_72' title='bbox 1480 898 1740 967; x_wconf 88' lang='lat' dir='ltr'><strong>utrinque</strong></span> <span class='ocrx_word' id='word_1_73' title='bbox 1772 904 2019 952; x_wconf 90' lang='lat' dir='ltr'><strong>tentatur</strong></span> 
     </span>
    </p>
   </div>
   <div class='ocr_carea' id='block_1_11' title="bbox 2169 889 3747 969">
    <p class='ocr_par' dir='ltr' id='par_1_11' title="bbox 2169 889 3747 969">
     <span class='ocr_line' id='line_1_11' title="bbox 2169 889 3747 969; baseline -0.003 -19"><span class='ocrx_word' id='word_1_74' title='bbox 2169 897 2387 969; x_wconf 82' lang='grc' dir='ltr'>θοραῖς,</span> <span class='ocrx_word' id='word_1_75' title='bbox 2452 897 2591 969; x_wconf 78' lang='grc' dir='ltr'>μηδὲ</span> <span class='ocrx_word' id='word_1_76' title='bbox 2650 896 2751 966; x_wconf 79' lang='grc' dir='ltr'><strong>τὴν</strong></span> <span class='ocrx_word' id='word_1_77' title='bbox 2818 894 2913 948; x_wconf 86' lang='grc' dir='ltr'><strong>τοῦ</strong></span> <span class='ocrx_word' id='word_1_78' title='bbox 2975 889 3117 947; x_wconf 76' lang='grc' dir='ltr'>εἶναι</span> <span class='ocrx_word' id='word_1_79' title='bbox 3189 892 3398 947; x_wconf 84' lang='grc' dir='ltr'>τούτων</span> <span class='ocrx_word' id='word_1_80' title='bbox 3461 892 3747 965; x_wconf 72' lang='grc' dir='ltr'>ἑκάτερον</span> 
     </span>
    </p>
   </div>
   <div class='ocr_carea' id='block_1_12' title="bbox 436 981 2062 1059">
    <p class='ocr_par' dir='ltr' id='par_1_12' title="bbox 436 985 2017 1055">
     <span class='ocr_line' id='line_1_12' title="bbox 436 985 2017 1055; baseline 0.001 -14"><span class='ocrx_word' id='word_1_81' title='bbox 436 985 774 1049; x_wconf 86' lang='lat' dir='ltr'><strong>internecio;</strong></span> <span class='ocrx_word' id='word_1_82' title='bbox 822 994 878 1041; x_wconf 89' lang='lat' dir='ltr'><strong>et</strong></span> <span class='ocrx_word' id='word_1_83' title='bbox 919 996 1172 1042; x_wconf 88' lang='lat' dir='ltr'><strong>neutrum</strong></span> <span class='ocrx_word' id='word_1_84' title='bbox 1225 988 1397 1043; x_wconf 86' lang='lat' dir='ltr'><strong>altero</strong></span> <span class='ocrx_word' id='word_1_85' title='bbox 1427 988 1593 1043; x_wconf 85' lang='lat' dir='ltr'><strong>alitur</strong></span> <span class='ocrx_word' id='word_1_86' title='bbox 1621 998 1716 1042; x_wconf 92' lang='lat' dir='ltr'><strong>aut</strong></span> <span class='ocrx_word' id='word_1_87' title='bbox 1754 990 2017 1055; x_wconf 90' lang='lat' dir='ltr'><strong>nutritur,</strong></span> 
     </span>
    </p>
   </div>
   <div class='ocr_carea' id='block_1_13' title="bbox 2169 981 3745 1059">
    <p class='ocr_par' dir='ltr' id='par_1_13' title="bbox 2169 981 3745 1059">
     <span class='ocr_line' id='line_1_13' title="bbox 2169 981 3745 1059; baseline -0.003 -19"><span class='ocrx_word' id='word_1_88' title='bbox 2169 990 2374 1059; x_wconf 69' lang='grc' dir='ltr'>ἱναμιν,</span> <span class='ocrx_word' id='word_1_89' title='bbox 2421 990 2481 1041; x_wconf 87' lang='lat' dir='ltr'><strong>tv</strong></span> <span class='ocrx_word' id='word_1_90' title='bbox 2508 987 2586 1058; x_wconf 82' lang='grc' dir='ltr'>τῷ</span> <span class='ocrx_word' id='word_1_91' title='bbox 2622 988 2698 1059; x_wconf 78' lang='grc' dir='ltr'>μὴ</span> <span class='ocrx_word' id='word_1_92' title='bbox 2730 981 2870 1041; x_wconf 77' lang='grc' dir='ltr'>εἷναι</span> <span class='ocrx_word' id='word_1_93' title='bbox 2897 985 2961 1039; x_wconf 82' lang='grc' dir='ltr'><strong>τδ</strong></span> <span class='ocrx_word' id='word_1_94' title='bbox 2989 985 3179 1054; x_wconf 74' lang='grc' dir='ltr'>ἕτερον</span> <span class='ocrx_word' id='word_1_95' title='bbox 3207 983 3376 1055; x_wconf 73' lang='grc' dir='ltr'>ἔχειν.</span> <span class='ocrx_word' id='word_1_96' title='bbox 3422 983 3588 1038; x_wconf 84' lang='grc' dir='ltr'>Οῦτω</span> <span class='ocrx_word' id='word_1_97' title='bbox 3618 984 3745 1057; x_wconf 82' lang='grc' dir='ltr'>γὰρ</span> 
     </span>
    </p>
   </div>
   <div class='ocr_carea' id='block_1_14' title="bbox 436 1076 2062 1153">
    <p class='ocr_par' dir='ltr' id='par_1_14' title="bbox 436 1076 2027 1147">
     <span class='ocr_line' id='line_1_14' title="bbox 436 1076 2027 1147; baseline 0.002 -16"><span class='ocrx_word' id='word_1_98' title='bbox 436 1076 532 1131; x_wconf 91' lang='lat' dir='ltr'><strong>sed</strong></span> <span class='ocrx_word' id='word_1_99' title='bbox 572 1083 869 1147; x_wconf 86' lang='lat' dir='ltr'><strong>utrumque</strong></span> <span class='ocrx_word' id='word_1_100' title='bbox 902 1078 1069 1132; x_wconf 90' lang='lat' dir='ltr'><strong>simul</strong></span> <span class='ocrx_word' id='word_1_101' title='bbox 1108 1078 1354 1134; x_wconf 74' lang='lat' dir='ltr'><strong>vicissim</strong></span> <span class='ocrx_word' id='word_1_102' title='bbox 1385 1079 1619 1135; x_wconf 89' lang='lat' dir='ltr'><strong>deletur.</strong></span> <span class='ocrx_word' id='word_1_103' title='bbox 1656 1081 1729 1137; x_wconf 91' lang='lat' dir='ltr'><strong>Ut</strong></span> <span class='ocrx_word' id='word_1_104' title='bbox 1754 1096 1849 1138; x_wconf 87' lang='lat' dir='ltr'><strong>eas</strong></span> <span class='ocrx_word' id='word_1_105' title='bbox 1878 1080 2027 1145; x_wconf 77' lang='lat' dir='ltr'><strong>feras</strong></span> 
     </span>
    </p>
   </div>
   <div class='ocr_carea' id='block_1_15' title="bbox 2169 1076 3740 1153">
    <p class='ocr_par' dir='ltr' id='par_1_15' title="bbox 2169 1077 3740 1153">
     <span class='ocr_line' id='line_1_15' title="bbox 2169 1077 3740 1153; baseline -0.003 -18"><span class='ocrx_word' id='word_1_106' title='bbox 2169 1100 2193 1135; x_wconf 87' lang='grc' dir='ltr'>ν</span> <span class='ocrx_word' id='word_1_107' title='bbox 2219 1082 2506 1153; x_wconf 77' lang='grc' dir='ltr'><strong>οὐθέτερον</strong></span> <span class='ocrx_word' id='word_1_108' title='bbox 2540 1082 2623 1151; x_wconf 88' lang='grc' dir='ltr'><strong>είη</strong></span> <span class='ocrx_word' id='word_1_109' title='bbox 2645 1121 2659 1142; x_wconf 92' lang='grc'><strong>,</strong></span> <span class='ocrx_word' id='word_1_110' title='bbox 2709 1081 2870 1149; x_wconf 75' lang='grc' dir='ltr'>εἰπερ</span> <span class='ocrx_word' id='word_1_111' title='bbox 2894 1078 2929 1147; x_wconf 80' lang='grc' dir='ltr'><strong>ἡ</strong></span> <span class='ocrx_word' id='word_1_112' title='bbox 2959 1077 3189 1148; x_wconf 72' lang='grc' dir='ltr'>διαμονή</span> <span class='ocrx_word' id='word_1_113' title='bbox 3215 1077 3530 1148; x_wconf 85' lang='grc' dir='ltr'>ἀμφοτέρου</span> <span class='ocrx_word' id='word_1_114' title='bbox 3567 1079 3631 1131; x_wconf 87' lang='lat' dir='ltr'><strong>tv</strong></span> <span class='ocrx_word' id='word_1_115' title='bbox 3663 1079 3740 1151; x_wconf 75' lang='grc' dir='ltr'><strong>τῇ</strong></span> 
     </span>
    </p>
   </div>
   <div class='ocr_carea' id='block_1_16' title="bbox 434 1166 2062 1244">
    <p class='ocr_par' dir='ltr' id='par_1_16' title="bbox 434 1166 2022 1242">
     <span class='ocr_line' id='line_1_16' title="bbox 434 1166 2022 1242; baseline 0.004 -22"><span class='ocrx_word' id='word_1_116' title='bbox 434 1181 547 1220; x_wconf 85' lang='lat' dir='ltr'><strong>non</strong></span> <span class='ocrx_word' id='word_1_117' title='bbox 574 1166 821 1222; x_wconf 85' lang='lat' dir='ltr'><strong>dicemus</strong></span> <span class='ocrx_word' id='word_1_118' title='bbox 849 1178 1097 1221; x_wconf 90' lang='lat' dir='ltr'><strong>mutuam</strong></span> <span class='ocrx_word' id='word_1_119' title='bbox 1131 1169 1236 1224; x_wconf 88' lang='lat' dir='ltr'><strong>sibi</strong></span> <span class='ocrx_word' id='word_1_120' title='bbox 1276 1170 1492 1225; x_wconf 83' lang='lat' dir='ltr'><strong>vivendi</strong></span> <span class='ocrx_word' id='word_1_121' title='bbox 1534 1170 1849 1227; x_wconf 78' lang='lat' dir='ltr'><strong>facultatem</strong></span> <span class='ocrx_word' id='word_1_122' title='bbox 1882 1186 2022 1242; x_wconf 79' lang='lat' dir='ltr'><strong>prae-</strong></span> 
     </span>
    </p>
   </div>
   <div class='ocr_carea' id='block_1_17' title="bbox 2169 1166 3739 1244">
    <p class='ocr_par' dir='ltr' id='par_1_17' title="bbox 2169 1168 3739 1244">
     <span class='ocr_line' id='line_1_17' title="bbox 2169 1168 3739 1244; baseline -0.004 -18"><span class='ocrx_word' id='word_1_123' title='bbox 2169 1171 2237 1226; x_wconf 81' lang='grc' dir='ltr'>ὧν</span> <span class='ocrx_word' id='word_1_124' title='bbox 2259 1173 2353 1227; x_wconf 85' lang='grc' dir='ltr'>δύο</span> <span class='ocrx_word' id='word_1_125' title='bbox 2381 1174 2559 1244; x_wconf 79' lang='grc' dir='ltr'>φθορᾷ</span> <span class='ocrx_word' id='word_1_126' title='bbox 2586 1173 2685 1243; x_wconf 77' lang='grc' dir='ltr'>τὴν</span> <span class='ocrx_word' id='word_1_127' title='bbox 2699 1171 2932 1241; x_wconf 79' lang='grc' dir='ltr'>δύναμιν</span> <span class='ocrx_word' id='word_1_128' title='bbox 2955 1169 3069 1241; x_wconf 78' lang='grc' dir='ltr'>ἔχοι</span> <span class='ocrx_word' id='word_1_129' title='bbox 3084 1187 3100 1201; x_wconf 88' lang='grc'><strong>·</strong></span> <span class='ocrx_word' id='word_1_130' title='bbox 3136 1168 3224 1238; x_wconf 85' lang='grc' dir='ltr'><strong>ίση</strong></span> <span class='ocrx_word' id='word_1_131' title='bbox 3244 1170 3354 1240; x_wconf 77' lang='grc' dir='ltr'><strong>γὰρ</strong></span> <span class='ocrx_word' id='word_1_132' title='bbox 3379 1171 3437 1223; x_wconf 84' lang='lat' dir='ltr'><strong>tv</strong></span> <span class='ocrx_word' id='word_1_133' title='bbox 3453 1169 3685 1240; x_wconf 78' lang='grc' dir='ltr'>ἑκάστῳ</span> <span class='ocrx_word' id='word_1_134' title='bbox 3700 1171 3739 1239; x_wconf 76' lang='grc' dir='ltr'><strong>ἠ</strong></span> 
     </span>
    </p>
   </div>
   <div class='ocr_carea' id='block_1_18' title="bbox 435 1255 2062 1337">
    <p class='ocr_par' dir='ltr' id='par_1_18' title="bbox 435 1255 2022 1326">
     <span class='ocr_line' id='line_1_18' title="bbox 435 1255 2022 1326; baseline 0.004 -17"><span class='ocrx_word' id='word_1_135' title='bbox 435 1255 587 1319; x_wconf 88' lang='lat' dir='ltr'><strong>bere,</strong></span> <span class='ocrx_word' id='word_1_136' title='bbox 621 1270 743 1326; x_wconf 66' lang='lat' dir='ltr'><strong>quae</strong></span> <span class='ocrx_word' id='word_1_137' title='bbox 770 1271 894 1311; x_wconf 83' lang='lat' dir='ltr'><strong>sese</strong></span> <span class='ocrx_word' id='word_1_138' title='bbox 922 1258 1165 1313; x_wconf 86' lang='lat' dir='ltr'><strong>vicissim</strong></span> <span class='ocrx_word' id='word_1_139' title='bbox 1196 1258 1498 1315; x_wconf 89' lang='lat' dir='ltr'><strong>devorant:</strong></span> <span class='ocrx_word' id='word_1_140' title='bbox 1533 1262 1614 1317; x_wconf 90' lang='lat' dir='ltr'><strong>sic</strong></span> <span class='ocrx_word' id='word_1_141' title='bbox 1651 1261 1936 1318; x_wconf 88' lang='lat' dir='ltr'><strong>humidum</strong></span> <span class='ocrx_word' id='word_1_142' title='bbox 1966 1270 2022 1319; x_wconf 90' lang='lat' dir='ltr'><strong>et</strong></span> 
     </span>
    </p>
   </div>
   <div class='ocr_carea' id='block_1_19' title="bbox 2169 1255 3745 1337">
    <p class='ocr_par' dir='ltr' id='par_1_19' title="bbox 2169 1260 3745 1337">
     <span class='ocr_line' id='line_1_19' title="bbox 2169 1260 3745 1337; baseline -0.002 -19"><span class='ocrx_word' id='word_1_143' title='bbox 2169 1263 2225 1318; x_wconf 88' lang='grc' dir='ltr'><strong>οῦ</strong></span> <span class='ocrx_word' id='word_1_144' title='bbox 2251 1265 2493 1337; x_wconf 77' lang='grc' dir='ltr'>φθείρειν</span> <span class='ocrx_word' id='word_1_145' title='bbox 2519 1265 2581 1318; x_wconf 83' lang='grc' dir='ltr'>τὸ</span> <span class='ocrx_word' id='word_1_146' title='bbox 2609 1265 2794 1335; x_wconf 70' lang='grc' dir='ltr'>ἕτερον</span> <span class='ocrx_word' id='word_1_147' title='bbox 2821 1262 3072 1333; x_wconf 86' lang='grc' dir='ltr'>δύναμις,</span> <span class='ocrx_word' id='word_1_148' title='bbox 3102 1263 3197 1314; x_wconf 70' lang='grc' dir='ltr'>καὶ</span> <span class='ocrx_word' id='word_1_149' title='bbox 3230 1261 3318 1314; x_wconf 77' lang='grc' dir='ltr'><strong>ἀεὶ</strong></span> <span class='ocrx_word' id='word_1_150' title='bbox 3353 1260 3745 1315; x_wconf 81' lang='grc' dir='ltr'>καταπλεονά-</span> 
     </span>
    </p>
   </div>
   <div class='ocr_carea' id='block_1_20' title="bbox 438 1348 2062 1429">
    <p class='ocr_par' dir='ltr' id='par_1_20' title="bbox 438 1348 2022 1415">
     <span class='ocr_line' id='line_1_20' title="bbox 438 1348 2022 1415; baseline 0.006 -14"><span class='ocrx_word' id='word_1_151' title='bbox 438 1348 648 1402; x_wconf 81' lang='lat' dir='ltr'><strong>siccum</strong></span> <span class='ocrx_word' id='word_1_152' title='bbox 712 1348 787 1402; x_wconf 91' lang='lat' dir='ltr'><strong>ita</strong></span> <span class='ocrx_word' id='word_1_153' title='bbox 827 1353 1106 1405; x_wconf 89' lang='lat' dir='ltr'><strong>contraria</strong></span> <span class='ocrx_word' id='word_1_154' title='bbox 1161 1359 1312 1415; x_wconf 89' lang='lat' dir='ltr'><strong>sunt,</strong></span> <span class='ocrx_word' id='word_1_155' title='bbox 1364 1360 1437 1407; x_wconf 84' lang='lat' dir='ltr'><strong>ut.</strong></span> <span class='ocrx_word' id='word_1_156' title='bbox 1462 1361 1719 1409; x_wconf 86' lang='lat' dir='ltr'><strong>neutrum</strong></span> <span class='ocrx_word' id='word_1_157' title='bbox 1749 1354 1821 1410; x_wconf 90' lang='lat' dir='ltr'><strong>ab</strong></span> <span class='ocrx_word' id='word_1_158' title='bbox 1847 1356 2022 1411; x_wconf 90' lang='lat' dir='ltr'><strong>altero</strong></span> 
     </span>
    </p>
   </div>
   <div class='ocr_carea' id='block_1_21' title="bbox 2169 1348 3747 1429">
    <p class='ocr_par' dir='ltr' id='par_1_21' title="bbox 2169 1351 3747 1429">
     <span class='ocr_line' id='line_1_21' title="bbox 2169 1351 3747 1429; baseline -0.004 -16"><span class='ocrx_word' id='word_1_159' title='bbox 2169 1377 2244 1416; x_wconf 89' lang='grc' dir='ltr'><strong>ων</strong></span> <span class='ocrx_word' id='word_1_160' title='bbox 2274 1356 2371 1412; x_wconf 90' lang='grc' dir='ltr'>τοῦ</span> <span class='ocrx_word' id='word_1_161' title='bbox 2417 1355 2842 1429; x_wconf 79' lang='grc' dir='ltr'>ἐπικρατοῦντος</span> <span class='ocrx_word' id='word_1_162' title='bbox 2867 1356 2898 1408; x_wconf 89' lang='grc' dir='ltr'><strong>ό</strong></span> <span class='ocrx_word' id='word_1_163' title='bbox 2929 1352 3239 1423; x_wconf 81' lang='grc' dir='ltr'>ἀφανισμδς</span> <span class='ocrx_word' id='word_1_164' title='bbox 3265 1351 3362 1405; x_wconf 87' lang='grc' dir='ltr'><strong>τοῦ</strong></span> <span class='ocrx_word' id='word_1_165' title='bbox 3397 1351 3747 1422; x_wconf 77' lang='grc' dir='ltr'><strong>λειπομένου</strong></span> 
     </span>
    </p>
   </div>
   <div class='ocr_carea' id='block_1_22' title="bbox 439 1441 2062 1523">
    <p class='ocr_par' dir='ltr' id='par_1_22' title="bbox 439 1441 2033 1506">
     <span class='ocr_line' id='line_1_22' title="bbox 439 1441 2033 1506; baseline 0.006 -15"><span class='ocrx_word' id='word_1_166' title='bbox 439 1448 819 1506; x_wconf 71' lang='lat' dir='ltr'><strong>cnnscrvetur,</strong></span> <span class='ocrx_word' id='word_1_167' title='bbox 874 1441 921 1495; x_wconf 91' lang='lat' dir='ltr'><strong>si</strong></span> <span class='ocrx_word' id='word_1_168' title='bbox 975 1457 1143 1495; x_wconf 93' lang='lat' dir='ltr'><strong>unum</strong></span> <span class='ocrx_word' id='word_1_169' title='bbox 1190 1442 1422 1499; x_wconf 85' lang='lat' dir='ltr'><strong>alterius</strong></span> <span class='ocrx_word' id='word_1_170' title='bbox 1465 1444 1692 1500; x_wconf 91' lang='lat' dir='ltr'><strong>interitu</strong></span> <span class='ocrx_word' id='word_1_171' title='bbox 1727 1447 2033 1501; x_wconf 62' lang='lat' dir='ltr'><strong>nutriatur.</strong></span> 
     </span>
    </p>
   </div>
   <div class='ocr_carea' id='block_1_23' title="bbox 2169 1441 3749 1523">
    <p class='ocr_par' dir='ltr' id='par_1_23' title="bbox 2169 1441 3749 1518">
     <span class='ocr_line' id='line_1_23' title="bbox 2169 1441 3749 1518; baseline -0.008 -12"><span class='ocrx_word' id='word_1_172' title='bbox 2169 1453 2347 1506; x_wconf 71' lang='lat' dir='ltr'><strong>&#39;ivsvat</strong></span> <span class='ocrx_word' id='word_1_173' title='bbox 2369 1469 2382 1483; x_wconf 89' lang='grc'><strong>·</strong></span> <span class='ocrx_word' id='word_1_174' title='bbox 2431 1450 2528 1503; x_wconf 77' lang='grc' dir='ltr'>καὶ</span> <span class='ocrx_word' id='word_1_175' title='bbox 2551 1449 2635 1502; x_wconf 85' lang='grc' dir='ltr'><strong>ὅτι</strong></span> <span class='ocrx_word' id='word_1_176' title='bbox 2665 1446 2874 1518; x_wconf 79' lang='grc' dir='ltr'>ἀληθὴς</span> <span class='ocrx_word' id='word_1_177' title='bbox 2904 1445 2935 1497; x_wconf 86' lang='grc' dir='ltr'><strong>ό</strong></span> <span class='ocrx_word' id='word_1_178' title='bbox 2965 1444 3148 1512; x_wconf 85' lang='grc' dir='ltr'>λόγος,</span> <span class='ocrx_word' id='word_1_179' title='bbox 3180 1443 3241 1509; x_wconf 76' lang='grc' dir='ltr'><strong>ἐξ</strong></span> <span class='ocrx_word' id='word_1_180' title='bbox 3282 1442 3455 1514; x_wconf 82' lang='grc' dir='ltr'>αὐτῆς</span> <span class='ocrx_word' id='word_1_181' title='bbox 3481 1441 3605 1496; x_wconf 73' lang='grc' dir='ltr'>ἔστι</span> <span class='ocrx_word' id='word_1_182' title='bbox 3635 1442 3749 1513; x_wconf 80' lang='grc' dir='ltr'>τῆς</span> 
     </span>
    </p>
   </div>
   <div class='ocr_carea' id='block_1_24' title="bbox 440 1529 2062 1616">
    <p class='ocr_par' dir='ltr' id='par_1_24' title="bbox 440 1529 2029 1603">
     <span class='ocr_line' id='line_1_24' title="bbox 440 1529 2029 1603; baseline 0.004 -20"><span class='ocrx_word' id='word_1_183' title='bbox 440 1529 811 1596; x_wconf 81' lang='lat' dir='ltr'><strong>Quamobrem</strong></span> <span class='ocrx_word' id='word_1_184' title='bbox 843 1531 977 1586; x_wconf 87' lang='lat' dir='ltr'><strong>mibi</strong></span> <span class='ocrx_word' id='word_1_185' title='bbox 1010 1533 1188 1603; x_wconf 84' lang='lat' dir='ltr'><strong>magis</strong></span> <span class='ocrx_word' id='word_1_186' title='bbox 1218 1542 1649 1591; x_wconf 87' lang='lat' dir='ltr'><strong>consentaneum</strong></span> <span class='ocrx_word' id='word_1_187' title='bbox 1683 1536 1917 1599; x_wconf 88' lang='lat' dir='ltr'><strong>videtur,</strong></span> <span class='ocrx_word' id='word_1_188' title='bbox 1968 1545 2029 1591; x_wconf 92' lang='lat' dir='ltr'><strong>ut</strong></span> 
     </span>
    </p>
   </div>
   <div class='ocr_carea' id='block_1_25' title="bbox 2169 1529 3751 1616">
    <p class='ocr_par' dir='ltr' id='par_1_25' title="bbox 2169 1534 3751 1616">
     <span class='ocr_line' id='line_1_25' title="bbox 2169 1534 3751 1616; baseline -0.006 -17"><span class='ocrx_word' id='word_1_189' title='bbox 2169 1545 2337 1616; x_wconf 77' lang='grc' dir='ltr'>ιείρας</span> <span class='ocrx_word' id='word_1_190' title='bbox 2378 1541 2536 1596; x_wconf 84' lang='grc' dir='ltr'>τοῦτο</span> <span class='ocrx_word' id='word_1_191' title='bbox 2573 1540 2787 1613; x_wconf 72' lang='grc' dir='ltr'>μαθεῖν.</span> <span class='ocrx_word' id='word_1_192' title='bbox 2834 1539 3005 1593; x_wconf 85' lang='grc' dir='ltr'>Ὅταν</span> <span class='ocrx_word' id='word_1_193' title='bbox 3034 1538 3145 1611; x_wconf 82' lang='grc' dir='ltr'>γάρ</span> <span class='ocrx_word' id='word_1_194' title='bbox 3172 1553 3320 1600; x_wconf 88' lang='grc' dir='ltr'>τινος</span> <span class='ocrx_word' id='word_1_195' title='bbox 3348 1535 3482 1607; x_wconf 77' lang='grc' dir='ltr'>ὕλης</span> <span class='ocrx_word' id='word_1_196' title='bbox 3526 1534 3593 1588; x_wconf 77' lang='grc' dir='ltr'>τὸ</span> <span class='ocrx_word' id='word_1_197' title='bbox 3625 1534 3751 1607; x_wconf 83' lang='grc' dir='ltr'><strong>πῦρ</strong></span> 
     </span>
    </p>
   </div>
   <div class='ocr_carea' id='block_1_26' title="bbox 441 1620 2062 1707">
    <p class='ocr_par' dir='ltr' id='par_1_26' title="bbox 441 1620 2032 1707">
     <span class='ocr_line' id='line_1_26' title="bbox 441 1620 2032 1707; baseline 0.008 -33"><span class='ocrx_word' id='word_1_198' title='bbox 441 1620 519 1675; x_wconf 90' lang='lat' dir='ltr'><strong>ita</strong></span> <span class='ocrx_word' id='word_1_199' title='bbox 544 1630 876 1688; x_wconf 78' lang='lat' dir='ltr'><strong>statuamus,</strong></span> <span class='ocrx_word' id='word_1_200' title='bbox 899 1626 1157 1707; x_wconf 84' lang='lat' dir='ltr'><strong>quoniam</strong></span> <span class='ocrx_word' id='word_1_201' title='bbox 1184 1627 1370 1682; x_wconf 87' lang='lat' dir='ltr'><strong>omnia</strong></span> <span class='ocrx_word' id='word_1_202' title='bbox 1391 1643 1514 1699; x_wconf 70' lang='lat' dir='ltr'><strong>quae</strong></span> <span class='ocrx_word' id='word_1_203' title='bbox 1535 1627 1680 1685; x_wconf 84' lang='lat' dir='ltr'><strong>Deus</strong></span> <span class='ocrx_word' id='word_1_204' title='bbox 1707 1629 1854 1693; x_wconf 87' lang='lat' dir='ltr'><strong>fecit,</strong></span> <span class='ocrx_word' id='word_1_205' title='bbox 1874 1629 2032 1686; x_wconf 81' lang='lat' dir='ltr'><strong>valde</strong></span> 
     </span>
    </p>
   </div>
   <div class='ocr_carea' id='block_1_27' title="bbox 2169 1620 3749 1707">
    <p class='ocr_par' dir='ltr' id='par_1_27' title="bbox 2169 1625 3749 1707">
     <span class='ocr_line' id='line_1_27' title="bbox 2169 1625 3749 1707; baseline -0.007 -18"><span class='ocrx_word' id='word_1_206' title='bbox 2169 1632 2554 1707; x_wconf 75' lang='grc' dir='ltr'>τεριδρὰξηται,</span> <span class='ocrx_word' id='word_1_207' title='bbox 2603 1627 2723 1684; x_wconf 77' lang='grc' dir='ltr'>εἶτα</span> <span class='ocrx_word' id='word_1_208' title='bbox 2770 1629 2985 1701; x_wconf 74' lang='grc' dir='ltr'>ὲπαχθῇ</span> <span class='ocrx_word' id='word_1_209' title='bbox 3026 1629 3088 1682; x_wconf 71' lang='grc' dir='ltr'><strong>τὸ</strong></span> <span class='ocrx_word' id='word_1_210' title='bbox 3126 1627 3291 1698; x_wconf 77' lang='grc' dir='ltr'>ὕδωρ,</span> <span class='ocrx_word' id='word_1_211' title='bbox 3341 1625 3532 1694; x_wconf 88' lang='grc' dir='ltr'>σαφῶς</span> <span class='ocrx_word' id='word_1_212' title='bbox 3584 1625 3749 1678; x_wconf 75' lang='grc' dir='ltr'>ἐστιν</span> 
     </span>
    </p>
   </div>
   <div class='ocr_carea' id='block_1_28' title="bbox 441 1712 2033 1792">
    <p class='ocr_par' dir='ltr' id='par_1_28' title="bbox 441 1712 2033 1792">
     <span class='ocr_line' id='line_1_28' title="bbox 441 1712 2033 1792; baseline 0.004 -24"><span class='ocrx_word' id='word_1_213' title='bbox 441 1712 584 1768; x_wconf 83' lang='lat' dir='ltr'><strong>bona</strong></span> <span class='ocrx_word' id='word_1_214' title='bbox 616 1713 952 1785; x_wconf 90' lang='lat' dir='ltr'><strong>pulchraque</strong></span> <span class='ocrx_word' id='word_1_215' title='bbox 985 1724 1135 1784; x_wconf 88' lang='lat' dir='ltr'><strong>sunt,</strong></span> <span class='ocrx_word' id='word_1_216' title='bbox 1160 1717 1215 1772; x_wconf 88' lang='lat' dir='ltr'><strong>in</strong></span> <span class='ocrx_word' id='word_1_217' title='bbox 1246 1718 1477 1789; x_wconf 77' lang='lat' dir='ltr'><strong>singulis</strong></span> <span class='ocrx_word' id='word_1_218' title='bbox 1508 1719 1707 1792; x_wconf 89' lang='lat' dir='ltr'><strong>inspici</strong></span> <span class='ocrx_word' id='word_1_219' title='bbox 1729 1720 2033 1791; x_wconf 87' lang='lat' dir='ltr'><strong>pulchritu-</strong></span> 
     </span>
    </p>
   </div>
   <div class='ocr_carea' id='block_1_29' title="bbox 2142 1717 3748 1795">
    <p class='ocr_par' dir='ltr' id='par_1_29' title="bbox 2142 1717 3748 1795">
     <span class='ocr_line' id='line_1_29' title="bbox 2142 1717 3748 1795; baseline -0.009 -10"><span class='ocrx_word' id='word_1_220' title='bbox 2142 1730 2272 1785; x_wconf 85' lang='grc' dir='ltr'>ἰδεῖν</span> <span class='ocrx_word' id='word_1_221' title='bbox 2290 1727 2400 1782; x_wconf 88' lang='grc' dir='ltr'><strong>τῶν</strong></span> <span class='ocrx_word' id='word_1_222' title='bbox 2423 1726 2518 1780; x_wconf 80' lang='grc' dir='ltr'><strong>δύο</strong></span> <span class='ocrx_word' id='word_1_223' title='bbox 2543 1725 2748 1779; x_wconf 86' lang='grc' dir='ltr'>τούτων</span> <span class='ocrx_word' id='word_1_224' title='bbox 2770 1723 2870 1795; x_wconf 79' lang='grc' dir='ltr'><strong>τὴν</strong></span> <span class='ocrx_word' id='word_1_225' title='bbox 2895 1724 2955 1776; x_wconf 88' lang='lat' dir='ltr'><strong>tv</strong></span> <span class='ocrx_word' id='word_1_226' title='bbox 2980 1721 3234 1793; x_wconf 80' lang='grc' dir='ltr'>ἀλλήλοις</span> <span class='ocrx_word' id='word_1_227' title='bbox 3263 1719 3471 1791; x_wconf 80' lang='grc' dir='ltr'>φθοράν</span> <span class='ocrx_word' id='word_1_228' title='bbox 3491 1734 3508 1750; x_wconf 66' lang='grc' dir='ltr'><strong>θ</strong></span> <span class='ocrx_word' id='word_1_229' title='bbox 3539 1717 3607 1772; x_wconf 82' lang='grc' dir='ltr'><strong>τὺ</strong></span> <span class='ocrx_word' id='word_1_230' title='bbox 3632 1717 3748 1788; x_wconf 85' lang='grc' dir='ltr'><strong>γὰρ</strong></span> 
     </span>
    </p>
   </div>
   <div class='ocr_carea' id='block_1_30' title="bbox 443 1802 2062 1894">
    <p class='ocr_par' dir='ltr' id='par_1_30' title="bbox 443 1802 2034 1877">
     <span class='ocr_line' id='line_1_30' title="bbox 443 1802 2034 1877; baseline 0.006 -22"><span class='ocrx_word' id='word_1_231' title='bbox 443 1802 591 1858; x_wconf 90' lang='lat' dir='ltr'><strong>diuis</strong></span> <span class='ocrx_word' id='word_1_232' title='bbox 637 1803 1032 1873; x_wconf 80' lang='lat' dir='ltr'><strong>perfectionem</strong></span> <span class='ocrx_word' id='word_1_233' title='bbox 1075 1816 1358 1877; x_wconf 85' lang='lat' dir='ltr'><strong>oportere.</strong></span> <span class='ocrx_word' id='word_1_234' title='bbox 1412 1808 1634 1865; x_wconf 84' lang='lat' dir='ltr'><strong>Additio</strong></span> <span class='ocrx_word' id='word_1_235' title='bbox 1683 1810 1831 1865; x_wconf 89' lang='lat' dir='ltr'><strong>enim</strong></span> <span class='ocrx_word' id='word_1_236' title='bbox 1883 1809 2034 1865; x_wconf 90' lang='lat' dir='ltr'><strong>illius</strong></span> 
     </span>
    </p>
   </div>
   <div class='ocr_carea' id='block_1_31' title="bbox 2169 1802 3752 1894">
    <p class='ocr_par' dir='ltr' id='par_1_31' title="bbox 2172 1809 3752 1894">
     <span class='ocr_line' id='line_1_31' title="bbox 2172 1809 3752 1894; baseline -0.011 -17"><span class='ocrx_word' id='word_1_237' title='bbox 2172 1819 2472 1894; x_wconf 86' lang='grc' dir='ltr'>πικρατοῦν</span> <span class='ocrx_word' id='word_1_238' title='bbox 2526 1821 2586 1873; x_wconf 82' lang='lat' dir='ltr'><strong>tv</strong></span> <span class='ocrx_word' id='word_1_239' title='bbox 2628 1817 2838 1880; x_wconf 80' lang='grc' dir='ltr'><strong>τούτοις</strong></span> <span class='ocrx_word' id='word_1_240' title='bbox 2884 1816 3137 1885; x_wconf 75' lang='grc' dir='ltr'>ἀφανίζει</span> <span class='ocrx_word' id='word_1_241' title='bbox 3196 1814 3260 1868; x_wconf 79' lang='grc' dir='ltr'>τὸ</span> <span class='ocrx_word' id='word_1_242' title='bbox 3315 1812 3505 1881; x_wconf 65' lang='grc' dir='ltr'>ἕτερον</span> <span class='ocrx_word' id='word_1_243' title='bbox 3531 1850 3548 1875; x_wconf 90' lang='grc'><strong>,</strong></span> <span class='ocrx_word' id='word_1_244' title='bbox 3610 1809 3752 1874; x_wconf 74' lang='grc' dir='ltr'>ἴσως</span> 
     </span>
    </p>
   </div>
   <div class='ocr_carea' id='block_1_32' title="bbox 444 1885 2062 1981">
    <p class='ocr_par' dir='ltr' id='par_1_32' title="bbox 444 1892 2039 1967">
     <span class='ocr_line' id='line_1_32' title="bbox 444 1892 2039 1967; baseline 0.004 -22"><span class='ocrx_word' id='word_1_245' title='bbox 444 1893 732 1962; x_wconf 75' lang='lat' dir='ltr'><strong>particulae</strong></span> <span class='ocrx_word' id='word_1_246' title='bbox 764 1892 956 1958; x_wconf 80' lang='lat' dir='ltr'><strong>Valde,</strong></span> <span class='ocrx_word' id='word_1_247' title='bbox 996 1896 1468 1967; x_wconf 84' lang='lat' dir='ltr'><strong>signiﬁcationem</strong></span> <span class='ocrx_word' id='word_1_248' title='bbox 1515 1896 1772 1965; x_wconf 88' lang='lat' dir='ltr'><strong>intendit,</strong></span> <span class='ocrx_word' id='word_1_249' title='bbox 1808 1911 2039 1967; x_wconf 87' lang='lat' dir='ltr'><strong>eamque</strong></span> 
     </span>
    </p>
   </div>
   <div class='ocr_carea' id='block_1_33' title="bbox 2169 1885 3747 1981">
    <p class='ocr_par' dir='ltr' id='par_1_33' title="bbox 2173 1885 3747 1981">
     <span class='ocr_line' id='line_1_33' title="bbox 2173 1885 3747 1981; baseline -0.007 -17"><span class='ocrx_word' id='word_1_250' title='bbox 2173 1885 2383 1975; x_wconf 73' lang='grc' dir='ltr'>ἵκοντος</span> <span class='ocrx_word' id='word_1_251' title='bbox 2410 1910 2676 1981; x_wconf 76' lang='grc' dir='ltr'>ἑκατέρου</span> <span class='ocrx_word' id='word_1_252' title='bbox 2712 1911 2778 1979; x_wconf 81' lang='grc' dir='ltr'><strong>τῇ</strong></span> <span class='ocrx_word' id='word_1_253' title='bbox 2826 1906 3120 1976; x_wconf 70' lang='grc' dir='ltr'>δυναστείᾳ</span> <span class='ocrx_word' id='word_1_254' title='bbox 3170 1904 3266 1957; x_wconf 86' lang='grc' dir='ltr'><strong>τοῦ</strong></span> <span class='ocrx_word' id='word_1_255' title='bbox 3314 1900 3747 1973; x_wconf 75' lang='grc' dir='ltr'><strong>πλησιάζοντος.</strong></span> 
     </span>
    </p>
   </div>
   <div class='ocr_carea' id='block_1_34' title="bbox 444 1983 2040 2060">
    <p class='ocr_par' dir='ltr' id='par_1_34' title="bbox 444 1983 2040 2060">
     <span class='ocr_line' id='line_1_34' title="bbox 444 1983 2040 2060; baseline 0.005 -23"><span class='ocrx_word' id='word_1_256' title='bbox 444 1983 836 2054; x_wconf 77' lang='lat' dir='ltr'><strong>perfectionem</strong></span> <span class='ocrx_word' id='word_1_257' title='bbox 864 1988 953 2042; x_wconf 91' lang='lat' dir='ltr'><strong>cui</strong></span> <span class='ocrx_word' id='word_1_258' title='bbox 1000 1989 1141 2044; x_wconf 83' lang='lat' dir='ltr'><strong>nihil</strong></span> <span class='ocrx_word' id='word_1_259' title='bbox 1179 1986 1346 2054; x_wconf 82' lang='lat' dir='ltr'><strong>desit,</strong></span> <span class='ocrx_word' id='word_1_260' title='bbox 1396 1991 1559 2060; x_wconf 86' lang='lat' dir='ltr'><strong>plane</strong></span> <span class='ocrx_word' id='word_1_261' title='bbox 1597 1989 1869 2048; x_wconf 87' lang='lat' dir='ltr'><strong>declarat.</strong></span> <span class='ocrx_word' id='word_1_262' title='bbox 1902 1988 2040 2045; x_wconf 75' lang='lat' dir='ltr'><strong>Nam</strong></span> 
     </span>
    </p>
   </div>
   <div class='ocr_carea' id='block_1_35' title="bbox 452 2075 2041 2151">
    <p class='ocr_par' dir='ltr' id='par_1_35' title="bbox 452 2075 2041 2151">
     <span class='ocr_line' id='line_1_35' title="bbox 452 2075 2041 2151; baseline 0.006 -22"><span class='ocrx_word' id='word_1_263' title='bbox 452 2075 607 2130; x_wconf 91' lang='lat' dir='ltr'><strong>utin</strong></span> <span class='ocrx_word' id='word_1_264' title='bbox 657 2076 975 2133; x_wconf 86' lang='lat' dir='ltr'><strong>animalium</strong></span> <span class='ocrx_word' id='word_1_265' title='bbox 1026 2093 1247 2151; x_wconf 90' lang='lat' dir='ltr'><strong>genere,</strong></span> <span class='ocrx_word' id='word_1_266' title='bbox 1287 2082 1546 2151; x_wconf 86' lang='lat' dir='ltr'><strong>quamvis</strong></span> <span class='ocrx_word' id='word_1_267' title='bbox 1608 2082 2041 2139; x_wconf 87' lang='lat' dir='ltr'><strong>innumerabiles</strong></span> 
     </span>
    </p>
   </div>
   <div class='ocr_carea' id='block_1_36' title="bbox 448 2167 2042 2243">
    <p class='ocr_par' dir='ltr' id='par_1_36' title="bbox 448 2167 2042 2243">
     <span class='ocr_line' id='line_1_36' title="bbox 448 2167 2042 2243; baseline 0.003 -20"><span class='ocrx_word' id='word_1_268' title='bbox 448 2167 785 2226; x_wconf 64' lang='lat' dir='ltr'><strong>differentias</strong></span> <span class='ocrx_word' id='word_1_269' title='bbox 809 2183 1125 2238; x_wconf 86' lang='lat' dir='ltr'><strong>cernamus,</strong></span> <span class='ocrx_word' id='word_1_270' title='bbox 1169 2173 1414 2243; x_wconf 77' lang='lat' dir='ltr'><strong>generali</strong></span> <span class='ocrx_word' id='word_1_271' title='bbox 1445 2180 1629 2229; x_wconf 89' lang='lat' dir='ltr'><strong>tamen</strong></span> <span class='ocrx_word' id='word_1_272' title='bbox 1661 2190 1847 2229; x_wconf 85' lang='lat' dir='ltr'><strong>rerum</strong></span> <span class='ocrx_word' id='word_1_273' title='bbox 1890 2190 2042 2229; x_wconf 87' lang='lat' dir='ltr'><strong>com-</strong></span> 
     </span>
    </p>
   </div>
   <div class='ocr_carea' id='block_1_37' title="bbox 448 2259 2045 2337">
    <p class='ocr_par' dir='ltr' id='par_1_37' title="bbox 448 2259 2045 2337">
     <span class='ocr_line' id='line_1_37' title="bbox 448 2259 2045 2337; baseline 0.006 -26"><span class='ocrx_word' id='word_1_274' title='bbox 448 2259 801 2316; x_wconf 82' lang='lat' dir='ltr'><strong>mendatione</strong></span> <span class='ocrx_word' id='word_1_275' title='bbox 846 2262 1142 2319; x_wconf 83' lang='lat' dir='ltr'><strong>convenire</strong></span> <span class='ocrx_word' id='word_1_276' title='bbox 1190 2262 1449 2329; x_wconf 90' lang='lat' dir='ltr'><strong>dicimus,</strong></span> <span class='ocrx_word' id='word_1_277' title='bbox 1504 2276 1562 2320; x_wconf 90' lang='lat' dir='ltr'><strong>ut</strong></span> <span class='ocrx_word' id='word_1_278' title='bbox 1610 2265 2045 2337; x_wconf 88' lang='lat' dir='ltr'><strong>unumquodque</strong></span> 
     </span>
    </p>
   </div>
   <div class='ocr_carea' id='block_1_38' title="bbox 450 2350 2044 2422">
    <p class='ocr_par' dir='ltr' id='par_1_38' title="bbox 450 2350 2044 2422">
     <span class='ocr_line' id='line_1_38' title="bbox 450 2350 2044 2422; baseline 0.005 -17"><span class='ocrx_word' id='word_1_279' title='bbox 450 2350 744 2422; x_wconf 89' lang='lat' dir='ltr'><strong>pulchrum</strong></span> <span class='ocrx_word' id='word_1_280' title='bbox 783 2368 907 2409; x_wconf 89' lang='lat' dir='ltr'><strong>esse</strong></span> <span class='ocrx_word' id='word_1_281' title='bbox 950 2354 1189 2410; x_wconf 90' lang='lat' dir='ltr'><strong>dicatur.</strong></span> <span class='ocrx_word' id='word_1_282' title='bbox 1230 2354 1365 2422; x_wconf 65' lang='lat' dir='ltr'><strong>Quae</strong></span> <span class='ocrx_word' id='word_1_283' title='bbox 1402 2350 1603 2412; x_wconf 46' lang='lat' dir='ltr'><strong>tamen‘</strong></span> <span class='ocrx_word' id='word_1_284' title='bbox 1644 2359 1766 2415; x_wconf 89' lang='lat' dir='ltr'><strong>laus</strong></span> <span class='ocrx_word' id='word_1_285' title='bbox 1806 2366 1863 2413; x_wconf 87' lang='lat' dir='ltr'><strong>et</strong></span> <span class='ocrx_word' id='word_1_286' title='bbox 1890 2374 2044 2414; x_wconf 83' lang='lat' dir='ltr'><strong>com-</strong></span> 
     </span>
    </p>
   </div>
   <div class='ocr_carea' id='block_1_39' title="bbox 452 2441 2045 2518">
    <p class='ocr_par' dir='ltr' id='par_1_39' title="bbox 452 2441 2045 2518">
     <span class='ocr_line' id='line_1_39' title="bbox 452 2441 2045 2518; baseline 0.008 -25"><span class='ocrx_word' id='word_1_287' title='bbox 452 2441 737 2497; x_wconf 89' lang='lat' dir='ltr'><strong>mendatio</strong></span> <span class='ocrx_word' id='word_1_288' title='bbox 770 2458 882 2499; x_wconf 89' lang='lat' dir='ltr'><strong>non</strong></span> <span class='ocrx_word' id='word_1_289' title='bbox 914 2444 1152 2501; x_wconf 80' lang='lat' dir='ltr'><strong>refertur</strong></span> <span class='ocrx_word' id='word_1_290' title='bbox 1190 2447 1259 2500; x_wconf 91' lang='lat' dir='ltr'><strong>ad</strong></span> <span class='ocrx_word' id='word_1_291' title='bbox 1286 2462 1407 2503; x_wconf 91' lang='lat' dir='ltr'><strong>eam</strong></span> <span class='ocrx_word' id='word_1_292' title='bbox 1433 2448 1675 2518; x_wconf 83' lang='lat' dir='ltr'><strong>speciem</strong></span> <span class='ocrx_word' id='word_1_293' title='bbox 1703 2458 1758 2505; x_wconf 87' lang='lat' dir='ltr'><strong>et</strong></span> <span class='ocrx_word' id='word_1_294' title='bbox 1790 2449 2045 2517; x_wconf 89' lang='lat' dir='ltr'><strong>formam,</strong></span> 
     </span>
    </p>
   </div>
   <div class='ocr_carea' id='block_1_40' title="bbox 454 2536 2053 2610">
    <p class='ocr_par' dir='ltr' id='par_1_40' title="bbox 454 2536 2053 2610">
     <span class='ocr_line' id='line_1_40' title="bbox 454 2536 2053 2610; baseline 0.009 -26"><span class='ocrx_word' id='word_1_295' title='bbox 454 2548 579 2602; x_wconf 80' lang='lat' dir='ltr'><strong>qua:</strong></span> <span class='ocrx_word' id='word_1_296' title='bbox 607 2536 968 2605; x_wconf 88' lang='lat' dir='ltr'><strong>conspicitur.</strong></span> <span class='ocrx_word' id='word_1_297' title='bbox 999 2537 1223 2608; x_wconf 83' lang='lat' dir='ltr'><strong>Alioqui</strong></span> <span class='ocrx_word' id='word_1_298' title='bbox 1266 2554 1369 2594; x_wconf 89' lang='lat' dir='ltr'><strong>nec</strong></span> <span class='ocrx_word' id='word_1_299' title='bbox 1396 2540 1782 2610; x_wconf 87' lang='lat' dir='ltr'><strong>scolopendra,</strong></span> <span class='ocrx_word' id='word_1_300' title='bbox 1814 2557 1918 2597; x_wconf 90' lang='lat' dir='ltr'><strong>nec</strong></span> <span class='ocrx_word' id='word_1_301' title='bbox 1946 2551 2053 2598; x_wconf 88' lang='lat' dir='ltr'><strong>ter-</strong></span> 
     </span>
    </p>
   </div>
   <div class='ocr_carea' id='block_1_41' title="bbox 457 2625 2047 2705">
    <p class='ocr_par' dir='ltr' id='par_1_41' title="bbox 457 2625 2047 2705">
     <span class='ocr_line' id='line_1_41' title="bbox 457 2625 2047 2705; baseline 0.006 -26"><span class='ocrx_word' id='word_1_302' title='bbox 457 2625 657 2681; x_wconf 87' lang='lat' dir='ltr'><strong>restris</strong></span> <span class='ocrx_word' id='word_1_303' title='bbox 691 2641 847 2691; x_wconf 89' lang='lat' dir='ltr'><strong>rana,</strong></span> <span class='ocrx_word' id='word_1_304' title='bbox 882 2644 985 2685; x_wconf 86' lang='lat' dir='ltr'><strong>nec</strong></span> <span class='ocrx_word' id='word_1_305' title='bbox 1016 2645 1139 2700; x_wconf 74' lang='lat' dir='ltr'><strong>qua:</strong></span> <span class='ocrx_word' id='word_1_306' title='bbox 1163 2645 1231 2685; x_wconf 77' lang='lat' dir='ltr'><strong>ex</strong></span> <span class='ocrx_word' id='word_1_307' title='bbox 1261 2632 1405 2701; x_wconf 90' lang='lat' dir='ltr'><strong>putri</strong></span> <span class='ocrx_word' id='word_1_308' title='bbox 1438 2632 1667 2687; x_wconf 90' lang='lat' dir='ltr'><strong>materia</strong></span> <span class='ocrx_word' id='word_1_309' title='bbox 1696 2642 2047 2705; x_wconf 89' lang='lat' dir='ltr'><strong>generantur,</strong></span> 
     </span>
    </p>
   </div>
   <div class='ocr_carea' id='block_1_42' title="bbox 455 2704 2050 2792">
    <p class='ocr_par' dir='ltr' id='par_1_42' title="bbox 455 2704 2050 2792">
     <span class='ocr_line' id='line_1_42' title="bbox 455 2704 2050 2792; baseline 0.005 -19"><span class='ocrx_word' id='word_1_310' title='bbox 455 2718 714 2773; x_wconf 78' lang='lat' dir='ltr'><strong>animalia</strong></span> <span class='ocrx_word' id='word_1_311' title='bbox 766 2727 952 2775; x_wconf 91' lang='lat' dir='ltr'><strong>essent</strong></span> <span class='ocrx_word' id='word_1_312' title='bbox 995 2722 1153 2791; x_wconf 85' lang='lat' dir='ltr'><strong>valde</strong></span> <span class='ocrx_word' id='word_1_313' title='bbox 1208 2704 1459 2792; x_wconf 71' lang='lat' dir='ltr'><strong>piilchra.</strong></span> <span class='ocrx_word' id='word_1_314' title='bbox 1513 2721 1631 2778; x_wconf 88' lang='lat' dir='ltr'><strong>Non</strong></span> <span class='ocrx_word' id='word_1_315' title='bbox 1673 2726 1820 2781; x_wconf 90' lang='lat' dir='ltr'><strong>enim</strong></span> <span class='ocrx_word' id='word_1_316' title='bbox 1868 2742 2050 2781; x_wconf 90' lang='lat' dir='ltr'><strong>rerum</strong></span> 
     </span>
    </p>
   </div>
   <div class='ocr_carea' id='block_1_43' title="bbox 457 2811 2052 2897">
    <p class='ocr_par' dir='ltr' id='par_1_43' title="bbox 457 2811 2052 2897">
     <span class='ocr_line' id='line_1_43' title="bbox 457 2811 2052 2897; baseline 0.007 -33"><span class='ocrx_word' id='word_1_317' title='bbox 457 2811 698 2879; x_wconf 85' lang='lat' dir='ltr'><strong>speciem</strong></span> <span class='ocrx_word' id='word_1_318' title='bbox 733 2812 956 2869; x_wconf 89' lang='lat' dir='ltr'><strong>divinus</strong></span> <span class='ocrx_word' id='word_1_319' title='bbox 1006 2814 1203 2870; x_wconf 88' lang='lat' dir='ltr'><strong>oculus</strong></span> <span class='ocrx_word' id='word_1_320' title='bbox 1235 2815 1503 2881; x_wconf 87' lang='lat' dir='ltr'><strong>intuetur,</strong></span> <span class='ocrx_word' id='word_1_321' title='bbox 1557 2832 1657 2873; x_wconf 90' lang='lat' dir='ltr'><strong>nec</strong></span> <span class='ocrx_word' id='word_1_322' title='bbox 1687 2817 1922 2897; x_wconf 86' lang='lat' dir='ltr'><strong>quadam</strong></span> <span class='ocrx_word' id='word_1_323' title='bbox 1957 2833 2052 2875; x_wconf 82' lang='lat' dir='ltr'><strong>co-</strong></span> 
     </span>
    </p>
   </div>
   <div class='ocr_carea' id='block_1_44' title="bbox 457 2905 2050 2981">
    <p class='ocr_par' dir='ltr' id='par_1_44' title="bbox 457 2905 2050 2981">
     <span class='ocr_line' id='line_1_44' title="bbox 457 2905 2050 2981; baseline 0.006 -22"><span class='ocrx_word' id='word_1_324' title='bbox 457 2905 614 2970; x_wconf 89' lang='lat' dir='ltr'><strong>loris,</strong></span> <span class='ocrx_word' id='word_1_325' title='bbox 653 2905 952 2978; x_wconf 64' lang='lat' dir='ltr'><strong>formaeque</strong></span> <span class='ocrx_word' id='word_1_326' title='bbox 983 2911 1321 2979; x_wconf 75' lang='lat' dir='ltr'><strong>pnestantia,</strong></span> <span class='ocrx_word' id='word_1_327' title='bbox 1375 2912 1730 2981; x_wconf 89' lang='lat' dir='ltr'><strong>pulchritudo</strong></span> <span class='ocrx_word' id='word_1_328' title='bbox 1766 2914 2050 2981; x_wconf 86' lang='lat' dir='ltr'><strong>delinitur,</strong></span> 
     </span>
    </p>
   </div>
   <div class='ocr_carea' id='block_1_45' title="bbox 459 2996 2055 3074">
    <p class='ocr_par' dir='ltr' id='par_1_45' title="bbox 459 2996 2055 3074">
     <span class='ocr_line' id='line_1_45' title="bbox 459 2996 2055 3074; baseline 0.005 -24"><span class='ocrx_word' id='word_1_329' title='bbox 459 2996 556 3050; x_wconf 77' lang='lat' dir='ltr'><strong>sed</strong></span> <span class='ocrx_word' id='word_1_330' title='bbox 578 3011 666 3061; x_wconf 87' lang='lat' dir='ltr'><strong>eo,</strong></span> <span class='ocrx_word' id='word_1_331' title='bbox 698 2997 842 3067; x_wconf 74' lang='lat' dir='ltr'><strong>quod</strong></span> <span class='ocrx_word' id='word_1_332' title='bbox 880 2999 1117 3070; x_wconf 80' lang='lat' dir='ltr'><strong>singula,</strong></span> <span class='ocrx_word' id='word_1_333' title='bbox 1148 3010 1423 3070; x_wconf 89' lang='lat' dir='ltr'><strong>quatenus</strong></span> <span class='ocrx_word' id='word_1_334' title='bbox 1452 3009 1603 3067; x_wconf 91' lang='lat' dir='ltr'><strong>sunt,</strong></span> <span class='ocrx_word' id='word_1_335' title='bbox 1639 3010 1894 3057; x_wconf 87' lang='lat' dir='ltr'><strong>naturam</strong></span> <span class='ocrx_word' id='word_1_336' title='bbox 1931 3019 2055 3074; x_wconf 87' lang='lat' dir='ltr'><strong>per-</strong></span> 
     </span>
    </p>
   </div>
   <div class='ocr_carea' id='block_1_46' title="bbox 460 3087 2056 3166">
    <p class='ocr_par' dir='ltr' id='par_1_46' title="bbox 460 3087 2056 3166">
     <span class='ocr_line' id='line_1_46' title="bbox 460 3087 2056 3166; baseline 0.006 -24"><span class='ocrx_word' id='word_1_337' title='bbox 460 3087 661 3144; x_wconf 89' lang='lat' dir='ltr'><strong>fectam</strong></span> <span class='ocrx_word' id='word_1_338' title='bbox 691 3090 914 3147; x_wconf 86' lang='lat' dir='ltr'><strong>habent.</strong></span> <span class='ocrx_word' id='word_1_339' title='bbox 947 3091 1067 3146; x_wconf 82' lang='lat' dir='ltr'><strong>Non</strong></span> <span class='ocrx_word' id='word_1_340' title='bbox 1101 3093 1246 3147; x_wconf 91' lang='lat' dir='ltr'><strong>enim</strong></span> <span class='ocrx_word' id='word_1_341' title='bbox 1282 3094 1337 3148; x_wconf 92' lang='lat' dir='ltr'><strong>in</strong></span> <span class='ocrx_word' id='word_1_342' title='bbox 1360 3110 1426 3149; x_wconf 90' lang='lat' dir='ltr'><strong>eo</strong></span> <span class='ocrx_word' id='word_1_343' title='bbox 1451 3094 1620 3149; x_wconf 89' lang='lat' dir='ltr'><strong>situm</strong></span> <span class='ocrx_word' id='word_1_344' title='bbox 1651 3103 1760 3160; x_wconf 91' lang='lat' dir='ltr'><strong>est,</strong></span> <span class='ocrx_word' id='word_1_345' title='bbox 1788 3104 1849 3150; x_wconf 89' lang='lat' dir='ltr'><strong>ut</strong></span> <span class='ocrx_word' id='word_1_346' title='bbox 1880 3112 2056 3166; x_wconf 91' lang='lat' dir='ltr'><strong>equus</strong></span> 
     </span>
    </p>
   </div>
   <div class='ocr_carea' id='block_1_47' title="bbox 463 3181 2059 3258">
    <p class='ocr_par' dir='ltr' id='par_1_47' title="bbox 463 3181 2059 3258">
     <span class='ocr_line' id='line_1_47' title="bbox 463 3181 2059 3258; baseline 0.006 -24"><span class='ocrx_word' id='word_1_347' title='bbox 463 3181 559 3246; x_wconf 83' lang='lat' dir='ltr'><strong>sit,</strong></span> <span class='ocrx_word' id='word_1_348' title='bbox 585 3182 735 3254; x_wconf 91' lang='lat' dir='ltr'><strong>quod</strong></span> <span class='ocrx_word' id='word_1_349' title='bbox 760 3182 861 3238; x_wconf 90' lang='lat' dir='ltr'><strong>bos</strong></span> <span class='ocrx_word' id='word_1_350' title='bbox 891 3200 1002 3239; x_wconf 92' lang='lat' dir='ltr'><strong>non</strong></span> <span class='ocrx_word' id='word_1_351' title='bbox 1027 3186 1118 3250; x_wconf 89' lang='lat' dir='ltr'><strong>sit,</strong></span> <span class='ocrx_word' id='word_1_352' title='bbox 1150 3194 1247 3239; x_wconf 90' lang='lat' dir='ltr'><strong>aut</strong></span> <span class='ocrx_word' id='word_1_353' title='bbox 1272 3194 1500 3254; x_wconf 82' lang='lat' dir='ltr'><strong>contra;</strong></span> <span class='ocrx_word' id='word_1_354' title='bbox 1530 3187 1624 3243; x_wconf 90' lang='lat' dir='ltr'><strong>sed</strong></span> <span class='ocrx_word' id='word_1_355' title='bbox 1642 3189 1788 3258; x_wconf 89' lang='lat' dir='ltr'><strong>quod</strong></span> <span class='ocrx_word' id='word_1_356' title='bbox 1819 3188 1875 3242; x_wconf 92' lang='lat' dir='ltr'><strong>in</strong></span> <span class='ocrx_word' id='word_1_357' title='bbox 1906 3197 2059 3245; x_wconf 48' lang='lat' dir='ltr'><strong>utro-</strong></span> 
     </span>
    </p>
   </div>
   <div class='ocr_carea' id='block_1_48' title="bbox 461 3275 2057 3351">
    <p class='ocr_par' dir='ltr' id='par_1_48' title="bbox 461 3275 2057 3351">
     <span class='ocr_line' id='line_1_48' title="bbox 461 3275 2057 3351; baseline 0.008 -27"><span class='ocrx_word' id='word_1_358' title='bbox 461 3287 571 3342; x_wconf 86' lang='lat' dir='ltr'><strong>que</strong></span> <span class='ocrx_word' id='word_1_359' title='bbox 592 3288 782 3329; x_wconf 86' lang='lat' dir='ltr'><strong>eorum</strong></span> <span class='ocrx_word' id='word_1_360' title='bbox 817 3290 878 3329; x_wconf 88' lang='lat' dir='ltr'><strong>se</strong></span> <span class='ocrx_word' id='word_1_361' title='bbox 912 3275 1087 3346; x_wconf 90' lang='lat' dir='ltr'><strong>ipsam</strong></span> <span class='ocrx_word' id='word_1_362' title='bbox 1129 3284 1327 3331; x_wconf 89' lang='lat' dir='ltr'><strong>natura</strong></span> <span class='ocrx_word' id='word_1_363' title='bbox 1352 3291 1661 3344; x_wconf 87' lang='lat' dir='ltr'><strong>conservat,</strong></span> <span class='ocrx_word' id='word_1_364' title='bbox 1696 3280 2057 3351; x_wconf 87' lang='lat' dir='ltr'><strong>propriasque</strong></span> 
     </span>
    </p>
   </div>
   <div class='ocr_carea' id='block_1_49' title="bbox 465 3365 2055 3436">
    <p class='ocr_par' dir='ltr' id='par_1_49' title="bbox 465 3365 2055 3436">
     <span class='ocr_line' id='line_1_49' title="bbox 465 3365 2055 3436; baseline 0.005 -17"><span class='ocrx_word' id='word_1_365' title='bbox 465 3365 533 3421; x_wconf 88' lang='lat' dir='ltr'><strong>ad</strong></span> <span class='ocrx_word' id='word_1_366' title='bbox 574 3368 933 3423; x_wconf 85' lang='lat' dir='ltr'><strong>stabilitatem</strong></span> <span class='ocrx_word' id='word_1_367' title='bbox 974 3384 1131 3423; x_wconf 86' lang='lat' dir='ltr'><strong>suam</strong></span> <span class='ocrx_word' id='word_1_368' title='bbox 1183 3368 1397 3425; x_wconf 91' lang='lat' dir='ltr'><strong>obtinet</strong></span> <span class='ocrx_word' id='word_1_369' title='bbox 1442 3370 1756 3436; x_wconf 86' lang='lat' dir='ltr'><strong>facultates,</strong></span> <span class='ocrx_word' id='word_1_370' title='bbox 1800 3387 1902 3427; x_wconf 88' lang='lat' dir='ltr'><strong>nec</strong></span> <span class='ocrx_word' id='word_1_371' title='bbox 1932 3388 2055 3428; x_wconf 82' lang='lat' dir='ltr'><strong>cor-</strong></span> 
     </span>
    </p>
   </div>
   <div class='ocr_carea' id='block_1_50' title="bbox 468 3459 1665 3529">
    <p class='ocr_par' dir='ltr' id='par_1_50' title="bbox 468 3459 1665 3529">
     <span class='ocr_line' id='line_1_50' title="bbox 468 3459 1665 3529; baseline 0.006 -17"><span class='ocrx_word' id='word_1_372' title='bbox 468 3459 782 3529; x_wconf 77' lang='lat' dir='ltr'><strong>tumpendi,</strong></span> <span class='ocrx_word' id='word_1_373' title='bbox 811 3461 907 3515; x_wconf 89' lang='lat' dir='ltr'><strong>sed</strong></span> <span class='ocrx_word' id='word_1_374' title='bbox 938 3461 1308 3517; x_wconf 81' lang='lat' dir='ltr'><strong>conservandi</strong></span> <span class='ocrx_word' id='word_1_375' title='bbox 1339 3462 1448 3516; x_wconf 86' lang='lat' dir='ltr'><strong>vim</strong></span> <span class='ocrx_word' id='word_1_376' title='bbox 1477 3461 1665 3519; x_wconf 72' lang='lat' dir='ltr'><strong>habet.</strong></span> 
     </span>
    </p>
   </div>
   <div class='ocr_carea' id='block_1_51' title="bbox 2144 1990 3750 2071">
    <p class='ocr_par' dir='ltr' id='par_1_51' title="bbox 2144 1990 3750 2071">
     <span class='ocr_line' id='line_1_51' title="bbox 2144 1990 3750 2071; baseline -0.009 -13"><span class='ocrx_word' id='word_1_377' title='bbox 2144 2005 2290 2067; x_wconf 83' lang='grc' dir='ltr'>Ἕως</span> <span class='ocrx_word' id='word_1_378' title='bbox 2329 2002 2374 2056; x_wconf 85' lang='grc' dir='ltr'>δ’</span> <span class='ocrx_word' id='word_1_379' title='bbox 2407 2002 2471 2055; x_wconf 85' lang='grc' dir='ltr'>ἂν</span> <span class='ocrx_word' id='word_1_380' title='bbox 2505 2001 2792 2071; x_wconf 74' lang='grc' dir='ltr'>ἰσόρροπος</span> <span class='ocrx_word' id='word_1_381' title='bbox 2838 2000 2895 2051; x_wconf 89' lang='lat' dir='ltr'><strong>tv</strong></span> <span class='ocrx_word' id='word_1_382' title='bbox 2941 1996 3277 2067; x_wconf 77' lang='grc' dir='ltr'><strong>ἀμφοτέροις</strong></span> <span class='ocrx_word' id='word_1_383' title='bbox 3322 1997 3355 2065; x_wconf 82' lang='grc' dir='ltr'><strong>ἡ</strong></span> <span class='ocrx_word' id='word_1_384' title='bbox 3401 1992 3666 2065; x_wconf 77' lang='grc' dir='ltr'>δύναμις,</span> <span class='ocrx_word' id='word_1_385' title='bbox 3713 1990 3750 2062; x_wconf 77' lang='grc' dir='ltr'><strong>η</strong></span> 
     </span>
    </p>
   </div>
   <div class='ocr_carea' id='block_1_52' title="bbox 2142 2079 3753 2166">
    <p class='ocr_par' dir='ltr' id='par_1_52' title="bbox 2142 2079 3753 2166">
     <span class='ocr_line' id='line_1_52' title="bbox 2142 2079 3753 2166; baseline -0.009 -18"><span class='ocrx_word' id='word_1_386' title='bbox 2142 2093 2347 2166; x_wconf 86' lang='grc' dir='ltr'>ὁμοίως</span> <span class='ocrx_word' id='word_1_387' title='bbox 2413 2093 2546 2163; x_wconf 80' lang='grc' dir='ltr'>παρ’</span> <span class='ocrx_word' id='word_1_388' title='bbox 2614 2089 2943 2159; x_wconf 82' lang='grc' dir='ltr'><strong>ἀμφοτέρων</strong></span> <span class='ocrx_word' id='word_1_389' title='bbox 3016 2085 3273 2155; x_wconf 77' lang='grc' dir='ltr'>ἀλλήλοις</span> <span class='ocrx_word' id='word_1_390' title='bbox 3339 2086 3368 2138; x_wconf 87' lang='grc' dir='ltr'><strong>ό</strong></span> <span class='ocrx_word' id='word_1_391' title='bbox 3431 2079 3753 2152; x_wconf 79' lang='grc' dir='ltr'>ἀφανισμὸς</span> 
     </span>
    </p>
   </div>
   <div class='ocr_carea' id='block_1_53' title="bbox 2146 2170 3755 2257">
    <p class='ocr_par' dir='ltr' id='par_1_53' title="bbox 2146 2170 3755 2257">
     <span class='ocr_line' id='line_1_53' title="bbox 2146 2170 3755 2257; baseline -0.01 -18"><span class='ocrx_word' id='word_1_392' title='bbox 2146 2186 2475 2257; x_wconf 70' lang='grc' dir='ltr'>ἐνεργεῖται,</span> <span class='ocrx_word' id='word_1_393' title='bbox 2505 2181 2601 2236; x_wconf 82' lang='grc' dir='ltr'>καὶ</span> <span class='ocrx_word' id='word_1_394' title='bbox 2626 2180 2911 2252; x_wconf 82' lang='grc' dir='ltr'>οὐθέτερον</span> <span class='ocrx_word' id='word_1_395' title='bbox 2949 2178 3028 2249; x_wconf 83' lang='grc' dir='ltr'><strong>τῷ</strong></span> <span class='ocrx_word' id='word_1_396' title='bbox 3073 2178 3248 2248; x_wconf 76' lang='grc' dir='ltr'>ἑτέρῳ</span> <span class='ocrx_word' id='word_1_397' title='bbox 3280 2175 3561 2246; x_wconf 64' lang='grc' dir='ltr'>τρέφεται,</span> <span class='ocrx_word' id='word_1_398' title='bbox 3612 2170 3755 2225; x_wconf 65' lang='grc' dir='ltr'>ἀλλὰ</span> 
     </span>
    </p>
   </div>
   <div class='ocr_carea' id='block_1_54' title="bbox 2145 2262 3756 2346">
    <p class='ocr_par' dir='ltr' id='par_1_54' title="bbox 2145 2262 3756 2346">
     <span class='ocr_line' id='line_1_54' title="bbox 2145 2262 3756 2346; baseline -0.011 -14"><span class='ocrx_word' id='word_1_399' title='bbox 2145 2277 2218 2332; x_wconf 82' lang='grc' dir='ltr'>τὰ</span> <span class='ocrx_word' id='word_1_400' title='bbox 2259 2277 2353 2331; x_wconf 83' lang='grc' dir='ltr'>δύο</span> <span class='ocrx_word' id='word_1_401' title='bbox 2395 2275 2647 2346; x_wconf 79' lang='grc' dir='ltr'>ἀλλήλοις</span> <span class='ocrx_word' id='word_1_402' title='bbox 2676 2271 3080 2340; x_wconf 71' lang='grc' dir='ltr'>ἐναφανίξεται.</span> <span class='ocrx_word' id='word_1_403' title='bbox 3133 2267 3454 2332; x_wconf 76' lang='grc' dir='ltr'>Ὠςιτοίνυν</span> <span class='ocrx_word' id='word_1_404' title='bbox 3495 2265 3593 2316; x_wconf 58' lang='grc' dir='ltr'><strong>ὲπὶ</strong></span> <span class='ocrx_word' id='word_1_405' title='bbox 3643 2262 3756 2316; x_wconf 89' lang='grc' dir='ltr'><strong>τῶν</strong></span> 
     </span>
    </p>
   </div>
   <div class='ocr_carea' id='block_1_55' title="bbox 2147 2356 3759 2438">
    <p class='ocr_par' dir='ltr' id='par_1_55' title="bbox 2147 2356 3759 2438">
     <span class='ocr_line' id='line_1_55' title="bbox 2147 2356 3759 2438; baseline -0.011 -15"><span class='ocrx_word' id='word_1_406' title='bbox 2147 2366 2664 2438; x_wconf 82' lang='grc' dir='ltr'>ἀλληλοφαγούντων</span> <span class='ocrx_word' id='word_1_407' title='bbox 2693 2363 2900 2434; x_wconf 86' lang='grc' dir='ltr'>θηρίων</span> <span class='ocrx_word' id='word_1_408' title='bbox 2932 2363 3033 2415; x_wconf 84' lang='grc' dir='ltr'>οὐκ</span> <span class='ocrx_word' id='word_1_409' title='bbox 3070 2359 3182 2431; x_wconf 77' lang='grc' dir='ltr'>ἔχει</span> <span class='ocrx_word' id='word_1_410' title='bbox 3216 2357 3411 2429; x_wconf 68' lang='grc' dir='ltr'>φόσιν,</span> <span class='ocrx_word' id='word_1_411' title='bbox 3456 2356 3759 2427; x_wconf 82' lang='grc' dir='ltr'>ἀμφότερα</span> 
     </span>
    </p>
   </div>
   <div class='ocr_carea' id='block_1_56' title="bbox 2148 2447 3880 2530">
    <p class='ocr_par' dir='ltr' id='par_1_56' title="bbox 2148 2447 3880 2530">
     <span class='ocr_line' id='line_1_56' title="bbox 2148 2447 3880 2530; baseline -0.009 -15"><span class='ocrx_word' id='word_1_412' title='bbox 2148 2461 2217 2515; x_wconf 75' lang='grc' dir='ltr'>δι’</span> <span class='ocrx_word' id='word_1_413' title='bbox 2244 2460 2492 2530; x_wconf 85' lang='grc' dir='ltr'>ἀλλήλων</span> <span class='ocrx_word' id='word_1_414' title='bbox 2518 2460 2641 2530; x_wconf 79' lang='grc' dir='ltr'>ζῇν,</span> <span class='ocrx_word' id='word_1_415' title='bbox 2670 2456 2741 2510; x_wconf 77' lang='grc' dir='ltr'>τὰ</span> <span class='ocrx_word' id='word_1_416' title='bbox 2775 2456 2866 2509; x_wconf 85' lang='grc' dir='ltr'><strong>ὑπ’</strong></span> <span class='ocrx_word' id='word_1_417' title='bbox 2901 2454 3148 2524; x_wconf 87' lang='grc' dir='ltr'>ἀλλήλων</span> <span class='ocrx_word' id='word_1_418' title='bbox 3176 2449 3514 2521; x_wconf 78' lang='grc' dir='ltr'>φθειρόμενα</span> <span class='ocrx_word' id='word_1_419' title='bbox 3550 2465 3565 2480; x_wconf 92' lang='grc'><strong>·</strong></span> <span class='ocrx_word' id='word_1_420' title='bbox 3608 2447 3761 2501; x_wconf 58' lang='lat' dir='ltr'><strong>ait»</strong></span> <span class='ocrx_word' id='word_1_421' title='bbox 3878 2516 3880 2521; x_wconf 28' lang='grc' dir='ltr'>ι</span> 
     </span>
    </p>
   </div>
   <div class='ocr_carea' id='block_1_57' title="bbox 2150 2538 3762 2623">
    <p class='ocr_par' dir='ltr' id='par_1_57' title="bbox 2150 2538 3762 2623">
     <span class='ocr_line' id='line_1_57' title="bbox 2150 2538 3762 2623; baseline -0.01 -18"><span class='ocrx_word' id='word_1_422' title='bbox 2150 2552 2248 2606; x_wconf 73' lang='grc' dir='ltr'><strong>καὶ</strong></span> <span class='ocrx_word' id='word_1_423' title='bbox 2275 2553 2310 2623; x_wconf 94' lang='grc' dir='ltr'><strong>ή</strong></span> <span class='ocrx_word' id='word_1_424' title='bbox 2343 2549 2439 2604; x_wconf 89' lang='grc' dir='ltr'><strong>τοῦ</strong></span> <span class='ocrx_word' id='word_1_425' title='bbox 2464 2547 2632 2621; x_wconf 84' lang='grc' dir='ltr'>ὑγροῦ</span> <span class='ocrx_word' id='word_1_426' title='bbox 2661 2548 2798 2617; x_wconf 82' lang='grc' dir='ltr'>πρὸς</span> <span class='ocrx_word' id='word_1_427' title='bbox 2821 2547 2885 2600; x_wconf 78' lang='grc' dir='ltr'>τὸ</span> <span class='ocrx_word' id='word_1_428' title='bbox 2909 2545 3073 2616; x_wconf 79' lang='grc' dir='ltr'>ξηρὸν</span> <span class='ocrx_word' id='word_1_429' title='bbox 3098 2542 3435 2605; x_wconf 76' lang='grc' dir='ltr'>ἐναντίωσις,</span> <span class='ocrx_word' id='word_1_430' title='bbox 3463 2538 3762 2610; x_wconf 76' lang='grc' dir='ltr'>οὐθέτερον</span> 
     </span>
    </p>
   </div>
   <div class='ocr_carea' id='block_1_58' title="bbox 2151 2627 3759 2713">
    <p class='ocr_par' dir='ltr' id='par_1_58' title="bbox 2151 2627 3759 2713">
     <span class='ocr_line' id='line_1_58' title="bbox 2151 2627 3759 2713; baseline -0.011 -14"><span class='ocrx_word' id='word_1_431' title='bbox 2151 2644 2220 2699; x_wconf 76' lang='grc' dir='ltr'>ἂν</span> <span class='ocrx_word' id='word_1_432' title='bbox 2253 2646 2310 2698; x_wconf 90' lang='lat' dir='ltr'><strong>tv</strong></span> <span class='ocrx_word' id='word_1_433' title='bbox 2338 2641 2416 2713; x_wconf 84' lang='grc' dir='ltr'>τῷ</span> <span class='ocrx_word' id='word_1_434' title='bbox 2444 2637 2585 2695; x_wconf 87' lang='grc' dir='ltr'>εἷναι</span> <span class='ocrx_word' id='word_1_435' title='bbox 2616 2640 2918 2709; x_wconf 80' lang='grc' dir='ltr'>φυλάσσοι,</span> <span class='ocrx_word' id='word_1_436' title='bbox 2962 2638 3121 2708; x_wconf 84' lang='grc' dir='ltr'>είπερ</span> <span class='ocrx_word' id='word_1_437' title='bbox 3159 2636 3193 2706; x_wconf 82' lang='grc' dir='ltr'>ὴ</span> <span class='ocrx_word' id='word_1_438' title='bbox 3238 2633 3337 2687; x_wconf 91' lang='grc' dir='ltr'><strong>τοῦ</strong></span> <span class='ocrx_word' id='word_1_439' title='bbox 3367 2632 3560 2703; x_wconf 79' lang='grc' dir='ltr'>ἐτέρου</span> <span class='ocrx_word' id='word_1_440' title='bbox 3594 2627 3759 2683; x_wconf 80' lang='grc' dir='ltr'><strong>ἁ.πὼ-</strong></span> 
     </span>
    </p>
   </div>
   <div class='ocr_carea' id='block_1_59' title="bbox 2152 2720 3763 2807">
    <p class='ocr_par' dir='ltr' id='par_1_59' title="bbox 2152 2720 3763 2807">
     <span class='ocr_line' id='line_1_59' title="bbox 2152 2720 3763 2807; baseline -0.009 -18"><span class='ocrx_word' id='word_1_441' title='bbox 2152 2736 2275 2789; x_wconf 87' lang='grc' dir='ltr'>λεια</span> <span class='ocrx_word' id='word_1_442' title='bbox 2317 2735 2507 2807; x_wconf 83' lang='grc' dir='ltr'>τρέφοι</span> <span class='ocrx_word' id='word_1_443' title='bbox 2536 2734 2597 2786; x_wconf 83' lang='grc' dir='ltr'>τὸ</span> <span class='ocrx_word' id='word_1_444' title='bbox 2634 2733 2841 2803; x_wconf 73' lang='grc' dir='ltr'>ἕτερον.</span> <span class='ocrx_word' id='word_1_445' title='bbox 2905 2729 3067 2783; x_wconf 78' lang='grc' dir='ltr'>Ἀλλά</span> <span class='ocrx_word' id='word_1_446' title='bbox 3098 2744 3190 2798; x_wconf 88' lang='grc' dir='ltr'>μοι</span> <span class='ocrx_word' id='word_1_447' title='bbox 3221 2727 3371 2779; x_wconf 85' lang='grc' dir='ltr'>δοκεῖ</span> <span class='ocrx_word' id='word_1_448' title='bbox 3407 2722 3583 2785; x_wconf 75' lang='grc' dir='ltr'>ιαλῶς</span> <span class='ocrx_word' id='word_1_449' title='bbox 3614 2720 3763 2792; x_wconf 79' lang='grc' dir='ltr'>ἔχειν</span> 
     </span>
    </p>
   </div>
   <div class='ocr_carea' id='block_1_60' title="bbox 2152 2812 3761 2897">
    <p class='ocr_par' dir='ltr' id='par_1_60' title="bbox 2152 2812 3761 2897">
     <span class='ocr_line' id='line_1_60' title="bbox 2152 2812 3761 2897; baseline -0.011 -16"><span class='ocrx_word' id='word_1_450' title='bbox 2152 2827 2326 2891; x_wconf 70' lang='grc' dir='ltr'>οὕτως</span> <span class='ocrx_word' id='word_1_451' title='bbox 2350 2826 2417 2881; x_wconf 82' lang='grc' dir='ltr'>ἂν</span> <span class='ocrx_word' id='word_1_452' title='bbox 2437 2826 2638 2897; x_wconf 78' lang='grc' dir='ltr'>μᾶλλον</span> <span class='ocrx_word' id='word_1_453' title='bbox 2666 2826 2797 2895; x_wconf 78' lang='grc' dir='ltr'>ἡμῖν</span> <span class='ocrx_word' id='word_1_454' title='bbox 2824 2823 2965 2877; x_wconf 66' lang='grc' dir='ltr'>κατὰ</span> <span class='ocrx_word' id='word_1_455' title='bbox 2984 2821 3045 2873; x_wconf 78' lang='grc' dir='ltr'>τὸ</span> <span class='ocrx_word' id='word_1_456' title='bbox 3071 2817 3365 2873; x_wconf 82' lang='grc' dir='ltr'>ἀκόλουθον</span> <span class='ocrx_word' id='word_1_457' title='bbox 3387 2812 3761 2884; x_wconf 81' lang='grc' dir='ltr'>διαληφθῆναι</span> 
     </span>
    </p>
   </div>
   <div class='ocr_carea' id='block_1_61' title="bbox 2153 2902 3764 2993">
    <p class='ocr_par' dir='ltr' id='par_1_61' title="bbox 2153 2902 3764 2993">
     <span class='ocr_line' id='line_1_61' title="bbox 2153 2902 3764 2993; baseline -0.01 -20"><span class='ocrx_word' id='word_1_458' title='bbox 2153 2920 2247 2973; x_wconf 78' lang='grc' dir='ltr'>τὸν</span> <span class='ocrx_word' id='word_1_459' title='bbox 2276 2919 2434 2986; x_wconf 85' lang='grc' dir='ltr'>λόγον</span> <span class='ocrx_word' id='word_1_460' title='bbox 2458 2936 2471 2948; x_wconf 69' lang='grc' dir='ltr'>ι</span> <span class='ocrx_word' id='word_1_461' title='bbox 2512 2916 2701 2986; x_wconf 79' lang='grc' dir='ltr'>ἐπειδὴ</span> <span class='ocrx_word' id='word_1_462' title='bbox 2739 2917 2920 2969; x_wconf 82' lang='grc' dir='ltr'>πάντα</span> <span class='ocrx_word' id='word_1_463' title='bbox 2948 2914 3050 2966; x_wconf 75' lang='grc' dir='ltr'>ὅσα</span> <span class='ocrx_word' id='word_1_464' title='bbox 3081 2912 3339 2980; x_wconf 78' lang='grc' dir='ltr'>ἐποίησεν</span> <span class='ocrx_word' id='word_1_465' title='bbox 3370 2909 3399 2961; x_wconf 89' lang='grc' dir='ltr'><strong>ό</strong></span> <span class='ocrx_word' id='word_1_466' title='bbox 3426 2907 3586 2993; x_wconf 71' lang='grc' dir='ltr'>Θεὸς,</span> <span class='ocrx_word' id='word_1_467' title='bbox 3620 2902 3764 2959; x_wconf 67' lang='grc' dir='ltr'>καλὰ</span> 
     </span>
    </p>
   </div>
   <div class='ocr_carea' id='block_1_62' title="bbox 2155 2996 3769 3077">
    <p class='ocr_par' dir='ltr' id='par_1_62' title="bbox 2155 2996 3769 3077">
     <span class='ocr_line' id='line_1_62' title="bbox 2155 2996 3769 3077; baseline -0.011 -14"><span class='ocrx_word' id='word_1_468' title='bbox 2155 3010 2277 3063; x_wconf 82' lang='grc' dir='ltr'>λίαν</span> <span class='ocrx_word' id='word_1_469' title='bbox 2310 3011 2479 3074; x_wconf 76' lang='grc' dir='ltr'>ἐστὶν,</span> <span class='ocrx_word' id='word_1_470' title='bbox 2519 3009 2736 3077; x_wconf 77' lang='grc' dir='ltr'><strong>ἑκάστῳ</strong></span> <span class='ocrx_word' id='word_1_471' title='bbox 2768 3006 2913 3077; x_wconf 70' lang='grc' dir='ltr'>φημὶ</span> <span class='ocrx_word' id='word_1_472' title='bbox 2957 3005 3068 3058; x_wconf 83' lang='grc' dir='ltr'>δεῖν</span> <span class='ocrx_word' id='word_1_473' title='bbox 3114 3002 3225 3055; x_wconf 88' lang='grc' dir='ltr'><strong>τῶν</strong></span> <span class='ocrx_word' id='word_1_474' title='bbox 3258 3000 3429 3053; x_wconf 70' lang='grc' dir='ltr'>ὄντων</span> <span class='ocrx_word' id='word_1_475' title='bbox 3468 2996 3769 3065; x_wconf 79' lang='grc' dir='ltr'>ὲνθεωρεῖ-</span> 
     </span>
    </p>
   </div>
   <div class='ocr_carea' id='block_1_63' title="bbox 2160 3088 3769 3171">
    <p class='ocr_par' dir='ltr' id='par_1_63' title="bbox 2160 3088 3769 3171">
     <span class='ocr_line' id='line_1_63' title="bbox 2160 3088 3769 3171; baseline -0.01 -15"><span class='ocrx_word' id='word_1_476' title='bbox 2160 3102 2285 3156; x_wconf 84' lang='grc' dir='ltr'>σθαι</span> <span class='ocrx_word' id='word_1_477' title='bbox 2317 3102 2418 3171; x_wconf 78' lang='grc' dir='ltr'><strong>τὴν</strong></span> <span class='ocrx_word' id='word_1_478' title='bbox 2465 3100 2558 3154; x_wconf 85' lang='grc' dir='ltr'><strong>τοῦ</strong></span> <span class='ocrx_word' id='word_1_479' title='bbox 2594 3098 2763 3152; x_wconf 82' lang='grc' dir='ltr'>καλοῦ</span> <span class='ocrx_word' id='word_1_480' title='bbox 2806 3096 3145 3166; x_wconf 78' lang='grc' dir='ltr'>τελειότητα.</span> <span class='ocrx_word' id='word_1_481' title='bbox 3207 3094 3275 3145; x_wconf 81' lang='grc' dir='ltr'><strong>Ἠ</strong></span> <span class='ocrx_word' id='word_1_482' title='bbox 3324 3090 3434 3162; x_wconf 83' lang='grc' dir='ltr'><strong>γὰρ</strong></span> <span class='ocrx_word' id='word_1_483' title='bbox 3475 3088 3573 3142; x_wconf 89' lang='grc' dir='ltr'><strong>τοῦ</strong></span> <span class='ocrx_word' id='word_1_484' title='bbox 3619 3088 3769 3143; x_wconf 76' lang='lat' dir='ltr'><strong>.liar</strong></span> 
     </span>
    </p>
   </div>
   <div class='ocr_carea' id='block_1_64' title="bbox 2161 3176 3766 3264">
    <p class='ocr_par' dir='ltr' id='par_1_64' title="bbox 2161 3176 3766 3264">
     <span class='ocr_line' id='line_1_64' title="bbox 2161 3176 3766 3264; baseline -0.011 -20"><span class='ocrx_word' id='word_1_485' title='bbox 2161 3190 2448 3264; x_wconf 81' lang='grc' dir='ltr'>προσθήκη</span> <span class='ocrx_word' id='word_1_486' title='bbox 2474 3228 2489 3252; x_wconf 94' lang='grc'><strong>,</strong></span> <span class='ocrx_word' id='word_1_487' title='bbox 2538 3188 2627 3242; x_wconf 76' lang='grc' dir='ltr'>διὰ</span> <span class='ocrx_word' id='word_1_488' title='bbox 2653 3189 2753 3257; x_wconf 76' lang='grc' dir='ltr'>τῆς</span> <span class='ocrx_word' id='word_1_489' title='bbox 2782 3185 3109 3253; x_wconf 85' lang='grc' dir='ltr'>ὲπιτατικῆς</span> <span class='ocrx_word' id='word_1_490' title='bbox 3139 3181 3418 3253; x_wconf 81' lang='grc' dir='ltr'>σημασίας</span> <span class='ocrx_word' id='word_1_491' title='bbox 3453 3176 3645 3247; x_wconf 81' lang='grc' dir='ltr'>σαφῶς</span> <span class='ocrx_word' id='word_1_492' title='bbox 3676 3176 3766 3228; x_wconf 76' lang='grc' dir='ltr'><strong>ὲν-</strong></span> 
     </span>
    </p>
   </div>
   <div class='ocr_carea' id='block_1_65' title="bbox 2160 3268 3768 3340">
    <p class='ocr_par' dir='ltr' id='par_1_65' title="bbox 2160 3268 3768 3340">
     <span class='ocr_line' id='line_1_65' title="bbox 2160 3268 3768 3340; baseline -0.012 -4"><span class='ocrx_word' id='word_1_493' title='bbox 2160 3282 2435 3336; x_wconf 88' lang='grc' dir='ltr'>δείκνυται</span> <span class='ocrx_word' id='word_1_494' title='bbox 2447 3279 2507 3332; x_wconf 83' lang='grc' dir='ltr'><strong>τδ</strong></span> <span class='ocrx_word' id='word_1_495' title='bbox 2529 3278 2841 3340; x_wconf 79' lang='grc' dir='ltr'>ἁνελλειπὲς</span> <span class='ocrx_word' id='word_1_496' title='bbox 2864 3280 2944 3339; x_wconf 87' lang='grc' dir='ltr'>εἰς</span> <span class='ocrx_word' id='word_1_497' title='bbox 2966 3275 3261 3328; x_wconf 82' lang='grc' dir='ltr'>τελείωσιν.</span> <span class='ocrx_word' id='word_1_498' title='bbox 3278 3272 3369 3333; x_wconf 82' lang='grc' dir='ltr'>Ὠς</span> <span class='ocrx_word' id='word_1_499' title='bbox 3383 3269 3490 3340; x_wconf 83' lang='grc' dir='ltr'>γὰρ</span> <span class='ocrx_word' id='word_1_500' title='bbox 3511 3269 3571 3321; x_wconf 93' lang='lat' dir='ltr'><strong>tv</strong></span> <span class='ocrx_word' id='word_1_501' title='bbox 3587 3268 3656 3337; x_wconf 80' lang='grc' dir='ltr'><strong>τῇ</strong></span> <span class='ocrx_word' id='word_1_502' title='bbox 3674 3281 3768 3334; x_wconf 80' lang='grc' dir='ltr'>γε·</span> 
     </span>
    </p>
   </div>
   <div class='ocr_carea' id='block_1_66' title="bbox 2163 3357 3769 3442">
    <p class='ocr_par' dir='ltr' id='par_1_66' title="bbox 2163 3357 3769 3442">
     <span class='ocr_line' id='line_1_66' title="bbox 2163 3357 3769 3442; baseline -0.012 -13"><span class='ocrx_word' id='word_1_503' title='bbox 2163 3376 2313 3429; x_wconf 85' lang='grc' dir='ltr'>νέσει</span> <span class='ocrx_word' id='word_1_504' title='bbox 2342 3373 2451 3427; x_wconf 90' lang='grc' dir='ltr'><strong>τῶν</strong></span> <span class='ocrx_word' id='word_1_505' title='bbox 2476 3372 2630 3437; x_wconf 75' lang='grc' dir='ltr'>ζώων</span> <span class='ocrx_word' id='word_1_506' title='bbox 2663 3370 2862 3442; x_wconf 86' lang='grc' dir='ltr'>μυρίας</span> <span class='ocrx_word' id='word_1_507' title='bbox 2903 3370 3001 3439; x_wconf 77' lang='grc' dir='ltr'>μὲν</span> <span class='ocrx_word' id='word_1_508' title='bbox 3044 3367 3160 3420; x_wconf 79' lang='grc' dir='ltr'>ἔστι</span> <span class='ocrx_word' id='word_1_509' title='bbox 3189 3362 3457 3435; x_wconf 81' lang='grc' dir='ltr'>διαφορὰς</span> <span class='ocrx_word' id='word_1_510' title='bbox 3493 3361 3626 3414; x_wconf 73' lang='grc' dir='ltr'>ἰδεῖν</span> <span class='ocrx_word' id='word_1_511' title='bbox 3659 3357 3769 3411; x_wconf 83' lang='grc' dir='ltr'>τῶν</span> 
     </span>
    </p>
   </div>
   <div class='ocr_carea' id='block_1_67' title="bbox 2167 3448 3770 3533">
    <p class='ocr_par' dir='ltr' id='par_1_67' title="bbox 2167 3448 3770 3533">
     <span class='ocr_line' id='line_1_67' title="bbox 2167 3448 3770 3533; baseline -0.012 -13"><span class='ocrx_word' id='word_1_512' title='bbox 2167 3468 2225 3520; x_wconf 92' lang='lat' dir='ltr'><strong>tv</strong></span> <span class='ocrx_word' id='word_1_513' title='bbox 2258 3464 2468 3528; x_wconf 83' lang='grc' dir='ltr'>τούτοις</span> <span class='ocrx_word' id='word_1_514' title='bbox 2509 3463 2720 3533; x_wconf 82' lang='grc' dir='ltr'>γενῶν,</span> <span class='ocrx_word' id='word_1_515' title='bbox 2768 3462 2846 3531; x_wconf 81' lang='grc' dir='ltr'>τῷ</span> <span class='ocrx_word' id='word_1_516' title='bbox 2898 3461 2956 3513; x_wconf 80' lang='grc' dir='ltr'>δὲ</span> <span class='ocrx_word' id='word_1_517' title='bbox 3000 3456 3277 3527; x_wconf 83' lang='grc' dir='ltr'>καθολικῷ</span> <span class='ocrx_word' id='word_1_518' title='bbox 3319 3454 3467 3524; x_wconf 81' lang='grc' dir='ltr'>λόγῳ</span> <span class='ocrx_word' id='word_1_519' title='bbox 3509 3451 3611 3521; x_wconf 81' lang='grc' dir='ltr'><strong>τῆς</strong></span> <span class='ocrx_word' id='word_1_520' title='bbox 3657 3448 3770 3503; x_wconf 80' lang='grc' dir='ltr'>τῶν</span> 
     </span>
    </p>
   </div>
   <div class='ocr_carea' id='block_1_68' title="bbox 463 3540 3773 3625">
    <p class='ocr_par' dir='ltr' id='par_1_68' title="bbox 463 3540 3773 3625">
     <span class='ocr_line' id='line_1_68' title="bbox 463 3540 3773 3625; baseline -0 -22"><span class='ocrx_word' id='word_1_521' title='bbox 463 3549 635 3605; x_wconf 76' lang='grc' dir='ltr'>όντων</span> <span class='ocrx_word' id='word_1_522' title='bbox 683 3553 957 3624; x_wconf 81' lang='grc' dir='ltr'>ἀποδοχῆς</span> <span class='ocrx_word' id='word_1_523' title='bbox 1001 3552 1266 3624; x_wconf 79' lang='grc' dir='ltr'><strong>ἁρμόζειν</strong></span> <span class='ocrx_word' id='word_1_524' title='bbox 1305 3554 1391 3623; x_wconf 77' lang='grc' dir='ltr'><strong>ἐφ’</strong></span> <span class='ocrx_word' id='word_1_525' title='bbox 1420 3555 1653 3608; x_wconf 79' lang='grc' dir='ltr'>ἑκάστου</span> <span class='ocrx_word' id='word_1_526' title='bbox 1686 3554 1886 3625; x_wconf 86' lang='grc' dir='ltr'>φαμὲν,</span> <span class='ocrx_word' id='word_1_527' title='bbox 1933 3557 2075 3612; x_wconf 81' lang='grc' dir='ltr'>κατὰ</span> <span class='ocrx_word' id='word_1_528' title='bbox 2103 3559 2164 3612; x_wconf 79' lang='grc' dir='ltr'>τὸ</span> <span class='ocrx_word' id='word_1_529' title='bbox 2192 3553 2311 3611; x_wconf 76' lang='grc' dir='ltr'>ἴσον</span> <span class='ocrx_word' id='word_1_530' title='bbox 2356 3557 2420 3610; x_wconf 81' lang='grc' dir='ltr'>τὸ</span> <span class='ocrx_word' id='word_1_531' title='bbox 2452 3556 2613 3609; x_wconf 81' lang='grc' dir='ltr'>καλὸν</span> <span class='ocrx_word' id='word_1_532' title='bbox 2647 3550 2787 3608; x_wconf 82' lang='grc' dir='ltr'>εἶναι</span> <span class='ocrx_word' id='word_1_533' title='bbox 2824 3553 2944 3608; x_wconf 87' lang='grc' dir='ltr'>λίαν</span> <span class='ocrx_word' id='word_1_534' title='bbox 2972 3570 2986 3584; x_wconf 72' lang='grc' dir='ltr'>ο</span> <span class='ocrx_word' id='word_1_535' title='bbox 3031 3554 3093 3606; x_wconf 82' lang='grc' dir='ltr'>οὐ</span> <span class='ocrx_word' id='word_1_536' title='bbox 3141 3552 3251 3623; x_wconf 81' lang='grc' dir='ltr'><strong>μὴν</strong></span> <span class='ocrx_word' id='word_1_537' title='bbox 3299 3549 3436 3621; x_wconf 81' lang='grc' dir='ltr'>πρὸς</span> <span class='ocrx_word' id='word_1_538' title='bbox 3482 3545 3546 3599; x_wconf 81' lang='grc' dir='ltr'>τὸ</span> <span class='ocrx_word' id='word_1_539' title='bbox 3585 3540 3773 3612; x_wconf 57' lang='lat' dir='ltr'><strong>ww“</strong></span> 
     </span>
    </p>
   </div>
   <div class='ocr_carea' id='block_1_69' title="bbox 471 3636 3770 3721">
    <p class='ocr_par' dir='ltr' id='par_1_69' title="bbox 471 3636 3770 3721">
     <span class='ocr_line' id='line_1_69' title="bbox 471 3636 3770 3721; baseline 0 -23"><span class='ocrx_word' id='word_1_540' title='bbox 471 3662 633 3716; x_wconf 84' lang='grc' dir='ltr'>μενον</span> <span class='ocrx_word' id='word_1_541' title='bbox 677 3644 776 3717; x_wconf 82' lang='grc' dir='ltr'>τὴν</span> <span class='ocrx_word' id='word_1_542' title='bbox 817 3645 1093 3717; x_wconf 83' lang='grc' dir='ltr'>ἀποδοχὴν</span> <span class='ocrx_word' id='word_1_543' title='bbox 1135 3641 1297 3713; x_wconf 85' lang='grc' dir='ltr'>εἶναι,</span> <span class='ocrx_word' id='word_1_544' title='bbox 1331 3646 1365 3717; x_wconf 77' lang='grc' dir='ltr'>ἢ</span> <span class='ocrx_word' id='word_1_545' title='bbox 1417 3645 1485 3700; x_wconf 77' lang='grc' dir='ltr'>ἂν</span> <span class='ocrx_word' id='word_1_546' title='bbox 1515 3647 1607 3699; x_wconf 79' lang='grc' dir='ltr'>καὶ</span> <span class='ocrx_word' id='word_1_547' title='bbox 1640 3649 1672 3717; x_wconf 91' lang='grc' dir='ltr'><strong>ή</strong></span> <span class='ocrx_word' id='word_1_548' title='bbox 1707 3647 2095 3721; x_wconf 86' lang='grc' dir='ltr'>σκολόπενδρα,</span> <span class='ocrx_word' id='word_1_549' title='bbox 2126 3652 2223 3704; x_wconf 76' lang='grc' dir='ltr'>καὶ</span> <span class='ocrx_word' id='word_1_550' title='bbox 2267 3652 2296 3703; x_wconf 90' lang='grc' dir='ltr'><strong>ό</strong></span> <span class='ocrx_word' id='word_1_551' title='bbox 2326 3650 2579 3719; x_wconf 79' lang='grc' dir='ltr'>χερσαῖος</span> <span class='ocrx_word' id='word_1_552' title='bbox 2608 3646 2900 3717; x_wconf 72' lang='grc' dir='ltr'>βάτραχος,</span> <span class='ocrx_word' id='word_1_553' title='bbox 2928 3644 3024 3698; x_wconf 72' lang='grc' dir='ltr'>καὶ</span> <span class='ocrx_word' id='word_1_554' title='bbox 3054 3642 3124 3696; x_wconf 80' lang='grc' dir='ltr'><strong>τὰ</strong></span> <span class='ocrx_word' id='word_1_555' title='bbox 3166 3644 3234 3695; x_wconf 78' lang='grc' dir='ltr'>ὲκ</span> <span class='ocrx_word' id='word_1_556' title='bbox 3259 3641 3363 3711; x_wconf 80' lang='grc' dir='ltr'>τῆς</span> <span class='ocrx_word' id='word_1_557' title='bbox 3403 3637 3623 3709; x_wconf 77' lang='grc' dir='ltr'>σήψεως</span> <span class='ocrx_word' id='word_1_558' title='bbox 3661 3636 3770 3689; x_wconf 74' lang='grc' dir='ltr'><strong>τῶν</strong></span> 
     </span>
    </p>
   </div>
   <div class='ocr_carea' id='block_1_70' title="bbox 470 3726 3774 3816">
    <p class='ocr_par' dir='ltr' id='par_1_70' title="bbox 470 3726 3774 3816">
     <span class='ocr_line' id='line_1_70' title="bbox 470 3726 3774 3816; baseline 0 -24"><span class='ocrx_word' id='word_1_559' title='bbox 470 3738 749 3812; x_wconf 79' lang='grc' dir='ltr'>βορὸόρων</span> <span class='ocrx_word' id='word_1_560' title='bbox 788 3738 1224 3810; x_wconf 76' lang='grc' dir='ltr'><strong>ζωογονούμενα,</strong></span> <span class='ocrx_word' id='word_1_561' title='bbox 1259 3738 1374 3810; x_wconf 79' lang='grc' dir='ltr'>ἔχοι</span> <span class='ocrx_word' id='word_1_562' title='bbox 1415 3739 1478 3793; x_wconf 82' lang='grc' dir='ltr'>τὸ</span> <span class='ocrx_word' id='word_1_563' title='bbox 1511 3738 1632 3793; x_wconf 89' lang='grc' dir='ltr'>λίαν</span> <span class='ocrx_word' id='word_1_564' title='bbox 1684 3740 1856 3796; x_wconf 80' lang='grc' dir='ltr'>καλά’</span> <span class='ocrx_word' id='word_1_565' title='bbox 1887 3742 2000 3795; x_wconf 86' lang='grc' dir='ltr'>ἀλλ’</span> <span class='ocrx_word' id='word_1_566' title='bbox 2034 3744 2093 3797; x_wconf 84' lang='grc' dir='ltr'><strong>οὐ</strong></span> <span class='ocrx_word' id='word_1_567' title='bbox 2137 3744 2275 3816; x_wconf 84' lang='grc' dir='ltr'>πρὸς</span> <span class='ocrx_word' id='word_1_568' title='bbox 2304 3743 2403 3814; x_wconf 81' lang='grc' dir='ltr'><strong>τὴν</strong></span> <span class='ocrx_word' id='word_1_569' title='bbox 2434 3742 2585 3814; x_wconf 90' lang='grc' dir='ltr'>ῶραν</span> <span class='ocrx_word' id='word_1_570' title='bbox 2613 3740 2722 3795; x_wconf 85' lang='grc' dir='ltr'><strong>τῶν</strong></span> <span class='ocrx_word' id='word_1_571' title='bbox 2755 3737 3057 3809; x_wconf 85' lang='grc' dir='ltr'>γεγονότων</span> <span class='ocrx_word' id='word_1_572' title='bbox 3096 3736 3127 3788; x_wconf 78' lang='grc' dir='ltr'><strong>ό</strong></span> <span class='ocrx_word' id='word_1_573' title='bbox 3171 3735 3315 3799; x_wconf 72' lang='grc' dir='ltr'>θεῖος</span> <span class='ocrx_word' id='word_1_574' title='bbox 3342 3729 3622 3801; x_wconf 72' lang='grc' dir='ltr'>ὀφθαλμὸς</span> <span class='ocrx_word' id='word_1_575' title='bbox 3652 3726 3774 3798; x_wconf 71' lang='grc' dir='ltr'>βλέ’</span> 
     </span>
    </p>
   </div>
   <div class='ocr_carea' id='block_1_71' title="bbox 468 3821 3773 3911">
    <p class='ocr_par' dir='ltr' id='par_1_71' title="bbox 468 3821 3773 3911">
     <span class='ocr_line' id='line_1_71' title="bbox 468 3821 3773 3911; baseline -0.005 -20"><span class='ocrx_word' id='word_1_576' title='bbox 468 3855 607 3903; x_wconf 89' lang='grc' dir='ltr'>πων,</span> <span class='ocrx_word' id='word_1_577' title='bbox 636 3839 695 3892; x_wconf 89' lang='lat' dir='ltr'><strong>tv</strong></span> <span class='ocrx_word' id='word_1_578' title='bbox 717 3838 941 3909; x_wconf 80' lang='grc' dir='ltr'>εὐχροίᾳ</span> <span class='ocrx_word' id='word_1_579' title='bbox 968 3838 1075 3891; x_wconf 84' lang='grc' dir='ltr'>τινί</span> <span class='ocrx_word' id='word_1_580' title='bbox 1100 3837 1194 3892; x_wconf 75' lang='grc' dir='ltr'>καὶ</span> <span class='ocrx_word' id='word_1_581' title='bbox 1220 3837 1497 3909; x_wconf 77' lang='grc' dir='ltr'>εὐμορφίᾳ</span> <span class='ocrx_word' id='word_1_582' title='bbox 1537 3837 1600 3891; x_wconf 84' lang='grc' dir='ltr'>τὸ</span> <span class='ocrx_word' id='word_1_583' title='bbox 1645 3838 1810 3893; x_wconf 81' lang='grc' dir='ltr'>καλὸν</span> <span class='ocrx_word' id='word_1_584' title='bbox 1858 3839 2122 3909; x_wconf 74' lang='grc' dir='ltr'>ὁρίζεται,</span> <span class='ocrx_word' id='word_1_585' title='bbox 2162 3842 2278 3897; x_wconf 71' lang='grc' dir='ltr'>ἀλλ’</span> <span class='ocrx_word' id='word_1_586' title='bbox 2309 3843 2368 3893; x_wconf 87' lang='lat' dir='ltr'><strong>tv</strong></span> <span class='ocrx_word' id='word_1_587' title='bbox 2399 3839 2477 3911; x_wconf 79' lang='grc' dir='ltr'><strong>τῷ</strong></span> <span class='ocrx_word' id='word_1_588' title='bbox 2508 3839 2775 3900; x_wconf 74' lang='grc' dir='ltr'>ἕκαστον,</span> <span class='ocrx_word' id='word_1_589' title='bbox 2839 3833 2976 3888; x_wconf 78' lang='grc' dir='ltr'>καθὸ</span> <span class='ocrx_word' id='word_1_590' title='bbox 3018 3832 3131 3885; x_wconf 76' lang='grc' dir='ltr'>ἐστι</span> <span class='ocrx_word' id='word_1_591' title='bbox 3159 3870 3173 3895; x_wconf 87' lang='grc'><strong>,</strong></span> <span class='ocrx_word' id='word_1_592' title='bbox 3222 3828 3436 3883; x_wconf 83' lang='grc' dir='ltr'>τελείαν</span> <span class='ocrx_word' id='word_1_593' title='bbox 3486 3828 3545 3877; x_wconf 90' lang='lat' dir='ltr'><strong>tv</strong></span> <span class='ocrx_word' id='word_1_594' title='bbox 3592 3821 3773 3891; x_wconf 78' lang='grc' dir='ltr'>ἑαυτῷ</span> 
     </span>
    </p>
   </div>
   <div class='ocr_carea' id='block_1_72' title="bbox 470 3912 3775 4002">
    <p class='ocr_par' dir='ltr' id='par_1_72' title="bbox 470 3912 3775 4002">
     <span class='ocr_line' id='line_1_72' title="bbox 470 3912 3775 4002; baseline -0.005 -20"><span class='ocrx_word' id='word_1_595' title='bbox 470 3929 615 4002; x_wconf 75' lang='grc' dir='ltr'>ἔχειν</span> <span class='ocrx_word' id='word_1_596' title='bbox 648 3930 748 4002; x_wconf 81' lang='grc' dir='ltr'>τὴν</span> <span class='ocrx_word' id='word_1_597' title='bbox 792 3931 955 4001; x_wconf 81' lang='grc' dir='ltr'>φύσιν</span> <span class='ocrx_word' id='word_1_598' title='bbox 977 3947 992 3961; x_wconf 90' lang='grc'><strong>·</strong></span> <span class='ocrx_word' id='word_1_599' title='bbox 1048 3932 1110 3983; x_wconf 82' lang='grc' dir='ltr'>οὐ</span> <span class='ocrx_word' id='word_1_600' title='bbox 1154 3930 1266 4002; x_wconf 85' lang='grc' dir='ltr'><strong>γὰρ</strong></span> <span class='ocrx_word' id='word_1_601' title='bbox 1298 3933 1356 3984; x_wconf 88' lang='lat' dir='ltr'><strong>tv</strong></span> <span class='ocrx_word' id='word_1_602' title='bbox 1400 3930 1481 4001; x_wconf 80' lang='grc' dir='ltr'>τῷ</span> <span class='ocrx_word' id='word_1_603' title='bbox 1510 3930 1638 4000; x_wconf 85' lang='grc' dir='ltr'>βοῦν</span> <span class='ocrx_word' id='word_1_604' title='bbox 1689 3930 1764 4001; x_wconf 79' lang='grc' dir='ltr'>μὴ</span> <span class='ocrx_word' id='word_1_605' title='bbox 1815 3925 1979 3994; x_wconf 75' lang='grc' dir='ltr'>εἶναι,</span> <span class='ocrx_word' id='word_1_606' title='bbox 2027 3934 2120 3987; x_wconf 81' lang='grc' dir='ltr'><strong>τὸν</strong></span> <span class='ocrx_word' id='word_1_607' title='bbox 2170 3935 2338 3987; x_wconf 84' lang='grc' dir='ltr'>ἵππον</span> <span class='ocrx_word' id='word_1_608' title='bbox 2379 3932 2527 3985; x_wconf 74' lang='grc' dir='ltr'>ἐστιν</span> <span class='ocrx_word' id='word_1_609' title='bbox 2565 3926 2726 3995; x_wconf 78' lang='grc' dir='ltr'>εἶναι,</span> <span class='ocrx_word' id='word_1_610' title='bbox 2775 3925 2890 3980; x_wconf 74' lang='grc' dir='ltr'>ἀλλ’</span> <span class='ocrx_word' id='word_1_611' title='bbox 2932 3925 2990 3976; x_wconf 86' lang='lat' dir='ltr'><strong>tv</strong></span> <span class='ocrx_word' id='word_1_612' title='bbox 3036 3923 3254 3991; x_wconf 78' lang='grc' dir='ltr'>ἑκάστῳ</span> <span class='ocrx_word' id='word_1_613' title='bbox 3281 3918 3489 3972; x_wconf 83' lang='grc' dir='ltr'>τούτων</span> <span class='ocrx_word' id='word_1_614' title='bbox 3517 3912 3775 3983; x_wconf 83' lang='grc' dir='ltr'>συντηρεῖ</span> 
     </span>
    </p>
   </div>
   <div class='ocr_carea' id='block_1_73' title="bbox 472 4003 3773 4094">
    <p class='ocr_par' dir='ltr' id='par_1_73' title="bbox 472 4003 3773 4094">
     <span class='ocr_line' id='line_1_73' title="bbox 472 4003 3773 4094; baseline -0.002 -20"><span class='ocrx_word' id='word_1_615' title='bbox 472 4022 671 4092; x_wconf 75' lang='grc' dir='ltr'>ἑαυτὴν</span> <span class='ocrx_word' id='word_1_616' title='bbox 697 4022 732 4089; x_wconf 81' lang='grc' dir='ltr'><strong>ή</strong></span> <span class='ocrx_word' id='word_1_617' title='bbox 766 4018 949 4088; x_wconf 79' lang='grc' dir='ltr'>φύσις,</span> <span class='ocrx_word' id='word_1_618' title='bbox 986 4018 1123 4082; x_wconf 77' lang='grc' dir='ltr'>ιδίας</span> <span class='ocrx_word' id='word_1_619' title='bbox 1152 4018 1408 4089; x_wconf 77' lang='grc' dir='ltr'>ἀφορμὰς</span> <span class='ocrx_word' id='word_1_620' title='bbox 1442 4018 1582 4089; x_wconf 84' lang='grc' dir='ltr'>πρὸς</span> <span class='ocrx_word' id='word_1_621' title='bbox 1619 4018 1720 4089; x_wconf 81' lang='grc' dir='ltr'>τὴν</span> <span class='ocrx_word' id='word_1_622' title='bbox 1769 4019 1906 4072; x_wconf 83' lang='grc' dir='ltr'>ἰδίαν</span> <span class='ocrx_word' id='word_1_623' title='bbox 1954 4020 2216 4094; x_wconf 80' lang='grc' dir='ltr'>διαμονὴν</span> <span class='ocrx_word' id='word_1_624' title='bbox 2243 4022 2576 4093; x_wconf 82' lang='grc' dir='ltr'>κεκτημένη,</span> <span class='ocrx_word' id='word_1_625' title='bbox 2605 4020 2708 4073; x_wconf 80' lang='grc' dir='ltr'>οὐκ</span> <span class='ocrx_word' id='word_1_626' title='bbox 2736 4021 2793 4071; x_wconf 80' lang='grc' dir='ltr'><strong>ἐν</strong></span> <span class='ocrx_word' id='word_1_627' title='bbox 2818 4016 2995 4087; x_wconf 75' lang='grc' dir='ltr'>φθορᾷ</span> <span class='ocrx_word' id='word_1_628' title='bbox 3025 4014 3127 4083; x_wconf 79' lang='grc' dir='ltr'>τῆς</span> <span class='ocrx_word' id='word_1_629' title='bbox 3158 4008 3396 4081; x_wconf 75' lang='grc' dir='ltr'>φύσεως,</span> <span class='ocrx_word' id='word_1_630' title='bbox 3429 4006 3542 4061; x_wconf 81' lang='grc' dir='ltr'>ἀλλ’</span> <span class='ocrx_word' id='word_1_631' title='bbox 3567 4007 3645 4068; x_wconf 81' lang='grc' dir='ltr'><strong>εις</strong></span> <span class='ocrx_word' id='word_1_632' title='bbox 3675 4003 3773 4074; x_wconf 63' lang='grc' dir='ltr'><strong>τὴν</strong></span> 
     </span>
    </p>
   </div>
   <div class='ocr_carea' id='block_1_74' title="bbox 470 4106 1233 4179">
    <p class='ocr_par' dir='ltr' id='par_1_74' title="bbox 470 4106 1233 4179">
     <span class='ocr_line' id='line_1_74' title="bbox 470 4106 1233 4179; baseline -0.008 -10"><span class='ocrx_word' id='word_1_633' title='bbox 470 4111 570 4169; x_wconf 78' lang='grc' dir='ltr'><strong>τοῦ</strong></span> <span class='ocrx_word' id='word_1_634' title='bbox 595 4106 734 4164; x_wconf 77' lang='grc' dir='ltr'>εἶναι</span> <span class='ocrx_word' id='word_1_635' title='bbox 761 4108 987 4179; x_wconf 82' lang='grc' dir='ltr'>δύναμιν</span> <span class='ocrx_word' id='word_1_636' title='bbox 1015 4109 1233 4178; x_wconf 78' lang='grc' dir='ltr'>ἔχουσα.</span> 
     </span>
    </p>
   </div>
   <div class='ocr_carea' id='block_1_75' title="bbox 550 4186 2062 4271">
    <p class='ocr_par' dir='ltr' id='par_1_75' title="bbox 550 4202 2062 4270">
     <span class='ocr_line' id='line_1_75' title="bbox 550 4202 2062 4270; baseline 0 -12"><span class='ocrx_word' id='word_1_637' title='bbox 550 4203 646 4258; x_wconf 89' lang='lat' dir='ltr'><strong>Sic</strong></span> <span class='ocrx_word' id='word_1_638' title='bbox 677 4203 840 4257; x_wconf 88' lang='lat' dir='ltr'><strong>etiam</strong></span> <span class='ocrx_word' id='word_1_639' title='bbox 869 4203 1161 4266; x_wconf 86' lang='lat' dir='ltr'><strong>elementa,</strong></span> <span class='ocrx_word' id='word_1_640' title='bbox 1203 4202 1333 4257; x_wconf 90' lang='lat' dir='ltr'><strong>licet</strong></span> <span class='ocrx_word' id='word_1_641' title='bbox 1367 4202 1526 4259; x_wconf 88' lang='lat' dir='ltr'><strong>aliter</strong></span> <span class='ocrx_word' id='word_1_642' title='bbox 1563 4202 1709 4258; x_wconf 89' lang='lat' dir='ltr'><strong>inter</strong></span> <span class='ocrx_word' id='word_1_643' title='bbox 1728 4217 1790 4258; x_wconf 91' lang='lat' dir='ltr'><strong>se</strong></span> <span class='ocrx_word' id='word_1_644' title='bbox 1814 4202 2062 4270; x_wconf 78' lang='lat' dir='ltr'><strong>habeant,</strong></span> 
     </span>
    </p>
   </div>
   <div class='ocr_carea' id='block_1_76' title="bbox 2169 4186 3772 4271">
    <p class='ocr_par' dir='ltr' id='par_1_76' title="bbox 2235 4186 3772 4269">
     <span class='ocr_line' id='line_1_76' title="bbox 2235 4186 3772 4269; baseline -0.013 -12"><span class='ocrx_word' id='word_1_645' title='bbox 2235 4201 2396 4257; x_wconf 80' lang='grc' dir='ltr'>Οὕτω</span> <span class='ocrx_word' id='word_1_646' title='bbox 2420 4199 2526 4254; x_wconf 77' lang='grc' dir='ltr'>κᾶν</span> <span class='ocrx_word' id='word_1_647' title='bbox 2553 4199 2754 4269; x_wconf 76' lang='grc' dir='ltr'>ἑτέρως</span> <span class='ocrx_word' id='word_1_648' title='bbox 2778 4196 2891 4266; x_wconf 79' lang='grc' dir='ltr'>έχοι</span> <span class='ocrx_word' id='word_1_649' title='bbox 2914 4192 2984 4246; x_wconf 83' lang='grc' dir='ltr'>τὰ</span> <span class='ocrx_word' id='word_1_650' title='bbox 3004 4192 3241 4261; x_wconf 86' lang='grc' dir='ltr'>στοιχεῖα</span> <span class='ocrx_word' id='word_1_651' title='bbox 3253 4189 3391 4259; x_wconf 79' lang='grc' dir='ltr'>πρὸς</span> <span class='ocrx_word' id='word_1_652' title='bbox 3408 4186 3637 4257; x_wconf 77' lang='grc' dir='ltr'>ἄλληλα,</span> <span class='ocrx_word' id='word_1_653' title='bbox 3659 4186 3772 4239; x_wconf 83' lang='grc' dir='ltr'>ἀλλ’</span> 
     </span>
    </p>
   </div>
   <div class='ocr_carea' id='block_1_77' title="bbox 481 4277 2062 4368">
    <p class='ocr_par' dir='ltr' id='par_1_77' title="bbox 481 4295 2062 4368">
     <span class='ocr_line' id='line_1_77' title="bbox 481 4295 2062 4368; baseline -0.001 -16"><span class='ocrx_word' id='word_1_654' title='bbox 481 4295 701 4367; x_wconf 84' lang='lat' dir='ltr'><strong>singula</strong></span> <span class='ocrx_word' id='word_1_655' title='bbox 739 4304 919 4351; x_wconf 83' lang='lat' dir='ltr'><strong>tamen</strong></span> <span class='ocrx_word' id='word_1_656' title='bbox 968 4295 1025 4350; x_wconf 89' lang='lat' dir='ltr'><strong>in</strong></span> <span class='ocrx_word' id='word_1_657' title='bbox 1068 4311 1129 4351; x_wconf 91' lang='lat' dir='ltr'><strong>se</strong></span> <span class='ocrx_word' id='word_1_658' title='bbox 1185 4295 1347 4352; x_wconf 90' lang='lat' dir='ltr'><strong>valde</strong></span> <span class='ocrx_word' id='word_1_659' title='bbox 1393 4305 1526 4352; x_wconf 89' lang='lat' dir='ltr'><strong>sunt</strong></span> <span class='ocrx_word' id='word_1_660' title='bbox 1562 4296 1814 4368; x_wconf 83' lang='lat' dir='ltr'><strong>pulchra.</strong></span> <span class='ocrx_word' id='word_1_661' title='bbox 1846 4295 2062 4367; x_wconf 80' lang='lat' dir='ltr'><strong>Propria</strong></span> 
     </span>
    </p>
   </div>
   <div class='ocr_carea' id='block_1_78' title="bbox 2169 4277 3770 4368">
    <p class='ocr_par' dir='ltr' id='par_1_78' title="bbox 2172 4277 3770 4363">
     <span class='ocr_line' id='line_1_78' title="bbox 2172 4277 3770 4363; baseline -0.013 -14"><span class='ocrx_word' id='word_1_662' title='bbox 2172 4292 2268 4349; x_wconf 76' lang='grc' dir='ltr'>οὖν</span> <span class='ocrx_word' id='word_1_663' title='bbox 2299 4295 2384 4363; x_wconf 80' lang='grc' dir='ltr'><strong>ἐφ’</strong></span> <span class='ocrx_word' id='word_1_664' title='bbox 2417 4289 2612 4345; x_wconf 78' lang='grc' dir='ltr'>ἑαυτοῦ</span> <span class='ocrx_word' id='word_1_665' title='bbox 2640 4290 2872 4342; x_wconf 75' lang='grc' dir='ltr'>ἕκαστον</span> <span class='ocrx_word' id='word_1_666' title='bbox 2899 4283 3066 4339; x_wconf 82' lang='grc' dir='ltr'>καλόν</span> <span class='ocrx_word' id='word_1_667' title='bbox 3092 4284 3208 4335; x_wconf 72' lang='grc' dir='ltr'>ἔστι</span> <span class='ocrx_word' id='word_1_668' title='bbox 3239 4279 3385 4333; x_wconf 88' lang='grc' dir='ltr'>λίαν.</span> <span class='ocrx_word' id='word_1_669' title='bbox 3429 4279 3545 4346; x_wconf 85' lang='grc' dir='ltr'>Ἐφ’</span> <span class='ocrx_word' id='word_1_670' title='bbox 3579 4277 3770 4330; x_wconf 81' lang='grc' dir='ltr'>ἑαυτοῦ</span> 
     </span>
    </p>
   </div>
   <div class='ocr_carea' id='block_1_79' title="bbox 480 4367 2062 4465">
    <p class='ocr_par' dir='ltr' id='par_1_79' title="bbox 480 4367 2062 4460">
     <span class='ocr_line' id='line_1_79' title="bbox 480 4367 2062 4460; baseline -0.002 -16"><span class='ocrx_word' id='word_1_671' title='bbox 480 4388 631 4444; x_wconf 89' lang='lat' dir='ltr'><strong>enim</strong></span> <span class='ocrx_word' id='word_1_672' title='bbox 663 4388 1094 4460; x_wconf 86' lang='lat' dir='ltr'><strong>unumquodque</strong></span> <span class='ocrx_word' id='word_1_673' title='bbox 1124 4387 1336 4444; x_wconf 87' lang='lat' dir='ltr'><strong>ratione</strong></span> <span class='ocrx_word' id='word_1_674' title='bbox 1359 4367 1696 4459; x_wconf 76' lang='lat' dir='ltr'><strong>completum</strong></span> <span class='ocrx_word' id='word_1_675' title='bbox 1727 4395 1813 4444; x_wconf 90' lang='lat' dir='ltr'><strong>est</strong></span> <span class='ocrx_word' id='word_1_676' title='bbox 1841 4388 2062 4459; x_wconf 84' lang='lat' dir='ltr'><strong>pulchri</strong></span> 
     </span>
    </p>
   </div>
   <div class='ocr_carea' id='block_1_80' title="bbox 2169 4367 3768 4465">
    <p class='ocr_par' dir='ltr' id='par_1_80' title="bbox 2174 4367 3768 4465">
     <span class='ocr_line' id='line_1_80' title="bbox 2174 4367 3768 4465; baseline -0.012 -25"><span class='ocrx_word' id='word_1_677' title='bbox 2174 4387 2285 4459; x_wconf 80' lang='grc' dir='ltr'>γὰρ</span> <span class='ocrx_word' id='word_1_678' title='bbox 2317 4382 2559 4439; x_wconf 78' lang='grc' dir='ltr'>κατὰτὸν</span> <span class='ocrx_word' id='word_1_679' title='bbox 2576 4382 2707 4434; x_wconf 82' lang='grc' dir='ltr'>ἴδιον</span> <span class='ocrx_word' id='word_1_680' title='bbox 2720 4379 2877 4447; x_wconf 91' lang='grc' dir='ltr'>λόγον</span> <span class='ocrx_word' id='word_1_681' title='bbox 2909 4378 2967 4430; x_wconf 83' lang='lat' dir='ltr'><strong>tv</strong></span> <span class='ocrx_word' id='word_1_682' title='bbox 2986 4375 3065 4445; x_wconf 82' lang='grc' dir='ltr'>τῷ</span> <span class='ocrx_word' id='word_1_683' title='bbox 3088 4370 3238 4442; x_wconf 89' lang='grc' dir='ltr'><strong>καλῷ</strong></span> <span class='ocrx_word' id='word_1_684' title='bbox 3279 4367 3768 4465; x_wconf 58' lang='grc' dir='ltr'>ωμτξεπλήρωται.</span> 
     </span>
    </p>
   </div>
   <div class='ocr_carea' id='block_1_81' title="bbox 483 4461 2062 4549">
    <p class='ocr_par' dir='ltr' id='par_1_81' title="bbox 483 4476 2062 4549">
     <span class='ocr_line' id='line_1_81' title="bbox 483 4476 2062 4549; baseline 0.002 -17"><span class='ocrx_word' id='word_1_685' title='bbox 483 4476 696 4533; x_wconf 87' lang='lat' dir='ltr'><strong>tudine.</strong></span> <span class='ocrx_word' id='word_1_686' title='bbox 716 4476 954 4532; x_wconf 84' lang='lat' dir='ltr'><strong>Pulchra</strong></span> <span class='ocrx_word' id='word_1_687' title='bbox 981 4486 1065 4533; x_wconf 89' lang='lat' dir='ltr'><strong>est</strong></span> <span class='ocrx_word' id='word_1_688' title='bbox 1085 4486 1252 4544; x_wconf 88' lang='lat' dir='ltr'><strong>terra,</strong></span> <span class='ocrx_word' id='word_1_689' title='bbox 1275 4477 1480 4548; x_wconf 88' lang='lat' dir='ltr'><strong>quippe</strong></span> <span class='ocrx_word' id='word_1_690' title='bbox 1505 4494 1627 4549; x_wconf 69' lang='lat' dir='ltr'><strong>qua:</strong></span> <span class='ocrx_word' id='word_1_691' title='bbox 1654 4494 1763 4533; x_wconf 92' lang='lat' dir='ltr'><strong>non</strong></span> <span class='ocrx_word' id='word_1_692' title='bbox 1784 4486 1906 4548; x_wconf 83' lang='lat' dir='ltr'><strong>eget</strong></span> <span class='ocrx_word' id='word_1_693' title='bbox 1935 4481 2062 4535; x_wconf 77' lang='lat' dir='ltr'><strong>aeri:</strong></span> 
     </span>
    </p>
   </div>
   <div class='ocr_carea' id='block_1_82' title="bbox 2169 4461 3772 4549">
    <p class='ocr_par' dir='ltr' id='par_1_82' title="bbox 2175 4461 3772 4543">
     <span class='ocr_line' id='line_1_82' title="bbox 2175 4461 3772 4543; baseline -0.006 -7"><span class='ocrx_word' id='word_1_694' title='bbox 2175 4480 2356 4537; x_wconf 84' lang='grc' dir='ltr'>Καλόν</span> <span class='ocrx_word' id='word_1_695' title='bbox 2384 4481 2531 4531; x_wconf 69' lang='grc' dir='ltr'>ἐστιν</span> <span class='ocrx_word' id='word_1_696' title='bbox 2549 4477 2583 4540; x_wconf 85' lang='grc' dir='ltr'><strong>ἡ</strong></span> <span class='ocrx_word' id='word_1_697' title='bbox 2607 4475 2701 4543; x_wconf 83' lang='grc' dir='ltr'><strong>γῆ·</strong></span> <span class='ocrx_word' id='word_1_698' title='bbox 2724 4474 2786 4525; x_wconf 76' lang='grc' dir='ltr'>οὐ</span> <span class='ocrx_word' id='word_1_699' title='bbox 2800 4471 2911 4541; x_wconf 85' lang='grc' dir='ltr'><strong>γὰρ</strong></span> <span class='ocrx_word' id='word_1_700' title='bbox 2928 4469 3027 4539; x_wconf 80' lang='grc' dir='ltr'><strong>τῆς</strong></span> <span class='ocrx_word' id='word_1_701' title='bbox 3052 4465 3333 4527; x_wconf 75' lang='grc' dir='ltr'>ἀπωλείας</span> <span class='ocrx_word' id='word_1_702' title='bbox 3348 4461 3443 4516; x_wconf 71' lang='grc' dir='ltr'><strong>τοῦ</strong></span> <span class='ocrx_word' id='word_1_703' title='bbox 3460 4461 3623 4531; x_wconf 72' lang='grc' dir='ltr'>ἀέρος</span> <span class='ocrx_word' id='word_1_704' title='bbox 3637 4461 3772 4530; x_wconf 74' lang='grc' dir='ltr'>χρῄ-</span> 
     </span>
    </p>
   </div>
   <div class='ocr_carea' id='block_1_83' title="bbox 484 4554 2062 4662">
    <p class='ocr_par' dir='ltr' id='par_1_83' title="bbox 484 4570 2062 4635">
     <span class='ocr_line' id='line_1_83' title="bbox 484 4570 2062 4635; baseline 0.001 -10"><span class='ocrx_word' id='word_1_705' title='bbox 484 4571 735 4633; x_wconf 86' lang='lat' dir='ltr'><strong>interitu,</strong></span> <span class='ocrx_word' id='word_1_706' title='bbox 771 4577 831 4624; x_wconf 93' lang='lat' dir='ltr'><strong>ut</strong></span> <span class='ocrx_word' id='word_1_707' title='bbox 857 4579 1003 4625; x_wconf 82' lang='lat' dir='ltr'><strong>terra</strong></span> <span class='ocrx_word' id='word_1_708' title='bbox 1033 4570 1127 4635; x_wconf 86' lang='lat' dir='ltr'><strong>sit,</strong></span> <span class='ocrx_word' id='word_1_709' title='bbox 1167 4571 1264 4627; x_wconf 89' lang='lat' dir='ltr'><strong>sed</strong></span> <span class='ocrx_word' id='word_1_710' title='bbox 1297 4570 1535 4625; x_wconf 83' lang='lat' dir='ltr'><strong>naturali</strong></span> <span class='ocrx_word' id='word_1_711' title='bbox 1565 4571 1669 4627; x_wconf 89' lang='lat' dir='ltr'><strong>sibi</strong></span> <span class='ocrx_word' id='word_1_712' title='bbox 1705 4586 1734 4624; x_wconf 90' lang='lat' dir='ltr'><strong>a</strong></span> <span class='ocrx_word' id='word_1_713' title='bbox 1768 4570 1879 4626; x_wconf 84' lang='lat' dir='ltr'><strong>Deo</strong></span> <span class='ocrx_word' id='word_1_714' title='bbox 1909 4572 2062 4628; x_wconf 82' lang='lat' dir='ltr'><strong>insita</strong></span> 
     </span>
    </p>
   </div>
   <div class='ocr_carea' id='block_1_84' title="bbox 2169 4554 3771 4662">
    <p class='ocr_par' dir='ltr' id='par_1_84' title="bbox 2178 4554 3771 4642">
     <span class='ocr_line' id='line_1_84' title="bbox 2178 4554 3771 4642; baseline -0.014 -15"><span class='ocrx_word' id='word_1_715' title='bbox 2178 4574 2264 4638; x_wconf 81' lang='grc' dir='ltr'><strong>ζει</strong></span> <span class='ocrx_word' id='word_1_716' title='bbox 2289 4567 2499 4642; x_wconf 82' lang='grc' dir='ltr'>πρὸςτὺ</span> <span class='ocrx_word' id='word_1_717' title='bbox 2518 4561 2658 4620; x_wconf 83' lang='grc' dir='ltr'>εἶναι</span> <span class='ocrx_word' id='word_1_718' title='bbox 2673 4565 2767 4635; x_wconf 83' lang='grc' dir='ltr'>γῆ,</span> <span class='ocrx_word' id='word_1_719' title='bbox 2788 4562 2922 4616; x_wconf 79' lang='grc' dir='ltr'>ἀλλὰ</span> <span class='ocrx_word' id='word_1_720' title='bbox 2942 4560 3092 4631; x_wconf 80' lang='grc' dir='ltr'>μένει</span> <span class='ocrx_word' id='word_1_721' title='bbox 3114 4560 3172 4611; x_wconf 81' lang='lat' dir='ltr'><strong>tv</strong></span> <span class='ocrx_word' id='word_1_722' title='bbox 3187 4560 3310 4620; x_wconf 81' lang='grc' dir='ltr'>ταῖς</span> <span class='ocrx_word' id='word_1_723' title='bbox 3330 4556 3488 4618; x_wconf 80' lang='grc' dir='ltr'>ἰδίαις</span> <span class='ocrx_word' id='word_1_724' title='bbox 3504 4554 3771 4626; x_wconf 82' lang='grc' dir='ltr'>ποιότησι,</span> 
     </span>
    </p>
   </div>
   <div class='ocr_carea' id='block_1_85' title="bbox 484 4661 2076 4732">
    <p class='ocr_par' dir='ltr' id='par_1_85' title="bbox 484 4661 2076 4732">
     <span class='ocr_line' id='line_1_85' title="bbox 484 4661 2076 4732; baseline 0.002 -15"><span class='ocrx_word' id='word_1_725' title='bbox 484 4670 758 4732; x_wconf 86' lang='lat' dir='ltr'><strong>potestate</strong></span> <span class='ocrx_word' id='word_1_726' title='bbox 792 4676 915 4717; x_wconf 88' lang='lat' dir='ltr'><strong>sese</strong></span> <span class='ocrx_word' id='word_1_727' title='bbox 947 4676 1313 4725; x_wconf 89' lang='lat' dir='ltr'><strong>conservans,</strong></span> <span class='ocrx_word' id='word_1_728' title='bbox 1346 4661 1403 4716; x_wconf 92' lang='lat' dir='ltr'><strong>in</strong></span> <span class='ocrx_word' id='word_1_729' title='bbox 1445 4661 1686 4732; x_wconf 90' lang='lat' dir='ltr'><strong>propriis</strong></span> <span class='ocrx_word' id='word_1_730' title='bbox 1716 4662 2076 4732; x_wconf 88' lang='lat' dir='ltr'><strong>qualitatibus</strong></span> 
     </span>
    </p>
   </div>
   <div class='ocr_carea' id='block_1_86' title="bbox 490 4751 2078 4824">
    <p class='ocr_par' dir='ltr' id='par_1_86' title="bbox 490 4751 2078 4824">
     <span class='ocr_line' id='line_1_86' title="bbox 490 4751 2078 4824; baseline 0.002 -15"><span class='ocrx_word' id='word_1_731' title='bbox 490 4761 697 4809; x_wconf 86' lang='lat' dir='ltr'><strong>manet.</strong></span> <span class='ocrx_word' id='word_1_732' title='bbox 730 4751 966 4809; x_wconf 87' lang='lat' dir='ltr'><strong>Pulcher</strong></span> <span class='ocrx_word' id='word_1_733' title='bbox 1001 4760 1087 4809; x_wconf 88' lang='lat' dir='ltr'><strong>est</strong></span> <span class='ocrx_word' id='word_1_734' title='bbox 1118 4768 1235 4817; x_wconf 88' lang='lat' dir='ltr'><strong>aer,</strong></span> <span class='ocrx_word' id='word_1_735' title='bbox 1267 4768 1377 4808; x_wconf 91' lang='lat' dir='ltr'><strong>non</strong></span> <span class='ocrx_word' id='word_1_736' title='bbox 1398 4768 1468 4808; x_wconf 78' lang='lat' dir='ltr'><strong>ex</strong></span> <span class='ocrx_word' id='word_1_737' title='bbox 1505 4769 1571 4809; x_wconf 89' lang='lat' dir='ltr'><strong>eo</strong></span> <span class='ocrx_word' id='word_1_738' title='bbox 1596 4752 1744 4824; x_wconf 90' lang='lat' dir='ltr'><strong>quod</strong></span> <span class='ocrx_word' id='word_1_739' title='bbox 1775 4760 1923 4809; x_wconf 87' lang='lat' dir='ltr'><strong>terra</strong></span> <span class='ocrx_word' id='word_1_740' title='bbox 1967 4769 2078 4811; x_wconf 88' lang='lat' dir='ltr'><strong>non</strong></span> 
     </span>
    </p>
   </div>
   <div class='ocr_carea' id='block_1_87' title="bbox 491 4844 2080 4917">
    <p class='ocr_par' dir='ltr' id='par_1_87' title="bbox 491 4844 2080 4917">
     <span class='ocr_line' id='line_1_87' title="bbox 491 4844 2080 4917; baseline 0.003 -16"><span class='ocrx_word' id='word_1_741' title='bbox 491 4847 586 4910; x_wconf 80' lang='lat' dir='ltr'><strong>sit,</strong></span> <span class='ocrx_word' id='word_1_742' title='bbox 636 4844 733 4901; x_wconf 88' lang='lat' dir='ltr'><strong>sed</strong></span> <span class='ocrx_word' id='word_1_743' title='bbox 761 4845 905 4915; x_wconf 91' lang='lat' dir='ltr'><strong>quod</strong></span> <span class='ocrx_word' id='word_1_744' title='bbox 937 4845 1054 4914; x_wconf 89' lang='lat' dir='ltr'><strong>ipse</strong></span> <span class='ocrx_word' id='word_1_745' title='bbox 1099 4853 1206 4911; x_wconf 89' lang='lat' dir='ltr'><strong>est,</strong></span> <span class='ocrx_word' id='word_1_746' title='bbox 1253 4860 1425 4917; x_wconf 89' lang='lat' dir='ltr'><strong>seque</strong></span> <span class='ocrx_word' id='word_1_747' title='bbox 1466 4857 1678 4901; x_wconf 65' lang='lat' dir='ltr'><strong>natura</strong></span> <span class='ocrx_word' id='word_1_748' title='bbox 1720 4861 1836 4902; x_wconf 70' lang='lat' dir='ltr'><strong>suae</strong></span> <span class='ocrx_word' id='word_1_749' title='bbox 1870 4847 2080 4906; x_wconf 84' lang='lat' dir='ltr'><strong>viribus</strong></span> 
     </span>
    </p>
   </div>
   <div class='ocr_carea' id='block_1_88' title="bbox 489 4936 2082 5010">
    <p class='ocr_par' dir='ltr' id='par_1_88' title="bbox 489 4936 2082 5010">
     <span class='ocr_line' id='line_1_88' title="bbox 489 4936 2082 5010; baseline 0.001 -15"><span class='ocrx_word' id='word_1_750' title='bbox 489 4947 791 4996; x_wconf 85' lang='lat' dir='ltr'><strong>sustentat.</strong></span> <span class='ocrx_word' id='word_1_751' title='bbox 862 4936 953 4995; x_wconf 89' lang='lat' dir='ltr'><strong>Sic</strong></span> <span class='ocrx_word' id='word_1_752' title='bbox 1001 4940 1167 4993; x_wconf 89' lang='lat' dir='ltr'><strong>etiam</strong></span> <span class='ocrx_word' id='word_1_753' title='bbox 1210 4954 1355 5010; x_wconf 86' lang='lat' dir='ltr'><strong>aqua</strong></span> <span class='ocrx_word' id='word_1_754' title='bbox 1399 4945 1486 4995; x_wconf 92' lang='lat' dir='ltr'><strong>est</strong></span> <span class='ocrx_word' id='word_1_755' title='bbox 1529 4937 1689 4994; x_wconf 88' lang='lat' dir='ltr'><strong>valde</strong></span> <span class='ocrx_word' id='word_1_756' title='bbox 1736 4939 1985 5010; x_wconf 86' lang='lat' dir='ltr'><strong>pulchra,</strong></span> <span class='ocrx_word' id='word_1_757' title='bbox 2024 4950 2082 4997; x_wconf 84' lang='lat' dir='ltr'><strong>et</strong></span> 
     </span>
    </p>
   </div>
   <div class='ocr_carea' id='block_1_89' title="bbox 492 5031 2081 5102">
    <p class='ocr_par' dir='ltr' id='par_1_89' title="bbox 492 5031 2081 5102">
     <span class='ocr_line' id='line_1_89' title="bbox 492 5031 2081 5102; baseline 0.002 -16"><span class='ocrx_word' id='word_1_758' title='bbox 492 5031 635 5102; x_wconf 89' lang='lat' dir='ltr'><strong>ignis</strong></span> <span class='ocrx_word' id='word_1_759' title='bbox 670 5031 899 5101; x_wconf 87' lang='lat' dir='ltr'><strong>pulcher</strong></span> <span class='ocrx_word' id='word_1_760' title='bbox 923 5038 1010 5086; x_wconf 81' lang='lat' dir='ltr'><strong>est</strong></span> <span class='ocrx_word' id='word_1_761' title='bbox 1030 5031 1207 5096; x_wconf 85' lang='lat' dir='ltr'><strong>valde,</strong></span> <span class='ocrx_word' id='word_1_762' title='bbox 1237 5038 1292 5086; x_wconf 90' lang='lat' dir='ltr'><strong>et</strong></span> <span class='ocrx_word' id='word_1_763' title='bbox 1322 5031 1561 5101; x_wconf 86' lang='lat' dir='ltr'><strong>propriis</strong></span> <span class='ocrx_word' id='word_1_764' title='bbox 1590 5038 1821 5101; x_wconf 87' lang='lat' dir='ltr'><strong>uterque</strong></span> <span class='ocrx_word' id='word_1_765' title='bbox 1849 5034 2081 5102; x_wconf 85' lang='lat' dir='ltr'><strong>qualita-</strong></span> 
     </span>
    </p>
   </div>
   <div class='ocr_carea' id='block_1_90' title="bbox 491 5124 2084 5196">
    <p class='ocr_par' dir='ltr' id='par_1_90' title="bbox 491 5124 2084 5196">
     <span class='ocr_line' id='line_1_90' title="bbox 491 5124 2084 5196; baseline 0.002 -16"><span class='ocrx_word' id='word_1_766' title='bbox 491 5126 642 5180; x_wconf 89' lang='lat' dir='ltr'><strong>tibus</strong></span> <span class='ocrx_word' id='word_1_767' title='bbox 671 5124 980 5187; x_wconf 78' lang='lat' dir='ltr'><strong>absolutus,</strong></span> <span class='ocrx_word' id='word_1_768' title='bbox 1020 5125 1076 5177; x_wconf 91' lang='lat' dir='ltr'><strong>in</strong></span> <span class='ocrx_word' id='word_1_769' title='bbox 1106 5138 1171 5178; x_wconf 91' lang='lat' dir='ltr'><strong>ea</strong></span> <span class='ocrx_word' id='word_1_770' title='bbox 1212 5139 1474 5180; x_wconf 88' lang='lat' dir='ltr'><strong>mensura</strong></span> <span class='ocrx_word' id='word_1_771' title='bbox 1503 5139 1611 5194; x_wconf 87' lang='lat' dir='ltr'><strong>qua</strong></span> <span class='ocrx_word' id='word_1_772' title='bbox 1644 5125 1879 5194; x_wconf 89' lang='lat' dir='ltr'><strong>primum</strong></span> <span class='ocrx_word' id='word_1_773' title='bbox 1915 5141 2084 5196; x_wconf 85' lang='lat' dir='ltr'><strong>gene-</strong></span> 
     </span>
    </p>
   </div>
   <div class='ocr_carea' id='block_1_91' title="bbox 491 5214 2086 5287">
    <p class='ocr_par' dir='ltr' id='par_1_91' title="bbox 491 5214 2086 5287">
     <span class='ocr_line' id='line_1_91' title="bbox 491 5214 2086 5287; baseline 0.002 -16"><span class='ocrx_word' id='word_1_774' title='bbox 491 5226 649 5272; x_wconf 78' lang='lat' dir='ltr'><strong>ratus</strong></span> <span class='ocrx_word' id='word_1_775' title='bbox 686 5223 796 5281; x_wconf 89' lang='lat' dir='ltr'><strong>est,</strong></span> <span class='ocrx_word' id='word_1_776' title='bbox 849 5214 1050 5270; x_wconf 71' lang='lat' dir='ltr'><strong>divinze</strong></span> <span class='ocrx_word' id='word_1_777' title='bbox 1092 5216 1396 5271; x_wconf 88' lang='lat' dir='ltr'><strong>voluntatis</strong></span> <span class='ocrx_word' id='word_1_778' title='bbox 1423 5216 1627 5271; x_wconf 89' lang='lat' dir='ltr'><strong>virtute</strong></span> <span class='ocrx_word' id='word_1_779' title='bbox 1662 5225 1925 5287; x_wconf 88' lang='lat' dir='ltr'><strong>perpetuo</strong></span> <span class='ocrx_word' id='word_1_780' title='bbox 1953 5232 2086 5274; x_wconf 85' lang='lat' dir='ltr'><strong>con-</strong></span> 
     </span>
    </p>
   </div>
   <div class='ocr_carea' id='block_1_92' title="bbox 496 5305 2075 5379">
    <p class='ocr_par' dir='ltr' id='par_1_92' title="bbox 496 5305 2075 5379">
     <span class='ocr_line' id='line_1_92' title="bbox 496 5305 2075 5379; baseline -0.004 -14"><span class='ocrx_word' id='word_1_781' title='bbox 496 5319 768 5365; x_wconf 85' lang='lat' dir='ltr'><strong>servatur.</strong></span> <span class='ocrx_word' id='word_1_782' title='bbox 833 5306 1066 5371; x_wconf 69' lang='lat' dir='ltr'><strong>«Terra,</strong></span> <span class='ocrx_word' id='word_1_783' title='bbox 1125 5308 1352 5379; x_wconf 87' lang='lat' dir='ltr'><strong>inquit,</strong></span> <span class='ocrx_word' id='word_1_784' title='bbox 1400 5307 1454 5361; x_wconf 93' lang='lat' dir='ltr'><strong>in</strong></span> <span class='ocrx_word' id='word_1_785' title='bbox 1488 5315 1752 5360; x_wconf 61' lang='lat' dir='ltr'><strong>aeternum</strong></span> <span class='ocrx_word' id='word_1_786' title='bbox 1793 5310 1903 5360; x_wconf 83' lang='lat' dir='ltr'><strong>stat</strong></span> <span class='ocrx_word' id='word_1_787' title='bbox 1926 5305 1969 5336; x_wconf 71' lang='grc' dir='ltr'>ι’</span> <span class='ocrx_word' id='word_1_788' title='bbox 2002 5322 2016 5359; x_wconf 89' lang='lat'><strong>:</strong></span> <span class='ocrx_word' id='word_1_789' title='bbox 2054 5323 2075 5358; x_wconf 72' lang='grc' dir='ltr'>ι</span> 
     </span>
    </p>
   </div>
   <div class='ocr_carea' id='block_1_93' title="bbox 493 5397 2083 5470">
    <p class='ocr_par' dir='ltr' id='par_1_93' title="bbox 493 5397 2083 5470">
     <span class='ocr_line' id='line_1_93' title="bbox 493 5397 2083 5470; baseline -0.003 -13"><span class='ocrx_word' id='word_1_790' title='bbox 493 5418 607 5458; x_wconf 88' lang='lat' dir='ltr'><strong>non</strong></span> <span class='ocrx_word' id='word_1_791' title='bbox 654 5400 1016 5468; x_wconf 88' lang='lat' dir='ltr'><strong>imminuitur,</strong></span> <span class='ocrx_word' id='word_1_792' title='bbox 1049 5414 1160 5454; x_wconf 87' lang='lat' dir='ltr'><strong>non</strong></span> <span class='ocrx_word' id='word_1_793' title='bbox 1190 5407 1451 5470; x_wconf 85' lang='lat' dir='ltr'><strong>augetur:</strong></span> <span class='ocrx_word' id='word_1_794' title='bbox 1489 5413 1582 5454; x_wconf 88' lang='lat' dir='ltr'><strong>aer</strong></span> <span class='ocrx_word' id='word_1_795' title='bbox 1612 5398 1668 5452; x_wconf 93' lang='lat' dir='ltr'><strong>in</strong></span> <span class='ocrx_word' id='word_1_796' title='bbox 1701 5397 1939 5467; x_wconf 88' lang='lat' dir='ltr'><strong>propriis</strong></span> <span class='ocrx_word' id='word_1_797' title='bbox 1968 5413 2083 5454; x_wconf 88' lang='lat' dir='ltr'><strong>ser-</strong></span> 
     </span>
    </p>
   </div>
   <div class='ocr_carea' id='block_1_94' title="bbox 500 5488 2089 5563">
    <p class='ocr_par' dir='ltr' id='par_1_94' title="bbox 500 5488 2089 5563">
     <span class='ocr_line' id='line_1_94' title="bbox 500 5488 2089 5563; baseline 0.001 -20"><span class='ocrx_word' id='word_1_798' title='bbox 500 5501 663 5545; x_wconf 83' lang='lat' dir='ltr'><strong>vatur</strong></span> <span class='ocrx_word' id='word_1_799' title='bbox 697 5492 976 5559; x_wconf 89' lang='lat' dir='ltr'><strong>terminis;</strong></span> <span class='ocrx_word' id='word_1_800' title='bbox 1007 5492 1151 5563; x_wconf 88' lang='lat' dir='ltr'><strong>ignis</strong></span> <span class='ocrx_word' id='word_1_801' title='bbox 1181 5506 1292 5547; x_wconf 89' lang='lat' dir='ltr'><strong>non</strong></span> <span class='ocrx_word' id='word_1_802' title='bbox 1323 5492 1611 5546; x_wconf 86' lang='lat' dir='ltr'><strong>minuitur.</strong></span> <span class='ocrx_word' id='word_1_803' title='bbox 1644 5489 1895 5555; x_wconf 86' lang='lat' dir='ltr'><strong>Quonam</strong></span> <span class='ocrx_word' id='word_1_804' title='bbox 1923 5488 2089 5559; x_wconf 88' lang='lat' dir='ltr'><strong>igitur</strong></span> 
     </span>
    </p>
   </div>
   <div class='ocr_carea' id='block_1_95' title="bbox 503 5583 2088 5653">
    <p class='ocr_par' dir='ltr' id='par_1_95' title="bbox 503 5583 2088 5653">
     <span class='ocr_line' id='line_1_95' title="bbox 503 5583 2088 5653; baseline 0.001 -20"><span class='ocrx_word' id='word_1_805' title='bbox 503 5588 664 5651; x_wconf 83' lang='lat' dir='ltr'><strong>pacto</strong></span> <span class='ocrx_word' id='word_1_806' title='bbox 696 5594 837 5648; x_wconf 89' lang='lat' dir='ltr'><strong>aqua</strong></span> <span class='ocrx_word' id='word_1_807' title='bbox 884 5583 1001 5639; x_wconf 67' lang='grc' dir='ltr'>δοια</span> <span class='ocrx_word' id='word_1_808' title='bbox 1039 5598 1103 5638; x_wconf 78' lang='lat' dir='ltr'><strong>ex</strong></span> <span class='ocrx_word' id='word_1_809' title='bbox 1133 5598 1324 5637; x_wconf 87' lang='lat' dir='ltr'><strong>eorum</strong></span> <span class='ocrx_word' id='word_1_810' title='bbox 1358 5597 1561 5653; x_wconf 86' lang='lat' dir='ltr'><strong>genere</strong></span> <span class='ocrx_word' id='word_1_811' title='bbox 1585 5587 1688 5645; x_wconf 88' lang='lat' dir='ltr'><strong>est,</strong></span> <span class='ocrx_word' id='word_1_812' title='bbox 1732 5593 1855 5649; x_wconf 75' lang='lat' dir='ltr'><strong>qua:</strong></span> <span class='ocrx_word' id='word_1_813' title='bbox 1887 5593 2088 5635; x_wconf 88' lang='lat' dir='ltr'><strong>consu-</strong></span> 
     </span>
    </p>
   </div>
   <div class='ocr_carea' id='block_1_96' title="bbox 505 5670 2089 5744">
    <p class='ocr_par' dir='ltr' id='par_1_96' title="bbox 505 5670 2089 5744">
     <span class='ocr_line' id='line_1_96' title="bbox 505 5670 2089 5744; baseline -0.003 -17"><span class='ocrx_word' id='word_1_814' title='bbox 505 5671 773 5727; x_wconf 76' lang='lat' dir='ltr'><strong>muntur?</strong></span> <span class='ocrx_word' id='word_1_815' title='bbox 811 5670 1076 5732; x_wconf 66' lang='lat' dir='ltr'><strong>Praeterea</strong></span> <span class='ocrx_word' id='word_1_816' title='bbox 1113 5677 1170 5731; x_wconf 88' lang='lat' dir='ltr'><strong>in</strong></span> <span class='ocrx_word' id='word_1_817' title='bbox 1215 5675 1382 5732; x_wconf 86' lang='lat' dir='ltr'><strong>rebus</strong></span> <span class='ocrx_word' id='word_1_818' title='bbox 1428 5672 1564 5744; x_wconf 80' lang='lat' dir='ltr'><strong>ipsis</strong></span> <span class='ocrx_word' id='word_1_819' title='bbox 1594 5671 1738 5728; x_wconf 89' lang='lat' dir='ltr'><strong>inter</strong></span> <span class='ocrx_word' id='word_1_820' title='bbox 1775 5684 1838 5726; x_wconf 84' lang='lat' dir='ltr'><strong>se</strong></span> <span class='ocrx_word' id='word_1_821' title='bbox 1870 5684 2089 5740; x_wconf 87' lang='lat' dir='ltr'><strong>compa-</strong></span> 
     </span>
    </p>
   </div>
   <div class='ocr_carea' id='block_1_97' title="bbox 583 5847 988 5919">
    <p class='ocr_par' dir='ltr' id='par_1_97' title="bbox 583 5847 988 5919">
     <span class='ocr_line' id='line_1_97' title="bbox 583 5847 988 5919; baseline -0.015 -12"><span class='ocrx_word' id='word_1_822' title='bbox 583 5847 631 5884; x_wconf 82' lang='lat'><strong>&quot;</strong></span> <span class='ocrx_word' id='word_1_823' title='bbox 665 5847 843 5907; x_wconf 61' lang='lat' dir='ltr'><strong>Eme.</strong></span> <span class='ocrx_word' id='word_1_824' title='bbox 885 5867 923 5919; x_wconf 76' lang='grc' dir='ltr'><strong>ι,</strong></span> <span class='ocrx_word' id='word_1_825' title='bbox 940 5849 988 5903; x_wconf 62' lang='grc' dir='ltr'><strong>ό.</strong></span> 
     </span>
    </p>
   </div>
   <div class='ocr_carea' id='block_1_98' title="bbox 2177 4646 3771 4733">
    <p class='ocr_par' dir='ltr' id='par_1_98' title="bbox 2177 4646 3771 4733">
     <span class='ocr_line' id='line_1_98' title="bbox 2177 4646 3771 4733; baseline -0.023 -11"><span class='ocrx_word' id='word_1_826' title='bbox 2177 4667 2268 4723; x_wconf 79' lang='grc' dir='ltr'><strong>διὰ</strong></span> <span class='ocrx_word' id='word_1_827' title='bbox 2282 4666 2379 4733; x_wconf 75' lang='grc' dir='ltr'><strong>τῆς</strong></span> <span class='ocrx_word' id='word_1_828' title='bbox 2400 4659 2635 4732; x_wconf 83' lang='grc' dir='ltr'>φυσικῆς</span> <span class='ocrx_word' id='word_1_829' title='bbox 2649 4658 2786 4726; x_wconf 80' lang='grc' dir='ltr'>αὐτῇ</span> <span class='ocrx_word' id='word_1_830' title='bbox 2800 4653 2986 4707; x_wconf 89' lang='grc' dir='ltr'>θεόθεν</span> <span class='ocrx_word' id='word_1_831' title='bbox 3001 4648 3330 4719; x_wconf 75' lang='grc' dir='ltr'>ἐγκειμένης</span> <span class='ocrx_word' id='word_1_832' title='bbox 3347 4646 3633 4733; x_wconf 78' lang='grc' dir='ltr'>δυνάμεως</span> <span class='ocrx_word' id='word_1_833' title='bbox 3649 4648 3771 4698; x_wconf 75' lang='grc' dir='ltr'>ὲαυ..</span> 
     </span>
    </p>
   </div>
   <div class='ocr_carea' id='block_1_99' title="bbox 2176 4731 3769 4829">
    <p class='ocr_par' dir='ltr' id='par_1_99' title="bbox 2176 4731 3769 4829">
     <span class='ocr_line' id='line_1_99' title="bbox 2176 4731 3769 4829; baseline -0.016 -18"><span class='ocrx_word' id='word_1_834' title='bbox 2176 4758 2279 4829; x_wconf 81' lang='grc' dir='ltr'>τὴν</span> <span class='ocrx_word' id='word_1_835' title='bbox 2313 4731 2673 4821; x_wconf 87' lang='grc' dir='ltr'>ροῦσα.</span> <span class='ocrx_word' id='word_1_836' title='bbox 2696 4743 2921 4798; x_wconf 81' lang='grc' dir='ltr'>Καλδνό</span> <span class='ocrx_word' id='word_1_837' title='bbox 2940 4743 3052 4812; x_wconf 76' lang='grc' dir='ltr'>ἀήρ</span> <span class='ocrx_word' id='word_1_838' title='bbox 3071 4757 3087 4770; x_wconf 71' lang='grc' dir='ltr'><strong>ο</strong></span> <span class='ocrx_word' id='word_1_839' title='bbox 3111 4740 3213 4792; x_wconf 81' lang='grc' dir='ltr'><strong>οὐκ</strong></span> <span class='ocrx_word' id='word_1_840' title='bbox 3239 4740 3297 4791; x_wconf 86' lang='lat' dir='ltr'><strong>tv</strong></span> <span class='ocrx_word' id='word_1_841' title='bbox 3313 4737 3393 4807; x_wconf 83' lang='grc' dir='ltr'>τῷ</span> <span class='ocrx_word' id='word_1_842' title='bbox 3416 4739 3492 4807; x_wconf 79' lang='grc' dir='ltr'>μὴ</span> <span class='ocrx_word' id='word_1_843' title='bbox 3512 4731 3651 4789; x_wconf 72' lang='grc' dir='ltr'>εἶναι</span> <span class='ocrx_word' id='word_1_844' title='bbox 3675 4734 3769 4829; x_wconf 70' lang='grc' dir='ltr'><strong>τήν</strong></span> 
     </span>
    </p>
   </div>
   <div class='ocr_carea' id='block_1_100' title="bbox 2179 4826 3767 4919">
    <p class='ocr_par' dir='ltr' id='par_1_100' title="bbox 2179 4826 3767 4919">
     <span class='ocr_line' id='line_1_100' title="bbox 2179 4826 3767 4919; baseline -0.013 -20"><span class='ocrx_word' id='word_1_845' title='bbox 2179 4826 2306 4919; x_wconf 64' lang='grc' dir='ltr'>γῆν,</span> <span class='ocrx_word' id='word_1_846' title='bbox 2332 4842 2448 4898; x_wconf 78' lang='grc' dir='ltr'>ἀλλ’</span> <span class='ocrx_word' id='word_1_847' title='bbox 2474 4842 2533 4893; x_wconf 80' lang='lat' dir='ltr'><strong>tv</strong></span> <span class='ocrx_word' id='word_1_848' title='bbox 2552 4833 2598 4907; x_wconf 77' lang='grc' dir='ltr'>ᾧ</span> <span class='ocrx_word' id='word_1_849' title='bbox 2622 4837 2783 4900; x_wconf 81' lang='grc' dir='ltr'>αὐτός</span> <span class='ocrx_word' id='word_1_850' title='bbox 2809 4838 2927 4888; x_wconf 80' lang='grc' dir='ltr'>ὲστι</span> <span class='ocrx_word' id='word_1_851' title='bbox 2938 4836 3060 4895; x_wconf 85' lang='grc' dir='ltr'>ταῖς</span> <span class='ocrx_word' id='word_1_852' title='bbox 3088 4829 3231 4884; x_wconf 83' lang='grc' dir='ltr'>κατὰ</span> <span class='ocrx_word' id='word_1_853' title='bbox 3254 4829 3418 4898; x_wconf 83' lang='grc' dir='ltr'>φύσιν</span> <span class='ocrx_word' id='word_1_854' title='bbox 3437 4826 3767 4897; x_wconf 74' lang='grc' dir='ltr'>ὲνυπαρχοὺ‹</span> 
     </span>
    </p>
   </div>
   <div class='ocr_carea' id='block_1_101' title="bbox 2184 4918 3770 5004">
    <p class='ocr_par' dir='ltr' id='par_1_101' title="bbox 2184 4918 3770 5004">
     <span class='ocr_line' id='line_1_101' title="bbox 2184 4918 3770 5004; baseline -0.016 -9"><span class='ocrx_word' id='word_1_855' title='bbox 2184 4918 2307 5003; x_wconf 86' lang='grc' dir='ltr'>σαις</span> <span class='ocrx_word' id='word_1_856' title='bbox 2333 4933 2481 5004; x_wconf 81' lang='grc' dir='ltr'><strong>αὐτῷ</strong></span> <span class='ocrx_word' id='word_1_857' title='bbox 2492 4931 2754 5000; x_wconf 85' lang='grc' dir='ltr'>δυνάμεσι</span> <span class='ocrx_word' id='word_1_858' title='bbox 2777 4928 2915 4999; x_wconf 79' lang='grc' dir='ltr'>πρὸς</span> <span class='ocrx_word' id='word_1_859' title='bbox 2926 4927 3026 4995; x_wconf 82' lang='grc' dir='ltr'>τὴν</span> <span class='ocrx_word' id='word_1_860' title='bbox 3046 4922 3308 4993; x_wconf 84' lang='grc' dir='ltr'>διαμονὴν</span> <span class='ocrx_word' id='word_1_861' title='bbox 3328 4918 3596 4990; x_wconf 75' lang='grc' dir='ltr'>ἐξαρκῶν.</span> <span class='ocrx_word' id='word_1_862' title='bbox 3620 4918 3770 4971; x_wconf 79' lang='grc' dir='ltr'>Οὕτω</span> 
     </span>
    </p>
   </div>
   <div class='ocr_carea' id='block_1_102' title="bbox 2183 5012 3766 5101">
    <p class='ocr_par' dir='ltr' id='par_1_102' title="bbox 2183 5012 3766 5101">
     <span class='ocr_line' id='line_1_102' title="bbox 2183 5012 3766 5101; baseline -0.015 -16"><span class='ocrx_word' id='word_1_863' title='bbox 2183 5032 2281 5087; x_wconf 77' lang='grc' dir='ltr'>καὶ</span> <span class='ocrx_word' id='word_1_864' title='bbox 2311 5029 2457 5098; x_wconf 82' lang='grc' dir='ltr'>ὓδωρ</span> <span class='ocrx_word' id='word_1_865' title='bbox 2502 5024 2624 5078; x_wconf 89' lang='grc' dir='ltr'>λίαν</span> <span class='ocrx_word' id='word_1_866' title='bbox 2672 5021 2834 5075; x_wconf 76' lang='grc' dir='ltr'>καλὸν</span> <span class='ocrx_word' id='word_1_867' title='bbox 2854 5059 2870 5082; x_wconf 94' lang='grc'><strong>,</strong></span> <span class='ocrx_word' id='word_1_868' title='bbox 2920 5020 3014 5101; x_wconf 65' lang='grc' dir='ltr'>καὶ</span> <span class='ocrx_word' id='word_1_869' title='bbox 3040 5017 3100 5070; x_wconf 80' lang='grc' dir='ltr'>τὸ</span> <span class='ocrx_word' id='word_1_870' title='bbox 3129 5013 3240 5085; x_wconf 86' lang='grc' dir='ltr'><strong>πῦρ</strong></span> <span class='ocrx_word' id='word_1_871' title='bbox 3290 5014 3455 5067; x_wconf 89' lang='grc' dir='ltr'>καλόν</span> <span class='ocrx_word' id='word_1_872' title='bbox 3485 5013 3602 5065; x_wconf 76' lang='grc' dir='ltr'>ἐστι</span> <span class='ocrx_word' id='word_1_873' title='bbox 3630 5012 3766 5075; x_wconf 87' lang='grc' dir='ltr'>λίαν,</span> 
     </span>
    </p>
   </div>
   <div class='ocr_carea' id='block_1_103' title="bbox 2180 5103 3770 5186">
    <p class='ocr_par' dir='ltr' id='par_1_103' title="bbox 2180 5103 3770 5186">
     <span class='ocr_line' id='line_1_103' title="bbox 2180 5103 3770 5186; baseline -0.024 -8"><span class='ocrx_word' id='word_1_874' title='bbox 2180 5125 2303 5185; x_wconf 84' lang='grc' dir='ltr'>ταῖς</span> <span class='ocrx_word' id='word_1_875' title='bbox 2327 5120 2483 5181; x_wconf 76' lang='grc' dir='ltr'>ἰδίαις</span> <span class='ocrx_word' id='word_1_876' title='bbox 2508 5116 2767 5186; x_wconf 74' lang='grc' dir='ltr'>ἑκάτερον</span> <span class='ocrx_word' id='word_1_877' title='bbox 2796 5108 3345 5182; x_wconf 82' lang='grc' dir='ltr'>συμπεπληρωμένον</span> <span class='ocrx_word' id='word_1_878' title='bbox 3374 5106 3648 5176; x_wconf 70' lang='grc' dir='ltr'>ποιότησι,</span> <span class='ocrx_word' id='word_1_879' title='bbox 3677 5103 3770 5158; x_wconf 60' lang='grc' dir='ltr'><strong>καὶ</strong></span> 
     </span>
    </p>
   </div>
   <div class='ocr_carea' id='block_1_104' title="bbox 2181 5189 3771 5289">
    <p class='ocr_par' dir='ltr' id='par_1_104' title="bbox 2181 5189 3771 5289">
     <span class='ocr_line' id='line_1_104' title="bbox 2181 5189 3771 5289; baseline -0.014 -18"><span class='ocrx_word' id='word_1_880' title='bbox 2181 5221 2251 5289; x_wconf 82' lang='grc' dir='ltr'><strong>τῇ</strong></span> <span class='ocrx_word' id='word_1_881' title='bbox 2285 5189 2513 5281; x_wconf 60' lang='grc' dir='ltr'>δδνάμει</span> <span class='ocrx_word' id='word_1_882' title='bbox 2541 5207 2636 5261; x_wconf 89' lang='grc' dir='ltr'><strong>τοῦ</strong></span> <span class='ocrx_word' id='word_1_883' title='bbox 2668 5205 2814 5259; x_wconf 90' lang='grc' dir='ltr'>θείου</span> <span class='ocrx_word' id='word_1_884' title='bbox 2844 5202 3148 5274; x_wconf 77' lang='grc' dir='ltr'>θελήματος</span> <span class='ocrx_word' id='word_1_885' title='bbox 3180 5199 3326 5253; x_wconf 82' lang='grc' dir='ltr'>κατὰ</span> <span class='ocrx_word' id='word_1_886' title='bbox 3357 5199 3427 5252; x_wconf 82' lang='grc' dir='ltr'>τὰ</span> <span class='ocrx_word' id='word_1_887' title='bbox 3463 5197 3573 5251; x_wconf 74' lang='grc' dir='ltr'>ἴδια</span> <span class='ocrx_word' id='word_1_888' title='bbox 3604 5197 3771 5289; x_wconf 82' lang='grc' dir='ltr'>μέτρα</span> 
     </span>
    </p>
   </div>
   <div class='ocr_carea' id='block_1_105' title="bbox 2180 5287 3768 5375">
    <p class='ocr_par' dir='ltr' id='par_1_105' title="bbox 2180 5287 3768 5375">
     <span class='ocr_line' id='line_1_105' title="bbox 2180 5287 3768 5375; baseline -0.012 -18"><span class='ocrx_word' id='word_1_889' title='bbox 2180 5287 2288 5375; x_wconf 68' lang='grc' dir='ltr'>τῆς</span> <span class='ocrx_word' id='word_1_890' title='bbox 2326 5302 2549 5372; x_wconf 80' lang='grc' dir='ltr'>πρώτης</span> <span class='ocrx_word' id='word_1_891' title='bbox 2586 5295 2875 5367; x_wconf 86' lang='grc' dir='ltr'>γενέσεως,</span> <span class='ocrx_word' id='word_1_892' title='bbox 2910 5294 2991 5355; x_wconf 86' lang='grc' dir='ltr'><strong>είς</strong></span> <span class='ocrx_word' id='word_1_893' title='bbox 3037 5291 3101 5344; x_wconf 81' lang='grc' dir='ltr'><strong>τὸ</strong></span> <span class='ocrx_word' id='word_1_894' title='bbox 3147 5290 3394 5359; x_wconf 84' lang='grc' dir='ltr'>διηνεκὲς</span> <span class='ocrx_word' id='word_1_895' title='bbox 3440 5287 3768 5359; x_wconf 82' lang='grc' dir='ltr'>παραμένον.</span> 
     </span>
    </p>
   </div>
   <div class='ocr_carea' id='block_1_106' title="bbox 2190 5376 3774 5460">
    <p class='ocr_par' dir='ltr' id='par_1_106' title="bbox 2190 5376 3774 5460">
     <span class='ocr_line' id='line_1_106' title="bbox 2190 5376 3774 5460; baseline -0.019 -9"><span class='ocrx_word' id='word_1_896' title='bbox 2190 5414 2212 5450; x_wconf 75' lang='grc' dir='ltr'>ι</span> <span class='ocrx_word' id='word_1_897' title='bbox 2233 5394 2302 5449; x_wconf 83' lang='grc' dir='ltr'><strong>Ἦ</strong></span> <span class='ocrx_word' id='word_1_898' title='bbox 2320 5391 2414 5460; x_wconf 81' lang='grc' dir='ltr'>γῆ,</span> <span class='ocrx_word' id='word_1_899' title='bbox 2427 5387 2639 5457; x_wconf 73' lang='grc' dir='ltr'>»φησὶν,</span> <span class='ocrx_word' id='word_1_900' title='bbox 2656 5406 2674 5437; x_wconf 70' lang='grc' dir='ltr'>ι</span> <span class='ocrx_word' id='word_1_901' title='bbox 2695 5387 2774 5448; x_wconf 88' lang='grc' dir='ltr'><strong>είς</strong></span> <span class='ocrx_word' id='word_1_902' title='bbox 2799 5383 2893 5437; x_wconf 74' lang='grc' dir='ltr'><strong>τὸν</strong></span> <span class='ocrx_word' id='word_1_903' title='bbox 2910 5380 3085 5435; x_wconf 79' lang='grc' dir='ltr'>αἰῶνα</span> <span class='ocrx_word' id='word_1_904' title='bbox 3102 5379 3357 5450; x_wconf 71' lang='grc' dir='ltr'>ἕστηκενο</span> <span class='ocrx_word' id='word_1_905' title='bbox 3372 5398 3391 5430; x_wconf 73' lang='grc' dir='ltr'>ι</span> <span class='ocrx_word' id='word_1_906' title='bbox 3412 5378 3514 5430; x_wconf 74' lang='grc' dir='ltr'>οὐκ</span> <span class='ocrx_word' id='word_1_907' title='bbox 3529 5376 3774 5430; x_wconf 78' lang='grc' dir='ltr'>ἐλαττου-</span> 
     </span>
    </p>
   </div>
   <div class='ocr_carea' id='block_1_107' title="bbox 2188 5468 3772 5559">
    <p class='ocr_par' dir='ltr' id='par_1_107' title="bbox 2188 5468 3772 5559">
     <span class='ocr_line' id='line_1_107' title="bbox 2188 5468 3772 5559; baseline -0.011 -22"><span class='ocrx_word' id='word_1_908' title='bbox 2188 5484 2354 5559; x_wconf 83' lang='grc' dir='ltr'>μένη,</span> <span class='ocrx_word' id='word_1_909' title='bbox 2399 5480 2461 5532; x_wconf 81' lang='grc' dir='ltr'>οὐ</span> <span class='ocrx_word' id='word_1_910' title='bbox 2511 5473 2902 5539; x_wconf 70' lang='grc' dir='ltr'>πλεονάζουσα.</span> <span class='ocrx_word' id='word_1_911' title='bbox 2968 5473 3028 5526; x_wconf 84' lang='grc' dir='ltr'><strong>Ὀ</strong></span> <span class='ocrx_word' id='word_1_912' title='bbox 3069 5470 3179 5541; x_wconf 71' lang='grc' dir='ltr'><strong>ἀὴρ</strong></span> <span class='ocrx_word' id='word_1_913' title='bbox 3213 5474 3272 5524; x_wconf 78' lang='grc' dir='ltr'><strong>ὲν</strong></span> <span class='ocrx_word' id='word_1_914' title='bbox 3310 5472 3425 5531; x_wconf 84' lang='grc' dir='ltr'>τοῖς</span> <span class='ocrx_word' id='word_1_915' title='bbox 3452 5468 3608 5531; x_wconf 83' lang='grc' dir='ltr'>ἰδίοις</span> <span class='ocrx_word' id='word_1_916' title='bbox 3633 5469 3772 5538; x_wconf 83' lang='grc' dir='ltr'>ὅροις</span> 
     </span>
    </p>
   </div>
   <div class='ocr_carea' id='block_1_108' title="bbox 2186 5559 3773 5649">
    <p class='ocr_par' dir='ltr' id='par_1_108' title="bbox 2186 5559 3773 5649">
     <span class='ocr_line' id='line_1_108' title="bbox 2186 5559 3773 5649; baseline -0.013 -19"><span class='ocrx_word' id='word_1_917' title='bbox 2186 5576 2550 5649; x_wconf 76' lang='grc' dir='ltr'>φυλάσσεται,</span> <span class='ocrx_word' id='word_1_918' title='bbox 2597 5569 2659 5622; x_wconf 77' lang='grc' dir='ltr'>τὸ</span> <span class='ocrx_word' id='word_1_919' title='bbox 2699 5566 2810 5637; x_wconf 88' lang='grc' dir='ltr'><strong>πῦρ</strong></span> <span class='ocrx_word' id='word_1_920' title='bbox 2860 5566 2923 5619; x_wconf 79' lang='grc' dir='ltr'>οὐ</span> <span class='ocrx_word' id='word_1_921' title='bbox 2969 5563 3213 5635; x_wconf 89' lang='grc' dir='ltr'>μειοῦται</span> <span class='ocrx_word' id='word_1_922' title='bbox 3240 5579 3257 5592; x_wconf 76' lang='grc'><em>’</em></span> <span class='ocrx_word' id='word_1_923' title='bbox 3323 5560 3441 5624; x_wconf 82' lang='grc' dir='ltr'><strong>πῶς</strong></span> <span class='ocrx_word' id='word_1_924' title='bbox 3508 5559 3668 5630; x_wconf 89' lang='grc' dir='ltr'>μόνον</span> <span class='ocrx_word' id='word_1_925' title='bbox 3712 5560 3773 5611; x_wconf 79' lang='grc' dir='ltr'>ἐκ</span> 
     </span>
    </p>
   </div>
   <div class='ocr_carea' id='block_1_109' title="bbox 2188 5650 3777 5730">
    <p class='ocr_par' dir='ltr' id='par_1_109' title="bbox 2188 5650 3777 5730">
     <span class='ocr_line' id='line_1_109' title="bbox 2188 5650 3777 5730; baseline -0.013 -6"><span class='ocrx_word' id='word_1_926' title='bbox 2188 5669 2410 5725; x_wconf 75' lang='grc' dir='ltr'>πάντων</span> <span class='ocrx_word' id='word_1_927' title='bbox 2457 5664 2516 5718; x_wconf 71' lang='grc' dir='ltr'><strong>τὸ</strong></span> <span class='ocrx_word' id='word_1_928' title='bbox 2563 5662 2708 5730; x_wconf 77' lang='grc' dir='ltr'>ὕδωρ</span> <span class='ocrx_word' id='word_1_929' title='bbox 2751 5658 2863 5713; x_wconf 89' lang='grc' dir='ltr'><strong>τῶν</strong></span> <span class='ocrx_word' id='word_1_930' title='bbox 2889 5654 3299 5726; x_wconf 84' lang='grc' dir='ltr'>δαπανωμένων</span> <span class='ocrx_word' id='word_1_931' title='bbox 3331 5651 3488 5721; x_wconf 66' lang='lat' dir='ltr'><strong>terti;</strong></span> <span class='ocrx_word' id='word_1_932' title='bbox 3544 5650 3656 5708; x_wconf 76' lang='grc' dir='ltr'><strong>Καὶ</strong></span> <span class='ocrx_word' id='word_1_933' title='bbox 3699 5651 3777 5705; x_wconf 73' lang='grc' dir='ltr'>ἑτι</span> 
     </span>
    </p>
   </div>
  </div>
