3880 6358
172 402 235 460 93
1220 384 1231 391 “
1350 406 1422 462 IN
1457 406 1757 466 ΗΕΧΑΕΜ]

1861 410 1939 469 )Ν
1978 411 2203 468 LIBER.
2472 444 2482 453 ο
2646 370 2655 373 ’
3377 416 3449 473 at

174 517 301 590 πρὸς
326 512 531 582 τούτοις
562 517 777 592 πολλὴν
804 520 1021 593 δρῶμεν
1043 519 1101 575 ὲν
1136 521 1421 593 συγκρίσει
1442 522 1553 578 τῶν
1584 525 1756 581 ὄντων

1865 528 2056 585 randis
2089 528 2338 585 videmus
2380 542 2500 583 eam
2542 542 2663 599 quae
2707 535 2961 584 naturam
2999 544 3062 587 ac
3095 530 3203 586 vim
3236 532 3451 603 igneam

170 607 265 680 τὴν
288 608 513 683 πυρώδη
545 611 743 667 οὑσίαν
788 613 884 667 καὶ
914 611 1178 685 δύναμιν
1231 614 1327 667 καὶ
1366 614 1525 668 τοῦτο
1569 616 1758 687 σαφῶς

172 700 233 753 ἐκ
260 699 372 752 τῶν
400 701 469 755 τὰ
516 701 770 774 μετέωρα
812 702 1324 773 πεφιλοσοφηκότων
1372 704 1453 766 είς
1486 704 1759 771 ἀπόδειξιν

162 792 385 860 ἄγεται,
414 793 479 846 τὸ
509 793 948 849 πολλαπλασίονα
989 794 1091 865 τῆς
1122 795 1225 865 γῆς
1254 790 1393 849 εἶναι
1424 795 1516 849 τὸν
1561 796 1715 867 ἥλιον
1740 810 1755 824 ·

163 882 245 946 ὡς
284 883 426 954 μηδὲ
457 885 550 938 ἐπὶ
592 885 728 940 πολὺ
775 885 868 939 τοῦ
921 885 1079 957 ἀέρος
1111 886 1212 956 τὴν
1246 887 1340 940 ἀπ’
1395 886 1563 958 αὑτῆς
1602 887 1758 941 σκιὰν

159 972 524 1039 ἐξικνεῖσθαι,
557 974 635 1047 τῷ
664 976 1053 1048 ὑπερϐάλλοντι
1096 976 1191 1032 τοῦ
1236 976 1461 1049 ἡλιακοῦ
1494 978 1758 1050 μεγέθους

160 1066 481 1130 κωνοειδῶς
501 1068 571 1121 ..ἒν
601 1070 668 1139 τῇ
703 1068 974 1141 προσϐολῇ
1004 1069 1113 1123 τῶν
1138 1070 1373 1124 ἀκτίνων
1401 1069 1759 1141 συστελλομέ-

155 1172 290 1227 νην.
319 1157 392 1211 Εί
414 1151 508 1212 οῦν
528 1157 701 1222 οὕτως
725 1159 902 1228 ὀλίγον
926 1159 1084 1213 τοῦτο
1107 1159 1182 1224 ὡς
1214 1160 1348 1229 πρὸς
1380 1162 1556 1215 ἐκεῖνο
1584 1161 1760 1232 κρινό-

160 1267 335 1322 μενον
367 1289 385 1315 ,
432 1251 574 1305 ὥστε
608 1251 892 1306 πολλοστὸν
935 1249 1075 1307 εἶναι
1105 1253 1199 1308 τοῦ
1234 1253 1460 1325 ἡλιακοῦ
1493 1253 1760 1325 μεγέθους

161 1342 315 1413 μετά
340 1342 526 1415 πάσης
547 1344 647 1416 τῆς
682 1345 784 1416 γῆς
816 1345 877 1398 τὸ
907 1344 1050 1418 ὕδωρ
1081 1346 1571 1418 ἀντιμετρούμενον
1608 1361 1622 1377 ·
1679 1349 1760 1410 είς

158 1433 341 1486 πόσον
389 1432 455 1489 ἂν
496 1434 685 1508 χρόνον
726 1433 787 1487 τὸ
818 1433 991 1506 βραχὺ
1036 1433 1195 1489 τοῦτο
1233 1435 1312 1507 τῷ
1356 1436 1594 1507 τοσούτῳ
1625 1435 1759 1507 πυρὶ

159 1526 310 1595 πρὸς
351 1525 454 1597 τὴν
482 1525 722 1596 δαπάνην
753 1526 1067 1599 διήρκεσεν;
1116 1527 1276 1582 Ἀλλά
1321 1529 1428 1600 μὴν
1469 1528 1761 1593 διαπαντὸς

160 1616 396 1687 ὁρῶμεν
424 1618 523 1688 τὴν
546 1617 815 1672 θάλασσαν
842 1620 901 1672 ὲν
929 1618 1005 1691 τῷ
1038 1620 1138 1691 ῐσῳ
1169 1619 1627 1693 πλημμύρουσαν,
1665 1622 1759 1673 καὶ

160 1709 279 1763 τῶν
312 1711 578 1781 ποταμῶν
606 1711 704 1784 τὴν
733 1712 902 1783 φοράν
938 1713 997 1765 ὲν
1029 1715 1142 1777 τοῖς
1174 1713 1325 1779 ἰδίοις
1365 1714 1630 1786 μένουσαν
1659 1712 1759 1784 μέ-

163 1816 323 1869 τροις
349 1818 365 1831 ·
419 1804 522 1872 ἄρα
548 1802 608 1855 τὸ
640 1801 714 1874 μὴ
742 1802 1084 1859 δαπανᾶσθαι
1107 1821 1159 1857 τι
1187 1804 1283 1859 τοῦ
1309 1805 1479 1876 ὑγροῦ
1499 1844 1515 1870 ,
1545 1805 1634 1859 διὰ
1659 1804 1759 1874 τῆς

1860 620 2087 686 obtinet,
2136 620 2510 691 magnitudine
2542 620 2701 692 longe
2746 629 3030 692 praestare.
3061 621 3198 677 Nam
3245 622 3323 677 illi
3353 626 3450 694 qui

1859 708 1927 764 de
1971 711 2134 766 rebus
2173 709 2502 765 sublimibus
2522 710 3012 780 philosophantur,
3058 713 3230 767 solem
3266 714 3450 784 ipsum

1858 801 2046 855 multis
2074 801 2323 872 partibus
2370 808 2514 855 terra
2547 801 2811 869 majorem
2862 818 2985 857 esse
3019 802 3179 858 facile
3219 803 3450 858 demon-

1860 898 2059 945 strant.
2083 889 2273 961 Neque
2296 890 2442 945 enim
2474 890 2724 945 umbram
2751 897 2909 946 terra:
2938 892 3153 962 longius
3187 893 3241 946 in
3269 908 3449 948 aerem

1857 981 2130 1052 protendi,
2163 980 2310 1052 quod
2357 990 2652 1050 superante
2677 981 2812 1037 solis
2838 980 3239 1052 magnitudine,
3266 981 3451 1035 radio-

1857 1089 1981 1128 rum
2001 1088 2229 1129 accessu
2258 1074 2312 1128 in
2338 1074 2578 1129 turbinis
2603 1089 2808 1130 morem
2832 1074 3192 1129 contrahatur
3214 1081 3267 1129 et
3293 1089 3451 1129 coar-

1857 1174 2054 1222 ctetur.
2105 1165 2262 1233 Quod
2292 1167 2338 1223 si
2371 1177 2545 1222 totum
2594 1168 2718 1234 hoc,
2758 1167 2905 1237 quod
2949 1183 3015 1222 ex
3047 1177 3192 1222 terra
3218 1174 3273 1223 et
3307 1182 3450 1237 aqua

1860 1257 2171 1324 coniicitur,
2208 1273 2334 1312 cum
2363 1259 2485 1329 ipso
2510 1265 2720 1312 tantum
2757 1259 2871 1313 sole
2894 1267 3297 1329 comparatum,
3335 1266 3447 1312 tam

1859 1351 2116 1422 exiguum
2166 1355 2286 1415 est,
2358 1356 2418 1403 ut
2458 1348 2647 1403 multis
2714 1348 2967 1417 partibus
3023 1347 3261 1403 excellat
3314 1347 3450 1403 solis

1860 1438 2199 1511 magnitudo,
2259 1438 2503 1510 quandiu
2552 1439 2825 1493 tantulum
2870 1438 3015 1493 istud
3054 1437 3265 1493 humidi
3299 1445 3451 1493 tanto

1861 1532 1973 1604 igni
2011 1532 2410 1587 nutrimentum
2445 1529 2968 1587 subministrasset?
2995 1529 3250 1584 Attamen
3273 1531 3450 1585 omni-

1862 1624 1968 1681 bus
2007 1625 2224 1680 saeculis
2267 1625 2519 1681 videmus
2569 1639 2723 1679 mare
2771 1626 2979 1695 pariter
3033 1626 3344 1692 exundans,
3396 1632 3452 1681 et

1858 1714 2145 1772 ﬂuminum
2167 1729 2363 1772 cursus
2390 1716 2597 1771 eisdem
2631 1715 2833 1771 finibus
2859 1725 2912 1769 et
2935 1715 3111 1770 modis
3151 1716 3448 1772 contineri.

1861 1806 1981 1874 Quo
2035 1808 2255 1880 quidem
2308 1809 2689 1880 experimento
2745 1807 2880 1863 nihil
2937 1807 3146 1863 humidi
3198 1808 3450 1864 consumi

161 1890 435 1962 τοιαύτης
467 1897 821 1966 μαρτυρεῖται
854 1894 1062 1965 πείρας.
1105 1894 1243 1950 Ἀλλ’
1270 1894 1459 1968 ῶσπερ
1493 1896 1643 1968 ποιρά
1661 1896 1757 1968 τὴν

1863 1900 2160 1971 probatur;
2212 1908 2268 1957 et
2305 1901 2775 1975 quemadmodum
2811 1901 2969 1956 initio
3004 1916 3113 1955 non
3162 1917 3228 1956 ex
3267 1900 3452 1955 humi-

165 1982 406 2055 πρώτην
439 1985 540 2038 οὑκ
570 1987 627 2039 ὲν
647 1989 713 2058 τῇ
743 1985 919 2058 φθορᾷ
947 1990 1048 2061 τῆς
1081 1989 1378 2060 ὑγρότητος
1402 1988 1464 2043 τὸ
1494 1989 1606 2060 πῦρ
1632 1987 1757 2059 ἔσχε

164 2072 272 2143 τὴν
286 2073 524 2142 γένεσιν,
536 2075 671 2129 ἀλλά
685 2076 833 2149 παρά
842 2078 939 2150 τῆς
949 2078 1123 2149 αὐτῆς
1138 2079 1342 2150 ὑπέστη
1359 2078 1656 2151 δυνάμεως·
1668 2080 1760 2133 καὶ

167 2164 336 2225 τοῦτο
363 2165 535 2230 οὕτως
552 2168 691 2222 κατά
704 2167 801 2240 τὴν
835 2169 1057 2241 πρώτην
1069 2169 1162 2225 τοῦ
1182 2171 1445 2242 στοιχείου
1478 2171 1754 2237 σύστασιν,

168 2258 269 2312 καὶ
289 2259 375 2321 είς
396 2257 455 2311 τὸ
467 2257 708 2329 διηνεκὲς
725 2261 757 2330 ἡ
777 2258 1003 2330 διαμονὴ
1033 2260 1456 2333 φυλαχθήσεται,
1479 2262 1632 2316 οὐδὲν
1658 2263 1758 2333 τῆς

172 2352 352 2420 ὑγρᾶς
373 2350 588 2417 φύσεως
617 2352 752 2424 πρὸς
770 2352 830 2405 τὸ
849 2352 1119 2424 διαμεῖναι
1141 2354 1203 2408 τὸ
1223 2355 1332 2426 πῦρ
1349 2355 1557 2426 διοχλου
1565 2355 1754 2427 μένης.

277 2442 423 2496 Ἀλλ’
485 2442 738 2515 ὁρῶμεν,
802 2445 936 2517 φησὶ
968 2486 984 2511 ,
1062 2446 1321 2512 πολλάκις
1396 2447 1758 2519 ὑγρανθεῖσαν

171 2535 233 2602 ἐξ
320 2535 631 2609 ἐπομϐρίας
688 2535 788 2606 τὴν
843 2537 966 2607 γῆν,
1049 2532 1170 2591 εἶτα
1250 2537 1605 2609 σφοδρότερον
1662 2537 1756 2591 τοῦ

174 2627 326 2698 ἡλίου
381 2625 440 2679 τὸ
484 2626 838 2698 ὑποκείμενον
885 2628 1205 2699 θάλψαντος,
1246 2629 1418 2700 ξηράν
1466 2629 1758 2700 γινομένην

174 2718 273 2789 τὴν
300 2718 407 2789 πρὸ
430 2716 611 2787 ὀλίγου
667 2718 950 2790 διάϐροχον
971 2736 982 2748 ·
1048 2720 1151 2774 ποῦ
1181 2720 1383 2785 τοίνυν,
1415 2723 1600 2792 φησὶν,
1631 2723 1664 2792 ἡ
1700 2723 1757 2774 ἐν

175 2809 386 2874 τούτοις
428 2811 685 2882 ὑγρότης,
729 2812 886 2883 εἰπερ
937 2812 1011 2883 μὴ
1060 2812 1290 2867 καθόλου
1337 2812 1398 2865 τὸ
1429 2812 1631 2883 θερμὸν
1658 2813 1759 2883 τῆς

178 2901 395 2962 ἀκτῖνος
416 2900 903 2967 ἐπαναλίσκοντος;
936 2896 1063 2972 Ἆρ’
1085 2897 1177 2954 οὑν
1206 2902 1301 2955 καὶ
1325 2901 1386 2954 τὸ
1412 2902 1469 2954 ἐν
1494 2900 1573 2972 τῷ
1602 2901 1758 2973 κερά-

182 3012 265 3069 μῳ
310 2992 454 3064 ὕδωρ
499 2995 548 3050 εἰ
603 2992 964 3065 μεταϐληθείη
1017 2994 1155 3065 πρὸς
1201 2994 1417 3066 ἕτερον,
1460 2994 1555 3047 καί
1603 2992 1758 3047 κενὸν

178 3085 389 3155 ἁθρόως
433 3084 495 3136 τὸ
526 3083 730 3155 πλῆρες
763 3086 970 3157 γένοιτο
1007 3100 1019 3113 ·
1074 3085 1197 3138 ἐπεὶ
1241 3085 1300 3138 δὲ
1348 3086 1406 3138 ἐν
1450 3084 1625 3155 τούτῳ
1657 3084 1758 3138 οὑκ

180 3177 322 3231 ἔστιν
349 3217 364 3240 ,
416 3177 537 3234 οὐδὲ
580 3172 718 3233 εἶναι
765 3175 900 3241 ὅλως
942 3177 1001 3230 τὸ
1039 3178 1099 3231 ὲν
1146 3177 1317 3250 ἑτέρῳ
1361 3177 1643 3248 γινόμενον
1673 3176 1759 3229 λέ-

180 3285 400 3343 reus-sv;
443 3270 510 3321 '0
532 3267 640 3339 γάρ
667 3267 900 3325 ἐνταῦθα
932 3268 1163 3338 γίνεται,
1191 3269 1351 3323 τοῦτο
1374 3268 1467 3323 καὶ
1499 3270 1583 3325 ἐπ’
1615 3268 1757 3321 ὲκεί-

180 3376 267 3414 νου
306 3377 390 3423 τις
427 3359 714 3413 ὑπολαϐὼν
739 3399 755 3420 ,
805 3358 897 3417 τοῦ
943 3361 1153 3423 εἰκότος
1206 3360 1304 3430 οὑχ
1359 3361 1752 3431 ἁμαρτήσεται.

180 3448 324 3505 Ἶσον
358 3452 466 3523 γάρ
514 3452 628 3505 ὲστι
660 3453 758 3522 τήν
782 3468 843 3506 τε
874 3451 981 3505 ἀπὸ
1018 3450 1111 3505 τοῦ
1152 3452 1333 3509 κοίλου
1357 3450 1546 3503 τούτου
1573 3450 1669 3503 ἐπὶ
1698 3450 1760 3503 τὸ

181 3544 363 3614 ἕτερον
394 3542 571 3597 κοῖλον
601 3542 691 3595 τοῦ
722 3541 889 3611 ὑγροῦ
923 3540 1228 3613 μεταῤῥοὴν
1254 3540 1528 3610 γενέσθαι,
1554 3539 1647 3594 καὶ
1663 3536 1759 3609 τὴν

180 3633 357 3687 νοτίδα
400 3633 501 3702 τῆς
529 3634 635 3702 γῆς
666 3630 1108 3702 ἐξικμασθεῖσαν,
1145 3630 1444 3701 ἀναχθῆναι
1493 3628 1630 3699 πρὸς
1666 3627 1760 3681 τὸν

181 3723 335 3794 ἀέρα,
372 3722 615 3792 φυσικῶς
660 3722 754 3775 τοῦ
784 3722 971 3792 ὑγροῦ,
1000 3724 1129 3776 ὅταν
1163 3723 1197 3794 ἡ
1235 3721 1328 3775 τοῦ
1359 3720 1758 3793 ὑπερκειμένου

182 3814 448 3886 θερμότης
478 3814 612 3885 πρὸς
636 3813 832 3885 ἑαυτὴν
864 3814 1154 3885 ἐφέλκηται
1185 3812 1535 3884 λεπτομερῶς
1567 3812 1633 3864 ἐκ
1658 3811 1759 3880 τῆς

181 3906 298 3974 γῆς,
344 3905 481 3976 πρὸς
526 3903 597 3957 τὰ
639 3902 752 3957 ἀνω
799 3903 1168 3975 διηθουμένου.
1204 3906 1510 3974 Τεκμήριον
1552 3902 1610 3958 δὲ
1649 3900 1758 3955 τῶν

179 3996 498 4067 γινομένων,
535 3995 616 4055 ὅτι
643 3995 963 4064 παχυτέρων
1003 3995 1262 4059 πολλάκις
1289 3995 1398 4048 τῶν
1423 3993 1613 4065 ἀτμῶν
1650 3992 1759 4048 ἀπὸ

178 4087 269 4142 τοῦ
317 4086 516 4158 βάθους
557 4088 655 4158 τῆς
689 4088 792 4158 γῆς
824 4086 1238 4157 ἀναδιδομένων,
1272 4085 1515 4158 νεφώδης
1541 4103 1628 4150 τις
1664 4085 1760 4139 σύ-

182 4196 367 4242 στασις
403 4177 694 4250 ἀναϐρύειν
720 4177 887 4244 δοκεῖ,
935 4179 1030 4233 καὶ
1073 4178 1308 4249 τοσαύτη
1351 4178 1460 4231 τῶν
1501 4178 1690 4247 ἀτμῶν
1723 4178 1757 4249 ἡ

179 4270 426 4343 παχύτης
462 4270 692 4338 γίνεται,
723 4269 797 4333 ὡς
827 4270 918 4323 καὶ
948 4274 1061 4335 τοῖς
1098 4268 1395 4341 ὀφθαλμοῖς
1435 4270 1607 4342 αὑτὴν
1662 4271 1759 4339 ἔφ-

178 4365 333 4435 ικτὴν
367 4358 525 4416 εἶναι.
557 4362 770 4415 Γένοιτο
808 4363 851 4415 δ’
896 4361 959 4415 ἄν
990 4378 1119 4414 ποτε
1146 4361 1242 4414 καὶ
1283 4360 1760 4432 λεπτομερεστέρα

174 4473 253 4518 τις
291 4458 327 4527 ἡ
373 4455 473 4523 τῆς
510 4451 711 4535 νοτίδος
739 4451 1122 4525 ἀναθυμίασις,
1165 4452 1241 4515 ὡς
1273 4451 1585 4517 ἐξισοῦσθαι
1618 4452 1758 4524 πρὸς

1865 1992 2052 2048 ditatis
2093 1994 2317 2049 interitu
2367 1993 2514 2063 ignis
2538 2001 2720 2048 ortum
2767 1993 2978 2058 habuit,
3036 1992 3131 2048 sed
3160 1993 3229 2046 ab
3258 1991 3448 2048 eadem

1864 2086 2196 2141 constitutus
2215 2094 2301 2141 est
2320 2093 2610 2156 potestate.
2636 2087 2718 2141 sic
2739 2095 2797 2139 ut
2825 2086 2959 2140 nihil
2981 2084 3203 2138 humida
3229 2094 3443 2149 natura,

1863 2193 1971 2247 quo
2003 2178 2120 2249 ipse
2149 2186 2387 2243 maneat,
2436 2160 2810 2248 perturbetur,
2848 2177 2901 2231 in
2949 2175 3125 2247 primo
3159 2189 3260 2230 suo
3298 2180 3447 2229 statu

1863 2278 2126 2341 perpetuo
2160 2277 2548 2327 conservatum
2578 2269 2666 2323 iri.

1935 2452 2000 2506 At
2033 2451 2200 2516 enim,
2231 2450 2431 2521 inquit,
2467 2463 2842 2520 saepenumero
2877 2457 3077 2503 terram
3115 2444 3290 2500 imbre
3328 2459 3448 2497 ma-

1861 2543 2132 2600 defactam
2162 2545 2431 2609 videmus,
2465 2542 2662 2598 deinde
2693 2542 2809 2598 sole
2839 2541 3218 2597 vehementius
3245 2537 3448 2592 calefa-

1861 2637 2060 2701 ciente,
2088 2637 2334 2693 eamdem
2363 2649 2712 2699 exarescere,
2764 2649 2886 2704 qua:
2942 2632 3106 2702 paulo
3142 2640 3267 2686 ante
3329 2637 3465 2686 erat,

1862 2728 2087 2798 irrigua.
2113 2727 2363 2793 Quonam
2397 2727 2580 2796 igitur,
2615 2726 2811 2795 inquit,
2845 2725 2981 2778 abiit
3015 2722 3307 2777 humiditas
3332 2722 3445 2784 illa,

1862 2819 1906 2874 si
1934 2819 2209 2873 radiorum
2246 2817 2441 2871 ardore
2466 2831 2573 2869 non
2605 2824 2687 2870 est
2714 2822 3040 2883 consumpta
3067 2813 3091 2865 ?
3124 2813 3204 2865 An
3242 2827 3362 2880 quze
3388 2811 3445 2865 in

1861 2910 2004 2964 dolio
2025 2917 2106 2964 est
2131 2923 2294 2978 aqua,
2331 2908 2374 2963 si
2408 2908 2463 2962 in
2496 2908 2731 2961 alterum
2762 2905 2968 2959 doliqu
3003 2902 3446 2971 transfundatur,

1861 3002 2159 3070 statimque
2181 2998 2557 3061 exinaniatur,
2591 2996 2738 3067 quod
2774 2997 2995 3066 plenum
3044 3002 3180 3056 erat,
3213 2993 3339 3062 quia
3392 2992 3446 3047 in

1860 3107 1971 3145 uno
2004 3106 2144 3161 aqua
2178 3105 2288 3145 non
2322 3101 2435 3153 est,
2477 3105 2547 3144 ne
2595 3089 2651 3142 in
2693 3088 2866 3141 altero
2898 3084 3117 3155 quidem
3149 3083 3297 3139 erit?
3333 3080 3449 3137 Hoc

1862 3183 1907 3237 si
1939 3182 2064 3252 quis
2101 3182 2167 3235 ad
2202 3182 2471 3237 elementa
2526 3179 2801 3244 retulerit,
2837 3177 2975 3231 nihil
3028 3174 3250 3231 errabit.
3305 3174 3447 3229 Idem

1862 3274 2007 3329 enim
2035 3282 2139 3335 est,
2172 3289 2237 3327 ex
2264 3288 2374 3328 uno
2395 3288 2526 3328 vase
2552 3273 2606 3325 in
2631 3272 2863 3325 alterum
2887 3284 3085 3338 aquam
3109 3264 3447 3327 transfundi,

1861 3373 1917 3420 et
1942 3364 2320 3420 humiditatcm
2345 3373 2546 3419 eterra
2585 3361 2800 3433 exsugi,
2831 3361 2884 3414 in
2931 3372 3225 3427 acremque
3266 3362 3449 3411 trans-

1861 3455 2090 3526 portari.
2110 3453 2448 3509 Naturaliter
2476 3453 2645 3517 enim,
2680 3450 2902 3522 quando
2930 3450 3275 3520 superiorum
3309 3447 3447 3502 cali-

1862 3548 2007 3603 ditas
2032 3547 2098 3602 ad
2133 3562 2192 3603 se
2218 3547 2465 3611 attrahit,
2498 3545 2781 3600 humidum
2807 3542 3114 3598 subtilitate
3146 3541 3385 3612 partium
3417 3555 3447 3593 a

1861 3648 2007 3696 terra
2037 3655 2253 3695 sursum
2278 3638 2505 3693 tollitur.
2528 3636 2770 3705 Hujusce
2793 3636 2868 3691 rei
2895 3634 3029 3689 illud
3071 3633 3331 3687 indicium
3355 3631 3449 3699 sit,

1861 3730 2008 3800 quod
2032 3729 2403 3785 crassioribus
2427 3744 2457 3782 e
2480 3726 2753 3797 profundo
2782 3733 2942 3780 terrae
2965 3725 3287 3795 plerumque
3318 3723 3433 3777 sub-

1859 3818 1988 3872 latis
2036 3817 2352 3886 vaporibus,
2401 3817 2761 3886 caliginosum
2812 3813 3084 3884 quoddam
3114 3827 3316 3880 corpus
3352 3811 3448 3866 de-

1860 3904 1998 3973 ﬂuit,
2024 3915 2282 3975 tantaque
2308 3906 2381 3960 sit
2408 3920 2669 3976 vaporum
2705 3904 3127 3974 coagmentatio,
3166 3910 3229 3956 ut
3268 3889 3450 3958 oculis

1860 3998 2148 4070 perspicue
2192 4005 2475 4054 cernatur.
2536 3997 2687 4053 Alias
2719 4003 2898 4052 autem
2935 3994 3153 4052 tenuior
3199 3993 3443 4065 quaedam

1859 4092 2079 4162 vaporis
2113 4091 2172 4145 fit
2201 4090 2498 4157 exhalatio,
2530 4106 2653 4160 quae
2683 4090 2749 4144 ad
2790 4089 2935 4145 aeris
2967 4088 3287 4143 tenuitatem
3322 4100 3446 4156 pro-

1860 4185 2009 4239 xime
2036 4183 2269 4249 accedit,
2306 4198 2408 4239 nec
2432 4184 2586 4253 prius
2611 4180 2791 4236 oculis
2820 4181 3027 4251 percipi
3055 4185 3256 4249 potest,
3281 4192 3445 4248 quam

1860 4275 2007 4331 inter
2042 4291 2103 4330 se
2135 4282 2328 4329 coacta
2362 4282 2526 4344 atque
2548 4281 2803 4338 concreta
2844 4271 3319 4343 coagmentatione
3345 4284 3444 4325 sua

1860 4368 2061 4423 nubem
2094 4366 2310 4422 efficiat.
2339 4363 2556 4421 Tenues
2588 4375 2748 4435 igitur
2773 4372 2939 4435 atque
2964 4359 3173 4413 humidi
3215 4374 3457 4431 vapores

1863 4462 1940 4516 illi
2000 4461 2220 4516 levitate
2269 4475 2369 4515 sua
2414 4459 2468 4513 in
2514 4473 2639 4514 aere
2681 4457 2917 4511 ﬂuitant.
2971 4454 3127 4521 Quod
3183 4454 3229 4508 si
3270 4454 3447 4523 major

173 4548 264 4601 τὸν
292 4547 432 4617 ἀέρα
460 4544 661 4614 τρόπον
691 4542 812 4595 τινὰ
833 4544 898 4617 τῇ
930 4542 1238 4613 λεπτότητι,
1265 4544 1359 4596 καὶ
1389 4542 1463 4615 μὴ
1495 4543 1756 4615 πρότερον

1861 4555 2069 4610 humidi
2094 4553 2252 4623 copia
2288 4552 2344 4606 in
2375 4566 2544 4606 unum
2578 4548 2861 4605 conﬂuens
2891 4547 3213 4620 gravitatem
3249 4546 3442 4615 acqui-

175 4636 544 4711 φανεροῦσθαι
591 4637 708 4698 ταῖς
751 4634 927 4705 ὂψεσι,
976 4634 1106 4706 πρὶν
1155 4635 1324 4708 αὑτὴν
1373 4637 1509 4707 πρὸς
1558 4636 1759 4708 ἑαυτὴν

176 4732 500 4803 συμπεσεῖν,
544 4725 641 4797 τὴν
686 4725 794 4778 τῶν
838 4726 1095 4781 τοιούτων
1137 4727 1319 4799 ὑγρῶν
1370 4728 1755 4800 ἀναθυμίασιν,

172 4826 268 4879 καὶ
292 4823 440 4877 οὕτω
461 4817 715 4890 γενέσθαι
738 4818 897 4888 νέφος
923 4819 1010 4873 διὰ
1041 4822 1139 4891 τῆς
1164 4820 1552 4892 συμπιλήσεως
1571 4838 1586 4854 ο
1615 4821 1758 4876 ὥστε

173 4916 270 4977 τὰς
286 4912 497 4976 λεπτάς
521 4928 583 4964 τε
613 4911 706 4964 καὶ
732 4911 1032 4982 ἀτμοειδεῖς
1062 4912 1312 4982 ἰκμάδας,
1343 4915 1478 4977 τέως
1511 4914 1611 4985 μὲν
1640 4916 1760 4969 ἐπι-

173 5007 429 5072 πολάζειν
458 5003 538 5074 τῷ
562 5004 686 5074 ἀέρι
716 5002 804 5057 διὰ
829 5005 1156 5075 κουφότητα,
1192 5008 1288 5062 καὶ
1312 5006 1626 5077 ἐποχεῖσθαι
1646 5010 1759 5071 τοῖς

176 5097 507 5168 πνεύμασιν,
547 5098 597 5149 εί
629 5097 686 5150 δὲ
712 5097 893 5150 πλεῖον
918 5098 950 5168 ἡ
978 5097 1070 5150 τοῦ
1102 5098 1271 5171 ὑγροῦ
1301 5099 1590 5169 συγγένεια
1620 5099 1757 5171 πρὸς

185 5190 344 5262 αὑτὴν
377 5191 674 5261 συρρυεῖσα
706 5190 900 5262 βαρεῖα
944 5190 1176 5259 γένοιτο,
1206 5191 1328 5245 τότε
1385 5193 1757 5247 ἐκπίπτουσαν

187 5282 267 5333 τοῦ
298 5282 462 5353 ἀέρος
486 5281 579 5334 ἐπὶ
609 5281 710 5352 τὴν
728 5283 833 5354 γῆν
863 5281 1098 5351 σταγόνα
1120 5282 1387 5350 γίνεσθαι.
1416 5285 1626 5340 Οὐκοῦν
1657 5285 1758 5340 οὑκ

187 5372 449 5426 ἀνάλωσεν
478 5374 509 5443 ἡ
542 5372 812 5445 θερμότης
859 5374 996 5444 ὅπερ
1045 5373 1111 5429 ἐκ
1149 5374 1249 5446 τῆς
1280 5375 1384 5446 γῆς
1427 5376 1755 5448 ἀνεμάξατο,

186 5462 287 5516 ἀλλ’
335 5463 397 5529 ἐξ
441 5464 622 5517 αὑτῶν
675 5464 774 5535 μὲν
806 5464 1035 5536 συνέστη
1082 5465 1142 5519 τὸ
1187 5468 1380 5536 νέφος,
1422 5467 1484 5522 τὸ
1511 5468 1568 5522 δὲ
1596 5469 1759 5539 νέφος

189 5555 472 5623 ουνθλιϐὲν,
502 5557 650 5630 ὕδωρ
676 5558 912 5626 ἐγένετο’
941 5557 1096 5611 τοῦτο
1124 5558 1182 5612 δὲ
1209 5558 1372 5613 πάλιν
1394 5563 1460 5632 τῇ
1495 5564 1564 5633 γῇ
1592 5579 1757 5616 κατα-

132 5648 136 5653 ’
192 5645 398 5714 μιχθὲν,
441 5649 522 5711 είς
566 5647 740 5719 ἀτμὸν
780 5647 1026 5720 ἀνήχθη,
1079 5649 1172 5702 καὶ
1200 5653 1231 5704 ὀ
1275 5651 1447 5722 ἀτμὸς
1474 5654 1754 5723 νεφωθεὶς,

189 5733 375 5807 ὄμϐρος
410 5740 654 5809 ἐγένετο.
712 5739 811 5794 Ἐκ
851 5738 907 5792 δὲ
953 5739 1142 5794 τούτου
1195 5742 1356 5798 πάλιν
1409 5745 1442 5815 ἡ
1502 5745 1573 5815 γῆ
1631 5747 1757 5810 τοὺς

190 5824 375 5897 ἀτμοὺς
402 5829 690 5887 ἀπεκύησε
714 5844 730 5861 ·
786 5830 1027 5885 κάκεῖνοι
1069 5832 1432 5902 παχυνθέντες
1464 5836 1522 5889 ἐν
1552 5837 1615 5906 τῇ
1660 5854 1754 5888 συ-

1862 4653 1969 4712 rat,
2011 4654 2140 4699 tunc
2180 4659 2246 4698 ex
2300 4657 2427 4697 aere
2472 4640 2727 4712 guttatim
2759 4638 2929 4693 cadit.
2968 4641 3160 4707 Itaque
3197 4635 3344 4706 quod
3379 4651 3444 4690 ex

1861 4744 2006 4792 terra
2031 4733 2287 4789 caliditas
2348 4732 2576 4787 attrahit
2624 4738 2679 4785 et
2710 4730 2943 4795 extollit,
2985 4727 3040 4783 id
3097 4727 3166 4782 ab
3212 4741 3276 4782 ea
3334 4741 3445 4781 no.1

1861 4827 2231 4891 consumitur,
2265 4825 2362 4880 sed
2416 4824 2591 4881 nubes
2628 4821 2850 4879 evadit:
2904 4836 3013 4892 qua
3044 4820 3261 4890 quidem
3294 4834 3446 4873 eom-

1860 4934 2073 4991 pressa,
2126 4917 2300 4973 imber
2331 4916 2586 4973 eliicitur.
2624 4914 2741 4970 Hoc
2775 4920 2960 4968 autem
3026 4926 3247 4966 rursum
3288 4919 3446 4965 terra

1861 5009 2174 5075 commisto,
2197 5022 2370 5077 vapor
2390 5005 2672 5076 consurgit
2695 5023 2710 5060 :
2734 5003 2828 5073 qui
2853 5001 3113 5058 redactus
3133 5001 3188 5055 in
3216 5000 3442 5062 nubem,

1859 5105 2100 5177 pluviam
2154 5109 2210 5158 et
2261 5101 2491 5157 imbrem
2544 5099 2708 5170 parit.
2769 5095 2928 5153 Unde
2975 5109 3206 5165 vapores
3245 5093 3442 5147 iterum

1861 5199 2100 5269 concipit
2161 5205 2343 5259 terra,
2412 5194 2506 5266 qui
2572 5193 2629 5249 in
2703 5192 2879 5247 nubes
2937 5185 3295 5259 coagmentati
3348 5184 3442 5239 de-

1859 5289 2036 5348 ﬂuunt
2071 5308 2085 5345 :
2127 5289 2275 5360 quod
2313 5296 2495 5344 autem
2557 5283 2807 5349 deﬂuxit,
2838 5294 3060 5337 rursum
3090 5293 3184 5347 per
3217 5290 3442 5345 vapores

1859 5382 2091 5454 cogitur.
2118 5382 2299 5451 Atque
2319 5380 2392 5435 ita
2413 5379 2565 5434 orbis
2594 5375 2818 5448 quidam
2854 5374 2934 5438 tit,
2963 5369 3058 5440 qui
3088 5368 3143 5422 in
3179 5380 3238 5421 se
3260 5367 3439 5436 ipsum

1858 5473 2022 5538 redit,
2050 5481 2104 5528 et
2127 5472 2321 5527 iisdem
2349 5468 2596 5539 vestigiis
2618 5464 2841 5521 assidue
2866 5459 3100 5517 vertitur
3117 5470 3181 5510 ac
3205 5455 3440 5510 circum-

1859 5554 2123 5620 volvitur.
2178 5560 2337 5629 Quod
2385 5560 2431 5617 si
2474 5560 2691 5629 plantas
2729 5570 2794 5610 ac
2833 5551 3079 5623 germina
3122 5547 3441 5618 objeceris:

1858 5654 2224 5725 respondebo,
2279 5651 2462 5707 omnia
2512 5649 2565 5703 in
2620 5647 2807 5702 orbem
2860 5643 3048 5697 itidem
3108 5653 3440 5695 commeare.

1859 5746 2070 5801 llumor
2105 5746 2250 5801 enim
2283 5760 2378 5816 per
2415 5742 2630 5814 plantas
2656 5748 2752 5794 aut
2809 5735 3022 5792 semina
3074 5733 3130 5789 in
3188 5730 3440 5803 germina

1859 5837 2106 5903 conﬂuit,
2131 5852 2256 5895 cum
2282 5834 2428 5907 quod
2463 5843 2743 5889 terrenum
2771 5836 2877 5897 est,
2894 5824 3259 5898 consequitur
3278 5840 3293 5879 :
3313 5819 3437 5893 qui-
