3880 6416
434 433 503 496 96
1360 490 1367 497 ,
1673 430 1734 485 S.
1775 426 2108 486 GREGORII
2146 427 2439 485 NYSSENI
3647 440 3728 495 96

424 548 532 606 bus
553 546 816 605 admissis
848 563 938 605 res
980 548 1221 604 enutrita
1270 548 1473 604 crescit
1526 557 1583 604 et
1636 557 1889 619 augetur.
1949 549 2016 602 At

2148 549 2305 600 τάσει
2349 545 2460 600 τῶν
2491 542 2669 616 νεφῶν
2720 547 3106 621 κατερρύησαν
3131 569 3146 583 ·
3196 554 3291 606 καὶ
3326 553 3389 607 τὸ
3429 553 3728 627 ἀπορρυὲν

426 640 523 696 ubi
564 641 862 707 exaruerit,
906 640 978 693 ita
1013 640 1355 704 dissolvitur,
1393 648 1453 693 ut
1480 640 1709 711 singula:
1733 649 1919 709 partes
1944 639 2013 694 ad

427 730 764 785 elementum
805 728 892 783 sui
927 729 1105 783 simile
1137 735 1502 783 revertantur.
1537 727 1755 784 Etenim
1781 743 1907 782 cum
1957 729 2014 783 in

427 818 714 890 particulis
746 818 862 873 suis
903 832 997 872 aer
1019 819 1091 873 sit
1130 834 1314 886 rarus,
1358 819 1721 888 tenuibusque
1749 833 2016 889 vaporum

426 908 680 980 partibus
738 909 899 980 longe
947 908 1194 974 tenuior,
1219 910 1487 980 quidquid
1533 910 1589 964 in
1630 910 1749 980 ipso
1786 917 1900 972 est,
1946 907 2017 962 ad

427 1007 723 1072 cognatum
779 1000 883 1055 sibi
928 1001 1262 1057 elementum
1303 1017 1400 1072 per
1441 1002 1623 1072 ipsum
1672 1002 1889 1057 transit.
1927 1000 2018 1055 Sic

428 1093 576 1148 enim
608 1098 664 1146 et
692 1092 894 1163 pulvis,
924 1093 1052 1147 licet
1100 1093 1196 1147 diu
1245 1092 1302 1146 in
1340 1106 1469 1147 aere
1506 1091 1708 1147 diﬂ'usa
1757 1091 2015 1161 iactetur,

430 1186 649 1239 tandem
696 1184 946 1239 redditur
981 1194 1142 1239 terrae
1168 1202 1183 1251 ;
1214 1194 1269 1241 et
1302 1185 1503 1239 humor
1558 1200 1668 1239 non
1718 1185 1886 1255 perit,
1920 1182 2018 1238 sed

432 1277 639 1346 aliquid
669 1278 897 1333 omnino
932 1276 1038 1333 sibi
1082 1278 1442 1348 conjunctum
1473 1291 1538 1330 ac
1581 1276 1760 1331 simile
1786 1275 2015 1340 invenit,

433 1369 520 1424 cui
566 1367 860 1435 admistus,
893 1378 1203 1440 auctusque
1253 1370 1491 1440 partium
1520 1370 1784 1424 similium
1830 1384 2019 1422 acces-

434 1459 610 1523 sione,
644 1476 863 1514 rursum
898 1459 953 1514 in
980 1462 1180 1515 nubem
1219 1462 1555 1525 concrescit,
1594 1470 1759 1531 atque
1803 1460 1878 1514 ita
1927 1473 2022 1529 per

436 1551 637 1622 pluviae
666 1560 852 1621 guttas
882 1551 935 1606 in
969 1561 1223 1606 naturam
1245 1567 1401 1606 suam
1435 1552 1769 1606 restituitur.
1811 1550 1887 1603 Ex
1911 1564 2020 1618 quo

436 1643 521 1707 ﬁt,
582 1652 641 1697 ut
676 1643 865 1698 mundi
920 1653 1129 1714 partes,
1174 1659 1298 1714 qua:
1347 1643 1542 1698 ordine
1598 1643 1913 1699 constituta:
1965 1641 2020 1695 in

438 1734 807 1789 universitate
862 1749 1045 1790 rerum
1083 1735 1357 1801 videntur,
1384 1733 1639 1789 eumdem
1675 1732 1898 1787 modum
1970 1742 2024 1787 et

439 1840 958 1895 mensuram,quam
980 1825 1194 1896 Opiﬁcis
1225 1826 1490 1895 sapientia
1517 1825 1716 1894 cuique
1738 1823 1805 1878 ad
1830 1822 2019 1878 mundi

2119 637 2281 691 πάλιν
2313 637 2381 691 δι’
2415 637 2605 709 ἀτμῶν
2633 638 2882 710 ἀνεδόθη,
2923 642 3017 694 καὶ
3044 640 3189 695 οῦτω
3220 644 3422 708 κύκλος
3455 662 3541 708 τις
3564 645 3725 714 γίνεο

2117 746 2208 781 ται
2242 729 2379 800 πρὸς
2406 729 2600 782 ἑαυτὸν
2633 729 3009 800 ἀναστρέφων,
3038 733 3134 785 καὶ
3162 733 3249 787 διὰ
3273 734 3383 787 τῶν
3415 736 3600 789 αὐτῶν
3628 738 3727 789 ἀεὶ

2118 821 2441 892 περιχωρῶν
2470 838 2528 874 τε
2563 822 2655 875 καὶ
2689 822 3053 893 ἑλισσόμενος.
3101 825 3219 879 Κᾶν
3245 827 3314 880 τά
3348 827 3494 896 φυτά
3524 828 3729 898 εἴπῃς,

2119 914 2224 968 κάν
2264 914 2334 968 τά
2382 913 2772 984 βλαστήματα,
2813 915 2993 969 πάντα
3045 916 3123 987 τῷ
3164 917 3315 989 αὐτῷ
3353 917 3543 988 κύκλῳ
3574 935 3721 989 συμο

2121 1006 2489 1076 περιέρχεται.
2537 1004 2605 1058 Ἠ
2635 1004 2745 1077 γὰρ
2781 1006 2944 1076 ἰκμάς
2971 1006 3059 1060 διὰ
3097 1007 3341 1079 φυτῶνῆ
3376 1008 3731 1079 σπερμάτων

2120 1100 2236 1160 τοῖς
2284 1097 2533 1167 βλαστοῖς
2581 1097 2984 1169 συνανέδραμεν
3009 1114 3024 1129 ⁸
3076 1094 3175 1152 εἷθ’
3214 1100 3339 1153 ὅσον
3370 1100 3486 1152 ἐστί
3512 1098 3731 1169 γεῶδες

2121 1188 2259 1258 αὐτῇ
2305 1187 2691 1257 συνεπόμενον,
2722 1189 2983 1256 ἑναφεῖσα
3028 1188 3105 1259 τῷ
3135 1189 3284 1260 ὄγκῳ
3312 1189 3406 1242 τοῦ
3442 1189 3732 1259 τρεφομέ-

2121 1296 2212 1332 νου
2239 1320 2254 1344 ,
2305 1279 2432 1332 ὅταν
2463 1277 2701 1351 ξηρανθῇ
2749 1279 2812 1332 τὸ
2861 1280 3219 1351 ὑποκείμενον
3256 1281 3335 1351 τῷ
3382 1282 3731 1351 περιέχοντι,

2122 1368 2285 1421 πάλιν
2316 1369 2454 1441 πρὸς
2490 1369 2551 1422 τὸ
2590 1368 2862 1440 ὁμόφυλον
2890 1371 3262 1441 ὲξατμίζεται.
3311 1372 3528 1441 Ἀραιδς
3562 1371 3623 1424 δὲ
3652 1369 3735 1423 ὣν

2121 1460 2150 1511 ό
2177 1458 2288 1529 ἀὴρ
2315 1461 2374 1512 ὲν
2403 1462 2515 1523 τοῖς
2544 1460 2737 1514 ἑαυτοῦ
2776 1461 3007 1532 μορίοις,
3054 1462 3149 1514 καὶ
3177 1463 3277 1533 τῆς
3318 1461 3734 1533 λεπτομερείας

2121 1549 2232 1603 τῶν
2258 1549 2445 1621 ἀτμῶν
2469 1550 2985 1622 λεπτομερέστερος,
3018 1551 3164 1605 ἀπαν
3195 1551 3257 1605 τὸ
3296 1555 3353 1606 ὲν
3385 1552 3539 1623 αὐτῷ
3571 1553 3736 1619 γενό-

2127 1658 2307 1712 μενον,
2343 1641 2480 1713 πρὸς
2522 1643 2583 1696 τὸ
2637 1644 2898 1712 συγγενὲς
2941 1643 3237 1714 διαφίησιν.
3282 1644 3439 1698 Οῦτω
3469 1645 3639 1717 γάρῆ
3674 1663 3736 1699 τε

2124 1733 2292 1795 κόνις,
2322 1733 2426 1787 κάν
2448 1733 2679 1788 ἐπιπολὺ
2712 1735 2807 1788 τοῦ
2840 1735 3001 1804 ἀέρος
3027 1734 3306 1806 διασχεθῇ,
3338 1735 3499 1789 πάλιν
3553 1738 3624 1807 τῇ
3658 1739 3737 1805 τῇ

2125 1825 2433 1879 ἀποδίδοται
2461 1843 2476 1859 ο
2533 1827 2628 1880 καί
2668 1830 2700 1898 ἠ
2753 1827 2919 1898 ἰκμὰς
2961 1828 3062 1881 οὐκ
3108 1828 3424 1889 ἀπόλλυται,
3474 1827 3597 1881 ἀλλ’
3638 1829 3738 1880 εύ-

438 1888 910 1985 pulchritudinem
960 1888 1118 1969 initio
1151 1888 1513 1986 praescripsit,
1567 1888 1823 1967 tueantur
1857 1919 2020 1979 atque

2148 1912 2309 1966 tioxst
2362 1914 2424 1967 τὸ
2476 1888 2700 1979 πάντως
2728 1888 2913 1988 ἑαύτῇγ
2933 1917 3192 1985 συγγενές
3222 1934 3282 1969 τε
3318 1888 3419 1971 καί
3445 1918 3741 1986 σύμφυλον

438 2006 791 2061 conservent.

2131 2003 2276 2057 κατά
2300 2006 2390 2060 τὸν
2417 2006 2557 2078 ἀέρα
2584 2007 2956 2079 πλανώμενον,
2985 2003 3030 2076 ᾧ
3057 2008 3504 2080 προσπλασθεῖσα
3530 2011 3629 2062 καὶ
3645 2009 3741 2063 διὰ

436 2102 539 2170 τῆς
569 2099 678 2152 τῶν
706 2099 908 2169 ὁμοίων
956 2100 1361 2171 προχωρήσεως
1407 2097 1703 2168 αὐξηθεῖσα
1725 2136 1739 2159 ,
1790 2093 1951 2148 πάλιν
1987 2094 2298 2162 διογκοῦται
2330 2099 2465 2170 πρὸς
2497 2100 2694 2167 νέφους
2724 2101 3004 2165 σύστασιν,
3044 2101 3136 2153 καὶ
3166 2099 3310 2154 οὕτω
3336 2099 3423 2152 διὰ
3450 2098 3741 2167 σταγόνων

436 2198 503 2265 τῇ
536 2195 641 2268 ἰδίᾳ
669 2195 828 2265 φύσει
859 2196 1327 2249 ἀποκαθίσταται-
1369 2194 1510 2247 ὥστε
1541 2191 1819 2262 πανταχοῦ
1847 2189 1916 2244 τά
1946 2189 2039 2242 τοῦ
2073 2191 2278 2261 κόσμου
2308 2210 2367 2246 τε
2405 2194 2760 2264 στοιχειωδῶς
2805 2196 2863 2248 ὲν
2900 2194 2979 2265 τῷ
3013 2195 3174 2248 παντί
3231 2193 3588 2265 θεωρούμενα
3643 2192 3745 2245 ἐπὶ

438 2286 532 2339 τοῦ
559 2286 720 2339 αὐτοῦ
755 2287 954 2359 μέτρου
986 2286 1379 2355 φυλάσσεσθαι,
1404 2286 1433 2339 ὃ
1465 2284 1616 2356 παρά
1659 2285 1759 2355 τὴν
1808 2281 2031 2353 πρώτην
2065 2282 2151 2350 ἐφ’
2186 2284 2420 2338 ἑκάστου
2464 2286 2574 2341 τῶν
2616 2287 2785 2342 ὄντων
2817 2288 2851 2359 ἡ
2901 2288 3061 2356 σοφία
3101 2286 3196 2341 τοῦ
3228 2284 3563 2358 δημιουργοῦ
3599 2284 3743 2358 πρὸς

438 2380 536 2450 τὴν
566 2379 932 2449 εὐαρμοστίαν
959 2379 1052 2433 τοῦ
1085 2380 1282 2440 παντὸς
1312 2379 1612 2445 διετάξατο.

514 2476 649 2530 Illud
681 2475 849 2545 objici
901 2491 1063 2545 posse
1100 2491 1210 2529 non
1276 2475 1490 2545 ignoro,
1552 2485 1928 2542 saepenumero
1978 2469 2033 2523 in

444 2569 703 2623 maximis
730 2568 1010 2621 caloribus
1042 2568 1216 2623 nubes
1240 2582 1335 2636 per
1369 2582 1549 2621 aerem
1575 2565 1835 2633 disjectas
1877 2560 2033 2625 ferri,

446 2660 501 2714 in
529 2674 669 2728 quas
701 2658 745 2713 si
775 2657 985 2712 diutius
1013 2658 1213 2727 aliquis
1239 2658 1410 2712 aciem
1439 2658 1727 2711 oculorum
1786 2653 2038 2708 intende—

449 2752 546 2817 rit,
589 2749 883 2819 redarguet
927 2749 1332 2819 quodaminodo
1392 2748 1658 2802 rationem
1697 2761 1910 2811 eorum,
1943 2744 2036 2813 qui

444 2847 699 2894 asserunt
733 2849 939 2893 naturae
975 2838 1211 2892 humida:
1241 2839 1378 2892 nihil
1413 2836 1686 2893 consumi.
1734 2834 1868 2889 Nam
1909 2843 2027 2888 tur-

447 2930 685 2986 bulentae
732 2931 898 2985 nubis
948 2930 1244 2992 sectiones,
1294 2946 1416 2999 qua:
1447 2934 1674 2984 multum
1729 2929 1871 2983 aeris
1906 2943 2033 2998 spa-

446 3025 585 3076 tium
612 3029 916 3091 occupant,
953 3022 1187 3091 primum
1221 3021 1443 3090 quidem
1500 3021 1670 3075 nimia
1705 3019 1922 3074 ardoris
1981 3019 2030 3072 vi

448 3126 701 3165 accensm
724 3109 1157 3180 magnitudinem
1186 3110 1538 3175 contrahunt,
1558 3108 1756 3164 deinde
1784 3109 2035 3163 incendio

448 3205 740 3258 exsiccata:
801 3202 1022 3272 penitus
1070 3203 1380 3265 abolentur,
1427 3202 1564 3256 adeo
1597 3209 1657 3255 ut
1704 3201 1933 3256 humore
1966 3200 2036 3254 ab

449 3304 585 3350 aestu
631 3302 984 3364 consumpto,
1042 3294 1176 3347 nihil
1207 3294 1436 3346 omnino
1500 3293 1863 3361 relinquatur.
1916 3274 2105 3357 ρυοο

450 3379 673 3451 quidem
708 3388 1035 3451 argumento
1071 3395 1335 3450 vaporum
1368 3380 1510 3434 ratio
1536 3379 1823 3435 refellitur.
1854 3378 2038 3434 Nubes

452 3471 600 3526 enim
626 3472 680 3525 in
710 3472 999 3541 superiore
1016 3471 1319 3541 turbulenti
1345 3471 1672 3541 ventosique
1706 3470 1870 3541 hujus
1896 3470 2040 3524 aeris

455 3572 611 3631 parte
643 3564 962 3619 constitutae
995 3540 1478 3633 nihil/graviorum
1531 3578 1794 3634 vaporum
1850 3563 1905 3616 in
1940 3577 2040 3616 na-

454 3663 595 3709 turae
626 3669 741 3710 sua:
762 3655 1083 3710 tenuitatem
1108 3655 1422 3721 admittunt,
1445 3670 1567 3710 cum
1595 3670 1786 3709 omnes
1813 3669 2043 3726 vapores

455 3755 510 3801 et
538 3748 919 3803 exhalationes
950 3746 1281 3803 crassiorem
1304 3746 1452 3801 illam
1486 3746 1631 3801 aeris
1654 3753 1887 3816 partem,
1922 3760 2045 3815 qua:

456 3848 661 3894 terram
693 3840 923 3910 propius
955 3839 1145 3902 ambit,
1182 3848 1379 3895 natura
1422 3838 1748 3910 praeﬁnitam
1780 3838 2040 3901 habeant,

455 3944 559 3986 nec
610 3931 845 3988 ulterius
875 3931 1133 4002 progredi
1178 3931 1415 4000 possint.
1450 3929 1587 3984 Nam
1647 3930 1831 3986 tenuis
1877 3940 2046 3999 atque

456 4022 681 4077 :etheria
712 4023 807 4076 illa
834 4022 987 4090 regio
1022 4021 1161 4075 nihil
1211 4036 1461 4077 crassum
1498 4021 1760 4076 admittit.
1810 4019 2045 4087 Quidam

459 4128 519 4167 se
543 4112 814 4166 montium
842 4112 1243 4167 altissimorum
1271 4113 1507 4167 vertices
1531 4113 1736 4168 vidisse
1768 4112 2049 4168 memoria:

458 4201 841 4272 prodiderunt,
866 4202 925 4257 in
950 4216 1092 4272 quos
1110 4212 1213 4256 n’ec
1239 4203 1416 4258 nubes
1443 4203 1879 4268 ascendere,nec
1899 4205 2047 4258 venti

462 4293 734 4364 aspirare,
757 4309 859 4350 nec
880 4295 1137 4349 volucres
1160 4293 1334 4366 magis
1349 4294 1607 4351 advolare
1624 4296 1859 4366 possint.
1880 4310 2047 4366 quam

461 4386 721 4441 animalia
739 4401 860 4458 quae
874 4386 1025 4441 humi
1043 4386 1295 4443 demersa
1313 4396 1464 4453 sunt,
1479 4386 1530 4441 in
1546 4402 1671 4443 acre
1682 4388 1847 4442 vitam
1868 4401 2045 4458 agere.

463 4476 535 4535 Ut
575 4479 883 4549 perspicum
915 4479 1009 4545 sit,
1035 4494 1159 4534 esse
1192 4477 1483 4550 quemdam
1518 4478 1572 4533 in
1596 4493 1722 4534 aere
1755 4478 2048 4534 terminum

461 4572 842 4633 constitutum,
877 4586 1040 4641 quem
1088 4571 1459 4627 crassiorihus
1494 4578 1654 4626 terrae
1684 4570 2049 4626 exhalationi-

461 4666 566 4722 bus
613 4664 911 4727 transilire,
959 4670 1018 4717 ut
1065 4662 1132 4716 ad
1177 4663 1461 4734 superiora
1504 4663 1899 4729 conscendant,
1941 4678 2051 4718 non

460 4760 644 4814 liceat.
696 4754 1063 4822 Quamobrem
1119 4754 1173 4809 in
1222 4757 1490 4811 montium
1546 4755 1929 4827 cacuminibus
1982 4754 2051 4809 ad

462 4857 709 4907 aestatem
761 4864 936 4918 usque
980 4857 1303 4919 permanent
1352 4848 1535 4914 nives,
1587 4862 1688 4903 nec
1733 4846 2049 4917 liqueﬁunt,

462 4942 610 5014 quod
642 4942 935 4996 humorum
969 4941 1026 4996 in
1053 4955 1117 4997 ea
1148 4949 1303 5011 parte
1331 4941 1613 4997 concretio
1641 4941 1864 4997 assidue
1894 4941 2054 4997 refri-

463 5041 617 5107 geret
649 5048 852 5089 aerem.
888 5032 1195 5101 Quinetiam
1228 5033 1417 5103 igneos
1456 5039 1685 5098 tractus,
1718 5046 1859 5102 quos
1877 5032 2053 5103 prosi-

463 5127 660 5182 lientes
699 5124 886 5181 stellas
913 5123 1135 5195 quidam
1164 5133 1381 5189 vocant,
1416 5139 1483 5179 ex
1511 5124 1701 5181 eadem
1733 5138 1900 5180 causa
1938 5124 2051 5184 ﬁeri

465 5218 665 5273 docent
694 5215 992 5285 sapientes,
1026 5214 1118 5285 qui
1144 5230 1232 5271 res
1254 5214 1522 5284 ejusmodi
1546 5214 1884 5285 proﬁtentur.
1909 5213 2054 5271 Ven-

465 5312 645 5360 torum
664 5304 811 5362 enim
840 5304 891 5359 vi
910 5304 1213 5359 crassiores
1227 5302 1494 5373 quasdam
1511 5319 1578 5359 ac
1597 5303 1883 5361 densiores
1910 5306 2052 5362 aeris

466 5407 652 5465 partes
684 5398 738 5451 in
770 5397 1052 5467 regionem
1096 5395 1377 5457 aetheriam
1423 5394 1704 5464 compelli,
1739 5410 1851 5465 quo
1890 5396 2054 5453 simul

469 5493 631 5556 atque
644 5489 1011 5555 pervenerint,
1027 5484 1267 5549 incendi,
1283 5484 1554 5540 ﬂammam
1567 5499 1786 5555 quoque
1796 5500 1919 5542 cum
1934 5503 2057 5544 ven-

470 5583 529 5631 to
550 5577 713 5631 simul
730 5575 1400 5647 exstingui.Quamobrem
1427 5589 1550 5629 cum
1573 5575 1682 5629 dici
1711 5591 1820 5632 non
1842 5580 2055 5647 possint

473 5681 708 5736 vapores
740 5668 1009 5721 exstincta
1052 5668 1197 5723 nube
1236 5680 1457 5721 rursum
1508 5666 1843 5733 consistere,
1893 5678 1953 5722 ut
1988 5686 2053 5727 ex

477 5754 1083 5824 illis,quemadmodum
1124 5758 1177 5811 in
1227 5755 1581 5811 inferioribus
1620 5755 1735 5811 ﬁeri
1778 5757 2053 5834 videmus,

479 5845 658 5904 relicti
705 5845 913 5901 humidi
962 5847 1167 5903 reditus
1218 5848 1426 5918 sperari
1470 5859 1663 5919 queat,
1707 5865 1932 5907 necesse
1975 5867 2057 5909 cst

2223 2469 2360 2522 Ἀλλ’
2387 2467 2507 2525 οἶδα
2551 2470 2642 2525 τὸν
2682 2468 3072 2525 ἀντιπίπτοντα
3092 2472 3284 2538 λόγον’
3322 2468 3591 2530 πολλάκις
3628 2466 3741 2537 γὰρ

2137 2559 2286 2613 ἔστιν
2310 2561 2453 2621 ἰδεῖν,
2486 2562 2544 2614 ὲν
2568 2561 2913 2632 σφοδροτέρῳ
2942 2561 3185 2615 καύσωνι
3211 2559 3348 2628 νέφη
3376 2557 3501 2612 τινὰ
3524 2557 3621 2611 διὰ
3640 2558 3740 2610 τοῦ

2140 2652 2301 2720 ἀέρος
2342 2652 2788 2722 κατεσπαρμένα,
2818 2647 2901 2717 οἷς
2948 2655 3001 2707 εἰ
3038 2671 3124 2717 τις
3156 2651 3248 2705 ἐπὶ
3277 2651 3461 2704 πλεῖον
3491 2651 3741 2705 ὲνατενί-

2140 2760 2304 2808 σειεν,
2350 2743 2560 2811 ἐλέγξει
2610 2760 2731 2807 πως
2762 2745 2853 2797 τὸν
2891 2745 3049 2813 λόγον
3094 2744 3305 2805 τοῦτον.
3338 2744 3397 2807 ὃς
3434 2744 3607 2814 μηδὲν
3635 2744 3740 2814 τῆς

2141 2836 2315 2905 ὑγρᾶς
2350 2836 2564 2904 φύσεως
2594 2836 3040 2900 ὲξαναλίσκεσθαι
3071 2836 3238 2904 λέγει.
3294 2834 3374 2890 Τά
3407 2837 3517 2908 γάρ
3565 2837 3740 2909 θρομ-

2141 2928 2318 2997 ϐοειδῆ
2370 2927 2466 2979 τοῦ
2510 2928 2707 2998 νέφους
2754 2930 3058 2999 τμήματα,
3112 2929 3355 3000 πολλαχῆ
3419 2928 3514 2982 τοῦ
3573 2929 3740 3000 ἀέρος

2141 3018 2533 3087 ὲσκεδασμένα,
2567 3018 2780 3089 πρῶτον
2807 3019 2906 3088 μὲν
2936 3018 3254 3073 ἐλαττοῦται
3281 3020 3423 3073 κατά
3454 3020 3548 3073 τδν
3570 3020 3740 3088 δγκον

2140 3110 2220 3180 τῷ
2249 3110 2640 3181 ὑπερϐάλλοντι
2666 3110 2765 3164 τοῦ
2793 3111 3035 3180 φλογμοῦ
3070 3109 3421 3184 ὲξοπτὼμενα
3490 3108 3612 3165 εἶτα
3644 3112 3739 3165 καὶ

2143 3204 2221 3264 εἰς
2260 3202 2323 3254 τὸ
2374 3202 2637 3265 παντελὲς
2665 3201 2985 3271 ἀφανίζεται
3019 3204 3444 3273 καταφρυγέ-ντα
3485 3203 3561 3273 τῷ
3606 3203 3741 3257 καύ-

2141 3310 2293 3355 σωνι,
2322 3294 2398 3356 ὡς
2426 3294 2562 3364 μηδὲ
2598 3293 2768 3366 βραχύ
2801 3311 2855 3347 τι
2906 3293 3158 3363 λείψανον
3192 3294 3609 3365 ὑπολειφθῆναι,
3643 3292 3739 3351 τοῦ

2143 3385 2387 3455 φλογμοῦ
2414 3385 2513 3455 τὴν
2548 3386 2750 3454 ἰκμάδα
2779 3384 3279 3456 καταξηράναντος.
3318 3385 3489 3438 Τοῦτο
3519 3386 3577 3437 δὲ
3610 3386 3741 3438 οῦκ-

2142 3476 2222 3527 έτι
2246 3476 2363 3527 ἐστὶ
2386 3474 2461 3545 τῷ
2481 3474 2589 3527 τῶν
2609 3475 2798 3546 ἀτμῶν
2820 3476 2965 3546 λόγῳ
2986 3475 3509 3546 παραμυθήσασθαι.
3541 3478 3607 3528 Ἠ
3633 3478 3739 3548 γὰρ

2144 3564 2256 3619 ἄνω
2283 3564 2393 3618 τῶν
2416 3563 2593 3632 νεφῶν
2619 3565 2952 3628 κατάστασις
2979 3567 3012 3636 η
3043 3565 3139 3618 τοῦ
3172 3564 3394 3635 θολεροῦ
3426 3566 3621 3619 τούτου
3647 3567 3741 3619 καὶ

2143 3656 2564 3727 πνευματώδους
2583 3657 2743 3729 ἀέρος
2772 3657 3168 3728 ὑπερκειμένη,
3198 3658 3352 3711 οὐδὲν
3376 3657 3484 3711 τῶν
3509 3657 3743 3729 βαρυτέ-

2150 3768 2258 3822 ρων
2290 3753 2348 3804 ὲν
2374 3754 2440 3821 τῇ
2470 3750 2759 3821 λεπτότητι
2784 3751 2884 3820 τῆς
2918 3751 3053 3814 ἰδίας
3090 3751 3308 3819 φύσεως
3339 3750 3703 3820 καταδέχεται
3723 3768 3738 3779 ’

2145 3840 2281 3895 ἀλλὰ
2300 3842 2498 3903 πάντες
2520 3841 2683 3911 ἀτμοὶ
2703 3841 2797 3894 καὶ
2816 3842 2982 3893 πᾶσαι
2999 3841 3392 3912 ἀναθυμιάσεις
3408 3844 3537 3914 ὅρον
3555 3842 3739 3913 ἔχουσι

2146 3932 2247 4002 τῆς
2270 3933 2363 3985 ἐπὶ
2384 3933 2443 3985 τὺ
2465 3933 2576 3986 ἄνω
2600 3934 2772 4004 φορᾶς
2793 3933 2891 4004 τὴν
2911 3932 3004 3987 τοῦ
3028 3934 3307 4004 περιγείου
3332 3934 3492 4004 ἀέρος
3520 3936 3666 3988 κατά
3686 3934 3742 3987 τὸ

2154 4024 2319 4094 μέρος
2343 4026 2518 4076 ἐκεῖνο
2546 4024 2850 4094 παχύτητα,
2873 4019 2939 4097 ἧς
2968 4024 3212 4078 διαδῦναι
3241 4025 3334 4077 ἐπὶ
3358 4025 3418 4077 τὸ
3440 4026 3552 4079 ἄνω
3580 4025 3739 4095 φύσιν

2149 4112 2250 4165 οὑκ
2282 4112 2416 4183 ἔχει.
2448 4113 2523 4166 Ού
2543 4114 2651 4184 γὰρ
2683 4112 2748 4166 ἂν
2775 4112 3127 4184 ύπολειφθείη
3156 4115 3215 4167 ἐν
3234 4115 3313 4185 τῷ
3341 4114 3521 4185 λεπτῷ
3553 4133 3613 4168 τε
3650 4118 3741 4171 καὶ

2150 4206 2469 4277 αἰθεροειδεί
2484 4207 2593 4259 τῶν
2615 4206 2995 4277 παχυμερεστέ
3006 4224 3111 4277 ρων
3127 4207 3301 4261 οὐδέν.
3327 4206 3515 4270 Οῦτως
3534 4205 3631 4261 οῦν
3651 4211 3741 4263 καὶ

2151 4297 2293 4370 ὀρῶν
2307 4314 2465 4352 τινων
2487 4298 2880 4369 ὑπερμεγεθῶν
2896 4298 2997 4361 τὰς
3027 4297 3338 4370 ἀκρωρείας
3358 4299 3407 4351 οἰ
3428 4301 3741 4370 ἰστορήσαν-

2150 4407 2241 4454 τες
2263 4390 2511 4459 λέγουσιν
2535 4391 2861 4461 ὑπερνεφεῖς
2889 4389 2987 4460 μὲν
3015 4385 3155 4443 εἶναι
3181 4389 3271 4442 ἀεὶ
3302 4389 3398 4442 καὶ
3417 4391 3741 4461 ἀνεφίκτους

2151 4483 2264 4546 τοῖς
2282 4481 2576 4552 πνεύμασι,
2591 4483 2686 4535 καὶ
2708 4486 2823 4546 τοῖς
2841 4485 3066 4553 πτηνοῖς
3083 4484 3364 4554 ἀμήχανον
3380 4484 3479 4554 τὴν
3504 4485 3594 4537 ἐπ’
3608 4485 3741 4538 ὲκεί-

2083 4609 2126 4664 D
2154 4592 2261 4629 νων
2277 4572 2531 4664 γενέσθαι
2551 4576 2767 4644 πτῆσιν,
2787 4574 2885 4644 οὐχ
2905 4569 3117 4645 ἦττονῆ
3141 4577 3250 4638 τοῖς
3273 4574 3626 4644 ὑποϐρυχίοις
3649 4575 3740 4644 τὴν

2157 4668 2215 4719 ὲν
2236 4665 2361 4735 ἀέρι
2390 4663 2557 4734 ζωὴν,
2588 4665 2663 4727 ὡς
2707 4664 2796 4717 διὰ
2824 4666 3045 4719 πάντων
3075 4666 3262 4734 σαφῶς
3296 4666 3736 4731 ἀποδείκνυσθαι,

2153 4753 2293 4811 εἶναι
2325 4772 2378 4808 τι
2409 4754 2551 4808 κατὰ
2588 4755 2678 4808 τὸν
2720 4755 2858 4827 ἀέρα
2891 4754 3027 4827 πρὸς
3067 4757 3159 4809 τὸν
3193 4757 3586 4828 ὑπερκείμενον
3631 4760 3736 4829 χῶ-

2155 4864 2248 4918 ρον
2285 4844 2552 4917 μεθόριον,
2582 4845 2610 4898 ὃ
2642 4849 2774 4900 πᾶσι
2824 4851 2938 4910 τοῖς
2979 4849 3483 4920 παχυμερεστέροις
3528 4849 3635 4903 τῶν
3676 4853 3737 4904 ἐκ

2153 4942 2253 5011 τῆς
2285 4938 2390 5008 γῆς
2414 4938 2878 5010 ἀναθυμιωμένων
2905 4939 3077 5010 ὁρίζει
3112 4941 3211 5011 τὴν
3248 4941 3457 4994 στάσιν·
3491 4935 3553 4994 οῦ
3581 4943 3737 5014 χάριν

2154 5030 2248 5085 καὶ
2279 5029 2439 5099 μέχρι
2464 5030 2562 5099 τῆς
2591 5028 2740 5098 ὥρας
2770 5029 2864 5082 τοῦ
2904 5030 3115 5098 θέρους,
3155 5031 3390 5100 ἀτηκτος
3429 5031 3462 5103 ἡ
3504 5033 3597 5085 ἐπὶ
3633 5036 3735 5088 τῶν

2153 5120 2472 5192 ἀκρωρειῶν
2497 5121 2739 5192 διαμένει
2759 5121 2911 5191 χιὼν,
2934 5122 3032 5191 τῆς
3058 5121 3168 5176 τῶν
3189 5123 3377 5194 ἀτμῶν
3431 5123 3744 5187 συστάσεως

2154 5216 2276 5269 κατ’
2303 5215 2477 5268 έκεῖνο
2507 5213 2568 5267 τὸ
2599 5214 2764 5285 μέρος
2799 5213 3062 5284 διηνεκῶς
3095 5215 3188 5269 τὸν
3227 5215 3363 5287 ἀέρα
3393 5216 3740 5289 καταψυχού-

2156 5323 2276 5377 σης.
2315 5304 2473 5360 Ἀλλά
2517 5306 2613 5359 καὶ
2662 5306 2789 5368 τοὺς
2836 5305 3141 5376 πυροειδείς
3188 5308 3399 5373 ὁλκοὺς,
3448 5307 3543 5372 οὓς
3598 5325 3741 5371 τινες

2153 5398 2466 5461 διάττοντας
2511 5396 2769 5451 καλοῦσιν
2808 5396 3067 5469 ἀστέρας,
3119 5400 3184 5452 ὲκ
3224 5401 3324 5470 τῆς
3359 5399 3536 5471 αὐτῆς
3563 5402 3741 5462 αἰτίας

2153 5486 2418 5557 γίνεσθαι,
2477 5485 2885 5556 φυσιολογοῦσιν
2939 5487 2989 5539 οἰ
3039 5487 3213 5542 ταῦτα
3270 5488 3455 5558 σοφοὶ,
3503 5490 3629 5543 ὅταν
3674 5488 3731 5542 ἔκ

2155 5595 2317 5633 τινων
2355 5579 2677 5649 πνευμάτων
2724 5576 2845 5647 βίας
2889 5577 3161 5650 ὑπερχεθῇ
3206 5597 3257 5632 τι
3293 5578 3389 5632 τοῦ
3436 5579 3728 5649 παχυτέρου

2158 5673 2251 5726 καὶ
2282 5671 2643 5743 ὑλωδεστέρου
2669 5670 2832 5741 ἀέρος
2862 5670 2954 5723 ἐπὶ
2980 5670 3070 5723 τὸν
3099 5671 3338 5743 αἰθέριον
3365 5671 3549 5736 τόπον,
3580 5671 3732 5735 εὐθὺς

2159 5760 2551 5828 ὲκφλογοῦσθαι
2598 5761 2709 5815 ἀνω
2764 5761 3087 5831 γενόμενονο
3146 5762 3408 5817 καὶκατὰ
3456 5761 3551 5834 τὴν
3599 5762 3733 5815 ἐνδο-

2162 5852 2345 5906 θεῖσαν
2379 5854 2441 5904 ὲκ
2473 5851 2566 5907 τοῦ
2596 5853 2901 5923 πνεύματος
2938 5854 3133 5926 ὁρμὴν,
3164 5856 3260 5926 τὴν
3312 5856 3482 5925 φλόγα
3516 5856 3732 5924 ῥέουσαν
