3880 6400
171 374 215 435 97
1375 384 1444 440 ΙΝ
1486 382 1965 442 HEXAEMERON
2008 384 2233 441 LIBER.
3381 387 3450 441 98

166 495 386 576 φέρεσθαι·
428 497 805 566 σϐεσθέντος
850 501 907 556 δὲ
935 498 1026 554 τοῦ
1074 498 1401 572 πνεύματος,
1446 521 1759 576 συναπομαο

1869 518 2053 560 eorum
2078 501 2405 559 sententiam
2430 501 2754 573 approbare,
2780 501 2876 573 qui
2891 501 3176 559 humidum
3199 504 3375 570 exuri,
3394 511 3453 560 et

165 588 385 661 βαίνεσθαι
436 593 563 645 καὶ
616 594 726 665 τὴν
758 593 953 663 φλόγα.
989 592 1080 664 Τῷ
1128 594 1395 666 πνεύματι
1440 595 1618 650 τοίνυν
1658 598 1760 651 οὑκ

162 681 242 734 ἔστι
281 680 532 736 δυνατὸν
593 686 780 739 εἰπεῖν
827 686 986 741 πάλιν
1029 686 1235 757 ἀτμοὺς
1262 687 1320 741 ὲν
1351 686 1430 758 τῷ
1466 686 1759 759 ἀφανισμῷ

159 771 229 827 τοῦ
267 772 469 842 νέφους
522 777 939 831 συνίστασθαι·
992 777 1068 840 ὡς
1118 777 1185 831 δι’
1235 778 1459 832 ἐκείνων
1517 778 1757 848 ἐλπίσαι,

160 871 248 923 καθ’
284 872 619 944 ὁμοιότητα
668 872 779 927 τῶν
829 871 1069 927 κάτωθεν
1105 872 1396 944 ῥηθέντων,
1433 873 1530 927 τοῦ
1551 873 1758 946 ἀναλη-

158 961 346 1030 φθέντος
408 963 615 1035 ὑγροῦ
677 966 779 1037 τὴν
826 964 1104 1031 ἐπάνοδον,
1153 966 1367 1038 ἀνάγκη
1416 965 1759 1022 συντίθεσθαι

156 1058 247 1120 τοῖς
281 1058 637 1113 ἐκκαίεσθαι
673 1059 736 1113 τὸ
787 1059 953 1132 ὑγρὸν
1002 1058 1411 1130 δογματίζουσι,
1460 1061 1554 1115 καὶ
1593 1062 1673 1125 είς
1698 1060 1760 1116 τὸ

162 1151 224 1223 μὴ
262 1150 316 1205 ὃν
365 1151 803 1223 περιΐστασθαι.
848 1151 985 1205 Ἀλλ’
1017 1150 1127 1219 ἐγὼ
1158 1151 1219 1206 τὸ
1257 1152 1355 1222 μὲν
1404 1151 1759 1221 ἀφανίζεσθαι

156 1241 222 1314 τῷ
246 1243 664 1314 ὑπερϐάλλοντι
703 1243 934 1315 φλογμῷ
974 1243 1075 1314 τὴν
1113 1245 1171 1296 ἐν
1212 1245 1325 1306 τοῖς
1367 1243 1557 1313 ἀτμοῖς
1592 1244 1757 1316 ὑγρό-

156 1349 279 1404 τητα
308 1332 616 1403 πείθομαι,
655 1332 883 1404 μάταιον
917 1332 1012 1386 καὶ
1052 1330 1324 1404 ἐριστικὸν
1360 1327 1499 1385 εἶναι
1534 1332 1755 1404 κρίνων,

157 1423 213 1478 τὸ
236 1427 344 1488 τοῖς
374 1426 654 1496 φανεροῖς
686 1422 1106 1494 ἀντιμάχεσθαι·
1135 1422 1258 1477 ἐπεὶ
1290 1422 1347 1477 δὲ
1382 1424 1648 1494 προσήκει
1683 1422 1757 1495 μὴ

161 1517 344 1585 καμεῖν
376 1513 735 1585 πανταχόθεν
760 1513 1136 1585 ἀνιχνεὺοντας
1163 1514 1262 1586 τὴν
1296 1513 1578 1585 ἀλήθειαν,
1607 1514 1759 1568 οὐδὲν

154 1601 306 1678 ἧττον
334 1606 559 1659 τούτων
598 1605 918 1678 γινομένων,
956 1606 1098 1676 φημὶ
1130 1605 1189 1658 τὸ
1226 1605 1423 1678 μέτρον
1450 1607 1549 1677 τῆς
1581 1607 1757 1678 ὑγρᾶς

154 1698 365 1769 φύσεως
402 1684 685 1770 ἀμείωτον
717 1696 1094 1763 διασώζεσθαι,
1138 1698 1232 1751 καὶ
1269 1698 1359 1752 ἀεὶ
1408 1698 1470 1750 τὸ
1508 1697 1759 1753 δαπανώ-

149 1806 309 1860 μενον
337 1786 766 1856 ἀντεισάγεσθαι
803 1787 1021 1851 πάντως
1049 1786 1124 1857 τῷ
1167 1786 1427 1841 λείποντι.
1470 1788 1537 1847 "Q
1576 1784 1633 1840 δέ
1664 1804 1756 1858 μοι

1859 596 1914 651 in
1940 596 2172 651 nihilum
2202 594 2376 666 redigi
2403 594 2650 650 tradunt.
2680 593 2792 666 Ego
2822 600 2970 662 vero,
3003 603 3064 651 ut
3095 596 3313 667 vaporis
3345 595 3449 651 hu-

1859 702 2067 742 morem
2089 687 2159 743 ab
2181 693 2548 758 exsuperante
2568 686 2824 753 incendio
2845 688 3097 744 consumi
3148 687 3448 744 concedam

1859 778 2038 851 (stulti
2059 778 2205 834 enim
2229 793 2293 833 ac
2315 779 2613 849 pertinacis
2638 778 2876 835 hominis
2895 779 3103 849 judico,
3133 780 3297 837 rebus
3324 795 3451 851 per-

1859 869 2068 941 spicuis
2098 867 2421 936 adversari),
2456 877 2658 937 tamen,
2690 869 2950 940 quoniam
2986 867 3227 939 undique
3244 870 3449 924 verita-

1858 971 1967 1017 tem
2010 959 2332 1031 indagantes
2367 959 2589 1032 fatigari
2631 976 2743 1016 non
2781 961 2960 1025 decet,
3004 975 3194 1018 assero
3237 969 3450 1017 natura

1860 1052 2098 1119 humidae
2125 1067 2442 1108 mensuram
2471 1053 2609 1107 nihil
2654 1053 3000 1108 imminutam
3028 1054 3367 1120 conservari,
3393 1062 3450 1110 et

1861 1145 2007 1217 quod
2033 1151 2421 1215 consumptum
2452 1152 2559 1208 est,
2586 1144 2810 1216 rependi
2838 1160 3068 1216 prorsus
3092 1154 3257 1217 atque
3285 1146 3450 1203 resti-

1860 1238 1963 1293 tui.
1985 1235 2143 1303 Quod
2175 1243 2357 1291 autem
2388 1236 2443 1291 in
2474 1236 2576 1291 hac
2604 1251 2689 1291 me
2716 1237 2983 1292 sententia
3006 1236 3314 1305 confirmat,
3340 1237 3450 1292 hoc

1859 1338 1945 1387 est
1974 1329 2180 1400 :lgnis,
2241 1336 2303 1384 ut
2334 1345 2401 1384 ex
2435 1329 2652 1384 actione
2681 1330 2854 1401 ipsius
2874 1329 2963 1384 hic
2991 1330 3134 1401 apud
3148 1344 3253 1385 nos
3282 1345 3450 1401 cxpe-

1859 1422 2053 1487 rimur,
2085 1437 2193 1477 non
2224 1437 2417 1477 omnes
2445 1422 2704 1489 materiae,
2746 1437 2910 1493 quam
2938 1422 3187 1493 corripit,
3215 1423 3450 1494 qualita-

1860 1518 1944 1568 tes
1970 1511 2304 1581 depascitur.
2344 1510 2593 1583 Exempli
2638 1513 2814 1583 gratia
2844 1513 2899 1567 in
2928 1512 3035 1567 olei
3066 1513 3319 1577 materia;
3348 1512 3451 1566 hu-

1860 1603 2081 1659 miditas
2109 1610 2465 1673 posteaquam
2488 1619 2519 1657 a
2541 1604 2805 1673 qualitate
2831 1603 3026 1675 frigida
3058 1604 3307 1674 sejuncta
3339 1612 3448 1670 est,

1862 1696 2022 1752 facile
2045 1696 2114 1751 ab
2145 1697 2285 1767 ignis
2317 1696 2596 1752 caliditate
2624 1698 2938 1762 attrahitur,
2970 1705 3025 1752 et
3055 1694 3446 1752 inﬂammatur.

1864 1785 1970 1842 Sed
2003 1802 2113 1841 non
2148 1788 2324 1842 solum
2353 1788 2408 1842 in
2439 1786 2712 1843 ﬂammam
2748 1789 2928 1844 oleum
2962 1789 3321 1855 convertitur,
3352 1803 3451 1844 ve-

142 1878 245 1949 τὴν
287 1878 560 1948 τοιαύτην
614 1877 879 1948 ὑπόληψιν
937 1876 1159 1948 βεϐαίαν
1209 1880 1371 1946 ποιεῖ,
1401 1876 1546 1932 τοῦτ’
1588 1877 1752 1931 ἐστιν·

1869 1870 1981 1935 rum
2028 1880 2192 1934 etiam
2235 1889 2360 1949 post
2411 1881 2593 1951 ignem
2648 1896 2713 1936 ex
2752 1880 2858 1936 olei
2904 1880 3230 1935 humiditate
3268 1888 3449 1934 ortum

152 1972 245 2026 Ἐν
281 1974 354 2043 τῇ
394 1960 531 2025 καθί
554 1972 703 2041 ἡμᾶς
732 1969 825 2024 τοῦ
855 1970 1023 2041 πυρὸς
1054 1971 1326 2042 ἐνεργείᾳ,
1355 1970 1513 2024 τοῦτο
1541 1972 1627 2025 διὰ
1660 1973 1753 2043 τῆς

135 2063 350 2134 πείρας
397 2062 765 2133 μανθάνομεν,
797 2063 877 2116 ὃτι
910 2062 969 2115 οὑ
1008 2062 1189 2125 πάσας
1217 2062 1316 2125 τὰς
1345 2063 1632 2134 ποιότητας
1658 2064 1757 2134 τῆς

135 2153 282 2222 ὕλης
311 2155 379 2207 τὸ
415 2154 533 2224 πῦρ
579 2154 945 2219 ἐπιϐόσκεται,
975 2153 1089 2207 ἀλλ’
1119 2149 1187 2223 ἦς
1236 2153 1301 2207 ἂν
1328 2154 1719 2226 περιδράξηται
1738 2171 1753 2186 ·

128 2240 253 2299 οἴω
283 2246 433 2318 φέρε
459 2248 635 2299 εἰπεῖν
663 2247 755 2299 ἐπὶ
792 2245 892 2316 τῆς
933 2244 1025 2299 τοῦ
1057 2246 1237 2298 ἐλαίου
1271 2244 1423 2315 ὑλης,
1455 2246 1642 2317 ἐπειδὴ
1669 2264 1759 2299 κε-

126 2335 431 2412 χὶὒρισται
460 2339 561 2409 τῆς
591 2338 803 2408 ψυχρᾶς
837 2338 1140 2410 ποιότητος,
1174 2338 1231 2389 ἐν
1268 2339 1334 2407 τῇ
1367 2335 1466 2408 ὑλῃ
1497 2336 1669 2409 ταύτῃ
1696 2336 1757 2390 τὸ
1792 2355 1803 2365 ·

127 2433 318 2503 ὑγρὸν
371 2430 616 2494 εὐκόλως
659 2431 762 2483 ὑπδ
807 2430 906 2500 τῆς
940 2429 1269 2503 θερμότητος
1299 2429 1403 2482 ἷτοῦ
1451 2430 1619 2501 πυρὸς
1669 2430 1750 2496 ἐξ·

122 2523 444 2593 ειλκύσθη,
473 2523 565 2576 καὶ
591 2522 721 2591 φλὸξ
742 2523 973 2591 ἐγένετο.
1016 2521 1150 2574 Ἀλλ’
1195 2522 1257 2575 οὑ
1283 2522 1441 2592 μόνον
1474 2524 1553 2585 εἰς
1583 2523 1759 2592 φλόγα

120 2616 193 2668 τὸ
228 2616 433 2668 ἔλαιον
472 2614 560 2668 6ιά
583 2613 676 2667 τοῦ
714 2614 884 2684 πυρὸς
916 2600 1205 2685 ἠλλοιώθη,
1239 2613 1374 2666 ἀλλά
1422 2615 1516 2667 καὶ
1564 2614 1625 2667 τὸ
1661 2615 1756 2669 τοῦ

118 2708 327 2780 πυρὸς
373 2706 475 2760 τοῦ
511 2706 803 2777 γενομένου
833 2704 940 2759 ἀπὸ
985 2704 1077 2759 τοῦ
1126 2705 1329 2769 ἐλαίου,
1365 2705 1548 2777 φησιν,
1593 2707 1758 2777 ὑγρὸν

119 2802 293 2873 μετά
336 2801 405 2853 τὸ
448 2799 581 2871 πῦρ,
620 2798 756 2870 ξηρὰ
791 2798 996 2867 γίνεται
1040 2798 1220 2863 κόνις·
1259 2799 1395 2870 ὅπερ
1430 2799 1617 2867 σαφῶς
1655 2798 1760 2853 δεί-

116 2908 350 2944 κνυσιν
412 2891 447 2960 ἡ
497 2891 562 2942 ὲκ
608 2889 699 2942 τοῦ
746 2889 939 2960 λύχνου
968 2889 1152 2956 λιγνὺς
1189 2889 1665 2959 καταμελαίνουσα
1700 2888 1759 2943 τὸ

112 2984 234 3055 τῆς
277 2981 493 3051 φλογὸς
544 2982 974 3052 ὑπερκείμενον·
1015 2981 1151 3049 ὅπερ
1195 2980 1243 3032 εί
1296 2979 1388 3033 ἐπὶ
1442 2978 1624 3032 πλεῖον
1676 2979 1761 3047 γί-

112 3091 354 3144 γνοιτο,
394 3075 492 3128 καὶ
540 3073 702 3141 ὄγκος
746 3091 828 3136 τις
870 3071 1304 3144 ὑποστρέψεσθαι
1331 3070 1408 3140 τῷ
1438 3072 1526 3125 διὰ
1550 3072 1649 3140 τῆς
1677 3070 1759 3124 λι-

112 3167 310 3235 γνύος
353 3165 734 3237 μελαινομένῳ
770 3166 940 3235 τόπῳ.
978 3163 1141 3217 Ὅθεν
1173 3163 1329 3234 δῆλόν
1358 3164 1527 3228 ἐστιν,
1565 3164 1645 3216 ὅτι
1679 3165 1758 3227 εἰς

1861 1972 2051 2028 aridus
2082 1974 2223 2028 cinis
2254 1973 2508 2038 edicitur,
2549 1974 2603 2028 id
2636 1974 2781 2045 quod
2804 1986 2990 2043 aperte
3023 1974 3356 2045 perspicitur
3380 1988 3450 2027 ex

1861 2064 2101 2118 lucernze
2132 2064 2379 2134 fuligine,
2412 2079 2519 2134 qua
2550 2080 2613 2120 ea
2643 2081 2763 2133 qua:
2810 2080 2977 2134 supra
3019 2064 3293 2118 ﬂammam
3343 2062 3449 2119 sita

1861 2164 2011 2220 sunt,
2045 2156 2383 2225 nigrescunt.
2422 2156 2577 2222 Quod
2613 2157 2659 2211 si
2690 2157 2896 2212 diutius
2927 2157 3040 2220 fiat,
3080 2155 3182 2225 ipsi
3216 2155 3337 2209 loco
3384 2170 3450 2208 ex

1860 2247 2099 2301 lucernae
2144 2247 2368 2317 fuligine
2418 2247 2837 2335 infectoInioles
2887 2247 3134 2317 quaedam
3181 2248 3451 2303 accrescit

1862 2348 2029 2409 atque
2059 2339 2317 2394 adhaeret.
2341 2339 2417 2393 Ex
2450 2355 2558 2409 quo
2590 2341 2810 2409 planum
2839 2340 2920 2405 fit,
2948 2342 3125 2395 oleum
3150 2355 3249 2410 per
3268 2340 3450 2410 ignem

1860 2430 2196 2484 exsiccatum
2239 2431 2293 2484 in
2340 2432 2741 2487 minutissimas
2778 2444 2832 2487 et
2876 2442 3157 2503 aspectum
3199 2442 3450 2489 nostrum

1861 2522 2181 2592 eifngientcs
2215 2523 2515 2592 particulas
2561 2525 2914 2591 commutari,
2960 2536 3124 2596 atque
3165 2526 3237 2580 ita
3268 2539 3453 2581 aerem

1861 2624 2068 2686 petere,
2113 2615 2350 2684 indeque
2382 2616 2643 2670 desiliens
2672 2616 2727 2670 in
2758 2624 2958 2671 terram
2995 2617 3302 2673 considere.
3348 2617 3451 2670 Mi-

1861 2705 2277 2759 nutissimarum
2304 2715 2484 2759 autem
2522 2705 2768 2776 fuliginis
2800 2708 3187 2776 particularum
3212 2708 3267 2762 in
3329 2723 3456 2763 acre.

1863 2795 1978 2850 ﬁeri
2028 2795 2373 2859 effusionem,
2407 2812 2473 2850 ex
2523 2812 2589 2851 eo
2626 2807 2806 2866 potest
2836 2799 3083 2869 intelligi,
3114 2799 3257 2869 quod
3292 2815 3455 2856 nares

1862 2889 2010 2943 hunc
2044 2888 2222 2958 ipsum
2255 2903 2432 2943 aerem
2459 2890 2848 2944 attrahentium
2876 2890 3043 2960 nigrae
3067 2891 3225 2945 ﬁunt.
3282 2888 3455 2956 Quin-

1862 2980 2025 3033 etiam
2063 2980 2116 3034 id
2150 2981 2291 3051 quod
2323 2997 2386 3035 ex
2419 2989 2639 3051 pectore
2670 2984 3004 3053 respirantes
3040 2982 3320 3048 emittunt,
3372 2982 3456 3036 ni-

1864 3088 2021 3144 grum
2054 3088 2177 3128 esse
2208 3088 2342 3129 cons
2356 3074 2577 3143 picitnr,
2609 3082 2892 3144 propterea
2917 3074 3062 3145 quod
3093 3073 3335 3144 fuliginis
3361 3088 3454 3128 co-

1864 3166 1979 3218 lore
2005 3180 2098 3234 per
2133 3164 2277 3219 acris
2308 3166 2690 3219 attractionem
2726 3166 3020 3221 accedente
3053 3165 3123 3222 sit
3164 3163 3451 3220 infectum.
3494 3202 3509 3213 κ

112 3257 325 3311 λεπτά
354 3273 423 3310 τε
453 3256 549 3309 καὶ
596 3256 776 3327 ἀφανῆ
817 3255 980 3326 μόρια
1013 3255 1075 3309 τὸ
1116 3255 1291 3309 ἔλαιον
1330 3253 1417 3308 διά
1440 3254 1532 3307 τοῦ
1570 3256 1741 3327 πυρὸς
1779 3256 2153 3326 ἀποξηρανθέν
2189 3257 2515 3321 ἀλλοιοῦται,
2544 3257 2638 3310 καὶ
2668 3256 2838 3321 οὕτως
2882 3258 2938 3311 ὲν
2965 3257 3044 3327 τῷ
3072 3257 3194 3329 ἀέρι
3222 3258 3452 3327 γίνεται,

113 3349 419 3403 κάκεῖθεν
445 3349 541 3401 ἐπὶ
578 3348 673 3419 τὴν
701 3349 803 3419 γῆν
844 3349 1136 3412 συνιζάνει.
1156 3349 1403 3402 Δείκνυσι
1433 3348 1491 3400 δὲ
1524 3347 1585 3400 τὸ
1612 3350 1669 3400 ἐν
1690 3347 1765 3418 τῷ
1790 3349 1914 3421 ἀέρι
1939 3349 2036 3419 τὴν
2062 3350 2370 3421 λεπτομερῆ
2406 3351 2507 3420 τῆς
2534 3349 2749 3418 λιγνύος
2791 3346 2927 3403 εἶναι
2964 3349 3230 3421 διάχυσιν,
3267 3352 3332 3404 ἐκ
3364 3350 3457 3405 τοῦ

112 3443 271 3506 τοὺς
301 3441 602 3513 μυκτῆρας
631 3440 739 3493 τῶν
765 3440 856 3493 τὸν
890 3441 1029 3511 ἀέρα
1054 3441 1243 3495 τοῦτον
1273 3441 1649 3495 ἀναπνεόντων
1676 3441 2153 3512 ὑπομελαίνεσθαι.
2177 3444 2443 3506 Πολλάκις
2461 3444 2517 3497 δέ
2549 3444 2725 3497 καὶσὺ
2753 3443 2963 3497 ἔνδοθεν
2994 3446 3057 3497 ἐκ
3085 3444 3177 3497 τοῦ
3210 3442 3462 3516 θώρακος

113 3534 599 3604 ἀναπτυόμενον,
649 3532 815 3604 μέλαν
856 3533 1109 3605 ὁρᾶσθαι,
1155 3533 1246 3589 διὰ
1280 3533 1342 3587 τὸ
1372 3532 1453 3599 τῷ
1496 3533 1746 3607 χρώματι
1783 3534 1883 3605 τῆς
1909 3533 2124 3603 λιγνύος
2166 3537 2260 3589 καὶ
2295 3536 2428 3590 αὐτὸ
2479 3535 2968 3609 καταχρώννυσθαι
2999 3536 3076 3608 τῷ
3103 3536 3189 3593 διὰ
3225 3536 3324 3608 τῆς
3365 3535 3460 3590 τοῦ
3538 3612 3545 3615 Δ

111 3630 312 3701 ἀέρος
343 3625 633 3695 ἀναπνοῆς
659 3627 1113 3681 συνεισπίπτοντι.

201 3719 451 3775 οὐκοῦν
496 3717 655 3787 δῆλόν
698 3718 847 3772 ἐστιν
886 3721 951 3773 ἐκ
988 3719 1224 3785 τούτων,
1251 3720 1334 3773 ὅτι
1363 3718 1458 3773 τοῦ
1499 3719 1677 3773 ἐλαίου
1710 3719 1761 3774 τὶ

1947 3719 2027 3775 Et
2052 3720 2138 3775 his
2165 3729 2377 3777 constat
2409 3721 2786 3777 humiditatem
2816 3723 2921 3777 olei
2946 3722 3035 3778 'sic
3068 3723 3122 3776 in
3154 3722 3461 3779 siceitatem

116 3815 242 3886 μὲν
294 3810 480 3884 ὑγρὸν
514 3812 594 3873 είς
637 3809 906 3882 ξηρότητα
942 3813 1304 3885 μετεποιήθη,
1346 3815 1374 3866 ὁ
1400 3812 1456 3865 δὲ
1486 3811 1638 3865 κατά
1665 3812 1765 3883 τὴν

116 3906 284 3977 ὓλην
332 3904 512 3972 ὄγκος
561 3904 662 3956 οὑκ
696 3904 777 3967 εἰς
824 3904 1162 3975 ἀνυπαρξίαν
1206 3903 1477 3975 ἠφανίσθη
1526 3902 1613 3956 διὰ
1659 3902 1768 3955 τῶν

112 3997 377 4051 λεπτῶν
441 4013 501 4049 τε
548 3996 641 4049 καὶ
701 3997 921 4066 ἀφανῶν
972 3997 1173 4068 μορίων
1244 3995 1623 4058 ἐνσκεδασθεὶς
1690 3993 1770 4065 τῷ

114 4090 299 4160 ἀέρι.
344 4090 536 4160 Ὅπερ
577 4088 755 4142 τοίνυν
803 4089 895 4142 ἐπὶ
950 4088 1043 4141 τοῦ
1086 4088 1254 4160 ὑγροῦ
1306 4088 1498 4142 τούτου
1539 4086 1627 4141 διὰ
1671 4087 1770 4157 τῆς

117 4184 257 4235 τῶν
301 4181 620 4251 γινομένων
666 4180 946 4253 ἐνεργείας
992 4180 1302 4252 ἐμάθομεν,
1329 4180 1412 4233 ὅτι
1463 4179 1770 4233 ἀλλοιοῦται

124 4273 323 4343 μόνον
355 4272 425 4325 τὸ
459 4271 624 4342 ὑγρὸν
652 4273 728 4336 είς
773 4271 1063 4343 ξηρότητα,
1096 4272 1196 4325 οὑκ
1224 4272 1304 4336 είς
1332 4271 1394 4324 τὸ
1421 4270 1682 4334 παντελὲς
1711 4270 1773 4323 τὸ

122 4369 352 4422 ὑλικὸν
392 4366 751 4437 ἀφανίζεται·
786 4364 942 4419 τοῦτό
991 4383 1076 4430 τις
1129 4366 1225 4419 καὶ
1270 4364 1398 4437 περὶ
1440 4362 1532 4417 τοῦ
1571 4365 1773 4427 παντὸς

137 4459 390 4521 ἐννοῶν,
422 4456 518 4511 τοῦ
557 4456 764 4519 εἰκότος
792 4456 891 4526 οὐχ
918 4456 1328 4528 ἁμαρτήσεται·
1365 4453 1520 4525 δῆλον
1547 4453 1656 4524 γὰρ
1690 4454 1772 4506 ὃτι

152 4550 222 4603 ἐκ
266 4550 469 4621 μερῶν
516 4549 578 4601 τὸ
625 4549 745 4601 ὅλον
798 4547 1147 4619 συνέστηκεν.
1186 4548 1363 4617 Ὅπερ
1397 4545 1442 4598 δ’
1473 4545 1540 4598 ἂν
1590 4545 1647 4598 ἐν
1695 4541 1775 4613 τῷ

157 4641 328 4711 μέρει
355 4638 662 4708 ἐμάθομεν,
694 4638 852 4692 τοῦτο
879 4639 973 4691 καὶ
1002 4639 1130 4711 περὶ
1153 4638 1246 4691 τοῦ
1273 4636 1474 4701 παντὸς
1495 4635 1777 4707 ἐδιδάχθη-

158 4748 288 4800 μεν.
335 4732 494 4787 Μίαν
533 4731 589 4785 δὲ
619 4731 696 4803 τῷ
733 4730 880 4799 γένει
922 4731 1023 4803 τὴν
1065 4731 1339 4803 ὑγρότητα
1373 4725 1532 4794 εἶναι,
1569 4728 1677 4782 οὐδ’
1710 4727 1777 4782 ἂν

156 4824 272 4877 τῶν
304 4823 608 4897 ἐριστικῶν
639 4841 719 4887 τις
745 4824 1009 4878 ἀντείποι.
1053 4822 1214 4876 Ἀλλά
1249 4824 1357 4894 μὴν
1402 4821 1574 4891 λεπτὴ
1627 4819 1778 4881 κόνις

159 4916 514 4971 ἐκκαυθεῖσα
544 4916 632 4971 διὰ
668 4917 762 4970 τοῦ
807 4916 978 4988 πυρὸς
1022 4919 1055 4988 ἡ
1103 4917 1342 4989 ὑγρότης
1386 4916 1622 4984 ἐγένετο·
1670 4912 1779 4983 ἄρα

162 5011 263 5062 καὶ
296 5013 414 5065 πᾶν
448 5009 612 5082 ὑγρὸν
646 5012 703 5062 ἐν
726 5007 804 5080 τῷ
826 5010 957 5079 πυρὶ
1000 5009 1290 5081 γενόμενον
1331 5007 1655 5079 μεταϐάλλει
1678 5005 1778 5078 τὴν

1872 3814 2217 3876 commutari,
2250 3822 2308 3867 ut
2341 3815 2582 3869 materiae
2625 3813 2944 3883 magnitudo
2974 3828 3072 3883 per
3106 3814 3462 3869 tenuissimas

1870 3902 2192 3974 particulas,
2217 3910 2271 3959 et
2294 3919 2415 3975 qua:
2440 3904 2610 3959 aciem
2639 3904 2924 3957 oculorum
2956 3902 3239 3974 effugiunt,
3265 3902 3317 3956 in
3339 3918 3465 3957 aere

1873 3995 2104 4065 disiecta
2150 4009 2260 4049 non
2304 3994 2571 4050 deleatur.
2617 3993 2674 4048 Si
2721 3994 2845 4064 quis
2884 3994 3072 4066 igitur,
3120 4003 3179 4049 ut
3218 3994 3322 4049 hoc
3358 3995 3465 4050 olei

1874 4085 2159 4139 humidum
2178 4084 2446 4139 duntaxat
2466 4084 2521 4139 in
2540 4085 2748 4140 siccum
2768 4086 3128 4151 convertitur,
3147 4099 3257 4139 non
3281 4091 3466 4138 autem

1875 4185 1984 4231 tcta
2016 4175 2243 4230 materia
2267 4176 2486 4246 penitus
2512 4173 2785 4239 aboletur,
2809 4175 2887 4229 sic
2910 4177 2979 4228 de
3002 4174 3261 4228 universo
3288 4172 3468 4227 humi-

1874 4267 1944 4322 do
1972 4266 2313 4336 cogitaverit,
2349 4280 2460 4320 non
2499 4266 2741 4334 errabit;
2771 4264 3121 4320 manifestum
3160 4267 3306 4320 enim
3351 4272 3464 4330 est,

1873 4367 2048 4415 totum
2089 4376 2154 4415 ex
2190 4359 2439 4430 partibus
2475 4367 2753 4414 constare.
2796 4355 2954 4424 Quod
2988 4365 3169 4412 autem
3213 4357 3280 4412 de
3312 4365 3469 4428 parte

1876 4452 2163 4515 discimus,
2198 4452 2338 4506 idem
2368 4449 2435 4507 de
2467 4458 2582 4506 toto
2611 4451 2926 4506 edocemnr.
2962 4448 3136 4505 Unam
3169 4452 3349 4505 a‘utem
3375 4464 3469 4520 ge-

1875 4561 2008 4599 nere
2056 4544 2436 4598 humiditatem
2481 4558 2605 4599 esse
2652 4558 2814 4598 nemo
2870 4558 2942 4598 ne
2992 4542 3470 4613 pertinacissimus

1878 4636 2098 4707 quidem
2131 4636 2371 4706 negabit.
2396 4636 2572 4707 Atque
2599 4637 2896 4692 humiditas
2930 4637 2999 4691 ab
3029 4637 3153 4707 igne
3181 4636 3469 4690 combusta

1880 4731 2062 4787 tenuis
2095 4730 2274 4799 pulvis
2302 4729 2571 4788 efﬁcitur:
2597 4738 2651 4787 et
2675 4746 2838 4786 omne
2878 4730 3183 4795 humidum,
3224 4729 3355 4784 dum
3385 4736 3472 4785 est

1879 4823 1935 4878 in
1966 4824 2111 4895 igne,
2151 4825 2542 4895 particularum
2588 4827 2907 4897 qualitatem
2941 4843 3007 4881 ex
3042 4825 3372 4881 humiditate
3415 4824 3473 4880 in

1883 4919 2185 4974 siccitatem
2218 4921 2511 4984 convertit,
2540 4935 2651 4974 non
2685 4928 2865 4975 autem
2899 4919 3121 4990 penitus
3151 4916 3365 4974 deletur
3388 4924 3474 4973 at.

1883 5027 1989 5083 que
2018 5014 2380 5069 consumitur.
2428 5012 2697 5079 Quoniam
2739 5013 2906 5085 igitur
2941 5012 3138 5067 nebula
3166 5026 3262 5067 seu
3296 5010 3473 5065 nubes

165 5099 225 5153 ὲν
244 5104 365 5166 τοῖς
411 5101 623 5172 μορίοις
650 5101 927 5172 ποιότητα,
951 5101 1089 5172 πρὸς
1113 5104 1171 5154 τὸ
1202 5100 1364 5175 ξηρὸν
1393 5103 1458 5154 ὲκ
1484 5099 1579 5153 τοῦ
1610 5096 1761 5171 ὑγροί

1888 5092 2024 5159 nihil
2057 5105 2202 5160 aliud
2231 5114 2335 5170 est,
2372 5098 2479 5160 nisi
2514 5118 2777 5175 vaporum
2813 5105 3027 5160 coactio
3060 5114 3223 5176 atque
3249 5116 3476 5157 concre-

168 5192 604 5263 μεθιστάμενον,
634 5193 734 5247 οὑκ
759 5195 839 5256 είς
868 5192 930 5246 τὸ
958 5192 1218 5258 παντελὲς
1246 5191 1589 5264 ἀφανίζεται.
1627 5191 1779 5244 Ἐπεὶ

162 5280 263 5339 ὧν
313 5285 498 5356 ἀτμοῦ
552 5284 814 5348 σύστασις
856 5287 919 5338 τὸ
963 5286 1122 5354 νέφος
1151 5285 1318 5351 ἐστὶν,
1357 5286 1387 5338 ὁ
1434 5283 1494 5337 δὲ
1536 5281 1710 5354 ἀτμὸς
1746 5283 1780 5354 ἡ

160 5375 524 5451 λεπτομερὴς
573 5377 669 5432 τοῦ
717 5376 887 5450 ὑγροῦ
946 5379 1091 5432 ἐστιν
1137 5377 1522 5449 ἀναθυμίασις,
1565 5376 1778 5448 ἀνάγκη

169 5468 349 5533 πᾶσα,
382 5470 518 5523 ὅταν
561 5468 917 5539 καταφρυγέν
950 5468 1027 5539 τῷ
1060 5467 1291 5540 φλογμῷ
1340 5467 1400 5521 τὸ
1442 5467 1634 5539 νέφος,
1689 5468 1781 5521 τὸν

173 5557 370 5617 λεπτὸν
401 5565 618 5618 ἐκεῖνον
647 5562 743 5616 καί
791 5562 971 5632 ἀμερῆ
998 5559 1094 5615 τοῦ
1123 5561 1300 5632 ἀτμοῦ
1327 5561 1513 5631 όγκον,
1547 5560 1650 5615 κᾶν
1680 5559 1780 5632 τὴν

185 5650 346 5725 ὑγράν
393 5655 472 5728 μὴ
525 5652 770 5724 διασὼξῃ
832 5653 1108 5725 ποιότητα,
1166 5652 1241 5724 μὴ
1292 5654 1478 5724 μέντοι
1542 5651 1684 5707 κατά
1723 5652 1785 5706 τὸ

184 5742 538 5822 ὑποκείμενον
579 5749 666 5811 είς
704 5746 1017 5816 ἀφανισμὸν
1048 5747 1396 5817 μεταϐαίνειν
1442 5749 1520 5810 εἰς
1564 5747 1626 5799 τὸ
1651 5745 1785 5817 μηδὲ

165 5844 565 5919 ἀναλυόμενον.
600 5839 865 5911 Τέσσαρα
901 5839 1172 5911 γὰρ-περὶ
1214 5841 1307 5894 τὸν
1354 5840 1526 5910 ἀτμὸν
1561 5837 1791 5911 θεωρεῖ-

1888 5197 2001 5252 tio:
2033 5213 2204 5267 vapor
2234 5206 2415 5254 autem
2443 5207 2527 5254 est
2557 5198 2884 5254 tenuissima
2915 5197 3125 5251 humidi
3154 5192 3429 5251 exhalatio
3455 5208 3471 5246 :

1840 5341 1846 5346 ,
1888 5301 2114 5344 necesse
2153 5298 2258 5353 est,
2290 5303 2415 5343 cum
2447 5288 2645 5344 ardore
2677 5288 2850 5344 nubes
2882 5287 3178 5351 exaruerit,
3215 5280 3475 5337 minutis-

1889 5381 2086 5435 simum
2132 5382 2266 5436 illud
2307 5389 2362 5438 et
2406 5381 2747 5437 individuum
2793 5379 3014 5451 vaporis
3061 5374 3473 5448 corpusculum,

1888 5473 2141 5543 quamvis
2168 5474 2445 5529 humidam
2462 5473 2780 5546 qualitatem
2806 5487 2914 5526 non
2942 5475 3142 5532 servet,
3163 5482 3270 5523 non
3292 5474 3478 5523 tamen

1889 5568 2114 5624 omnino
2142 5567 2380 5640 disperdi
2398 5577 2453 5624 et
2483 5568 2710 5624 aboleri.
2736 5567 2984 5634 Quatuor
3010 5563 3159 5619 enim
3192 5562 3250 5618 in
3277 5577 3481 5633 vapore

1888 5662 2341 5727 considerantur,
2388 5661 2716 5726 humiditas,
2758 5658 3063 5730 frigiditas,
3107 5656 3381 5729 gravitas,
3424 5662 3481 5711 et

1889 5753 2189 5825 quantitas.
2223 5753 2297 5807 Ex
2325 5753 2411 5809 his
2440 5768 2562 5822 quae
2591 5759 2801 5807 natura:
2828 5750 2975 5822 ignis
2998 5748 3383 5812 adversantur,
3412 5760 3481 5803 ea

1890 5848 1938 5904 vi
1957 5847 2134 5918 ipsius
2151 5845 2532 5917 cxsuperantis
2560 5844 2869 5901 abolentur:
2894 5842 3251 5907 quamobrem
3268 5854 3371 5898 nec
3385 5839 3482 5896 hu-

2377 6108 2395 6155 δ
