3880 6370
526 372 597 427 99

1773 367 1832 420 S.
1876 360 2209 422 GREGORII
2250 360 2545 420 NYSSENI

3679 365 3780 419 £00

525 488 737 544 midum
762 502 864 545 nec
882 486 1133 556 frigidum
1164 486 1219 540 in
1247 486 1372 557 igne
1410 485 1515 542 sita
1549 494 1769 540 manent
1805 484 2097 557 ejusmodi.

2202 502 2310 548 ται,
2340 486 2400 538 τὸ
2430 486 2615 557 ὑγρὸν,
2641 485 2702 538 τὸ
2726 483 2954 556 ψυχρὸν,
2979 483 3041 537 τὸ
3074 480 3237 555 βαρὺ,
3261 485 3295 554 ἡ
3328 482 3649 554 πηλικότης.
3689 484 3782 536 Ἕκ

528 577 818 644 Quantitas
838 592 967 633 vero
983 576 1052 631 ab
1076 575 1217 646 ignis
1246 584 1443 631 natura
1468 590 1577 632 non
1603 576 1904 646 discrepat,
1931 591 2101 645 quan-

528 669 818 740 doquidem
847 675 901 723 et
929 668 1070 737 ignis
1098 668 1155 721 in
1184 675 1391 737 quanto
1456 667 1855 731 consideratur,
1891 674 1944 721 et
1972 680 2098 721 cum

527 766 734 829 quanto
763 759 1044 827 quantitas
1071 773 1181 812 non
1209 765 1431 828 pugnat.
1464 755 1651 827 Itaque
1679 757 1899 827 vaporis
1925 770 2100 826 quan-

526 852 658 906 titas
675 850 745 904 ab
766 848 975 904 humidi
990 857 1043 905 et
1064 848 1243 920 frigidi
1264 850 1527 919 qualitate
1553 850 1802 919 sejuncta
1827 859 2096 904 servatur.

526 941 659 1009 Quae
688 948 869 996 autem
905 957 972 996 ex
1006 943 1278 1011 gravitate
1310 942 1553 1011 qualitas
1594 940 1783 1011 vapori
1834 940 2101 994 naturali-

523 1041 613 1087 ter
648 1032 809 1097 inest,
836 1047 945 1087 una
967 1048 1093 1088 cum
1118 1032 1497 1103 magnitudine
1545 1040 1949 1097 conservatur;
1997 1046 2097 1101 pa-

526 1124 659 1179 riter
691 1126 837 1181 enim
872 1133 928 1180 et
959 1124 1186 1179 humida
1218 1134 1272 1180 et
1323 1124 1529 1196 frigida
1579 1136 1800 1194 gravem
1845 1130 2098 1176 naturam

524 1215 746 1271 habent.
778 1215 857 1270 Ex
881 1216 985 1271 hac
1015 1231 1198 1271 rerum
1223 1217 1366 1272 serie
1401 1231 1558 1271 mens
1591 1215 1741 1268 nullo
1778 1214 1970 1268 labore
2003 1226 2100 1268 co-

522 1316 769 1376 gnoscet,
819 1308 1097 1377 quomodo
1137 1322 1277 1377 aqua
1314 1307 1404 1360 ﬁat
1453 1317 1600 1361 terra
1652 1312 2100 1372 commutataque

520 1399 744 1467 vaporis
774 1398 1037 1468 qualitate
1057 1409 1309 1454 naturam
1338 1397 1572 1454 similem
1602 1404 1955 1467 assequatnr.
1979 1394 2098 1450 Sic-

522 1505 648 1546 cum
681 1491 851 1556 enim,
893 1499 947 1545 et
977 1505 1141 1562 grave
1191 1487 1498 1560 qualitatis,
1555 1506 1682 1561 quae
1726 1496 1890 1545 terra:
1930 1489 2096 1553 inest,

518 1583 743 1653 propria
777 1590 927 1645 sunt,
961 1582 1017 1636 in
1047 1595 1217 1651 eaque
1246 1597 1418 1652 vapor
1447 1588 1678 1637 exustus
1734 1580 2095 1635 convertitur.

520 1673 599 1728 Ac
631 1674 762 1727 mihi
795 1674 1016 1744 quidem
1048 1687 1157 1727 non
1183 1670 1497 1727 faciendum
1535 1670 1774 1735 videtur,
1795 1677 1855 1725 ut
1890 1669 2099 1739 princi-

2199 574 2401 627 τούτων
2425 575 2524 627 ὅσα
2551 574 2651 644 μὲν
2672 575 2926 638 ἐναντίως
2967 574 3103 643 πρὸς
3132 573 3194 625 τὸ
3219 572 3330 643 πῦρ
3354 572 3488 642 ἔχει,
3515 574 3582 642 τῇ
3623 570 3781 625 δυνα·

2202 665 2355 736 στεία
2390 664 2485 718 τοῦ
2532 665 2949 736 ἐπικρατοῦντος
2993 663 3409 733 ὲξαφανξζεται·
3439 662 3565 716 οὔτε
3599 663 3697 731 (ἀρ
3725 664 3783 714 τό

2201 755 2387 826 ὑγρὸν,
2418 757 2540 809 οὑτε
2562 757 2625 809 τὸ
2646 757 2854 828 ψυχρὸν
2882 758 2940 810 ἐν
2966 755 3043 827 τῷ
3068 757 3201 826 πυρί¹
3228 755 3517 825 γενόμενον
3540 753 3783 824 διαμένει

2199 846 2452 901 τοιοῦτον.
2491 848 2555 901 Ἠ
2609 848 2792 919 μέντοι
2851 846 3147 917 πηλικότης
3188 846 3461 915 συγγενῶς
3505 845 3603 899 καὶ
3650 845 3781 912 πρίς

2198 938 2296 1009 τὴν
2317 938 2409 992 τοῦ
2435 940 2606 1010 πυρὸς
2634 939 2821 992 οὑσίαν
2850 938 2991 1009 ἔχει·
3037 939 3131 991 καὶ
3164 937 3272 1009 γὰρ
3302 938 3362 991 τὸ
3395 935 3510 1008 πῦρ
3537 939 3596 990 ἐν
3634 935 3784 1003 ποσῷ

2199 1029 2535 1101 καθορᾶταν
2588 1029 2739 1101 ποσῷ
2779 1031 2838 1084 δὲ
2875 1031 3127 1102 ’ποσότης
3173 1031 3234 1082 οὑ
3284 1030 3533 1100 μάχεται.
3582 1028 3649 1081 Εἰ
3693 1024 3786 1079 οὖν

2197 1123 2231 1192 ή
2298 1121 2595 1193 πηλικότης
2662 1121 2758 1175 τοῦ
2820 1121 2994 1192 ἀτμοῦ
3055 1121 3417 1185 διασώζεται,
3479 1121 3578 1189 τῆς
3645 1117 3788 1170 κατά

2197 1212 2259 1265 τὸ
2308 1214 2471 1284 ὑγρόν
2513 1230 2573 1267 τε
2618 1214 2710 1267 καὶ
2761 1212 2967 1284 ψυχρὸν
3034 1213 3317 1282 ποιότητος
3371 1209 3783 1280 διαζευχθεῖσα·

2200 1307 2234 1376 η
2265 1305 2322 1358 δὲ
2357 1306 2496 1359 κατὰ
2532 1303 2593 1359 τὸ
2620 1303 2786 1377 βάρος
2818 1305 3042 1375 ποιότης
3074 1301 3346 1365 οὑσιωδῶς
3377 1299 3676 1370 ἐγκειμένη
3717 1304 3783 1369 τῇ

2198 1394 2292 1450 τοῦ
2318 1393 2491 1465 ἀτμοῦ
2518 1394 2708 1465 φύσει,
2739 1393 3068 1461 ωνδιεσὼθη
3095 1395 3160 1463 τῇ
3194 1390 3517 1461 πηλικότητι
3549 1391 3789 1460 (ἐπίσης

2199 1485 2308 1556 γάρ
2329 1489 2362 1555 ἡ
2389 1485 2630 1558 βαρύτης
2659 1486 2752 1538 καὶ
2783 1485 2968 1556 ὑγροῖς
2990 1483 3085 1538 καί
3112 1484 3297 1553 ξηροῖς
3326 1482 3660 1552 ἐνυπάρχειν
3692 1480 3789 1533 πέ-

2201 1582 2432 1647 φυκεν)⁶
2462 1576 2638 1630 οὐκέτ’
2686 1575 2752 1629 ἂν
2783 1578 2810 1628 ὁ
2853 1574 2979 1638 νοῦς
3009 1575 3141 1645 ἡμῖν
3175 1573 3358 1644 κάμνῃ
3388 1576 3455 1643 τῇ
3485 1570 3789 1642 άκολουθὲα

2200 1667 2308 1721 τῶν
2336 1667 2634 1738 γινομένων
2669 1667 2935 1736 ἑπόμενος
2954 1706 2969 1729 ,
2998 1664 3139 1717 ὥστε
3173 1663 3499 1732 ἐπιγνῶναι,
3530 1665 3685 1727 ὅπως
3727 1664 3789 1715 τὸ

520 1762 671 1832 pium
735 1761 840 1816 hoc
894 1762 1158 1826 assecuti,
1209 1767 1640 1829 consequentem
1691 1758 1965 1820 ordinem,
2029 1756 2097 1810 ad

2202 1758 2346 1829 ὕδωρ
2373 1759 2445 1827 γῆ
2474 1758 2785 1828 γενόμενον,
2815 1757 2902 1810 διὰ
2928 1756 3018 1810 τοῦ
3048 1755 3402 1827 μεταϐάλλειν
3423 1757 3551 1820 τοὺς
3574 1756 3790 1826 ἀτμοὺς

521 1867 684 1921 quem
708 1852 1081 1907 consideratio
1104 1851 1223 1921 ipsa
1247 1865 1350 1906 nos
1379 1866 1477 1921 per
1510 1849 1831 1905 verisimilia
1849 1846 1916 1900 ad
1956 1848 2098 1902 veri-

519 1952 690 1999 tatem
747 1944 955 2000 ducens
1015 1943 1388 2015 progreditur,
1462 1941 1802 1996 omittamus.
1870 1936 2100 1993 Videtur

519 2037 664 2090 enim
694 2034 766 2089 ob
804 2036 944 2090 hanc
984 2049 1205 2091 causam
1242 2043 1297 2090 et
1338 2047 1487 2088 mare
1531 2047 1748 2102 semper
1774 2032 1829 2086 in
1862 2029 2099 2100 propriis

520 2124 771 2181 terminis
799 2140 1134 2196 permanere.
1168 2122 1437 2191 Quoniam
1479 2124 1728 2179 accessio
1757 2123 1872 2189 illa,
1928 2135 2096 2191 quam

517 2231 585 2272 et
622 2217 1031 2273 conﬂuentibus
1081 2217 1244 2285 aquis
1280 2215 1505 2272 assidue
1538 2215 1801 2285 paulatim
1836 2213 2093 2282 acquirit,

518 2307 843 2361 exhauritur
872 2318 926 2362 et
957 2306 1303 2362 consumitur
1329 2321 1358 2359 a
1385 2306 1685 2368 caliditate,
1738 2319 1863 2374 qua:
1903 2318 2099 2358 cut-ur-

518 2395 708 2450 bitulae
749 2395 925 2451 instar
957 2403 1152 2450 tenues
1200 2394 1438 2448 humida:
1489 2401 1701 2448 natura:
1748 2407 1980 2463 vapores
2016 2400 2098 2446 at-

519 2485 710 2541 trahit.
730 2484 934 2542 Verum
965 2486 1093 2555 quia
1121 2483 1523 2539 mediterranea
1549 2485 1693 2548 loca,
1749 2492 1803 2539 et
1830 2500 1954 2554 qua:
1981 2497 2099 2537 ma-

517 2578 605 2649 gis
649 2578 716 2632 ad
763 2577 1077 2648 aquilonem
1117 2583 1372 2647 vergunt,
1415 2575 1545 2631 huic
1588 2575 1787 2630 rationi
1842 2576 2098 2629 videntur

517 2666 827 2732 adversari,
862 2674 1150 2737 propterea
1177 2666 1349 2736 quod,
1371 2681 1495 2721 cum
1534 2667 1588 2721 in
1626 2667 1712 2722 bis
1732 2667 1986 2737 partibus
2026 2666 2098 2722 ob

518 2759 665 2814 aeris
710 2757 1002 2813 ambientis
1048 2756 1399 2828 [rigiditatem
1440 2772 1589 2813 mare
1635 2773 1744 2812 non
1798 2758 2093 2813 admodum

518 2848 757 2913 calebat,
796 2862 1060 2919 vaporum
1085 2847 1356 2904 confectio
1381 2856 1614 2919 torpeat,
1634 2864 1756 2905 eam
1790 2849 2091 2921 dupliciter

518 2938 987 2994 conﬁrmabimus.

2198 1847 2297 1916 τὴν
2341 1848 2624 1917 ποιότητα,
2659 1848 2759 1917 τὴν
2791 1846 3008 1917 ὁμοειδῆ
3040 1846 3200 1914 φύσιν
3239 1844 3676 1915 καταλαμόάνει.
3713 1846 3787 1898 Τὸ

2195 1938 2305 2008 γάρ
2332 1938 2497 2008 ξηρὸν
2537 1940 2627 1992 καί
2673 1937 2809 2008 βαρὺ
2851 1938 2980 1991 ἴδιον
3010 1938 3076 1992 ἂν
3105 1936 3190 2008 εἴη
3238 1932 3335 2008 τῆς
3370 1938 3499 2006 περὶ
3527 1937 3629 2007 τὴν
3679 1938 3785 2007 γῆν

2197 2028 2580 2098 θεωρουμένης
2608 2027 2892 2097 ποιότητος
2913 2069 2928 2092 ,
2958 2029 3037 2091 εἰς
3066 2028 3203 2097 ὅπερ
3233 2028 3523 2090 ἐκκαυθείς
3551 2028 3581 2078 ό
3611 2028 3786 2099 ἀτμὸς

2198 2119 2552 2190 μετεποιήθη.
2605 2120 2713 2173 Καί
2768 2136 2857 2189 μοι
2890 2118 3037 2173 δοκεί
3082 2119 3262 2183 καλῶς
3293 2119 3437 2189 ἔχειν
3469 2119 3573 2189 τῆς
3606 2120 3785 2191 ἀρχῆς

2195 2210 2401 2281 ταύτης
2429 2211 2781 2282 λαῦομένους,
2815 2211 2890 2283 μὴ
2918 2212 3186 2280 διαφεῖναι
3210 2212 3311 2281 τὴν
3338 2212 3664 2267 ἀκολουθίαν
3689 2214 3784 2283 τῆς

2179 2301 2519 2367 ἐξετάσεως,
2546 2305 2621 2367 εἰς
2650 2305 2715 2374 ἣν
2745 2303 2956 2373 πρόεισι
2985 2303 3071 2356 διὰ
3101 2303 3207 2356 τῶν
3234 2304 3459 2357 εἰκότων
3490 2306 3524 2375 ἡ
3558 2303 3785 2376 θεωρία,

2203 2396 2621 2466 χειραγωγοῦσα
2662 2398 2796 2465 πρὸς
2846 2397 2945 2466 τὴν
2978 2395 3260 2465 ἀλήθειαν.
3303 2396 3487 2449 Ἒοικε
3533 2395 3647 2466 γάρ
3696 2399 3785 2450 καὶ

2203 2487 2238 2556 ἡ
2276 2486 2518 2539 Θάλασσα
2562 2486 2651 2540 διὰ
2673 2485 2830 2540 τοῦτο
2858 2489 2916 2540 ἐν
2952 2489 3063 2551 τοῖς
3102 2487 3251 2550 ἰδίοις
3279 2488 3427 2558 ὅροις
3455 2487 3546 2540 διὰ
3584 2488 3785 2550 παντὸς

2207 2575 2408 2644 μένειν,
2447 2576 2529 2628 ὅτι
2567 2576 2684 2628 κατ’
2714 2576 2892 2644 ὀλίγον
2918 2576 3019 2645 τῆς
3067 2576 3153 2629 ἀεὶ
3195 2577 3487 2648 γινομένης
3516 2578 3658 2647 αὑτῇ
3704 2578 3786 2630 διὰ

2202 2662 2315 2717 τῶν
2349 2664 2557 2717 ὑδάτων
2591 2664 2927 2736 προσθήκης,
2970 2668 3003 2731 ἡ
3041 2666 3128 2718 διὰ
3154 2665 3263 2720 τῶν
3301 2666 3491 2737 ἀτμῶν
3524 2666 3786 2737 ἐξάντληο

2206 2771 2292 2817 σις
2328 2753 2423 2806 ἐπὶ
2462 2753 2524 2806 τὸ
2561 2754 2953 2824 ὑπερκείμενον
2998 2756 3207 2824 γίνεται
3247 2757 3345 2827 τῆς
3377 2756 3785 2830 ἐπιθαλπούσης

2202 2846 2566 2917 θερμότητος,
2602 2846 2796 2909 σικύας
2841 2846 2995 2917 δίκην
3035 2848 3097 2900 τὸ
3144 2847 3479 2920 λεπτομερὲς
3527 2850 3634 2921 τῆς
3679 2849 3788 2903 τῶν

2201 2938 2383 3010 ὑγρῶν
2425 2938 2641 3008 φύσεως
2687 2938 3058 3009 ἀνιμωμένης.
3104 2941 3192 2993 Ἐν
3234 2940 3291 2994 δέ
3331 2944 3445 3004 τοῖς
3481 2944 3788 3012 μεσογείοις

516 3047 575 3083 τε
617 3029 707 3084 καὶ
748 3028 1135 3102 βορεινοτέροις
1180 3029 1289 3084 τῶν
1317 3031 1499 3085 τόπων
1535 3032 1569 3103 ἡ
1618 3032 1713 3085 τοῦ
1757 3032 2102 3103 περιέχοντος
2139 3032 2414 3103 ψυχρότης
2448 3030 2820 3086 ἐναντιοῦσθαι
2860 3031 3007 3084 δοκεῖ
3049 3030 3129 3101 τῷ
3177 3031 3340 3101 λόγῳ,
3383 3032 3460 3097 ὡς
3487 3033 3580 3087 διὰ
3609 3034 3677 3087 τὺ
3717 3037 3788 3105 μὴ

519 3122 818 3178 θάλπεσθαι
860 3122 1105 3194 σφοδρῶς
1132 3123 1232 3195 τὴν
1278 3125 1336 3176 ἐν
1374 3126 1486 3188 τοῖς
1532 3124 1725 3196 μέρεσι
1766 3125 1978 3189 τούτοις
2011 3126 2321 3190 θάλασσαν,
2376 3124 2652 3196 ἀργούσης
2696 3124 2795 3194 τῆς
2838 3123 2948 3178 τῶν
2985 3124 3172 3194 ἀτμῶν
3212 3124 3546 3188 ἀναδόσεως,
3578 3124 3787 3188 διπλοῖς

518 3213 635 3268 ἔστι
667 3213 948 3285 λογισμοῖς
983 3214 1080 3286 τὴν
1117 3216 1388 3270 ἀντίθεσιν
1420 3216 1626 3287 ταύτην
1655 3219 2176 3291 παραμυθήσασθαι.

589 3304 836 3359 Primum
869 3304 1035 3375 igitur
1078 3304 1336 3370 dicimus,
1369 3306 1496 3361 licet
1541 3307 1963 3364 innumerabilia
1988 3323 2098 3363 ma-

2291 3306 2515 3378 Πρῶτον
2580 3308 2678 3377 μὲν
2730 3309 2812 3362 ὅτι
2858 3308 2958 3378 μία
3018 3309 3136 3362 ἐστὶ
3181 3307 3273 3360 καὶ
3347 3308 3577 3379 συνεχὴς
3653 3311 3792 3380 πρὸς

520 3399 605 3454 ria
665 3397 981 3464 videantur,
1040 3413 1208 3453 unum
1254 3407 1440 3454 tamen
1489 3408 1543 3454 et
1604 3400 1925 3454 continuum
1975 3415 2099 3456 esse

519 3504 692 3553 mare,
750 3488 805 3542 in
844 3502 966 3544 sese
1015 3504 1113 3559 per
1144 3488 1333 3545 orbem
1389 3489 1712 3545 universum
1756 3504 2095 3557 commeans,

518 3595 623 3636 nec
654 3579 764 3633 ullo
788 3586 946 3650 pacto
974 3594 1006 3633 a
1035 3578 1429 3648 conjunctione
1467 3594 1567 3634 sua
1601 3580 1884 3635 divulsum
1934 3586 2100 3650 atque

519 3670 828 3739 seiunctum
884 3688 898 3725 :
954 3670 1333 3741 quamobrem,
1373 3670 1421 3726 si
1475 3679 1739 3742 perpetua
1799 3669 2097 3726 caliditatis

518 3758 832 3828 pra-sentia,
871 3758 1016 3829 quod
1049 3759 1291 3814 australe
1315 3768 1421 3824 est,
1451 3759 1855 3825 succendatur,
1898 3760 1954 3814 in
1983 3757 2098 3814 illis

519 3849 650 3905 item
682 3849 935 3920 partibus
975 3849 1400 3905 diminutionem
1432 3850 1648 3914 sentiri,
1699 3851 1860 3920 aquis
1902 3860 2125 3921 sponte-

518 3956 622 3999 sua
651 3942 907 3997 deorsum
940 3942 1262 3997 naturaliter
1304 3941 1710 3997 conﬂuentibus
1760 3942 1827 3996 ad
1872 3942 2100 4011 explen-

519 4032 651 4089 dum
677 4033 754 4097 id,
780 4033 927 4103 quod
953 4033 1280 4087 exhaustum
1308 4040 1362 4087 et
1393 4034 1735 4088 exinanitum
1760 4039 1866 4088 est.
1893 4034 2101 4090 Deinde

520 4138 649 4180 cum
681 4133 854 4178 totum
890 4138 1041 4178 mare
1084 4139 1151 4179 ex
1207 4124 1401 4193 quavis
1444 4138 1588 4194 aqua
1631 4122 1970 4185 confectum.
2026 4125 2100 4179 sit

523 4215 754 4280 salsum,
783 4229 970 4285 parem
1001 4214 1118 4270 ﬁeri
1149 4229 1413 4285 vaporum
1446 4216 1811 4284 digestionem
1845 4230 2101 4285 compro-

523 4304 683 4370 bari;
711 4305 982 4359 salsorum
1012 4305 1157 4360 enim
1193 4305 1463 4362 naturalis
1501 4314 1586 4362 est
1615 4306 1863 4363 siccitas.
1917 4304 2102 4372 Quare

524 4395 572 4452 si
604 4396 842 4467 qualitas
874 4396 987 4451 haec
1020 4412 1118 4466 per
1144 4405 1319 4452 totum
1356 4413 1510 4453 mare
1539 4398 1748 4468 pariter
1775 4397 1976 4453 dill'usa
1991 4405 2097 4465 est,

523 4487 731 4557 pariter
765 4487 933 4543 etiam
978 4489 1092 4559 agit
1134 4489 1190 4544 in
1223 4490 1481 4546 omnibus
1523 4491 1674 4546 illius
1717 4492 1989 4562 partibus.
2042 4489 2098 4546 Id

523 4578 671 4633 enim
693 4579 962 4649 cujusque
996 4589 1210 4637 naturae
1248 4582 1529 4652 proprium
1575 4590 1685 4648 est,
1714 4590 1772 4636 ut
1812 4599 1877 4637 ex
1911 4584 1963 4637 vi
2000 4598 2100 4638 sua

2199 3399 2399 3470 ἐαυτὴν
2463 3399 2637 3452 διόλου
2681 3402 2714 3471 ἠ
2771 3399 3032 3465 θάλασσα,
3083 3399 3188 3453 κᾶν
3245 3401 3328 3463 εἰς
3379 3402 3549 3471 μυρία
3594 3402 3788 3474 διῄρη-

2196 3508 2291 3544 ται
2346 3490 2558 3562 πελάγη
2583 3531 2599 3556 ,
2657 3491 2895 3562 οὐδαμοῦ
2940 3492 3041 3561 τῆς
3074 3491 3211 3561 πρὸς
3253 3493 3452 3564 ἑαυτὴν
3491 3495 3789 3564 συναφείας

2197 3582 2554 3652 διασπωμένη
2575 3598 2587 3613 ο
2629 3582 2793 3649 ὥστε,
2826 3585 2875 3636 εἰ
2903 3583 2965 3637 τὺ
2992 3584 3166 3637 νότιον
3202 3587 3267 3656 τῇ
3304 3585 3547 3656 διηνεκεῖ
3574 3603 3788 3659 παρου-

2202 3672 2294 3744 σίᾳ
2331 3672 2426 3726 τοῦ
2458 3672 2660 3744 θερμοῦ
2690 3674 3013 3744 ὑπερκέοιτο
3050 3675 3148 3745 (a),
3185 3678 3243 3729 ἐν
3286 3679 3399 3741 τοῖς
3438 3678 3788 3750 κατεψυγμέ-

2200 3783 2312 3830 νοις
2343 3767 2538 3838 μέρεσι
2575 3766 2679 3837 τῆς
2705 3768 2823 3821 ἐκεῖ
2847 3769 3145 3840 γενομένης
3175 3769 3525 3834 ἐλαττώσεως
3566 3773 3675 3844 τὴν
3709 3774 3787 3826 αῖ-

2202 3858 2394 3928 σθησιν
2423 3857 2691 3926 γίνεσθαι,
2735 3860 3061 3931 αὐτομάτως
3096 3863 3195 3932 τῆς
3226 3862 3334 3915 τῶν
3370 3863 3581 3918 ὑδάτων
3611 3868 3790 3938 φορᾶς

2201 3946 2259 3998 ἐν
2288 3945 2366 4016 τῷ
2391 3950 2704 4018 κατωφερεῖ
2728 3948 2829 4018 τῆς
2862 3948 3073 4019 φύσεως
3099 3950 3237 4022 πρὸς
3264 3951 3327 4005 τὸ
3349 3953 3435 4006 ἀεὶ
3463 3953 3790 4024 κινούμενον

2158 4078 2161 4083 .
2205 4038 2633 4108 μεταρρεούσης.
2663 4041 2894 4094 Ἔπειτα
2928 4042 2986 4095 δὲ
3016 4042 3112 4095 καὶ
3140 4043 3201 4096 τὸ
3227 4046 3406 4098 πᾶσαν
3436 4045 3619 4116 ἅλμην
3649 4044 3791 4101 εἶναι

2200 4126 2299 4199 τὴν
2332 4128 2629 4197 θάλασσαν,
2676 4133 2739 4184 ἐκ
2774 4132 2975 4196 παντὸς
3003 4133 3098 4187 τοῦ
3134 4135 3325 4201 ὑδατος
3355 4137 3676 4209 γινομένην,
3705 4139 3790 4192 διὰ

2198 4217 2299 4289 τὴν
2330 4218 2438 4273 τῶν
2467 4222 2657 4290 ἀτμῶν
2690 4221 2963 4290 ἀνάδοσιν,
2993 4225 3135 4279 κατὰ
3161 4227 3224 4280 τὸ
3254 4224 3373 4282 ἴσον
3407 4231 3786 4302 μαρτύρεται·

2203 4306 2332 4362 ἴδιον
2363 4309 2471 4381 γὰρ
2495 4313 2597 4381 τῆς
2623 4311 2732 4366 τῶν
2760 4312 2903 4367 ἀλῶν
2933 4315 3149 4384 φύσεως
3179 4319 3213 4389 ἡ
3251 4318 3485 4391 ξηρότης
3517 4323 3695 4377 ἐστίν.
3730 4325 3789 4378 Εἰ

2199 4397 2256 4452 δέ
2277 4400 2418 4454 κατὰ
2444 4401 2507 4454 τὸ
2527 4397 2644 4456 ἴσον
2669 4405 2702 4472 ἡ
2732 4404 2953 4474 ποιότης
2972 4405 3110 4479 αὕτη
3139 4407 3274 4478 πρὸς
3298 4411 3478 4463 πᾶσαν
3504 4412 3788 4468 θάλασσαν

2199 4491 2590 4564 ἀνακέκραται,
2618 4496 2725 4567 ἄρα
2759 4498 2961 4565 ὁμοίως
2988 4501 3047 4553 ἐν
3086 4502 3250 4553 παντὶ
3292 4502 3448 4573 μέρει
3482 4504 3543 4557 τὸ
3584 4507 3788 4579 ἑαυτῆς

2203 4586 2492 4656 ἐνεργήσει
2526 4590 2558 4659 ἡ
2600 4589 2769 4660 ἆλμη.
2808 4590 2966 4645 Πᾶσα
3001 4590 3110 4663 γάρ
3155 4592 3317 4662 φύσις
3347 4594 3409 4647 τὸ
3448 4596 3788 4670 κατάλληλον

526 4676 673 4740 agat.
706 4667 844 4724 Nam
871 4678 931 4724 ut
959 4670 1103 4740 ignis
1134 4672 1405 4740 accendit,
1453 4681 1507 4728 et
1553 4673 1650 4728 nix
1698 4674 2008 4744 refrigerat,
2045 4680 2098 4729 et

2204 4679 2272 4747 τῇ
2298 4651 2417 4749 ϋὶδίᾲ
2441 4651 2686 4750 δυνάμει,
2701 4651 2918 4746 πάντως
2946 4651 3257 4752 ἐργάζεται.
3298 4651 3390 4749 ζος
3417 4686 3525 4758 γὰρ
3555 4651 3707 4744 καίει
3732 4651 3789 4744 τδ

523 4761 631 4816 mel
658 4760 842 4815 dulcia
869 4761 1067 4827 reddit,
1119 4762 1195 4817 ita
1225 4764 1308 4819 sal
1349 4763 1614 4820 exsiccat.
1651 4764 1923 4831 Quocirca
1972 4780 2099 4820 cum

525 4850 733 4921 passim
766 4864 865 4921 per
907 4850 1094 4906 omnia
1138 4852 1315 4907 maria
1361 4854 1493 4910 salis
1524 4854 1860 4911 exsiccativa
1899 4864 2099 4911 natura

525 4938 600 4997 sit
632 4938 950 5006 distributa,
980 4940 1061 4995 sic
1094 4940 1161 4996 ad
1193 4941 1411 4998 facilem
1440 4959 1704 5014 vaporum
1730 4944 2096 5016 digestionem

523 5029 897 5100 prospiciente
937 5029 1123 5085 divina
1159 5031 1468 5102 sapientia;
1505 5049 1699 5115 omnes
1726 5036 1874 5091 enim
1908 5047 2097 5105 partes

523 5137 683 5193 aqum
707 5130 903 5179 tenues
942 5122 1027 5177 sal
1060 5124 1462 5196 quodammodo
1490 5127 1756 5191 excludit,
1801 5137 1968 5200 atque
2004 5145 2101 5185 ex-

526 5213 681 5282 pellit
706 5228 737 5268 e
775 5214 935 5280 mari,
959 5214 1164 5286 quippe
1189 5213 1335 5286 quod
1362 5216 1678 5274 dominetur
1707 5219 1933 5275 humido
1967 5236 2101 5292 pro-

527 5313 647 5373 pter
693 5304 915 5362 insitam
975 5314 1188 5361 natura:
1248 5307 1550 5363 siccitatem
1583 5328 1596 5366 :
1630 5325 1744 5364 non
1798 5311 2100 5367 absurdum

525 5402 614 5449 est
668 5396 1008 5466 existimare,
1047 5398 1389 5468 aequabiliter
1426 5400 1668 5471 undique
1714 5400 2096 5459 bumiditatem

529 5486 802 5553 consumi,
828 5503 982 5544 mare
1010 5505 1107 5559 per
1127 5503 1358 5559 vapores
1378 5490 1745 5547 exbauriente
1775 5493 2097 5560 aere.Quod

531 5581 713 5627 autem
742 5575 921 5630 omnis
942 5591 1139 5634 aereus
1178 5578 1379 5634 humor
1403 5578 1458 5633 in
1489 5580 1735 5637 nubibus
1774 5581 1893 5652 ﬁat,
1932 5591 2098 5661 atque

554 5841 558 5844 ἠ
603 5749 683 5824 (α)
707 5750 980 5835 interpres
1011 5755 1162 5829 legit,
1192 5759 1565 5831 ὑπερκαίοιτο.
1590 5759 1747 5817 Ent'r.

2209 4767 2341 4838 πῦρ,
2374 4770 2469 4825 καὶ
2498 4771 2531 4841 ή
2574 4771 2709 4842 χιὼν
2731 4773 2915 4844 ψύχει,
2946 4776 3040 4829 καὶ
3065 4776 3346 4843 γλυκαίνει
3370 4779 3433 4832 τὸ
3467 4780 3613 4849 μέλι,
3643 4782 3789 4836 οὕτω

2162 4932 2169 4937 Ι
2207 4859 2302 4910 καί
2340 4859 2390 4912 oi
2438 4858 2567 4926 ἅλες
2614 4860 2981 4934 ξηραίνουσιν.
3022 4865 3231 4919 Οὐκοῦν
3273 4867 3460 4939 ἐπειδὴ
3507 4872 3787 4942 πανταχοῦ

2206 4951 2320 5011 τοῖς
2347 4950 2638 5021 πελάγεσιν
2664 4954 2697 5025 ἡ
2730 4953 3027 5035 ξηραντικὴ
3058 4957 3165 5012 τῶν
3192 4958 3334 5013 ἀλῶν
3365 4950 3788 5033 συγητὶμέμι-

2206 5059 2332 5096 κται
2359 5043 2539 5113 φύσις,
2560 5046 2729 5108 ,τοῦτο
2757 5048 2890 5120 πρὸς
2916 5050 3167 5104 εὐκολίαν
3188 5052 3286 5120 τῆς
3313 5052 3424 5106 τῶν
3444 5054 3641 5124 ἀτμῶν
3663 5058 3787 5110 ἀνα-

2204 5135 2402 5199 δόσεως
2428 5137 2527 5206 τῆς
2560 5137 2711 5202 θείας
2741 5141 2932 5209 σοφίας
2956 5143 3348 5216 προειδομένης
3374 5151 3391 5214 (
3413 5146 3655 5200 ἐκθλίόει
3682 5150 3788 5220 γάρ

2208 5243 2325 5288 πως
2356 5227 2450 5279 καὶ
2478 5227 2755 5294 ἐξωθεῖται
2781 5231 2878 5300 τῆς
2906 5230 3183 5302 θαλάσσης
3218 5236 3326 5288 πᾶν
3355 5234 3417 5287 τὸ
3451 5233 3787 5306 λεπτομερὲς

2210 5314 2304 5368 τοῦ
2346 5315 2538 5382 ὕδατος
2579 5320 2613 5390 ἠ
2655 5318 2838 5391 ἅλμη,
2886 5320 2975 5374 διὰ
3015 5322 3116 5391 τῆς
3148 5324 3475 5394 ἐγκειμένης
3519 5326 3590 5396 τῇ
3626 5324 3788 5395 φύσει

2206 5405 2503 5478 ξηρότητος
2551 5410 2693 5463 κατὰ
2734 5409 2829 5464 τοῦ
2880 5412 3048 5485 ὑγροῦ
3103 5414 3542 5486 δυναστεύουσα)
3565 5431 3580 5446 °
3631 5416 3789 5470 οὐδὲν

2206 5497 2310 5561 ἔξω
2356 5500 2450 5555 τοῦ
2503 5502 2712 5566 εἰκότος
2762 5505 2911 5558 ἐστὶν
2955 5505 3151 5576 ἐπίσης
3192 5506 3398 5561 οἴεσθαι
3448 5509 3787 5578 πανταχόθεν

2208 5589 2556 5667 γίνεσθαιτῷ
2584 5594 2737 5669 ὑγρῷ
2777 5596 2873 5673 τὴν
2905 5597 3171 5671 δαπάνην,
3203 5598 3298 5656 θ’οοῦ
3348 5601 3509 5672 ἀέρος
3551 5601 3642 5665 διά
3680 5602 3787 5657 τῶν
