3880 6356
148 326 230 385 ιιι
1313 341 1382 397 tN
1420 342 1898 407 HEXAEMERON
1935 332 2160 406 LIBER.

3293 363 3399 423 102

151 448 315 520 ἀτμῶν
353 447 665 520 ἀρυομένου
697 452 800 524 τὴν
833 453 1129 513 θάλασσαν.
1177 458 1337 514 ’Λλλά
1372 463 1481 535 μὴν
1511 463 1573 518 τὸ
1605 466 1693 520 πᾶ·

1816 465 1941 522 inde
1968 469 2167 539 pluviae
2213 469 2271 525 in
2322 477 2526 529 terram
2570 474 2849 542 decidant,
2901 484 2956 533 et
2986 492 3090 536 nos
3139 484 3399 552 superius

153 559 234 596 σαν
269 541 360 613 τὴν
393 543 643 614 ἐναέριον
691 546 895 615 ίκμάδα
929 546 1090 616 νέφος
1127 548 1413 618 γίνεσθαι,
1454 555 1710 611 κάκεῖθεν

152 633 366 704 ἐπιρρεῖν
398 637 530 699 τοὺς
578 635 828 709 ὄμϐρους
862 641 929 710 τῇ
972 643 1063 711 γῇ,
1104 641 1134 695 ὅ
1171 659 1233 695 τε
1284 644 1571 714 προλαϐὼν
1605 648 1711 703 ἀπ-

147 724 294 789 έδειξε
320 724 510 794 λόγος,
553 728 654 781 καὶ
685 730 719 800 ἡ
763 730 1069 802 προφητεία
1104 732 1347 788 διδάσκει
1382 734 1460 807 τῷ
1498 736 1617 809 Θεῷ
1649 737 1709 792 τὸ

147 815 355 872 τοιοῦτον
375 817 532 888 ἔργον
552 820 897 889 ἀνατιθεῖσα,
917 823 975 875 ἐν
994 816 1075 886 οἷς
1093 840 1278 894 φησιν,
1299 824 1381 878 ὅτι
1413 844 1431 877 ι
1455 821 1518 878 ’0
1544 843 1711 898 προσ-

149 907 444 979 καλοὺμενος
476 909 537 963 τὸ
573 908 724 981 ὓδωρ
753 912 853 981 τῆς
883 910 1180 985 θαλάσσης,
1210 914 1306 968 καὶ
1338 915 1544 986 ἐκχέων
1575 913 1707 969 αὐτὸ

150 998 266 1052 κατά
307 1000 591 1069 πρόσωπον
640 1000 746 1073 τῆς
795 1003 923 1072 γῆς,
966 1020 988 1057 ι
1014 1005 1130 1067 ,καὶ
1177 1005 1313 1059 ἄλλα
1360 1006 1550 1061 πολλά.
1595 1006 1707 1062 Καὶ

147 1089 197 1143 τὸ
225 1090 537 1155 ἐξοπτᾶσθαι
574 1093 762 1147 πάντα
798 1094 868 1148 τὰ
906 1097 1040 1168 νέφη
1070 1100 1133 1150 ἐκ
1164 1098 1264 1167 τῆς
1300 1099 1707 1173 ὑπερκειμένης

150 1181 468 1255 θερμότητος,
498 1186 596 1239 καὶ
623 1189 709 1251 εἰς
731 1186 792 1241 τὺ
821 1188 1084 1252 παντελὲς
1113 1170 1579 1259 καταφρύγεσθαι,
1609 1170 1705 1245 καὶ⁸

148 1273 278 1326 τοῦτο
304 1274 387 1328 διὰ
429 1279 528 1348 τῆς
561 1278 851 1349 ἐνεργείας
892 1280 1193 1351 ἐμάθομεν.
1231 1281 1491 1337 Λείπεται
1523 1282 1704 1338 τοίνυν

150 1367 212 1437 μὴ
241 1367 606 1440 παραδραμεῖν
645 1371 749 1443 τὴν
778 1371 1089 1435 ἀκολούθως
1117 1365 1537 1430 ἀνακύπτουσαν
1571 1378 1702 1447 ἡμῖν

149 1460 202 1512 ἐκ
220 1459 314 1513 τῶν
337 1461 645 1533 εἰρημένων
671 1463 962 1519 ἀντίθεσιν.
1013 1466 1161 1537 Ἐρεῖ
1183 1466 1290 1537 γάρ
1316 1485 1399 1531 τις
1429 1470 1545 1533 τοῖς
1575 1486 1704 1538 προ-

150 1548 500 1622 εξητασμένοις
532 1554 807 1625 ἑπόμενος
827 1594 840 1619 ,
872 1556 952 1609 ὅτι
988 1550 1145 1611 Κατὰ
1175 1558 1234 1611 τὸ
1261 1558 1352 1610 ἐπὶ
1385 1558 1479 1612 τοῦ
1518 1560 1699 1614 ἐλαίου

149 1643 413 1715 ὑπόδειγμα
449 1645 880 1717 μεμαθήκαμεν,
910 1648 972 1700 τὸ
998 1649 1094 1719 μὲν
1128 1648 1310 1701 ὑλικὸν
1343 1651 1438 1703 τοῦ
1476 1650 1694 1705 ὑποκειο

150 1733 285 1804 μένου
315 1737 405 1789 καὶ
431 1737 568 1807 μετά
602 1738 707 1810 τὴν
736 1737 1024 1809 ἐξόπτησιν
1061 1741 1134 1811 μὴ
1177 1740 1542 1808 ἀπόλλυσθαι,
1583 1742 1700 1796 ἀλλ’

1811 557 2180 627 ostendimus,
2205 571 2261 617 et
2294 564 2580 634 prepbetia
2612 582 2751 638 opus
2782 567 3060 640 ejusmodi
3086 569 3199 627 Deo
3227 574 3398 630 tribui

1811 649 1976 706 docet
2011 652 2099 708 his
2132 654 2335 719 verbis,
2378 656 2571 715 dicens
2608 677 2622 714 :
2665 678 2684 712 ε
2710 659 2814 727 Qui
2852 669 3017 717 vocat
3045 677 3246 734 aquam
3277 679 3398 719 ma-

1809 742 1908 807 ris,
1941 750 1999 799 et
2026 743 2210 800 fundit
2245 762 2365 803 eam
2402 765 2569 821 super
2603 751 2800 808 faciem
2825 754 3067 811 terrae".
3095 774 3115 807 ι
3167 755 3236 809 Et
3265 771 3393 811 cum

1808 834 1917 888 alia
1950 837 2147 903 multa,
2193 848 2308 894 tum
2355 842 2532 899 nubes
2566 858 2596 896 a
2640 844 2928 914 superiore
2972 846 3256 902 caliditate
3295 861 3393 902 ac-

1809 925 1993 990 cendi,
2025 934 2081 981 et
2126 928 2346 998 penitus
2371 931 2636 988 exsiccari
2672 934 2856 1003 reipsa
2880 933 3396 1003 didicimus.Quare

1807 1028 1919 1068 non
1966 1025 2052 1071 est
2123 1021 2503 1088 praetereunda
2554 1024 2806 1091 quaestio,
2852 1041 2976 1095 quae
3016 1026 3178 1082 nobis
3200 1043 3267 1083 ex
3322 1027 3394 1083 iis

1807 1122 1930 1177 quae
1955 1106 2102 1163 dicta
2136 1118 2287 1178 sunt,
2322 1112 2517 1170 ordine
2561 1117 2827 1171 occurrit.
2876 1117 2967 1172 Sic
2993 1117 3141 1173 enim
3186 1119 3394 1189 aliquis

1804 1198 2072 1270 objiciat:
2107 1200 2184 1256 Ex
2225 1215 2658 1261 commemorato
2693 1208 2799 1262 olei
2829 1210 3080 1281 exemplo
3119 1209 3396 1266 intellexi-

1805 1305 1950 1356 mus,
1992 1295 2280 1348 materiam
2309 1296 2616 1367 subjectam
2670 1300 2837 1354 etiam
2873 1309 2999 1370 post
3046 1302 3392 1358 combustio-

1805 1396 1927 1438 nem
1958 1399 2068 1438 non
2102 1385 2331 1453 aboleri,
2361 1388 2456 1443 sed
2488 1389 2541 1444 in
2568 1404 2747 1447 aerem
2767 1391 3044 1459 secedere,
3069 1392 3393 1465 atqueignis

1802 1474 1855 1528 vi
1895 1475 1947 1528 in
1977 1487 2181 1531 terram
2220 1479 2417 1550 redigi,
2443 1495 2509 1536 eo
2544 1495 2892 1552 consumpto,
2930 1485 3076 1554 quod
3111 1485 3234 1556 ejus
3263 1502 3393 1556 qua-

1810 1565 1951 1619 litati
1978 1569 2322 1623 contrarium
2355 1578 2497 1625 erat.
2545 1572 2913 1638 Quamobrem
2941 1576 3036 1645 qui
3071 1585 3253 1647 potest
3284 1578 3390 1635 hu~

1804 1657 1951 1711 mida
1977 1664 2175 1713 natura
2210 1675 2427 1730 semper
2462 1662 2772 1731 imminuta,
2818 1674 2982 1736 atque
3022 1667 3233 1739 integra
3265 1685 3394 1739 per-

1810 1760 2055 1809 manere,
2093 1763 2217 1801 cum
2265 1760 2528 1819 vapdrum
2582 1751 2894 1821 humorem,
2933 1763 2992 1809 ut
3048 1756 3391 1813 declaratum

148 1826 212 1889 είς
236 1824 312 1878 τὸν
334 1826 466 1898 ἀέρα
495 1832 841 1899 μεταχωρεῖν
869 1829 955 1884 διὰ
980 1828 1079 1900 τῆς
1102 1830 1194 1883 τοῦ
1222 1833 1393 1903 πυρὸς
1421 1833 1693 1904 ἐνεργείας

1807 1842 1912 1897 est,
1942 1836 2146 1907 ubique
2181 1839 2435 1897 caliditas
2472 1841 2754 1910 arefaciat,
2783 1855 2836 1901 et
2876 1845 2931 1900 in
2959 1847 3166 1902 siccam
3215 1849 3392 1919 quali-

147 1917 528 1989 ἀπογεούμενον.
560 1920 670 1973 Τοῦ
696 1920 754 1973 δὲ
785 1922 951 1994 ὑγροῦ
982 1923 1432 1990 ἐναφανισθέντος
1453 1929 1517 1997 τῇ
1545 1926 1700 1979 ἐναν-

145 2006 219 2079 τίᾳ
244 2009 502 2080 ποιότητι,
535 2011 658 2074 πῶς
691 2010 840 2064 ἔστιν
883 2012 1155 2082 ἀμείωτον
1192 2013 1287 2083 τὴν
1322 2015 1492 2083 ὑγρὰν
1539 2017 1698 2085 φύσιν

145 2100 287 2151 εἰσαεὶ
315 2099 605 2172 διαμένειν,
650 2104 885 2157 πάντοτε
930 2104 1030 2174 τῆς
1072 2104 1283 2176 θερμῆς
1327 2107 1513 2171 οὐσίας
1555 2109 1613 2162 τὸ
1642 2111 1698 2162 ἐν

141 2192 235 2255 τοῖς
274 2192 455 2264 ἀτμοῖς
494 2194 676 2266 ὑγρὸν
724 2197 1231 2267 καταφρυττούσης,
1266 2200 1358 2253 καὶ
1404 2203 1485 2263 εἰς
1528 2201 1701 2272 ξηρὰν

144 2283 546 2358 μεταϐαλλούσης
586 2287 888 2359 ποιότητα,
937 2286 1120 2353 καθὼς
1161 2292 1193 2361 ἡ
1237 2289 1440 2362 θεωρία
1469 2293 1608 2346 κατὰ
1641 2293 1698 2346 τὸ

143 2374 392 2430 ἀκόλουθον
430 2378 520 2431 διὰ
558 2378 678 2431 τῶν
710 2379 1092 2450 ἐξητασμένων
1133 2381 1453 2449 ἀπέδειξενς
1498 2384 1562 2435 Εἰ
1605 2379 1698 2437 οὖν

142 2468 446 2540 ἐξατμίζεται
491 2473 590 2543 μὲν
644 2472 703 2525 τὸ
735 2473 919 2544 ὑγρὸν,
966 2474 1237 2538 εὐάλωτος
1272 2474 1327 2528 δὲ
1371 2475 1578 2543 γίνεται
1621 2475 1698 2545 τῷ

142 2558 297 2631 θερμῷ
319 2563 347 2633 ἡ
370 2563 627 2634 ὑγρότης,
661 2563 740 2627 εἰς
760 2564 827 2618 τὰ
843 2563 900 2617 λε
912 2565 1015 2619 τττά
1034 2584 1091 2618 τε
1116 2567 1210 2618 καὶ
1230 2565 1408 2637 ἀμερῆ
1435 2566 1699 2637 τμήματα

140 2651 211 2704 διὰ
234 2652 326 2705 τῶν
352 2655 536 2726 ἀτμῶν
568 2655 902 2727 μερισθεῖσα
922 2675 935 2687 ·
976 2658 1193 2728 ἀνάγκη
1225 2659 1395 2721 πᾶσα,
1435 2657 1570 2728 πρὸς
1599 2657 1698 2729 τὴν

143 2742 286 2816 ξηρὰν
318 2747 570 2818 ποιότητα
599 2733 899 2818 ’σοῦ’ὑγροῦ
931 2748 1366 2819 μεταϐαίνοντος,
1400 2748 1697 2819 ἀληθέστε-

145 2853 218 2905 ρον
241 2839 428 2892 ἐκεῖνον
462 2839 553 2893 τὸν
599 2838 767 2908 λόγον
807 2839 1042 2905 οἴεσθαι,
1081 2842 1163 2894 ὅτι
1212 2841 1328 2893 ἐστί
1372 2858 1455 2903 τις
1490 2839 1696 2893 ὑδάτων

142 2929 423 2999 raptanda,
464 2933 497 3003 ἡ
530 2932 624 2984 ἀεὶ
656 2931 1045 3002 ἀναπληροῦσα
1082 2931 1142 2985 τὸ
1173 2934 1236 2985 ἐκ
1274 2931 1369 2984 τοῦ
1405 2932 1574 3003 πυρὸς
1605 2933 1698 2985 δα-

141 3019 453 3090 πανώμενον.
496 3024 669 3086 Ἴσως
712 3021 756 3074 δ’
801 3022 865 3075 ἄν
900 3041 1023 3076 τινα
1062 3024 1158 3076 καὶ
1203 3023 1510 3095 μαρτυρίαν
1559 3022 1700 3092 πρὸς

139 3109 220 3180 τὴν
268 3111 503 3184 τοιαύτην
553 3112 832 3184 ὑπόληψιν
869 3113 977 3166 ἀπδ
1030 3114 1132 3184 τῆς
1171 3114 1397 3184 Γραφῆς
1452 3112 1698 3184 παραλά-

1804 1935 1968 1983 tatem
1995 1933 2320 1986 convertat?
2380 1933 2512 1997 Cur,
2575 1950 2699 1989 cum
2760 1936 3045 1992 humidum
3084 1938 3389 2004 exhaletur,

1800 2027 1855 2074 et
1879 2020 2058 2075 calido
2086 2029 2196 2076 tam
2230 2024 2300 2079 sit
2330 2025 2651 2090 obnoxium,
2684 2036 2743 2082 ut
2773 2029 2828 2083 in
2860 2031 3070 2095 tenuia,
3102 2039 3271 2103 atque
3304 2032 3391 2087 in-

1801 2110 2024 2165 dividua
2068 2115 2402 2183 corpuscula
2438 2132 2532 2185 per
2570 2133 2801 2187 vapores
2828 2120 3128 2176 dissectum
3169 2123 3225 2177 in
3276 2124 3390 2178 ari-

1799 2199 1923 2254 dam
1954 2205 2276 2271 qualitatem
2309 2210 2374 2262 ab
2404 2222 2468 2263 eo
2508 2224 2737 2266 necesse
2767 2211 2839 2267 sit
2876 2215 3229 2282 commutari,
3276 2231 3389 2272 non

1799 2308 1863 2349 ea
1922 2295 2106 2349 verior
2164 2297 2513 2355 existimetur
2581 2302 2788 2370 opinio,
2836 2318 2957 2372 quae
3015 2306 3215 2359 asserit
3265 2320 3390 2362 esse

1800 2385 2095 2454 quamdam
2133 2402 2400 2456 aquarum
2435 2391 2671 2461 copiam,
2723 2408 2829 2462 qua
2856 2409 3073 2464 semper
3108 2395 3391 2453 instaure-

1799 2485 1911 2541 tur,
1943 2486 1995 2531 et
2019 2477 2319 2534 snﬁiciatur
2357 2482 2408 2536 id
2441 2483 2589 2552 quod
2624 2485 2692 2538 ab
2726 2485 2848 2555 igne
2880 2498 3274 2558 consumptum
3320 2503 3390 2544 ac

1798 2566 2143 2637 deperditum
2199 2572 2324 2626 est?
2370 2575 2671 2643 prmscrtim
2716 2593 2840 2631 cum
2882 2576 3183 2648 Scripturze
3232 2580 3390 2635 testi—

1798 2661 1985 2715 monio
2009 2661 2319 2717 conﬁrmari
2356 2667 2553 2735 possit,
2594 2683 2715 2738 quae
2746 2668 2910 2723 tradit
2942 2678 3162 2738 apertas
3212 2670 3390 2728 fuisse

1798 2757 2104 2804 cataractas
2160 2753 2369 2819 cmli",
2436 2770 2558 2808 cum
2639 2757 2798 2824 aquis
2852 2756 3140 2812 altissimis
3194 2771 3388 2813 omnes

1800 2841 2064 2894 montium
2117 2844 2349 2899 vertices
2401 2846 2791 2915 superantibus
2839 2846 3118 2916 submergi
3178 2854 3388 2902 terram

1798 2941 2097 3001 Oporteret.
2133 2934 2244 2989 lloc
2276 2953 2375 3006 ego
2414 2938 2715 3011 Scripturze
2766 2938 3145 2994 testimonium
3198 2939 3381 2995 dicam

1799 3024 1905 3078 alio
1963 3026 2210 3095 ejusdem
2265 3030 2565 3098 Scriptura:
2605 3030 2918 3085 testimonio
2967 3031 3139 3087 refelli
3192 3047 3384 3103 posse.

1801 3114 1952 3168 Solet
1985 3117 2131 3170 enim
2182 3116 2367 3171 divina
2422 3118 2706 3190 Scriptura
2746 3135 2777 3174 a
2811 3121 3036 3190 propria
3085 3122 3386 3178 verborum

140 3202 239 3255 θοι·
280 3205 335 3256 τὸ
385 3206 678 3276 ἀνοιγῆναι
739 3206 865 3269 τοὺς
933 3206 1323 3279 καταρράκτας
1380 3205 1473 3258 τοῦ
1536 3206 1687 3274 01391-

1803 3207 2204 3277 siguiticationc
2257 3209 2532 3265 recedere.

139 3293 246 3360 νοῦ,
289 3296 368 3349 ὅτε
422 3296 762 3368 ὑποΰρύχιον
812 3296 914 3350 ἔδει
970 3297 1224 3365 γενέσθαι
1274 3297 1371 3367 τὴν
1410 3298 1543 3367 γῆν,
1586 3297 1766 3368 πάσης
1824 3298 1966 3369 ὀρῶν
2022 3301 2268 3371 κορυφῆς
2355 3303 2450 3357 ἐπὶ
2477 3302 2732 3358 πλεῖστον
2767 3304 2965 3375 βάθους
3025 3307 3388 3379 ὑπερέχοντος

139 3383 214 3435 τοῦ
242 3384 435 3450 ὓδατος.
470 3386 615 3441 ’.ἁλλ’
649 3386 759 3455 ἐγὼ
787 3386 883 3457 τὴν
916 3386 1014 3458 μὲν
1044 3388 1321 3459 γραφικὴν
1352 3386 1624 3440 ἀντίθεσίν
1655 3405 1797 3458 φημι
1836 3387 2060 3443 δυνατὸν
2090 3385 2228 3445 εἶναι
2251 3390 2341 3446 διὰ
2375 3392 2597 3467 Γραφῆς
2628 3394 2823 3465 ἐτέρας
2857 3398 3385 3470 παραμυθήσασθαι·

140 3470 236 3528 οἶδα
272 3478 371 3547 γὰρ
394 3474 489 3551 τὴν
524 3478 871 3550 κατάχρησιν
904 3478 1011 3531 τῶν
1046 3478 1204 3534 θείων
1240 3479 1502 3550 ῥημάτων
1536 3479 1627 3531 ἐπὶ
1657 3478 1758 3548 τῆς
1784 3482 2057 3551 γραφικῆς
2084 3483 2390 3552 συνηθείας.

194 3570 251 3624 Τί
309 3577 557 3644 σημαίνει
621 3574 712 3628 διὰ
774 3573 867 3627 τοῦ
918 3574 1146 3640 ἀνοῖξαι,
1208 3577 1302 3629 καὶ
1356 3576 1408 3628 τί
1460 3576 1550 3630 διὰ
1602 3576 1695 3630 τοῦ

140 3660 318 3718 κλεῖσαι
369 3668 735 3734 ἐνδείκνυται;
776 3666 945 3737 Δῆλον
978 3668 1086 3739 γὰρ
1133 3668 1217 3721 ὃτι
1266 3669 1328 3721 τὸ
1384 3668 1696 3739 κλειόμενον

138 3754 407 3823 ἀνοίγεται,
438 3758 531 3812 καὶ
560 3759 628 3811 τὸ
662 3758 1013 3829 ἀνοιγόμενον
1060 3759 1324 3813 κλείεται.
1378 3759 1532 3813 Ἐπεὶ
1575 3755 1690 3826 οὖν,

137 3844 282 3913 ἀτμοῦ
326 3836 458 3901 ’ποτε
517 3850 671 3903 κατά
728 3851 852 3913 τοὺς
909 3850 1136 3920 χρόνους
1206 3850 1383 3904 Ἡλίου
1459 3852 1692 3923 ἐπικρα-

134 3935 338 4002 τοῦντος,
360 3940 496 3994 οὕτω
518 3941 689 4013 φησὶν
711 3942 744 4012 ἡ
770 3940 979 4013 Γραφὴ,
1007 3941 1087 3994 ὅτι
1120 3962 1135 3993 ι
1166 3942 1448 4014 Ἐκλείσθη
1465 3945 1492 3995 ὀ
1521 3943 1688 4012 οὐρα-

137 4022 208 4087 νὸς
232 4029 311 4081 ἐπὶ
342 4029 430 4102 ἐτη
462 4032 595 4103 τρία
629 4033 723 4086 καὶ
755 4033 926 4104 μῆνας
960 4032 1038 4098 ’έξσ
1072 4053 1089 4085 ι
1118 4033 1275 4087 τοῦτο
1300 4029 1451 4105 οἶμαι
1476 4033 1567 4086 τοῦ
1590 4035 1683 4087 οὐ·

133 4116 269 4185 ρανοῦ
305 4120 426 4186 τοὺς
462 4119 856 4194 καταρράκτας
882 4123 1151 4194 ὴνεῷχθαι
1188 4124 1281 4177 τὸν
1319 4125 1415 4194 τῆς
1458 4125 1498 4177 Γ
1504 4126 1683 4197 ραφῆς
1732 4164 1751 4185 ,ι

131 4204 260 4276 λόγον
283 4212 471 4281 λέγειν,
506 4215 586 4279 ὡς
619 4214 873 4286 ἐκλείσθη
901 4217 956 4268 ἐν
983 4215 1062 4287 τῷ
1096 4217 1196 4287 τῆς
1227 4215 1528 4287 ἀνομϐρίας
1556 4234 1678 4270 και-

131 4300 210 4371 ρῷ.
252 4305 399 4363 Ἄ).λά
435 4308 547 4380 μὴν
587 4307 712 4360 τότε
745 4307 830 4362 διὰ
868 4306 968 4379 τῆς
1002 4309 1309 4380 προσευχῆς
1338 4308 1433 4362 τοῦ
1475 4310 1678 4375 Ἠλίου,

129 4391 259 4460 νέφος
278 4398 337 4451 ἐκ
362 4399 461 4470 τῆς
491 4399 771 4471 θαλάσσης
802 4400 1092 4470 ἀναφανὲν,
1126 4400 1217 4454 τὸν
1246 4401 1472 4473 οὐρανὸν
1499 4402 1682 4467 αὐτοῖς

126 4481 197 4537 διὰ
226 4487 315 4557 τῆς
350 4489 666 4564 ἐπομϐρίας
694 4490 923 4563 ἤνοιξεν.
963 4492 1108 4563 ’Ἄρα
1133 4490 1324 4561 σαφῶς
1357 4492 1682 4547 ἀποδείκνυ-

125 4590 199 4628 ται
222 4578 301 4633 διὰ
340 4582 570 4648 τούτων,
607 4582 668 4635 τὸ
707 4582 838 4654 μηδὲ
875 4583 997 4636 τότε
1027 4583 1087 4637 τὸ
1126 4583 1413 4657 στερέωμα
1454 4583 1551 4638 τοῦ
1589 4585 1682 4638 οὐ-

127 4669 264 4736 ρανοῦ
309 4672 642 4746 δωσχισθέν,
697 4677 762 4729 ἐκ
816 4675 927 4729 τῶν
976 4675 1336 4747 ὑπερκεῖσθαι
1376 4674 1686 4746 λεγομένων

125 4757 301 4817 ὑδάτων
323 4767 673 4841 καταρρῆξαι
712 4767 801 4820 τὸν
840 4766 1066 4839 ὄμϐρον,
1099 4766 1216 4822 ἀλλ’
1248 4769 1476 4839 οὐρανὸν
1504 4767 1682 4836 λέγει,

120 4848 197 4903 τὸν
240 4856 511 4926 περίγειον
557 4857 733 4930 ἀέρα,
774 4858 864 4911 τὸν
908 4857 1161 4929 ὁρίζοντα
1198 4861 1311 4924 τοῖς
1344 4860 1539 4931 ἀτμοῖς
1584 4857 1684 4930 τὴν

122 4944 302 5011 στάσιν,
332 4948 472 5019 ὅπερ
498 4952 619 5004 ἐστὶ
649 4951 744 5022 τῆς
767 4950 1280 5024 λεπτομερεστάτης
1306 4951 1400 5005 τοῦ
1426 4952 1685 5023 ὑπερκει-

123 5034 262 5104 μένου
304 5041 429 5113 ὅρος
460 5042 701 5113 φύσεως
737 5043 853 5114 μεθ’
885 5042 943 5097 ὃν
965 5044 1223 5117 οὐδεμίαν
1273 5044 1502 5116 δύναμιν
1546 5044 1684 5115 πρὸς

119 5127 201 5196 τὴν
225 5132 400 5188 ἄνοδον
432 5134 554 5206 ἔχει
592 5133 700 5188 τῶν
736 5135 1178 5208 ἐμϐριθεστέρων
1210 5136 1386 5200 οὐδὲν,
1415 5136 1476 5190 οὐ
1500 5136 1682 5205 νέφος,

120 5217 169 5271 οὗ
199 5224 421 5298 πνεῦμα,
457 5228 565 5282 οὐκ
597 5227 791 5299 ἀτμὸς,
824 5229 925 5283 οὐκ
958 5228 1353 5302 ἀναθυμίασις,
1374 5229 1472 5300 οὐχ
1502 5231 1535 5300 ὴ
1574 5227 1683 5283 τῶν

120 5312 310 5384 πτηνῶν
358 5319 546 5389 φύσις.
604 5321 679 5373 Τὸ
729 5316 821 5375 οὖν
866 5322 1009 5394 ὑπὲρ
1068 5320 1314 5391 κεφαλῆς
1352 5320 1597 5391 συνήθως
1645 5322 1679 5390 ἢ

120 5399 281 5479 Γραφὴ
295 5410 528 5483 οὐρανὸν
545 5411 714 5480 λέγει,
741 5432 759 5463 ι
786 5414 844 5466 οὐ
853 5414 1014 5491 ροινοῦ
1031 5414 1256 5470 πετεινά
1277 5433 1295 5465 ι
1321 5413 1575 5481 λέγουσα,
1590 5413 1682 5466 τὸν

121 5492 234 5564 ἀέρα
253 5500 440 5556 τοῦτον
468 5502 859 5575 διαπετόμενα.
900 5504 1039 5558 Ἀλλ’
1078 5506 1127 5558 εί
1161 5506 1254 5560 καὶ
1281 5504 1453 5558 ταῦτα
1492 5503 1680 5558 τοῦτον

120 5580 213 5657 ἔχει
241 5590 325 5647 τὸν
374 5596 605 5671 τρόπον,
634 5597 787 5653 οὔπω
838 5598 899 5652 τὸ
945 5599 1130 5674 ἕτερον
1158 5603 1187 5654 ὁ
1221 5600 1378 5670 λόγος
1408 5601 1541 5672 ἡμῖν
1572 5600 1676 5654 ὑπ-

1873 3576 2013 3642 Quid
2051 3578 2217 3646 igitur
2256 3595 2354 3648 per
2377 3580 2593 3650 aperire
2629 3590 2683 3637 et
2738 3582 2997 3640 claudere
3055 3585 3184 3639 velit
3228 3586 3387 3641 intel-

1801 3666 1896 3734 ligi
1951 3669 2386 3725 consideremus.
2441 3670 2515 3724 Ba
2564 3672 2823 3728 nimirum
2858 3676 3207 3744 aperiuntur,
3261 3693 3387 3747 quae

1797 3758 1987 3812 clausa
2026 3770 2173 3824 sunt,
2198 3769 2249 3814 ct
2285 3777 2406 3829 quae
2427 3770 2557 3816 sunt
2585 3772 2792 3832 aperta,
2823 3764 3180 3819 clauduntur.
3218 3766 3385 3822 Tem—

1796 3847 2032 3918 poribus
2064 3849 2231 3920 igitur
2265 3849 2398 3906 Elize
2427 3868 2550 3905 cum
2584 3852 2710 3907 olim
2744 3868 2940 3925 magna
2964 3854 3188 3911 siccitas
3212 3866 3382 3926 esset,
3438 3914 3447 3923 ,

1795 3957 1859 3996 ca
1902 3957 1992 3997 res
2053 3942 2108 3997 in
2165 3942 2453 4014 Scriptura
2506 3944 2660 4001 hisce
2712 3947 2895 4002 verbis
2943 3954 3029 4002 est
3068 3947 3378 4018 explicata:

1799 4053 1816 4085 ι
1847 4033 2112 4091 Clausum
2150 4045 2237 4091 est
2287 4037 2489 4092 cmlum
2546 4038 2711 4094 annis
2742 4039 2940 4104 tribus,
2991 4046 3047 4095 et
3093 4041 3381 4097 mensibus

1793 4144 1892 4184 sex
1916 4129 1983 4184 ³⁰.
2018 4148 2036 4181 ι
2066 4127 2248 4195 Quare
2270 4144 2333 4183 ea
2370 4127 2668 4201 Scriptura:
2695 4132 2966 4195 oratione,
2987 4147 3095 4202 qua
3119 4131 3383 4187 dicuntur

1792 4204 1996 4290 apertae
2033 4229 2327 4276 cataracta:
2368 4223 2517 4285 coeli,
2572 4223 2876 4293 signiﬁcari
2911 4224 3154 4280 arbitror
3196 4225 3378 4295 ipsum

1791 4312 1992 4366 cmlum
2029 4311 2203 4368 fuisse
2230 4312 2479 4368 clausum
2510 4324 2756 4383 tempore
2793 4316 3083 4373 siccitatis.
3108 4315 3232 4384 Quo
3252 4320 3381 4390 qui-

1791 4403 1917 4459 dem
1950 4412 2200 4475 tempore
2222 4420 2348 4459 cum
2367 4406 2621 4476 precibus
2644 4404 2776 4461 EINB
2808 4408 2982 4463 nubes
3012 4424 3042 4464 e
3070 4411 3210 4465 mari
3242 4412 3380 4469 sub-

1791 4496 1938 4563 lata,
1985 4498 2177 4567 pluvia‘
2208 4497 2450 4554 demissa
2504 4499 2706 4553 coelum
2764 4501 3074 4574 aperuerit,
3133 4510 3378 4570 constat,

1793 4604 1863 4644 ne
1891 4598 2025 4645 tunc
2041 4590 2263 4660 quidem
2292 4590 2638 4647 ﬁrmamento
2668 4593 2793 4648 cmli
2822 4592 3099 4665 disrupto,
3124 4612 3191 4652 ex
3218 4598 3377 4666 aquis

1790 4696 1913 4751 quae
1947 4696 2113 4751 super
2148 4682 2242 4737 illo
2273 4683 2537 4738 dicuntur
2582 4700 2730 4750 esse,
2770 4687 3003 4744 imbrem
3056 4687 3375 4755 deﬂuxisse,

1789 4774 1888 4829 sed
1918 4775 2118 4828 caelum
2149 4775 2413 4844 appellari
2459 4791 2666 4840 aerem,
2729 4780 2824 4847 qui
2870 4788 3077 4834 terram
3126 4781 3378 4836 ambiens

1788 4866 2088 4935 vaporibus
2140 4868 2435 4921 terminum
2495 4865 2798 4935 constituit,
2846 4885 2957 4941 quo
3010 4886 3040 4924 a
3091 4872 3379 4930 subtiliore

1789 4965 1990 5013 natura
2039 4958 2133 5012 illa
2173 4959 2458 5029 superiore
2494 4961 2878 5032 sejungantur,
2918 4963 3063 5017 ultra
3085 4979 3248 5034 quem
3299 4965 3377 5020 ni-

1789 5049 1866 5104 hil
1905 5064 2095 5103 eorum
2122 5066 2242 5121 qua:
2268 5052 2520 5120 graviora
2551 5063 2703 5118 sunt,
2735 5062 2917 5124 potest
2963 5057 3231 5126 aspirare,
3262 5072 3373 5111 non

1788 5142 1987 5205 nubes,
2019 5156 2129 5197 non
2158 5154 2379 5208 ventus,
2427 5160 2538 5199 non
2568 5160 2761 5215 vapor,
2805 5163 2915 5202 non
2939 5148 3243 5213 exhalatio,
3261 5162 3373 5202 non

1734 5287 1743 5296 ,
1787 5233 1922 5305 ipsae
1952 5234 2223 5292 volucres.
2279 5236 2435 5303 Quod
2468 5248 2651 5309 autem
2692 5255 2787 5295 aer
2837 5240 2927 5295 hic
2980 5239 3257 5309 capitibus
3281 5255 3377 5293 no-

1785 5327 1920 5383 stris
1946 5328 2269 5398 impendens
2303 5330 2505 5387 caelum
2542 5332 2596 5386 in
2621 5330 2909 5403 Scriptura
2941 5338 3191 5395 vocetur,
3210 5328 3375 5386 facile

1786 5420 2160 5494 intelligimus,
2191 5421 2320 5477 dum
2350 5424 2404 5477 in
2435 5438 2496 5479 ea
2517 5424 2772 5494 legimus,
2796 5443 2815 5476 ι
2844 5422 3085 5479 volatilia
3116 5421 3371 5477 εωιμί.»

1786 5492 1983 5566 Aerem
2012 5512 2155 5565 enim
2183 5528 2279 5581 per
2302 5528 2366 5569 ea
2390 5529 2511 5584 quae
2538 5492 2595 5568 in
2629 5514 2750 5584 ipso
2777 5513 2985 5578 volant,
3025 5511 3228 5567 cmlum
3258 5511 3373 5569 dici

1784 5603 2192 5674 cognoscimus.
2221 5605 2491 5660 Caeterum
2515 5605 2767 5661 licetbasc
2784 5604 2931 5662 itase
2956 5603 3214 5673 habeant,
3232 5619 3375 5661 non-

177 5767 409 5834 “Amos.
451 5792 513 5847 ν,
549 5777 607 5835 8.
681 5778 727 5814 η
758 5777 893 5837 Gen.
923 5781 1100 5853 vn,“
1141 5796 1262 5857 sqq.
1340 5780 1385 5813 ’°
1419 5777 1483 5833 Ill
1516 5777 1650 5851 Reg.
1680 5795 1693 5834 ι

1800 5821 1815 5849 ,
1852 5780 1918 5849 9;
1954 5781 2087 5838 Luc.
2115 5797 2189 5849 iv,
2218 5782 2309 5837 25.
2387 5783 2426 5815 ³¹
2457 5780 2594 5838 Gen.
2635 5798 2677 5852 ι,
2714 5780 2830 5852 26;
2864 5782 3055 5839 Matth.
3093 5796 3170 5855 τι,
3207 5781 3302 5843 26.
