3880 6356
482 367 588 427 103

1733 366 1788 420 S.
1824 362 2156 420 GREGORII
2189 363 2480 424 NYSSENI

3674 373 3787 428 HN

479 485 612 542 dum
649 484 924 558 eaplicata
946 492 1031 549 est
1062 483 1154 540 illa
1179 484 1431 556 quaestio,
1479 483 1758 556 quomodo
1794 498 2063 555 vaporum

2179 487 2418 553 ελύσατο,
2452 486 2569 551 πῶς
2594 488 2627 559 ἡ
2665 485 2830 565 είςΙτὸ
2859 486 3023 560 ξηρὸν
3054 486 3163 542 τῶν
3194 489 3388 561 ἀτμῶν
3413 454 3786 564 μεταποίησις

480 578 542 633 in
564 577 777 634 siccum
808 577 1164 632 commulatio
1198 576 1481 632 humidum
1503 575 1558 630 vi
1610 582 1821 631 naturae
1874 576 2068 631 calida:

482 678 873 742 consumptum
910 684 1019 723 non
1056 669 1540 726 imminuat.Aliud
1571 676 1838 739 prteterea
1866 668 2067 723 ordine

482 764 740 833 sequitur
789 761 1181 831 inquirendum
1211 799 1227 826 ,
1282 760 1431 831 quod
1474 761 1822 815 accuratiore
1878 759 2067 814 studio

480 852 808 922 indagantes
827 851 974 906 forte
1002 866 1430 923 consequemur.
1464 852 1681 907 Audisti
1716 850 2067 922 prophetiam

479 944 682 998 divinae
748 943 1045 1013 potestatis
1100 943 1545 1014 magnitudinem
1587 958 1654 998 ex
1706 943 1778 999 iis
1829 957 1954 1013 quae
2007 943 2068 997 in

481 1038 652 1090 rebus
692 1035 1003 1104 procreatis
1051 1032 1377 1088 admiranda
1420 1041 1751 1098 cernuntur,
1797 1048 2068 1088 enarran-

480 1131 589 1177 tem
618 1123 726 1178 hoc
761 1123 927 1178 modo
959 1141 974 1177 :
1017 1143 1035 1176 ι
1059 1122 1197 1189 Quis
1217 1138 1382 1178 manu
1407 1122 1699 1179 dimensus
1722 1130 1808 1178 est
1835 1137 2062 1193 aquam,

477 1222 533 1269 et
561 1214 768 1269 cretum
818 1215 1024 1285 palmo,
1079 1226 1135 1269 et
1181 1214 1394 1286 pugillo
1445 1222 1653 1269 terram
1708 1213 2071 1268 universam?

476 1304 614 1372 Quis
643 1308 702 1361 in
726 1316 934 1361 statera
963 1314 1207 1372 montes,
1240 1313 1296 1362 et
1331 1307 1505 1362 valles
1535 1307 1590 1360 in
1633 1305 1796 1360 lance
1823 1306 2068 1360 colloca-

478 1398 557 1452 vit
576 1397 655 1451 "‘2
684 1416 703 1448 ›
746 1396 844 1453 llis
873 1397 1080 1462 verbis,
1120 1406 1178 1452 ut
1214 1397 1475 1461 arbitror,
1507 1402 1703 1466 aperte
1736 1396 1902 1451 docet
1935 1409 2069 1465 pro-

479 1489 664 1559 pheta,
679 1489 960 1560 prepriam
982 1489 1219 1559 singulis
1238 1489 1524 1544 elementis
1544 1488 1925 1558 praescriptam
1946 1502 2071 1544 esse

480 1594 825 1643 mensuram,
855 1595 885 1632 a
919 1578 1016 1635 Dei
1052 1580 1241 1633 omnia
1292 1579 1719 1649 complectentis
1767 1585 2066 1649 potestate,

478 1686 645 1740 quam
682 1672 776 1726 ille
800 1686 1048 1736 manum,
1072 1679 1127 1726 et
1164 1672 1432 1742 palmum,
1468 1679 1523 1727 et
1556 1670 1828 1742 pugillum
1879 1678 2068 1738 vocat,

479 1764 599 1819 suis
628 1764 1062 1835 unumquodque
1094 1764 1351 1819 terminis
1386 1772 1441 1820 et
1486 1764 1768 1820 mensuris
1801 1777 2070 1820 coercen-

2168 582 2268 635 οὐκ
2293 582 2505 636 ἐλαττοῖ
2533 581 2594 634 rb
2620 580 2807 652 ύγρόν,
2832 579 2895 635 τὸ
2917 583 3282 654 ἐπικρατήσει
3312 583 3413 655 τῆς
3444 584 3655 656 θερμῆς
3679 584 3784 639 οὗ-

2171 673 2294 736 σίας
2332 672 2807 745 ἐκδαπανώμενον.
2845 671 2991 745 Πρὸς
3023 673 3080 727 δέ
3110 673 3286 729 ταῦτα
3317 673 3500 739 καλῶς
3550 676 3620 728 ἂν
3661 677 3784 746 ἐχοι

2168 759 2363 831 ἑτέραν
2385 759 2705 814 ἀκολουθίαν
2729 759 2975 832 ἐξευρεῖν
3005 764 3070 834 τῇ
3094 760 3297 834 θεωρίᾳ
3321 762 3416 817 τοῦ
3444 763 3607 832 λόγου
3638 782 3706 816 συ
3714 782 3788 834 μ-

2170 849 2483 906 ϐαίνουσαν·
2522 850 2654 915 ἴσως
2680 852 2788 924 γὰρ
2822 851 2888 907 ἂν
2929 853 3141 923 γένοιτο
3180 854 3313 925 ἡμῖν
3358 854 3449 908 διὰ
3488 856 3590 926 τῆς
3627 854 3787 925 φιλο-

2170 947 2482 1017 πονωτέρας
2543 947 2896 1019 προσεδρίας,
2940 947 3015 1020 μὴ
3078 948 3397 1018 διαμαρτεῖν
3442 950 3542 1020 τῆς
3605 966 3788 1021 προσο

2169 1038 2411 1110 ηκούσης
2429 1041 2555 1110 περὶ
2579 1039 2672 1092 τοῦ
2696 1039 3012 1110 σκέμματος
3031 1039 3376 1111 ὑπολήψεως.
3393 1040 3649 1093 Ἤκουσα
3677 1039 3787 1109 τῆς

2170 1130 2507 1200 προφητείας
2533 1131 2594 1183 rb
2623 1130 2910 1200 μεγαλεῖον
2941 1130 3042 1201 τῆς
3069 1130 3163 1183 τοῦ
3205 1131 3342 1185 Θεοῦ
3371 1131 3662 1201 δυνάμεως
3688 1130 3785 1184 διὰ

2169 1219 2278 1274 τῶν
2311 1220 2370 1272 ἐν
2397 1222 2462 1290 τῇ
2506 1219 2685 1272 κτίσει
2722 1218 3020 1290 θαυμάτων
3051 1220 3379 1289 διεξιούσης,
3411 1221 3469 1274 ἐν
3494 1213 3576 1282 οἷς
3606 1233 3779 1289 φησι·

2175 1327 2196 1361 ι
2232 1309 2330 1372 Τίς
2355 1310 2631 1384 ἐμέτρησε
2669 1313 2738 1381 τῇ
2786 1311 2931 1383 χειρὶ
2957 1311 3019 1366 τὸ
3064 1310 3231 1382 ὕδωρ,
3281 1312 3377 1366 καὶ¹
3415 1312 3507 1365 τὸν
3539 1311 3784 1383 οὐρανὸν

2173 1402 2453 1474 σπιθαμῇ,
2497 1403 2593 1457 καὶ
2627 1404 2807 1457 πᾶσαν
2842 1402 2941 1474 τὴν
2976 1404 3080 1474 γῆν
3125 1404 3288 1475 δρακί
3308 1421 3323 1469 ;
3357 1405 3441 1468 τίς
3470 1403 3675 1473 ἔστησε
3708 1404 3781 1456 τὰ

2173 1493 2301 1566 ὅρια
2338 1492 2586 1565 σταθμῷ,
2635 1494 2731 1548 καὶ
2758 1494 2857 1558 τὰς
2904 1494 3083 1557 νάπας
3123 1494 3305 1565 me;
3342 1514 3361 1547 ι
3403 1494 3471 1548 δι’
3502 1488 3577 1547 ὧν
3615 1492 3779 1564 οἶμαι

2172 1586 2359 1655 σαφῶς
2385 1584 2537 1647 ίδίοις
2566 1585 2782 1656 μέτροις
2824 1583 2935 1639 τῶν
2972 1584 3251 1655 στοιχείων
3284 1583 3515 1638 ἕκαστον
3541 1600 3782 1655 περιγε-

2170 1677 2415 1747 γράφθαι
2435 1677 2526 1729 τὸν
2548 1677 2835 1748 προφήτην
2856 1675 3148 1741 διδάσκειν,
3169 1675 3270 1745 τῆς
3289 1674 3652 1747 περιεκτικῖκ
3680 1670 3780 1726 τοῦ

2171 1763 2306 1817 Θεοῦ
2342 1763 2645 1834 δυνάμεως,
2695 1765 2761 1835 ἢν
2790 1767 2951 1837 χεῖρα
2981 1766 3077 1817 καὶ
3120 1764 3317 1835 δράκα,
3347 1764 3443 1818 καὶ
3487 1762 3781 1834 σπιθαμὴν

477 1864 610 1910 tcm.
648 1856 889 1912 Necesse
912 1863 997 1912 est
1032 1857 1219 1927 igitur,
1247 1857 1295 1911 si
1325 1855 1419 1911 Dei
1457 1864 1701 1927 potestas
1748 1856 1951 1911 coelum
1983 1854 2067 1909 di-

2179 1855 2453 1927 ὀνομάζει,
2483 1856 2664 1920 ίδικῶς
2689 1856 2920 1910 ἕκαστον
2950 1855 3059 1909 τῶν
3089 1855 3259 1910 ὄντων
3286 1857 3344 1909 ἐν
3372 1856 3451 1926 τῷ
3475 1856 3781 1927 καθήκοντι

478 1965 668 2003 mensa
708 1957 813 2014 est,
846 1950 892 2005 si
920 1965 1119 2004 manus
1151 1950 1272 2019 ejus
1303 1965 1527 2020 aquam,
1562 1950 1607 2005 si
1652 1949 1896 2020 pugillus
1935 1947 2071 2003 uni-

477 2058 698 2099 versam
748 2054 977 2105 terram,
1031 2044 1078 2099 si
1114 2044 1284 2099 valles
1317 2045 1370 2097 in
1409 2050 1617 2099 statera
1648 2042 1965 2106 constituit,
2021 2040 2069 2098 si

476 2136 758 2192 montibus
796 2136 1014 2206 pondus
1051 2137 1369 2207 praetiuivit,
1415 2135 1599 2190 omnia
1638 2150 1957 2190 mensuram
2006 2149 2071 2190 ac

476 2226 698 2281 modum
730 2228 873 2281 tueri
910 2243 1096 2291 suum,
1148 2229 1287 2282 nihil
1321 2243 1516 2282 eorum
1544 2229 1756 2298 augeri,
1791 2227 1930 2281 nihil
1966 2227 2071 2281 im-

478 2317 674 2379 minui,
708 2333 830 2386 quae
864 2334 1094 2374 mensus
1145 2326 1230 2373 cst
1260 2318 1429 2382 Deus,
1470 2335 1705 2389 qumque
1746 2320 1926 2389 ipsius
1972 2335 2071 2389 po-

479 2415 679 2463 testate
704 2410 1104 2477 continentur;
1155 2412 1200 2465 si
1236 2411 1389 2465 nulla
1431 2419 1613 2466 autem
1662 2413 1828 2467 rebus
1868 2411 2073 2466 accidit

477 2503 746 2566 accretio,
802 2504 953 2557 nulla
992 2504 1312 2569 diminutio,
1364 2511 1425 2558 ut
1455 2505 1749 2575 prophetia
1806 2512 2067 2571 testatur,

477 2591 532 2645 in
580 2607 681 2646 sua
732 2609 967 2663 prorsus
1015 2595 1453 2666 unumquodque
1500 2611 1764 2650 mensura
1808 2606 2071 2667 perpetuo

475 2691 681 2747 manet,
709 2699 832 2738 cum
866 2696 1062 2740 natura
1082 2685 1199 2755 ipsa
1222 2701 1400 2741 rerum
1426 2688 1841 2742 commutabilis
1870 2697 2071 2741 cuncta

474 2775 721 2830 vicissim
751 2786 1058 2839 convertat,
1080 2786 1147 2845 ,ει
1179 2796 1349 2833 unum
1388 2781 1442 2835 in
1485 2780 1635 2835 aliud
1673 2789 1868 2841 mutet,
1907 2780 2071 2835 idem-

477 2881 584 2935 que
618 2883 843 2921 rursum
899 2870 1263 2925 conversione
1300 2872 1725 2942 mutationeque
1768 2872 2068 2943 pristinum

478 2956 533 3010 in
569 2966 772 3012 statum
813 2959 1066 3013 reducat.
1102 2959 1207 3015 Sed
1237 2964 1366 3032 quia
1407 2979 1669 3034 vaporem
1700 2964 1848 3017 hunc
1891 2963 2071 3016 humi-

477 3048 606 3103 dum
645 3050 700 3103 in
728 3048 946 3105 ﬂamma
991 3052 1258 3123 positum,
1293 3056 1551 3111 siccitate
1584 3071 1682 3126 per
1714 3056 2066 3110 combustio-

2175 1949 2360 2020 μέτρῳ
2391 1947 2883 2020 περισφιγγούσης.
2929 1950 2994 2004 El
3022 1945 3116 2004 οὖν
3154 1949 3498 2021 μεμέτρηται
3542 1950 3782 2019 οὐρανὸς

2170 2040 2237 2109 τῇ
2270 2038 2390 2108 θείᾳ
2428 2037 2679 2108 δυνάμει,
2716 2038 2811 2090 καὶ¹
2838 2041 2905 2109 τῇ
2934 2040 3080 2111 χειρὶ
3101 2040 3160 2092 τὸ
3191 2039 3367 2111 ὕδωρ,
3398 2039 3491 2093 καὶ
3518 2042 3583 2110 τῇ
3610 2039 3781 2110 δρακὶ

2173 2134 2379 2204 πᾶσαη
2411 2134 2502 2203 γῆ,
2539 2133 2631 2185 καὶ
2666 2132 3127 2200 ζυγοστατοῦνται
3162 2136 3217 2188 αἱ
3245 2136 3439 2198 νάπαι,
3476 2135 3572 2186 καὶ
3608 2151 3781 2203 φανε-

2176 2223 2268 2294 ρὸς
2308 2226 2423 2286 τοῖς
2468 2223 2651 2293 ὄρεσιν
2683 2222 3005 2293 ἀφορίζεται
3043 2223 3317 2294 σταθμὸς,
3364 2226 3583 2293 ἀνάγκη
3617 2225 3777 2277 πᾶσα

2176 2318 2359 2387 μένειν
2393 2314 2625 2368 ⁴ἑκαστον
2654 2315 2748 2367 ἐπὶ
2792 2314 2887 2367 τοῦ
2936 2315 3068 2368 ίδίου
3102 2316 3298 2387 μέτρου
3342 2316 3438 2368 καὶ
3486 2314 3737 2386 σταθμοῦ
3761 2355 3779 2378 ,

2176 2410 2315 2480 μήτε
2367 2408 2669 2478 αὐξήσεως,
2712 2410 2849 2479 μήτε
2895 2408 3243 2471 κολοεώσεως
3276 2410 3336 2460 ἐν
3381 2410 3493 2470 τοῖς
3529 2407 3640 2460 ὑπὸ
3680 2405 3779 2460 τοῦ

2172 2500 2307 2553 Θεοῦ
2360 2500 2819 2572 μεμετρημένοις,
2866 2500 2961 2554 καὶ
3014 2502 3106 2553 ὑπ’
3150 2498 3315 2553 αὐτοῦ
3362 2499 3783 2571 περιεχομένοις

2171 2591 2481 2663 δυναμένης
2510 2591 2785 2660 γενέσθαι.
2837 2592 2901 2646 El
2931 2588 3022 2646 οὖν
3060 2593 3196 2663 μήτε
3248 2592 3587 2663 προσθήκην,
3633 2592 3777 2661 μήτε

2172 2684 2465 2738 ἐλάττωσιν
2492 2701 2556 2736 πε
2567 2683 2619 2755 ei.
2640 2683 2707 2737 τά
2728 2684 2856 2738 ὄντα
2881 2683 3199 2754 συμὸαίνειν
3233 2685 3266 2755 ἡ
3291 2684 3599 2756 προφητεία
3633 2701 3780 2754 μαρ-

2169 2772 2419 2843 τύρεται,
2455 2774 2671 2837 πάντως
2708 2773 2800 2827 ἐπὶ
2835 2772 2914 2844 τῷ
2951 2774 3065 2845 ἰδίῳ
3114 2774 3345 2827 ἕκαστον
3387 2774 3572 2844 μέτρῳ
3600 2774 3781 2827 eius".

2170 2867 2439 2936 διαμένει,
2475 2868 2575 2936 τῆς
2603 2865 2846 2937 τρεπτῆς
2878 2866 3092 2935 φύσεως
3120 2867 3218 2936 τῆς
3249 2866 3307 2918 ἐν
3340 2868 3454 2928 τοῖς
3480 2861 3603 2919 οὖσι
3639 2864 3783 2919 θεω-

2175 2958 2465 3030 ρουμένης,
2501 2958 2677 3010 πάντα
2698 2960 2777 3021 εἰς
2800 2957 3003 3029 ἄλληλα
3028 2956 3490 3028 μεταόαλλούσης,
3519 2958 3616 3011 καὶ
3639 2957 3782 3013 ἕκα-

2173 3067 2296 3104 στον
2322 3052 2401 3113 είς
2428 3049 2490 3102 rb
2512 3050 2697 3119 ἕτερον
2724 3049 3043 3119 ἀλλοιούσης
3065 3091 3079 3114 ,
3106 3049 3202 3103 καὶ
3240 3049 3402 3102 πάλιν
3433 3050 3527 3102 ἀπ’
3553 3049 3780 3103 ἐκείνου

478 3157 600 3196 nem
631 3143 932 3212 acquisita,
988 3145 1041 3198 in
1077 3146 1402 3215 qualitatem
1456 3155 1775 3202 terrestrem
1830 3146 2067 3201 transire

2179 3140 2258 3195 5ιά
2300 3139 2604 3211 μεταϐολῆς
2653 3156 2714 3192 τε
2753 3141 2847 3192 xui.
2874 3138 3215 3202 ἀλλοιώσεως
3256 3141 3336 3202 είς
3384 3139 3446 3191 τὸ
3479 3138 3537 3205 ἐξ
3592 3139 3782 3210 ἀρχῆς

477 3250 540 3289 ex
578 3236 867 3306 superiore
897 3235 1001 3291 olei
1033 3239 1288 3308 exemplo
1318 3239 1457 3294 satis
1492 3239 1867 3300 ostendimus,
1902 3238 2064 3292 dein-

478 3342 610 3396 ceps
652 3328 1116 3382 considerandum
1166 3338 1272 3393 est,
1325 3339 1506 3384 utrum
1553 3330 1782 3401 vaporis
1837 3329 2071 3383 materia

478 3416 533 3468 in
561 3417 900 3470 contrariam
939 3419 1266 3487 qualitatem
1299 3436 1569 3476 conversa
1614 3421 1864 3490 reliquire
1898 3419 2073 3488 ipsius

478 3506 862 3561 combustione
883 3507 1204 3564 subtiliores
1228 3524 1292 3565 ac
1326 3512 1612 3566 tenuiores
1648 3510 1860 3565 enectae
1888 3523 2061 3579 supra

479 3610 703 3652 manere
742 3599 979 3667 possint.

2170 3228 2327 3294 αὖθις
2357 3228 2759 3299 ἐπαναγούσης.
2807 3230 2948 3282 Ἀλλ’
2980 3231 3061 3283 ὃτι
3092 3228 3189 3299 μὲν
3223 3231 3252 3282 ὁ
3289 3230 3455 3300 ὑγρὸς
3489 3223 3648 3291 οὗτος
3680 3230 3781 3282 ἀτ-

2176 3323 2293 3394 μὸς,
2330 3323 2390 3375 ἐν
2423 3321 2499 3392 τῷ
2528 3321 2754 3391 φλογμῷ
2783 3321 3185 3391 διαγενόμενος,
3220 3322 3301 3385 είς
3332 3321 3430 3392 τὴν
3459 3321 3638 3391 γεώδη
3684 3338 3785 3391 με·

2174 3416 2420 3470 ταθαίνει
2470 3414 2727 3484 ποιότητα
2750 3455 2764 3477 ,
2800 3413 2936 3484 πρὸς
2966 3413 3023 3465 rb
3063 3413 3223 3485 ξηρὸν
3277 3412 3643 3484 μεταϐληθεὶς
3683 3411 3778 3465 διὰ

2175 3506 2275 3576 τῆς
2308 3505 2672 3575 ἐξοπτήσεως,
2712 3503 2871 3556 τοῦτο
2904 3504 2961 3554 ὲν
2996 3505 3109 3566 τοῖς
3153 3501 3483 3574 προλαϐοῦσι
3508 3501 3694 3568 λόγοιιν⁵
3714 3501 3783 3552 ἐν

2176 3598 2254 3669 τῷ
2301 3595 2443 3650 κατά
2481 3595 2542 3648 rb
2590 3593 2767 3646 ἔλαιον
2813 3594 3177 3663 ὑποδείγματι
3227 3593 3465 3663 μετρίως
3498 3592 3782 3662 νενόηται,

479 3694 701 3745 σκοπεῖν
728 3692 785 3746 δὲ
821 3693 882 3747 τὰ
919 3695 1057 3767 μετὰ
1090 3697 1248 3751 τοῦτο
1281 3699 1570 3770 προσήκει,
1599 3700 1648 3752 εί
1682 3698 1779 3770 τῆς
1815 3697 1950 3771 ὕλης
1979 3696 2072 3751 τοῦ
2109 3692 2286 3765 ἀτμοῦ
2327 3690 2465 3763 πρὸς
2498 3690 2598 3761 τὴν
2625 3687 3309 3761 ἐναντίανπάλλοιωθείσης
3360 3686 3655 3758 ποιότητα,
3690 3687 3785 3739 δυ-

475 3785 636 3839 νατόν
659 3786 806 3839 ἐστιν
834 3787 944 3842 ἅνω
973 3789 1155 3859 μένειν
1180 3791 1359 3845 ἐκεῖνο
1390 3791 1485 3844 τοῦ
1519 3791 1691 3863 ἀτμοῦ
1726 3791 1786 3844 τὸ
1813 3790 2090 3861 λείψανον,
2123 3790 2205 3843 ὅτι
2231 3785 2363 3839 ποτὲ
2393 3784 2647 3837 κατανοεῖ
2668 3783 2697 3835 ὁ
2717 3781 2876 3850 λόγος
2902 3780 2962 3834 rb
2984 3779 3071 3834 διά
3104 3780 3203 3849 τῆς
3231 3780 3577 3850 ἐξοπτήσεως
3613 3795 3785 3849 μετα-

475 3878 720 3951 ποιηθὲν,
752 3879 889 3951 πρὸς
912 3882 974 3934 rb
990 3881 1313 3954 λεπτότερόν
1341 3901 1399 3936 τε
1421 3885 1514 3937 καὶ
1539 3884 1933 3956 ἀφανέστερον.

549 3969 663 4024 Hoc
688 3978 872 4025 autem
905 3973 1173 4042 exemplis
1216 3974 1348 4027 item
1405 3976 1565 4030 vobis
1603 3975 1920 4029 manifestis
1970 3988 2071 4042 po-

478 4060 1095 4130 terimusinvestigarc.
1146 4060 1337 4132 Neque
1370 4064 1517 4118 enim
1560 4064 1735 4136 fuligo
1779 4066 1871 4119 illa
1899 4063 2073 4118 subti-

478 4146 691 4206 lissima
734 4160 1001 4222 perpetuo
1030 4151 1119 4205 hic
1174 4153 1231 4207 in
1276 4168 1403 4209 aere
1453 4163 1740 4225 permanet
1791 4154 2069 4220 sublimis,

481 4238 579 4293 sed
611 4254 707 4309 per
737 4240 884 4295 aeris
914 4240 1200 4296 raritatem
1231 4242 1299 4297 ad
1325 4251 1625 4313 cognatum
1674 4245 1779 4300 sibi
1827 4244 2072 4299 elemen-

480 4333 598 4381 tum
633 4328 936 4393 transiens,
991 4338 1151 4384 terrre
1204 4339 1260 4386 et
1309 4332 1645 4402 parietibus,
1687 4341 2075 4401 tectorumque

484 4412 839 4485 laquearibus
889 4416 1242 4486 adhaerescit.
1294 4418 1452 4484 Quod
1497 4419 1567 4475 de
1613 4420 1918 4491 vaporibus
1966 4410 2117 4472 illis‘

2250 3961 2414 4016 Ἀλλά
2439 3960 2545 4032 μὴν
2574 3955 2731 4029 οἶμαι
2759 3958 2986 4013 δυνατὸν
3016 3953 3269 4014 εἶναικαὶ
3293 3967 3425 4037 περὶ
3454 3961 3670 4015 ἐκείνου
3693 3962 3782 4017 διὰ

2178 4052 2286 4107 τῶν
2308 4050 2599 4122 γνωρίμων
2627 4050 2756 4120 ύμῖν
2785 4049 3205 4121 ὑποδειγμάτων
3230 4050 3617 4120 στοχάσασθαι.
3639 4054 3782 4108 Οὐδὲ

2179 4145 2290 4216 γάρ
2314 4142 2552 4197 ἐνταῦθα
2575 4140 2635 4195 rb
2656 4140 2994 4211 λεπτομερὲς
3025 4140 3126 4210 τῆς
3149 4138 3365 4207 λιγνύος
3388 4142 3559 4194 είσαεὶ
3584 4142 3783 4215 διαμέ-

2178 4257 2260 4293 νει
2289 4236 2427 4291 κατά
2453 4236 2545 4289 τὸν
2577 4233 2714 4305 ἀέρα
2741 4233 3035 4305 μετέωρον,
3056 4231 3172 4285 ἀλλ’
3198 4232 3304 4286 ὑπὸ
3325 4234 3425 4302 τῆς
3450 4233 3780 4305 ἀραιότητος

2177 4331 2272 4385 τοῦ
2304 4330 2467 4397 ἀέρος
2498 4327 2636 4399 πρὸς
2658 4325 2720 4378 rb
2754 4324 3016 4392 συγγενὲς
3057 4323 3371 4392 διαφύεται,
3427 4328 3498 4394 γῇ
3536 4326 3635 4379 καὶ
3665 4328 3783 4379 τεί-

2179 4439 2300 4493 χεσι
2342 4420 2437 4474 καὶ
2482 4421 2594 4480 τοῖς
2622 4414 2717 4471 τοῦ
2764 4416 2966 4487 ὀρόφου
3006 4415 3185 4483 ξύλοις
3232 4417 3777 4487 περιχρωννύμενον.

482 4520 700 4577 quoque
722 4506 1079 4577 cogitandum
1113 4517 1219 4572 est,
1241 4517 1303 4563 ut
1346 4510 1413 4565 ad
1444 4510 1783 4579 superiorem
1823 4510 2067 4580 igneam-

2179 4509 2390 4565 Οὐκοῦν
2418 4505 2712 4563 ἀκόλουθον
2733 4505 2826 4559 καὶ
2849 4505 2978 4577 περὶ
3002 4505 3212 4558 ἐκείνου
3236 4505 3298 4558 rb
3322 4502 3437 4559 ἶσον
3458 4507 3779 4569 ύπολαὸεῖν,

483 4611 590 4668 que
614 4599 890 4668 regionem
920 4615 950 4653 a
981 4601 1159 4654 ventis
1180 4602 1616 4671 compellantur,
1657 4610 1710 4657 et
1733 4601 1787 4655 in
1830 4598 2073 4655 humidae

484 4689 764 4761 qualitatis
808 4692 1246 4746 commutatione
1301 4693 1593 4747 materiam
1662 4700 1907 4756 servent,
1959 4705 2076 4747 are-

485 4781 725 4851 factique
772 4781 839 4836 ad
884 4782 939 4836 id
975 4784 1120 4853 quod
1154 4784 1235 4841 eis
1265 4794 1558 4856 cognatum
1595 4793 1678 4841 est
1761 4801 1824 4841 ac
1871 4786 2072 4854 simile,

484 4873 847 4930 detrahantur
885 4875 1150 4945 humique
1201 4876 1550 4933 consideant.
1591 4874 1872 4934 Naturalis
1927 4878 2075 4933 enim

485 4964 653 5020 rebus
695 4965 954 5020 omnibus
1013 4967 1323 5023 attrahendi
1376 4969 1461 5023 vis
1498 4968 1666 5024 insita
1699 4977 1804 5033 est,
1861 4975 1921 5023 ut
1965 4968 2072 5022 mi-

486 5055 635 5111 nime
665 5055 967 5111 absurdum
1001 5056 1278 5125 videatur,
1329 5060 1375 5115 si
1406 5075 1639 5130 vapores
1664 5060 1889 5131 quidam
1931 5060 2072 5116 sicci

487 5158 552 5198 ac
600 5151 895 5199 terrestres
945 5144 1151 5209 eﬂ‘ecti,
1220 5158 1384 5203 terrae
1435 5150 1670 5206 siccitati
1708 5158 1765 5206 et
1819 5150 2073 5221 qualitati

487 5237 972 5293 commisceantur.
1035 5237 1195 5304 Quod
1244 5242 1292 5296 si
1329 5256 1398 5297 ex
1438 5243 1541 5298 olei
1592 5243 1826 5299 materia
1870 5250 2071 5297 cuncta

491 5330 899 5394 constarent,in
916 5332 1304 5390 crassitudinis
1340 5335 1605 5405 qualitate
1642 5351 1875 5406 vapores
1926 5335 2077 5404 ejus-

494 5417 637 5471 modi
670 5420 725 5473 in
745 5423 984 5478 colorem
1029 5424 1250 5494 nigrum
1274 5427 1565 5482 cxustione
1590 5433 2075 5491 converterentur,

495 5511 635 5559 ctex
659 5510 841 5576 specie
870 5512 961 5567 illa
997 5524 1319 5584 conspecta,
1372 5517 1507 5588 quid
1538 5518 1714 5581 ﬁeret,
1763 5518 1939 5572 cuivis
1987 5535 2079 5575 es-

499 5603 583 5650 set
605 5600 975 5669 perspicuum.
999 5605 1204 5662 Verum
1244 5624 1374 5680 quia
1410 5607 1781 5665 subtilissima
1820 5608 2075 5679 liquidis-

576 5768 618 5798 ³²
639 5771 746 5828 lsa.
782 5786 870 5839 ιι,
900 5773 986 5829 12.

2177 4603 2261 4656 ὃτι
2307 4588 2425 4653 Imb
2454 4598 2563 4651 τῶν
2599 4596 2925 4668 πνευμάτων
2972 4595 3240 4659 άνωσθεις
3287 4597 3316 4648 ό
3349 4597 3522 4666 άτμδς
3569 4598 3654 4661 εἰς
3689 4600 3782 4651 τὸν

2179 4691 2576 4763 ὑπερκείμενον
2597 4690 2692 4743 καὶ
2714 4688 2964 4759 φλογώδη
2989 4687 3187 4758 χῶρον,
3212 4689 3308 4742 καὶ
3335 4691 3392 4742 ἐν
3407 4691 3475 4759 τῇ
3501 4689 3778 4762 μεταϐολῇ

2177 4783 2280 4854 τῆς
2301 4782 2474 4854 ὑγρᾶς
2514 4779 2800 4848 ποιότητος
2821 4819 2836 4845 ,
2868 4779 2928 4832 rb
2955 4779 3139 4832 ὑλικὸν
3167 4779 3482 4842 διεσώσατο,
3528 4779 3695 4853 ξηρὸς
3722 4782 3781 4836 δὲ

2178 4875 2470 4945 γενόμενος
2494 4873 2632 4943 πρὸς
2662 4872 2723 4925 τὸ
2750 4873 3010 4939 συγγενὲς
3044 4871 3411 4943 καθειλκύσθη
3439 4873 3532 4926 καὶ
3561 4874 3779 4926 ἀπεκι-

2178 4968 2342 5037 τέστη
2373 4969 2465 5038 γῇ.
2508 4965 2763 5035 Ἐλκτικὴ
2793 4963 2902 5036 γὰρ
2927 4963 3036 5017 τῶν
3059 4965 3278 5018 οἰκείων
3298 4965 3529 5036 δύναμις
3558 4966 3780 5037 ἑκάστῳ

2179 5059 2288 5113 τῶν
2317 5059 2486 5112 ὄντων
2509 5059 2573 5112 ἐκ
2598 5055 2814 5126 φύσεως
2835 5054 3100 5124 ἔγκειται,
3126 5056 3202 5120 ὡς
3234 5056 3369 5129 μηδὲ
3391 5055 3497 5122 ἔξω
3520 5056 3614 5110 τοῦ
3641 5059 3779 5112 ἀκο-

2180 5149 2371 5204 λούθου
2400 5148 2498 5220 τὴν
2536 5145 2790 5217 τοιαύτην
2832 5142 2972 5202 εἶναι
3021 5147 3311 5219 ὑπόληψιν,
3348 5150 3431 5202 ὅτι
3478 5148 3647 5219 ξηρός
3692 5168 3782 5214 τις

2182 5240 2278 5293 καὶ
2300 5238 2508 5311 γεώδης
2539 5240 2568 5292 ὁ
2615 5237 2788 5308 ἀτμὸς
2812 5239 3103 5310 γενόμενος
3125 5240 3225 5309 τὴν
3254 5241 3536 5311 ποιότητα,
3568 5245 3638 5314 τῇ
3681 5243 3779 5314 ξηο

2188 5331 2374 5402 ρότητι
2399 5331 2497 5402 τῆς
2526 5331 2631 5402 γῆς
2672 5330 2999 5403 κατεμίχθη.
3036 5333 3098 5385 El
3136 5333 3234 5403 μὲν
3270 5329 3365 5387 οὖν
3404 5329 3473 5405 ἦν
3513 5334 3783 5405 ἐλαιῶδες

2185 5424 2338 5475 πᾶσα
2366 5423 2464 5486 τῆς
2504 5424 2677 5495 ὑγρᾶς
2713 5422 2900 5487 οὐσίας
2942 5426 2975 5495 ἡ
3029 5424 3210 5494 φύσις,
3248 5426 3466 5491 πάντως
3505 5427 3574 5481 ἂν
3608 5430 3671 5483 ἐν
3702 5430 3781 5499 τῷ

2187 5516 2496 5586 παχυμερεῖ
2527 5515 2629 5585 τῆς
2666 5514 2950 5585 ποιότητος
2983 5518 3120 5589 πρὸς
3154 5518 3215 5571 rb
3256 5520 3422 5589 μέλαν
3450 5520 3648 5592 ἔτρεψε
3672 5524 3783 5577 τῶν

2188 5603 2443 5660 τοιούτων
2467 5605 2658 5677 ἀτμῶν
2685 5608 2785 5677 τὴν
2813 5607 2981 5677 χρόαν
3006 5609 3039 5680 ἡ
3066 5608 3376 5682 ἐξόπτησιςο
3405 5612 3495 5669 κα)
3524 5614 3784 5687 ἐπίδηλον
