3880 6380
110 399 199 454 ιῢῦ

1325 398 1393 454 ΙΝ
1434 395 1908 454 ΗΕΧΛΕΜΕΒΟΝ
1943 395 2169 453 LIBER.

3279 397 3381 454 106

114 524 172 578 ἂν
203 524 332 578 πᾶσι
360 482 426 575 τδ
465 523 766 594 γινόμενον
799 514 890 595 ἦν,
938 521 1026 576 διὰ
1055 519 1148 576 τοῦ
1175 519 1428 592 δέχεσθαι
1475 519 1536 573 τὸ
1570 515 1707 582 εἶδος

1816 519 2060 589 simaque
2099 525 2294 572 natura
2323 515 2378 570 in
2417 514 2712 586 vaporibus
2731 524 2834 582 est,
2866 515 2922 570 hi
2954 530 3084 572 vero
3125 530 3191 572 eo
3216 532 3377 587 quem

111 611 468 684 δεικνύμενον.
508 613 671 666 Ἐπεὶ
697 612 756 665 δὲ
779 611 840 665 τὸ
863 611 1192 665 λεπτότατόν
1217 627 1275 663 τε
1301 609 1397 663 καὶ
1414 607 1706 662 διειδέστα-

118 723 204 759 τον
241 705 344 776 τῆς
373 704 484 758 τῶν
522 705 738 758 ὑδάτων
773 704 989 773 φύσεως
1029 704 1088 754 ἐν
1110 703 1223 765 τοῖς
1258 702 1451 772 ἀτμοῖς
1475 699 1702 778 γίνεται,

113 792 250 851 οὗτοι
264 797 320 849 δὲ
342 795 486 849 κατά
516 795 607 848 τὸν
624 793 1122 867 προαποδειχθέντα
1138 793 1293 862 λόγον
1319 792 1546 846 ἐναποθέ
1553 809 1706 863 μενοι

114 889 188 958 τῷ
219 905 290 940 πυ
296 887 354 958 pi.
373 888 473 957 τὴν
507 885 683 958 ὑγρὰν
713 887 990 954 ποιότητα,
1011 885 1144 957 πρὸς
1160 885 1220 938 τὸ
1237 885 1399 957 ξηρὸν
1415 881 1707 953 ἠλλοιώθη-

117 995 229 1032 σαψ
247 980 466 1048 ἀνάγκη
488 980 658 1042 πᾶσα,
674 977 912 1047 καθαρὸν
935 977 1090 1030 τοῦτο
1111 977 1206 1030 καὶ
1226 975 1458 1046 ἀερῶδες
1479 973 1705 1037 οἴεσθαι,

111 1073 193 1124 ὅτι
218 1071 353 1124 ποτὲ
374 1071 472 1124 καὶ
499 1066 638 1123 εἶναι
657 1069 787 1122 αὐτὸ
813 1067 1219 1138 καταλαμϐάνει
1233 1070 1266 1138 ἡ
1281 1066 1457 1120 ἔννοια
1468 1065 1527 1118 τὸ
1545 1067 1610 1136 τῇ
1629 1064 1710 1118 λε-

116 1164 341 1234 πτότητι
359 1162 652 1232 διαφεῦγον
666 1161 762 1232 τὴν
778 1161 1126 1230 κατανόησιν.
1153 1160 1217 1213 Εἰ
1233 1159 1289 1212 δέ
1317 1159 1416 1229 τῆς
1429 1157 1523 1210 τοῦ
1547 1157 1706 1224 λόγου

115 1256 479 1326 καταλήψεως
511 1253 962 1324 ἀξιοπιστοτέραν
990 1251 1164 1306 οἴεταί
1197 1269 1279 1315 τις
1305 1253 1404 1321 τὴν
1433 1249 1705 1319 αἴσθησιν,

117 1348 208 1401 καὶ
235 1347 400 1418 ζητεῖ
430 1345 510 1415 τῷ
549 1342 812 1415 ὀφθαλμῷ
839 1343 964 1406 τοὺς
992 1343 1219 1413 ἀμερεῖς
1254 1357 1313 1392 τε
1348 1339 1444 1392 καὶ
1475 1339 1704 1406 ἀφανεῖς

117 1438 362 1500 ἐκείνους
407 1436 604 1503 ὄγκους
661 1432 956 1489 θεάσασθαι
982 1449 996 1463 °
1043 1433 1221 1498 ἔξεστι
1271 1430 1348 1502 τῷ
1395 1430 1707 1501 βουλομένῳ

117 1529 311 1584 ναστὸν
331 1527 444 1582 τῶν
461 1527 716 1581 τοιούτων
746 1526 946 1597 μορίων
970 1525 1062 1578 τὸν
1087 1525 1228 1596 ἀέρα
1255 1525 1406 1588 ἰδεῖν,
1432 1524 1560 1577 ὅταν
1584 1524 1705 1575 εἰσ-

117 1622 342 1693 χεθεῖσα
374 1620 463 1674 διά
488 1619 702 1690 θυρίδος
729 1617 892 1680 αὐτὸς
915 1657 930 1680 ,
965 1615 1320 1687 ἐκδηλότερον
1362 1617 1562 1686 ποιήσῃ
1609 1613 1704 1666 τοῦ

119 1714 284 1784 ἀέρος
325 1713 546 1774 ἐκεῖνο,
590 1711 714 1765 ὅσον
761 1709 828 1764 ἂν
872 1708 962 1762 διὰ
1011 1709 1108 1780 τῆς
1143 1709 1317 1779 αὐγῆς
1353 1707 1705 1780 καταλάμψῃ.

124 1806 189 1858 Ὃ
213 1804 324 1875 γὰρ
359 1804 416 1855 ἐν
442 1800 520 1872 τῷ
552 1799 724 1870 λοιπῷ
753 1799 873 1870 ἀέρι
901 1800 1016 1862 τοῖς
1041 1797 1338 1868 ὀφθαλμοῖς
1367 1799 1513 1850 ἐστιν
1539 1797 1706 1864 ἀνέφ-

125 1912 314 1958 ικτον,
379 1891 537 1946 τοῦτο
589 1890 676 1943 διὰ
722 1890 821 1959 τῆς
879 1889 1099 1950 ἀκτῖνος
1159 1888 1349 1958 ὁρᾶται
1399 1887 1457 1938 ἐν
1514 1885 1707 1957 πλήθει

119 1986 335 2058 ἀπείρῳ
374 1983 515 2037 κατὰ
543 1982 635 2034 τὸν
667 1981 802 2053 ἀέρα
840 1980 1230 2051 στρεφόμενον.
1273 1981 1332 2033 Ὀ
1354 1975 1446 2033 οὖν
1468 1977 1706 2049 ἐπισχὼν

118 2078 334 2141 τούτοις
356 2076 448 2131 τὸν
476 2073 770 2145 ὀφθαλμὸν,
801 2073 1022 2144 εὑρήσει
1052 2072 1139 2124 ἀεὶ
1177 2070 1314 2142 πρὸς
1341 2071 1403 2123 τὸ
1431 2069 1582 2122 κάτω
1609 2067 1708 2137 τὴν

121 2172 235 2224 τῶν
275 2168 495 2223 λεπτῶν
522 2167 753 2220 ἐκείνων
787 2165 959 2236 φορὰν
993 2163 1422 2235 καταρρέουσαν.
1463 2162 1537 2214 Τὸ
1569 2161 1625 2214 δὲ
1651 2162 1709 2214 ἐν

118 2262 202 2332 τῷ
244 2260 404 2332 μέρει
450 2257 546 2312 τοῦ
591 2255 1126 2328 ἀέρος’δεικνύμενον
1157 2252 1430 2318 ἀπόδειξίς
1467 2255 1584 2306 ἐστι
1613 2251 1708 2305 τοῦ

120 2355 217 2408 καὶ
251 2353 311 2404 ἐν
344 2349 424 2420 τῷ
469 2349 632 2403 παντὶ
662 2349 725 2402 τὸ
765 2347 1004 2401 τοιοῦτον
1043 2341 1218 2407 εἶναι,
1247 2344 1436 2415 ἐπειδὴ
1485 2342 1709 2414 συνεχές

119 2445 243 2497 ἐστι
270 2441 332 2495 τδ
364 2442 472 2494 πᾶν
515 2438 691 2510 ἐαυτῷ
713 2479 727 2503 ,
751 2439 846 2492 καὶ
876 2441 939 2492 ἐκ
969 2437 1150 2510 μερῶν
1201 2436 1618 2508 συμπληροῦται
1648 2436 1711 2490 τὸ

121 2536 267 2589 ὅλον.
309 2534 375 2586 Εἰ
405 2532 462 2585 δὲ
490 2533 720 2586 πάντοτε
763 2532 798 2602 ἡ
829 2529 940 2583 τῶν
964 2531 1178 2583 λεπτῶν
1211 2527 1417 2582 τούτων
1461 2527 1555 2581 καὶ
1580 2527 1710 2581 ἀτό-

126 2643 246 2695 μων
270 2623 415 2694 φορά
445 2622 534 2676 διὰ
570 2621 666 2674 τοῦ
693 2621 852 2692 ἀέρος
878 2621 970 2673 ἐπὶ
997 2620 1096 2690 τὴν
1119 2621 1224 2690 γῆν
1253 2617 1566 2690 καταρρέει,
1601 2633 1712 2685 φα-

123 2717 284 2790 νερὸν
311 2716 371 2769 δὲ
399 2717 482 2769 ὅτι
514 2715 575 2768 ού
611 2713 670 2767 τὸ
713 2714 948 2786 αἰθέριον
972 2707 1111 2777 εἶδος
1150 2715 1230 2776 είς
1270 2711 1444 2766 ταῦτα
1472 2709 1714 2783 θρυπτό-

127 2824 290 2879 μενον
329 2804 698 2858 διασκίδναται
725 2803 852 2874 (τὴν
878 2802 986 2874 γὰρ
1010 2804 1090 2866 εἰς
1117 2800 1188 2855 τὰ
1225 2801 1397 2855 λεπτά
1430 2799 1627 2872 θρύψιν
1650 2815 1711 2852 τε

123 2901 222 2953 καλ⁸
243 2899 495 2967 διάχυσιν
517 2898 551 2967 ἡ
575 2896 668 2949 τοῦ
694 2895 864 2968 πυρὸς
891 2895 1052 2964 φύσις
1074 2895 1148 2963 ού,
1168 2893 1365 2963 πάσχει
1387 2892 1406 2963 )
1434 2909 1450 2924 ο
1490 2892 1711 2960 ἀνάγκη

124 2995 278 3046 πᾶσα
311 2990 536 3043 ἐκείνων
565 2990 664 3058 τὴν
704 2987 835 3058 ὓλην
880 2985 1130 3040 κατιέναι
1179 2983 1478 3046 πιστεύειν,
1508 2975 1582 3035 ὧν
1611 2981 1710 3048 τὴν

123 3080 314 3134 ἄνοδον
344 3079 374 3130 δ
399 3077 558 3143 λόγος
585 3075 674 3129 διὰ
698 3075 805 3129 τῶν
839 3075 1028 3146 ἀτμῶν
1055 3073 1384 3145 ἐθεώρησεν,
1407 3071 1546 3124 ὥστε
1569 3068 1713 3140 ὑγρά

129 3169 232 3240 μὲν
260 3169 394 3221 ὄντα
442 3167 548 3220 ὑπὸ
590 3166 688 3236 τῆς
719 3165 926 3236 θερμῆς
958 3162 1281 3218 ἀνέλκεσθαι
1327 3160 1542 3231 φύσεως
1565 3199 1580 3225 ,
1613 3161 1710 3212 ἐκ-

125 3260 403 3316 καυθέντα
441 3259 498 3311 δὲ
530 3258 620 3312 καὶ
643 3256 816 3327 γεώδη
848 3256 1136 3327 γενόμενα,
1168 3254 1364 3325 μηκέτι
1395 3254 1451 3306 ἐν
1477 3251 1554 3322 τῷ
1585 3251 1716 3322 πυρὶ

128 3350 471 3422 κρατεῖσθαι,
497 3348 631 3402 ἀλλά
655 3348 789 3420 πρὸς
804 3347 901 3418 τὴν
919 3349 1020 3418 γῆν
1045 3346 1202 3400 πάλιν
1227 3341 1712 3398 ἀποκαθίστασθαι.

132 3445 409 3514 Καθάπερ
442 3442 498 3494 δὲ
545 3443 645 3513 τῆς
693 3443 751 3494 ἐν
792 3441 922 3510 ἡμῖν
968 3439 1178 3513 τροφῆς
1229 3439 1308 3500 είς
1355 3437 1557 3507 λεπτήν
1595 3452 1718 3488 τινα

131 3536 402 3603 ποιότητα
440 3533 528 3586 διὰ
554 3533 652 3601 τῆς
685 3530 904 3600 πέψεως
941 3529 1348 3598 ἀλλοιωθείσης,
1379 3519 1422 3594 ᾧ
1454 3525 1520 3580 ἂν
1545 3526 1716 3595 ἐμπε-

138 3629 294 3683 λάσει
321 3627 410 3680 διὰ
441 3627 537 3696 τῆς
564 3623 867 3685 ἀναδόσεως
895 3622 1054 3692 μέρει
1081 3620 1174 3674 τοῦ
1201 3619 1472 3690 σώματος,
1511 3616 1718 3671 ἐκείνου

136 3713 424 3785 προσθήκη
442 3711 501 3764 τὸ
521 3710 898 3779 ἀναδιδόμενον
913 3710 1141 3778 γίνεται,
1177 3709 1264 3761 uti.
1286 3707 1538 3777 ποικίλης
1551 3704 1720 3776 οὔσης

133 3807 193 3857 ἐν
218 3808 286 3875 τῇ
306 3804 562 3857 συστάσει
578 3801 672 3855 τοῦ
691 3800 938 3871 σώματος
950 3801 1048 3870 τῆς
1060 3800 1169 3853 τῶν
1193 3799 1369 3870 μελῶν
1382 3798 1642 3867 διαφορᾶς
1662 3797 1719 3848 ἐν

134 3896 213 3966 τῷ
230 3893 385 3964 ξηρῷ
399 3911 457 3946 τε
475 3893 568 3946 καὶ
598 3891 767 3962 ὑγρῷ,
793 3891 883 3944 καὶ
910 3890 987 3961 τῷ
1006 3891 1214 3944 καίοντι
1239 3890 1332 3942 καὶ
1361 3887 1441 3959 τῷ
1461 3875 1686 3958 ᾧύχοντι
1700 3904 1714 3918 ο

136 3988 266 4058 παρ’
301 3978 376 4038 ὧν
405 3983 471 4037 ἂν
497 3983 722 4053 γένηται
747 3982 807 4035 τὸ
836 3982 936 4052 τῆς
975 3981 1181 4053 τροφῆς
1220 3981 1402 4052 μέρος,
1429 3981 1604 4032 ἐκεῖνο
1635 3979 1721 4047 γί-

132 4095 310 4136 νεται,
353 4075 382 4128 ὃ
425 4074 486 4128 τὸ
530 4075 889 4144 ὑποκείμενον
923 4072 1063 4126 κατά
1101 4072 1264 4140 φύσιν
1297 4072 1444 4125 ἐστὶν
1483 4071 1583 4139 (τὸ
1614 4070 1721 4141 γὰρ

138 4166 474 4235 ἐπικρατοῦν
505 4165 775 4236 εὐκαίρως
816 4165 913 4236 τὴν
945 4163 1253 4234 λεπτότητα
1287 4164 1386 4233 τῆς
1419 4163 1722 4224 ἀναδόσεως

137 4258 318 4328 ἐαυτῷ
350 4255 773 4327 προσῳκείωσε)
795 4271 812 4288 ο
847 4254 938 4307 τὸν
975 4253 1140 4308 αὐτὸν
1169 4254 1371 4324 τρόπον
1393 4251 1724 4322 ἀνεπαίσθη-

139 4367 231 4413 τος
266 4350 478 4417 γίνεται
529 4346 619 4400 διὰ
661 4345 768 4400 τῶν
807 4346 1030 4417 ἀμερῶν
1077 4345 1302 4398 ἐκείνων
1348 4345 1527 4413 ὄγκων
1571 4346 1602 4415 ή
1637 4343 1723 4398 ἀεὶ

137 4439 400 4508 γινομένη
421 4439 486 4506 τῇ
509 4439 578 4508 γῇ
604 4435 910 4507 προσθήκη.
938 4436 1262 4489 Διὸτιπαντὶ
1287 4434 1362 4505 τῷ
1380 4433 1724 4505 ὑποκειμένῳ

1742 3214 1784 3272 C

1809 625 1980 682 supra
2013 610 2254 665 diximus
2287 607 2472 677 modo,
2513 610 2567 662 in
2600 609 2724 678 igne
2740 609 2904 678 positi
2930 610 3249 679 qualitatem
3279 610 3381 663 hu-

1806 698 2008 775 midam
2030 699 2082 752 in
2101 699 2304 754 siccam
2321 706 2665 762 convertunt,
2681 712 2907 754 necesse
2921 707 3025 761 est,
3045 700 3381 770 utquidquid

1803 789 1938 844 illud
1976 788 2164 853 fuerit,
2187 790 2333 860 quod
2363 805 2428 845 ex
2459 790 2568 846 illis
2594 790 2876 845 redactum
2905 791 3089 846 animo
3127 806 3374 862 compre-

1806 877 2178 943 henderimus,
2198 894 2394 950 purum
2427 885 2482 934 et
2502 893 2718 934 aereum
2737 877 2964 947 aliquid,
2994 879 3137 948 quod
3165 879 3382 934 subtili-

1808 979 1919 1025 tate
1956 985 2057 1024 sua
2091 970 2460 1041 cognitionem
2491 970 2727 1041 eﬂ‘ugiat,
2758 971 3080 1041 cogitemus.
3114 969 3209 1026 Sin
3237 972 3385 1041 quis-

1807 1062 1951 1132 piam
1991 1063 2178 1118 sensui
2210 1063 2383 1131 magis
2411 1077 2575 1132 quam
2606 1061 2804 1117 rationi
2837 1062 3166 1118 credendum
3205 1055 3410 1134 putat,

1809 1153 2116 1224 quaeritque
2150 1153 2330 1208 oculis
2357 1153 2636 1208 individua
2675 1168 2739 1207 ac
2768 1168 2909 1209 cmca
2934 1154 3024 1207 illa
3057 1156 3382 1223 corpuscula

1809 1245 2078 1309 contueri,
2116 1245 2164 1300 is
2199 1244 2399 1314 poterit
2440 1259 2618 1298 aerem
2653 1245 2854 1300 talibus
2887 1246 3170 1314 particulis
3210 1245 3381 1300 refer-

1807 1343 1924 1390 tum
1952 1337 2223 1407 aspicere,
2259 1337 2479 1406 quando
2501 1336 2638 1390 radii
2667 1337 2801 1392 solis
2835 1353 2928 1405 per
2961 1337 3258 1392 fenestram
3289 1353 3385 1392 ex-

1812 1428 1977 1498 cepti,
2041 1444 2162 1483 eam
2215 1428 2358 1484 aeris
2410 1436 2619 1498 partem
2679 1427 2967 1484 clariorem
3028 1429 3382 1493 reddiderint,

1809 1535 1931 1590 quae
1969 1521 2259 1590 splendore
2309 1520 2472 1576 fuerit
2518 1521 2810 1578 illustrata.
2848 1521 2948 1577 llic
2986 1521 3129 1577 enim
3172 1522 3384 1576 inlinita

1808 1613 2270 1682 corpusculorum
2301 1612 2355 1666 in
2385 1627 2514 1669 aere
2539 1613 2882 1668 volitantium
2916 1613 3227 1676 mdititudo,
3265 1629 3386 1683 qua:

1809 1702 1865 1756 in
1899 1703 2110 1774 reliquo
2144 1705 2288 1760 aeris
2316 1706 2493 1774 spatio
2529 1706 2704 1761 oculis
2735 1705 2881 1760 cerui
2916 1721 3025 1760 non
3067 1713 3264 1774 potest,
3293 1720 3381 1757 ra-

1810 1793 2024 1850 diorum
2070 1795 2334 1851 beneﬁcio
2371 1798 2715 1868 perspicitur.
2752 1797 2810 1853 Si
2848 1797 2972 1868 quis
3005 1797 3171 1866 igitur
3211 1798 3384 1852 aciem

1806 1886 2088 1942 oculorum
2144 1887 2458 1956 intenderit,
2489 1890 2813 1959 corpuscula
2861 1891 2948 1943 illa
2987 1888 3210 1944 subtilia
3245 1888 3384 1942 assi-

1808 1979 1916 2035 due
1955 1979 2249 2035 delluentia
2279 1979 2535 2036 deorsum
2579 1981 2709 2035 ferri
2749 1981 3067 2050 conspiciet.
3103 1979 3257 2047 Quod
3289 1995 3387 2034 au-

1807 2077 1915 2124 tem
1947 2071 2002 2124 in
2035 2084 2138 2124 una
2166 2079 2322 2141 parte
2352 2071 2496 2126 aeris
2521 2072 2849 2135 ostenditur,
2879 2072 3082 2127 indicio
3103 2082 3209 2137 cst,
3240 2072 3382 2125 idem

1806 2161 1862 2216 in
1897 2160 2154 2216 universo
2201 2161 2404 2216 mundo
2444 2161 2582 2226 ﬁeri,
2621 2161 2889 2232 siquidem
2936 2164 3077 2217 inter
3112 2178 3171 2218 se
3210 2163 3387 2216 conti-

1809 2268 1951 2309 nuus
1981 2261 2085 2315 est,
2126 2262 2180 2310 et
2220 2271 2288 2310 ex
2337 2235 2588 2324 partibus
2626 2262 2969 2326 compactus.
3001 2256 3172 2310 Porro
3221 2257 3266 2312 si
3308 2267 3388 2310 te-

1807 2344 1938 2399 nuia
1971 2345 2085 2400 haec
2118 2346 2507 2416 individuaque
2541 2348 2890 2416 corpuscula,
2924 2363 3045 2417 qua:
3069 2347 3124 2402 in
3157 2347 3381 2421 aereja;

1809 2445 2048 2503 ctantur,
2078 2437 2132 2492 in
2171 2445 2372 2492 terram
2413 2437 2699 2493 deﬂuunt:
2741 2446 3061 2508 certumque
3103 2448 3187 2494 cst
3224 2439 3390 2495 aethe-

1809 2529 1948 2582 riam
2003 2529 2238 2600 speeiem
2291 2544 2402 2585 non
2454 2529 2690 2600 discerpi
2745 2530 2800 2584 in
2847 2546 2910 2586 ea
2957 2545 3059 2586 nec
3107 2531 3388 2601 dissipari.

1810 2621 2030 2691 quando
2086 2619 2518 2677 confractionem
2563 2631 2725 2691 atque
2765 2621 3084 2676 eﬂ‘usionem
3119 2622 3388 2691 ejusmodi

1810 2727 1919 2768 non
1945 2713 2151 2782 patitur
2177 2713 2316 2783 ignis
2348 2721 2540 2766 natura
2567 2731 2580 2768 :
2623 2727 2847 2767 necesse
2874 2721 2950 2768 est
2991 2722 3048 2766 ut
3078 2715 3389 2778 credamus,

1810 2804 2095 2859 materiam
2135 2819 2262 2859 esse
2293 2803 2508 2859 illorum
2543 2819 2828 2874 vaporum,
2863 2820 3095 2874 quorum
3127 2805 3389 2877 digestio-

1810 2910 1934 2949 ncm
1969 2901 2096 2949 ante
2128 2895 2639 2949 consideravimus:
2677 2896 2770 2965 qui
2804 2911 2928 2949 cum
2959 2895 3167 2949 humidi
3201 2896 3331 2961 sint,
3360 2911 3391 2949 a

1811 2982 1986 3036 calida
2027 2983 2382 3038 attrahuntur
2425 2992 2643 3048 natura,
2684 2985 2975 3055 exusliquc
3004 3000 3068 3039 ac
3099 2995 3390 3042 terrestres

1811 3073 2014 3138 eﬂ'ecti,
2040 3089 2146 3129 non
2177 3076 2410 3143 amplius
2435 3075 2488 3129 in
2510 3091 2634 3131 acre
2655 3077 3025 3148 continentur,
3051 3076 3142 3132 sed
3173 3095 3389 3132 rursum

1816 3165 1872 3219 in
1904 3174 2109 3220 terram
2136 3176 2510 3221 revertuntur.
2534 3168 3001 3233 Quemadmodum
3029 3176 3208 3222 autem
3238 3171 3395 3224 cibus

1819 3254 1875 3310 in
1927 3257 2085 3310 nobis
2138 3273 2234 3325 per
2281 3258 2691 3313 concoctionem
2746 3258 2801 3312 in
2849 3268 3064 3314 tenuem
3102 3261 3393 3330 quamdam

1819 3350 2135 3420 qualitatem
2171 3351 2509 3414 immutatur,
2549 3359 2604 3407 et
2642 3353 2953 3423 cuicunque
2980 3354 3227 3423 corporis
3256 3355 3394 3424 parti

1819 3458 1916 3513 per
1948 3442 2307 3511 digestionem
2356 3444 2672 3507 accesserit,
2703 3460 2822 3499 eam
2855 3453 3037 3515 auget,
3076 3461 3306 3514 cumque
3339 3447 3394 3500 in

1819 3531 2070 3601 corporis
2101 3532 2495 3588 constitutione
2529 3533 2680 3586 varia
2716 3534 2788 3589 sit
2817 3535 3181 3588 membrorum
3212 3534 3263 3588 in
3296 3534 3398 3588 sic-

1820 3640 1886 3680 co
1915 3635 1969 3679 et
1999 3625 2246 3690 humido,
2281 3635 2336 3678 et
2364 3624 2542 3678 calido
2577 3633 2632 3680 et
2665 3622 2865 3694 frigido
2896 3626 3220 3691 diﬂ‘erentia,
3261 3643 3397 3696 quo-

1819 3732 2036 3786 cunque
2091 3727 2393 3772 coucoctus
2449 3720 2808 3786 digestusque
2863 3721 3203 3788 pervenerit,
3272 3721 3398 3774 talis

1818 3809 2020 3872 evadit,
2055 3809 2236 3878 qualis
2274 3818 2358 3863 est
2392 3823 2456 3862 ea
2498 3810 2749 3878 corporis
2777 3824 2902 3879 pars
2937 3825 2967 3864 a
3015 3825 3119 3880 qua
3164 3813 3400 3881 suscipi»

1819 3909 1931 3964 tur,
1961 3917 2081 3970 quae
2118 3900 2338 3971 quidem
2379 3898 2684 3970 opportune
2723 3903 3042 3957 tenuitatem
3079 3902 3400 3973 digestionis

1821 3991 2257 4060 comprehendit,
2283 4006 2513 4061 eamque
2541 3991 2643 4045 sibi
2667 3993 3063 4054 accommodat,
3087 4002 3140 4045 et
3169 3992 3398 4046 similem

1821 4090 1886 4129 ac
1916 4077 2192 4146 propriam
2223 4077 2397 4132 reddit
2430 4096 2444 4132 :
2473 4077 2662 4132 eodem
2689 4089 2846 4147 pacto
2875 4081 3001 4134 licet
3037 4096 3144 4134 non
3192 4081 3398 4134 sentia-

1820 4176 1931 4230 tur,
1979 4168 2200 4223 assidua
2249 4177 2407 4224 terra:
2447 4169 2504 4222 (lt
2561 4171 2806 4225 accessio
2854 4186 2949 4239 per
2987 4172 3266 4226 individua
3307 4171 3398 4227 illa

1822 4239 2188 4328 corpuscula:
2215 4259 2581 4324 Quamobrem
2624 4261 2887 4330 quidquid
2927 4263 3124 4316 alicubi
3160 4266 3402 4320 cohmse-

1823 4350 1916 4414 rit,
1955 4357 2009 4404 et
2038 4350 2326 4414 eoaluerit,
2363 4350 2511 4405 illius
2546 4351 2716 4420 partis
2756 4367 2784 4403 a
2812 4367 2920 4420 qua
2951 4361 3264 4422 susceptum
3294 4365 3400 4416 est,

1827 4451 2081 4496 naturam
2115 4443 2285 4504 subit,
2320 4441 2486 4511 ﬁtque
2513 4443 2669 4513 gleba
2699 4443 2751 4495 in
2787 4442 2967 4512 gleba,
3007 4458 3171 4498 arena
3202 4445 3256 4498 in
3280 4461 3403 4500 are-

138 4527 478 4600 συμφυέντα,
506 4528 643 4598 ὅπερ
669 4528 736 4580 ἂν
757 4527 877 4580 κατ’
904 4527 962 4580 οὐ
973 4525 1144 4601 σίανῇ
1173 4527 1234 4580 τὸ
1255 4526 1559 4597 δεχόμενον,
1588 4527 1715 4597 πρὸς

1827 4548 1919 4605 ua,
1959 4533 2098 4603 lapis
2146 4533 2201 4592 in
2255 4535 2453 4604 lapide,
2491 4541 2544 4588 et
2584 4533 2638 4587 in
2692 4534 2950 4588 universo
2979 4534 3317 4602 universum,
3347 4546 3403 4589 ct.

140 4622 364 4691 ἐκείνην
391 4619 654 4691 ἠλλοιώθη
698 4619 798 4690 τὴν
836 4620 1021 4688 φύσιν,
1063 4620 1159 4674 καὶ
1185 4619 1403 4688 ἐγένετο
1449 4619 1619 4689 βῶλος
1664 4621 1723 4671 ἐν

139 4713 325 4783 βώλῳ,
359 4713 454 4764 καὶ
481 4710 710 4782 ψάμμος
737 4711 794 4763 ἐν
810 4711 1041 4782 ψάμμῳ,
1067 4712 1164 4764 καὶ
1191 4711 1337 4774 λίθος
1358 4711 1416 4762 ἐν
1440 4710 1603 4780 λίθῳ,
1632 4709 1725 4762 καλ¹

139 4807 198 4858 ἐν
224 4804 394 4857 παντὶ
416 4805 543 4866 πᾶν,
573 4803 766 4871 ὅτιπερ
789 4804 854 4856 ἂν
876 4803 1013 4874 τύχῃ
1043 4802 1152 4855 τῶν
1184 4803 1554 4874 στερροτέρων
1573 4801 1726 4867 δεξά-

139 4913 327 4966 μενον,
369 4894 505 4966 πρὺς
529 4893 590 4946 τὸ
639 4893 973 4964 ἐπικρατοῦν
1007 4891 1291 4962 μετετέθη.
1324 4893 1386 4944 Εἰ
1419 4891 1474 4944 δὲ
1515 4891 1724 4944 δυσπα-

139 4990 409 5060 ρᾱδεκτον
445 4984 612 5038 οἴεταί
655 5002 738 5048 τις
788 4983 883 5037 τοῦ
931 4983 1078 5037 λίθου
1125 4983 1225 5053 τὴν
1262 4982 1585 5037 ἀντιτυπίαν
1626 4981 1727 5052 τῆς

135 5080 400 5147 τοιαύτης
442 5078 777 5147 προσθήκης,
818 5074 920 5130 κᾶν
947 5078 974 5129 ὁ
1002 5075 1159 5145 λόγος
1183 5074 1244 5128 τὸ
1267 5074 1559 5128 ἀκόλουθον
1588 5071 1687 5145 ἔχῃ
1708 5111 1724 5135 ,

137 5175 292 5242 ὅμως
323 5169 598 5240 ἐγὼπρὺς
629 5168 754 5231 τοὺς
779 5167 955 5222 ταῦτα
986 5167 1319 5240 φρονοῦντας
1344 5207 1359 5228 ,
1385 5166 1537 5220 οὐδὲν
1574 5162 1727 5236 οἶμαι

135 5268 251 5320 δεῖν
277 5263 699 5334 ἀντιμάᾖεσθαι.
727 5263 891 5318 Οὐδὲν
914 5263 1021 5335 γὰρ
1049 5263 1160 5331 ἔξει
1184 5263 1247 5317 τὸ
1266 5261 1414 5324 εἰκὸς
1440 5264 1474 5332 ὴ
1503 5261 1725 5333 θεωρία,

138 5361 230 5414 διὰ
261 5357 597 5427 πνευμάτων
628 5356 736 5408 ἀπὸ
777 5354 871 5408 τοῦ
899 5355 972 5426 μὴ
1006 5353 1426 5426 περιδεχομένου
1448 5391 1462 5415 ,
1495 5353 1632 5424 πρὸς
1669 5352 1730 5404 τὸ

143 5448 528 5520 συμφυόμενον
558 5446 656 5515 τῆς
675 5444 884 5500 ἄνωθεν
905 5445 998 5498 τοῦ
1019 5444 1254 5514 γεώδους
1275 5442 1534 5513 ἐπιρροῆς
1562 5458 1730 5510 μετα-

139 5538 473 5614 πιπτούσης.
494 5537 634 5590 Ἀλλ’
656 5539 771 5607 ἐρεῖ
785 5554 868 5600 τις
886 5536 1013 5600 ἴσως
1031 5537 1104 5606 μὴ
1124 5533 1365 5614 πρὸς-τὸν
1386 5531 1513 5584 ἴδιον
1530 5531 1731 5584 σκοπὸν

143 5609 366 5705 βλέπειν
386 5632 475 5684 του
493 5630 652 5696 λόγον
677 5632 710 5699 ἡ
722 5629 858 5699 μῶν,
873 5628 1010 5696 ἀλλά
1026 5609 1321 5699 προθέσθαι
1342 5624 1440 5695 μὲν
1456 5622 1732 5687 ἀποδεῖξαι

141 5725 246 5797 τὴν
262 5721 430 5794 ὑγρὰν
457 5722 620 5791 φύσιν
640 5722 731 5773 ἐπὶ
747 5719 840 5773 τοῦ
857 5719 917 5784 ἐξ
943 5720 1114 5792 ἀρχῆς
1136 5719 1332 5789 μέτρου
1349 5715 1508 5786 μέχρι
1535 5715 1733 5778 παντὸς

140 5817 530 5889 διαμένουσαν,
565 5813 752 5866 λαθεῖν
784 5812 841 5865 δὲ
877 5814 937 5864 τί»
965 5812 1203 5866 ἐναντίον
1238 5807 1731 5872 κατασκευάζοντα.

340 5911 612 5972 Parnm.
665 5907 782 5966 Gn.
823 5906 1034 5968 XLIV.

1823 4624 2189 4696 quodcunque
2228 4624 2393 4680 fuerit
2431 4624 2689 4689 solidum,
2721 4624 2853 4678 illud
2878 4641 2905 4678 a
2941 4640 3051 4692 quo
3077 4625 3402 4695 suscipitur,

1822 4715 1878 4770 in
1917 4714 2158 4782 ejusdem
2190 4723 2442 4769 naturam
2474 4722 2863 4770 commutatur.
2898 4715 3054 4780 Quod
3101 4716 3147 4770 si
3192 4719 3316 4785 quis
3349 4717 3404 4770 in

1823 4805 2001 4873 lapide
2034 4812 2256 4875 propter
2290 4804 2548 4859 duritiam
2578 4814 2731 4876 putet
2761 4820 2883 4861 esse
2909 4805 3144 4870 dillicile,
3184 4807 3310 4861 licet
3350 4807 3404 4863 id

1823 4898 2003 4967 ipsum
2049 4898 2192 4950 ratio
2238 4898 2586 4967 persuadeat,
2633 4913 2733 4969 ego
2773 4905 2955 4952 tamen
3001 4913 3126 4952 cum
3169 4898 3262 4952 illo
3293 4914 3405 4952 non

1825 4987 2137 5042 dccertaho.
2175 4985 2542 5040 Nihilominus
2574 4987 2718 5040 enim
2743 4985 3080 5048 conﬁcietur,
3111 4984 3255 5053 quod
3279 5000 3408 5052 pro-

1825 5078 2059 5148 positum
2089 5085 2192 5141 est,
2216 5091 2340 5131 cum
2364 5077 2642 5132 terrestris
2670 5076 2898 5130 materia
2924 5076 3180 5129 deorsum
3205 5073 3401 5140 ﬂuens,

1827 5183 1858 5222 a
1890 5167 2135 5239 partibus
2166 5182 2284 5222 eam
2326 5183 2435 5222 non
2476 5165 2903 5236 suscipientibus
2938 5165 3004 5218 ad
3036 5165 3406 5233 suscipientes

1828 5277 1858 5314 a
1888 5261 2062 5315 ventis
2087 5257 2473 5314 transferatur.
2501 5259 2568 5310 At
2599 5257 2799 5327 aliquis
2821 5256 2964 5312 dicet
3000 5256 3254 5316 fortasse,
3288 5268 3406 5307 Ora-

1830 5353 2031 5406 tionem
2057 5361 2298 5404 nostram
2327 5365 2439 5404 non
2473 5363 2538 5404 eo
2574 5349 2817 5412 tendere,
2843 5363 2951 5418 quo
2974 5345 3358 5417 proposuimus
3388 5362 3402 5398 :

1829 5445 1989 5498 nobis
2033 5443 2182 5498 enim
2231 5442 2403 5497 fuisse
2460 5442 2830 5511 propositum,
2893 5448 2952 5494 ut
2991 5436 3406 5494 oslenderemus

1832 5551 2028 5606 aquam
2061 5551 2277 5605 semper
2309 5537 2362 5589 in
2386 5549 2447 5589 ea
2475 5550 2753 5598 mensura,
2783 5549 2942 5603 quam
2965 5532 3120 5586 initio
3145 5531 3404 5594 obtinuit,

1833 5640 2192 5696 permanere;
2229 5623 2602 5694 imprudenter
2631 5633 2809 5678 autem
2845 5625 2973 5678 illuc
2999 5637 3121 5678 esse
3155 5637 3406 5692 progres-

1833 5732 1948 5779 sos,
1993 5724 2052 5770 ut
2075 5717 2410 5770 contrarium
2448 5715 2938 5770 confirmaremus:
2982 5717 3096 5770 sive
3135 5728 3282 5769 enim
3324 5713 3409 5766 di-

1837 5806 1971 5878 gesti
2001 5819 2230 5876 vapores
2262 5804 2324 5859 ‘in
2368 5806 2490 5874 igne
2519 5803 2863 5872 cousidcant,
2906 5805 3022 5862 sive
3070 5809 3407 5857 revertantur

3087 5898 3120 5947 4
