3880 6434
545 393 644 445 to?
1777 395 1834 454 S.
1875 395 2108 454 GREGO

2231 355 2519 452 mssast
3712 404 3823 460 ms

546 523 597 574 in
628 527 827 572 terram
857 535 869 570 :
910 524 1138 585 utraque
1184 531 1241 569 re
1277 515 1692 572 diminutionem
1725 531 1880 587 aqua:
1917 517 2110 586 pariter

2224 513 2347 569 Εἴτε
2373 515 2482 587 γὰρ
2505 518 2566 569 ὲν
2593 515 2671 587 τῷ
2704 517 2838 587 πυρὶ
2865 515 2926 570 τὸ
2957 515 3343 586 ἀναδιδόμενον
3376 516 3546 587 μένοι,
3577 519 3687 571 εἰτε
3719 521 3818 575 καὶ

541 610 718 679 sequi,
749 622 921 678 eoque
949 608 1070 676 ipso
1113 607 1326 676 cupiam
1371 597 1637 677 aquarum
1685 607 1924 671 ostendi,
1973 608 2110 678 quod

2230 607 2494 678 ξηρανθὲν
2512 607 2672 662 πάλιν
2687 609 2781 662 ἐπὶ
2795 607 2894 677 τὴν
2916 608 3019 678 γῆν
3043 607 3420 678 ὲπανέρχοιτο,
3439 610 3529 678 ῐση
3552 610 3673 664 καθ’
3689 613 3820 665 ἑκά-

541 700 766 755 omnino
822 714 1037 770 semper
1083 701 1464 755 absumantur.
1515 698 1902 755 Necessarium
1954 700 2110 770 igitur

2226 716 2384 772 τερον
2397 701 2438 771 ,ἡ
2478 698 2572 753 τοῦ
2597 699 2788 764 ὓδατος
2811 699 3109 763 ἐλάττωσις
3140 699 3295 753 ἔσται
3312 717 3324 730 ·
3363 701 3459 754 καὶ
3482 701 3632 755 οὐδὲν
3652 698 3820 772 ⁴ἧττον

539 792 665 855 erit,
698 800 757 844 ut
787 806 970 845 rerum
996 799 1248 845 naturam
1293 792 1487 846 iterum
1531 791 1964 854 consideremus,
2008 805 2110 862 qua

2223 770 2315 844 διά
2335 770 2434 862 τῆς
2455 789 2804 861 κατασκευῆς
2831 790 3034 861 ταύτης
3060 790 3336 859 ἀναγκαία
3355 790 3627 846 δείκνυται
3719 792 3818 847 τοῦ

541 880 844 950 disputatio
882 889 1073 936 nostra
1102 881 1308 937 rectius
1353 895 1450 950 per
1479 881 1653 951 ipsam
1691 879 1758 934 ad
1797 881 1956 934 ﬁnem
1991 895 2110 950 pro-

2226 883 2396 954 ὑγροῦ
2437 883 2744 954 περιουσία,
2787 883 2876 937 διὰ
2910 883 2971 936 τὸ
3005 882 3223 946 πάντως
3255 883 3430 936 εἰσαεὶ
3450 883 3817 939 δαπανᾶσθαι.

541 973 778 1042 positum
810 972 1168 1043 perducatur.

2228 974 2437 1027 Οὐκοῦν
2459 975 2752 1043 ἀναγκαῖον
2767 975 2832 1029 ἂν
2853 973 2936 1045 εἴη
2970 974 3107 1046 πρὸς
3131 973 3224 1028 τὸν
3251 974 3406 1043 λόγον
3420 973 3629 1040 τοῦτον,
3652 978 3819 1032 πάλιν

575 1311 582 1320 ί
611 1247 871 1316 Quaenam
906 1249 1074 1319 igitur
1102 1254 1188 1301 est
1233 1260 1415 1301 rerum
1457 1246 1690 1300 natura?
1725 1245 1865 1302 Nihil
1905 1262 2118 1314 eorum,

540 1356 664 1410 quae
709 1346 1012 1393 cernuntur
1065 1338 1259 1392 ordine
1311 1347 1510 1391 terram
1562 1337 1792 1400 ambire,
1835 1346 2119 1400 constans,

543 1434 780 1496 ﬁrmum,
821 1440 875 1485 et
922 1431 1264 1485 immutabile
1314 1429 1677 1484 constitutum
1724 1437 1810 1484 est
1855 1443 1887 1482 ι
1935 1444 2119 1484 rerum

537 1524 783 1578 omnium
815 1523 1010 1594 opiﬁee
1059 1519 1210 1577 Deo:
1254 1521 1351 1576 sed
1386 1521 1568 1576 omnia
1605 1523 1748 1575 inter
1778 1536 1838 1576 se
1875 1520 2121 1576 vicissim

543 1625 968 1672 commutantur.
998 1616 1144 1670 inest
1171 1614 1316 1670 enim
1347 1612 1594 1684 quaedam
1622 1614 1726 1677 vis,
1754 1613 1914 1682 cujus
1938 1627 2125 1683 perpe-

543 1717 637 1762 tuo
667 1707 905 1776 quodam
945 1706 1003 1760 in
1034 1704 1224 1759 orbem
1262 1711 1413 1758 motu
1460 1710 1664 1757 cuncta
1708 1702 1823 1757 hac
1859 1702 2122 1757 inferiora

545 1800 1014 1867 circumaguntur,
1059 1803 1112 1851 et
1145 1801 1548 1866 permutantur,
1581 1809 1910 1864 rursumque
1948 1794 2003 1848 in
2037 1809 2120 1849 se-

2227 1065 2326 1135 τὴν
2349 1065 2512 1134 φύσιν
2531 1065 2640 1118 τῶν
2663 1066 2833 1120 όντων
2859 1067 3300 1136 κατανοῆσαι,ὼς
3321 1065 3387 1120 ἂν
3405 1067 3475 1120 δι’
3487 1068 3661 1139 αὐτῆς
3679 1071 3819 1141 ἡμῖν

2227 1157 2512 1228 εύοδωθείη
2541 1158 2676 1231 πρὸς
2709 1158 2800 1211 τὸν
2821 1158 3182 1232 προκείμενον
3209 1158 3413 1212 σκοπὸν
3440 1159 3502 1212 τὸ
3529 1160 3815 1232 θεώρημα.

2299 1249 2395 1312 Τίς
2443 1245 2535 1303 οὖν
2574 1251 2606 1320 ἠ
2643 1249 2839 1318 φύσις;
2896 1249 3060 1302 Ούδὲν
3100 1249 3208 1302 τῶν
3262 1250 3618 1321 στοιχειωδῶς
3657 1253 3714 1306 ὲν
3743 1257 3816 1324 τῇ

2230 1337 2486 1392 συστάσει
2537 1337 2632 1392 τοῦ
2667 1339 2948 1410 περιγείου
2978 1339 3182 1409 κόσμου
3215 1332 3607 1411 θεωρουμένων
3654 1343 3818 1415 ἄτρε-

2229 1431 2363 1483 π-τόν
2416 1447 2476 1482 τε
2537 1430 2630 1483 καί
2685 1429 3044 1484 ἀναλλοίωτον
3099 1431 3253 1502 παρά
3308 1431 3404 1485 τοῦ
3466 1433 3815 1504 Δημιουργοῦ

2227 1523 2335 1576 τῶν
2396 1523 2532 1577 ὅλων
2597 1523 2894 1594 πεποίηται
2924 1540 2938 1555 ο
3003 1522 3142 1576 ἀλλά
3210 1524 3390 1578 πάντα
3447 1525 3506 1578 ὲν
3566 1525 3817 1596 ἀλλήλοις

2227 1613 2374 1675 ἐστὶ,
2416 1613 2511 1668 καὶ
2570 1615 2636 1668 δι’
2676 1614 2920 1685 ἀλλήλων
2977 1615 3386 1684 διακρατεῖται,
3422 1616 3522 1687 τῆς
3576 1617 3819 1687 τρεπτῆς

2225 1705 2508 1777 δυνάμεως
2565 1706 2655 1762 διά
2710 1725 2857 1771 τινος
2920 1707 3210 1776 ἐγκυκλίου
3271 1710 3575 1778 περιφορᾶς
3633 1708 3818 1762 πάντα

2230 1801 2311 1862 εἰς
2374 1799 2582 1870 ἄλληλα
2635 1798 2706 1852 τὰ
2766 1798 2942 1870 γεώδη
3005 1799 3448 1870 μεταϐαλλούσης
3475 1841 3489 1866 ,
3561 1800 3658 1852 καὶ
3715 1800 3818 1854 ἀπ’

545 1889 777 1959 metipsa
810 1889 1167 1942 reducuntur.
1193 1884 1326 1950 Quae
1353 1885 1573 1955 quidem
1596 1884 1961 1939 commutatio
1989 1898 2110 1938 cum

2218 1889 2462 1962 ἀλλήλων
2514 1893 2594 1954 εἰς
2649 1891 2819 1944 ἑαυτὰ
2866 1889 3028 1943 πάλιν
3063 1889 3476 1961 ἑπαναγούσηςν
3529 1892 3698 1962 αὐτῆς
3754 1892 3818 1945 δὲ

544 1981 657 2036 ﬁeri
689 1994 970 2050 nunquam
1003 1984 1206 2041 cesset,
1243 1991 1474 2032 necesse
1503 1984 1611 2042 est,
1651 1977 1706 2032 in
1734 1977 1840 2031 alia
1876 1975 2118 2031 vicissim

537 2071 720 2126 exmia
754 2070 1012 2133 transire,
1053 2079 1106 2124 et
1145 2085 1243 2139 per
1281 2070 1471 2124 eadem
1510 2069 1708 2124 iterum
1760 2067 1985 2138 vestigia
2032 2083 2121 2122 reo

538 2178 739 2218 meare.
770 2162 913 2216 Nihil
953 2162 1098 2216 enim
1135 2163 1330 2217 horum
1365 2177 1397 2216 a
1436 2177 1496 2217 se
1527 2161 1646 2242 ipso
1672 2168 2117 2226 conservaretur,

537 2255 645 2309 nisi
672 2269 796 2308 cum
832 2253 1006 2308 altero
1038 2267 1236 2322 genere
1279 2253 1630 2307 commistum
1675 2259 1928 2305 naturam
1965 2266 2119 2306 suam

539 2347 832 2400 obtineret.
867 2343 1179 2410 Quomodo,
1216 2343 1457 2414 inquies,
1494 2343 1588 2396 illa
1626 2339 1998 2396 commutandi
2040 2342 2122 2397 vis

538 2453 635 2509 per
663 2444 902 2508 quatuor
952 2436 1227 2492 elementa
1266 2435 1324 2490 in
1363 2435 1554 2490 orbem
1588 2434 1894 2490 commeat?
1937 2431 2122 2504 Neque

535 2533 680 2587 enim
713 2530 968 2601 quaelibet
1003 2543 1067 2585 ex
1099 2528 1432 2598 quibuslibet
1465 2527 1708 2582 vicissim
1745 2527 1902 2592 ﬁunt,
1947 2541 2123 2596 neque

537 2620 990 2688 commutationis
1023 2620 1267 2675 circulus
1298 2634 1396 2689 per
1433 2633 1522 2674 res
1563 2617 1809 2688 singulas
1840 2618 2124 2687 aequaliter

535 2724 763 2785 vagatur
796 2731 808 2768 :
849 2713 942 2769 sed
992 2727 1135 2784 aqua
1175 2709 1398 2780 quidem
1441 2725 1539 2780 per
1574 2724 1804 2779 vapores
1843 2710 1896 2763 in
1938 2723 2119 2763 aerem

535 2806 868 2871 refunditur,
901 2819 1134 2872 vapores
1164 2811 1352 2858 autem
1400 2803 1601 2873 pabulo
1644 2799 1877 2856 (lanium
1912 2802 2122 2857 submi-

534 2899 766 2953 nistrato
801 2905 1093 2952 terrestres
1143 2895 1302 2960 ﬁunt,
1334 2895 1391 2948 in
1435 2894 1672 2948 cinerem
1706 2891 2121 2962 'quodammodo

533 2992 761 3054 redacti,
810 2998 1167 3058 posteaquam
1215 3002 1344 3042 eum
1398 2990 1522 3056 igne
1575 2985 1776 3041 versati
1819 2993 1967 3042 sunt.
2022 2984 2120 3042 llis

536 3097 664 3136 vero
696 3080 969 3150 susceptis
999 3087 1142 3133 terra
1187 3077 1514 3132 mutationis
1551 3077 1605 3130 in
1645 3092 1705 3131 se
1731 3076 1996 3130 circulum
2041 3076 2115 3130 si-

531 3172 646 3226 stit.
678 3169 865 3241 Neque
891 3170 1039 3224 enim
1073 3184 1230 3240 aqua:
1278 3177 1474 3222 natura
1502 3182 1697 3222 rursus
1731 3175 1909 3221 ortum
1949 3167 2113 3222 habet

532 3281 560 3316 e
595 3273 762 3318 terra.
800 3262 919 3332 Qua
963 3262 1182 3332 quidem
1223 3262 1438 3316 ratione
1487 3259 1819 3330 relinquitur
1861 3260 2114 3316 conside—

532 3354 786 3419 randum,
818 3362 997 3408 utrum
1029 3363 1175 3407 terra
1203 3353 1256 3407 in
1297 3367 1452 3423 aqua:
1475 3359 1727 3406 naturam
1753 3352 1950 3406 mutari
1981 3367 2108 3422 pos-

529 3451 628 3503 sit.
665 3445 823 3513 Quod
855 3447 984 3501 dum
1027 3447 1446 3516 investigamus,
1480 3459 1644 3500 nemo
1671 3445 1972 3499 orationem
2007 3460 2110 3500 no-

533 3549 704 3596 stram
741 3547 801 3594 ut
836 3539 1138 3609 longiorem
1193 3546 1435 3593 accuset.
1471 3535 1734 3593 Videmus
1761 3553 1824 3592 ea
1863 3551 1984 3608 quae
2013 3551 2112 3597 na.-

533 3641 656 3686 tura
690 3640 817 3687 sunt
861 3632 1030 3695 sicca,
1079 3637 1276 3701 sponte
1310 3642 1408 3684 sua
1450 3629 1690 3684 naturali
1717 3629 1951 3699 quadam
1984 3643 2112 3700 pro-

529 3722 761 3791 prietate
797 3721 1100 3776 madeﬁeri.
1141 3719 1208 3775 Ut
1245 3721 1298 3774 in
1332 3720 1446 3776 sale
1495 3720 1623 3776 licet
1661 3721 1885 3786 intueri,
1915 3723 2110 3777 metal-

529 3819 622 3883 lis,
665 3828 721 3873 et
762 3820 817 3878 in
856 3818 926 3873 iis
965 3833 1087 3889 quae
1129 3831 1192 3872 ex
1233 3816 1468 3873 humore
1513 3817 1700 3888 aliquo
1730 3815 2111 3888 conglaciante

529 3910 866 3964 consistunt.
905 3907 1109 3963 Horum
1139 3922 1264 3962 cum
1298 3907 1520 3962 siccitas
1551 3908 1772 3978 propria
1800 3907 1892 3974 sit,
1925 3914 2110 3960 tamen

529 3999 577 4052 si
606 3999 830 4068 quidam
859 4013 925 4053 ex
957 3996 1094 4066 ipsis
1118 3995 1301 4065 liquor
1331 3995 1650 4058 descendat,
1693 3991 1928 4048 humida
1949 3991 2106 4056 ﬁunt,

528 4087 947 4156 siccitatemque
992 4099 1148 4140 suam
1191 4084 1244 4138 in
1291 4085 1566 4140 humidam
1610 4082 1930 4154 qualitatem
1977 4095 2110 4136 con-

2219 1981 2320 2052 τῆς
2404 1981 2746 2045 ἀλλοιώσεως
2826 1981 3124 2044 ἀπαύστως
3197 1983 3256 2036 ὲν
3337 1985 3450 2046 τοῖς
3528 1985 3818 2054 στοιχείοις

2220 2072 2646 2143 ἐνεργουμένης,
2711 2073 2925 2142 ἀνάγκη
2995 2073 3176 2128 πάντα
3241 2075 3322 2137 εἰς
3385 2074 3591 2145 ἄλληλα
3649 2093 3819 2146 μετα-

2222 2161 2460 2223 ϐαίνειν,
2515 2162 2843 2232 έξιστάμενά
2905 2180 2962 2215 τε
3019 2165 3113 2216 ἀπ’
3169 2163 3450 2234 ἀλλήλων,
3504 2165 3596 2218 καὶ
3648 2165 3818 2220 πάλιν

2224 2253 2366 2306 κατὰ
2407 2253 2469 2306 τὸ
2502 2249 2620 2307 ἶσον
2671 2254 2922 2324 ἀλλήλοις
2955 2255 3376 2326 ὲπεμὸαίνοντα.
3408 2257 3483 2309 Ού
3520 2257 3628 2329 γὰρ
3660 2259 3725 2312 ἂν
3757 2277 3816 2312 τι

2222 2344 2428 2398 τούτων
2458 2343 2758 2415 φυλαχθείη
2801 2347 2884 2414 ἐφ’
2919 2345 3137 2411 ἑαυτοῦ,
3173 2348 3220 2399 εί
3265 2347 3338 2418 μὴ
3364 2349 3398 2417 ἡ
3437 2349 3572 2418 πρὸς
3610 2349 3675 2401 τὸ
3701 2351 3818 2403 ἑτε-

2228 2436 2446 2506 ρογενὲς
2467 2436 2724 2506 ἐπιμιξία
2755 2437 3075 2508 διακρατοίη
3108 2437 3208 2508 τὴν
3241 2437 3424 2506 φύσιν.
3463 2438 3587 2503 Πῶς
3609 2435 3707 2492 οὖν
3735 2440 3818 2492 εί-

2223 2545 2317 2580 ποι
2345 2545 2430 2591 τις
2460 2527 2527 2581 ἂν
2546 2567 2560 2591 ,
2596 2526 2684 2580 διὰ
2723 2527 2831 2579 τῶν
2871 2527 3154 2597 τεσσάρων
3189 2529 3290 2598 τὴν
3321 2528 3728 2599 μεταϐλητικήν
3751 2548 3814 2582 τε

2224 2620 2320 2672 καὶ
2353 2618 2708 2688 ἀλλοιωτικὴν
2736 2619 2998 2688 δύναμιν,
3031 2619 3364 2690 περιοδεύειν
3393 2620 3812 2688 κυκλεύουαανς

2223 2712 2300 2765 Οὐ
2325 2712 2431 2783 γὰρ
2461 2713 2637 2765 πάντα
2676 2711 2742 2763 δι’
2773 2711 3021 2781 ἀλλήλων
3060 2713 3270 2780 γίνεται
3293 2755 3309 2778 ,
3342 2713 3464 2766 οὐδὲ
3496 2712 3564 2766 δι’
3599 2714 3812 2782 ὁμαλοῦ

2222 2807 2252 2858 ό
2289 2804 2388 2873 τῆς
2441 2801 2780 2865 ἀλλοιώσεως
2829 2803 3028 2866 κύκλος
3054 2843 3069 2866 ,
3103 2803 3172 2856 δι’
3220 2805 3452 2857 ἑκάστου
3485 2803 3594 2857 τῶν
3630 2805 3811 2858 ὄντων

2225 2896 2560 2965 περιχωρεῖ,
2597 2894 2735 2947 ἀλλὰ
2768 2894 2828 2946 τὸ
2861 2895 2959 2964 μὲν
2996 2895 3139 2965 ὕδωρ
3187 2895 3327 2964 πρὸς
3377 2895 3473 2947 τὸν
3518 2896 3659 2966 ἀέρα
3704 2896 3799 2950 διὰ

2223 2983 2332 3037 τῶν
2384 2983 2576 3053 ἀτμῶν
2628 2984 2898 3060 ἀνεχέθη,
2945 2987 2993 3037 οἰ
3025 2985 3081 3038 δὲ
3120 2986 3284 3056 ἀτμοὶ
3313 2985 3412 3057 τὴν
3455 2988 3631 3056 φλόγα
3683 2989 3814 3060 θρέ-

2221 3075 2423 3146 ψαντες
2461 3051 2630 3129 πάλιν
2674 3051 3094 3147 ἀπεγεωθησαν,
3138 3051 3250 3132 οἷόν
3304 3051 3387 3142 τις
3435 3051 3630 3132 σποδιά
3663 3051 3811 3150 μετὰ

2141 3133 2183 3192 c
2215 3133 2276 3216 τὸ
2305 3164 2382 3233 τῷ
2403 3133 2552 3236 *πυρὶ
2586 3133 2962 3234 καθομιλῆσαι.
2979 3133 3262 3236 γενόμενοι
3291 3183 3304 3196 ·
3410 3167 3468 3220 δὲ
3509 3167 3582 3236 γῆ
3633 3133 3812 3223 ταῦτα

2218 3255 2490 3326 δεξαμένη
2537 3254 2764 3325 ἔστησεν
2813 3256 2871 3306 ἐν
2940 3255 3109 3325 ἑαυτῇ
3168 3255 3260 3308 τὸν
3306 3255 3408 3326 τῆς
3464 3256 3813 3323 ἀλλοιώσεως

2212 3348 2432 3420 δρόμον.
2500 3346 2670 3401 Οὔπω
2725 3347 2835 3417 γὰρ
2895 3347 3221 3419 ἐξήτασται,
3281 3350 3330 3401 εἰ
3377 3350 3411 3420 ὴ
3456 3347 3551 3403 τοῦ
3609 3349 3810 3415 ὓδατος

2213 3440 2377 3510 φύσις
2421 3442 2487 3494 ὲκ
2527 3440 2630 3510 γῆς
2687 3439 2799 3509 ἔχει
2825 3440 2923 3510 τὴν
2972 3440 3207 3509 γένεσιν.
3258 3440 3468 3494 Οὐκοῦν
3512 3441 3691 3513 τούτῳ
3728 3444 3811 3513 τῷ

2217 3532 2494 3602 σκέμματι
2540 3531 2824 3593 λείπεται,
2860 3531 2912 3583 εἰ
2955 3530 3182 3585 δυνατόν
3242 3533 3362 3584 ἐστι
3393 3531 3492 3603 τὴν
3558 3535 3663 3602 γῆν
3723 3535 3812 3600 εἰς,

2214 3622 2406 3687 ὕδατος
2467 3624 2803 3694 μεταστῆναι
2845 3623 3026 3693 φύσιν.
3075 3623 3300 3688 Πάντως
3341 3624 3398 3677 δὲ
3454 3625 3628 3689 οὐδεὶς
3669 3630 3812 3697 ἡμῖν

2213 3715 2531 3787 ἀδολεσχίαν
2561 3714 2941 3784 ὲπεγκαλέσει,
2977 3715 3044 3768 δι’
3075 3707 3150 3768 ὧν
3181 3714 3247 3768 ἂν
3295 3710 3363 3786 ἦν
3408 3715 3630 3769 δυνατὸν
3666 3718 3810 3770 ἀνα-

2211 3806 2436 3878 ζητοῦσι
2469 3807 2528 3860 τὸ
2579 3808 2638 3858 ὲν
2671 3809 2787 3870 τοῖς
2831 3806 3146 3877 εἰρημένοις
3189 3805 3504 3860 ἀκόλουθον.
3553 3807 3811 3878 Ὀρῶμεν

2209 3898 2388 3953 τοίνυν
2416 3896 2584 3951 πολλά
2611 3897 2720 3951 τῶν
2759 3896 2959 3968 ξηρῶν,
2985 3897 3312 3967 αὐτομάτως
3353 3896 3420 3950 ἐκ
3444 3915 3590 3963 τινος
3639 3917 3810 3968 φυσι-

2211 3990 2317 4060 κῆς
2393 3990 2655 4060 ἰδιότητος
2707 3989 3078 4060 ύγραινόμενα
3100 4030 3115 4055 ,
3182 3983 3294 4042 οἷον
3345 3991 3439 4043 ἐπὶ
3492 3991 3605 4044 τῶν
3652 3993 3810 4048 ἁλῶν

2211 4081 2358 4135 ἐστιν
2405 4080 2554 4144 ἰδεῖν,
2604 4080 2714 4133 τῶν
2763 4097 2824 4134 τε
2881 4079 3380 4152 μεταλλευομένων,
3433 4082 3526 4136 καὶ
3572 4082 3684 4138 τῶν
3737 4084 3810 4138 ἐκ

422 4191 428 4214 ι
529 4186 769 4236 vertunt.
813 4177 959 4232 Talis
1003 4179 1165 4232 etiam
1208 4177 1452 4232 cernitur
1494 4175 1672 4231 mellis
1709 4181 1926 4236 natura,
1961 4171 2108 4242 quod

2217 4162 2353 4236 τινος
2386 4171 2558 4243 ύγροῦ
2591 4170 3078 4242 καταφρυγομένου
3125 4174 3560 4243 συνισταμένων,
3591 4167 3669 4227 ὧν
3707 4173 3810 4246 ξη-

531 4271 712 4326 calore
734 4269 1091 4333 exsiccatum,
1119 4283 1338 4324 rursum
1363 4283 1497 4324 casu
1525 4267 1710 4336 aliquo
1737 4265 1792 4319 in
1819 4265 2106 4320 humorem

2217 4265 2375 4336 ρότης
2406 4264 2506 4334 μέν
2529 4265 2645 4317 ἐστι
2672 4263 2733 4317 τὺ
2755 4263 2966 4334 ἰδίωμα,
2985 4265 3042 4317 ἐἰ
3073 4263 3129 4317 δέ
3159 4281 3244 4328 τις
3275 4264 3457 4318 αὐτῶν
3483 4266 3635 4320 νοτία
3664 4267 3810 4321 καθ-

527 4361 838 4417 resolvitur.
887 4357 993 4414 Sed
1035 4359 1149 4414 haec
1187 4360 1556 4414 omittantur:
1597 4365 1820 4429 praestat
1857 4357 2006 4413 enim
2039 4373 2106 4413 ex

2217 4358 2400 4421 ἰκοιτο,
2435 4355 2685 4427 ἰκμαλέοι
2710 4354 2968 4423 γίνονται,
3007 4354 3102 4409 καὶ
3134 4355 3267 4426 πρὸς
3297 4354 3394 4427 τὴν
3432 4357 3606 4428 ὑγρὰν
3643 4360 3810 4412 ποιός

521 4453 799 4524 principio
845 4453 1030 4522 aliquo
1071 4453 1388 4507 necessario
1430 4451 1824 4522 disputationis
1855 4449 2104 4506 ordinem

2217 4465 2347 4520 τητα
2415 4447 2476 4501 τὸ
2541 4450 2598 4502 ἐν
2665 4446 2814 4515 σφίσι
2867 4445 3029 4518 ξηρὸν
3092 4446 3537 4516 μεταϐάλλουσιν.
3605 4451 3809 4516 Οὕτως

523 4557 938 4614 persequamur.
992 4543 1496 4598 Animadvertimus
1543 4557 1652 4597 non
1687 4557 1795 4597 una
1838 4542 2102 4613 qualitate

2217 4539 2381 4607 ἔγνων
2413 4537 2508 4592 καὶ
2545 4537 2646 4607 τὴν
2677 4535 2771 4589 τοῦ
2804 4537 3018 4605 μέλιτος
3050 4535 3224 4606 quiem”
3241 4537 3414 4608 ξηρὰν
3443 4539 3645 4610 τρόπον
3672 4545 3810 4597 τινὰ

520 4637 788 4692 elementa
823 4637 1036 4706 singula
1067 4636 1351 4698 constitui,
1382 4635 1524 4689 etab
1553 4634 1675 4689 aliis
1699 4634 1986 4690 elementis
2013 4650 2100 4689 se~

522 4727 726 4800 parari,
768 4729 862 4784 sed
896 4729 1060 4783 variis
1105 4727 1462 4797 qualitatibus
1503 4725 1913 4796 comprehendi,
1961 4739 2098 4795 qua-

519 4838 643 4876 rum
669 4822 787 4876 alia:
815 4824 958 4876 inter
981 4835 1043 4874 se
1065 4826 1328 4890 pugnant,
1367 4818 1486 4871 alia:
1508 4817 1672 4873 simul
1708 4817 2096 4886 inspiciuntur,

520 4921 574 4966 et
605 4909 973 4982 pugnantibus
1017 4912 1158 4964 inter
1207 4925 1268 4964 se
1312 4907 1521 4977 pariter
1559 4908 1838 4961 cohaerent
1864 4916 1914 4961 et
1964 4921 2100 4975 qua-

519 5003 702 5058 drant.
757 5002 827 5056 Ut
874 5004 930 5057 in
975 5012 1121 5057 terra
1166 5007 1220 5054 et
1259 5014 1399 5070 aqua
1442 4999 1661 5054 siccitas
1699 5007 1753 5054 et
1797 4998 2096 5053 humiditas

519 5093 780 5162 conjungi
807 5098 1116 5162 nequeunt;
1157 5091 1351 5144 horum
1384 5097 1568 5145 tamen
1595 5089 1814 5160 utrique
1841 5104 1906 5143 ex
1941 5101 2097 5157 aequo

519 5185 792 5256 frigiditas
839 5184 1004 5247 inest,
1051 5197 1157 5251 qua
1201 5187 1508 5252 pugnantes
1548 5179 1952 5251 quodammodo
1998 5179 2096 5234 de-

517 5278 857 5332 vinciuntur.
897 5276 1054 5344 Aqua
1089 5273 1218 5328 item
1253 5282 1306 5328 et
1344 5288 1438 5327 aer
1465 5275 1731 5343 gravitate
1768 5271 2096 5342 levitateque

519 5374 872 5438 separantur,
915 5366 1012 5421 sed
1068 5365 1123 5420 in
1162 5363 1250 5420 bis
1295 5379 1513 5434 quoque
1565 5361 1836 5433 frigiditas
1875 5362 2095 5430 utrique

517 5459 868 5520 conveniens,
897 5463 957 5510 ut
987 5457 1223 5511 medium
1264 5453 1536 5525 quoddam
1561 5454 1842 5508 vinculum
1878 5462 2095 5522 specta-

515 5559 623 5607 tur.
675 5550 953 5619 Discrepat
991 5564 1084 5604 aer
1123 5551 1192 5604 ab
1223 5549 1347 5620 igne
1387 5563 1451 5604 ea
1479 5563 1601 5618 qua:
1633 5557 1716 5602 est
1748 5547 1893 5601 inter
1940 5545 2096 5615 frigi-

517 5643 648 5697 dum
699 5647 755 5696 et
785 5641 1021 5696 calidum
1066 5639 1395 5705 diﬁ'erentia,
1429 5639 1527 5695 sed
1576 5637 1798 5694 levitate
1848 5637 1991 5692 inter
2033 5651 2094 5692 se

515 5733 880 5788 conciliantur
909 5740 1069 5801 atque
1099 5731 1452 5786 conveniunt.
1484 5729 1629 5800 ignis
1651 5727 1888 5797 denique
1917 5741 1948 5781 a
1983 5735 2093 5782 ter-

2207 4630 2296 4683 διέι
2327 4629 2428 4699 τῆς
2455 4631 2737 4700 όπτήσεως
2762 4629 3075 4700 γινομένην,
3110 4629 3204 4681 καὶ
3239 4627 3400 4682 πάλιν
3431 4631 3496 4682 ὲκ
3526 4633 3807 4702 περιστὰ-

2211 4720 2346 4784 σεώς
2375 4738 2519 4784 τινος
2539 4722 2622 4784 εἰς
2650 4721 2710 4772 τὸ
2734 4720 2898 4790 ὑγρὸν
2927 4719 3283 4774 ἀναλύουσαν.
3317 4720 3478 4774 Ἀλλὰ
3508 4723 3808 4793 παρείσθω

2205 4815 2400 4868 ταῦτα’
2427 4817 2674 4884 κρεῖττον
2696 4813 2804 4884 γὰρ
2828 4812 2886 4879 ἐξ
2914 4811 3089 4883 ἀρχῆς
3114 4828 3258 4876 τινος
3286 4813 3594 4882 ἀναγκαίας
3607 4815 3808 4872 δοῦναι

2205 4908 2304 4978 τὴν
2341 4906 2660 4960 ἀκολουθίαν
2688 4905 2766 4976 τῷ
2797 4905 3136 4978 θεωρήματι.
3169 4908 3247 4959 Οὐ
3284 4905 3414 4980 μίαν
3446 4907 3806 4980 γινώσκομεν

2204 4977 2288 5068 ἐφ’
2349 5000 2579 5053 ἑκάστου
2627 4999 2734 5052 τῶν
2773 4977 3054 5070 στοιχείων
3103 4977 3398 5070 ποιότητα,
3437 5000 3502 5053 δι’
3547 4995 3618 5071 ἦς

2205 5091 2506 5162 πληροῦται
2550 5092 2610 5144 τὸ
2651 5092 3026 5162 ὑποκείμενον,
3065 5092 3158 5145 καὶ¹
3191 5091 3286 5144 τοῦ
3321 5092 3806 5162 ἀπιποιχοῦντος

2204 5180 2627 5251 ἀποχωρίζεται,
2669 5179 2785 5232 ἀλλ’
2831 5182 2888 5234 ὲν
2921 5179 3199 5250 διαφόροις
3235 5179 3465 5234 ἕκαστον
3497 5181 3805 5252 καταλαμ-

2201 5271 2423 5326 ϐάνεται
2475 5274 2597 5335 ταῖς
2653 5271 2953 5340 ποιότησιν,
3011 5264 3088 5323 ὧν
3135 5271 3194 5322 αἱ
3238 5271 3358 5339 ⁸μὲν
3406 5257 3805 5344 ἀκοινωνήτως

2203 5361 2387 5432 ἔχουσι
2432 5363 2567 5433 πρὸς
2605 5361 2856 5431 ἀλλήλας,
2885 5363 2939 5412 αἰ
2966 5360 3023 5414 δὲ
3051 5361 3195 5413 κατά
3218 5361 3280 5413 τὸ
3302 5355 3417 5414 ἴσον
3453 5361 3806 5432 ὲνθεωροῦν-

2199 5472 2324 5521 ται,
2371 5455 2588 5517 οἰκείως
2637 5471 2696 5506 τε
2747 5453 2843 5506 καὶ
2901 5451 3175 5524 ἁρμοδίως
3221 5450 3440 5520 ἔχουσαι
3489 5450 3629 5522 πρὸς
3689 5453 3804 5517 τὰς

2205 5545 2520 5617 μαχομένας
2560 5546 2818 5616 ἀλλήλαις
2867 5544 3196 5613 ποιότητας·
3233 5539 3345 5595 οἷον
3389 5542 3482 5594 ἐπὶ
3530 5541 3634 5613 τῆς
3685 5545 3805 5614 γῆς

2201 5639 2294 5692 καὶ
2339 5637 2435 5690 τοῦ
2477 5637 2684 5701 ὓδατος,
2735 5636 2981 5706 ἀμίκτως
3015 5635 3114 5705 μὲν
3146 5633 3329 5704 ἔχουσι
3375 5633 3512 5703 πρὸς
3543 5633 3804 5706 ἀλλήλας

2197 5732 2232 5799 ἠ
2285 5729 2514 5799 ξηρότης
2539 5745 2598 5780 τε
2647 5729 2742 5782 καὶ
2769 5728 3024 5798 ὑγρότης,
3059 5724 3250 5794 ἐπίσης
3281 5724 3338 5776 δὲ
3387 5723 3632 5794 ἑκατέρᾳ
3660 5724 3806 5780 τού..

514 5839 574 5877 ra
607 5823 818 5880 levitate
847 5823 1175 5893 sejungitur,
1221 5822 1316 5878 sed
1367 5821 1636 5878 siccitatis
1682 5819 2090 5875 necessitudine

2217 5837 2305 5874 ῖων
2341 5819 2586 5872 σύνεστιν
2641 5823 2674 5890 ἡ
2719 5820 3017 5890 ψυχρότης,
3069 5818 3262 5873 ἐνοῦσα
3295 5818 3493 5889 τρόπον
3541 5816 3674 5876 τινὰ
3719 5821 3796 5875 δι’
