3880 6370
611 420 703 474 HI

1871 422 1936 476 'S.
1980 418 2310 477 GREGORII
2350 418 2646 477 NYSSENI
3159 435 3166 442 '
3820 421 3880 473 Η

607 544 917 592 conservet.
953 536 1043 591 Sic
1069 550 1200 607 ergo
1226 548 1367 605 aqua
1390 535 1699 600 coniicitur,
1724 535 1980 607 frigidum
2009 537 2196 592 made-

2313 537 2504 609 μηκέτι
2549 536 2646 608 τὴν
2694 535 2927 608 ἡλιακὴν
2976 505 3287 608 θερμότητα
3319 536 3658 592 διαδύεσθαι
3706 538 3776 607 τῇ
3821 555 3880 590 πυ

614 626 774 692 iacit,
809 636 864 682 et
896 627 1092 682 humor
1129 643 1192 682 ex
1233 626 1531 698 frigiditate
1557 636 1726 683 totam
1761 644 1914 699 aquae
1943 639 2194 684 naturam

614 719 928 788 perﬁciente
961 719 1344 774 constituitur.
1386 721 1463 774 Ex
1495 735 1636 790 aqua
1665 735 1798 776 vero
1828 731 2020 777 coacta
2062 736 2199 776 con-

609 817 945 881 gregataque
967 809 1230 866 ﬂuentum
1260 820 1579 881 generatum
1605 852 1620 876 ,
1664 827 1994 883 quacunque
2042 813 2201 868 detur

609 902 825 966 aditus,
867 911 1072 958 terram
1119 906 1332 975 aperit,
1384 913 1440 959 et
1491 905 1614 961 fons
1669 907 1996 976 appellatur.
2041 904 2199 972 Quod

610 1004 795 1051 autem
837 1011 1107 1066 aquarum
1149 1007 1305 1052 ortus
1343 1005 1540 1050 auctor
1567 1008 1621 1051 et
1652 1012 1821 1052 causa
1853 998 1925 1053 sit
1956 998 2073 1067 ipsa
2105 996 2199 1050 frio

614 1087 854 1156 giditas,
890 1085 1024 1140 illud
1067 1086 1332 1141 indicium
1372 1088 1476 1150 sit,
1516 1087 1662 1156 quod
1705 1088 1824 1142 loca
1865 1087 2200 1156 septentrio-

614 1178 779 1232 nibus
833 1179 1226 1252 propinquiora
1288 1177 1679 1250 frigidioraquc
1712 1179 1887 1249 magis
1921 1179 2201 1234 abundant

612 1285 884 1340 aquarum
914 1271 1094 1340 c0pia.
1137 1271 1338 1340 Aprica
1371 1271 1515 1325 enim
1549 1271 1797 1340 profecto
1825 1279 1880 1327 et
1905 1287 2077 1343 opaca
2107 1271 2202 1327 de-

613 1378 915 1434 pressaque
945 1374 1131 1419 essent
1159 1363 1444 1435 aequaliter
1470 1365 1629 1433 aquis
1674 1365 1879 1435 irrigua
1903 1403 1919 1428 ,
1961 1365 2006 1420 si
2051 1366 2203 1436 frigi-

615 1455 808 1512 ditatis
837 1457 1087 1512 absentia
1137 1457 1276 1511 nihil
1321 1471 1593 1528 aquarum
1647 1465 1832 1512 ortqu
1888 1458 2198 1529 impediret.

620 1547 1092 1613 Quemadmodum
1137 1556 1320 1604 autem
1363 1564 1431 1604 ex
1477 1549 1734 1603 imbrium
1775 1550 1944 1620 guttis
1973 1550 2201 1605 collecta

622 1654 764 1709 aqua
795 1647 1068 1696 torrentes
1101 1647 1431 1706 nascuntur,
1473 1640 1601 1696 licet
1635 1649 1818 1712 guttas
1849 1642 1996 1711 ipsas
2040 1656 2201 1712 sepa-

620 1731 782 1785 ratim
813 1731 1089 1801 aspiciens
1110 1772 1126 1797 ,
1157 1732 1405 1802 singulas
1437 1747 1532 1803 per
1565 1748 1625 1788 se
1654 1733 1912 1804 pusillum
1941 1733 2203 1804 quiddam

621 1831 677 1878 et
709 1838 807 1894 pro
836 1823 1012 1878 nihilo
1043 1823 1356 1879 habendum
1385 1824 1673 1881 existimes
1702 1839 1717 1878 :
1749 1827 1830 1880 sic
1859 1842 1925 1881 ex
1956 1826 2204 1884 humoris

621 1916 826 1971 sensim
844 1930 876 1971 e
890 1923 1034 1970 terra
1067 1916 1344 1972 manantis
1359 1917 1516 1986 copia
1540 1917 1726 1974 multis
1746 1917 1965 1974 ﬂuentis
1997 1921 2204 1976 coactis

619 2007 874 2062 oriuntur
900 2005 1122 2062 ﬂumina
1152 2026 1166 2063 :
1199 2022 1431 2079 quorum
1475 2008 1522 2065 si
1571 2010 1696 2081 quis
1739 2011 2163 2082 magnitudinem
2184 2051 2201 2078 ,

624 2111 1007 2170 perennesque
1041 2113 1242 2156 cursus
1275 2101 1632 2166 consideret,
1678 2102 1950 2157 undenam
2001 2119 2199 2174 suppe-

618 2187 782 2242 ditari
826 2195 1033 2242 tantam
1074 2203 1342 2260 aquarum
1383 2190 1776 2246 abundantiam
1823 2193 2207 2248 existimabit?

623 2277 1009 2350 Numaliquos
1038 2280 1143 2334 sibi
1174 2279 1229 2335 in
1258 2290 1419 2335 terra:
1455 2279 1668 2337 sinibus
1708 2281 1865 2336 lacus
1895 2283 2208 2354 continget?

620 2369 857 2436 Quinam
879 2409 894 2433 ,
921 2371 1184 2437 obsecro,
1212 2371 1353 2426 tanti
1385 2372 1540 2428 lacus
1565 2387 1690 2428 esse
1713 2383 1945 2443 queant,
1975 2377 2068 2446 qni
2101 2377 2204 2431 nisi

624 2475 766 2516 nova
797 2461 1021 2518 assidue
1051 2461 1321 2516 accedant
1356 2462 1564 2515 auxilia
1587 2502 1603 2527 ,
1638 2478 1746 2517 non
1777 2465 1926 2520 brevi
1962 2473 2209 2537 tempore

623 2551 1066 2608 exhauriantur?
1097 2551 1168 2605 At
1213 2551 1374 2617 alios,
1422 2550 1636 2623 inquis,
1691 2554 1843 2610 lacus
1873 2557 2208 2628 excogitabi-

624 2659 768 2700 mus.
799 2642 912 2714 Ego
930 2657 1058 2699 vero
1082 2642 1381 2712 requiram,
1405 2643 1667 2713 quidnam
1686 2645 1822 2702 alios
1842 2645 1964 2702 illos
1987 2662 2206 2703 rursum

620 2735 918 2791 exhaustos
947 2733 1210 2804 explebit.
1238 2731 1400 2799 Quod
1431 2733 1477 2789 si
1507 2733 1647 2790 alios
1681 2741 1848 2806 atque
1888 2736 2025 2792 alios
2056 2736 2209 2793 lacus

624 2827 923 2889 inveneris,
970 2840 1074 2896 ego
1121 2825 1364 2880 vicissim
1417 2824 1786 2897 interrogabo,
1823 2827 1968 2883 unde
2016 2843 2209 2885 omnes

624 2917 842 2972 tandem
868 2916 1132 2972 exinaniti
1155 2916 1599 2986 complebantur.
1629 2917 1857 2990 Cogeris
1887 2919 2054 2990 igitur
2081 2935 2210 2990 pro-

625 3007 777 3080 gredi
815 3008 870 3062 in
902 3007 1175 3062 inﬁnitum
1197 3047 1211 3070 ,
1243 3015 1409 3078 atque
1437 3007 1510 3061 ita
1539 3008 1720 3063 oratio
1751 3019 1841 3063 tua
1874 3009 2027 3066 lacus
2059 3011 2212 3065 lacu-

627 3101 730 3156 bus
773 3099 1169 3164 accumulans,
1214 3115 1282 3154 ne
1327 3098 1574 3156 fontibus
1610 3099 1788 3155 desint
1830 3101 2014 3164 lacus,
2068 3103 2211 3159 unde

627 3200 906 3261 postremo
937 3205 1076 3261 aqua
1108 3197 1266 3245 ortus
1295 3190 1630 3260 principium
1662 3191 1860 3245 habeat
1881 3231 1895 3255 ,
1925 3207 2206 3263 nunquam
2239 3227 2283 3287 Ο

627 3281 916 3337 consistet.
965 3280 1366 3348 Quamobrem,
1407 3295 1533 3336 cum
1560 3280 1892 3351 reperienda
1928 3284 2001 3337 sit
2044 3299 2211 3338 causa

628 3390 737 3445 qua
787 3376 973 3445 primae
1021 3390 1178 3445 aqua:
1222 3384 1418 3429 natura
1454 3374 1838 3436 constituitur,
1878 3375 2052 3444 magis
2085 3390 2217 3429 cou-

630 3475 954 3524 seutaneum
983 3475 1069 3522 est
1091 3503 1105 3531 ,
1133 3482 1251 3522 eam
1282 3467 1336 3520 in
1367 3467 1518 3535 ipsos
1543 3466 1729 3520 fontes
1754 3465 2026 3529 conferre,
2051 3482 2214 3536 quam

630 3559 736 3615 sub
766 3567 910 3614 terra
941 3559 1096 3615 lacus
1126 3559 1474 3630 contingere,
1505 3575 1741 3629 quorum
1768 3559 1906 3613 ratio
1935 3574 2217 3614 commen-

631 3651 748 3705 titia
791 3651 975 3714 statim
1005 3650 1074 3706 ab
1120 3665 1277 3721 aqua!
1319 3661 1515 3706 natura
1563 3651 1817 3707 deorsum
1850 3651 2110 3706 tendente
2140 3652 2217 3705 la-

630 3741 961 3808 befactetur,
1007 3751 1060 3798 et
1100 3743 1460 3798 convellatur.
1499 3741 1786 3809 Quomodo
1809 3743 1962 3798 enim
1995 3757 2214 3797 sursum

629 3831 794 3900 ﬂuet,
846 3833 1028 3903 quod,
1077 3833 1334 3889 deorsum
1397 3842 1455 3887 ut
1506 3833 1668 3896 ﬂuat,
1721 3839 1973 3887 naturam
2022 3831 2219 3886 habet?

630 3923 932 3986 Praeterea,
987 3939 1152 3993 quam
1215 3925 1462 3994 ingentes
1530 3925 1748 3979 lacuum
1810 3923 1983 3979 moles
2053 3931 2220 3978 erunt

632 4013 1041 4083 excogitanda,
1105 4001 1257 4083 quae,
1314 4030 1438 4068 cum
1495 4030 1766 4085 perennes
1819 4026 1897 4070 tot
1951 4031 2217 4086 aquarum

634 4106 805 4175 copia:
834 4104 1050 4159 saeculis
1069 4105 1335 4159 omnibus
1371 4105 1625 4169 eﬂluant,
1680 4114 1736 4161 et
1783 4107 1915 4159 nihil
1975 4122 2218 4177 unquam

636 4205 972 4267 reponatur,
1045 4212 1154 4252 non
1220 4197 1607 4252 exinaniantur
1685 4208 1866 4252 tamen
1946 4214 2048 4254 nec
2123 4213 2221 4253 ex-

637 4287 1004 4342 hauriantur!
1068 4285 1298 4342 Constat
1368 4287 1534 4357 igitur
1614 4303 1680 4342 ex
1753 4288 1820 4343 iis
1887 4303 2009 4359 qua:
2065 4286 2221 4342 edicta

637 4386 800 4446 sunt,
848 4377 970 4433 ideo
1012 4376 1330 4433 ﬂuminibus
1367 4392 1567 4447 aquam
1621 4393 1728 4432 non
1767 4377 2036 4446 deﬁcere,
2073 4378 2220 4448 quod

2298 630 2519 698 κνότητι
2545 627 2639 681 τοῦ
2667 627 2815 681 λίθου
2847 629 3196 702 κωλυομένην
3215 647 3229 662 ·
3257 632 3378 685 τότε
3403 630 3622 684 λεπταί
3654 646 3809 692 τινες
3829 647 3880 682 το

2299 720 2491 784 ὕδατος
2523 719 2718 788 φλέϐες
2747 719 2837 773 διὰ
2860 721 2958 790 τῆς
2984 723 3246 791 ἐργασίας
3286 720 3802 792 ἀνεστομώθησαν,
3829 721 3880 789 ἀς

2297 803 2374 862 ὧν
2408 810 2466 861 ἐν
2488 808 2671 878 κύκλῳ
2697 809 2826 879 περὶ
2845 809 2905 861 τὸ
2939 809 3101 879 βάθος
3120 810 3223 880 τῆς
3256 811 3560 873 συνδέσεως
3587 810 3880 879 γινομένης

2300 897 2608 968 εὑθηνείται
2641 897 2702 950 τὸ
2721 899 2909 971 ,φρέαρ
2933 899 3011 970 τῷ
3038 899 3216 956 ὕδατι.
3241 901 3421 970 Ὅπερ
3443 901 3649 952 τοίνυν
3690 900 3880 953 ἐνταῦθι

2301 991 2510 1058 γίνεται
2535 989 2670 1060 πρὸς
2708 989 2807 1060 τὴν
2851 990 3228 1062 χειροποίητον
3267 991 3592 1059 κοιλότητα,
3648 991 3880 1043 σννδοθεέ

2305 1099 2404 1151 σης
2444 1082 2543 1152 τῆς
2582 1082 2920 1152 πανταχόθεν
2969 1084 3096 1153 περί
3141 1083 3201 1136 τὸ
3246 1083 3422 1154 φρέαρ
3461 1083 3880 1152 «muscus»:

2306 1173 2553 1244 ἰκμάδος,
2587 1173 2745 1227 τοῦτο
2773 1174 2920 1236 εἰκὸς
2955 1176 3012 1227 ἐν
3047 1175 3207 1228 παντὶ
3235 1175 3480 1242 γίνεσθαι
3507 1175 3709 1245 τόπῳ,
3748 1176 3837 1227 καὶ
3861 1194 3880 1226 -.

2301 1264 2390 1318 διὰ
2419 1265 2516 1336 τῆς
2543 1264 2746 1335 λεπτῆς
2782 1265 3009 1335 ἰκμάδος
3043 1266 3129 1318 ἀεὶ
3161 1265 3532 1336 συνδιδόμενον
3567 1266 3674 1318 διὰ
3708 1265 3880 1334 φλεεῶ

2303 1355 2464 1408 τινῶν
2500 1355 2593 1407 ἐπὶ
2617 1354 2745 1418 τοὺς
2782 1355 3110 1425 εὑρυτέρους
3151 1355 3498 1424 όχετεύεσθαι
3542 1355 3793 1426 πόρους,
3820 1357 3875 1424 ἥδ

2303 1447 2402 1516 τῆς
2425 1445 2628 1517 λεπτῆς
2673 1446 2932 1517 συρῤοίας
2957 1447 3093 1518 πρὸς
3121 1445 3317 1517 ἑαυτὴν
3361 1447 3702 1516 ὲνωθείσης.
3739 1446 3880 1500 Οὕτω

2302 1533 2397 1590 οὖν
2437 1537 2803 1605 ἀωγεννᾶται
2832 1536 2894 1590 τὸ
2937 1537 3100 1608 ὕδωρ,
3128 1537 3223 1590 τοῦ
3264 1539 3360 1608 μὲν
3393 1537 3620 1608 ψυχροῦ
3683 1539 3788 1606 τὴν
3818 1538 3880 1606 7i

2304 1627 2783 1700 καθυγραίνοντος,
2813 1629 2912 1699 τῆς
2946 1628 3003 1682 δέ
3033 1629 3329 1700 ὑγρότητος
3362 1630 3458 1699 τῆς
3483 1630 3549 1682 ἐκ
3572 1627 3686 1682 τοῦ
3711 1628 3876 1697 ψυχρο

2308 1718 2744 1789 συνισταμένης,
2803 1719 2899 1773 καὶ
2921 1719 3050 1788 ὃλην
3096 1719 3195 1791 τὴν
3239 1718 3335 1772 τοῦ
3381 1719 3580 1782 ὓδατος
3641 1719 3814 1787 φύσιν
3857 1720 3880 1769 ἐ·

2307 1810 2474 1881 ἑαυτῇ
2508 1809 2840 1882 τελειοὺσης.
2875 1810 3040 1864 Ὅθεν
3065 1809 3351 1883 ἀθροισθὲν
3389 1811 3514 1882 ἤδη,
3546 1811 3660 1864 καὶ
3705 1809 3880 1883 ρεἰθρο

2305 1898 2618 1970 γενόμενον,
2665 1894 2809 1973 ᾗπερ
2862 1900 2928 1955 ἂν
2975 1901 3232 1973 εὐοδωθῇ,
3266 1903 3386 1956 κατ’
3425 1904 3619 1955 ἐκεῖνο
3665 1902 3772 1972 τὴν
3816 1906 3875 1971 γῆ

2305 1990 2704 2060 ἀνεστόμωσεν.
2739 1991 2913 2045 Τοῦτο
2939 1992 2996 2046 δέ
3031 1993 3182 2064 πηγὴ
3211 1993 3559 2063 ὀνομάζεται.
3588 1995 3880 2063 Τεκμήρια

2304 2078 2363 2132 δέ
2394 2080 2488 2133 τοῦ
2519 2080 2879 2152 καθηγεῖσθαι
2923 2082 3021 2154 τὴν
3055 2083 3371 2155 ψυχρότητα
3417 2084 3516 2152 τῆς
3554 2082 3684 2136 τῶν
3712 2084 3880 2137 eam

2306 2171 2594 2239 γενέσεως,
2647 2171 2708 2225 τὸ
2753 2173 2882 2238 τοὺς
2928 2169 3073 2245 πρὸς
3114 2175 3396 2245 ἀρκτῴους
3421 2175 3534 2227 τῶν
3582 2175 3784 2229 τόπων
3825 2192 3880 2226 κα

2310 2263 2510 2333 μᾶλλον
2553 2263 3002 2335 κατεψυγμένους
3038 2266 3382 2337 εὑθηνεῖσθαι
3415 2269 3527 2330 τοῖς
3574 2268 3805 2322 ὕδασιν.
3839 2264 3880 2319 Ἷ

2307 2353 2416 2426 γὰρ
2451 2355 2518 2408 ἂν
2546 2354 2741 2425 ἐπίσης
2778 2355 2849 2410 τὰ
2886 2357 3182 2429 ήλιοὺμενά
3228 2375 3287 2411 τε
3319 2359 3410 2412 καὶ
3438 2359 3618 2421 νότια,
3653 2360 3880 2430 διάϐροχε

2306 2448 2418 2509 τοῖς
2455 2443 2642 2500 ὑδασιν
2668 2443 2758 2518 ἦν,
2799 2449 2848 2501 εἰ
2896 2449 3063 2520 μηδὲν
3098 2450 3132 2520 ἡ
3173 2451 3410 2504 ἀπουσία
3439 2451 3541 2520 τῆς
3589 2451 3817 2521 ψύξεως
3849 2455 3880 2502 τέ

2307 2539 2517 2607 γενέσει
2543 2539 2650 2592 τῶν
2693 2539 2876 2612 ὑγρῶν
2910 2541 3235 2606 ἐνεπόδιζεν.
3267 2543 3479 2613 Ὥσπερ
3512 2543 3569 2595 δέ
3601 2544 3672 2598 τὸ
3719 2546 3778 2610 ἐξ
3820 2547 3880 2612 ὀμ

2310 2630 2471 2704 ὁρίας
2500 2631 2642 2703 ὕδωρ
2673 2631 2958 2702 ἀθροισθὲν
2985 2634 3084 2704 μὲν
3117 2635 3182 2687 ἐκ
3199 2636 3297 2705 τῆς
3321 2633 3431 2687 τῶν
3457 2637 3759 2703 σταγὸνων
3792 2640 3880 2707 an!)

2310 2722 2480 2793 ροίας.
2512 2723 2845 2794 χειμάρρους
2873 2723 3104 2792 γίνεται,
3135 2725 3262 2778 εἰδὲ
3291 2724 3462 2788 αὑτὰς
3500 2727 3607 2789 τὰς
3637 2729 3880 2796 σταγόνας

2309 2808 2392 2876 ἐφ’
2414 2808 2620 2862 ἑαυτῶν
2642 2826 2725 2872 τις
2750 2808 2958 2880 βλέποι,
2979 2811 3152 2882 βραχύ
3168 2830 3218 2865 τι
3240 2813 3334 2865 καὶ
3363 2814 3477 2866 ἀντ’
3508 2815 3811 2880 οὑδενὸςτδ
3839 2819 3880 2869 ἐκ.

2316 2899 2526 2971 ἑκάστῃ
2550 2901 2848 2971 φανήσεται
2864 2918 2878 2932 ·
2906 2901 3048 2956 οὑτω
3065 2904 3156 2957 καὶ
3179 2906 3212 2974 ἡ
3231 2903 3334 2974 τῆς
3347 2903 3489 2958 κατὰ
3514 2904 3730 2961 λεπτὸν
3746 2910 3880 2962 κάτω

2311 2990 2403 3043 θεν
2445 2990 2532 3044 ἀεὶ
2586 2989 2682 3044 τοῦ
2725 2992 2892 3064 ὑγροῦ
2945 2994 3342 3066 συνισταμένης
3383 2997 3734 3069 ποσότητος·
3792 3001 3877 3053 ὃτα

2311 3081 2369 3136 ἓν
2395 3084 2460 3135 ἐκ
2500 3083 2710 3136 πολλῶν
2750 3085 2981 3156 ῥείθρων
3005 3086 3066 3139 τὸ
3095 3087 3201 3140 τῶν
3238 3087 3783 3162 λεπῶνηάθροισμα
3824 3095 3874 3159 γέ

2311 3191 2492 3242 νηται,
2527 3174 2589 3227 τὸ
2631 3174 2873 3231 τοιοῦτον
2907 3180 2987 3241 εἰς
3028 3179 3274 3249 ποταμοῦ
3305 3182 3469 3250 φύσιν
3496 3183 3804 3240 ἐκδίδοται.
3854 3185 3880 3236 'l

2315 3266 2372 3319 δὲ
2396 3265 2600 3330 ταύτας
2625 3267 2725 3332 τὰς
2755 3269 3047 3341 ὑπολήψεις
3089 3276 3614 3346 παραγραφόμενος,
3655 3280 3823 3332 πόθεν
3849 3279 3880 3331 Ξ·

2315 3360 2526 3431 οἰηθείη
2575 3362 2703 3424 τοὺς
2751 3363 3010 3427 ἀεννάους
3053 3363 3163 3417 τῶν
3208 3367 3471 3437 ποταμῶν
3519 3369 3870 3424 ἀναδίδοτθαι

2316 3446 2464 3522 Ἀρα
2514 3454 2587 3523 μή
2629 3470 2780 3517 τινας
2829 3455 3024 3526 λίμνας
3061 3457 3213 3521 ἐντὸς
3253 3457 3360 3512 τῶν
3398 3459 3498 3530 τῆς
3539 3461 3655 3531 γῆς
3702 3464 3880 3516 κόλπω

2317 3546 2695 3616 ὑπονοήσειεν;
2745 3547 2902 3602 Ἀλλά
2925 3547 3019 3601 καὶ
3040 3541 3200 3602 αὗται
3239 3549 3456 3614 πάντως
3485 3554 3535 3604 εἰ
3567 3553 3652 3622 μὴ
3685 3555 3752 3606 τὸ
3774 3555 3880 3624 ἑπιῤ

2320 3639 2442 3708 ῥέον
2495 3639 2703 3709 ἔχοιεν,
2759 3641 2817 3693 ἐν
2869 3640 3060 3711 βραχεῖ
3112 3641 3540 3714 κενωθήσονται,
3600 3645 3756 3700 ὥστε
3799 3665 3880 3700 κατ

2317 3729 2561 3800 ἀνάγκην
2607 3731 2701 3784 καὶ
2746 3730 2911 3795 ἄλλας
2961 3731 3166 3786 τούτων
3194 3733 3554 3805 ὑπερκεῖσθαι
3593 3740 3880 3808 νομίσειστ

2317 3819 2372 3872 δὲ
2411 3820 2700 3875 ἀκολουθία
2735 3822 2829 3876 τοῦ
2857 3822 3040 3891 λόγου,
3088 3824 3183 3876 καὶ
3233 3823 3331 3888 τὰς
3366 3825 3530 3889 ἄλλας
3557 3827 3876 3900 ἀναπληροῦ

2311 3911 2676 3991 ,ἀναζητήσεν
2706 3911 2809 3966 κᾶν
2836 3913 3015 3977 ,ἄλλας
3054 3915 3408 3984 ὑπερκεῖσθαι
3444 3915 3648 3987 λίμνας
3691 3920 3880 3972 ἐκείνω

2321 4003 2664 4074 ὑποτίθηται,
2707 4005 2802 4057 καὶ
2830 4005 2891 4058 τὸ
2921 4005 3028 4059 τῶν
3060 4006 3236 4061 ἄλλων
3283 4008 3554 4080 πλήρωμα
3595 4012 3768 4075 ποίας
3807 4013 3880 4081 ἔχε

2319 4094 2416 4156 τὰς
2465 4093 2723 4166 ἀφορμὰς
2758 4096 3070 4165 ἀναγκαίως
3116 4097 3542 4169 διερευνήσεται.
3586 4102 3709 4156 Καὶ
3744 4104 3880 4156 οὕτω

2321 4184 2402 4248 εἰς
2430 4186 2654 4256 ἄπειρον
2682 4185 2887 4258 προῖὼν
2907 4188 2937 4241 δ
2957 4188 3114 4256 λόγος
3133 4190 3370 4260 ούδαμοῦ
3394 4193 3681 4262 στήσεται,
3707 4194 3764 4247 λι
3773 4196 3880 4265 μνᾶν

2321 4275 2516 4345 λίμνας
2550 4277 2862 4348 ὑπερτιθείς
2885 4294 2899 4308 °
2949 4279 3034 4333 ἵνα
3064 4280 3120 4334 αἰ
3159 4280 3295 4352 πρὸς
3335 4284 3454 4346 ταῖς
3484 4288 3697 4353 πηγαῖς
3728 4286 3880 4356 λίμνα

2327 4367 2401 4439 μὴ
2439 4368 2813 4434 ἐπιλείπωσιν,
2845 4371 2950 4436 ἓως
2991 4370 3056 4426 ἂν
3094 4371 3206 4426 τῶν
3246 4374 3491 4442 ἐσχάτων
3516 4374 3617 4438 τὰς
3655 4377 3880 4449 ἀφορμὰς

639 4483 784 4528 terra
812 4473 865 4526 in
894 4473 1041 4528 illam
1066 4479 1486 4526 transmutetur.
1516 4468 1698 4525 Terrae
1719 4487 1848 4527 vero
1876 4471 2211 4542 magnitudo,

2324 4459 2628 4532 καταλάϐῃ,
2670 4459 2738 4514 δι’
2783 4453 2920 4532 ὧνή
2957 4462 3053 4516 τοῦ
3100 4462 3293 4528 ὓδατος
3335 4465 3546 4532 γένεσις
3592 4467 3700 4538 τὴν
3743 4471 3876 4540 ἀρχὴ

643 4566 768 4620 licet
806 4572 1017 4618 tantum
1061 4579 1124 4618 ex
1169 4578 1232 4618 ea
1272 4562 1430 4632 copia
1475 4578 1741 4633 aquarum
1782 4573 2065 4636 erumpat,
2111 4581 2211 4620 non

2324 4550 2612 4620 λαμϐάνει.
2652 4551 2829 4620 Ὅπερ
2873 4553 3051 4608 τοίνυν
3085 4555 3232 4618 εἰκός
3259 4556 3376 4609 ἐστι
3407 4557 3507 4627 τῆς
3549 4559 3783 4631 πρώτης
3821 4561 3880 4612 τοί

642 4656 1004 4718 imminuitur,
1037 4657 1317 4726 quoniam
1342 4655 1561 4711 assidue
1601 4656 1670 4711 ab
1714 4657 2006 4713 cxsiccatis
2051 4673 2222 4727 vapo-

643 4751 798 4806 ribus
830 4749 1192 4803 instauratur.
1225 4747 1325 4804 His
1356 4750 1432 4804 ita
1459 4749 1775 4804 constitutis
1795 4790 1808 4814 ,
1841 4766 1952 4805 non
1986 4751 2222 4822 amplius

643 4851 832 4896 mutua
889 4841 1049 4897 nobis
1102 4842 1499 4897 elementorum
1559 4842 1702 4897 inter
1751 4858 1811 4898 se
1861 4843 2222 4898 commutatio

643 4934 998 4989 claudicabit.
1038 4935 1278 5004 Apparet
1307 4934 1452 4989 enim
1483 4933 1652 4997 ordo,
1685 4949 1794 5004 quo
1835 4935 2001 4989 unius
2046 4935 2100 4989 in
2145 4937 2224 4989 al-

573 5014 576 5017 ’
643 5036 823 5082 terum
857 5027 1216 5081 commutatio
1251 5035 1335 5082 est
1365 5037 1522 5083 ortus
1557 5027 1702 5082 illius
1737 5042 1924 5082 causa.
1975 5027 2223 5105 Exempli

643 5118 820 5190 gratia
848 5134 861 5170 :
896 5133 1035 5187 aqua
1064 5133 1160 5188 per
1189 5134 1419 5188 vapores
1448 5118 1666 5174 sublata
1711 5117 1768 5174 ﬁt
1809 5134 1923 5174 aer.
1971 5119 2079 5174 Aer
2109 5136 2226 5173 ma-

643 5209 894 5265 defactus
924 5209 978 5263 in
1013 5209 1300 5280 superiore
1328 5208 1543 5264 ﬂamma
1573 5209 1903 5266 exsiccatur.
1932 5209 2088 5276 Quod
2119 5220 2226 5264 ter-

619 5315 837 5385 .renum
870 5307 956 5355 est
985 5314 1082 5368 per
1113 5299 1258 5370 ignis
1287 5308 1562 5360 naturam~
1585 5300 1655 5356 ab
1701 5300 1928 5356 humido
1976 5302 2222 5356 secerni-

644 5409 753 5466 tur,
788 5408 1059 5474 terraeque
1093 5400 1367 5457 redditum
1403 5417 1500 5473 per
1529 5403 1848 5474 qualitatem
1883 5403 2134 5473 frigidam
2169 5404 2228 5458 in-

649 5519 845 5575 aquam
871 5513 1266 5565 commutatur.
1305 5505 1382 5560 Ex
1408 5523 1518 5577 quo
1552 5504 1646 5572 lit,
1677 5517 1738 5562 ut
1769 5508 1887 5563 sine
1913 5509 2026 5563 ullo
2055 5510 2228 5579 impe-

651 5607 894 5664 dimento
936 5626 1152 5681 semper
1195 5609 1465 5666 elementa
1517 5610 1761 5665 vicissim
1808 5611 1951 5665 inter
1990 5627 2049 5667 se
2079 5627 2229 5666 com-

655 5717 839 5762 meent
864 5750 878 5775 ,
911 5721 963 5767 et
992 5713 1472 5779 eircumferantur,
1512 5714 1833 5784 nullumque
1875 5729 1941 5770 ex
1987 5717 2094 5772 illis
2136 5727 2227 5772 aut

658 5821 1013 5869 consumatur
1042 5825 1134 5871 aut
1158 5815 1424 5872 redundet
1455 5828 1617 5888 atque
1649 5816 1946 5883 exuberet,
1980 5818 2075 5874 sed
2110 5834 2230 5876 om-

2327 4641 2520 4704 ὕδατος
2536 4643 2750 4713 φύσεως
2779 4645 2960 4700 αἰτίαν
2991 4645 3366 4718 ἐξευρεθῆναι,
3384 4649 3517 4702 πολὺ
3537 4649 3603 4703 ἂν
3622 4652 3880 4720 εὑλογὼτε

2329 4752 2422 4806 ρον
2453 4735 2538 4806 εἴη
2564 4734 2722 4790 τοῦτο
2762 4737 2888 4808 περὶ
2920 4735 3017 4808 τὴν
3032 4738 3141 4791 τῶν
3161 4738 3356 4809 πηγῶν
3386 4739 3648 4794 σύστασιν
3691 4745 3880 4796 ἐννοεῖν

2327 4826 2422 4879 καλ⁹
2458 4827 2532 4896 μὴ
2575 4825 2673 4892 τὰς
2721 4827 3009 4895 ὑπογείους
3059 4827 3254 4897 λίμνας
3291 4832 3680 4898 φαντάζεσθαι,
3715 4837 3813 4904 ἀφ’
3841 4829 3880 4886 ὦ

2326 4915 2486 4978 εὑθὺς
2531 4917 2625 4970 καί
2662 4916 2723 4969 τὸ
2759 4917 3080 4989 κατωφερὲς
3111 4918 3211 4988 τῆς
3233 4919 3328 4973 τοῦ
3356 4920 3552 4985 ὕδατος
3589 4924 3813 4990 φύσεως
3856 4929 3876 4977 ἐ

2326 5004 2568 5059 ἐναντίου
2616 5006 2751 5076 πρὸς
2792 5006 2883 5059 τὸν
2933 5007 3088 5074 λόγον
3127 5007 3378 5065 ἵσταται..
3418 5009 3544 5075 Πῶς
3575 5012 3692 5083 γὰρ
3724 5017 3819 5067 ἐπὶ
3853 5032 3880 5066 τ

2326 5097 2438 5152 ἀνω
2490 5099 2751 5168 ῥυήσεται
2795 5095 2858 5153 οὑ
2921 5100 2955 5170 ἡ
3004 5100 3165 5168 φύσις
3216 5101 3354 5155 ἰδίαν
3403 5102 3516 5172 ἔχει
3563 5103 3668 5176 τὴν
3713 5109 3808 5160 ἐπὶ
3853 5125 3880 5158 τ

2327 5188 2476 5242 κάτω
2506 5189 2712 5260 φοράν;
2766 5191 2998 5244 Ἔπειτα
3037 5191 3095 5244 δὲ
3139 5192 3235 5246 καὶ
3276 5193 3399 5246 ὅσον
3431 5193 3493 5248 τὸ
3539 5196 3777 5265 μέγεθος
3807 5198 3880 5249 τῶι

2326 5279 2534 5350 λιμνῶν
2586 5281 2811 5335 ἐκείνων
2859 5283 2892 5352 ὴ
2934 5282 3190 5356 διηνεκὴς
3235 5285 3343 5338 τῶν
3385 5286 3662 5341 τοσούτων
3707 5291 3880 5343 ὑδάτω

2328 5368 2573 5440 ἀπορροὴ
2613 5369 2970 5440 στοχάζεσθαι
3017 5372 3253 5442 δίδωσιν,
3284 5373 3424 5428 ῶστε
3471 5377 3730 5432 τοσοῦτον
3779 5397 3880 5450 προ

2330 5460 2592 5530 χεύουσαν
2623 5461 2682 5514 ὲν
2706 5461 2982 5527 τοσούτοις
3001 5462 3237 5534 χρόνοις,
3261 5465 3534 5528 ἀκένωτον
3577 5471 3780 5539 μένειν,
3813 5491 3880 5541 μη

2304 5551 2476 5614 ,δενδς
2527 5549 2740 5604 ἔνδοθεν
2779 5553 2841 5605 τὸ
2881 5553 3023 5618 ἐξιὸν
3064 5555 3496 5625 ἀντεισάγοντος;
3551 5561 3712 5614 Ἀλλὰ
3756 5562 3880 5631 δῆλοι

2330 5640 2397 5694 ἂν
2429 5640 2515 5712 εἴη
2547 5641 2636 5695 διὰ
2663 5642 2772 5696 τῶν
2802 5642 3208 5715 ἐξητασμένων,
3238 5647 3320 5701 ὅτι
3348 5647 3427 5718 τῷ
3467 5652 3699 5724 ποταμῷ
3728 5654 3826 5724 μὲν
3850 5672 3880 5706 σε

2328 5729 2506 5783 λείπει
2554 5733 2588 5800 ἡ
2635 5732 2867 5803 χορηγία
2912 5732 3006 5787 τοῦ
3053 5732 3264 5798 ὓδατος,
3294 5735 3396 5806 τῆς
3431 5737 3539 5806 γῆς
3579 5745 3718 5813 πρὸς
3752 5743 3880 5795 τουτι

2331 5821 2759 5894 μεθισταμένης.
2807 5823 2864 5876 '0
2903 5823 2960 5877 δὲ
3003 5825 3167 5893 ὄγκος
3201 5825 3302 5897 τῆς
3341 5827 3444 5897 γῆς
3471 5831 3573 5883 οὑκ
3600 5831 3880 5886 ἐλαττοῦτα
