3880 6360
70 336 160 394 “3
1274 351 1339 407 IN
1380 352 1421 409 ll
1433 354 1855 414 EXAEML’RON
1898 357 2119 413 LIBER.
3233 363 3337 419 Hi

164 451 259 551 τοῦ
289 453 627 525 ὑπεξιόντος,
647 459 750 532 τῆς
768 458 997 517 πάντοτε
1019 462 1314 536 γινομένης
1330 466 1439 521 τῶν
1459 468 1641 542 ξηρῶν

1753 472 1834 526 nia
1862 472 1916 527 in
1944 488 2052 543 qua
2080 472 2319 545 primum
2350 481 2647 529 constituta
2680 481 2821 531 sunt‘
2845 490 3115 533 mensura
3137 468 3334 551 perpe—

64 544 239 614 ἀτμῶν
285 548 615 621 μεταϐολῆς,
658 552 721 606 τὺ
771 554 858 607 ἀεὶ
906 554 1227 625 μειούμενον
1253 559 1319 610 ἐκ
1349 558 1443 612 τοῦ
1482 559 1647 630 ὄγκου

1755 574 1847 621 tuo
1877 573 2156 622 maneant.

66 634 502 711 ἀναπληρούσης.
535 635 638 696 Ἦν
680 644 1001 715 γινομένων,
1052 644 1230 699 οὐκέτ’
1272 646 1342 701 ἂν
1388 651 1523 721 ἡμῖν
1572 653 1607 724 ἡ
1661 654 1739 719 εἰς
1767 654 1970 728 ἄλληλα
2017 656 2127 710 τῶν
2182 653 2459 724 στοιχείων
2511 655 2795 721 ἀλλοίωσις
2844 655 3067 721 σκάζειν
3129 656 3340 726 δοκοίη,

222 731 293 784 δι’
330 734 625 790 ἀκολούθου
667 738 946 810 δεσμείται
982 742 1012 795 6
1064 739 1261 810 λόγος,
1322 742 1420 814 τὴν
1467 745 1702 800 ἑκαστου
1760 750 1897 821 πρὸς
1943 750 2004 804 τὸ
2054 750 2243 823 ἕτερον
2296 747 2502 819 τροπὴν
2526 790 2542 817 ,
2587 752 2800 819 γένεσιν
2851 751 3058 806 ἑκείνου
3120 751 3216 805 τοῦ
3260 757 3341 817 εἰς

60 819 86 917 ἢ
105 823 416 917 μετεϐλήθη
466 827 695 898 βλέπων,
730 831 826 884 καὶ
858 832 958 904 τὴν
986 833 1080 887 ἀπ’
1115 835 1323 890 ἑκείνου
1354 834 1491 909 πρὸς
1542 838 1602 892 τὸ
1653 840 1714 906 ἑξ
1740 819 1918 914 ἀρχῆς
1958 844 2121 898 πάλιν
2152 819 2619 901 άποκατάστασιν.
2654 840 2778 899 υίον
2802 845 2864 899 τὸ
2894 844 3038 917 ὕδωρ
3077 845 3213 915 πρὸς
3246 846 3339 898 τὸν

62 908 186 1013 ἀέρα
212 915 303 1013 διά
335 918 444 972 τῶν
484 920 675 1013 ἀτμῶν
706 923 983 1013 ἀναχθὲν,
1030 926 1140 998 ἀὴρ
1175 927 1423 997 ἐγένετο·
1464 933 1493 984 6
1533 932 1642 1004 ἀὴρ
1676 933 1733 1002 ὑγ
1750 908 1964 1005 9356a;
2008 938 2069 989 ὲν
2114 937 2193 1008 τῷ
2242 939 2627 1013 ὑπερκειμένῳ
2667 936 2896 1007 φλογμῷ
2916 908 3338 1009 κατεξηράνθησ

62 1011 116 1058 το
164 1008 375 1075 γεῶδες
416 1012 511 1065 τοῦ
558 1012 729 1085 ὑγροῦ
779 1014 869 1069 διὰ
921 1015 1024 1086 τῆς
1060 1016 1155 1070 τοῦ
1205 1019 1378 1091 πυρὸς
1432 1020 1648 1091 φύσεως
1705 1025 2018 1100 ἀπεκρίθη·
2067 1028 2227 1083 τοῦτο
2270 1008 2438 1101 ἑν“τῇ
2490 1031 2560 1101 γῇ
2600 1013 2888 1099 γενόμενον
2927 1026 3013 1081 διὰ
3074 1027 3172 1099 τῆς
3230 1008 3338 1098 ψυ-

232 1106 523 1176 ποιότητος
561 1109 642 1173 είς
695 1109 839 1180 ὕδωρ
891 1113 1260 1185 μετεποιήθηο
1308 1116 1403 1170 καὶ
1444 1116 1617 1183 οὕτως
1650 1120 1998 1188 ἀδιάλειπτος
2022 1118 2081 1191 ,’
2106 1124 2494 1198 καὶάνωμένου
2542 1125 2635 1179 καὶ
2670 1123 2884 1190 οὐδενὸς
2927 1123 3335 1194 πλεονάζοντος,

61 1196 163 1249 ἀλλ’
185 1198 245 1251 ἑν
270 1201 390 1264 τοῖς
412 1200 471 1264 ἑξ
490 1202 662 1272 ἀρχῆς
685 1203 904 1274 μέτροις
928 1206 1007 1269 είς
1029 1205 1091 1258 τὸ
1114 1206 1356 1278 διηνεκὲς
1383 1209 1747 1282 διαμένοντος.

138 1289 355 1345 Οὑκοῦν
424 1291 553 1345 ἄλλο
609 1310 663 1346 τι
725 1295 876 1367 παρὰ
948 1294 1050 1368 τὴν
1109 1298 1284 1370 ὑγράν
1353 1300 1516 1370 φύσιν
1581 1303 1653 1357 τά

60 1380 432 1453 ὑπερκείμενα
478 1383 571 1436 τοῦ
623 1385 1002 1458 στερεώματος
1053 1381 1221 1444 ὕδατα
1262 1393 1424 1455 νοεῖν,
1457 1394 1491 1463 η
1540 1391 1649 1445 τῶν

59 1472 455 1537 ἒξετασθέντων
509 1475 799 1531 ἀκολουθία
859 1478 1112 1548 δίδωσιν,
1172 1478 1332 1554 εἴπερ
1408 1483 1489 1555 τῷ
1574 1483 1648 1556 μὴ

60 1565 353 1635 τρέφεσθαι
410 1570 478 1639 τῇ
538 1566 632 1621 τοῦ
691 1568 861 1640 ὑγροῦ
897 1569 1111 1645 δαπάνῃ
1187 1572 1288 1644 τὴν
1337 1572 1437 1626 τοῦ
1477 1574 1649 1646 πυρὸς

62 1656 216 1724 φύσιν
263 1658 332 1711 ἑκ
375 1657 487 1711 τῶν
527 1659 833 1731 εἰρημένων
879 1664 1312 1733 κατενοήσαμεν.
1367 1663 1647 1717 Δέδεικται

62 1750 162 1818 γάρ
200 1750 260 1803 ἐν
300 1751 418 1812 τοῖς
457 1748 865 1821 ἑξητασμένοις,
894 1752 975 1805 ὅτι
1013 1752 1073 1805 τὸ
1102 1752 1305 1825 θερμόν
1341 1753 1418 1826 τῷ
1451 1753 1645 1826 ψυχρῷ

60 1840 176 1910 οὖχὶ
213 1840 501 1913 τρέφεται,
542 1842 682 1897 ἀλλά
730 1844 1051 1900 σϐέννυταιο
1098 1848 1193 1901 καὶ
1236 1847 1299 1901 τὸ
1365 1848 1532 1920 ὑγρὸν
1568 1848 1646 1921 τῷ

61 1932 205 2001 ξηρῷ
251 1933 591 2001 ἀφανίζεται,
628 1934 691 1987 οὐ
716 1933 1021 1999 πλεονάζει.
1074 1936 1215 1991 Ἀλλ’
1242 1937 1335 1991 ἑπὶ
1362 1939 1424 1991 τὸ
1457 1939 1645 2011 ἕτερον

1828 1301 1902 1356 Ex
1933 1302 2023 1368 iis,
2052 1317 2175 1372 quae
2198 1302 2473 1375 disputata
2495 1311 2651 1368 sunt,
2679 1301 2954 1371 sequitur,
2978 1308 3038 1355 ut
3059 1316 3216 1371 aqua:
3237 1316 3335 1356 su-

1749 1410 1847 1466 pra
1870 1394 2271 1450 ﬁrmamentum
2294 1394 2412 1452 sita:
2433 1395 2503 1449 ab
2525 1393 2628 1450 hac
2649 1392 2877 1449 humida
2901 1402 3097 1448 natura
3121 1392 3332 1449 discre-

1752 1494 1903 1557 pent.
1938 1486 2094 1541 Patet
2124 1487 2269 1541 enim
2301 1486 2511 1542 humidi
2542 1496 2705 1557 pastu
2736 1493 2995 1541 naturam
3025 1485 3169 1556 ignis
3216 1499 3330 1539 non

1752 1578 1819 1632 ali
1850 1577 2430 1653 :demonstratumque
2449 1586 2557 1644 est,
2580 1576 2821 1633 calidum
2840 1574 3040 1648 frigido
3064 1591 3174 1632 non
3202 1590 3335 1631 enu-

1750 1670 1871 1723 triri
1890 1710 1905 1733 ,
1929 1668 2025 1725 sed
2049 1670 2321 1743 exstingui
2348 1689 2364 1726 :
2390 1677 2444 1725 et
2471 1668 2696 1724 humido
2723 1669 2933 1725 siccum
2965 1667 3136 1723 deleri
3157 1707 3173 1734 ,
3214 1681 3328 1721 non

1751 1761 2020 1833 adjuvari.
2048 1760 2417 1827 Quamobrem
2439 1769 2659 1832 tempus
2682 1768 2801 1824 est,
2825 1767 2886 1815 ut
2906 1759 3209 1814 orationem
3237 1771 3333 1813 no-

1748 1862 1920 1909 stram
1973 1854 2082 1908 alio
2121 1861 2545 1923 convertamus,
2587 1868 3016 1924 quaeramusque
3053 1850 3330 1922 quomodo

1749 1944 1911 1998 tertio
1927 1942 2017 1998 die
2034 1943 2191 1998 factm
2208 1953 2336 1999 sunt
2356 1958 2567 2009 omnes,
2588 1959 2710 2013 quae
2733 1945 2788 1998 in
2806 1943 2949 1999 caelo
2971 1952 3120 2009 sunt,
3136 1942 3327 2001 stellae.

60 2022 162 2074 τῶν
207 2022 558 2094 ζητουμένων
587 2025 780 2097 καιρὸς
812 2026 879 2081 ἂν
908 2027 995 2098 εἴη
1014 2027 1212 2099 τρέψαι
1250 2029 1351 2102 τὴν
1390 2029 1644 2104 θεωρίαν,

1753 2032 1901 2101 Quod
1924 2035 2089 2105 igitur
2108 2035 2365 2090 omnibus
2388 2034 2554 2090 rebus
2580 2034 3056 2105 admirandisque:
3073 2047 3334 2102 procrea-

64 2113 175 2177 πῶς
218 2116 364 2185 μετὰ
392 2115 490 2186 τὴν
523 2117 716 2189 τρίτην
754 2117 970 2190 ἡμέραν
1016 2120 1218 2185 πάντες
1248 2123 1297 2175 οἱ
1340 2124 1459 2177 κατ’
1486 2123 1647 2195 οὐρα-

60 2205 145 2257 νὸν
179 2206 472 2277 φωστῆρες
498 2208 840 2278 πεποίηνται.
874 2209 1001 2263 Ὀτι
1029 2210 1129 2281 μὲν
1150 2206 1241 2265 οῦν
1267 2212 1498 2266 ἑκάστου
1538 2213 1647 2267 τῶν

61 2298 369 2364 γενομένων
419 2297 712 2370 θαυμάτων
771 2299 931 2369 λόγος
984 2319 1069 2366 τις
1124 2303 1267 2368 θεῖος
1319 2303 1647 2377 καθηγεῖται

61 2390 493 2460 προστακτικὸς,
539 2390 681 2445 οὕτω
730 2392 824 2447 τοῦ
872 2394 1118 2459 Μωσέως
1166 2395 1455 2468 ίστορικῶς
1498 2398 1647 2467 ἡμᾶς

61 2478 126 2529 τὰ
164 2477 350 2549 ὑψηλά
395 2477 507 2531 τῶν
550 2478 834 2550 δογμάτων
879 2482 1254 2548 διδάσκοντος,
1275 2486 1334 2542 ὲν
1363 2488 1476 2551 τοῖς
1512 2485 1649 2556 φθά-

63 2586 217 2623 σασιν
268 2570 611 2642 ἑξητάσαμεν
648 2571 862 2640 λόγοις,
896 2576 954 2627 ἑν
992 2571 1073 2639 οἷς
1117 2574 1276 2628 τοῦτο
1313 2579 1647 2649 κατενοήσα-

63 2680 159 2731 μεν
185 2705 201 2727 ,
230 2662 293 2716 τὸ
322 2663 398 2734 μὴ
430 2664 757 2735 πρόσταγμα
789 2660 927 2722 εἶναι
951 2662 1040 2720 διὰ
1070 2666 1332 2739 ῥημάτων
1364 2668 1648 2741 γινόμενον

60 2756 154 2826 τὴν
187 2754 343 2809 θείαν
384 2757 596 2827 φωνὴν,
625 2757 763 2811 ἀλλᾶ
800 2759 902 2829 τὴν
944 2763 1201 2831 τεχνικήν
1244 2778 1305 2814 τε
1343 2762 1437 2815 καὶ
1480 2760 1649 2837 σοφὴν

60 2848 290 2919 δύναμιν
318 2848 551 2903 ἑκάστου
584 2848 692 2903 τῶν
722 2851 1041 2922 γινομένων,
1078 2852 1202 2906 καθ’
1247 2855 1314 2925 ἣν
1343 2854 1649 2926 ἐνεργεῖται

59 2940 124 2992 τά
153 2941 214 2993 ἑν
240 2943 356 3004 τοῖς
387 2936 507 2996 οὖσι
528 2941 803 3012 θαύματα,
835 2943 994 2998 τοῦτο
1024 2944 1182 3014 λόγον
1209 2945 1344 3000 Θεοῦ
1374 2949 1467 3002 καὶ⁵
1503 2943 1645 3003 εἶναι

59 3032 151 3084 καὶ
176 3032 436 3102 λέγεσθαι
456 3073 472 3098 ,
510 3035 605 3088 καὶ
629 3034 712 3088 ὅτι
744 3035 948 3101 παντὸς
978 3036 1191 3107 ἀθρόως
1222 3035 1317 3091 τοῦ
1367 3038 1510 3092 κατὰ
1548 3038 1649 3111 τὴν

61 3124 243 3177 κτίσιν
289 3124 655 3197 πληρώματος
703 3129 763 3181 ἑν
802 3126 882 3198 τῷ
924 3127 1128 3202 πρώτῳ
1176 3128 1270 3184 τοῦ
1306 3129 1443 3184 Θεοῦ
1492 3130 1650 3205 θελή-

62 3230 192 3280 ματι
235 3215 560 3280 συστάντος,
586 3217 620 3287 ἡ
660 3216 973 3287 ἀναγκαίως
1014 3217 1159 3272 κατά
1190 3218 1290 3291 τὴν
1317 3220 1650 3294 ἑγκειμένην

61 3307 172 3367 τοῖς
196 3299 321 3358 οὖσι
357 3306 551 3373 σοφίαν
588 3308 828 3380 ἑπομένη
863 3308 1047 3378 τάξις,
1099 3309 1239 3382 πρὸς
1279 3311 1378 3384 τὴν
1412 3313 1649 3367 ἑκάστου

61 3395 167 3448 τῶν
223 3396 504 3467 στοιχείων
546 3399 838 3468 ἀνάδειξιν,
872 3399 980 3455 τῶν
1011 3400 1175 3456 θείων
1203 3403 1651 3474 προσταγμάτων

59 3487 157 3557 τὴν
184 3488 506 3544 ἀκολουθίαν
540 3490 672 3563 ἔχει.
713 3491 956 3547 Συνελὼν
982 3494 1092 3566 γὰρ
1118 3495 1175 3548 ὲν
1213 3497 1280 3566 τῇ
1326 3494 1520 3567 πρώτῃ
1552 3496 1650 3567 τῆς

64 3578 391 3650 αἰσθητικῆς
426 3581 654 3647 κτίσεως
691 3582 1021 3649 ὑποστάσει,
1062 3584 1430 3659 περιληπτικῇ
1460 3587 1648 3657 φωνῇ,

64 3670 121 3722 τι
173 3672 284 3723 πᾶν
332 3673 361 3724 6
408 3670 608 3741 Μωσῆς
665 3673 969 3739 ἐνεδείξατο
1012 3674 1215 3730 εἰπών’
1285 3693 1304 3729 ι
1368 3677 1455 3730 Ἐν
1507 3678 1649 3749 ἀρχῇ

64 3761 321 3832 ἐποίησεν
359 3765 387 3815 6
416 3762 548 3828 Θεὸς
581 3765 673 3819 τὸν
712 3766 938 3839 οὐρανὸν
970 3767 1063 3820 καὶ
1101 3766 1199 3838 τὴν
1229 3767 1357 3839 γῆν.
1398 3786 1417 3818 ι
1455 3767 1529 3820 Τὸ
1556 3764 1652 3821 οὗν

66 3850 345 3924 πλήρωμα
371 3854 480 3907 τῶν
505 3855 674 3910 όντων
710 3855 880 3911 εἰπὼν
905 3858 987 3911 ὅτι
1014 3858 1293 3929 ἐποίησεν,
1319 3857 1555 3929 καθεξῆς
1593 3859 1653 3913 ὲν

62 3942 216 4008 τάξει
241 3946 355 3998 τινὶ
398 3951 601 4020 φυσικῇ
630 3947 729 4020 τὴν
765 3949 1058 4020 γινομένην
1088 3950 1321 4004 ἑκάστου
1351 3949 1461 4003 τῶν
1482 3950 1651 4004 ὄντων

62 4034 335 4102 ἀνάδειξιν
388 4017 937 4111 ἑπισημξειοῦταθτῷ
994 4017 1183 4111 λόγων
1220 4042 1418 4111 Γέγονε
1469 4041 1651 4097 τοίνυν

65 4133 202 4201 μετά
237 4131 458 4185 πάντων
494 4131 556 4184 τὸ
589 4130 736 4201 φῶς.
766 4131 881 4186 ἀλλ’
908 4133 1009 4186 οὐκ
1038 4131 1200 4195 εὐθὺς
1232 4132 1519 4204 προεφάνη
1542 4131 1652 4186 τῶν

65 4224 313 4288 πάντων,
340 4223 447 4286 ἕως
484 4222 557 4276 τὰ
582 4223 800 4294 ἀφεγγῆ
826 4226 925 4297 τῆς
964 4223 1194 4287 κτίσεως
1223 4223 1364 4296 μέρη
1393 4224 1492 4296 τῆς
1537 4240 1654 4293 φωι

61 4318 309 4389 τιπικῆς
340 4317 775 4389 ἐπιπροσθοῦντα
806 4317 1087 4390 δυνάμεως
1125 4317 1317 4390 ἔμενεν
1338 4334 1352 4349 θ
1407 4316 1542 4390 ὁμοῦ
1593 4317 1651 4372 δὲ

60 4410 137 4481 τῷ
174 4410 399 4479 δοθῆναι
446 4409 598 4481 παρά
633 4409 727 4463 τοῦ
769 4408 904 4463 Θεοῦ
931 4413 998 4483 τῇ
1026 4409 1200 4464 κτίσει
1231 4410 1368 4482 πρὸς
1399 4409 1499 4483 τὴν
1530 4409 1650 4463 δια·
1681 4433 1726 4491 D

63 4501 335 4570 κόσμησιν
375 4501 545 4571 αὐτῆς
583 4499 646 4553 τὸ
696 4499 993 4572 ἐνδόσιμον,
1039 4502 1072 4570 ἠ
1132 4501 1389 4573 πυρώδης
1444 4517 1505 4554 τε
1550 4500 1648 4554 καὶ

63 4589 365 4662 φωτιστικὴ
410 4590 639 4662 δύναμις
690 4591 792 4662 τῆς
840 4591 1071 4656 κτίσεως
1131 4593 1413 4664 προεφάνη
1458 4593 1517 4645 ὲν
1570 4591 1650 4663 τῷ

62 4680 248 4750 κούφῳ
302 4683 397 4736 καὶ
446 4683 713 4754 εὐκινήτῳ
762 4684 863 4755 τῆς
902 4682 1151 4753 φύσεως,
1202 4682 1647 4756 προεξαλλομένη

59 4772 167 4824 τῶν
197 4772 396 4827 ἀλλων.
449 4775 559 4827 Καὶ
610 4777 751 4838 τέως
799 4776 897 4847 μὲν
959 4771 1028 4847 ἦν
1067 4777 1218 4830 πᾶσα
1261 4776 1391 4847 περὶ
1440 4775 1648 4847 ἑαυτὴν

60 4863 396 4936 ἡθροισμένη
426 4866 520 4919 καὶ
547 4867 918 4942 περιπολοῦσα
945 4869 1006 4922 τὸ
1040 4870 1148 4922 πᾶν
1168 4884 1182 4897 ⁸
1213 4867 1353 4940 μετά
1384 4866 1544 4921 τοῦτο
1587 4868 1644 4921 δὲ

60 4955 226 5009 πάλιν
278 4958 392 5021 τοῖς
442 4957 590 5022 ἰδίοις
637 4959 847 5030 μορίοις
898 4958 1034 5031 πρὸς
1076 4958 1147 5012 τὰ
1174 4959 1412 5030 συγγενῆ
1458 4975 1518 5011 τε
1551 4957 1646 5023 καὶ

61 5047 378 5122 κατάλληλα
413 5049 768 5123 διακρίνεται.
805 5051 972 5123 Δῆλον
1010 5052 1119 5124 γὰρ
1162 5053 1227 5104 ἑκ
1279 5050 1388 5104 τῶν
1430 5050 1645 5122 ὁρωμέ-

1748 2134 1816 2179 tte
1859 2133 1987 2181 sunt
2015 2164 2030 2191 ,
2059 2125 2308 2179 divinum
2350 2124 2623 2194 quoddam
2655 2123 2974 2179 mandatum
3006 2123 3332 2194 imperium-

1748 2231 1854 2287 que
1897 2216 2175 2288 sigillatim
2226 2215 2609 2287 praecesserit,
2653 2230 2721 2271 ex
2764 2213 2933 2271 Mosis
2978 2214 3209 2271 historia
3251 2213 3334 2269 sic

1747 2308 1962 2364 excelsa
2004 2308 2121 2364 haec
2164 2306 2385 2363 decreta
2422 2306 2824 2377 complectente
2853 2307 2910 2361 in
2945 2305 3330 2377 superioribus

1747 2401 2271 2465 animadvertimus,
2322 2398 2730 2470 didicimusque
2760 2437 2775 2463 ,
2830 2397 3077 2455 divinam
3135 2412 3330 2452 vocem

1748 2509 1859 2548 non
1916 2507 2041 2548 esse
2075 2492 2393 2548 mandatum
2427 2492 2610 2549 verbis
2656 2505 3007 2563 expressum,
3054 2500 3109 2544 et
3155 2488 3335 2560 expli-

1747 2586 1957 2646 catum,
1993 2579 2091 2635 sed
2114 2579 2382 2636 artificem
2403 2594 2468 2635 ac
2495 2582 2799 2650 sapientem
2824 2578 2893 2645 in,
2910 2580 3073 2635 rebus
3098 2577 3333 2648 singulis

1747 2678 2107 2742 potestatem,
2146 2686 2255 2742 qua
2288 2685 2374 2736 ea,
2403 2686 2529 2742 qua:
2562 2671 2616 2725 in
2648 2671 2785 2741 ipsis
2814 2680 3123 2726 cernuntur
3152 2669 3331 2723 admi-

1748 2764 1975 2829 rabilia,
2025 2763 2273 2832 perfecta
2317 2771 2482 2827 sunt,
2542 2764 2833 2834 primaque
2880 2760 2977 2818 Dei
3046 2762 3331 2817 voluntate

1749 2855 1937 2910 statim
1966 2856 2194 2910 omnino
2225 2870 2419 2912 rerum
2441 2854 2861 2910 universitatem
2894 2840 3202 2919 exstitisse,
3239 2869 3335 2910 or-

1749 2946 2050 3019 dinemque
2108 2948 2403 3019 sapientiae
2461 2947 2519 3002 in
2576 2948 2716 3019 ipsis
2782 2947 2963 3003 insitae
3014 2947 3335 3003 necessario

1677 3085 1719 3144 ϐ
1752 3046 2166 3113 permanentem
2184 3039 2499 3095 divinorum
2518 3040 2910 3096 mandatorum
2932 3039 3038 3094 vim
3058 3049 3112 3095 et
3135 3038 3336 3094 seriem

1751 3130 2319 3189 obtinereuBreviter
2362 3131 2511 3186 enim
2563 3146 2776 3196 rerum,
2826 3146 2951 3201 quae
3004 3146 3174 3186 sensu
3209 3144 3335 3199 per-

1750 3222 2055 3292 cipiuntur,
2110 3223 2561 3293 procreationem
2622 3224 3021 3294 complectens,
3071 3222 3336 3278 mundum

1752 3314 2071 3369 universum
2096 3314 2360 3381 ostendit,
2394 3315 2492 3370 tln
2514 3314 2812 3386 principio,
2847 3334 2866 3368 ι
2904 3315 3188 3386 inquiens,
3208 3334 3227 3365 ι
3256 3314 3340 3369 l'e-

1751 3405 1826 3459 cit
1862 3403 2008 3460 Deus
2048 3404 2253 3459 ccelum
2284 3411 2341 3460 et
2366 3411 2593 3460 terram.
2621 3422 2638 3456 ι
2677 3402 2892 3471 Quibus
2930 3403 3112 3458 verbis
3147 3416 3335 3456 rerum

1751 3494 2122 3551 universitate
2170 3494 2612 3567 comprehensa,
2682 3494 2950 3566 deinceps
3021 3493 3335 3548 naturalem

1754 3584 2045 3657 quemdam
2070 3586 2421 3658 singulorum
2452 3587 2707 3644 ordinem
2741 3586 3116 3657 persequitur.
3156 3583 3339 3639 Simul

1751 3666 1922 3749 igitur
1963 3692 2090 3731 cum
2142 3676 2377 3746 reliquis
2424 3676 2593 3731 rebus
2646 3676 2909 3729 omnibus
2965 3678 3227 3744 generata
3254 3678 3339 3725 est

1753 3770 1869 3832 lux,
1916 3766 2013 3823 sed
2057 3782 2168 3823 non
2217 3768 2493 3837 extemplo
2544 3767 2714 3822 rebus
2762 3766 3022 3821 omnibus
3058 3762 3336 3834 praeluxit,

1752 3858 1998 3931 quandiu
2036 3868 2220 3930 partes
2251 3873 2434 3913 rerum
2466 3856 2719 3913 obscurae
2752 3856 2860 3910 vim
2894 3856 3017 3926 ejus
3052 3855 3337 3909 illustran-
3422 3926 3429 3935 ἢ

1752 3958 1864 4004 tem
1900 3946 2341 4018 impediverunt;
2387 3955 2443 4001 at
2475 3947 2642 4003 simul
2696 3957 2866 4018 atque
2900 3946 3045 4001 ratio
3070 3959 3337 4001 concessa

1752 4043 1840 4094 est
1892 4051 1923 4091 a
1956 4036 2091 4105 Deo,
2130 4037 2289 4109 ignea
2317 4037 2403 4093 vis
2427 4036 2749 4093 illustrandi
2776 4031 3335 4107 praefulsitomnibus,

1755 4130 1973 4201 sibique
2016 4139 2225 4185 natura:
2264 4130 2506 4195 levitate,
2557 4143 2623 4184 ac
2677 4127 3007 4195 mobilitate,
3059 4124 3335 4197 patefacta

1753 4223 1865 4288 via,
1914 4223 2210 4294 prosilivit.
2270 4221 2351 4277 Ac
2397 4229 2534 4277 tunc
2591 4220 2816 4293 quidem
2861 4221 3117 4276 universa
3168 4219 3224 4271 in
3280 4233 3341 4275 se

1754 4322 1950 4371 coacta
1987 4315 2253 4383 mundum
2281 4314 2471 4369 obibat
2502 4330 2519 4370 :
2551 4328 2677 4368 mox
2732 4319 2918 4367 autem
2952 4310 3194 4380 propriis
3223 4323 3353 4378 par-

1755 4408 1904 4462 tibus
1935 4407 1989 4459 in
2015 4421 2101 4471 ea,
2129 4420 2251 4476 qua!
2294 4404 2400 4461 sibi
2437 4411 2676 4476 cognata
2708 4402 3122 4472 conjunctaque
3157 4406 3338 4464 erant,

1753 4500 1925 4555 divisa
1967 4508 2072 4556 est.
2127 4497 2284 4565 Quod
2334 4504 2521 4553 autem
2566 4496 2691 4565 ejus
2740 4502 2941 4548 natura
2983 4508 3097 4547 non
3148 4494 3221 4549 sit
3274 4507 3341 4551 ex

1751 4592 1841 4657 iis,
1872 4606 1995 4662 quae
2024 4589 2300 4653 videntur,
2336 4587 2692 4659 perspicuum
2729 4593 2836 4641 est.
2883 4581 2942 4638 Si
2986 4583 3115 4655 quis
3154 4591 3339 4637 tamen

1752 4684 1931 4738 lucem
1958 4698 2024 4739 ex
2062 4681 2324 4736 omnibus
2356 4686 2609 4735 coactam
2639 4692 2809 4733 unam
2845 4691 2971 4733 esse
3011 4691 3214 4746 genere
3256 4674 3341 4730 di-

1753 4784 1863 4839 cat,
1922 4790 2033 4829 non
2095 4774 2328 4839 errabit,
2392 4772 2617 4845 quando
2665 4771 2891 4826 divinus
2943 4770 3112 4825 etiam
3155 4784 3343 4826 sermo

1755 4867 2025 4938 singulari
2077 4881 2212 4921 voce
2268 4867 2587 4922 universam
2638 4864 2935 4936 signiﬁcat,
2988 4863 3340 4935 praecipiens,

1758 4959 1933 5013 utqu
1955 5000 1970 5023 ,
2008 4974 2116 5012 non
2149 4967 2352 5023 autem,
2398 4965 2459 5012 ut
2493 4957 2680 5029 plures
2709 4957 2866 5013 fiant.
2901 4956 3102 5011 Verum
3137 4955 3187 5012 si
3215 4956 3343 5025 quis

1756 5064 1842 5117 ea,
1864 5063 1984 5119 quae
2016 5048 2296 5110 videntur,
2331 5048 2631 5118 aspexerit,
2662 5048 3026 5119 multiplicem
3059 5047 3342 5103 illustran-

59 5160 191 5207 νων,
230 5143 313 5195 ὅτι
357 5144 418 5197 οὑ
454 5146 552 5217 μία
581 5144 681 5215 τῆς
706 5146 1035 5217 φωτιστικῆς
1066 5143 1279 5215 φύσεώς
1320 5146 1465 5196 ἑστιν
1490 5144 1524 5213 ἡ
1554 5142 1648 5196 δύο

1755 5141 1826 5196 tis
1860 5142 2117 5212 potentia:
2145 5140 2517 5198 differentiam
2567 5141 2624 5198 in
2659 5142 2831 5199 rebus
2880 5140 3302 5197 animadvertei.

58 5248 261 5304 ναμιςο
302 5233 440 5288 άλλά
476 5235 553 5307 τῷ
598 5235 697 5307 μὲν
749 5235 951 5308 γενικῴ
989 5234 1132 5305 λόγῳ
1176 5234 1234 5288 ἓν
1288 5251 1369 5298 τις
1419 5233 1701 5305 ὀνομάζων
1740 5234 1856 5306 φῶς
1896 5234 1958 5289 τὸ
1998 5236 2063 5289 ἑκ
2105 5235 2325 5289 πάντων
2370 5234 2792 5307 ἀθροιζόμενον,
2836 5233 2938 5288 οὑκ
2966 5231 3033 5287 ἄν
3072 5231 3341 5302 ἁμάρτοι,

59 5329 186 5381 ἐπεὶ
212 5328 307 5381 καὶ
325 5330 355 5381 6
384 5328 525 5393 θεῖος
553 5328 710 5397 λόγος
736 5331 803 5401 τῇ
836 5329 987 5399 ἑνικῇ
1022 5329 1175 5400 φωνῇ
1205 5326 1487 5398 καταρχὰς
1510 5328 1571 5381 τὸ
1604 5329 1713 5380 πᾶν
1739 5326 2116 5399 διασημαίνει,
2161 5326 2297 5397 φῶς,
2344 5327 2466 5399 οὐχὶ
2494 5327 2650 5399 φῶτα
2683 5325 2982 5399 γενηθῆναι
3010 5325 3340 5395 προστάξας.

63 5424 121 5475 ΕΞ
154 5421 221 5474 δὲ
241 5420 375 5492 πρὸς
405 5419 474 5474 τά
502 5421 807 5493 φαινόμενα
833 5419 1020 5493 βλέποι
1045 5436 1149 5485 τις,
1191 5419 1392 5491 πολλὴν
1422 5420 1519 5489 τὴν
1549 5420 1649 5490 τῆς
1675 5420 2013 5492 φωτιστικῆς
2046 5420 2329 5493 δυνάμεως
2360 5420 2623 5493 διαφοράν
2651 5421 2708 5475 ἑν
2735 5420 2850 5481 τοῖς
2879 5414 3001 5471 οἷσι
3022 5417 3337 5488 κατόψεται.

131 5512 297 5569 Ὅθεν
337 5514 434 5566 καὶ
487 5515 517 5568 6
545 5512 855 5586 Ψαλμῳδός
898 5522 1100 5587 φησιν·
1163 5531 1182 5565 ι
1217 5510 1310 5584 Τῷ
1366 5513 1648 5591 ποιήσαντι

1827 5511 2174 5583 Quapropter
2221 5512 2386 5568 etiam
2438 5510 2713 5585 Propheta
2764 5509 2953 5591 dicit:
2991 5528 3010 5560 ι
3052 5509 3157 5576 Qui
3209 5510 3338 5591 iacit

62 5608 221 5675 φῶτα
272 5606 486 5676 μεγάλα
534 5606 701 5679 μόνῳ.
754 5628 773 5661 ι
807 5607 953 5675 Καὶ,
991 5626 1010 5661 ι
1065 5606 1235 5680 Ἄλλη
1264 5605 1390 5672 δόξα
1425 5588 1645 5677 mam

1758 5605 2051 5662 luminaria
2083 5619 2278 5677 magna
2311 5604 2465 5662 solus
2482 5603 2549 5658 ³⁸.
2579 5621 2599 5657 ι
2626 5602 2694 5660 Et
2712 5588 3010 5674 Apostolus
3041 5618 3057 5658 :
3087 5620 3108 5655 ι
3145 5602 3285 5670 Alia,
3315 5588 3337 5657 Α

134 5790 183 5823 ³³
209 5788 351 5847 Ρειιί.
383 5807 579 5857 cxxxv,
606 5793 659 5849 4.
