3880 6426
585 356 680 413 115

1810 358 1865 415 5.
1910 357 2236 415 GREGORII
2276 353 2566 410 NYSSE'NI
3804 340 3870 396 Η

577 472 779 541 inquit,
826 489 844 522 ι
874 479 959 527 est
995 473 1220 527 claritas
1246 473 1404 538 solis,
1437 472 1543 527 alia
1576 473 1801 531 claritas
1848 477 2013 541 lunae,
2040 477 2147 531 alia

2251 475 2413 545 φησὶν
2445 474 2474 527 ό
2502 471 2852 534 Ἀπόστολος,
2912 486 2930 519 ι
2961 467 3055 521 καὶ
3101 461 3406 534 massae
3453 461 3758 530 σελήνης,
3814 475 3880 508 κα

581 561 806 616 claritas
857 562 1141 617 stellarum
1176 580 1189 617 :
1227 564 1387 618 stella
1427 565 1575 619 enim
1618 564 1802 621 diﬂ‘ert
1837 581 1867 620 a
1906 567 2064 623 stella
2096 567 2153 621 in

578 652 829 708 claritate
874 652 949 721 ³⁸;
1001 674 1021 707 ι
1070 655 1260 724 itaque
1306 657 1478 711 multa
1539 657 1681 713 lucis
1742 658 1969 712 omnino
2025 666 2154 712 sunt

576 742 918 797 discrimina.
950 743 1015 799 Et
1046 761 1361 816 quanquam
1386 749 1594 813 omnia,
1621 763 1743 818 quae
1766 748 1973 803 Paulus
2008 764 2151 803 enu—

574 834 827 899 meravit,
853 833 1165 891 illustrandi
1186 838 1294 891 vim
1328 834 1552 905 habent,
1577 847 1631 893 et
1675 854 1774 894 sua
1800 838 2153 909 unumquod-

572 938 680 995 que
746 933 1021 997 potestate
1084 927 1446 1000 claritateque
1513 930 2032 1001 comprehenditur,
2094 943 2154 987 ut

572 1028 773 1073 cuncta
826 1021 1107 1075 communi
1160 1023 1383 1077 nomine
1426 1021 1518 1077 lux
1570 1038 1681 1077 una
1739 1033 1891 1079 recte
1939 1025 2153 1094 possint

573 1108 861 1178 appellari,
908 1120 1074 1165 certa:
1119 1120 1303 1167 tamen
1354 1112 1406 1166 in
1452 1112 1539 1167 bis
1574 1112 1965 1185 distinctaeque
1995 1113 2152 1171 dill'e-

571 1199 764 1253 rentiae
809 1208 1153 1270 spectantur.
1191 1200 1323 1267 Quae
1355 1217 1480 1257 cum
1506 1202 1582 1256 ita
1612 1219 1671 1259 se
1700 1201 1955 1269 habeant,
1988 1220 2089 1260 nos
2119 1220 2150 1260 a

574 1303 704 1344 vero
729 1290 953 1345 minime
983 1306 1306 1347 recessuros
1334 1291 1607 1359 existimo,
1640 1294 1686 1349 si
1725 1294 2049 1362 dixerimus,
2074 1295 2149 1350 ita

572 1376 777 1435 Moseln
832 1382 1175 1439 intellexisse
1234 1399 1248 1436 :
1318 1384 1480 1439 initio
1537 1385 1758 1455 quidem
1808 1395 1982 1441 lotam
2041 1388 2147 1465 vim

572 1468 891 1524 illustrandi
944 1471 998 1526 in
1044 1488 1213 1527 unum
1254 1482 1641 1545 congregatam
1684 1475 1858 1531 fuisse
1892 1497 1906 1531 ι
1935 1492 2149 1541 verum,

573 1573 700 1613 cum
754 1561 941 1615 multae
984 1570 1171 1617 essent
1218 1564 1273 1617 in
1340 1564 1649 1621 subtilitate
1694 1566 2146 1637 mobilitateque,

571 1658 841 1719 quantum
909 1650 976 1707 ad
1025 1652 1287 1722 majorem
1338 1655 1721 1726 minoremque
1772 1659 2147 1726 praestantiam

574 1741 833 1810 pertinet,
874 1740 927 1794 in
958 1741 1333 1798 universitatis
1376 1754 1572 1799 natura
1612 1744 1955 1813 differentiae,
1984 1748 2149 1803 trium

2254 565 2387 635 άλλη
2441 562 2569 627 δόξα
2622 560 2898 630 ἀστέρων·
2949 554 3124 626 ἀστὴρ
3179 552 3289 623 γὰρ
3313 551 3556 619 ἀστέρος
3615 547 3880 615 διαφέρε

2252 657 2311 707 ὲν
2336 653 2459 725 δόξῃ
2480 693 2494 717 ,
2530 672 2548 702 ι
2582 651 2657 714 ὡς
2686 649 2887 718 πολλῆς
2917 646 3135 708 πάντως
3152 644 3250 714 τῆς
3284 640 3425 695 κατὰ
3446 639 3513 693 τὸ
3539 638 3683 708 φῶς
3718 636 3880 703 οὖσηη

2251 746 2533 817 διαφορᾶς.
2582 743 2642 795 Εἰ
2664 740 2772 812 γάρ
2800 740 2895 792 καὶ
2921 737 3102 791 πάντα
3130 735 3387 803 φωτίζειν
3410 733 3698 801 πέφυκεν
3738 730 3858 782 ὅσα

2252 837 2460 900 Παῦλος
2496 834 2941 905 ἀπηριθμήσατο,
2969 830 3065 883 καὶ
3079 827 3310 881 ἕκαστον
3334 828 3391 879 ὲν
3422 822 3750 893 ἰδιαζούσας]
3787 839 3880 873 τιν

2251 928 2476 999 δυνάμει
2500 927 2595 981 καὶ
2626 925 2752 995 δόξῃ
2782 919 3300 991 καταλαμϐάνεται·
3347 914 3541 979 καλῶς
3604 916 3688 969 ἂν
3750 914 3880 983 ἔχοι

2252 1020 2310 1073 ἓν
2348 1018 2463 1089 φῶς
2503 1016 2571 1071 τὰ
2595 1015 2770 1069 πάντα
2808 1011 2952 1067 κατὰ
2987 1011 3079 1064 τὸν
3108 1010 3324 1079 γενικὸν
3357 1005 3778 1078 ὀνομάζεσθαι
3813 1004 3880 1056 λό

2251 1128 2368 1179 γον,
2390 1109 2692 1179 ἀσύγχυτον
2724 1106 2780 1160 δὲ
2801 1106 2896 1159 καὶ
2921 1102 3260 1174 διῃρημένην
3280 1100 3380 1169 τὴν
3400 1102 3459 1153 ὲν
3482 1098 3738 1160 τούτοις
3772 1097 3880 1149 δια⁴

2252 1200 2425 1270 φορὰν
2462 1199 2707 1269 θεωρεῖν.
2748 1197 2812 1249 Εἰ
2847 1194 2907 1248 δὲ
2930 1193 3102 1247 ταῦτα
3124 1190 3313 1243 τοῦτον
3345 1188 3457 1259 ἔχει
3484 1188 3595 1242 τὸν
3632 1187 3875 1260 τρόπον

2249 1292 2349 1343 οὐκ
2372 1291 2439 1343 ἀν
2456 1283 2609 1359 οἶμαι
2624 1286 2946 1357 διαμαρτεῖν
2969 1283 3069 1355 τῆς
3089 1278 3407 1342 ἀκολουθίας
3428 1280 3532 1350 τὴν
3569 1278 3880 1349 ἡμετέραπ

2252 1378 2541 1449 ὑπόληψιν,
2554 1380 2601 1431 εἰ
2613 1376 2772 1431 τοῦτο
2786 1374 3152 1444 ὑπολάϐοιμεν
3165 1372 3479 1439 νενοηκέναι
3497 1371 3609 1423 τὸν
3634 1370 3880 1423 Μωσέαι

2250 1472 2332 1525 δτι
2359 1469 2641 1540 καταρχὰς
2655 1467 2754 1540 μὲν
2772 1470 2920 1522 πᾶσα
2937 1469 2969 1537 ἠ
2992 1463 3292 1535 φωτιστικὴ
3313 1461 3547 1532 δύναμις
3578 1463 3745 1534 πρὸς
3764 1465 3880 1514 ἐαιμ

2250 1562 2348 1633 τὴν
2364 1559 2714 1633 ἀθροισθεῖσα
2737 1559 2795 1612 ἓν
2812 1559 3029 1627 ἐγένετο
3044 1558 3181 1626 φῶςο
3201 1556 3323 1609 ἐπεὶ
3335 1555 3389 1609 δὲ
3406 1553 3589 1625 πολλή
3610 1572 3708 1617 τις
3723 1550 3802 1623 ἦν
3830 1556 3880 1606 ὲκ.

2249 1652 2328 1723 τῷ
2349 1650 2527 1721 λεπτῷ
2548 1668 2607 1704 τε
2634 1650 2728 1704 καὶ
2756 1650 3027 1721 εὐκινητῳ
3056 1649 3205 1721 παρὰ
3237 1649 3298 1703 τὸ
3333 1650 3535 1721 μᾶλλον
3562 1649 3672 1700 καὶ
3702 1642 3880 1718 ἧττον

2251 1744 2286 1814 ἡ
2303 1743 2535 1814 διαφορά
2587 1744 2643 1796 ὲν
2667 1744 2731 1811 τῇ
2754 1741 2859 1794 τῶν
2878 1741 3015 1794 ὅλων
3047 1740 3205 1811 φύσει
3234 1740 3624 1813 θεωρουμένη,
3650 1740 3813 1810 ῆρκε
3825 1754 3880 1789 σε

573 1832 785 1887 dierum
820 1832 1057 1903 spatium
1096 1833 1271 1891 fuisse
1298 1840 1435 1892 satis
1472 1837 1538 1891 ad
1576 1853 1695 1893 eam
1733 1853 1861 1893 vera
1895 1849 2148 1911 certaque

2250 1836 2309 1888 τὸ
2342 1838 2637 1908 τριήμερον
2675 1833 2866 1904 χρόνου
2890 1832 3192 1904 διάστημα,
3224 1834 3325 1901 τὴν
3363 1832 3609 1887 ἑκάστου
3646 1831 3880 1883 τούτων

572 1922 788 1979 ratione
822 1924 1286 1996 distinguendam,
1337 1936 1415 1994 ut,
1460 1929 1606 1999 quod
1652 1932 1706 1983 in
1756 1940 1951 1984 natura
1994 1931 2150 2003 ignea

572 2012 810 2068 maxime
853 2020 972 2069 erat
1016 2015 1237 2079 subtile,
1284 2033 1347 2073 ac
1382 2017 1517 2085 leve,
1570 2025 1624 2073 et
1674 2035 1811 2090 pure
1846 2037 1877 2076 a
1923 2023 2151 2077 materia

570 2114 866 2170 remotum,
900 2120 1176 2162 summum
1218 2124 1424 2177 rerum,
1475 2128 1596 2182 quae
1638 2114 1743 2168 sub
1789 2129 2012 2171 sensum
2054 2131 2149 2169 ca-

570 2191 730 2257 dunt,
768 2189 1049 2264 fastigium
1084 2193 1357 2251 obtineret
1388 2215 1401 2250 :
1430 2196 1533 2252 hoc
1560 2213 1689 2252 vero
1716 2199 2073 2270 intelligibilis
2096 2207 2151 2256 et

570 2282 898 2352 incorporea
928 2288 1125 2337 natura
1170 2283 1449 2338 admittit:
1479 2285 1627 2353 quod
1673 2294 1855 2342 autem
1896 2288 2147 2355 inertius,

572 2384 638 2425 ac
663 2371 910 2442 segnius,
943 2374 1085 2426 intra
1119 2373 1426 2428 subtilioris
1454 2373 1787 2445 leviorisquc
1808 2378 2148 2447 complexum

571 2461 939 2529 consisteret;
984 2469 1039 2517 et
1076 2463 1181 2517 hoc
1216 2476 1438 2517 rursum
1477 2476 1545 2519 ex
1586 2465 1763 2521 insita:
1799 2467 2151 2536 proprietatis

571 2550 880 2608 diferentia
913 2553 968 2608 in
1010 2563 1217 2624 septem
1253 2555 1392 2611 lucis
1424 2564 1607 2627 partes
1643 2557 2001 2625 divideretur,
2034 2574 2152 2612 om-

571 2654 670 2697 nes
715 2644 857 2698 inter
896 2657 956 2699 se
1001 2645 1210 2701 similes
1306 2653 1471 2717 atque
1520 2656 1819 2719 cegnatas.
1874 2650 2151 2718 sejunctas

568 2749 754 2795 autem
786 2756 816 2795 a
848 2741 1031 2809 rebus,
1054 2752 1176 2813 quae
1191 2742 1393 2799 diversi
1415 2744 1633 2815 generis
1658 2742 1854 2800 forent.
1880 2742 2151 2802 Omnibus

567 2842 697 2900 ergo
729 2830 1034 2900 particulis,
1068 2845 1189 2902 quae
1218 2831 1273 2886 in
1308 2833 1443 2889 solis
1492 2832 1860 2889 illustrantem
1894 2843 2148 2888 naturam

569 2919 837 2990 conjecta:
884 2929 1054 2986 sunt,
1099 2924 1562 2980 concurrentibus
1592 2964 1608 2989 ,
1669 2940 1839 2979 unum
1888 2924 2149 2994 quiddam

569 3026 829 3082 magnum
856 3013 1107 3069 eﬂ‘ectum
1147 3022 1252 3071 est.
1286 3015 1445 3082 Quod
1482 3015 1669 3072 itidem
1702 3017 1883 3071 evenit
1906 3017 1960 3071 in
1997 3016 2148 3080 luna,

569 3104 893 3172 caeterisque
907 3113 1021 3157 tum
1038 3105 1351 3160 errantibus
1367 3113 1482 3159 tum
1499 3116 1606 3159 non
1625 3106 1935 3161 errantibus
1952 3107 2146 3169 stellis,

2251 1928 2521 1998 διάκρισιν
2560 1924 2776 1995 τρανῶς
2814 1942 2875 1977 τε
2922 1926 3017 1979 καὶ
3054 1924 3376 1995 ἀσυγχύτως
3433 1924 3531 1977 ἀπ’
3597 1923 3880 1993 ἀλλήλων

2252 2017 2601 2090 ποιήσασθαι,
2649 2016 2789 2069 ὥστε
2827 2016 2887 2069 τὸ
2930 2016 3028 2086 μὲν
3054 2016 3237 2087 ἄκρως
3267 2015 3461 2067 λεπτόν
3482 2031 3547 2067 τε
3593 2016 3703 2068 καὶ
3735 2013 3877 2066 κοῦ-

2252 2126 2351 2178 φον
2372 2108 2471 2178 τῆς
2499 2105 3001 2179 πυριῦδουςούσίας,
3020 2106 3115 2159 καὶ
3142 2104 3397 2176 καθαρῶς
3429 2104 3601 2157 άῦλον
3619 2144 3635 2169 ,
3674 2107 3748 2157 ὲν
3793 2104 3874 2171 τῷ

2251 2199 2538 2271 ἀκροτάτῳ
2576 2197 2826 2266 γενέσθαι
2861 2196 2960 2263 τῆς
3004 2196 3269 2267 αἰσθητῆς
3314 2197 3548 2257 κτίσεως
3603 2196 3806 2266 (ὅπερ
3838 2198 3871 2263 ἡ

2251 2290 2413 2359 νοητή
2460 2304 2520 2339 τε
2554 2288 2648 2339 καὶ
2688 2283 2980 2355 ἀσώματος
3030 2282 3332 2353 διαδέχεται
3376 2284 3573 2353 φύσις)
3600 2301 3616 2315 °
3678 2286 3753 2337 τὸ
3811 2284 3870 2336 δὲ

2251 2377 2547 2451 ἀργότερόν
2606 2394 2663 2429 τε
2704 2376 2800 2430 καὶ
2838 2374 3275 2445 ναρκωδέστερον
3326 2374 3502 2439 ἅπαν,
3552 2375 3729 2438 ἐντὸς
3762 2374 3869 2442 τῆς

2252 2470 2514 2543 περιοχῆς
2563 2466 2657 2522 τοῦ
2700 2465 2898 2521 λεπτοῦ
2952 2483 3012 2518 τε
3053 2465 3149 2519 καὶ
3186 2464 3390 2534 κούφου
3423 2464 3554 2533 περὶ
3640 2468 3863 2519 ἑαυτοῦ

2252 2562 2539 2632 συστῆναν
2580 2558 2739 2613 τοῦτο
2777 2555 2835 2611 δὲ
2895 2556 3057 2610 πάλιν
3101 2557 3240 2611 κατά
3283 2557 3380 2626 τὴν
3421 2554 3710 2624 διαφορὰν
3760 2556 3864 2620 τῆς

2251 2652 2579 2724 ἐγκειμένης
2612 2648 2758 2721 αὐτῷ
2784 2649 3041 2719 ἰδιότητος
3073 2650 3282 2718 ὲπταχῆ
3310 2646 3665 2719 μερισθῆναι·
3710 2648 3861 2700 τεάν-

2250 2766 2359 2803 των
2402 2742 2510 2799 τῶν
2554 2743 2898 2815 καταλλήλων
2941 2759 3001 2795 τε
3043 2741 3140 2794 καὶ
3178 2739 3463 2810 ὁμοφύλων
3503 2737 3605 2790 τοῦ
3659 2738 3859 2817 τρωτὸς

2256 2824 2458 2913 μορίων
2506 2838 2754 2909 ἀλλήλοις
2776 2834 2918 2889 κατά
2940 2834 3000 2887 τὸ
3022 2832 3281 2903 συγγενὲς
3305 2849 3367 2883 συ
3376 2831 3670 2901 μφυέντων
3692 2870 3710 2893 ,
3760 2829 3860 2881 καὶ

2252 2933 2360 2987 ἀπὸ
2394 2930 2499 2993 τῶν
2536 2927 2867 3000 έτερογενῶς
2903 2924 3135 2997 ἐχόντων
3178 2920 3589 2991 διακριθέντων.
3647 2918 3857 2980 Οὕτως

2252 3018 2344 3079 οὗν
2367 3024 2489 3077 ὅσον
2525 3024 2581 3075 ἐν
2612 3024 2679 3092 τῇ
2714 3017 3018 3089 φωτιστικῇ
3044 3013 3199 3085 οὐσίᾳ
3231 3013 3327 3084 τῆς
3351 3010 3584 3083 ἡλιακῆς
3618 3009 3857 3079 φύσεως

2253 3108 2670 3180 ὲνεσπαρμένων
2703 3104 2920 3158 πάντων
2949 3102 3058 3154 τῶν
3098 3100 3303 3171 μορίων
3339 3097 3541 3150 τούτων
3577 3096 3731 3166 πρὸς
3759 3096 3853 3148 ἆλ-

570 3202 631 3247 υι
654 3193 915 3248 similium
941 3194 1212 3265 cujusque
1238 3196 1633 3267 particularum
1651 3208 1959 3252 concurSus
1982 3200 2144 3252 tinam

2250 3202 2386 3273 ληλα
2408 3197 2840 3269 συνδραμόντων,
2865 3193 2921 3248 ἓν
2966 3192 3110 3263 μέγα
3166 3189 3379 3259 ἐγένετο
3401 3204 3416 3219 ’
3446 3187 3726 3251 ὡσαύτως
3756 3187 3854 3238 καὶ

570 3282 813 3351 aliquam
844 3297 1033 3337 earum
1061 3284 1329 3351 ediceret;
1359 3291 1523 3356 atque
1550 3286 1628 3342 ita
1660 3296 1853 3341 omnes
1886 3285 2151 3341 confectae

570 3380 723 3427 sunt.
768 3372 1074 3430 Contentus
1116 3383 1295 3431 autem
1321 3375 1520 3444 Moses,
1549 3391 1612 3434 ex
1642 3380 1709 3433 iis
1736 3377 2007 3434 luminare
2029 3390 2150 3433 tan-

569 3469 684 3516 tum
716 3463 895 3533 majus
923 3473 977 3520 et
1017 3465 1286 3522 luminare
1320 3468 1505 3523 minus
1554 3469 1893 3533 nominasse,
1922 3468 2150 3525 caeteras

567 3567 760 3609 omnes
796 3556 1070 3611 communi
1134 3558 1355 3615 nomine
1397 3559 1586 3616 stellas
1637 3561 1948 3630 appellavit.
1991 3561 2147 3627 Quod

576 3653 762 3702 autem
792 3647 1055 3719 fatigetur
1084 3664 1241 3707 mens
1268 3659 1479 3719 nostra,
1500 3662 1555 3707 et
1578 3655 1818 3723 pondere
1838 3670 1939 3709 suo
1958 3671 2147 3725 pressa

574 3755 688 3794 non
723 3727 897 3811 possit
943 3740 1142 3798 divina:
1190 3744 1473 3815 sapientiae
1502 3746 1869 3801 subtilitatem
1904 3749 2145 3818 assequi,

562 3846 727 3887 nemo
771 3832 1106 3899 admiretur,
1166 3834 1262 3890 sed
1319 3842 1527 3891 naturae
1570 3845 1775 3893 nostra:
1824 3838 2145 3893 tenuitatem

562 3931 833 3992 excuset;
885 3940 1009 3979 cum
1046 3941 1154 3996 qua
1196 3927 1460 3997 praeclare
1501 3931 1702 3998 agitur,
1754 3944 1863 3982 non
1906 3929 1950 3983 si
1996 3929 2145 3982 nulla

560 4016 619 4069 in
652 4024 704 4071 te
728 4018 739 4027 ”
756 4017 1123 4083 aberraverit,
1171 4018 1270 4075 sed
1315 4021 1364 4074 si
1408 4021 1493 4075 vel
1543 4036 1708 4074 unam
1752 4022 2014 4091 consequi
2049 4037 2148 4091 po.

562 4107 753 4160 tuerit.
797 4104 927 4161 Haec
977 4116 1158 4163 autem
1193 4108 1341 4177 dico,
1377 4110 1507 4166 illuc
1537 4112 1864 4181 respiciens,
1905 4128 2025 4182 qua:
2076 4113 2148 4166 sit

562 4195 706 4249 ratio
753 4196 922 4267 hujus
946 4200 1112 4253 trium
1164 4199 1382 4256 dierum
1418 4202 1604 4272 spatii,
1639 4202 1787 4272 quod
1819 4203 1955 4258 satis
1982 4202 2147 4257 fuerit

2251 3294 2344 3347 ἐπὶ
2377 3294 2476 3363 τῆς
2518 3290 2748 3360 σελήνης
2775 3287 2867 3340 καὶ
2890 3287 2977 3355 ἐφ’
2999 3284 3229 3337 ἑκάστου
3256 3281 3363 3334 τῶν
3392 3278 3567 3333 ἀλλων
3597 3278 3719 3331 τῶν
3745 3296 3848 3331 πε-

2250 3383 2609 3455 πλανημένων
2658 3377 2889 3433 καὶτῶν
2922 3373 3439 3444 κατεστηριγμένων
3476 3370 3775 3441 ἀστέρωι,
3817 3373 3849 3439 η

2250 3477 2385 3548 πρὸς
2415 3476 2482 3528 τά
2504 3472 2737 3545 ὁμογενῆ
2763 3469 2872 3523 τῶν
2893 3467 3124 3522 ἑκάστου
3147 3465 3351 3537 μορίων
3371 3462 3674 3533 συνδρομὴ,
3696 3462 3767 3515 ἓν
3794 3480 3848 3513 τι

2249 3567 2355 3621 τῶν
2378 3565 2713 3635 φαινομένων
2736 3560 3009 3631 ἐποίησεν·
3034 3557 3126 3611 καὶ
3146 3558 3287 3610 οὕτω
3306 3556 3374 3608 τά
3390 3556 3564 3608 πάντα
3584 3554 3843 3622 ἐγένετο.

2262 3659 2321 3712 Ἡ
2332 3657 2531 3730 ρκέσθη
2546 3655 2601 3709 δὲ
2623 3656 2651 3707 ό
2675 3654 2844 3725 μέγας
2864 3650 3073 3721 Μωσῆς
3090 3650 3157 3703 τά
3170 3645 3565 3719 γνωριμώτερα
3590 3646 3765 3713 μόνον
3786 3645 3847 3697 ἐν

2246 3750 2460 3814 τούτοις
2493 3745 2899 3815 κατονομάσας,
2942 3744 3035 3797 τὸν
3076 3741 3248 3813 μέγαν
3285 3738 3545 3808 φωστῆρα
3599 3737 3702 3788 καὶ
3746 3735 3843 3787 τὸν

2247 3845 2487 3908 ἐλάσσω,
2516 3840 2583 3894 τὰ
2609 3840 2741 3893 ἄλλα
2785 3837 2961 3891 πάντα
2993 3833 3227 3904 γενικῶς
3261 3832 3583 3903 προσειπεῖν
3619 3828 3703 3898 τῷ
3726 3827 3843 3880 τῶν

2247 3934 2491 4004 ἀστέρων
2517 3930 2757 4001 ὀνόματι.
2781 3928 2844 3980 Εἰ
2862 3927 2920 3980 δὲ
2939 3927 3125 3995 κάμνῃ
3141 3921 3299 3993 ἡμῶν
3331 3922 3364 3991 ὴ
3404 3918 3497 3973 τοῦ
3520 3918 3616 3971 νοῦ
3653 3918 3841 3989 παχύο

2245 4042 2364 4096 της.
2392 4023 2465 4095 μὴ
2489 4020 2763 4093 δυναμένη
2791 4021 2857 4090 τῇ
2882 4016 3169 4086 λεπτότητι
3197 4011 3529 4078 συνεξελθεῖν
3551 4010 3654 4080 τῆς
3678 4008 3838 4073 θείας

2249 4109 2474 4179 σοφίας,
2511 4106 2799 4174 ξενιζέσθω
2841 4105 2939 4176 μὲν
2990 4104 3177 4175 μηδεὶς
3217 4101 3354 4175 πρὸς
3396 4100 3494 4170 τὴν
3545 4099 3838 4169 πτωχείαν

2244 4202 2342 4272 τῆς
2376 4200 2588 4270 φύσεως
2621 4197 2776 4270 ἡμῶν
2802 4196 3125 4251 ἀποϐλέπων
3145 4200 3183 4259 ’.
3278 4191 3561 4263 ἀγαπητόν
3592 4193 3750 4245 ἐστιν
3774 4191 3836 4244 οὐ

548 4286 630 4359 ad
684 4303 747 4341 ea
797 4286 1212 4360 distinguenda,
1248 4306 1370 4362 quae
1403 4293 1524 4348 luce
1570 4291 1796 4364 praedita
1854 4302 2004 4348 sunt.
2049 4292 2146 4348 Est

2250 4294 2306 4348 τὸ
2341 4292 2569 4364 μηδενὸς
2612 4290 2950 4360 διαμαρτεῖν,
2980 4287 3117 4342 ἀλλά
3145 4287 3205 4340 τὺ
3228 4285 3343 4348 ἐνὸς
3376 4283 3504 4353 γοῦν
3544 4285 3837 4354 ἐπιτυχεῖν

560 4377 706 4432 enim
739 4380 923 4450 aliqua
970 4381 1231 4437 nimirum
1275 4385 1447 4450 ratio,
1492 4385 1619 4441 licet
1657 4386 2010 4455 praestantior
2048 4386 2142 4452 sit,

2250 4386 2561 4457 δυνηθῆναι.
2597 4382 2782 4436 Ταῦτα
2820 4382 2878 4435 δέ
2912 4398 3053 4450 φημι
3101 4378 3237 4449 πρὸς
3258 4379 3434 4430 έκεῖνο
3473 4374 3716 4445 βλέπων,
3750 4377 3835 4439 τές

561 4478 724 4536 quam
764 4478 824 4524 ut
854 4487 975 4526 eam
1009 4486 1110 4529 nos
1134 4472 1442 4543 intelligere
1468 4477 1769 4539 valeamus,
1802 4493 1909 4548 qua
1931 4485 2144 4549 tempo-

2250 4477 2451 4544 όλόγος
2485 4473 2579 4527 τοῦ
2615 4490 2740 4544 τριη
2751 4471 2917 4542 μέρου
2937 4468 3128 4522 τούτου
3154 4466 3540 4535 διαστήματος,
3565 4461 3715 4564 ὥστ-ε
3740 4462 3835 4571 τδν

559 4559 639 4613 ris
693 4559 857 4631 hujus
906 4578 1167 4617 mensura
1197 4567 1363 4621 rebus
1392 4566 1595 4621 lucidis
1617 4568 1976 4639 disponendis
2004 4586 2143 4641 prae-

2250 4565 2501 4620 τοσοῦτον
2552 4564 2743 4634 χρόνον
2785 4561 3017 4633 ἀρκέσαι
3067 4556 3206 4628 πρὸς
3238 4555 3335 4627 τὴν
3364 4555 3596 4608 ἑκάστου
3628 4553 3741 4606 τῶν
3774 4553 3834 4605 ὲν

562 4652 765 4714 scripta
796 4660 901 4718 est,
951 4654 1201 4711 adhibito
1245 4658 1513 4728 temporis
1544 4660 1708 4714 modo
1752 4670 1807 4716 et
1837 4664 2144 4732 quantitate

2250 4657 2326 4728 τῷ
2349 4655 2488 4727 φωτὶ
2511 4653 2897 4725 θεωρουμένων
2920 4649 3211 4720 διάκρισιν.
3249 4647 3417 4717 Δῆλον
3446 4645 3556 4715 γάρ
3582 4644 3671 4697 ὃτι
3694 4644 3835 4697 πάν·

564 4742 802 4796 actionis
836 4743 980 4813 ignis
1003 4744 1057 4799 in
1083 4753 1255 4813 motu,
1290 4748 1545 4820 factaque
1574 4752 1713 4810 lucis
1744 4752 2020 4810 divisione
2042 4770 2142 4825 pro

2250 4763 2353 4809 τως
2395 4744 2509 4798 έστί
2543 4762 2627 4807 τις
2660 4743 2845 4811 λόγος,
2891 4739 2993 4793 κᾶν
3032 4733 3364 4833 κρείττωνμῇ
3402 4734 3500 4805 τῆς
3548 4734 3833 4833 ημετέιρας

565 4842 753 4885 earum
788 4845 1015 4898 natura,
1057 4837 1193 4894 adeo
1238 4846 1331 4906 ut,
1364 4854 1489 4895 cum
1531 4842 1645 4897 sint
1678 4844 1735 4898 in
1769 4847 1850 4900 eis
1883 4844 2139 4900 innume-

2250 4837 2524 4907 ἐπόψεως,
2568 4833 2689 4888 καθ’
2739 4832 2798 4886 ὃν
2834 4829 3121 4900 συμϐαίνει
3148 4827 3210 4881 τὸ
3245 4828 3462 4898 μέτριον
3491 4825 3585 4877 τοῦ
3632 4825 3827 4894 χρόνου

563 4918 766 4977 rabiles
804 4922 1141 4991 differentiae,
1182 4930 1241 4985 in
1293 4945 1395 4986 suo
1438 4938 1621 4989 tamen
1669 4935 1899 5005 singulae
1947 4936 2056 4992 situ
2111 4951 2141 4991 a

2250 4930 2437 4984 τούτου
2490 4927 2623 4994 πρὸς
2668 4924 2767 4994 τὴν
2811 4922 3081 4991 διάκρισιν
3108 4918 3208 4991 τῆς
3246 4914 3580 4987 φωτιστικῆς
3611 4914 3827 5017 οὐσίας..

565 5014 803 5067 naturali
850 5020 1184 5088 proprietate
1228 5023 1510 5079 collocata:
1555 5025 1686 5089 sint,
1733 5043 1843 5096 quo
1878 5028 2139 5084 nimirum

2250 5021 2311 5089 τῇ
2341 5015 2725 5088 μεμετρημένῃ
2756 5011 3056 5081 παρατάσει
3076 5008 3170 5063 τοῦ
3197 5009 3411 5080 χρόνου,
3438 5007 3532 5059 καὶ
3567 5007 3650 5096 τῷ
3678 5007 3827 5096 ποτῷ

565 5112 776 5158 natura:
818 5106 901 5162 vis
954 5108 1115 5164 insita
1160 5112 1405 5183 singulas
1449 5112 1624 5169 duxit.
1682 5114 1794 5171 Nec
1848 5118 1958 5172 ulla
2008 5131 2141 5173 con-

564 5203 753 5250 secuta
801 5197 1054 5255 confusio
1098 5212 1202 5267 est,
1251 5213 1347 5259 aut
1371 5208 1731 5276 perturbatio,
1772 5217 1995 5278 pmpter
2048 5224 2141 5263 or-

562 5285 745 5342 dinem
795 5303 825 5342 a
875 5288 1060 5346 divina
1112 5294 1383 5364 sapientia
1438 5308 1539 5367 pro
1585 5297 1825 5351 naturali
1873 5297 2173 5368 cujusque~

564 5379 896 5447 proprietate
939 5382 1169 5455 singulis
1223 5384 1556 5453 adhibitum,
1624 5389 2042 5455 immutabilem,
2083 5394 2145 5443 ut

566 5470 903 5535 superiorem
943 5472 1223 5544 regionem
1260 5472 1502 5532 circulus
1551 5477 1849 5550 obliquus,
1912 5492 2006 5534 seu
2070 5479 2145 5534 si-

567 5554 742 5624 Bnifer
787 5573 1108 5635 occuparet,
1161 5568 1220 5623 in
1269 5567 1374 5621 hoc
1439 5577 1622 5625 autem
1687 5578 1892 5625 certam
1948 5579 2145 5625 unum-

638 5716 681 5749 ³⁸³
719 5717 881 5774 lCor'.
915 5737 969 5788 ν,
1007 5723 1093 5777 il.

2245 5111 2346 5181 τῆς
2357 5109 2495 5162 κατὰ
2509 5108 2608 5177 τὴν
2628 5106 2836 5174 κίνησιν
2855 5102 2948 5155 τοῦ
2967 5102 3137 5173 πυρὸς
3152 5099 3447 5171 ἐνεργείας,
3464 5098 3566 5167 τῆς
3580 5095 3696 5149 τῶν
3719 5095 3829 5165 φώ-

2250 5199 2649 5270 τωνδιαστολῆς
2699 5200 2757 5252 ἑν
2788 5201 2855 5267 τῇ
2898 5196 3006 5250 τῶν
3042 5194 3347 5264 φωστήρων
3375 5191 3598 5261 ἰδιότητι
3618 5190 3825 5260 διαιρε-

2252 5293 2458 5362 θείσης,
2487 5291 2625 5346 ὥστε
2649 5291 2747 5352 τὰς
2772 5289 3034 5361 ἀπείρους
3060 5284 3263 5348 ταύτας
3283 5280 3394 5336 τῶν
3415 5280 3612 5352 φώτων
3634 5280 3823 5349 διαφο-

2254 5383 2352 5455 ράς
2386 5382 2521 5451 πρὸς
2542 5383 2640 5452 τὴν
2659 5379 2865 5433 οἰκείαν
2893 5378 3040 5430 θέσιν
3056 5374 3293 5445 ἑκάστην
3314 5371 3703 5444 ἀποκριθῆναι,
3724 5369 3821 5423 ὑπὸ

2249 5474 2347 5542 τῆς
2372 5472 2607 5543 φυσικῆς
2655 5472 2915 5542 ἰδιότητος
2967 5472 3085 5523 ἐκεῖ
3128 5466 3443 5538 ταχθείσας,
3488 5466 3627 5519 ὅπου
3669 5466 3819 5534 ήξγ-

2254 5565 2479 5637 κειμένη
2518 5564 2719 5634 φυσικὴ
2744 5561 2971 5632 δύναμις
3028 5559 3269 5631 ἑκάστην
3294 5558 3522 5631 ἢγαγεν,
3558 5556 3818 5629 μηδεμιᾶς
