3880 6398
81 367 161 422 ΗἹ
1327 372 1396 428 IN
1437 371 1914 430 HEXAEMERON
1955 371 2182 426 LIBER.
3260 367 3358 422 HS

77 493 126 544 tv
152 508 352 556 τούτοις
397 491 668 562 ἀταξίας,
708 495 743 568 ἢ
789 496 1101 568 συγχύσεως
1137 496 1458 568 γενομένης.
1484 496 1571 558 δ,ιά
1602 497 1664 550 τὸ

1788 496 2020 568 luodque
2071 495 2291 565 signum
2333 495 2517 550 sedem
2565 491 2881 556 obtineret,
2931 488 2986 542 in
3034 485 3206 556 signis
3235 496 3362 536 vero

79 580 342 656 κεκρίσθαι
383 586 448 640 ἐν
478 587 680 652 αὐτοῖς
721 590 788 642 ἐκ
818 588 967 654 θείας
1010 588 1224 659 σοφίας,
1267 590 1408 643 κατά
1455 589 1552 661 τὴν
1581 591 1667 644 ἐν·-

1788 589 2007 660 singulis
2055 589 2226 642 stellae
2259 603 2369 640 non
2412 584 2662 648 fortuito,
2696 581 2792 638 sed
2830 579 3025 635 ordine
3070 577 3187 632 suis
3214 587 3363 645 qua!-

78 675 302 731 τεθεῖσαν
323 677 555 750 ἑκάστῳ
596 681 832 752 φυσικὴν
864 681 1123 751 ἰδιότητα,
1167 681 1265 750 τὴν
1310 681 1669 752 ἀπαράϐατον

1788 696 1882 750 que
1914 679 2051 734 locis
2080 679 2512 739 collocarentur,
2559 672 2928 744 aequabilique
2951 684 3015 723 ac
3047 666 3282 722 naturali
3309 664 3362 720 vi

79 766 232 832 τάξιν,
267 767 410 822 ὥστε
437 769 546 842 τὴν
574 772 678 842 μὲν
705 773 970 826 ἀνωτάτω
995 769 1182 845 χώραν
1206 775 1452 844 ἐπισχεῖν
1485 776 1672 828 ἐκεῖνα

1788 784 1880 823 sua
1905 768 2174 834 adductae,
2207 765 2520 820 immobiles
2541 779 2604 818 ac
2637 763 2806 817 ﬁrmat
2833 765 3240 830 permanerent,
3268 753 3365 810 ubi

77 859 136 911 τά
160 859 334 933 πάσης
367 861 704 934 ἀνωφεροῦς
729 863 918 928 οὐσίας
979 864 1406 934 ἀνωφερέστερα
1427 879 1439 892 ·
1475 865 1569 917 καὶ
1611 866 1668 917 ἐν

1788 860 2145 930 procreatoris
2188 857 2458 930 sapientia
2487 854 2902 928 praescribebat.

78 948 288 1014 ἐκείνοις
309 949 482 1006 πάλιν
514 953 552 1025 ἢ
593 957 653 1008 ἐν
694 953 774 1025 τῷ
804 954 952 1025 μέσῳ
1000 953 1285 1025 ταχθῆναι,
1323 954 1354 1024 ἥ
1396 953 1547 1007 νότια
1576 971 1668 1022 γε·
1729 1013 1734 1018 ,

77 1041 245 1096 νέσθαι
270 1043 417 1110 τινὰ,
450 1045 488 1118 ἢ
519 1046 664 1118 πρὸς
709 1047 930 1118 ἀρκτια,
989 1048 1022 1117 ἢ
1077 1044 1175 1118 τὴν
1222 1045 1422 1116 μεταξὺ
1451 1043 1634 1116 χώραν
1691 1045 2039 1111 καταλαϐεῖν,
2075 1045 2108 1116 ἦ
2153 1047 2252 1100 ,τὸν
2302 1045 2588 1116 γαλαξίαν,
2645 1043 2678 1115 ἢ
2722 1041 2814 1096 τὸν
2858 1036 3118 1106 ζωδιακὸν
3170 1035 3366 1091 κύκλον

78 1133 478 1206 ἀναπληρῶσαι,
512 1137 617 1191 καὶ
675 1137 838 1192 πάλιν
879 1139 938 1193 ἐν
985 1136 1182 1208 τούτῳ,
1224 1137 1258 1209 ἢ
1291 1137 1554 1208 ταύτηνῆ
1587 1135 1686 1207 τὴν
1712 1137 1906 1209 ἑτέραν
1952 1137 2045 1190 τοῦ
2089 1137 2290 1210 ἄστρου
2322 1135 2670 1209 περιγραφὴν
2714 1130 3152 1204 ἀπεργάσασθαι,
3185 1129 3280 1182 καί¹
3311 1129 3367 1180 ἐν

78 1229 145 1298 τῷ
167 1228 344 1301 ἄπρφ
379 1231 578 1298 πάλιν,
607 1231 682 1304 μὴ
710 1233 853 1288 κατά
880 1233 940 1287 τὸ
961 1233 1270 1304 αὐτόματον
1310 1232 1542 1286 ἕκαστον
1597 1230 1704 1284 τῶν
1735 1233 1793 1284 ἐν
1829 1231 1909 1302 τῷ
1945 1233 2180 1303 σχήματι
2224 1231 2494 1302 κειμένων
2554 1231 2789 1302 ἄστρων,
2833 1228 2866 1298 ἢ
2901 1220 3003 1281 ὧδε
3033 1225 3066 1296 ἢ
3110 1218 3210 1278 ὦδε
3266 1223 3368 1292 τὴν

79 1322 212 1376 θέσιν
255 1323 420 1396 ἔχειν,
459 1326 608 1381 ἀλλά
641 1327 910 1400 ίσομερῶς
951 1327 1244 1399 ἐγκειμένη
1285 1326 1433 1397 αὐτῷ
1469 1325 1671 1396 ἰδιότης
1699 1327 2008 1397 ἀπήγαγεν,
2065 1328 2183 1380 ἐκεῖ
2235 1327 2418 1397 μένειν
2450 1326 2509 1380 ἐν
2554 1323 2875 1396 ἀμεταθέτῳ
2922 1326 2989 1394 τῇ
3050 1319 3402 1390 παγιότητιη

77 1417 138 1487 τῇ
175 1417 268 1488 τῆς
311 1418 452 1482 ἰδίας
486 1419 713 1488 φύσεως
739 1421 988 1491 δυνάμει,
1035 1419 1176 1475 κατὰ
1207 1420 1307 1492 τὴν
1345 1419 1438 1473 τοῦ
1477 1419 1842 1502 πεποιηκότος
1903 1420 2098 1490 σοφίαν
2150 1418 2675 1492 περικρατούμενον.

141 1506 317 1562 Τῐιῦτά
341 1511 462 1562 ἐστι
495 1512 600 1564 καὶ
625 1511 695 1565 τά
725 1511 968 1580 τοιαῦτα,
1000 1512 1136 1584 πρὸς
1163 1511 1199 1568 δι
1233 1512 1449 1584 βλέπων
1477 1514 1506 1567 ὁ
1549 1511 1677 1578 νοῦς

1851 1513 1979 1570 Haec
2016 1525 2068 1570 ct
2110 1515 2309 1571 similia
2343 1521 2473 1570 sunt
2506 1528 2572 1568 ea
2601 1526 2727 1582 quae
2757 1525 2916 1564 mens
2945 1507 3219 1578 aspiciens
3256 1507 3364 1562 hm-

85 1598 322 1673 ἰλλιγγιᾷ,
343 1603 438 1656 καὶ
468 1603 577 1675 τῆς
604 1604 739 1668 ἰδίας
758 1605 986 1670 νωθείας
1009 1603 1468 1677 καταψηφίζεται,
1491 1606 1566 1676 μὴ
1586 1604 1677 1657 δυ·-

1788 1606 1934 1670 sitat,
1972 1614 2026 1661 et
2054 1605 2490 1662 imbecillitatem
2519 1620 2583 1660 ac
2617 1602 2903 1674 segnitiem
2934 1615 3090 1656 suam
3120 1608 3364 1663 accusat,

84 1691 290 1760 νάμενος
303 1691 557 1764 ἐξευρεῖν
574 1695 665 1749 τὸν
679 1695 856 1764 λόγον,
873 1697 991 1762 πῶς
1005 1698 1040 1768 ἡ
1056 1697 1180 1769 τριή
1189 1715 1254 1768 με
1264 1715 1352 1768 ρος
1369 1696 1463 1750 τοῦ
1480 1697 1673 1768 χρόνου

1788 1697 1929 1767 quod
1977 1699 2246 1752 rationem
2291 1696 2606 1767 excogitare
2660 1710 2770 1750 non
2818 1693 3018 1763 possit,
3069 1705 3178 1762 qua
3227 1705 3365 1760 prae—

85 1778 375 1849 παράτασις
390 1781 535 1852 πρὸς
547 1782 650 1854 τὴν
664 1785 932 1838 τοσούτων
952 1786 1198 1856 ἀστέρων
1219 1785 1490 1868 διάκρισιν
1507 1786 1675 1858 ἢρκε-

1788 1790 1995 1845 [initum
2049 1790 2210 1844 trium
2257 1789 2474 1845 dierum
2525 1786 2765 1858 spatium
2817 1784 2888 1839 ad
2945 1791 3029 1838 tot
3085 1782 3368 1837 stellarum

87 1887 188 1934 σεν,
211 1871 244 1942 ἢ
268 1871 496 1982 facere
514 1874 619 1946 τὴν
641 1876 870 1947 ἄπειρον
892 1877 990 1947 τῆς
1010 1877 1284 1943 ἀπλανοῦς
1305 1878 1540 1950 σφαίρας
1565 1879 1679 1934 τῶν

1788 1882 2194 1938 distinctionem
2230 1881 2366 1936 satis
2395 1879 2559 1935 fuerit
2585 1898 2597 1934 :
2628 1885 2723 1933 aut
2753 1875 3050 1946 quomodo,
3085 1890 3209 1929 cum
3245 1874 3367 1927 inli-

87 1961 364 2029 περιγείων
384 1961 694 2018 ὑπόστασιν
716 1966 773 2019 ἐν
797 1966 945 2037 μέσῳ
962 1967 1054 2020 τοῦ
1075 1968 1273 2033 παντὸς
1287 1968 1673 2042 διαστήματος,

1779 1973 1892 2029 nita
1921 1981 2069 2030 esset
2096 1973 2393 2028 inerrantis
2421 1971 2646 2041 sphaerae
2677 1971 2747 2024 ab
2785 1969 2852 2024 iis
2895 1983 3018 2039 qua:
3055 1973 3184 2024 sunt
3217 1969 3366 2020 circa

88 2051 176 2121 τὴν
202 2052 428 2126 ἡλιακὴν
459 2054 627 2124 φύσιν
687 2058 720 2128 ἠ
764 2058 973 2128 μεγάλη
1014 2059 1108 2113 τοῦ
1148 2059 1285 2114 Θεοῦ
1343 2060 1504 2130 σοφία
1544 2078 1679 2114 κατ-

92 2143 282 2215 έταξεν,
314 2146 390 2210 ὡς
436 2147 508 2202 ἂν
551 2147 628 2219 μὴ
671 2149 892 2214 τελείως
936 2155 995 2206 ἐν
1033 2151 1111 2223 τῷ
1149 2153 1327 2226 σκότῳ
1353 2151 1675 2225 διαϐιῶμεν,

92 2237 182 2307 τῆς
211 2239 271 2292 ἐκ
294 2238 404 2294 τῶν
429 2241 655 2312 ἀστρων
681 2241 1148 2316 ἀπαυγαξομένης
1178 2244 1522 2317 λαμπηδόνος
1548 2247 1678 2319 πρὶν

91 2329 213 2401 ἢείς
233 2333 379 2403 ἡμᾶς
413 2333 595 2387 ἐλθεῖν
623 2333 1080 2408 ἐνδαπανωμένης
1112 2336 1190 2409 τῷ
1214 2338 1416 2409 μεταξὺ
1452 2339 1678 2411 διαστή-

97 2440 234 2492 ματι.
269 2419 342 2478 οὗ
365 2426 531 2497 χάριν
555 2427 657 2499 τὴν
685 2428 1066 2502 ἐκλαμπτικὴν
1086 2430 1442 2503 τῆςήλιακῆς
1464 2431 1679 2502 φύσεως

95 2512 305 2586 δύναμιν
351 2518 618 2572 τοσοῦτον
690 2521 850 2592 ἡμῶν
897 2521 1271 2594 ὑπερέθηκεν,
1339 2522 1481 2578 ὥστε
1540 2525 1678 2597 μήτε

99 2605 462 2676 ἀμαυροῦσθαι
487 2611 593 2681 τὴν
620 2611 814 2666 ἀκτῖνα
833 2612 912 2684 τῷ
943 2613 1124 2686 πολλῷ
1155 2615 1506 2687 διαστήματι,
1539 2617 1678 2687 μήτε

96 2697 168 2766 τῷ
190 2700 322 2767 ἄγαν
348 2704 752 2777 προσεγγισμῷ
783 2705 1031 2779 λυπηρὰν
1061 2701 1221 2774 εἶναι,
1256 2707 1291 2779 ἢ
1331 2709 1453 2772 πῶς
1483 2708 1543 2762 τὸ
1568 2707 1678 2761 ὑλι-

100 2792 320 2865 κώηερόν
347 2812 408 2848 τε
438 2797 543 2850 καὶ
578 2798 886 2870 παχύτερον
917 2802 982 2854 ἐκ
1019 2800 1129 2855 τῶν
1153 2800 1586 2872 ὑπερκειμένων,
1618 2801 1678 2854 τὸ

100 2885 362 2956 σεληναῖον
391 2889 562 2962 σῶμά
595 2908 759 2962 φημι,
799 2893 937 2964 πρὸς
964 2892 1025 2946 τὸ
1056 2893 1368 2964 κατώτερον
1404 2894 1680 2949 κατεσπά-

102 2974 212 3046 σθη,
233 2977 431 3034 καὶτὸν
455 2981 742 3052 περίγειον
760 2981 936 3055 χῶρον
959 2985 1280 3054 περιπολεῖ·
1308 2977 1368 3037 οὗ
1401 2984 1540 3054 μέση
1563 3001 1679 3048 πως

101 3066 367 3138 θεωρεῖται
406 3072 440 3143 ἡ
482 3073 663 3142 φύσις,
692 3074 793 3145 τῆς
813 3092 872 3128 τε
911 3075 1218 3146 ἀλαμποῦς,
1255 3078 1349 3130 καὶ
1377 3078 1476 3148 τῆς
1507 3095 1678 3146 φωτι-

104 3161 278 3231 στικῆς
303 3163 592 3235 δυνάμεως
633 3166 776 3220 κατὰ
816 3167 877 3220 τὸ
913 3169 1024 3223 ἴσον
1070 3167 1394 3239 μετέχουσα.
1429 3169 1542 3240 Τὴν
1579 3170 1679 3240 μὲν

1778 2075 1979 2122 terram
2002 2064 2283 2131 distantia,
2311 2064 2366 2118 in
2393 2062 2577 2118 medio
2605 2059 2795 2117 mundi
2827 2060 3004 2132 spatio
3041 2073 3239 2129 magna
3273 2057 3365 2112 Dei

1778 2156 2052 2227 sapientia
2104 2156 2275 2212 solem
2324 2152 2704 2219 constituerit,
2761 2166 2853 2216 ne,
2903 2165 3028 2206 cum
3078 2148 3364 2202 stellarum

1779 2248 2041 2320 splendor
2073 2258 2299 2319 propter
2345 2247 2676 2301 immensum
2717 2243 3070 2299 intervallum
3125 2248 3252 2294 ante
3277 2240 3365 2294 de-

1781 2342 1950 2405 liciat,
1982 2355 2148 2410 quam
2177 2338 2242 2393 ad
2288 2353 2392 2395 nos
2425 2335 2716 2409 pervenire
2762 2334 2962 2405 possit,
2999 2334 3054 2388 in
3083 2333 3363 2403 perpetuis

1782 2433 2027 2490 tenebris
2066 2432 2398 2486 viveremus.
2450 2429 2842 2499 Splendentem
2882 2425 3053 2498 igitur
3085 2423 3220 2480 solis
3254 2424 3364 2478 vim

1781 2524 1859 2579 ita
1899 2539 2068 2594 supra
2119 2539 2223 2580 nos
2264 2523 2578 2586 collocavit,
2619 2536 2691 2576 ne
2735 2519 3130 2574 obscuraretur
3174 2514 3366 2569 radius

1779 2631 1892 2686 prae
1947 2615 2112 2686 longo
2161 2613 2490 2678 intervallo,
2539 2625 2678 2666 neve
2731 2606 3146 2680 pr0pinquitate
3195 2604 3366 2658 nimia

1780 2706 2088 2761 molestiam
2125 2704 2377 2768 aﬂ‘erret,
2426 2711 2521 2757 aut
2573 2698 2852 2772 quomodo
2899 2696 3143 2751 materia;
3193 2693 3366 2762 magis

1778 2796 2099 2851 immersum
2123 2795 2406 2865 magisque
2431 2806 2682 2848 crassum
2715 2791 2858 2843 lunae
2888 2800 3090 2856 corpus
3122 2782 3358 2837 inferius

1781 2885 2144 2941 constitutum
2179 2886 2275 2948 sit,
2303 2885 2634 2952 oberretque
2665 2889 2826 2935 terrae
2851 2880 3158 2950 proximam
3188 2873 3367 2945 regio-

1782 2995 1904 3034 nem
1941 2998 1954 3032 :
1988 2985 2081 3032 aut
2112 2977 2236 3032 talis
2269 2978 2340 3032 sit
2365 2975 2627 3046 splendor
2657 2973 2800 3043 ejus,
2827 2986 2950 3042 quae
2971 2983 3096 3024 cum
3131 2967 3367 3022 obscura

1782 3069 1875 3134 sit,
1914 3067 2228 3124 illustrandi
2282 3075 2469 3122 tamen
2515 3065 2715 3120 haheat
2761 3062 3103 3118 facultatem.
3148 3057 3371 3112 Natura:

1781 3160 1927 3216 enim
1953 3159 2128 3230 ipsius
2158 3158 2473 3214 crassitudo
2505 3155 2792 3228 proprium
2822 3154 3056 3208 nitorem
3091 3149 3366 3213 obtundit,

104 3252 202 3324 γὰρ
231 3255 437 3309 οῖκοθεν
472 3256 795 3330 λαμπηδόνα
817 3259 850 3330 ἡ
872 3259 973 3328 τῆς
997 3258 1186 3324 οὐσίας
1217 3259 1466 3331 παχύτης
1487 3261 1601 3332 ἀπή
1611 3278 1680 3331 μ-

1788 3248 1882 3305 sed
1909 3249 2164 3320 opposito
2197 3249 2330 3305 solis
2362 3248 2644 3303 radiorum
2690 3244 2898 3300 lumine
2941 3243 3009 3298 ab
3055 3243 3371 3298 illustrandi

108 3340 270 3408 ϐλυνε,
282 3345 356 3416 τῷ
367 3347 425 3400 δὲ
438 3347 829 3420 ἀντιφωτισμῷ
841 3350 937 3421 τῆς
948 3349 1178 3422 ἡλιακῆς
1195 3351 1410 3415 ἀκτῖνος
1426 3353 1486 3404 ού
1501 3353 1678 3425 πάντη

108 3434 194 3504 τῆς
222 3439 552 3510 φωτιστικῆς
585 3440 940 3512 ἠλλοτρίωται
979 3441 1213 3512 φύσεως.
1261 3443 1419 3498 Ἀλλά
1455 3445 1546 3499 τὸν
1584 3447 1682 3517 μέν

109 3523 250 3591 λόγον
275 3529 368 3600 τῆς
393 3532 455 3584 ἐν
492 3531 704 3602 ἑκάστῳ
749 3532 855 3585 τῶν
904 3533 1072 3588 ὄντων
1114 3535 1447 3608 φαινομένης
1490 3537 1684 3608 σοφίας

114 3615 228 3671 ἰδεῖν
273 3623 304 3693 η
334 3624 581 3694 πτωχεία
617 3623 717 3695 τῆς
747 3623 961 3694 φύσεως
982 3627 1139 3697 ἡμῶν
1166 3628 1440 3694 ἀδυνατεῖ,
1473 3629 1536 3684 τὸ
1564 3630 1685 3701 μέν·
1715 3677 1728 3689 .

114 3724 184 3761 τοι
217 3712 350 3767 κατά
375 3716 481 3785 τὴν
526 3715 837 3770 ἐκτεθείσαν
880 3717 1031 3790 παρά
1072 3718 1167 3771 τοῦ
1206 3719 1495 3791 νομοθέτου
1524 3721 1678 3786 τάξιν

116 3800 197 3854 ἐπὶ
231 3803 323 3871 τῆς
365 3807 480 3859 τῶν
525 3807 695 3862 ὄντων
745 3809 997 3875 κτίσεως,
1043 3811 1363 3866 ἀκολουθίαν
1407 3813 1530 3868 τινά
1566 3816 1678 3878 τοῖς

117 3895 372 3961 γεγονόσιν
404 3896 765 3970 ἐνθεωρῆσαι,
811 3901 1021 3966 τούτοις
1067 3897 1222 3974 οἶμαι
1256 3903 1481 3959 δυνατὸν
1513 3903 1676 3972 εἶναι,

117 3981 173 4034 τδ
197 3985 419 4056 μετρίως
456 3989 594 4060 πρὸς
619 3989 678 4043 τὸ
711 3989 1003 4046 ἀκόλουθον
1031 3993 1414 4064 ἐπισταμένοις
1437 3993 1677 4064 βλέπειν,

119 4073 195 4130 διά
233 4095 385 4134 τινων
427 4082 752 4153 ποχασμῶν
797 4085 1045 4137 ὁπωσοῦν
1084 4085 1435 4156 κατανοῆσαι.

185 4170 378 4226 Οὐκοῦν
404 4173 765 4246 ἀναλάϐωμεν
780 4175 878 4246 τὴν
894 4176 999 4230 τῶν
1016 4178 1316 4246 γεγονότων
1336 4179 1682 4236 ἀκολουθίαν.

124 4261 262 4316 Ἔστι
277 4264 330 4318 δὲ
352 4265 494 4338 αὕτη
513 4282 528 4297 '
555 4267 648 4321 τοῦ
665 4268 952 4323 καθολικοῦ
968 4288 1026 4324 τε
1051 4273 1144 4324 καὶ
1156 4271 1373 4341 γενικοῦ
1405 4273 1582 4342 φωτὸς
1599 4273 1686 4329 διὰ

122 4353 174 4406 τὸ
201 4357 474 4430 εὐκίνητον
511 4360 878 4439 προφανέντος
908 4362 1016 4416 τῶν
1055 4362 1250 4430 ἄλλων,
1272 4363 1683 4436 ἐπηκολούθησε

123 4445 203 4497 τοῦ
229 4448 602 4520 στερεώματος
630 4453 970 4525 περιγραφὴ,
1002 4455 1069 4524 τῇ
1108 4453 1425 4524 κυκλοτερεῖ
1451 4454 1683 4524 περιόδῳ

124 4534 204 4588 τοῦ
229 4541 394 4611 πυρὸς
417 4540 718 4611 ὁρισθεῖσα.
741 4543 850 4614 Τῆς
878 4542 934 4595 δέ
968 4543 1176 4615 κούφης
1206 4543 1418 4612 φύσεως
1444 4543 1551 4598 τῶν
1585 4544 1680 4615 βαο

129 4629 345 4701 ρυτέρων
385 4633 796 4706 ἀποκριθείσης,
817 4635 1124 4700 ἀκολούθως
1152 4635 1551 4691 διαστέλλονται
1588 4635 1686 4690 ἀπ’

125 4718 343 4792 ἀλλήλων
393 4727 453 4778 αἱ
493 4725 706 4798 βαρεῖαι
758 4727 1058 4798 ποιότητες,
1089 4729 1148 4782 ἐν
1190 4730 1262 4798 γῇ
1292 4745 1352 4782 τε
1397 4729 1490 4782 καὶ
1533 4727 1685 4782 ὕδατι

124 4807 482 4884 διακριθεῖσαι.
520 4817 635 4888 Τῆς
663 4817 720 4871 δὲ
754 4818 902 4872 κάτω
944 4818 1160 4888 φύσεως
1203 4818 1685 4890 διακοσμηθείσης,

127 4901 337 4982 ὴλεπτή
379 4927 440 4963 τε
483 4910 592 4962 καῖ
619 4909 795 4980 κούφη
829 4911 923 4963 καὶ
969 4910 1239 4982 μετέωρος
1278 4911 1454 4975 οὐσία,
1503 4910 1589 4964 διά
1625 4908 1687 4962 τὸ

129 4997 193 5067 μὴ
223 5002 396 5056 πᾶσαν
428 5001 598 5072 αὐτὴν
627 5001 882 5072 ὁμοφυῶς
904 5002 1040 5072 πρὸς
1073 5001 1272 5072 ἑαυτὴν
1302 5001 1467 5074 ἔχειν,
1495 5004 1553 5056 ὲν
1585 5019 1685 5071 με-

126 5087 240 5153 ταξὺ
261 5092 586 5164 διαστήματι
614 5092 709 5147 τοῦ
743 5093 1134 5166 παρῳχηκότος
1161 5093 1378 5166 χρόνου,
1420 5095 1556 5167 πρὸς
1588 5094 1688 5158 τὰς

127 5179 384 5249 ὁμογενεῖς
415 5184 681 5256 ἰδιότητας
716 5187 780 5239 ἐκ
806 5185 904 5238 τοῦ
939 5184 1119 5240 κοινοῦ
1166 5185 1522 5258 διακρίνεται,
1559 5189 1618 5240 ἐν
1651 5181 1684 5263 ᾖ

127 5268 179 5322 τὸ
199 5273 414 5347 ἄπειρον
442 5277 550 5330 τῶν
573 5277 789 5349 ἄστρων
823 5278 1026 5350 πλῆθος
1049 5279 1383 5346 ἐξαπλωθέν,
1419 5279 1562 5335 κατά
1587 5281 1686 5353 τὴν

128 5359 430 5439 ὲγκειμένην
473 5369 689 5439 ἑκάστῳ
720 5369 877 5441 μέρει
927 5372 1165 5443 φυσικὴν
1205 5371 1464 5443 ἰδιότητα,
1492 5373 1586 5424 ἐπὶ¹
1625 5372 1686 5425 τὸ

129 5448 403 5522 ἀκρότατον
447 5457 549 5530 τῆς·
594 5457 824 5523 κτίσεως
869 5459 1180 5532 ἀνατρέχει,
1213 5459 1307 5515 καὶ
1342 5461 1400 5514 ἐν
1447 5459 1525 5530 τῷ
1571 5460 1685 5532 ἰδίῳ

129 5539 568 5618 ἓκαστογγίνεται
605 5551 776 5621 τόπῳ,
811 5550 935 5604 οὔτε
969 5552 1276 5623 παυόμενον
1313 5551 1413 5622 τῆς
1446 5553 1692 5622 ἀεικινήο

129 5645 209 5685 του
240 5641 421 5710 φορᾶς,
464 5640 592 5694 οὔτε
629 5641 1088 5715 μετακινούμενον
1118 5643 1225 5698 ἀπὸ
1259 5644 1358 5714 τῆς
1396 5645 1453 5697 ἐν
1479 5635 1524 5711 ᾧ
1577 5645 1693 5695 ἐστι

131 5719 326 5794 θέσεως.
378 5733 522 5787 Ἀλλ’
561 5735 597 5804 ἡ
646 5734 744 5804 μὲν
783 5734 938 5800 τάξις
982 5739 1041 5789 ἐν
1091 5736 1302 5798 τούτοις
1334 5735 1396 5787 τὸ
1435 5734 1692 5804 ἀκίνητον

129 5812 242 5883 ἔχει,
276 5824 381 5894 ἠδὲ
414 5825 580 5896 φύσις
616 5825 676 5880 τὸ
713 5828 1038 5899 ἀεικίνητον.
1084 5827 1309 5900 Ἑφεξῆς
1344 5827 1399 5880 δὲ
1443 5829 1475 5899 ἡ
1516 5825 1692 5879 δευτε-

1784 3341 1837 3396 vi
1871 3354 1980 3396 non
2010 3348 2094 3396 est
2124 3355 2353 3411 prorsus
2399 3339 2602 3393 aliena.
2634 3336 2906 3392 Caeterum
2939 3333 3221 3403 sapientiae
3254 3334 3371 3387 sin-

1785 3433 1929 3506 gulis
1961 3434 2016 3487 in
2044 3433 2212 3488 rebus
2239 3432 2560 3502 conspicuae
2605 3429 2876 3484 rationem
2925 3435 3136 3482 natura:
3168 3433 3371 3480 nostrae

1784 3523 2078 3579 inﬁrmitas
2111 3522 2311 3578 intueri
2336 3538 2446 3578 non
2471 3529 2671 3592 potest,
2695 3519 2986 3591 quemdam
3009 3527 3188 3573 tamen
3214 3533 3370 3572 mun-

1733 3614 1748 3617 “
1785 3614 1841 3670 di
1879 3615 2048 3671 totius
2083 3614 2333 3670 ordinem
2367 3614 2421 3668 in
2455 3614 2524 3669 iis
2546 3628 2666 3682 quae
2695 3611 2842 3666 facta
2867 3623 3017 3677 sunt,
3053 3627 3120 3666 ex
3147 3609 3361 3665 descri-

1787 3705 1974 3776 ptione
2023 3705 2377 3776 legislatoris,
2415 3705 2485 3762 ab
2527 3705 2596 3760 iis
2625 3704 2721 3773 qui
2763 3701 3116 3757 mediocriter
3165 3706 3371 3754 norunt

1785 3794 2076 3875 dispicere,
2111 3809 2232 3864 quae
2261 3810 2324 3850 ex
2359 3796 2562 3865 quibus
2593 3799 3032 3863 consequantur,
3068 3804 3165 3861 per
3195 3803 3370 3858 quas-

1785 3886 1913 3940 dam
1960 3887 2352 3958 conjecturas,
2404 3896 2686 3957 utcunque
2745 3881 3007 3956 cognosci
3071 3895 3231 3952 posse
3277 3893 3368 3932 ar-

1786 3975 1984 4032 bitror.

1857 4180 2223 4246 Quamobrem
2299 4186 2615 4250 repetamus
2682 4177 2930 4233 ordinem
2995 4188 3188 4231 eorum
3247 4190 3368 4245 quae

1788 4273 1931 4328 facta
1971 4281 2102 4326 sunt
2147 4287 2161 4326 :
2214 4271 2296 4326 sic
2336 4278 2519 4324 autem
2564 4269 2732 4324 habet
2764 4267 3007 4322 :Lucem
3055 4267 3367 4325 universam

1789 4363 2094 4419 mobilitate
2114 4376 2216 4417 sua
2243 4367 2371 4416 ante
2396 4361 2505 4414 alia
2529 4358 2892 4430 prodeuntem
2921 4357 3249 4413 ﬁrmamenti
3282 4358 3371 4412 ab-

1792 4454 1993 4511 solutio
2025 4454 2094 4508 ah
2135 4453 2282 4524 ignis
2316 4452 2526 4508 circulo
2557 4451 2780 4507 deﬁnita
2821 4450 3202 4520 consequitur.
3240 4449 3370 4503 Levi

1791 4553 1972 4601 autem
2009 4553 2205 4599 natura
2246 4560 2275 4597 a
2307 4543 2656 4614 gravioribus
2688 4550 2964 4612 separata,
2997 4555 3190 4612 graves
3228 4541 3372 4596 inter

1801 4650 1861 4690 se
1895 4634 2189 4704 qualitates
2237 4632 2678 4704 distinguuntur,
2706 4631 2761 4687 in
2791 4638 2936 4687 terra
2980 4639 3034 4686 et
3065 4645 3206 4701 aqua
3239 4645 3374 4685 con-

1797 4725 2007 4780 stitutae
2041 4743 2054 4779 :
2101 4722 2363 4779 inferiore
2393 4738 2526 4778 vero
2558 4733 2755 4778 natura
2793 4728 3080 4788 exornata,
3126 4722 3370 4784 subtilis.

1790 4822 1844 4871 et
1875 4816 2034 4880 levis,
2065 4816 2415 4886 excelsaque,
2453 4815 2713 4886 quoniam
2742 4829 2851 4870 non
2878 4815 3058 4870 omnis
3085 4821 3202 4870 erat
3228 4816 3374 4869 inter

1791 4919 1852 4960 se
1891 4906 2110 4970 similis,
2157 4906 2431 4976 interjecti
2466 4906 2733 4976 temporis
2777 4905 2959 4976 spatio
2991 4920 3056 4961 ex
3090 4905 3185 4959 illa
3221 4921 3374 4961 com—

1792 5000 2060 5054 munitate
2087 5000 2142 5053 in
2165 5009 2428 5070 cognatas
2457 4999 2722 5054 dividitur
2760 4999 3159 5070 proprietates:
3183 4997 3238 5051 in
3264 5011 3370 5066 qua

1793 5091 2212 5148 innumerabilis
2270 5093 2556 5149 stellarum
2605 5091 2901 5146 multitudo
2947 5089 3219 5160 explicata
3272 5104 3373 5158 pro

1795 5187 1958 5244 insita
1990 5189 2194 5258 cuique
2226 5189 2448 5260 propria
2473 5188 2550 5254 vi,
2581 5187 2773 5242 mundi
2807 5184 3088 5255 fastigium
3119 5188 3371 5250 occupat,

1792 5289 1956 5352 atque
1986 5281 2059 5335 ita
2090 5282 2146 5336 in
2177 5297 2277 5337 sua
2310 5295 2541 5351 quaeque
2572 5279 2704 5336 sede
2737 5279 2928 5343 haeret,
2967 5283 3028 5330 ut
3071 5289 3197 5328 cum
3229 5288 3373 5327 sem-

1793 5391 1891 5446 per
1916 5376 2122 5430 circum
2133 5374 2358 5441 feratur,
2383 5387 2664 5444 nunquam
2690 5379 2871 5428 tamen
2893 5370 3074 5424 locum
3097 5365 3374 5436 relinquat

1791 5481 1974 5520 suum.
2006 5465 2210 5521 llorum
2255 5465 2402 5521 enim
2448 5473 2509 5519 ut
2547 5463 2683 5519 ordo
2729 5459 3084 5517 immutabilis
3125 5465 3240 5522 est,
3291 5457 3373 5512 sic

1790 5563 1986 5608 natura
2021 5570 2238 5623 semper
2267 5553 2507 5609 mobilis.
2553 5551 2688 5607 Post
2719 5549 3124 5606 velocissimum
3159 5555 3365 5601 motum

1793 5647 2044 5716 sequitur
2073 5645 2482 5708 secundoloco,
2514 5659 2636 5714 qua:
2663 5642 2960 5697 velocitate
2994 5638 3241 5709 proxima
3265 5649 3372 5695 est,

1792 5737 2227 5807 subeuntemque
2279 5735 2548 5790 circulum
2600 5733 2843 5798 obtinet,
2899 5729 3063 5786 tertio
3113 5727 3372 5793 deinceps

1792 5829 1916 5895 alia,
1965 5837 2017 5885 et
2055 5838 2276 5901 quarto,
2329 5827 2394 5883 ad
2442 5825 2734 5898 septimum
2780 5809 2956 5893 usque
3014 5835 3112 5892 pro
3160 5817 3372 5873 ratione
