  <div class='ocr_page' id='page_1' title='image "/cluster/home/n/w/nwhite01/storage/ocr_20150623/44:no.1/coo.31924054869445/067.png"; bbox 0 0 3880 6408; ppageno 0'>
   <div class='ocr_carea' id='block_1_1' title="bbox 465 345 570 401">
    <p class='ocr_par' dir='ltr' id='par_1_1' title="bbox 465 345 570 401">
     <span class='ocr_line' id='line_1_1' title="bbox 465 345 570 401; baseline -0.019 0"><span class='ocrx_word' id='word_1_1' title='bbox 465 345 570 401; x_wconf 81' lang='lat' dir='ltr'><strong>H9</strong></span> 
     </span>
    </p>
   </div>
   <div class='ocr_carea' id='block_1_2' title="bbox 1698 339 2457 399">
    <p class='ocr_par' dir='ltr' id='par_1_2' title="bbox 1698 339 2457 399">
     <span class='ocr_line' id='line_1_2' title="bbox 1698 339 2457 399; baseline -0.003 -1"><span class='ocrx_word' id='word_1_2' title='bbox 1698 341 1758 398; x_wconf 90' lang='lat' dir='ltr'><strong>S.</strong></span> <span class='ocrx_word' id='word_1_3' title='bbox 1791 340 2119 399; x_wconf 78' lang='lat' dir='ltr'><strong>GREGORH</strong></span> <span class='ocrx_word' id='word_1_4' title='bbox 2161 339 2457 397; x_wconf 69' lang='lat' dir='ltr'><strong>NYSSENI</strong></span> 
     </span>
    </p>
   </div>
   <div class='ocr_carea' id='block_1_3' title="bbox 3688 338 3841 393">
    <p class='ocr_par' dir='ltr' id='par_1_3' title="bbox 3688 338 3841 393">
     <span class='ocr_line' id='line_1_3' title="bbox 3688 338 3841 393; baseline -0.007 0"><span class='ocrx_word' id='word_1_5' title='bbox 3688 338 3841 393; x_wconf 69' lang='grc'><strong>190</strong></span> 
     </span>
    </p>
   </div>
   <div class='ocr_carea' id='block_1_4' title="bbox 467 435 2061 530">
    <p class='ocr_par' dir='ltr' id='par_1_4' title="bbox 467 435 2045 528">
     <span class='ocr_line' id='line_1_4' title="bbox 467 435 2045 528; baseline 0 -18"><span class='ocrx_word' id='word_1_6' title='bbox 467 457 791 514; x_wconf 85' lang='lat' dir='ltr'><strong>velocitatis.</strong></span> <span class='ocrx_word' id='word_1_7' title='bbox 836 456 1014 512; x_wconf 86' lang='lat' dir='ltr'><strong>Tanto</strong></span> <span class='ocrx_word' id='word_1_8' title='bbox 1068 457 1212 512; x_wconf 89' lang='lat' dir='ltr'><strong>enim</strong></span> <span class='ocrx_word' id='word_1_9' title='bbox 1252 471 1597 528; x_wconf 66' lang='lat' dir='ltr'><strong>unaquaeque</strong></span> <span class='ocrx_word' id='word_1_10' title='bbox 1633 435 1863 527; x_wconf 76' lang='lat' dir='ltr'><strong>longius</strong></span> <span class='ocrx_word' id='word_1_11' title='bbox 1891 457 2045 512; x_wconf 91' lang='lat' dir='ltr'><strong>abest</strong></span> 
     </span>
    </p>
   </div>
   <div class='ocr_carea' id='block_1_5' title="bbox 2179 435 3834 530">
    <p class='ocr_par' dir='ltr' id='par_1_5' title="bbox 2179 452 3834 528">
     <span class='ocr_line' id='line_1_5' title="bbox 2179 452 3834 528; baseline -0.004 -17"><span class='ocrx_word' id='word_1_12' title='bbox 2179 456 2380 511; x_wconf 81' lang='grc' dir='ltr'><strong>ονοῦσα</strong></span> <span class='ocrx_word' id='word_1_13' title='bbox 2423 456 2500 526; x_wconf 91' lang='lat' dir='ltr'><strong>(a)</strong></span> <span class='ocrx_word' id='word_1_14' title='bbox 2537 454 2676 525; x_wconf 84' lang='grc' dir='ltr'><strong>μετά</strong></span> <span class='ocrx_word' id='word_1_15' title='bbox 2705 456 2806 528; x_wconf 77' lang='grc' dir='ltr'><strong>τὴν</strong></span> <span class='ocrx_word' id='word_1_16' title='bbox 2847 453 3116 525; x_wconf 77' lang='grc' dir='ltr'><strong>ὀξυτάτην</strong></span> <span class='ocrx_word' id='word_1_17' title='bbox 3163 453 3373 522; x_wconf 87' lang='grc' dir='ltr'><strong>κίνησιν</strong></span> <span class='ocrx_word' id='word_1_18' title='bbox 3407 452 3471 506; x_wconf 75' lang='grc' dir='ltr'><strong>ὲν</strong></span> <span class='ocrx_word' id='word_1_19' title='bbox 3522 455 3614 524; x_wconf 81' lang='grc' dir='ltr'>τῇ</span> <span class='ocrx_word' id='word_1_20' title='bbox 3685 454 3834 524; x_wconf 69' lang='grc' dir='ltr'><strong>ξδέᾳ.</strong></span> 
     </span>
    </p>
   </div>
   <div class='ocr_carea' id='block_1_6' title="bbox 467 549 2046 619">
    <p class='ocr_par' dir='ltr' id='par_1_6' title="bbox 467 549 2046 619">
     <span class='ocr_line' id='line_1_6' title="bbox 467 549 2046 619; baseline -0.002 -13"><span class='ocrx_word' id='word_1_21' title='bbox 467 566 496 606; x_wconf 86' lang='lat' dir='ltr'><strong>a</strong></span> <span class='ocrx_word' id='word_1_22' title='bbox 549 551 853 619; x_wconf 85' lang='lat' dir='ltr'><strong>superiore,</strong></span> <span class='ocrx_word' id='word_1_23' title='bbox 884 560 1089 619; x_wconf 86' lang='lat' dir='ltr'><strong>quanto</strong></span> <span class='ocrx_word' id='word_1_24' title='bbox 1121 550 1210 602; x_wconf 85' lang='lat' dir='ltr'><strong>illa</strong></span> <span class='ocrx_word' id='word_1_25' title='bbox 1246 549 1312 604; x_wconf 88' lang='lat' dir='ltr'><strong>ad</strong></span> <span class='ocrx_word' id='word_1_26' title='bbox 1348 549 1673 604; x_wconf 83' lang='lat' dir='ltr'><strong>movendum</strong></span> <span class='ocrx_word' id='word_1_27' title='bbox 1706 557 1900 603; x_wconf 85' lang='lat' dir='ltr'><strong>natura</strong></span> <span class='ocrx_word' id='word_1_28' title='bbox 1934 560 2046 604; x_wconf 90' lang='lat' dir='ltr'><strong>tar-</strong></span> 
     </span>
    </p>
   </div>
   <div class='ocr_carea' id='block_1_7' title="bbox 466 635 2044 706">
    <p class='ocr_par' dir='ltr' id='par_1_7' title="bbox 466 635 2044 706">
     <span class='ocr_line' id='line_1_7' title="bbox 466 635 2044 706; baseline 0.001 -18"><span class='ocrx_word' id='word_1_29' title='bbox 466 636 586 690; x_wconf 72' lang='lat' dir='ltr'><strong>dior</strong></span> <span class='ocrx_word' id='word_1_30' title='bbox 615 646 718 691; x_wconf 87' lang='lat' dir='ltr'><strong>est.</strong></span> <span class='ocrx_word' id='word_1_31' title='bbox 772 636 896 689; x_wconf 69' lang='lat' dir='ltr'><strong>llaec</strong></span> <span class='ocrx_word' id='word_1_32' title='bbox 946 637 1112 704; x_wconf 78' lang='lat' dir='ltr'><strong>igitur</strong></span> <span class='ocrx_word' id='word_1_33' title='bbox 1168 644 1370 706; x_wconf 90' lang='lat' dir='ltr'><strong>quarto</strong></span> <span class='ocrx_word' id='word_1_34' title='bbox 1412 635 1500 688; x_wconf 80' lang='lat' dir='ltr'><strong>die</strong></span> <span class='ocrx_word' id='word_1_35' title='bbox 1543 635 1682 689; x_wconf 72' lang='lat' dir='ltr'><strong>facta</strong></span> <span class='ocrx_word' id='word_1_36' title='bbox 1731 647 1879 702; x_wconf 89' lang='lat' dir='ltr'><strong>sunt,</strong></span> <span class='ocrx_word' id='word_1_37' title='bbox 1936 652 2044 690; x_wconf 91' lang='lat' dir='ltr'><strong>non</strong></span> 
     </span>
    </p>
   </div>
   <div class='ocr_carea' id='block_1_8' title="bbox 469 726 2046 798">
    <p class='ocr_par' dir='ltr' id='par_1_8' title="bbox 469 726 2046 798">
     <span class='ocr_line' id='line_1_8' title="bbox 469 726 2046 798; baseline 0.001 -19"><span class='ocrx_word' id='word_1_38' title='bbox 469 729 610 798; x_wconf 88' lang='lat' dir='ltr'><strong>quod</strong></span> <span class='ocrx_word' id='word_1_39' title='bbox 638 737 766 780; x_wconf 90' lang='lat' dir='ltr'><strong>tunc</strong></span> <span class='ocrx_word' id='word_1_40' title='bbox 801 727 962 781; x_wconf 79' lang='lat' dir='ltr'><strong>fuerit</strong></span> <span class='ocrx_word' id='word_1_41' title='bbox 989 727 1081 780; x_wconf 81' lang='lat' dir='ltr'><strong>lux</strong></span> <span class='ocrx_word' id='word_1_42' title='bbox 1117 735 1430 796; x_wconf 83' lang='lat' dir='ltr'><strong>procreata,</strong></span> <span class='ocrx_word' id='word_1_43' title='bbox 1460 726 1555 781; x_wconf 91' lang='lat' dir='ltr'><strong>sed</strong></span> <span class='ocrx_word' id='word_1_44' title='bbox 1585 726 1732 794; x_wconf 91' lang='lat' dir='ltr'><strong>quod</strong></span> <span class='ocrx_word' id='word_1_45' title='bbox 1765 727 2046 780; x_wconf 85' lang='lat' dir='ltr'><strong>illustran-</strong></span> 
     </span>
    </p>
   </div>
   <div class='ocr_carea' id='block_1_9' title="bbox 466 819 2044 887">
    <p class='ocr_par' dir='ltr' id='par_1_9' title="bbox 466 819 2044 887">
     <span class='ocr_line' id='line_1_9' title="bbox 466 819 2044 887; baseline 0.001 -16"><span class='ocrx_word' id='word_1_46' title='bbox 466 819 520 872; x_wconf 88' lang='lat' dir='ltr'><strong>di</strong></span> <span class='ocrx_word' id='word_1_47' title='bbox 549 820 595 871; x_wconf 85' lang='lat' dir='ltr'><strong>vi</strong></span> <span class='ocrx_word' id='word_1_48' title='bbox 626 834 722 879; x_wconf 62' lang='lat' dir='ltr'><strong>pro</strong></span> <span class='ocrx_word' id='word_1_49' title='bbox 758 828 954 872; x_wconf 86' lang='lat' dir='ltr'><strong>natura</strong></span> <span class='ocrx_word' id='word_1_50' title='bbox 977 833 1078 873; x_wconf 85' lang='lat' dir='ltr'><strong>sua</strong></span> <span class='ocrx_word' id='word_1_51' title='bbox 1115 819 1278 873; x_wconf 86' lang='lat' dir='ltr'><strong>simul</strong></span> <span class='ocrx_word' id='word_1_52' title='bbox 1303 830 1515 883; x_wconf 89' lang='lat' dir='ltr'><strong>coacta,</strong></span> <span class='ocrx_word' id='word_1_53' title='bbox 1542 819 1896 887; x_wconf 90' lang='lat' dir='ltr'><strong>apparuerint</strong></span> <span class='ocrx_word' id='word_1_54' title='bbox 1920 833 2044 872; x_wconf 84' lang='lat' dir='ltr'><strong>cum</strong></span> 
     </span>
    </p>
   </div>
   <div class='ocr_carea' id='block_1_10' title="bbox 467 908 2048 978">
    <p class='ocr_par' dir='ltr' id='par_1_10' title="bbox 467 908 2048 978">
     <span class='ocr_line' id='line_1_10' title="bbox 467 908 2048 978; baseline 0.001 -17"><span class='ocrx_word' id='word_1_55' title='bbox 467 911 689 977; x_wconf 67' lang='lat' dir='ltr'><strong>reliqua:</strong></span> <span class='ocrx_word' id='word_1_56' title='bbox 724 909 912 962; x_wconf 63' lang='lat' dir='ltr'><strong>stellae.</strong></span> <span class='ocrx_word' id='word_1_57' title='bbox 957 915 1072 961; x_wconf 89' lang='lat' dir='ltr'><strong>tum</strong></span> <span class='ocrx_word' id='word_1_58' title='bbox 1112 909 1216 963; x_wconf 75' lang='lat' dir='ltr'><strong>illae</strong></span> <span class='ocrx_word' id='word_1_59' title='bbox 1254 923 1376 978; x_wconf 68' lang='lat' dir='ltr'><strong>quae</strong></span> <span class='ocrx_word' id='word_1_60' title='bbox 1419 908 1800 978; x_wconf 90' lang='lat' dir='ltr'><strong>magnitudine</strong></span> <span class='ocrx_word' id='word_1_61' title='bbox 1835 909 2048 962; x_wconf 63' lang='lat' dir='ltr'><strong>caeteris</strong></span> 
     </span>
    </p>
   </div>
   <div class='ocr_carea' id='block_1_11' title="bbox 484 999 2047 1069">
    <p class='ocr_par' dir='ltr' id='par_1_11' title="bbox 484 999 2047 1069">
     <span class='ocr_line' id='line_1_11' title="bbox 484 999 2047 1069; baseline 0.003 -19"><span class='ocrx_word' id='word_1_62' title='bbox 484 1007 766 1069; x_wconf 72' lang='lat' dir='ltr'><strong>pta-stant,</strong></span> <span class='ocrx_word' id='word_1_63' title='bbox 796 999 876 1053; x_wconf 92' lang='lat' dir='ltr'><strong>sol</strong></span> <span class='ocrx_word' id='word_1_64' title='bbox 908 1006 962 1054; x_wconf 92' lang='lat' dir='ltr'><strong>et</strong></span> <span class='ocrx_word' id='word_1_65' title='bbox 994 1000 1146 1064; x_wconf 76' lang='lat' dir='ltr'><strong>luna,</strong></span> <span class='ocrx_word' id='word_1_66' title='bbox 1171 1000 1406 1069; x_wconf 89' lang='lat' dir='ltr'><strong>quorum</strong></span> <span class='ocrx_word' id='word_1_67' title='bbox 1443 1007 1597 1054; x_wconf 91' lang='lat' dir='ltr'><strong>ortus</strong></span> <span class='ocrx_word' id='word_1_68' title='bbox 1633 1000 1851 1068; x_wconf 87' lang='lat' dir='ltr'><strong>quidem</strong></span> <span class='ocrx_word' id='word_1_69' title='bbox 1884 1014 2047 1055; x_wconf 86' lang='lat' dir='ltr'><strong>occa-</strong></span> 
     </span>
    </p>
   </div>
   <div class='ocr_carea' id='block_1_12' title="bbox 472 1091 2046 1161">
    <p class='ocr_par' dir='ltr' id='par_1_12' title="bbox 472 1091 2046 1161">
     <span class='ocr_line' id='line_1_12' title="bbox 472 1091 2046 1161; baseline -0.001 -16"><span class='ocrx_word' id='word_1_70' title='bbox 472 1093 555 1145; x_wconf 86' lang='lat' dir='ltr'><strong>sio</strong></span> <span class='ocrx_word' id='word_1_71' title='bbox 591 1091 804 1144; x_wconf 79' lang='lat' dir='ltr'><strong>exstitit</strong></span> <span class='ocrx_word' id='word_1_72' title='bbox 832 1091 973 1145; x_wconf 77' lang='grc' dir='ltr'><strong>Ιιιειε</strong></span> <span class='ocrx_word' id='word_1_73' title='bbox 1022 1092 1076 1145; x_wconf 93' lang='lat' dir='ltr'><strong>in</strong></span> <span class='ocrx_word' id='word_1_74' title='bbox 1114 1091 1514 1161; x_wconf 86' lang='lat' dir='ltr'><strong>procreatione,</strong></span> <span class='ocrx_word' id='word_1_75' title='bbox 1547 1091 1836 1161; x_wconf 87' lang='lat' dir='ltr'><strong>utriusque</strong></span> <span class='ocrx_word' id='word_1_76' title='bbox 1867 1098 2046 1144; x_wconf 85' lang='lat' dir='ltr'><strong>autem</strong></span> 
     </span>
    </p>
   </div>
   <div class='ocr_carea' id='block_1_13' title="bbox 471 1181 2046 1251">
    <p class='ocr_par' dir='ltr' id='par_1_13' title="bbox 471 1181 2046 1251">
     <span class='ocr_line' id='line_1_13' title="bbox 471 1181 2046 1251; baseline -0.003 -12"><span class='ocrx_word' id='word_1_77' title='bbox 471 1183 796 1239; x_wconf 84' lang='lat' dir='ltr'><strong>constitutio</strong></span> <span class='ocrx_word' id='word_1_78' title='bbox 855 1182 1097 1251; x_wconf 86' lang='lat' dir='ltr'><strong>(quando</strong></span> <span class='ocrx_word' id='word_1_79' title='bbox 1128 1191 1381 1236; x_wconf 80' lang='lat' dir='ltr'><strong>movetur</strong></span> <span class='ocrx_word' id='word_1_80' title='bbox 1418 1181 1472 1236; x_wconf 93' lang='lat' dir='ltr'><strong>in</strong></span> <span class='ocrx_word' id='word_1_81' title='bbox 1502 1189 1746 1251; x_wconf 89' lang='lat' dir='ltr'><strong>tempore</strong></span> <span class='ocrx_word' id='word_1_82' title='bbox 1783 1181 2046 1251; x_wconf 83' lang='lat' dir='ltr'><strong>quidquid</strong></span> 
     </span>
    </p>
   </div>
   <div class='ocr_carea' id='block_1_14' title="bbox 470 1273 2051 1341">
    <p class='ocr_par' dir='ltr' id='par_1_14' title="bbox 470 1273 2051 1341">
     <span class='ocr_line' id='line_1_14' title="bbox 470 1273 2051 1341; baseline -0.001 -16"><span class='ocrx_word' id='word_1_83' title='bbox 470 1283 740 1330; x_wconf 83' lang='lat' dir='ltr'><strong>movetur.</strong></span> <span class='ocrx_word' id='word_1_84' title='bbox 779 1281 834 1326; x_wconf 85' lang='lat' dir='ltr'><strong>et</strong></span> <span class='ocrx_word' id='word_1_85' title='bbox 863 1281 1090 1327; x_wconf 88' lang='lat' dir='ltr'><strong>mutuus</strong></span> <span class='ocrx_word' id='word_1_86' title='bbox 1141 1273 1534 1341; x_wconf 87' lang='lat' dir='ltr'><strong>particularum</strong></span> <span class='ocrx_word' id='word_1_87' title='bbox 1569 1286 1878 1326; x_wconf 87' lang='lat' dir='ltr'><strong>concursus</strong></span> <span class='ocrx_word' id='word_1_88' title='bbox 1927 1280 2051 1340; x_wconf 76' lang='lat' dir='ltr'><strong>eget</strong></span> 
     </span>
    </p>
   </div>
   <div class='ocr_carea' id='block_1_15' title="bbox 410 1362 2048 1434">
    <p class='ocr_par' dir='ltr' id='par_1_15' title="bbox 410 1362 2048 1434">
     <span class='ocr_line' id='line_1_15' title="bbox 410 1362 2048 1434; baseline -0.002 -16"><span class='ocrx_word' id='word_1_89' title='bbox 410 1402 418 1407; x_wconf 84' lang='lat'><strong><em>-</em></strong></span> <span class='ocrx_word' id='word_1_90' title='bbox 469 1367 653 1434; x_wconf 79' lang='lat' dir='ltr'><strong>aliquo</strong></span> <span class='ocrx_word' id='word_1_91' title='bbox 693 1365 956 1433; x_wconf 87' lang='lat' dir='ltr'><strong>temporis</strong></span> <span class='ocrx_word' id='word_1_92' title='bbox 1004 1364 1318 1434; x_wconf 89' lang='lat' dir='ltr'><strong>intervallo)</strong></span> <span class='ocrx_word' id='word_1_93' title='bbox 1365 1364 1541 1416; x_wconf 89' lang='lat' dir='ltr'><strong>tribus</strong></span> <span class='ocrx_word' id='word_1_94' title='bbox 1569 1363 1766 1417; x_wconf 88' lang='lat' dir='ltr'><strong>diebus</strong></span> <span class='ocrx_word' id='word_1_95' title='bbox 1806 1362 2048 1432; x_wconf 83' lang='lat' dir='ltr'><strong>perlecta</strong></span> 
     </span>
    </p>
   </div>
   <div class='ocr_carea' id='block_1_16' title="bbox 469 1452 2050 1522">
    <p class='ocr_par' dir='ltr' id='par_1_16' title="bbox 469 1452 2050 1522">
     <span class='ocr_line' id='line_1_16' title="bbox 469 1452 2050 1522; baseline -0.001 -14"><span class='ocrx_word' id='word_1_96' title='bbox 469 1463 580 1508; x_wconf 88' lang='lat' dir='ltr'><strong>est.</strong></span> <span class='ocrx_word' id='word_1_97' title='bbox 626 1453 807 1518; x_wconf 85' lang='lat' dir='ltr'><strong>Quare</strong></span> <span class='ocrx_word' id='word_1_98' title='bbox 855 1469 964 1506; x_wconf 92' lang='lat' dir='ltr'><strong>non</strong></span> <span class='ocrx_word' id='word_1_99' title='bbox 1008 1452 1247 1507; x_wconf 84' lang='lat' dir='ltr'><strong>absurde</strong></span> <span class='ocrx_word' id='word_1_100' title='bbox 1293 1453 1548 1507; x_wconf 87' lang='lat' dir='ltr'><strong>conditus</strong></span> <span class='ocrx_word' id='word_1_101' title='bbox 1581 1452 1733 1506; x_wconf 84' lang='lat' dir='ltr'><strong>orbis</strong></span> <span class='ocrx_word' id='word_1_102' title='bbox 1772 1467 1802 1505; x_wconf 92' lang='lat' dir='ltr'><strong>a</strong></span> <span class='ocrx_word' id='word_1_103' title='bbox 1854 1467 2050 1522; x_wconf 82' lang='lat' dir='ltr'><strong>magno</strong></span> 
     </span>
    </p>
   </div>
   <div class='ocr_carea' id='block_1_17' title="bbox 478 1542 2050 1613">
    <p class='ocr_par' dir='ltr' id='par_1_17' title="bbox 478 1542 2050 1613">
     <span class='ocr_line' id='line_1_17' title="bbox 478 1542 2050 1613; baseline -0.001 -18"><span class='ocrx_word' id='word_1_104' title='bbox 478 1543 627 1597; x_wconf 73' lang='lat' dir='ltr'><strong>blose</strong></span> <span class='ocrx_word' id='word_1_105' title='bbox 687 1545 760 1596; x_wconf 86' lang='lat' dir='ltr'><strong>ita</strong></span> <span class='ocrx_word' id='word_1_106' title='bbox 808 1543 1164 1604; x_wconf 83' lang='lat' dir='ltr'><strong>describitur,</strong></span> <span class='ocrx_word' id='word_1_107' title='bbox 1219 1551 1277 1596; x_wconf 93' lang='lat' dir='ltr'><strong>ut</strong></span> <span class='ocrx_word' id='word_1_108' title='bbox 1335 1551 1599 1613; x_wconf 82' lang='lat' dir='ltr'><strong>quantum</strong></span> <span class='ocrx_word' id='word_1_109' title='bbox 1643 1542 1708 1596; x_wconf 89' lang='lat' dir='ltr'><strong>ad</strong></span> <span class='ocrx_word' id='word_1_110' title='bbox 1764 1542 2050 1596; x_wconf 82' lang='lat' dir='ltr'><strong>materiam</strong></span> 
     </span>
    </p>
   </div>
   <div class='ocr_carea' id='block_1_18' title="bbox 474 1632 2050 1703">
    <p class='ocr_par' dir='ltr' id='par_1_18' title="bbox 474 1632 2050 1703">
     <span class='ocr_line' id='line_1_18' title="bbox 474 1632 2050 1703; baseline -0.001 -16"><span class='ocrx_word' id='word_1_111' title='bbox 474 1637 727 1703; x_wconf 84' lang='lat' dir='ltr'><strong>pertinet,</strong></span> <span class='ocrx_word' id='word_1_112' title='bbox 751 1633 914 1687; x_wconf 85' lang='lat' dir='ltr'><strong>simul</strong></span> <span class='ocrx_word' id='word_1_113' title='bbox 941 1634 1123 1686; x_wconf 86' lang='lat' dir='ltr'><strong>omnia</strong></span> <span class='ocrx_word' id='word_1_114' title='bbox 1158 1633 1412 1688; x_wconf 88' lang='lat' dir='ltr'><strong>dicantur</strong></span> <span class='ocrx_word' id='word_1_115' title='bbox 1460 1634 1658 1687; x_wconf 84' lang='lat' dir='ltr'><strong>virtute</strong></span> <span class='ocrx_word' id='word_1_116' title='bbox 1679 1632 1892 1703; x_wconf 80' lang='lat' dir='ltr'><strong>opiﬁcis</strong></span> <span class='ocrx_word' id='word_1_117' title='bbox 1915 1646 2050 1687; x_wconf 86' lang='lat' dir='ltr'><strong>con-</strong></span> 
     </span>
    </p>
   </div>
   <div class='ocr_carea' id='block_1_19' title="bbox 473 1721 2050 1794">
    <p class='ocr_par' dir='ltr' id='par_1_19' title="bbox 473 1721 2050 1794">
     <span class='ocr_line' id='line_1_19' title="bbox 473 1721 2050 1794; baseline 0.001 -17"><span class='ocrx_word' id='word_1_118' title='bbox 473 1728 663 1777; x_wconf 87' lang='lat' dir='ltr'><strong>stituta</strong></span> <span class='ocrx_word' id='word_1_119' title='bbox 709 1742 724 1779; x_wconf 91' lang='lat'><strong>:</strong></span> <span class='ocrx_word' id='word_1_120' title='bbox 770 1721 1067 1794; x_wconf 78' lang='lat' dir='ltr'><strong>singularis</strong></span> <span class='ocrx_word' id='word_1_121' title='bbox 1107 1734 1288 1780; x_wconf 89' lang='lat' dir='ltr'><strong>autem</strong></span> <span class='ocrx_word' id='word_1_122' title='bbox 1335 1740 1546 1792; x_wconf 89' lang='lat' dir='ltr'><strong>eorum,</strong></span> <span class='ocrx_word' id='word_1_123' title='bbox 1588 1741 1709 1794; x_wconf 76' lang='lat' dir='ltr'><strong>qua:</strong></span> <span class='ocrx_word' id='word_1_124' title='bbox 1747 1725 1802 1778; x_wconf 91' lang='lat' dir='ltr'><strong>in</strong></span> <span class='ocrx_word' id='word_1_125' title='bbox 1845 1725 2050 1778; x_wconf 88' lang='lat' dir='ltr'><strong>mundo</strong></span> 
     </span>
    </p>
   </div>
   <div class='ocr_carea' id='block_1_20' title="bbox 2145 544 3830 618">
    <p class='ocr_par' dir='ltr' id='par_1_20' title="bbox 2145 544 3830 618">
     <span class='ocr_line' id='line_1_20' title="bbox 2145 544 3830 618; baseline -0.001 -18"><span class='ocrx_word' id='word_1_126' title='bbox 2145 550 2307 618; x_wconf 76' lang='grc' dir='ltr'><strong>φορᾷ,</strong></span> <span class='ocrx_word' id='word_1_127' title='bbox 2337 547 2427 600; x_wconf 81' lang='grc' dir='ltr'><strong>τὸν</strong></span> <span class='ocrx_word' id='word_1_128' title='bbox 2461 545 2840 617; x_wconf 81' lang='grc' dir='ltr'><strong>ύποϐεϐηκότα</strong></span> <span class='ocrx_word' id='word_1_129' title='bbox 2873 545 3070 599; x_wconf 81' lang='grc' dir='ltr'><strong>κύκλον</strong></span> <span class='ocrx_word' id='word_1_130' title='bbox 3099 544 3452 614; x_wconf 90' lang='grc' dir='ltr'><strong>διαλαμϐάνει</strong></span> <span class='ocrx_word' id='word_1_131' title='bbox 3474 560 3492 575; x_wconf 83' lang='grc'>⁶</span> <span class='ocrx_word' id='word_1_132' title='bbox 3531 545 3658 597; x_wconf 78' lang='grc' dir='ltr'><strong>καὶ</strong></span> <span class='ocrx_word' id='word_1_133' title='bbox 3685 545 3830 598; x_wconf 75' lang='grc' dir='ltr'><strong>πά-</strong></span> 
     </span>
    </p>
   </div>
   <div class='ocr_carea' id='block_1_21' title="bbox 2144 635 3826 711">
    <p class='ocr_par' dir='ltr' id='par_1_21' title="bbox 2144 635 3826 711">
     <span class='ocr_line' id='line_1_21' title="bbox 2144 635 3826 711; baseline -0.001 -19"><span class='ocrx_word' id='word_1_134' title='bbox 2144 640 2225 692; x_wconf 88' lang='grc' dir='ltr'><strong>λιν</strong></span> <span class='ocrx_word' id='word_1_135' title='bbox 2261 643 2324 692; x_wconf 78' lang='grc' dir='ltr'>ἐκ</span> <span class='ocrx_word' id='word_1_136' title='bbox 2371 639 2554 711; x_wconf 82' lang='grc' dir='ltr'>τρίτου</span> <span class='ocrx_word' id='word_1_137' title='bbox 2599 640 2692 692; x_wconf 76' lang='grc' dir='ltr'><strong>καὶ</strong></span> <span class='ocrx_word' id='word_1_138' title='bbox 2719 638 2982 708; x_wconf 81' lang='grc' dir='ltr'><strong>τετάρτου</strong></span> <span class='ocrx_word' id='word_1_139' title='bbox 3031 637 3126 689; x_wconf 80' lang='grc' dir='ltr'><strong>καὶ</strong></span> <span class='ocrx_word' id='word_1_140' title='bbox 3168 636 3273 698; x_wconf 79' lang='grc' dir='ltr'><strong>ἓως</strong></span> <span class='ocrx_word' id='word_1_141' title='bbox 3317 635 3570 706; x_wconf 80' lang='grc' dir='ltr'><strong>ἑϐδόμου</strong></span> <span class='ocrx_word' id='word_1_142' title='bbox 3641 636 3826 704; x_wconf 71' lang='grc' dir='ltr'><strong>πρὸς</strong></span> 
     </span>
    </p>
   </div>
   <div class='ocr_carea' id='block_1_22' title="bbox 2145 722 3822 797">
    <p class='ocr_par' dir='ltr' id='par_1_22' title="bbox 2145 722 3822 797">
     <span class='ocr_line' id='line_1_22' title="bbox 2145 722 3822 797; baseline -0.005 -16"><span class='ocrx_word' id='word_1_143' title='bbox 2145 729 2301 796; x_wconf 82' lang='grc' dir='ltr'><strong>λόγον</strong></span> <span class='ocrx_word' id='word_1_144' title='bbox 2322 727 2419 797; x_wconf 81' lang='grc' dir='ltr'><strong>τῆς</strong></span> <span class='ocrx_word' id='word_1_145' title='bbox 2449 727 2588 780; x_wconf 88' lang='grc' dir='ltr'><strong>κατά</strong></span> <span class='ocrx_word' id='word_1_146' title='bbox 2609 727 2670 779; x_wconf 80' lang='grc' dir='ltr'><strong>τὸ</strong></span> <span class='ocrx_word' id='word_1_147' title='bbox 2698 725 2861 795; x_wconf 82' lang='grc' dir='ltr'><strong>τάχος</strong></span> <span class='ocrx_word' id='word_1_148' title='bbox 2895 725 3128 794; x_wconf 84' lang='grc' dir='ltr'><strong>φύσεως.</strong></span> <span class='ocrx_word' id='word_1_149' title='bbox 3159 722 3424 776; x_wconf 81' lang='grc' dir='ltr'><strong>Τοσοῦτον</strong></span> <span class='ocrx_word' id='word_1_150' title='bbox 3455 723 3822 776; x_wconf 76' lang='grc' dir='ltr'><strong>ὑποκατα-</strong></span> 
     </span>
    </p>
   </div>
   <div class='ocr_carea' id='block_1_23' title="bbox 2147 815 3819 890">
    <p class='ocr_par' dir='ltr' id='par_1_23' title="bbox 2147 815 3819 890">
     <span class='ocr_line' id='line_1_23' title="bbox 2147 815 3819 890; baseline -0.004 -18"><span class='ocrx_word' id='word_1_151' title='bbox 2147 819 2324 872; x_wconf 85' lang='grc' dir='ltr'><strong>ϐαίνει</strong></span> <span class='ocrx_word' id='word_1_152' title='bbox 2357 819 2449 871; x_wconf 78' lang='grc' dir='ltr'><strong>τοῦ</strong></span> <span class='ocrx_word' id='word_1_153' title='bbox 2480 818 2738 890; x_wconf 79' lang='grc' dir='ltr'><strong>ἀνωτέρω</strong></span> <span class='ocrx_word' id='word_1_154' title='bbox 2768 817 3018 882; x_wconf 74' lang='grc' dir='ltr'><strong>ἕκαστον,</strong></span> <span class='ocrx_word' id='word_1_155' title='bbox 3046 816 3171 868; x_wconf 81' lang='grc' dir='ltr'><strong>ὅσον</strong></span> <span class='ocrx_word' id='word_1_156' title='bbox 3207 815 3357 886; x_wconf 78' lang='grc' dir='ltr'><strong>αὐτῷ</strong></span> <span class='ocrx_word' id='word_1_157' title='bbox 3383 815 3819 885; x_wconf 76' lang='grc' dir='ltr'><strong>σχολαιοτὲρα</strong></span> 
     </span>
    </p>
   </div>
   <div class='ocr_carea' id='block_1_24' title="bbox 2145 907 3806 981">
    <p class='ocr_par' dir='ltr' id='par_1_24' title="bbox 2145 907 3806 981">
     <span class='ocr_line' id='line_1_24' title="bbox 2145 907 3806 981; baseline -0.002 -19"><span class='ocrx_word' id='word_1_158' title='bbox 2145 911 2255 962; x_wconf 85' lang='grc' dir='ltr'><strong>τῶν</strong></span> <span class='ocrx_word' id='word_1_159' title='bbox 2301 909 2708 981; x_wconf 80' lang='grc' dir='ltr'><strong>ὑπερκειμένων</strong></span> <span class='ocrx_word' id='word_1_160' title='bbox 2739 910 2772 978; x_wconf 81' lang='grc' dir='ltr'>ἡ</span> <span class='ocrx_word' id='word_1_161' title='bbox 2814 907 2975 976; x_wconf 81' lang='grc' dir='ltr'>φύσις</span> <span class='ocrx_word' id='word_1_162' title='bbox 3016 907 3132 961; x_wconf 75' lang='grc' dir='ltr'><strong>ἐστὶ</strong></span> <span class='ocrx_word' id='word_1_163' title='bbox 3171 907 3307 978; x_wconf 81' lang='grc' dir='ltr'><strong>πρὸς</strong></span> <span class='ocrx_word' id='word_1_164' title='bbox 3349 907 3448 978; x_wconf 80' lang='grc' dir='ltr'><strong>τὴν</strong></span> <span class='ocrx_word' id='word_1_165' title='bbox 3500 908 3806 978; x_wconf 78' lang='grc' dir='ltr'><strong>κίνησιν.</strong></span> 
     </span>
    </p>
   </div>
   <div class='ocr_carea' id='block_1_25' title="bbox 2147 998 3810 1072">
    <p class='ocr_par' dir='ltr' id='par_1_25' title="bbox 2147 998 3810 1072">
     <span class='ocr_line' id='line_1_25' title="bbox 2147 998 3810 1072; baseline -0.002 -16"><span class='ocrx_word' id='word_1_166' title='bbox 2147 1002 2332 1056; x_wconf 82' lang='grc' dir='ltr'><strong>Ταῦτα</strong></span> <span class='ocrx_word' id='word_1_167' title='bbox 2351 998 2442 1055; x_wconf 81' lang='grc' dir='ltr'><strong>οὖν</strong></span> <span class='ocrx_word' id='word_1_168' title='bbox 2463 1001 2669 1069; x_wconf 87' lang='grc' dir='ltr'><strong>γίνεται</strong></span> <span class='ocrx_word' id='word_1_169' title='bbox 2693 999 2833 1054; x_wconf 90' lang='grc' dir='ltr'><strong>κατά</strong></span> <span class='ocrx_word' id='word_1_170' title='bbox 2856 999 2952 1070; x_wconf 79' lang='grc' dir='ltr'><strong>τὴν</strong></span> <span class='ocrx_word' id='word_1_171' title='bbox 2976 1001 3240 1070; x_wconf 80' lang='grc' dir='ltr'><strong>τετάρτην</strong></span> <span class='ocrx_word' id='word_1_172' title='bbox 3266 1001 3506 1072; x_wconf 78' lang='grc' dir='ltr'><strong>ἡμέραν,</strong></span> <span class='ocrx_word' id='word_1_173' title='bbox 3539 1002 3621 1054; x_wconf 83' lang='grc' dir='ltr'>οὐ</span> <span class='ocrx_word' id='word_1_174' title='bbox 3649 1001 3810 1053; x_wconf 78' lang='grc' dir='ltr'><strong>τότε</strong></span> 
     </span>
    </p>
   </div>
   <div class='ocr_carea' id='block_1_26' title="bbox 2147 1096 3809 1169">
    <p class='ocr_par' dir='ltr' id='par_1_26' title="bbox 2147 1096 3809 1169">
     <span class='ocr_line' id='line_1_26' title="bbox 2147 1096 3809 1169; baseline 0.011 -29"><span class='ocrx_word' id='word_1_175' title='bbox 2147 1099 2240 1153; x_wconf 71' lang='grc' dir='ltr'><strong>τοῦ</strong></span> <span class='ocrx_word' id='word_1_176' title='bbox 2284 1098 2460 1167; x_wconf 80' lang='grc' dir='ltr'><strong>φωτὸς</strong></span> <span class='ocrx_word' id='word_1_177' title='bbox 2507 1097 3022 1169; x_wconf 79' lang='grc' dir='ltr'><strong>δημιουργηθέντος,</strong></span> <span class='ocrx_word' id='word_1_178' title='bbox 3070 1096 3206 1150; x_wconf 77' lang='grc' dir='ltr'><strong>ἀλλὰ</strong></span> <span class='ocrx_word' id='word_1_179' title='bbox 3252 1097 3350 1167; x_wconf 81' lang='grc' dir='ltr'><strong>τῆς</strong></span> <span class='ocrx_word' id='word_1_180' title='bbox 3403 1099 3809 1168; x_wconf 77' lang='grc' dir='ltr'><strong>φωτιστικῆς</strong></span> 
     </span>
    </p>
   </div>
   <div class='ocr_carea' id='block_1_27' title="bbox 2153 1186 3808 1259">
    <p class='ocr_par' dir='ltr' id='par_1_27' title="bbox 2153 1186 3808 1259">
     <span class='ocr_line' id='line_1_27' title="bbox 2153 1186 3808 1259; baseline -0.004 -16"><span class='ocrx_word' id='word_1_181' title='bbox 2153 1190 2414 1259; x_wconf 71' lang='grc' dir='ltr'><strong>ἰδιότητος</strong></span> <span class='ocrx_word' id='word_1_182' title='bbox 2445 1188 2574 1259; x_wconf 80' lang='grc' dir='ltr'><strong>περὶ</strong></span> <span class='ocrx_word' id='word_1_183' title='bbox 2609 1187 2671 1240; x_wconf 88' lang='grc' dir='ltr'><strong>τὸ</strong></span> <span class='ocrx_word' id='word_1_184' title='bbox 2710 1187 2851 1240; x_wconf 89' lang='grc' dir='ltr'><strong>κατά</strong></span> <span class='ocrx_word' id='word_1_185' title='bbox 2881 1187 3042 1255; x_wconf 81' lang='grc' dir='ltr'><strong>φύσιν</strong></span> <span class='ocrx_word' id='word_1_186' title='bbox 3075 1187 3239 1258; x_wconf 78' lang='grc' dir='ltr'><strong>ἑαυτῇ</strong></span> <span class='ocrx_word' id='word_1_187' title='bbox 3271 1187 3367 1240; x_wconf 81' lang='grc' dir='ltr'><strong>καὶ</strong></span> <span class='ocrx_word' id='word_1_188' title='bbox 3405 1186 3808 1257; x_wconf 71' lang='grc' dir='ltr'><strong>κατάλληλον</strong></span> 
     </span>
    </p>
   </div>
   <div class='ocr_carea' id='block_1_28' title="bbox 2149 1277 3806 1352">
    <p class='ocr_par' dir='ltr' id='par_1_28' title="bbox 2149 1277 3806 1352">
     <span class='ocr_line' id='line_1_28' title="bbox 2149 1277 3806 1352; baseline -0.003 -17"><span class='ocrx_word' id='word_1_189' title='bbox 2149 1279 2557 1352; x_wconf 79' lang='grc' dir='ltr'><strong>ἀθροισθείσης’</strong></span> <span class='ocrx_word' id='word_1_190' title='bbox 2585 1278 2655 1331; x_wconf 85' lang='grc' dir='ltr'><strong>τά</strong></span> <span class='ocrx_word' id='word_1_191' title='bbox 2682 1295 2740 1330; x_wconf 89' lang='grc' dir='ltr'><strong>τε</strong></span> <span class='ocrx_word' id='word_1_192' title='bbox 2764 1277 2896 1330; x_wconf 78' lang='grc' dir='ltr'><strong>ἄλλα</strong></span> <span class='ocrx_word' id='word_1_193' title='bbox 2933 1277 3165 1348; x_wconf 75' lang='grc' dir='ltr'><strong>ἐξεφάνη</strong></span> <span class='ocrx_word' id='word_1_194' title='bbox 3195 1277 3302 1330; x_wconf 80' lang='grc' dir='ltr'><strong>τῶν</strong></span> <span class='ocrx_word' id='word_1_195' title='bbox 3345 1279 3644 1348; x_wconf 81' lang='grc' dir='ltr'><strong>ἀστέρων,</strong></span> <span class='ocrx_word' id='word_1_196' title='bbox 3688 1280 3806 1330; x_wconf 69' lang='grc' dir='ltr'><strong>καὶ</strong></span> 
     </span>
    </p>
   </div>
   <div class='ocr_carea' id='block_1_29' title="bbox 2149 1364 3802 1437">
    <p class='ocr_par' dir='ltr' id='par_1_29' title="bbox 2149 1364 3802 1437">
     <span class='ocr_line' id='line_1_29' title="bbox 2149 1364 3802 1437; baseline 0.001 -18"><span class='ocrx_word' id='word_1_197' title='bbox 2149 1369 2199 1419; x_wconf 87' lang='grc' dir='ltr'><strong>οί</strong></span> <span class='ocrx_word' id='word_1_198' title='bbox 2246 1367 2304 1418; x_wconf 85' lang='grc' dir='ltr'><strong>ὲν</strong></span> <span class='ocrx_word' id='word_1_199' title='bbox 2345 1365 2549 1435; x_wconf 79' lang='grc' dir='ltr'><strong>μείζονι</strong></span> <span class='ocrx_word' id='word_1_200' title='bbox 2597 1364 2746 1435; x_wconf 74' lang='grc' dir='ltr'><strong>ὄγκῳ</strong></span> <span class='ocrx_word' id='word_1_201' title='bbox 2780 1365 2906 1434; x_wconf 73' lang='grc' dir='ltr'><strong>περὶ</strong></span> <span class='ocrx_word' id='word_1_202' title='bbox 2952 1365 3022 1416; x_wconf 83' lang='grc' dir='ltr'><strong>τά</strong></span> <span class='ocrx_word' id='word_1_203' title='bbox 3070 1364 3232 1418; x_wconf 82' lang='grc' dir='ltr'><strong>λοιπά</strong></span> <span class='ocrx_word' id='word_1_204' title='bbox 3285 1366 3726 1437; x_wconf 81' lang='grc' dir='ltr'>καθορώμενοι,</span> <span class='ocrx_word' id='word_1_205' title='bbox 3765 1368 3802 1420; x_wconf 86' lang='grc' dir='ltr'><strong><em>ὁ</em></strong></span> 
     </span>
    </p>
   </div>
   <div class='ocr_carea' id='block_1_30' title="bbox 2149 1449 3796 1528">
    <p class='ocr_par' dir='ltr' id='par_1_30' title="bbox 2149 1449 3796 1528">
     <span class='ocr_line' id='line_1_30' title="bbox 2149 1449 3796 1528; baseline 0.001 -20"><span class='ocrx_word' id='word_1_206' title='bbox 2149 1457 2298 1527; x_wconf 70' lang='grc' dir='ltr'><strong>ἥλιός</strong></span> <span class='ocrx_word' id='word_1_207' title='bbox 2323 1473 2382 1508; x_wconf 91' lang='grc' dir='ltr'><strong>τε</strong></span> <span class='ocrx_word' id='word_1_208' title='bbox 2411 1455 2502 1508; x_wconf 76' lang='grc' dir='ltr'><strong>καὶ</strong></span> <span class='ocrx_word' id='word_1_209' title='bbox 2532 1454 2797 1526; x_wconf 80' lang='grc' dir='ltr'><strong>ήσελήνη,</strong></span> <span class='ocrx_word' id='word_1_210' title='bbox 2827 1449 2902 1508; x_wconf 83' lang='grc' dir='ltr'><strong>ὧν</strong></span> <span class='ocrx_word' id='word_1_211' title='bbox 2932 1456 2965 1526; x_wconf 82' lang='grc' dir='ltr'>ἡ</span> <span class='ocrx_word' id='word_1_212' title='bbox 2990 1456 3086 1525; x_wconf 74' lang='grc' dir='ltr'><strong>μὲν</strong></span> <span class='ocrx_word' id='word_1_213' title='bbox 3113 1455 3347 1524; x_wconf 78' lang='grc' dir='ltr'><strong>γένεσις,</strong></span> <span class='ocrx_word' id='word_1_214' title='bbox 3370 1459 3427 1510; x_wconf 83' lang='grc' dir='ltr'><strong>ἐν</strong></span> <span class='ocrx_word' id='word_1_215' title='bbox 3451 1459 3523 1528; x_wconf 82' lang='grc' dir='ltr'><strong>τῇ</strong></span> <span class='ocrx_word' id='word_1_216' title='bbox 3561 1455 3796 1528; x_wconf 80' lang='grc' dir='ltr'><strong>πρώτῃ</strong></span> 
     </span>
    </p>
   </div>
   <div class='ocr_carea' id='block_1_31' title="bbox 2151 1536 3797 1623">
    <p class='ocr_par' dir='ltr' id='par_1_31' title="bbox 2151 1536 3797 1623">
     <span class='ocr_line' id='line_1_31' title="bbox 2151 1536 3797 1623; baseline -0.001 -19"><span class='ocrx_word' id='word_1_217' title='bbox 2151 1547 2444 1623; x_wconf 80' lang='grc' dir='ltr'><strong>καταϐολῇ,</strong></span> <span class='ocrx_word' id='word_1_218' title='bbox 2494 1547 2586 1600; x_wconf 80' lang='grc' dir='ltr'>τοῦ</span> <span class='ocrx_word' id='word_1_219' title='bbox 2619 1549 2795 1617; x_wconf 68' lang='grc' dir='ltr'><strong>φωτὸς</strong></span> <span class='ocrx_word' id='word_1_220' title='bbox 2831 1548 2928 1611; x_wconf 77' lang='grc' dir='ltr'><strong>τάς</strong></span> <span class='ocrx_word' id='word_1_221' title='bbox 2966 1548 3220 1618; x_wconf 73' lang='grc' dir='ltr'><strong>ἀφορμὰς</strong></span> <span class='ocrx_word' id='word_1_222' title='bbox 3259 1536 3440 1618; x_wconf 72' lang='grc' dir='ltr'><strong>ἔσχεν,</strong></span> <span class='ocrx_word' id='word_1_223' title='bbox 3466 1553 3503 1620; x_wconf 85' lang='grc' dir='ltr'>ἡ</span> <span class='ocrx_word' id='word_1_224' title='bbox 3563 1549 3633 1602; x_wconf 80' lang='grc' dir='ltr'><strong>δὲ</strong></span> <span class='ocrx_word' id='word_1_225' title='bbox 3684 1550 3797 1602; x_wconf 78' lang='grc' dir='ltr'><strong>σύ-</strong></span> 
     </span>
    </p>
   </div>
   <div class='ocr_carea' id='block_1_32' title="bbox 2155 1638 3792 1714">
    <p class='ocr_par' dir='ltr' id='par_1_32' title="bbox 2155 1638 3792 1714">
     <span class='ocr_line' id='line_1_32' title="bbox 2155 1638 3792 1714; baseline 0 -20"><span class='ocrx_word' id='word_1_226' title='bbox 2155 1657 2341 1703; x_wconf 88' lang='grc' dir='ltr'><strong>στασις</strong></span> <span class='ocrx_word' id='word_1_227' title='bbox 2361 1638 2589 1694; x_wconf 77' lang='grc' dir='ltr'><strong>ἑκάστου</strong></span> <span class='ocrx_word' id='word_1_228' title='bbox 2616 1639 2817 1710; x_wconf 78' lang='grc' dir='ltr'><strong>(ἐπειδὴ</strong></span> <span class='ocrx_word' id='word_1_229' title='bbox 2841 1639 3056 1703; x_wconf 86' lang='grc' dir='ltr'><strong>πάντως</strong></span> <span class='ocrx_word' id='word_1_230' title='bbox 3082 1643 3139 1692; x_wconf 81' lang='grc' dir='ltr'>ἐν</span> <span class='ocrx_word' id='word_1_231' title='bbox 3168 1642 3345 1714; x_wconf 78' lang='grc' dir='ltr'><strong>χρόνῳ</strong></span> <span class='ocrx_word' id='word_1_232' title='bbox 3369 1645 3618 1696; x_wconf 80' lang='grc' dir='ltr'><strong>κινεῖται</strong></span> <span class='ocrx_word' id='word_1_233' title='bbox 3664 1645 3792 1696; x_wconf 79' lang='grc' dir='ltr'><strong>πᾶν</strong></span> 
     </span>
    </p>
   </div>
   <div class='ocr_carea' id='block_1_33' title="bbox 2152 1729 3791 1806">
    <p class='ocr_par' dir='ltr' id='par_1_33' title="bbox 2152 1729 3791 1806">
     <span class='ocr_line' id='line_1_33' title="bbox 2152 1729 3791 1806; baseline 0.002 -23"><span class='ocrx_word' id='word_1_234' title='bbox 2152 1731 2216 1783; x_wconf 88' lang='grc' dir='ltr'><strong>τὸ</strong></span> <span class='ocrx_word' id='word_1_235' title='bbox 2255 1731 2590 1800; x_wconf 90' lang='grc' dir='ltr'><strong>κινούμενον,</strong></span> <span class='ocrx_word' id='word_1_236' title='bbox 2624 1730 2719 1783; x_wconf 75' lang='grc' dir='ltr'><strong>καὶ</strong></span> <span class='ocrx_word' id='word_1_237' title='bbox 2754 1729 2835 1782; x_wconf 86' lang='grc' dir='ltr'><strong>δεῖ</strong></span> <span class='ocrx_word' id='word_1_238' title='bbox 2858 1730 2956 1800; x_wconf 80' lang='grc' dir='ltr'><strong>τὴν</strong></span> <span class='ocrx_word' id='word_1_239' title='bbox 2983 1731 3092 1783; x_wconf 79' lang='grc' dir='ltr'><strong>τῶν</strong></span> <span class='ocrx_word' id='word_1_240' title='bbox 3139 1733 3342 1804; x_wconf 77' lang='grc' dir='ltr'><strong>μορίων</strong></span> <span class='ocrx_word' id='word_1_241' title='bbox 3369 1733 3508 1806; x_wconf 75' lang='grc' dir='ltr'><strong>πρὸς</strong></span> <span class='ocrx_word' id='word_1_242' title='bbox 3547 1733 3791 1799; x_wconf 76' lang='grc' dir='ltr'><strong>ἄλληλα</strong></span> 
     </span>
    </p>
   </div>
   <div class='ocr_carea' id='block_1_34' title="bbox 471 1813 2061 1895">
    <p class='ocr_par' dir='ltr' id='par_1_34' title="bbox 471 1813 2055 1885">
     <span class='ocr_line' id='line_1_34' title="bbox 471 1813 2055 1885; baseline 0 -17"><span class='ocrx_word' id='word_1_243' title='bbox 471 1813 747 1878; x_wconf 83' lang='lat' dir='ltr'><strong>videntur,</strong></span> <span class='ocrx_word' id='word_1_244' title='bbox 793 1815 1074 1868; x_wconf 84' lang='lat' dir='ltr'><strong>distinctio</strong></span> <span class='ocrx_word' id='word_1_245' title='bbox 1127 1815 1317 1869; x_wconf 85' lang='lat' dir='ltr'><strong>ordine</strong></span> <span class='ocrx_word' id='word_1_246' title='bbox 1345 1817 1579 1885; x_wconf 86' lang='lat' dir='ltr'><strong>quodam</strong></span> <span class='ocrx_word' id='word_1_247' title='bbox 1619 1831 1682 1869; x_wconf 92' lang='lat' dir='ltr'><strong>ac</strong></span> <span class='ocrx_word' id='word_1_248' title='bbox 1710 1815 1851 1870; x_wconf 90' lang='lat' dir='ltr'><strong>serie</strong></span> <span class='ocrx_word' id='word_1_249' title='bbox 1891 1821 2055 1868; x_wconf 88' lang='lat' dir='ltr'><strong>natu-</strong></span> 
     </span>
    </p>
   </div>
   <div class='ocr_carea' id='block_1_35' title="bbox 2179 1813 3782 1895">
    <p class='ocr_par' dir='ltr' id='par_1_35' title="bbox 2179 1821 3782 1895">
     <span class='ocr_line' id='line_1_35' title="bbox 2179 1821 3782 1895; baseline 0.001 -19"><span class='ocrx_word' id='word_1_250' title='bbox 2179 1823 2486 1894; x_wconf 74' lang='grc' dir='ltr'><strong>πυνδρομὴν,</strong></span> <span class='ocrx_word' id='word_1_251' title='bbox 2517 1822 2610 1875; x_wconf 73' lang='grc' dir='ltr'><strong>καὶ</strong></span> <span class='ocrx_word' id='word_1_252' title='bbox 2643 1821 2894 1893; x_wconf 79' lang='grc' dir='ltr'><strong>χρονικού</strong></span> <span class='ocrx_word' id='word_1_253' title='bbox 2912 1839 3055 1885; x_wconf 86' lang='grc' dir='ltr'><strong>τινος</strong></span> <span class='ocrx_word' id='word_1_254' title='bbox 3083 1824 3476 1895; x_wconf 74' lang='grc' dir='ltr'><strong>διαστήματος)</strong></span> <span class='ocrx_word' id='word_1_255' title='bbox 3558 1826 3626 1877; x_wconf 82' lang='grc' dir='ltr'><strong>ὲν</strong></span> <span class='ocrx_word' id='word_1_256' title='bbox 3647 1828 3782 1890; x_wconf 77' lang='grc' dir='ltr'><strong>ταῖς</strong></span> 
     </span>
    </p>
   </div>
   <div class='ocr_carea' id='block_1_36' title="bbox 473 1903 2053 1976">
    <p class='ocr_par' dir='ltr' id='par_1_36' title="bbox 473 1903 2053 1976">
     <span class='ocr_line' id='line_1_36' title="bbox 473 1903 2053 1976; baseline 0 -15"><span class='ocrx_word' id='word_1_257' title='bbox 473 1908 600 1968; x_wconf 76' lang='lat' dir='ltr'><strong>rali,</strong></span> <span class='ocrx_word' id='word_1_258' title='bbox 635 1922 699 1960; x_wconf 92' lang='lat' dir='ltr'><strong>eo</strong></span> <span class='ocrx_word' id='word_1_259' title='bbox 747 1909 924 1976; x_wconf 85' lang='lat' dir='ltr'><strong>spatio</strong></span> <span class='ocrx_word' id='word_1_260' title='bbox 969 1907 1116 1976; x_wconf 88' lang='lat' dir='ltr'><strong>quod</strong></span> <span class='ocrx_word' id='word_1_261' title='bbox 1169 1908 1374 1962; x_wconf 87' lang='lat' dir='ltr'><strong>dictum</strong></span> <span class='ocrx_word' id='word_1_262' title='bbox 1406 1915 1512 1974; x_wconf 89' lang='lat' dir='ltr'><strong>est,</strong></span> <span class='ocrx_word' id='word_1_263' title='bbox 1575 1907 1845 1960; x_wconf 87' lang='lat' dir='ltr'><strong>absoluta.</strong></span> <span class='ocrx_word' id='word_1_264' title='bbox 1900 1903 2053 1961; x_wconf 88' lang='lat' dir='ltr'><strong>Tunc</strong></span> 
     </span>
    </p>
   </div>
   <div class='ocr_carea' id='block_1_37' title="bbox 474 1997 2054 2062">
    <p class='ocr_par' dir='ltr' id='par_1_37' title="bbox 474 1997 2054 2062">
     <span class='ocr_line' id='line_1_37' title="bbox 474 1997 2054 2062; baseline -0.004 -6"><span class='ocrx_word' id='word_1_265' title='bbox 474 2003 638 2056; x_wconf 87' lang='lat' dir='ltr'><strong>simul</strong></span> <span class='ocrx_word' id='word_1_266' title='bbox 680 2002 935 2056; x_wconf 81' lang='lat' dir='ltr'><strong>universa</strong></span> <span class='ocrx_word' id='word_1_267' title='bbox 979 2001 1070 2054; x_wconf 83' lang='lat' dir='ltr'><strong>lux</strong></span> <span class='ocrx_word' id='word_1_268' title='bbox 1115 1999 1347 2062; x_wconf 80' lang='lat' dir='ltr'><strong>exstitit,</strong></span> <span class='ocrx_word' id='word_1_269' title='bbox 1381 2006 1512 2052; x_wconf 85' lang='lat' dir='ltr'><strong>tunc</strong></span> <span class='ocrx_word' id='word_1_270' title='bbox 1549 1998 1729 2054; x_wconf 90' lang='lat' dir='ltr'><strong>omnis</strong></span> <span class='ocrx_word' id='word_1_271' title='bbox 1761 2012 1942 2052; x_wconf 89' lang='lat' dir='ltr'><strong>rerum</strong></span> <span class='ocrx_word' id='word_1_272' title='bbox 1988 1997 2054 2051; x_wconf 80' lang='lat' dir='ltr'><strong>il-</strong></span> 
     </span>
    </p>
   </div>
   <div class='ocr_carea' id='block_1_38' title="bbox 473 2087 2057 2160">
    <p class='ocr_par' dir='ltr' id='par_1_38' title="bbox 473 2087 2057 2160">
     <span class='ocr_line' id='line_1_38' title="bbox 473 2087 2057 2160; baseline -0.001 -15"><span class='ocrx_word' id='word_1_273' title='bbox 473 2093 834 2146; x_wconf 83' lang='lat' dir='ltr'><strong>lnstrantiutn</strong></span> <span class='ocrx_word' id='word_1_274' title='bbox 884 2099 1078 2144; x_wconf 89' lang='lat' dir='ltr'><strong>natura</strong></span> <span class='ocrx_word' id='word_1_275' title='bbox 1133 2090 1369 2160; x_wconf 84' lang='lat' dir='ltr'><strong>propriis</strong></span> <span class='ocrx_word' id='word_1_276' title='bbox 1427 2089 1688 2143; x_wconf 87' lang='lat' dir='ltr'><strong>distincta</strong></span> <span class='ocrx_word' id='word_1_277' title='bbox 1733 2087 2057 2143; x_wconf 78' lang='lat' dir='ltr'><strong>diﬂerentiis</strong></span> 
     </span>
    </p>
   </div>
   <div class='ocr_carea' id='block_1_39' title="bbox 473 2185 2055 2258">
    <p class='ocr_par' dir='ltr' id='par_1_39' title="bbox 473 2185 2055 2258">
     <span class='ocr_line' id='line_1_39' title="bbox 473 2185 2055 2258; baseline -0.001 -17"><span class='ocrx_word' id='word_1_278' title='bbox 473 2189 752 2258; x_wconf 81' lang='lat' dir='ltr'><strong>apparuit,</strong></span> <span class='ocrx_word' id='word_1_279' title='bbox 801 2203 1034 2257; x_wconf 88' lang='lat' dir='ltr'><strong>quarum</strong></span> <span class='ocrx_word' id='word_1_280' title='bbox 1076 2201 1107 2241; x_wconf 90' lang='lat' dir='ltr'><strong>e</strong></span> <span class='ocrx_word' id='word_1_281' title='bbox 1141 2201 1372 2241; x_wconf 89' lang='lat' dir='ltr'><strong>numero</strong></span> <span class='ocrx_word' id='word_1_282' title='bbox 1432 2187 1514 2241; x_wconf 88' lang='lat' dir='ltr'><strong>sol</strong></span> <span class='ocrx_word' id='word_1_283' title='bbox 1558 2195 1662 2249; x_wconf 86' lang='lat' dir='ltr'><strong>est,</strong></span> <span class='ocrx_word' id='word_1_284' title='bbox 1691 2194 1743 2240; x_wconf 90' lang='lat' dir='ltr'><strong>et</strong></span> <span class='ocrx_word' id='word_1_285' title='bbox 1783 2185 1934 2239; x_wconf 89' lang='lat' dir='ltr'><strong>luna.</strong></span> <span class='ocrx_word' id='word_1_286' title='bbox 1977 2187 2055 2240; x_wconf 76' lang='lat' dir='ltr'><strong>Ac</strong></span> 
     </span>
    </p>
   </div>
   <div class='ocr_carea' id='block_1_40' title="bbox 473 2273 2054 2346">
    <p class='ocr_par' dir='ltr' id='par_1_40' title="bbox 473 2273 2054 2346">
     <span class='ocr_line' id='line_1_40' title="bbox 473 2273 2054 2346; baseline 0 -16"><span class='ocrx_word' id='word_1_287' title='bbox 473 2276 940 2346; x_wconf 82' lang='lat' dir='ltr'><strong>quemadmodum</strong></span> <span class='ocrx_word' id='word_1_288' title='bbox 978 2291 1041 2330; x_wconf 88' lang='lat' dir='ltr'><strong>ea</strong></span> <span class='ocrx_word' id='word_1_289' title='bbox 1076 2291 1198 2346; x_wconf 62' lang='lat' dir='ltr'><strong>qua:</strong></span> <span class='ocrx_word' id='word_1_290' title='bbox 1241 2273 1498 2330; x_wconf 83' lang='lat' dir='ltr'><strong>ﬂuentem</strong></span> <span class='ocrx_word' id='word_1_291' title='bbox 1544 2278 1655 2328; x_wconf 91' lang='lat' dir='ltr'><strong>vim</strong></span> <span class='ocrx_word' id='word_1_292' title='bbox 1688 2276 1911 2339; x_wconf 88' lang='lat' dir='ltr'><strong>habent,</strong></span> <span class='ocrx_word' id='word_1_293' title='bbox 1945 2291 2054 2330; x_wconf 90' lang='lat' dir='ltr'><strong>non</strong></span> 
     </span>
    </p>
   </div>
   <div class='ocr_carea' id='block_1_41' title="bbox 474 2367 2054 2438">
    <p class='ocr_par' dir='ltr' id='par_1_41' title="bbox 474 2367 2054 2438">
     <span class='ocr_line' id='line_1_41' title="bbox 474 2367 2054 2438; baseline -0.001 -15"><span class='ocrx_word' id='word_1_294' title='bbox 474 2377 609 2423; x_wconf 89' lang='lat' dir='ltr'><strong>sunt</strong></span> <span class='ocrx_word' id='word_1_295' title='bbox 654 2369 819 2424; x_wconf 90' lang='lat' dir='ltr'><strong>unius</strong></span> <span class='ocrx_word' id='word_1_296' title='bbox 850 2370 1068 2438; x_wconf 81' lang='lat' dir='ltr'><strong>generis</strong></span> <span class='ocrx_word' id='word_1_297' title='bbox 1105 2368 1312 2434; x_wconf 88' lang='lat' dir='ltr'><strong>omnia,</strong></span> <span class='ocrx_word' id='word_1_298' title='bbox 1357 2368 1452 2422; x_wconf 92' lang='lat' dir='ltr'><strong>sed</strong></span> <span class='ocrx_word' id='word_1_299' title='bbox 1483 2367 1788 2423; x_wconf 73' lang='lat' dir='ltr'><strong>diﬂ‘erentia</strong></span> <span class='ocrx_word' id='word_1_300' title='bbox 1819 2369 2054 2438; x_wconf 86' lang='lat' dir='ltr'><strong>quadam</strong></span> 
     </span>
    </p>
   </div>
   <div class='ocr_carea' id='block_1_42' title="bbox 473 2458 2054 2528">
    <p class='ocr_par' dir='ltr' id='par_1_42' title="bbox 473 2458 2054 2528">
     <span class='ocr_line' id='line_1_42' title="bbox 473 2458 2054 2528; baseline 0.001 -16"><span class='ocrx_word' id='word_1_301' title='bbox 473 2460 619 2514; x_wconf 89' lang='lat' dir='ltr'><strong>inter</strong></span> <span class='ocrx_word' id='word_1_302' title='bbox 642 2475 702 2514; x_wconf 89' lang='lat' dir='ltr'><strong>se</strong></span> <span class='ocrx_word' id='word_1_303' title='bbox 729 2459 972 2514; x_wconf 89' lang='lat' dir='ltr'><strong>vicissim</strong></span> <span class='ocrx_word' id='word_1_304' title='bbox 1003 2459 1340 2528; x_wconf 88' lang='lat' dir='ltr'><strong>discrepant,</strong></span> <span class='ocrx_word' id='word_1_305' title='bbox 1369 2466 1429 2512; x_wconf 91' lang='lat' dir='ltr'><strong>ut</strong></span> <span class='ocrx_word' id='word_1_306' title='bbox 1455 2458 1642 2513; x_wconf 87' lang='lat' dir='ltr'><strong>videre</strong></span> <span class='ocrx_word' id='word_1_307' title='bbox 1667 2459 1795 2514; x_wconf 90' lang='lat' dir='ltr'><strong>licet</strong></span> <span class='ocrx_word' id='word_1_308' title='bbox 1824 2459 1878 2512; x_wconf 90' lang='lat' dir='ltr'><strong>in</strong></span> <span class='ocrx_word' id='word_1_309' title='bbox 1911 2460 2054 2524; x_wconf 91' lang='lat' dir='ltr'><strong>oleo,</strong></span> 
     </span>
    </p>
   </div>
   <div class='ocr_carea' id='block_1_43' title="bbox 475 2549 2058 2621">
    <p class='ocr_par' dir='ltr' id='par_1_43' title="bbox 475 2549 2058 2621">
     <span class='ocr_line' id='line_1_43' title="bbox 475 2549 2058 2621; baseline -0.003 -15"><span class='ocrx_word' id='word_1_310' title='bbox 475 2559 528 2606; x_wconf 91' lang='lat' dir='ltr'><strong>ct</strong></span> <span class='ocrx_word' id='word_1_311' title='bbox 560 2566 722 2621; x_wconf 87' lang='lat' dir='ltr'><strong>aqua,</strong></span> <span class='ocrx_word' id='word_1_312' title='bbox 754 2560 807 2605; x_wconf 90' lang='lat' dir='ltr'><strong>et</strong></span> <span class='ocrx_word' id='word_1_313' title='bbox 841 2559 1066 2620; x_wconf 85' lang='lat' dir='ltr'><strong>argento</strong></span> <span class='ocrx_word' id='word_1_314' title='bbox 1097 2552 1243 2614; x_wconf 86' lang='lat' dir='ltr'><strong>vivo,</strong></span> <span class='ocrx_word' id='word_1_315' title='bbox 1286 2565 1408 2620; x_wconf 71' lang='lat' dir='ltr'><strong>quae</strong></span> <span class='ocrx_word' id='word_1_316' title='bbox 1447 2549 1493 2605; x_wconf 92' lang='lat' dir='ltr'><strong>si</strong></span> <span class='ocrx_word' id='word_1_317' title='bbox 1527 2549 1654 2620; x_wconf 87' lang='lat' dir='ltr'><strong>quis</strong></span> <span class='ocrx_word' id='word_1_318' title='bbox 1683 2549 1863 2603; x_wconf 87' lang='lat' dir='ltr'><strong>omnia</strong></span> <span class='ocrx_word' id='word_1_319' title='bbox 1893 2550 2058 2605; x_wconf 89' lang='lat' dir='ltr'><strong>simul</strong></span> 
     </span>
    </p>
   </div>
   <div class='ocr_carea' id='block_1_44' title="bbox 473 2641 2060 2711">
    <p class='ocr_par' dir='ltr' id='par_1_44' title="bbox 473 2641 2060 2711">
     <span class='ocr_line' id='line_1_44' title="bbox 473 2641 2060 2711; baseline 0.001 -16"><span class='ocrx_word' id='word_1_320' title='bbox 473 2643 533 2696; x_wconf 87' lang='lat' dir='ltr'><strong>in</strong></span> <span class='ocrx_word' id='word_1_321' title='bbox 554 2647 672 2696; x_wconf 88' lang='lat' dir='ltr'><strong>&#39;uno</strong></span> <span class='ocrx_word' id='word_1_322' title='bbox 711 2657 841 2697; x_wconf 88' lang='lat' dir='ltr'><strong>vase</strong></span> <span class='ocrx_word' id='word_1_323' title='bbox 875 2641 1199 2704; x_wconf 84' lang='lat' dir='ltr'><strong>confundat,</strong></span> <span class='ocrx_word' id='word_1_324' title='bbox 1235 2656 1401 2711; x_wconf 86' lang='lat' dir='ltr'><strong>parva</strong></span> <span class='ocrx_word' id='word_1_325' title='bbox 1436 2641 1723 2710; x_wconf 73' lang='lat' dir='ltr'><strong>interiecta</strong></span> <span class='ocrx_word' id='word_1_326' title='bbox 1762 2656 1914 2697; x_wconf 85' lang='lat' dir='ltr'><strong>mora</strong></span> <span class='ocrx_word' id='word_1_327' title='bbox 1945 2642 2060 2711; x_wconf 85' lang='lat' dir='ltr'><strong>pri-</strong></span> 
     </span>
    </p>
   </div>
   <div class='ocr_carea' id='block_1_45' title="bbox 472 2734 2058 2804">
    <p class='ocr_par' dir='ltr' id='par_1_45' title="bbox 472 2734 2058 2804">
     <span class='ocr_line' id='line_1_45' title="bbox 472 2734 2058 2804; baseline -0.001 -14"><span class='ocrx_word' id='word_1_328' title='bbox 472 2751 622 2790; x_wconf 90' lang='lat' dir='ltr'><strong>mum</strong></span> <span class='ocrx_word' id='word_1_329' title='bbox 659 2734 890 2804; x_wconf 83' lang='lat' dir='ltr'><strong>aspiciet</strong></span> <span class='ocrx_word' id='word_1_330' title='bbox 918 2741 1202 2804; x_wconf 75' lang='lat' dir='ltr'><strong>argentum</strong></span> <span class='ocrx_word' id='word_1_331' title='bbox 1239 2734 1423 2788; x_wconf 90' lang='lat' dir='ltr'><strong>vivum</strong></span> <span class='ocrx_word' id='word_1_332' title='bbox 1455 2735 1527 2790; x_wconf 92' lang='lat' dir='ltr'><strong>ob</strong></span> <span class='ocrx_word' id='word_1_333' title='bbox 1561 2735 1868 2804; x_wconf 76' lang='lat' dir='ltr'><strong>graviorem</strong></span> <span class='ocrx_word' id='word_1_334' title='bbox 1895 2735 2058 2790; x_wconf 87' lang='lat' dir='ltr'><strong>deor-</strong></span> 
     </span>
    </p>
   </div>
   <div class='ocr_carea' id='block_1_46' title="bbox 475 2825 2059 2896">
    <p class='ocr_par' dir='ltr' id='par_1_46' title="bbox 475 2825 2059 2896">
     <span class='ocr_line' id='line_1_46' title="bbox 475 2825 2059 2896; baseline 0.001 -15"><span class='ocrx_word' id='word_1_335' title='bbox 475 2839 708 2896; x_wconf 87' lang='lat' dir='ltr'><strong>sumque</strong></span> <span class='ocrx_word' id='word_1_336' title='bbox 748 2825 1058 2880; x_wconf 85' lang='lat' dir='ltr'><strong>tendentem</strong></span> <span class='ocrx_word' id='word_1_337' title='bbox 1109 2833 1362 2879; x_wconf 88' lang='lat' dir='ltr'><strong>naturam</strong></span> <span class='ocrx_word' id='word_1_338' title='bbox 1412 2825 1470 2880; x_wconf 91' lang='lat' dir='ltr'><strong>in</strong></span> <span class='ocrx_word' id='word_1_339' title='bbox 1506 2825 1677 2881; x_wconf 79' lang='lat' dir='ltr'><strong>fundo</strong></span> <span class='ocrx_word' id='word_1_340' title='bbox 1717 2833 1893 2881; x_wconf 92' lang='lat' dir='ltr'><strong>totum</strong></span> <span class='ocrx_word' id='word_1_341' title='bbox 1925 2843 2059 2883; x_wconf 87' lang='lat' dir='ltr'><strong>con-</strong></span> 
     </span>
    </p>
   </div>
   <div class='ocr_carea' id='block_1_47' title="bbox 476 2917 2058 2988">
    <p class='ocr_par' dir='ltr' id='par_1_47' title="bbox 476 2917 2058 2988">
     <span class='ocr_line' id='line_1_47' title="bbox 476 2917 2058 2988; baseline 0 -16"><span class='ocrx_word' id='word_1_342' title='bbox 476 2919 678 2984; x_wconf 82' lang='lat' dir='ltr'><strong>sidere,</strong></span> <span class='ocrx_word' id='word_1_343' title='bbox 726 2918 856 2973; x_wconf 89' lang='lat' dir='ltr'><strong>licet</strong></span> <span class='ocrx_word' id='word_1_344' title='bbox 888 2918 1073 2973; x_wconf 92' lang='lat' dir='ltr'><strong>omnia</strong></span> <span class='ocrx_word' id='word_1_345' title='bbox 1125 2917 1412 2972; x_wconf 89' lang='lat' dir='ltr'><strong>commista</strong></span> <span class='ocrx_word' id='word_1_346' title='bbox 1456 2917 1827 2984; x_wconf 89' lang='lat' dir='ltr'><strong>sint;deinde</strong></span> <span class='ocrx_word' id='word_1_347' title='bbox 1861 2933 2058 2988; x_wconf 85' lang='lat' dir='ltr'><strong>aquam</strong></span> 
     </span>
    </p>
   </div>
   <div class='ocr_carea' id='block_1_48' title="bbox 478 3009 2060 3079">
    <p class='ocr_par' dir='ltr' id='par_1_48' title="bbox 478 3009 2060 3079">
     <span class='ocr_line' id='line_1_48' title="bbox 478 3009 2060 3079; baseline 0.001 -16"><span class='ocrx_word' id='word_1_348' title='bbox 478 3010 641 3064; x_wconf 88' lang='lat' dir='ltr'><strong>simul</strong></span> <span class='ocrx_word' id='word_1_349' title='bbox 688 3017 935 3062; x_wconf 80' lang='lat' dir='ltr'><strong>coactam</strong></span> <span class='ocrx_word' id='word_1_350' title='bbox 981 3023 1199 3062; x_wconf 87' lang='lat' dir='ltr'><strong>omnem</strong></span> <span class='ocrx_word' id='word_1_351' title='bbox 1244 3009 1577 3075; x_wconf 89' lang='lat' dir='ltr'><strong>succedere;</strong></span> <span class='ocrx_word' id='word_1_352' title='bbox 1633 3019 1913 3079; x_wconf 88' lang='lat' dir='ltr'><strong>postremo</strong></span> <span class='ocrx_word' id='word_1_353' title='bbox 1954 3010 2060 3064; x_wconf 89' lang='lat' dir='ltr'><strong>olei</strong></span> 
     </span>
    </p>
   </div>
   <div class='ocr_carea' id='block_1_49' title="bbox 479 3101 2062 3173">
    <p class='ocr_par' dir='ltr' id='par_1_49' title="bbox 479 3101 2062 3173">
     <span class='ocr_line' id='line_1_49' title="bbox 479 3101 2062 3173; baseline 0.001 -18"><span class='ocrx_word' id='word_1_354' title='bbox 479 3109 840 3173; x_wconf 81' lang='lat' dir='ltr'><strong>congregatas</strong></span> <span class='ocrx_word' id='word_1_355' title='bbox 874 3101 1175 3171; x_wconf 88' lang='lat' dir='ltr'><strong>particulas</strong></span> <span class='ocrx_word' id='word_1_356' title='bbox 1206 3109 1567 3171; x_wconf 82' lang='lat' dir='ltr'><strong>supernatare</strong></span> <span class='ocrx_word' id='word_1_357' title='bbox 1611 3111 1665 3156; x_wconf 90' lang='lat' dir='ltr'><strong>et</strong></span> <span class='ocrx_word' id='word_1_358' title='bbox 1700 3117 1866 3173; x_wconf 86' lang='lat' dir='ltr'><strong>super</strong></span> <span class='ocrx_word' id='word_1_359' title='bbox 1894 3110 2062 3157; x_wconf 90' lang='lat' dir='ltr'><strong>utro-</strong></span> 
     </span>
    </p>
   </div>
   <div class='ocr_carea' id='block_1_50' title="bbox 2159 1913 3782 1986">
    <p class='ocr_par' dir='ltr' id='par_1_50' title="bbox 2159 1913 3782 1986">
     <span class='ocr_line' id='line_1_50' title="bbox 2159 1913 3782 1986; baseline 0.002 -19"><span class='ocrx_word' id='word_1_360' title='bbox 2159 1917 2335 1986; x_wconf 72' lang='grc' dir='ltr'><strong>τρισὶν</strong></span> <span class='ocrx_word' id='word_1_361' title='bbox 2362 1914 2599 1985; x_wconf 81' lang='grc' dir='ltr'><strong>ἡμέραις</strong></span> <span class='ocrx_word' id='word_1_362' title='bbox 2624 1914 2910 1985; x_wconf 76' lang='grc' dir='ltr'><strong>ἐτελειώθη</strong></span> <span class='ocrx_word' id='word_1_363' title='bbox 2926 1931 2939 1944; x_wconf 90' lang='grc'><strong>·</strong></span> <span class='ocrx_word' id='word_1_364' title='bbox 2964 1913 3039 1977; x_wconf 83' lang='grc' dir='ltr'><strong>ὡς</strong></span> <span class='ocrx_word' id='word_1_365' title='bbox 3067 1915 3230 1984; x_wconf 72' lang='grc' dir='ltr'><strong>μηδὲν</strong></span> <span class='ocrx_word' id='word_1_366' title='bbox 3253 1917 3358 1982; x_wconf 76' lang='grc' dir='ltr'><strong>ἔξω</strong></span> <span class='ocrx_word' id='word_1_367' title='bbox 3382 1919 3481 1986; x_wconf 78' lang='grc' dir='ltr'><strong>τῆς</strong></span> <span class='ocrx_word' id='word_1_368' title='bbox 3516 1916 3782 1970; x_wconf 81' lang='grc' dir='ltr'><strong>ἀκολου-</strong></span> 
     </span>
    </p>
   </div>
   <div class='ocr_carea' id='block_1_51' title="bbox 2161 2005 3784 2078">
    <p class='ocr_par' dir='ltr' id='par_1_51' title="bbox 2161 2005 3784 2078">
     <span class='ocr_line' id='line_1_51' title="bbox 2161 2005 3784 2078; baseline 0.001 -17"><span class='ocrx_word' id='word_1_369' title='bbox 2161 2007 2284 2071; x_wconf 88' lang='grc' dir='ltr'><strong>θίας</strong></span> <span class='ocrx_word' id='word_1_370' title='bbox 2335 2007 2485 2078; x_wconf 84' lang='grc' dir='ltr'><strong>παρά</strong></span> <span class='ocrx_word' id='word_1_371' title='bbox 2532 2005 2624 2058; x_wconf 74' lang='grc' dir='ltr'><strong>τοῦ</strong></span> <span class='ocrx_word' id='word_1_372' title='bbox 2665 2006 2902 2076; x_wconf 83' lang='grc' dir='ltr'><strong>μεγάλου</strong></span> <span class='ocrx_word' id='word_1_373' title='bbox 2930 2007 3172 2069; x_wconf 79' lang='grc' dir='ltr'><strong>Μωσέως</strong></span> <span class='ocrx_word' id='word_1_374' title='bbox 3217 2009 3274 2059; x_wconf 84' lang='grc' dir='ltr'><strong>ἐν</strong></span> <span class='ocrx_word' id='word_1_375' title='bbox 3311 2009 3377 2077; x_wconf 80' lang='grc' dir='ltr'><strong>τῇ</strong></span> <span class='ocrx_word' id='word_1_376' title='bbox 3429 2008 3544 2061; x_wconf 84' lang='grc' dir='ltr'><strong>τῶν</strong></span> <span class='ocrx_word' id='word_1_377' title='bbox 3583 2008 3784 2062; x_wconf 81' lang='grc' dir='ltr'><strong>ὄντων</strong></span> 
     </span>
    </p>
   </div>
   <div class='ocr_carea' id='block_1_52' title="bbox 2159 2097 3780 2170">
    <p class='ocr_par' dir='ltr' id='par_1_52' title="bbox 2159 2097 3780 2170">
     <span class='ocr_line' id='line_1_52' title="bbox 2159 2097 3780 2170; baseline 0 -17"><span class='ocrx_word' id='word_1_378' title='bbox 2159 2099 2415 2169; x_wconf 81' lang='grc' dir='ltr'>διασκευῇ</span> <span class='ocrx_word' id='word_1_379' title='bbox 2447 2097 2774 2169; x_wconf 77' lang='grc' dir='ltr'><strong>γεγράφθαι,</strong></span> <span class='ocrx_word' id='word_1_380' title='bbox 2800 2100 2848 2150; x_wconf 76' lang='grc' dir='ltr'><strong>εί</strong></span> <span class='ocrx_word' id='word_1_381' title='bbox 2879 2097 3093 2152; x_wconf 84' lang='grc' dir='ltr'><strong>πάντων</strong></span> <span class='ocrx_word' id='word_1_382' title='bbox 3122 2099 3262 2152; x_wconf 85' lang='grc' dir='ltr'><strong>κατά</strong></span> <span class='ocrx_word' id='word_1_383' title='bbox 3286 2099 3348 2152; x_wconf 73' lang='grc' dir='ltr'><strong>τὸ</strong></span> <span class='ocrx_word' id='word_1_384' title='bbox 3373 2097 3579 2169; x_wconf 83' lang='grc' dir='ltr'><strong>ἀθρόον</strong></span> <span class='ocrx_word' id='word_1_385' title='bbox 3608 2100 3780 2170; x_wconf 72' lang='grc' dir='ltr'><strong>παρὰ</strong></span> 
     </span>
    </p>
   </div>
   <div class='ocr_carea' id='block_1_53' title="bbox 2161 2189 3779 2261">
    <p class='ocr_par' dir='ltr' id='par_1_53' title="bbox 2161 2189 3779 2261">
     <span class='ocr_line' id='line_1_53' title="bbox 2161 2189 3779 2261; baseline 0 -19"><span class='ocrx_word' id='word_1_386' title='bbox 2161 2191 2261 2261; x_wconf 74' lang='grc' dir='ltr'><strong>τῆς</strong></span> <span class='ocrx_word' id='word_1_387' title='bbox 2291 2189 2383 2243; x_wconf 78' lang='grc' dir='ltr'><strong>τοῦ</strong></span> <span class='ocrx_word' id='word_1_388' title='bbox 2403 2189 2748 2260; x_wconf 83' lang='grc' dir='ltr'><strong>Δημιουργού</strong></span> <span class='ocrx_word' id='word_1_389' title='bbox 2772 2189 3057 2260; x_wconf 87' lang='grc' dir='ltr'><strong>δυνάμεως</strong></span> <span class='ocrx_word' id='word_1_390' title='bbox 3075 2190 3273 2252; x_wconf 81' lang='grc' dir='ltr'>ὑλικῶς</span> <span class='ocrx_word' id='word_1_391' title='bbox 3297 2191 3779 2260; x_wconf 77' lang='grc' dir='ltr'><strong>προκαταϐεϐληο</strong></span> 
     </span>
    </p>
   </div>
   <div class='ocr_carea' id='block_1_54' title="bbox 2166 2280 3778 2354">
    <p class='ocr_par' dir='ltr' id='par_1_54' title="bbox 2166 2280 3778 2354">
     <span class='ocr_line' id='line_1_54' title="bbox 2166 2280 3778 2354; baseline -0.001 -19"><span class='ocrx_word' id='word_1_392' title='bbox 2166 2284 2366 2353; x_wconf 84' lang='grc' dir='ltr'><strong>μένων,</strong></span> <span class='ocrx_word' id='word_1_393' title='bbox 2391 2281 2525 2352; x_wconf 74' lang='grc' dir='ltr'><strong>πρὸς</strong></span> <span class='ocrx_word' id='word_1_394' title='bbox 2547 2281 2644 2352; x_wconf 81' lang='grc' dir='ltr'><strong>τὴν</strong></span> <span class='ocrx_word' id='word_1_395' title='bbox 2677 2280 2783 2334; x_wconf 82' lang='grc' dir='ltr'><strong>τῶν</strong></span> <span class='ocrx_word' id='word_1_396' title='bbox 2808 2281 2978 2334; x_wconf 77' lang='grc' dir='ltr'><strong>ὄντων</strong></span> <span class='ocrx_word' id='word_1_397' title='bbox 3010 2281 3288 2345; x_wconf 90' lang='grc' dir='ltr'><strong>σύστασιν,</strong></span> <span class='ocrx_word' id='word_1_398' title='bbox 3328 2283 3362 2353; x_wconf 80' lang='grc' dir='ltr'><strong>ἡ</strong></span> <span class='ocrx_word' id='word_1_399' title='bbox 3396 2283 3604 2354; x_wconf 82' lang='grc' dir='ltr'><strong>μερικὴ</strong></span> <span class='ocrx_word' id='word_1_400' title='bbox 3656 2283 3778 2335; x_wconf 84' lang='grc' dir='ltr'><strong>τῶν</strong></span> 
     </span>
    </p>
   </div>
   <div class='ocr_carea' id='block_1_55' title="bbox 2163 2369 3776 2444">
    <p class='ocr_par' dir='ltr' id='par_1_55' title="bbox 2163 2369 3776 2444">
     <span class='ocr_line' id='line_1_55' title="bbox 2163 2369 3776 2444; baseline -0.001 -18"><span class='ocrx_word' id='word_1_401' title='bbox 2163 2375 2221 2426; x_wconf 83' lang='grc' dir='ltr'><strong>ὲν</strong></span> <span class='ocrx_word' id='word_1_402' title='bbox 2265 2372 2342 2444; x_wconf 82' lang='grc' dir='ltr'><strong>τῷ</strong></span> <span class='ocrx_word' id='word_1_403' title='bbox 2393 2372 2580 2442; x_wconf 82' lang='grc' dir='ltr'><strong>κόσμῳ</strong></span> <span class='ocrx_word' id='word_1_404' title='bbox 2617 2369 3045 2443; x_wconf 84' lang='grc' dir='ltr'><strong>τεθεωρημένων</strong></span> <span class='ocrx_word' id='word_1_405' title='bbox 3100 2371 3390 2439; x_wconf 78' lang='grc' dir='ltr'>ἀνάδειξις,</span> <span class='ocrx_word' id='word_1_406' title='bbox 3450 2371 3610 2436; x_wconf 79' lang='grc' dir='ltr'><strong>τάξει</strong></span> <span class='ocrx_word' id='word_1_407' title='bbox 3656 2373 3776 2425; x_wconf 75' lang='grc' dir='ltr'><strong>τινὶ</strong></span> 
     </span>
    </p>
   </div>
   <div class='ocr_carea' id='block_1_56' title="bbox 2165 2461 3773 2534">
    <p class='ocr_par' dir='ltr' id='par_1_56' title="bbox 2165 2461 3773 2534">
     <span class='ocr_line' id='line_1_56' title="bbox 2165 2461 3773 2534; baseline 0 -18"><span class='ocrx_word' id='word_1_408' title='bbox 2165 2465 2366 2534; x_wconf 84' lang='grc' dir='ltr'><strong>φυσικῇ</strong></span> <span class='ocrx_word' id='word_1_409' title='bbox 2393 2462 2486 2516; x_wconf 64' lang='grc' dir='ltr'><strong>καὶ</strong></span> <span class='ocrx_word' id='word_1_410' title='bbox 2511 2461 2801 2532; x_wconf 81' lang='grc' dir='ltr'><strong>ἀκολουθίᾳ</strong></span> <span class='ocrx_word' id='word_1_411' title='bbox 2827 2463 2883 2514; x_wconf 83' lang='grc' dir='ltr'><strong>ὲν</strong></span> <span class='ocrx_word' id='word_1_412' title='bbox 2908 2463 3056 2534; x_wconf 76' lang='grc' dir='ltr'><strong>ρητῷ</strong></span> <span class='ocrx_word' id='word_1_413' title='bbox 3073 2463 3404 2533; x_wconf 81' lang='grc' dir='ltr'><strong>διαστήματι</strong></span> <span class='ocrx_word' id='word_1_414' title='bbox 3436 2462 3773 2534; x_wconf 79' lang='grc' dir='ltr'><strong>ἐτελειώθη·</strong></span> 
     </span>
    </p>
   </div>
   <div class='ocr_carea' id='block_1_57' title="bbox 2163 2552 3773 2625">
    <p class='ocr_par' dir='ltr' id='par_1_57' title="bbox 2163 2552 3773 2625">
     <span class='ocr_line' id='line_1_57' title="bbox 2163 2552 3773 2625; baseline -0.001 -18"><span class='ocrx_word' id='word_1_415' title='bbox 2163 2554 2284 2608; x_wconf 89' lang='grc' dir='ltr'><strong>τότε</strong></span> <span class='ocrx_word' id='word_1_416' title='bbox 2307 2554 2406 2624; x_wconf 87' lang='grc' dir='ltr'><strong>μὲν</strong></span> <span class='ocrx_word' id='word_1_417' title='bbox 2433 2552 2630 2625; x_wconf 87' lang='grc' dir='ltr'><strong>ἀθρόου</strong></span> <span class='ocrx_word' id='word_1_418' title='bbox 2659 2553 2752 2606; x_wconf 78' lang='grc' dir='ltr'><strong>τοῦ</strong></span> <span class='ocrx_word' id='word_1_419' title='bbox 2793 2553 2969 2624; x_wconf 73' lang='grc' dir='ltr'><strong>φωτὸς</strong></span> <span class='ocrx_word' id='word_1_420' title='bbox 2995 2554 3341 2623; x_wconf 80' lang='grc' dir='ltr'><strong>ὲκφανέντος,</strong></span> <span class='ocrx_word' id='word_1_421' title='bbox 3373 2553 3467 2606; x_wconf 79' lang='grc' dir='ltr'>νῦν</span> <span class='ocrx_word' id='word_1_422' title='bbox 3491 2554 3549 2606; x_wconf 85' lang='grc' dir='ltr'><strong>δὲ</strong></span> <span class='ocrx_word' id='word_1_423' title='bbox 3578 2555 3773 2624; x_wconf 79' lang='grc' dir='ltr'><strong>πάσης</strong></span> 
     </span>
    </p>
   </div>
   <div class='ocr_carea' id='block_1_58' title="bbox 2163 2640 3769 2717">
    <p class='ocr_par' dir='ltr' id='par_1_58' title="bbox 2163 2640 3769 2717">
     <span class='ocr_line' id='line_1_58' title="bbox 2163 2640 3769 2717; baseline 0.001 -18"><span class='ocrx_word' id='word_1_424' title='bbox 2163 2648 2263 2717; x_wconf 78' lang='grc' dir='ltr'><strong>τῆς</strong></span> <span class='ocrx_word' id='word_1_425' title='bbox 2294 2646 2630 2716; x_wconf 84' lang='grc' dir='ltr'><strong>φωτιστικῆς</strong></span> <span class='ocrx_word' id='word_1_426' title='bbox 2665 2642 2882 2714; x_wconf 87' lang='grc' dir='ltr'><strong>φύσεως</strong></span> <span class='ocrx_word' id='word_1_427' title='bbox 2922 2645 3104 2709; x_wconf 82' lang='grc' dir='ltr'><strong>ἰδικῶς</strong></span> <span class='ocrx_word' id='word_1_428' title='bbox 3135 2646 3509 2717; x_wconf 86' lang='grc' dir='ltr'><strong>διαφανείσης,</strong></span> <span class='ocrx_word' id='word_1_429' title='bbox 3542 2640 3621 2700; x_wconf 84' lang='grc' dir='ltr'><strong>ὧν</strong></span> <span class='ocrx_word' id='word_1_430' title='bbox 3647 2650 3769 2700; x_wconf 76' lang='grc' dir='ltr'><strong>ἐστι</strong></span> 
     </span>
    </p>
   </div>
   <div class='ocr_carea' id='block_1_59' title="bbox 2165 2735 3767 2809">
    <p class='ocr_par' dir='ltr' id='par_1_59' title="bbox 2165 2735 3767 2809">
     <span class='ocr_line' id='line_1_59' title="bbox 2165 2735 3767 2809; baseline -0.001 -17"><span class='ocrx_word' id='word_1_431' title='bbox 2165 2738 2260 2792; x_wconf 73' lang='grc' dir='ltr'><strong>καὶ</strong></span> <span class='ocrx_word' id='word_1_432' title='bbox 2296 2739 2324 2791; x_wconf 85' lang='grc' dir='ltr'>δ</span> <span class='ocrx_word' id='word_1_433' title='bbox 2351 2738 2520 2809; x_wconf 78' lang='grc' dir='ltr'><strong>ἥλιος,</strong></span> <span class='ocrx_word' id='word_1_434' title='bbox 2551 2736 2646 2790; x_wconf 74' lang='grc' dir='ltr'><strong>καὶ</strong></span> <span class='ocrx_word' id='word_1_435' title='bbox 2671 2737 2705 2806; x_wconf 79' lang='grc' dir='ltr'>ἡ</span> <span class='ocrx_word' id='word_1_436' title='bbox 2749 2735 2967 2806; x_wconf 80' lang='grc' dir='ltr'><strong>σελήνη.</strong></span> <span class='ocrx_word' id='word_1_437' title='bbox 2996 2737 3104 2791; x_wconf 80' lang='grc' dir='ltr'><strong>Και</strong></span> <span class='ocrx_word' id='word_1_438' title='bbox 3135 2737 3322 2808; x_wconf 86' lang='grc' dir='ltr'><strong>ὥσπερ</strong></span> <span class='ocrx_word' id='word_1_439' title='bbox 3354 2739 3448 2790; x_wconf 76' lang='grc' dir='ltr'><strong>ἐπὶ</strong></span> <span class='ocrx_word' id='word_1_440' title='bbox 3491 2737 3604 2792; x_wconf 84' lang='grc' dir='ltr'><strong>τῶν</strong></span> <span class='ocrx_word' id='word_1_441' title='bbox 3633 2737 3767 2809; x_wconf 53' lang='grc' dir='ltr'><strong>μυ-</strong></span> 
     </span>
    </p>
   </div>
   <div class='ocr_carea' id='block_1_60' title="bbox 2167 2824 3766 2898">
    <p class='ocr_par' dir='ltr' id='par_1_60' title="bbox 2167 2824 3766 2898">
     <span class='ocr_line' id='line_1_60' title="bbox 2167 2824 3766 2898; baseline 0 -18"><span class='ocrx_word' id='word_1_442' title='bbox 2167 2828 2298 2898; x_wconf 85' lang='grc' dir='ltr'><strong>στήν</strong></span> <span class='ocrx_word' id='word_1_443' title='bbox 2333 2843 2456 2882; x_wconf 88' lang='grc' dir='ltr'><strong>τινα</strong></span> <span class='ocrx_word' id='word_1_444' title='bbox 2485 2824 2714 2894; x_wconf 88' lang='grc' dir='ltr'><strong>δύναμιν</strong></span> <span class='ocrx_word' id='word_1_445' title='bbox 2751 2825 3003 2895; x_wconf 80' lang='grc' dir='ltr'><strong>ἑχόντων,</strong></span> <span class='ocrx_word' id='word_1_446' title='bbox 3042 2825 3144 2879; x_wconf 83' lang='grc' dir='ltr'>κᾶν</span> <span class='ocrx_word' id='word_1_447' title='bbox 3175 2828 3352 2880; x_wconf 87' lang='grc' dir='ltr'><strong>πάντα</strong></span> <span class='ocrx_word' id='word_1_448' title='bbox 3379 2826 3500 2897; x_wconf 77' lang='grc' dir='ltr'><strong>ῥέῃ,</strong></span> <span class='ocrx_word' id='word_1_449' title='bbox 3531 2827 3593 2880; x_wconf 86' lang='grc' dir='ltr'><strong>ού</strong></span> <span class='ocrx_word' id='word_1_450' title='bbox 3623 2827 3766 2880; x_wconf 85' lang='grc' dir='ltr'><strong>πάν-</strong></span> 
     </span>
    </p>
   </div>
   <div class='ocr_carea' id='block_1_61' title="bbox 2164 2915 3766 2988">
    <p class='ocr_par' dir='ltr' id='par_1_61' title="bbox 2164 2915 3766 2988">
     <span class='ocr_line' id='line_1_61' title="bbox 2164 2915 3766 2988; baseline -0.001 -16"><span class='ocrx_word' id='word_1_451' title='bbox 2164 2935 2273 2982; x_wconf 84' lang='grc' dir='ltr'><strong>τως</strong></span> <span class='ocrx_word' id='word_1_452' title='bbox 2303 2916 2579 2988; x_wconf 85' lang='grc' dir='ltr'><strong>ὁμογενῶς</strong></span> <span class='ocrx_word' id='word_1_453' title='bbox 2608 2917 2720 2987; x_wconf 75' lang='grc' dir='ltr'><strong>ἔχει</strong></span> <span class='ocrx_word' id='word_1_454' title='bbox 2753 2915 2889 2988; x_wconf 82' lang='grc' dir='ltr'><strong>πρὸς</strong></span> <span class='ocrx_word' id='word_1_455' title='bbox 2920 2916 3144 2988; x_wconf 80' lang='grc' dir='ltr'><strong>ἄλληλα,</strong></span> <span class='ocrx_word' id='word_1_456' title='bbox 3171 2917 3306 2971; x_wconf 84' lang='grc' dir='ltr'><strong>ἀλλά</strong></span> <span class='ocrx_word' id='word_1_457' title='bbox 3335 2918 3415 2982; x_wconf 82' lang='grc' dir='ltr'><strong>τίς</strong></span> <span class='ocrx_word' id='word_1_458' title='bbox 3442 2921 3592 2972; x_wconf 80' lang='grc' dir='ltr'><strong>ἐστιν</strong></span> <span class='ocrx_word' id='word_1_459' title='bbox 3629 2918 3766 2972; x_wconf 74' lang='grc' dir='ltr'><strong>έκάο</strong></span> 
     </span>
    </p>
   </div>
   <div class='ocr_carea' id='block_1_62' title="bbox 2169 3004 3762 3081">
    <p class='ocr_par' dir='ltr' id='par_1_62' title="bbox 2169 3004 3762 3081">
     <span class='ocr_line' id='line_1_62' title="bbox 2169 3004 3762 3081; baseline -0.001 -18"><span class='ocrx_word' id='word_1_460' title='bbox 2169 3027 2280 3081; x_wconf 87' lang='grc' dir='ltr'><strong>στῳ</strong></span> <span class='ocrx_word' id='word_1_461' title='bbox 2327 3008 2558 3079; x_wconf 86' lang='grc' dir='ltr'><strong>διαφορά</strong></span> <span class='ocrx_word' id='word_1_462' title='bbox 2617 3007 2753 3078; x_wconf 85' lang='grc' dir='ltr'><strong>πρὸς</strong></span> <span class='ocrx_word' id='word_1_463' title='bbox 2805 3007 2866 3059; x_wconf 82' lang='grc' dir='ltr'><strong>τὸ</strong></span> <span class='ocrx_word' id='word_1_464' title='bbox 2917 3006 3124 3079; x_wconf 75' lang='grc' dir='ltr'><strong>ἕτερον,</strong></span> <span class='ocrx_word' id='word_1_465' title='bbox 3173 3004 3284 3061; x_wconf 78' lang='grc' dir='ltr'><strong>οἷον</strong></span> <span class='ocrx_word' id='word_1_466' title='bbox 3328 3009 3386 3062; x_wconf 84' lang='grc' dir='ltr'><strong>ὲν</strong></span> <span class='ocrx_word' id='word_1_467' title='bbox 3450 3009 3617 3080; x_wconf 81' lang='grc' dir='ltr'><strong>ἐλαίῳ</strong></span> <span class='ocrx_word' id='word_1_468' title='bbox 3668 3010 3762 3062; x_wconf 77' lang='grc' dir='ltr'><strong>καὶ</strong></span> 
     </span>
    </p>
   </div>
   <div class='ocr_carea' id='block_1_63' title="bbox 2169 3098 3761 3173">
    <p class='ocr_par' dir='ltr' id='par_1_63' title="bbox 2169 3098 3761 3173">
     <span class='ocr_line' id='line_1_63' title="bbox 2169 3098 3761 3173; baseline -0.002 -19"><span class='ocrx_word' id='word_1_469' title='bbox 2169 3100 2495 3173; x_wconf 82' lang='grc' dir='ltr'><strong>ὐδραργύρῳ</strong></span> <span class='ocrx_word' id='word_1_470' title='bbox 2541 3099 2634 3153; x_wconf 77' lang='grc' dir='ltr'><strong>καὶ</strong></span> <span class='ocrx_word' id='word_1_471' title='bbox 2683 3099 2857 3161; x_wconf 82' lang='grc' dir='ltr'><strong>ὕδατι,</strong></span> <span class='ocrx_word' id='word_1_472' title='bbox 2903 3098 3047 3170; x_wconf 80' lang='grc' dir='ltr'><strong>άπερ</strong></span> <span class='ocrx_word' id='word_1_473' title='bbox 3098 3099 3150 3153; x_wconf 81' lang='grc' dir='ltr'><strong>εἴ</strong></span> <span class='ocrx_word' id='word_1_474' title='bbox 3187 3117 3271 3162; x_wconf 87' lang='grc' dir='ltr'><strong>τις</strong></span> <span class='ocrx_word' id='word_1_475' title='bbox 3303 3099 3539 3170; x_wconf 77' lang='grc' dir='ltr'><strong>ἀναχέας</strong></span> <span class='ocrx_word' id='word_1_476' title='bbox 3579 3100 3761 3154; x_wconf 86' lang='grc' dir='ltr'><strong>πάντα</strong></span> 
     </span>
    </p>
   </div>
   <div class='ocr_carea' id='block_1_64' title="bbox 480 3177 2061 3266">
    <p class='ocr_par' dir='ltr' id='par_1_64' title="bbox 480 3193 2061 3266">
     <span class='ocr_line' id='line_1_64' title="bbox 480 3193 2061 3266; baseline -0.001 -17"><span class='ocrx_word' id='word_1_477' title='bbox 480 3211 590 3266; x_wconf 86' lang='lat' dir='ltr'><strong>que</strong></span> <span class='ocrx_word' id='word_1_478' title='bbox 623 3195 928 3250; x_wconf 89' lang='lat' dir='ltr'><strong>consistere</strong></span> <span class='ocrx_word' id='word_1_479' title='bbox 959 3210 973 3248; x_wconf 92' lang='lat'>:</span> <span class='ocrx_word' id='word_1_480' title='bbox 1007 3193 1197 3248; x_wconf 85' lang='lat' dir='ltr'><strong>eodem</strong></span> <span class='ocrx_word' id='word_1_481' title='bbox 1228 3204 1389 3264; x_wconf 91' lang='lat' dir='ltr'><strong>pacto</strong></span> <span class='ocrx_word' id='word_1_482' title='bbox 1412 3193 1480 3248; x_wconf 91' lang='lat' dir='ltr'><strong>de</strong></span> <span class='ocrx_word' id='word_1_483' title='bbox 1512 3209 1571 3249; x_wconf 89' lang='lat' dir='ltr'><strong>re</strong></span> <span class='ocrx_word' id='word_1_484' title='bbox 1597 3195 1758 3251; x_wconf 90' lang='lat' dir='ltr'><strong>nobis</strong></span> <span class='ocrx_word' id='word_1_485' title='bbox 1781 3195 1845 3250; x_wconf 92' lang='lat' dir='ltr'><strong>ad</strong></span> <span class='ocrx_word' id='word_1_486' title='bbox 1877 3195 2061 3265; x_wconf 88' lang='lat' dir='ltr'><strong>dispu-</strong></span> 
     </span>
    </p>
   </div>
   <div class='ocr_carea' id='block_1_65' title="bbox 2179 3177 3761 3266">
    <p class='ocr_par' dir='ltr' id='par_1_65' title="bbox 2179 3189 3761 3266">
     <span class='ocr_line' id='line_1_65' title="bbox 2179 3189 3761 3266; baseline -0.011 -17"><span class='ocrx_word' id='word_1_487' title='bbox 2179 3194 2302 3266; x_wconf 78' lang='grc' dir='ltr'><strong>πρὸς</strong></span> <span class='ocrx_word' id='word_1_488' title='bbox 2342 3191 2544 3262; x_wconf 79' lang='grc' dir='ltr'><strong>ἄλληλα</strong></span> <span class='ocrx_word' id='word_1_489' title='bbox 2600 3191 2681 3244; x_wconf 71' lang='grc' dir='ltr'><strong>ἐνὶ</strong></span> <span class='ocrx_word' id='word_1_490' title='bbox 2730 3189 3012 3262; x_wconf 86' lang='grc' dir='ltr'><strong>περιϐάλοι</strong></span> <span class='ocrx_word' id='word_1_491' title='bbox 3057 3191 3284 3259; x_wconf 83' lang='grc' dir='ltr'><strong>ἀγγείῳ,</strong></span> <span class='ocrx_word' id='word_1_492' title='bbox 3337 3192 3563 3263; x_wconf 80' lang='grc' dir='ltr'><strong>βραχέος</strong></span> <span class='ocrx_word' id='word_1_493' title='bbox 3598 3195 3761 3260; x_wconf 65' lang='grc' dir='ltr'><strong>ἐγγε..</strong></span> 
     </span>
    </p>
   </div>
   <div class='ocr_carea' id='block_1_66' title="bbox 481 3285 2066 3356">
    <p class='ocr_par' dir='ltr' id='par_1_66' title="bbox 481 3285 2066 3356">
     <span class='ocr_line' id='line_1_66' title="bbox 481 3285 2066 3356; baseline -0.002 -15"><span class='ocrx_word' id='word_1_494' title='bbox 481 3287 709 3341; x_wconf 90' lang='lat' dir='ltr'><strong>tandum</strong></span> <span class='ocrx_word' id='word_1_495' title='bbox 750 3286 1031 3356; x_wconf 85' lang='lat' dir='ltr'><strong>proposita</strong></span> <span class='ocrx_word' id='word_1_496' title='bbox 1063 3301 1361 3356; x_wconf 90' lang='lat' dir='ltr'><strong>possumus</strong></span> <span class='ocrx_word' id='word_1_497' title='bbox 1398 3285 1696 3356; x_wconf 88' lang='lat' dir='ltr'><strong>conjicere,</strong></span> <span class='ocrx_word' id='word_1_498' title='bbox 1727 3285 1859 3341; x_wconf 90' lang='lat' dir='ltr'><strong>illud</strong></span> <span class='ocrx_word' id='word_1_499' title='bbox 1898 3302 2066 3341; x_wconf 89' lang='lat' dir='ltr'><strong>unum</strong></span> 
     </span>
    </p>
   </div>
   <div class='ocr_carea' id='block_1_67' title="bbox 483 3375 2072 3450">
    <p class='ocr_par' dir='ltr' id='par_1_67' title="bbox 483 3375 2072 3450">
     <span class='ocr_line' id='line_1_67' title="bbox 483 3375 2072 3450; baseline 0 -18"><span class='ocrx_word' id='word_1_500' title='bbox 483 3378 539 3432; x_wconf 80' lang='lat' dir='ltr'><strong>in</strong></span> <span class='ocrx_word' id='word_1_501' title='bbox 591 3379 840 3448; x_wconf 81' lang='lat' dir='ltr'><strong>exemplo</strong></span> <span class='ocrx_word' id='word_1_502' title='bbox 892 3385 1108 3430; x_wconf 87' lang='lat' dir='ltr'><strong>tantum</strong></span> <span class='ocrx_word' id='word_1_503' title='bbox 1158 3386 1589 3444; x_wconf 88' lang='lat' dir='ltr'><strong>commutantes,</strong></span> <span class='ocrx_word' id='word_1_504' title='bbox 1647 3387 1709 3433; x_wconf 90' lang='lat' dir='ltr'><strong>ut</strong></span> <span class='ocrx_word' id='word_1_505' title='bbox 1765 3375 1913 3450; x_wconf 85' lang='lat' dir='ltr'><strong>quod</strong></span> <span class='ocrx_word' id='word_1_506' title='bbox 1960 3379 2072 3433; x_wconf 92' lang='lat' dir='ltr'><strong>illic</strong></span> 
     </span>
    </p>
   </div>
   <div class='ocr_carea' id='block_1_68' title="bbox 485 3469 2072 3541">
    <p class='ocr_par' dir='ltr' id='par_1_68' title="bbox 485 3469 2072 3541">
     <span class='ocr_line' id='line_1_68' title="bbox 485 3469 2072 3541; baseline 0.003 -19"><span class='ocrx_word' id='word_1_507' title='bbox 485 3477 710 3540; x_wconf 85' lang='lat' dir='ltr'><strong>prOpter</strong></span> <span class='ocrx_word' id='word_1_508' title='bbox 753 3469 1103 3538; x_wconf 79' lang='lat' dir='ltr'><strong>gravitatem,</strong></span> <span class='ocrx_word' id='word_1_509' title='bbox 1159 3469 1248 3522; x_wconf 87' lang='lat' dir='ltr'><strong>bic</strong></span> <span class='ocrx_word' id='word_1_510' title='bbox 1297 3477 1490 3523; x_wconf 88' lang='lat' dir='ltr'><strong>contra</strong></span> <span class='ocrx_word' id='word_1_511' title='bbox 1538 3478 1763 3541; x_wconf 87' lang='lat' dir='ltr'><strong>propter</strong></span> <span class='ocrx_word' id='word_1_512' title='bbox 1797 3470 2072 3526; x_wconf 82' lang='lat' dir='ltr'><strong>levitatem</strong></span> 
     </span>
    </p>
   </div>
   <div class='ocr_carea' id='block_1_69' title="bbox 482 3560 2075 3632">
    <p class='ocr_par' dir='ltr' id='par_1_69' title="bbox 482 3560 2075 3632">
     <span class='ocr_line' id='line_1_69' title="bbox 482 3560 2075 3632; baseline 0.002 -18"><span class='ocrx_word' id='word_1_513' title='bbox 482 3563 719 3618; x_wconf 58' lang='lat' dir='ltr'><strong>eveniat.</strong></span> <span class='ocrx_word' id='word_1_514' title='bbox 763 3562 819 3616; x_wconf 93' lang='lat' dir='ltr'><strong>ln</strong></span> <span class='ocrx_word' id='word_1_515' title='bbox 852 3562 1030 3632; x_wconf 86' lang='lat' dir='ltr'><strong>prima</strong></span> <span class='ocrx_word' id='word_1_516' title='bbox 1071 3560 1218 3614; x_wconf 89' lang='lat' dir='ltr'><strong>enim</strong></span> <span class='ocrx_word' id='word_1_517' title='bbox 1252 3575 1438 3615; x_wconf 89' lang='lat' dir='ltr'><strong>rerum</strong></span> <span class='ocrx_word' id='word_1_518' title='bbox 1481 3561 1898 3624; x_wconf 86' lang='lat' dir='ltr'><strong>constitutione,</strong></span> <span class='ocrx_word' id='word_1_519' title='bbox 1952 3577 2075 3632; x_wconf 71' lang='lat' dir='ltr'><strong>quae</strong></span> 
     </span>
    </p>
   </div>
   <div class='ocr_carea' id='block_1_70' title="bbox 485 3651 2066 3722">
    <p class='ocr_par' dir='ltr' id='par_1_70' title="bbox 485 3651 2066 3722">
     <span class='ocr_line' id='line_1_70' title="bbox 485 3651 2066 3722; baseline 0.001 -16"><span class='ocrx_word' id='word_1_520' title='bbox 485 3653 710 3709; x_wconf 86' lang='lat' dir='ltr'><strong>levitate</strong></span> <span class='ocrx_word' id='word_1_521' title='bbox 761 3667 982 3708; x_wconf 89' lang='lat' dir='ltr'><strong>sursum</strong></span> <span class='ocrx_word' id='word_1_522' title='bbox 1026 3651 1346 3718; x_wconf 83' lang='lat' dir='ltr'><strong>tendebant,</strong></span> <span class='ocrx_word' id='word_1_523' title='bbox 1385 3651 1632 3722; x_wconf 88' lang='lat' dir='ltr'><strong>quandiu</strong></span> <span class='ocrx_word' id='word_1_524' title='bbox 1666 3652 1736 3708; x_wconf 90' lang='lat' dir='ltr'><strong>ob</strong></span> <span class='ocrx_word' id='word_1_525' title='bbox 1759 3654 2066 3708; x_wconf 87' lang='lat' dir='ltr'><strong>naturalem</strong></span> 
     </span>
    </p>
   </div>
   <div class='ocr_carea' id='block_1_71' title="bbox 483 3741 2073 3811">
    <p class='ocr_par' dir='ltr' id='par_1_71' title="bbox 483 3741 2073 3811">
     <span class='ocr_line' id='line_1_71' title="bbox 483 3741 2073 3811; baseline 0.004 -16"><span class='ocrx_word' id='word_1_526' title='bbox 483 3742 594 3796; x_wconf 87' lang='lat' dir='ltr'><strong>vim</strong></span> <span class='ocrx_word' id='word_1_527' title='bbox 632 3742 853 3798; x_wconf 89' lang='lat' dir='ltr'><strong>insitam</strong></span> <span class='ocrx_word' id='word_1_528' title='bbox 891 3741 1168 3797; x_wconf 80' lang='lat' dir='ltr'><strong>celeritate</strong></span> <span class='ocrx_word' id='word_1_529' title='bbox 1195 3741 1465 3803; x_wconf 84' lang='lat' dir='ltr'><strong>valebant,</strong></span> <span class='ocrx_word' id='word_1_530' title='bbox 1491 3741 1698 3811; x_wconf 90' lang='lat' dir='ltr'><strong>pariter</strong></span> <span class='ocrx_word' id='word_1_531' title='bbox 1722 3742 1908 3796; x_wconf 91' lang='lat' dir='ltr'><strong>omnia</strong></span> <span class='ocrx_word' id='word_1_532' title='bbox 1938 3757 2073 3801; x_wconf 86' lang='lat' dir='ltr'><strong>con-</strong></span> 
     </span>
    </p>
   </div>
   <div class='ocr_carea' id='block_1_72' title="bbox 485 3832 2070 3908">
    <p class='ocr_par' dir='ltr' id='par_1_72' title="bbox 485 3832 2070 3908">
     <span class='ocr_line' id='line_1_72' title="bbox 485 3832 2070 3908; baseline 0.003 -21"><span class='ocrx_word' id='word_1_533' title='bbox 485 3843 801 3898; x_wconf 89' lang='lat' dir='ltr'><strong>currerunt,</strong></span> <span class='ocrx_word' id='word_1_534' title='bbox 833 3841 947 3887; x_wconf 79' lang='lat' dir='ltr'><strong>tum</strong></span> <span class='ocrx_word' id='word_1_535' title='bbox 977 3848 1042 3888; x_wconf 85' lang='lat' dir='ltr'><strong>ex</strong></span> <span class='ocrx_word' id='word_1_536' title='bbox 1075 3833 1384 3889; x_wconf 86' lang='lat' dir='ltr'><strong>velocitatis</strong></span> <span class='ocrx_word' id='word_1_537' title='bbox 1427 3832 1746 3903; x_wconf 69' lang='lat' dir='ltr'><strong>praestantia</strong></span> <span class='ocrx_word' id='word_1_538' title='bbox 1777 3833 1896 3905; x_wconf 86' lang='lat' dir='ltr'><strong>ipsa</strong></span> <span class='ocrx_word' id='word_1_539' title='bbox 1931 3851 2070 3908; x_wconf 89' lang='lat' dir='ltr'><strong>quo-</strong></span> 
     </span>
    </p>
   </div>
   <div class='ocr_carea' id='block_1_73' title="bbox 484 3921 1354 3993">
    <p class='ocr_par' dir='ltr' id='par_1_73' title="bbox 484 3921 1354 3993">
     <span class='ocr_line' id='line_1_73' title="bbox 484 3921 1354 3993; baseline -0.002 -16"><span class='ocrx_word' id='word_1_540' title='bbox 484 3937 592 3993; x_wconf 88' lang='lat' dir='ltr'><strong>que</strong></span> <span class='ocrx_word' id='word_1_541' title='bbox 632 3924 775 3977; x_wconf 87' lang='lat' dir='ltr'><strong>inter</strong></span> <span class='ocrx_word' id='word_1_542' title='bbox 815 3937 873 3976; x_wconf 89' lang='lat' dir='ltr'><strong>se</strong></span> <span class='ocrx_word' id='word_1_543' title='bbox 907 3921 1168 3976; x_wconf 87' lang='lat' dir='ltr'><strong>distincta</strong></span> <span class='ocrx_word' id='word_1_544' title='bbox 1205 3931 1354 3977; x_wconf 87' lang='lat' dir='ltr'><strong>sunt.</strong></span> 
     </span>
    </p>
   </div>
   <div class='ocr_carea' id='block_1_74' title="bbox 2167 3280 3755 3356">
    <p class='ocr_par' dir='ltr' id='par_1_74' title="bbox 2167 3280 3755 3356">
     <span class='ocr_line' id='line_1_74' title="bbox 2167 3280 3755 3356; baseline -0.003 -17"><span class='ocrx_word' id='word_1_545' title='bbox 2167 3284 2393 3356; x_wconf 86' lang='grc' dir='ltr'><strong>νομένου</strong></span> <span class='ocrx_word' id='word_1_546' title='bbox 2421 3283 2638 3354; x_wconf 89' lang='grc' dir='ltr'><strong>χρόνου,</strong></span> <span class='ocrx_word' id='word_1_547' title='bbox 2670 3280 2886 3352; x_wconf 82' lang='grc' dir='ltr'><strong>πρῶτον</strong></span> <span class='ocrx_word' id='word_1_548' title='bbox 2917 3281 3108 3350; x_wconf 76' lang='grc' dir='ltr'><strong>ὄψεται</strong></span> <span class='ocrx_word' id='word_1_549' title='bbox 3147 3281 3243 3352; x_wconf 77' lang='grc' dir='ltr'><strong>τὴν</strong></span> <span class='ocrx_word' id='word_1_550' title='bbox 3275 3282 3632 3354; x_wconf 82' lang='grc' dir='ltr'><strong>ὑδράργυρον,</strong></span> <span class='ocrx_word' id='word_1_551' title='bbox 3667 3281 3755 3335; x_wconf 76' lang='grc' dir='ltr'><strong>διά</strong></span> 
     </span>
    </p>
   </div>
   <div class='ocr_carea' id='block_1_75' title="bbox 2167 3369 3758 3446">
    <p class='ocr_par' dir='ltr' id='par_1_75' title="bbox 2167 3369 3758 3446">
     <span class='ocr_line' id='line_1_75' title="bbox 2167 3369 3758 3446; baseline -0.001 -18"><span class='ocrx_word' id='word_1_552' title='bbox 2167 3376 2229 3429; x_wconf 86' lang='grc' dir='ltr'><strong>τδ</strong></span> <span class='ocrx_word' id='word_1_553' title='bbox 2264 3373 2572 3446; x_wconf 83' lang='grc' dir='ltr'><strong>βαρυτέραν</strong></span> <span class='ocrx_word' id='word_1_554' title='bbox 2608 3388 2669 3425; x_wconf 90' lang='grc' dir='ltr'><strong>τε</strong></span> <span class='ocrx_word' id='word_1_555' title='bbox 2697 3371 2789 3424; x_wconf 75' lang='grc' dir='ltr'><strong>καὶ</strong></span> <span class='ocrx_word' id='word_1_556' title='bbox 2831 3373 3319 3444; x_wconf 89' lang='grc' dir='ltr'><strong>κατωφερεστέραν</strong></span> <span class='ocrx_word' id='word_1_557' title='bbox 3354 3369 3491 3426; x_wconf 73' lang='grc' dir='ltr'><strong>εἶναι</strong></span> <span class='ocrx_word' id='word_1_558' title='bbox 3532 3373 3637 3426; x_wconf 85' lang='grc' dir='ltr'><strong>τῶν</strong></span> <span class='ocrx_word' id='word_1_559' title='bbox 3664 3373 3758 3426; x_wconf 83' lang='grc' dir='ltr'><strong>ἀλ-</strong></span> 
     </span>
    </p>
   </div>
   <div class='ocr_carea' id='block_1_76' title="bbox 2166 3463 3754 3535">
    <p class='ocr_par' dir='ltr' id='par_1_76' title="bbox 2166 3463 3754 3535">
     <span class='ocr_line' id='line_1_76' title="bbox 2166 3463 3754 3535; baseline -0.004 -13"><span class='ocrx_word' id='word_1_560' title='bbox 2166 3469 2297 3534; x_wconf 88' lang='grc' dir='ltr'><strong>λων,</strong></span> <span class='ocrx_word' id='word_1_561' title='bbox 2325 3469 2438 3529; x_wconf 86' lang='grc' dir='ltr'><strong>τοῖς</strong></span> <span class='ocrx_word' id='word_1_562' title='bbox 2477 3465 2630 3529; x_wconf 76' lang='grc' dir='ltr'><strong>ἰδίοις</strong></span> <span class='ocrx_word' id='word_1_563' title='bbox 2661 3464 3055 3534; x_wconf 84' lang='grc' dir='ltr'><strong>συμφυομένην</strong></span> <span class='ocrx_word' id='word_1_564' title='bbox 3103 3463 3335 3535; x_wconf 81' lang='grc' dir='ltr'><strong>μορίοις,</strong></span> <span class='ocrx_word' id='word_1_565' title='bbox 3370 3463 3474 3517; x_wconf 86' lang='grc' dir='ltr'><strong>κᾶν</strong></span> <span class='ocrx_word' id='word_1_566' title='bbox 3510 3463 3754 3535; x_wconf 82' lang='grc' dir='ltr'><strong>πανταχῆ</strong></span> 
     </span>
    </p>
   </div>
   <div class='ocr_carea' id='block_1_77' title="bbox 2167 3552 3755 3630">
    <p class='ocr_par' dir='ltr' id='par_1_77' title="bbox 2167 3552 3755 3630">
     <span class='ocr_line' id='line_1_77' title="bbox 2167 3552 3755 3630; baseline -0.006 -16"><span class='ocrx_word' id='word_1_567' title='bbox 2167 3557 2342 3614; x_wconf 76' lang='grc' dir='ltr'><strong>ταῦτα</strong></span> <span class='ocrx_word' id='word_1_568' title='bbox 2401 3554 2825 3625; x_wconf 83' lang='grc' dir='ltr'><strong>διεσκεδασμένα</strong></span> <span class='ocrx_word' id='word_1_569' title='bbox 2878 3553 3048 3630; x_wconf 82' lang='grc' dir='ltr'><strong>τύχῃ·</strong></span> <span class='ocrx_word' id='word_1_570' title='bbox 3101 3553 3291 3609; x_wconf 72' lang='grc' dir='ltr'><strong>ἔπειτα</strong></span> <span class='ocrx_word' id='word_1_571' title='bbox 3326 3553 3389 3606; x_wconf 78' lang='grc' dir='ltr'><strong>τὸ</strong></span> <span class='ocrx_word' id='word_1_572' title='bbox 3437 3552 3576 3624; x_wconf 72' lang='grc' dir='ltr'><strong>ὕδωρ</strong></span> <span class='ocrx_word' id='word_1_573' title='bbox 3619 3553 3755 3623; x_wconf 81' lang='grc' dir='ltr'><strong>πρὸς</strong></span> 
     </span>
    </p>
   </div>
   <div class='ocr_carea' id='block_1_78' title="bbox 2178 3640 3750 3718">
    <p class='ocr_par' dir='ltr' id='par_1_78' title="bbox 2178 3640 3750 3718">
     <span class='ocr_line' id='line_1_78' title="bbox 2178 3640 3750 3718; baseline -0.008 -14"><span class='ocrx_word' id='word_1_574' title='bbox 2178 3649 2340 3704; x_wconf 80' lang='grc' dir='ltr'><strong>έαυτὺ</strong></span> <span class='ocrx_word' id='word_1_575' title='bbox 2381 3647 2774 3718; x_wconf 85' lang='grc' dir='ltr'><strong>συναγόμενον·</strong></span> <span class='ocrx_word' id='word_1_576' title='bbox 2808 3640 2928 3699; x_wconf 75' lang='grc' dir='ltr'><strong>εἶτα</strong></span> <span class='ocrx_word' id='word_1_577' title='bbox 2962 3644 3055 3697; x_wconf 76' lang='grc' dir='ltr'><strong>τοῦ</strong></span> <span class='ocrx_word' id='word_1_578' title='bbox 3087 3644 3267 3698; x_wconf 80' lang='grc' dir='ltr'><strong>ἐλαίου</strong></span> <span class='ocrx_word' id='word_1_579' title='bbox 3311 3645 3380 3698; x_wconf 83' lang='grc' dir='ltr'><strong>τὰ</strong></span> <span class='ocrx_word' id='word_1_580' title='bbox 3417 3645 3582 3717; x_wconf 80' lang='grc' dir='ltr'><strong>μόρια</strong></span> <span class='ocrx_word' id='word_1_581' title='bbox 3617 3647 3750 3699; x_wconf 77' lang='grc' dir='ltr'><strong>πᾶσι.</strong></span> 
     </span>
    </p>
   </div>
   <div class='ocr_carea' id='block_1_79' title="bbox 2175 3735 3752 3810">
    <p class='ocr_par' dir='ltr' id='par_1_79' title="bbox 2175 3735 3752 3810">
     <span class='ocr_line' id='line_1_79' title="bbox 2175 3735 3752 3810; baseline -0.003 -16"><span class='ocrx_word' id='word_1_582' title='bbox 2175 3742 2288 3803; x_wconf 80' lang='grc' dir='ltr'><strong>τοῖς</strong></span> <span class='ocrx_word' id='word_1_583' title='bbox 2313 3738 2696 3810; x_wconf 84' lang='grc' dir='ltr'><strong>ὑποκειμένοις</strong></span> <span class='ocrx_word' id='word_1_584' title='bbox 2726 3735 3144 3799; x_wconf 68' lang='grc' dir='ltr'><strong>ἐπιπολάζοντα,</strong></span> <span class='ocrx_word' id='word_1_585' title='bbox 3172 3737 3266 3789; x_wconf 77' lang='grc' dir='ltr'><strong>καὶ</strong></span> <span class='ocrx_word' id='word_1_586' title='bbox 3296 3736 3424 3808; x_wconf 72' lang='grc' dir='ltr'><strong>περὶ</strong></span> <span class='ocrx_word' id='word_1_587' title='bbox 3449 3735 3608 3788; x_wconf 87' lang='grc' dir='ltr'><strong>έαυτά</strong></span> <span class='ocrx_word' id='word_1_588' title='bbox 3629 3751 3752 3790; x_wconf 78' lang='grc' dir='ltr'><strong>συν-</strong></span> 
     </span>
    </p>
   </div>
   <div class='ocr_carea' id='block_1_80' title="bbox 2175 3823 3750 3903">
    <p class='ocr_par' dir='ltr' id='par_1_80' title="bbox 2175 3823 3750 3903">
     <span class='ocr_line' id='line_1_80' title="bbox 2175 3823 3750 3903; baseline -0.006 -15"><span class='ocrx_word' id='word_1_589' title='bbox 2175 3833 2473 3903; x_wconf 82' lang='grc' dir='ltr'><strong>ιστάμενα·</strong></span> <span class='ocrx_word' id='word_1_590' title='bbox 2531 3829 2704 3892; x_wconf 71' lang='grc' dir='ltr'><strong>οὕτως</strong></span> <span class='ocrx_word' id='word_1_591' title='bbox 2749 3823 2902 3899; x_wconf 76' lang='grc' dir='ltr'><strong>οἶμαι</strong></span> <span class='ocrx_word' id='word_1_592' title='bbox 2944 3828 3053 3881; x_wconf 86' lang='grc' dir='ltr'><strong>δεῖν</strong></span> <span class='ocrx_word' id='word_1_593' title='bbox 3086 3828 3181 3880; x_wconf 80' lang='grc' dir='ltr'><strong>καὶ</strong></span> <span class='ocrx_word' id='word_1_594' title='bbox 3227 3828 3356 3899; x_wconf 76' lang='grc' dir='ltr'><strong>περὶ</strong></span> <span class='ocrx_word' id='word_1_595' title='bbox 3395 3828 3494 3899; x_wconf 78' lang='grc' dir='ltr'><strong>τῆς</strong></span> <span class='ocrx_word' id='word_1_596' title='bbox 3539 3843 3750 3899; x_wconf 81' lang='grc' dir='ltr'><strong>προκει-</strong></span> 
     </span>
    </p>
   </div>
   <div class='ocr_carea' id='block_1_81' title="bbox 2177 3917 3748 3995">
    <p class='ocr_par' dir='ltr' id='par_1_81' title="bbox 2177 3917 3748 3995">
     <span class='ocr_line' id='line_1_81' title="bbox 2177 3917 3748 3995; baseline -0.004 -17"><span class='ocrx_word' id='word_1_597' title='bbox 2177 3925 2348 3995; x_wconf 81' lang='grc' dir='ltr'><strong>μένης</strong></span> <span class='ocrx_word' id='word_1_598' title='bbox 2378 3921 2611 3994; x_wconf 83' lang='grc' dir='ltr'><strong>Θεωρίας</strong></span> <span class='ocrx_word' id='word_1_599' title='bbox 2659 3919 3036 3990; x_wconf 80' lang='grc' dir='ltr'><strong>στοχάζεσθαι,</strong></span> <span class='ocrx_word' id='word_1_600' title='bbox 3068 3917 3322 3972; x_wconf 78' lang='grc' dir='ltr'><strong>τοσοῦτον</strong></span> <span class='ocrx_word' id='word_1_601' title='bbox 3355 3918 3748 3984; x_wconf 80' lang='grc' dir='ltr'><strong>ὑπαλλάξαντας</strong></span> 
     </span>
    </p>
   </div>
   <div class='ocr_carea' id='block_1_82' title="bbox 489 4005 3747 4089">
    <p class='ocr_par' dir='ltr' id='par_1_82' title="bbox 489 4005 3747 4089">
     <span class='ocr_line' id='line_1_82' title="bbox 489 4005 3747 4089; baseline -0.003 -19"><span class='ocrx_word' id='word_1_602' title='bbox 489 4019 648 4089; x_wconf 88' lang='grc' dir='ltr'><strong>μόνον</strong></span> <span class='ocrx_word' id='word_1_603' title='bbox 691 4014 786 4068; x_wconf 78' lang='grc' dir='ltr'><strong>τοῦ</strong></span> <span class='ocrx_word' id='word_1_604' title='bbox 825 4013 1255 4083; x_wconf 84' lang='grc' dir='ltr'><strong>ύποδείγματος,</strong></span> <span class='ocrx_word' id='word_1_605' title='bbox 1304 4013 1446 4067; x_wconf 83' lang='grc' dir='ltr'><strong>ὥστε</strong></span> <span class='ocrx_word' id='word_1_606' title='bbox 1484 4011 1544 4066; x_wconf 76' lang='grc' dir='ltr'><strong>τὸ</strong></span> <span class='ocrx_word' id='word_1_607' title='bbox 1572 4013 1631 4066; x_wconf 76' lang='grc' dir='ltr'><strong>ἐν</strong></span> <span class='ocrx_word' id='word_1_608' title='bbox 1677 4015 1790 4076; x_wconf 85' lang='grc' dir='ltr'><strong>τοῖς</strong></span> <span class='ocrx_word' id='word_1_609' title='bbox 1837 4015 2083 4083; x_wconf 80' lang='grc' dir='ltr'><strong>ῥευστοῖς</strong></span> <span class='ocrx_word' id='word_1_610' title='bbox 2121 4009 2222 4071; x_wconf 81' lang='grc' dir='ltr'><strong>ὧδε</strong></span> <span class='ocrx_word' id='word_1_611' title='bbox 2253 4013 2341 4066; x_wconf 82' lang='grc' dir='ltr'><strong>διὰ</strong></span> <span class='ocrx_word' id='word_1_612' title='bbox 2390 4011 2482 4065; x_wconf 81' lang='grc' dir='ltr'><strong>τοῦ</strong></span> <span class='ocrx_word' id='word_1_613' title='bbox 2548 4009 2750 4080; x_wconf 83' lang='grc' dir='ltr'><strong>βάρους</strong></span> <span class='ocrx_word' id='word_1_614' title='bbox 2807 4007 3125 4078; x_wconf 88' lang='grc' dir='ltr'><strong>γινόμενον,</strong></span> <span class='ocrx_word' id='word_1_615' title='bbox 3173 4009 3266 4062; x_wconf 77' lang='grc' dir='ltr'><strong>ἐπὶ</strong></span> <span class='ocrx_word' id='word_1_616' title='bbox 3307 4007 3406 4073; x_wconf 75' lang='grc' dir='ltr'><strong>τῆς</strong></span> <span class='ocrx_word' id='word_1_617' title='bbox 3453 4005 3747 4079; x_wconf 78' lang='grc' dir='ltr'><strong>ἀνωφεροῦς</strong></span> 
     </span>
    </p>
   </div>
   <div class='ocr_carea' id='block_1_83' title="bbox 489 4099 3745 4179">
    <p class='ocr_par' dir='ltr' id='par_1_83' title="bbox 489 4099 3745 4179">
     <span class='ocr_line' id='line_1_83' title="bbox 489 4099 3745 4179; baseline -0.003 -16"><span class='ocrx_word' id='word_1_618' title='bbox 489 4110 706 4178; x_wconf 84' lang='grc' dir='ltr'><strong>φύσεως</strong></span> <span class='ocrx_word' id='word_1_619' title='bbox 761 4107 900 4160; x_wconf 86' lang='grc' dir='ltr'><strong>κατά</strong></span> <span class='ocrx_word' id='word_1_620' title='bbox 948 4106 1007 4160; x_wconf 78' lang='grc' dir='ltr'><strong>τὸ</strong></span> <span class='ocrx_word' id='word_1_621' title='bbox 1061 4105 1296 4176; x_wconf 78' lang='grc' dir='ltr'><strong>ἔμπαλιν</strong></span> <span class='ocrx_word' id='word_1_622' title='bbox 1354 4105 1648 4176; x_wconf 80' lang='grc' dir='ltr'><strong>θεωρῆσαι.</strong></span> <span class='ocrx_word' id='word_1_623' title='bbox 1708 4105 1934 4159; x_wconf 84' lang='grc' dir='ltr'><strong>Πάντων</strong></span> <span class='ocrx_word' id='word_1_624' title='bbox 1985 4107 2094 4179; x_wconf 84' lang='grc' dir='ltr'><strong>γάρ</strong></span> <span class='ocrx_word' id='word_1_625' title='bbox 2134 4104 2556 4176; x_wconf 80' lang='grc' dir='ltr'><strong>ἀναφερομένων</strong></span> <span class='ocrx_word' id='word_1_626' title='bbox 2617 4103 2722 4156; x_wconf 81' lang='grc' dir='ltr'><strong>ὑπὸ</strong></span> <span class='ocrx_word' id='word_1_627' title='bbox 2762 4103 3092 4173; x_wconf 70' lang='grc' dir='ltr'><strong>κουφότητος</strong></span> <span class='ocrx_word' id='word_1_628' title='bbox 3126 4102 3242 4171; x_wconf 82' lang='grc' dir='ltr'><strong>ἀμα</strong></span> <span class='ocrx_word' id='word_1_629' title='bbox 3290 4103 3356 4172; x_wconf 83' lang='grc' dir='ltr'><strong>τῇ</strong></span> <span class='ocrx_word' id='word_1_630' title='bbox 3405 4099 3586 4171; x_wconf 81' lang='grc' dir='ltr'><strong>πρώτῃ</strong></span> <span class='ocrx_word' id='word_1_631' title='bbox 3639 4099 3745 4153; x_wconf 87' lang='grc' dir='ltr'><strong>τῶν</strong></span> 
     </span>
    </p>
   </div>
   <div class='ocr_carea' id='block_1_84' title="bbox 487 4192 3744 4274">
    <p class='ocr_par' dir='ltr' id='par_1_84' title="bbox 487 4192 3744 4274">
     <span class='ocr_line' id='line_1_84' title="bbox 487 4192 3744 4274; baseline -0.004 -15"><span class='ocrx_word' id='word_1_632' title='bbox 487 4206 659 4259; x_wconf 69' lang='grc' dir='ltr'><strong>ὅντων</strong></span> <span class='ocrx_word' id='word_1_633' title='bbox 706 4201 1000 4272; x_wconf 79' lang='grc' dir='ltr'><strong>καταϐολῇ,</strong></span> <span class='ocrx_word' id='word_1_634' title='bbox 1042 4201 1119 4264; x_wconf 89' lang='grc' dir='ltr'><strong>ὼς</strong></span> <span class='ocrx_word' id='word_1_635' title='bbox 1163 4196 1275 4271; x_wconf 78' lang='grc' dir='ltr'><strong>εἶχε</strong></span> <span class='ocrx_word' id='word_1_636' title='bbox 1324 4201 1520 4270; x_wconf 85' lang='grc' dir='ltr'><strong>τάχους</strong></span> <span class='ocrx_word' id='word_1_637' title='bbox 1571 4199 1800 4253; x_wconf 73' lang='grc' dir='ltr'><strong>ἕκαστον</strong></span> <span class='ocrx_word' id='word_1_638' title='bbox 1857 4200 2000 4253; x_wconf 87' lang='grc' dir='ltr'><strong>κατά</strong></span> <span class='ocrx_word' id='word_1_639' title='bbox 2045 4201 2143 4274; x_wconf 78' lang='grc' dir='ltr'><strong>τὴν</strong></span> <span class='ocrx_word' id='word_1_640' title='bbox 2172 4199 2498 4270; x_wconf 83' lang='grc' dir='ltr'><strong>ὲγκειμένην</strong></span> <span class='ocrx_word' id='word_1_641' title='bbox 2525 4199 2636 4260; x_wconf 80' lang='grc' dir='ltr'><strong>τοῖς</strong></span> <span class='ocrx_word' id='word_1_642' title='bbox 2676 4198 2840 4250; x_wconf 81' lang='grc' dir='ltr'><strong>πᾶσιν</strong></span> <span class='ocrx_word' id='word_1_643' title='bbox 2868 4199 2932 4250; x_wconf 81' lang='grc' dir='ltr'><strong>ὲκ</strong></span> <span class='ocrx_word' id='word_1_644' title='bbox 2959 4195 3172 4267; x_wconf 87' lang='grc' dir='ltr'><strong>φύσεως</strong></span> <span class='ocrx_word' id='word_1_645' title='bbox 3199 4194 3445 4265; x_wconf 89' lang='grc' dir='ltr'><strong>δύναμιν,</strong></span> <span class='ocrx_word' id='word_1_646' title='bbox 3476 4192 3744 4248; x_wconf 85' lang='grc' dir='ltr'><strong>ἀκόλουθον</strong></span> 
     </span>
    </p>
   </div>
   <div class='ocr_carea' id='block_1_85' title="bbox 488 4286 3740 4370">
    <p class='ocr_par' dir='ltr' id='par_1_85' title="bbox 488 4286 3740 4370">
     <span class='ocr_line' id='line_1_85' title="bbox 488 4286 3740 4370; baseline -0.003 -20"><span class='ocrx_word' id='word_1_647' title='bbox 488 4294 557 4370; x_wconf 77' lang='grc' dir='ltr'>ἦν</span> <span class='ocrx_word' id='word_1_648' title='bbox 580 4296 660 4367; x_wconf 79' lang='grc' dir='ltr'><strong>τῷ</strong></span> <span class='ocrx_word' id='word_1_649' title='bbox 688 4293 1057 4365; x_wconf 80' lang='grc' dir='ltr'><strong>ίσοδρομοῦντι</strong></span> <span class='ocrx_word' id='word_1_650' title='bbox 1085 4293 1337 4364; x_wconf 81' lang='grc' dir='ltr'><strong>ἀλλήλοις</strong></span> <span class='ocrx_word' id='word_1_651' title='bbox 1375 4292 1551 4344; x_wconf 87' lang='grc' dir='ltr'><strong>πάντα</strong></span> <span class='ocrx_word' id='word_1_652' title='bbox 1596 4289 1942 4360; x_wconf 84' lang='grc' dir='ltr'><strong>συνδραμεῖν,</strong></span> <span class='ocrx_word' id='word_1_653' title='bbox 1973 4292 2067 4345; x_wconf 74' lang='grc' dir='ltr'><strong>καὶ</strong></span> <span class='ocrx_word' id='word_1_654' title='bbox 2095 4292 2238 4347; x_wconf 78' lang='grc' dir='ltr'><strong>οὕτω</strong></span> <span class='ocrx_word' id='word_1_655' title='bbox 2289 4289 2632 4362; x_wconf 73' lang='grc' dir='ltr'><strong>διακριθῆναι</strong></span> <span class='ocrx_word' id='word_1_656' title='bbox 2691 4287 2836 4342; x_wconf 88' lang='grc' dir='ltr'><strong>κατά</strong></span> <span class='ocrx_word' id='word_1_657' title='bbox 2867 4288 2964 4359; x_wconf 77' lang='grc' dir='ltr'><strong>τὴν</strong></span> <span class='ocrx_word' id='word_1_658' title='bbox 3001 4286 3096 4340; x_wconf 75' lang='grc' dir='ltr'><strong>τοῦ</strong></span> <span class='ocrx_word' id='word_1_659' title='bbox 3124 4287 3322 4357; x_wconf 85' lang='grc' dir='ltr'><strong>τάχους</strong></span> <span class='ocrx_word' id='word_1_660' title='bbox 3369 4286 3615 4355; x_wconf 81' lang='grc' dir='ltr'><strong>διαφορὰν</strong></span> <span class='ocrx_word' id='word_1_661' title='bbox 3648 4286 3740 4339; x_wconf 82' lang='grc' dir='ltr'><strong>ἀπ’</strong></span> 
     </span>
    </p>
   </div>
   <div class='ocr_carea' id='block_1_86' title="bbox 489 4387 2163 4464">
    <p class='ocr_par' dir='ltr' id='par_1_86' title="bbox 489 4387 2163 4464">
     <span class='ocr_line' id='line_1_86' title="bbox 489 4387 2163 4464; baseline -0.002 -16"><span class='ocrx_word' id='word_1_662' title='bbox 489 4391 755 4464; x_wconf 85' lang='grc' dir='ltr'><strong>ἀλλήλων,</strong></span> <span class='ocrx_word' id='word_1_663' title='bbox 784 4391 891 4445; x_wconf 86' lang='grc' dir='ltr'><strong>τῶν</strong></span> <span class='ocrx_word' id='word_1_664' title='bbox 935 4390 1198 4452; x_wconf 81' lang='grc' dir='ltr'><strong>ὡσαύτως</strong></span> <span class='ocrx_word' id='word_1_665' title='bbox 1227 4389 1548 4457; x_wconf 81' lang='grc' dir='ltr'><strong>πεφυκότων</strong></span> <span class='ocrx_word' id='word_1_666' title='bbox 1591 4403 1649 4439; x_wconf 88' lang='grc' dir='ltr'><strong>τε</strong></span> <span class='ocrx_word' id='word_1_667' title='bbox 1695 4388 1790 4439; x_wconf 54' lang='grc' dir='ltr'><strong>καί¹</strong></span> <span class='ocrx_word' id='word_1_668' title='bbox 1831 4387 2163 4458; x_wconf 87' lang='grc' dir='ltr'><strong>δυναμένων.</strong></span> 
     </span>
    </p>
   </div>
   <div class='ocr_carea' id='block_1_87' title="bbox 419 4477 2150 4554">
    <p class='ocr_par' dir='ltr' id='par_1_87' title="bbox 419 4477 2150 4554">
     <span class='ocr_line' id='line_1_87' title="bbox 419 4477 2150 4554; baseline -0.004 -14"><span class='ocrx_word' id='word_1_669' title='bbox 419 4549 422 4551; x_wconf 13' lang='grc' dir='ltr'><strong>Α</strong></span> <span class='ocrx_word' id='word_1_670' title='bbox 562 4483 633 4539; x_wconf 87' lang='lat' dir='ltr'><strong>Ut</strong></span> <span class='ocrx_word' id='word_1_671' title='bbox 665 4484 830 4554; x_wconf 78' lang='lat' dir='ltr'><strong>igitur</strong></span> <span class='ocrx_word' id='word_1_672' title='bbox 861 4483 914 4536; x_wconf 90' lang='lat' dir='ltr'><strong>in</strong></span> <span class='ocrx_word' id='word_1_673' title='bbox 949 4480 1199 4551; x_wconf 81' lang='lat' dir='ltr'><strong>exemplo</strong></span> <span class='ocrx_word' id='word_1_674' title='bbox 1239 4479 1522 4549; x_wconf 83' lang='lat' dir='ltr'><strong>preposito</strong></span> <span class='ocrx_word' id='word_1_675' title='bbox 1569 4492 1750 4532; x_wconf 89' lang='lat' dir='ltr'><strong>rerum</strong></span> <span class='ocrx_word' id='word_1_676' title='bbox 1787 4477 2071 4534; x_wconf 79' lang='lat' dir='ltr'><strong>ﬂuentium</strong></span> <span class='ocrx_word' id='word_1_677' title='bbox 2106 4485 2150 4539; x_wconf 92' lang='lat' dir='ltr'><strong>D</strong></span> 
     </span>
    </p>
   </div>
   <div class='ocr_carea' id='block_1_88' title="bbox 494 4567 2079 4642">
    <p class='ocr_par' dir='ltr' id='par_1_88' title="bbox 494 4567 2079 4642">
     <span class='ocr_line' id='line_1_88' title="bbox 494 4567 2079 4642; baseline -0.004 -12"><span class='ocrx_word' id='word_1_678' title='bbox 494 4577 726 4630; x_wconf 70' lang='lat' dir='ltr'><strong>secretio</strong></span> <span class='ocrx_word' id='word_1_679' title='bbox 749 4581 802 4628; x_wconf 87' lang='lat' dir='ltr'><strong>et</strong></span> <span class='ocrx_word' id='word_1_680' title='bbox 831 4571 1106 4642; x_wconf 89' lang='lat' dir='ltr'><strong>separatio</strong></span> <span class='ocrx_word' id='word_1_681' title='bbox 1130 4569 1416 4624; x_wconf 90' lang='lat' dir='ltr'><strong>materiam</strong></span> <span class='ocrx_word' id='word_1_682' title='bbox 1450 4567 1782 4640; x_wconf 83' lang='lat' dir='ltr'><strong>singularem</strong></span> <span class='ocrx_word' id='word_1_683' title='bbox 1812 4583 1919 4622; x_wconf 93' lang='lat' dir='ltr'><strong>non</strong></span> <span class='ocrx_word' id='word_1_684' title='bbox 1951 4583 2079 4623; x_wconf 89' lang='lat' dir='ltr'><strong>con-</strong></span> 
     </span>
    </p>
   </div>
   <div class='ocr_carea' id='block_1_89' title="bbox 495 4659 2080 4733">
    <p class='ocr_par' dir='ltr' id='par_1_89' title="bbox 495 4659 2080 4733">
     <span class='ocr_line' id='line_1_89' title="bbox 495 4659 2080 4733; baseline -0.004 -10"><span class='ocrx_word' id='word_1_685' title='bbox 495 4668 692 4728; x_wconf 80' lang='lat' dir='ltr'><strong>stituit,</strong></span> <span class='ocrx_word' id='word_1_686' title='bbox 722 4665 817 4720; x_wconf 78' lang='lat' dir='ltr'><strong>scd</strong></span> <span class='ocrx_word' id='word_1_687' title='bbox 844 4665 958 4733; x_wconf 90' lang='lat' dir='ltr'><strong>jam</strong></span> <span class='ocrx_word' id='word_1_688' title='bbox 990 4663 1187 4716; x_wconf 76' lang='lat' dir='ltr'><strong>factam</strong></span> <span class='ocrx_word' id='word_1_689' title='bbox 1211 4659 1486 4725; x_wconf 82' lang='lat' dir='ltr'><strong>distinxit,</strong></span> <span class='ocrx_word' id='word_1_690' title='bbox 1519 4661 1945 4731; x_wconf 86' lang='lat' dir='ltr'><strong>distinctamque</strong></span> <span class='ocrx_word' id='word_1_691' title='bbox 1983 4663 2080 4718; x_wconf 87' lang='lat' dir='ltr'><strong>de-</strong></span> 
     </span>
    </p>
   </div>
   <div class='ocr_carea' id='block_1_90' title="bbox 494 4752 2080 4823">
    <p class='ocr_par' dir='ltr' id='par_1_90' title="bbox 494 4752 2080 4823">
     <span class='ocr_line' id='line_1_90' title="bbox 494 4752 2080 4823; baseline -0.002 -11"><span class='ocrx_word' id='word_1_692' title='bbox 494 4757 865 4812; x_wconf 87' lang='lat' dir='ltr'><strong>monstravit:</strong></span> <span class='ocrx_word' id='word_1_693' title='bbox 904 4755 984 4810; x_wconf 87' lang='lat' dir='ltr'><strong>sic</strong></span> <span class='ocrx_word' id='word_1_694' title='bbox 1013 4755 1069 4808; x_wconf 88' lang='lat' dir='ltr'><strong>in</strong></span> <span class='ocrx_word' id='word_1_695' title='bbox 1118 4753 1286 4807; x_wconf 82' lang='lat' dir='ltr'><strong>trium</strong></span> <span class='ocrx_word' id='word_1_696' title='bbox 1317 4752 1528 4808; x_wconf 88' lang='lat' dir='ltr'><strong>dierum</strong></span> <span class='ocrx_word' id='word_1_697' title='bbox 1565 4754 1743 4823; x_wconf 86' lang='lat' dir='ltr'><strong>spatio</strong></span> <span class='ocrx_word' id='word_1_698' title='bbox 1799 4753 2080 4809; x_wconf 90' lang='lat' dir='ltr'><strong>illustrans</strong></span> 
     </span>
    </p>
   </div>
   <div class='ocr_carea' id='block_1_91' title="bbox 497 4845 2080 4917">
    <p class='ocr_par' dir='ltr' id='par_1_91' title="bbox 497 4845 2080 4917">
     <span class='ocr_line' id='line_1_91' title="bbox 497 4845 2080 4917; baseline -0.003 -13"><span class='ocrx_word' id='word_1_699' title='bbox 497 4849 633 4904; x_wconf 87' lang='lat' dir='ltr'><strong>solis</strong></span> <span class='ocrx_word' id='word_1_700' title='bbox 657 4855 872 4915; x_wconf 88' lang='lat' dir='ltr'><strong>natura,</strong></span> <span class='ocrx_word' id='word_1_701' title='bbox 901 4855 1256 4917; x_wconf 87' lang='lat' dir='ltr'><strong>potestasque</strong></span> <span class='ocrx_word' id='word_1_702' title='bbox 1293 4845 1432 4900; x_wconf 79' lang='lat' dir='ltr'><strong>facta</strong></span> <span class='ocrx_word' id='word_1_703' title='bbox 1462 4861 1569 4900; x_wconf 92' lang='lat' dir='ltr'><strong>non</strong></span> <span class='ocrx_word' id='word_1_704' title='bbox 1603 4852 1709 4910; x_wconf 85' lang='lat' dir='ltr'><strong>est,</strong></span> <span class='ocrx_word' id='word_1_705' title='bbox 1739 4845 1832 4901; x_wconf 89' lang='lat' dir='ltr'><strong>sed</strong></span> <span class='ocrx_word' id='word_1_706' title='bbox 1869 4861 1992 4900; x_wconf 91' lang='lat' dir='ltr'><strong>cum</strong></span> <span class='ocrx_word' id='word_1_707' title='bbox 2025 4845 2080 4900; x_wconf 91' lang='lat' dir='ltr'><strong>in</strong></span> 
     </span>
    </p>
   </div>
   <div class='ocr_carea' id='block_1_92' title="bbox 499 4937 2086 5001">
    <p class='ocr_par' dir='ltr' id='par_1_92' title="bbox 499 4937 2086 5001">
     <span class='ocr_line' id='line_1_92' title="bbox 499 4937 2086 5001; baseline -0.001 -8"><span class='ocrx_word' id='word_1_708' title='bbox 499 4940 854 4993; x_wconf 83' lang='lat' dir='ltr'><strong>universitate</strong></span> <span class='ocrx_word' id='word_1_709' title='bbox 905 4953 1090 4992; x_wconf 87' lang='lat' dir='ltr'><strong>rerum</strong></span> <span class='ocrx_word' id='word_1_710' title='bbox 1137 4937 1331 4994; x_wconf 77' lang='lat' dir='ltr'><strong>dill&#39;usa</strong></span> <span class='ocrx_word' id='word_1_711' title='bbox 1362 4945 1527 5001; x_wconf 87' lang='lat' dir='ltr'><strong>esset,</strong></span> <span class='ocrx_word' id='word_1_712' title='bbox 1565 4937 1728 4991; x_wconf 92' lang='lat' dir='ltr'><strong>simul</strong></span> <span class='ocrx_word' id='word_1_713' title='bbox 1780 4943 1973 4989; x_wconf 82' lang='lat' dir='ltr'><strong>coacta</strong></span> <span class='ocrx_word' id='word_1_714' title='bbox 2001 4946 2086 4991; x_wconf 92' lang='lat' dir='ltr'><strong>est</strong></span> 
     </span>
    </p>
   </div>
   <div class='ocr_carea' id='block_1_93' title="bbox 499 5026 2083 5099">
    <p class='ocr_par' dir='ltr' id='par_1_93' title="bbox 499 5026 2083 5099">
     <span class='ocr_line' id='line_1_93' title="bbox 499 5026 2083 5099; baseline -0.006 -11"><span class='ocrx_word' id='word_1_715' title='bbox 499 5042 555 5088; x_wconf 86' lang='lat' dir='ltr'><strong>et</strong></span> <span class='ocrx_word' id='word_1_716' title='bbox 606 5031 919 5099; x_wconf 89' lang='lat' dir='ltr'><strong>conjuncta.</strong></span> <span class='ocrx_word' id='word_1_717' title='bbox 956 5027 1014 5084; x_wconf 87' lang='lat' dir='ltr'><strong>Si</strong></span> <span class='ocrx_word' id='word_1_718' title='bbox 1048 5029 1171 5098; x_wconf 90' lang='lat' dir='ltr'><strong>quis</strong></span> <span class='ocrx_word' id='word_1_719' title='bbox 1198 5039 1377 5083; x_wconf 88' lang='lat' dir='ltr'><strong>autem</strong></span> <span class='ocrx_word' id='word_1_720' title='bbox 1409 5042 1438 5080; x_wconf 90' lang='lat' dir='ltr'><strong>a</strong></span> <span class='ocrx_word' id='word_1_721' title='bbox 1473 5027 1632 5083; x_wconf 89' lang='lat' dir='ltr'><strong>nobis</strong></span> <span class='ocrx_word' id='word_1_722' title='bbox 1661 5034 1716 5082; x_wconf 90' lang='lat' dir='ltr'><strong>et</strong></span> <span class='ocrx_word' id='word_1_723' title='bbox 1768 5027 1916 5082; x_wconf 88' lang='lat' dir='ltr'><strong>tertii</strong></span> <span class='ocrx_word' id='word_1_724' title='bbox 1957 5026 2083 5081; x_wconf 73' lang='lat' dir='ltr'><strong>cmli</strong></span> 
     </span>
    </p>
   </div>
   <div class='ocr_carea' id='block_1_94' title="bbox 503 5117 2086 5192">
    <p class='ocr_par' dir='ltr' id='par_1_94' title="bbox 503 5117 2086 5192">
     <span class='ocr_line' id='line_1_94' title="bbox 503 5117 2086 5192; baseline -0.003 -15"><span class='ocrx_word' id='word_1_725' title='bbox 503 5124 776 5177; x_wconf 85' lang='lat' dir='ltr'><strong>rationem</strong></span> <span class='ocrx_word' id='word_1_726' title='bbox 831 5125 1000 5191; x_wconf 86' lang='lat' dir='ltr'><strong>petat,</strong></span> <span class='ocrx_word' id='word_1_727' title='bbox 1066 5121 1214 5192; x_wconf 92' lang='lat' dir='ltr'><strong>quod</strong></span> <span class='ocrx_word' id='word_1_728' title='bbox 1277 5117 1456 5176; x_wconf 88' lang='lat' dir='ltr'><strong>Moses</strong></span> <span class='ocrx_word' id='word_1_729' title='bbox 1513 5135 1623 5175; x_wconf 87' lang='lat' dir='ltr'><strong>non</strong></span> <span class='ocrx_word' id='word_1_730' title='bbox 1685 5119 1930 5189; x_wconf 79' lang='lat' dir='ltr'><strong>scripsit,</strong></span> <span class='ocrx_word' id='word_1_731' title='bbox 1989 5118 2086 5173; x_wconf 88' lang='lat' dir='ltr'><strong>sed</strong></span> 
     </span>
    </p>
   </div>
   <div class='ocr_carea' id='block_1_95' title="bbox 505 5210 2089 5283">
    <p class='ocr_par' dir='ltr' id='par_1_95' title="bbox 505 5210 2089 5283">
     <span class='ocr_line' id='line_1_95' title="bbox 505 5210 2089 5283; baseline -0.003 -16"><span class='ocrx_word' id='word_1_732' title='bbox 505 5213 708 5268; x_wconf 79' lang='lat' dir='ltr'><strong>Paulus</strong></span> <span class='ocrx_word' id='word_1_733' title='bbox 735 5213 892 5277; x_wconf 85' lang='lat' dir='ltr'><strong>vidit,</strong></span> <span class='ocrx_word' id='word_1_734' title='bbox 915 5220 970 5267; x_wconf 89' lang='lat' dir='ltr'><strong>et</strong></span> <span class='ocrx_word' id='word_1_735' title='bbox 996 5215 1051 5267; x_wconf 91' lang='lat' dir='ltr'><strong>in</strong></span> <span class='ocrx_word' id='word_1_736' title='bbox 1087 5215 1206 5283; x_wconf 83' lang='lat' dir='ltr'><strong>ipso</strong></span> <span class='ocrx_word' id='word_1_737' title='bbox 1231 5222 1486 5280; x_wconf 87' lang='lat' dir='ltr'><strong>tanquam</strong></span> <span class='ocrx_word' id='word_1_738' title='bbox 1519 5212 1572 5266; x_wconf 92' lang='lat' dir='ltr'><strong>in</strong></span> <span class='ocrx_word' id='word_1_739' title='bbox 1603 5211 1780 5282; x_wconf 85' lang='lat' dir='ltr'><strong>adytis</strong></span> <span class='ocrx_word' id='word_1_740' title='bbox 1805 5210 2089 5281; x_wconf 74' lang='lat' dir='ltr'><strong>sapientiae</strong></span> 
     </span>
    </p>
   </div>
   <div class='ocr_carea' id='block_1_96' title="bbox 507 5277 2061 5370">
    <p class='ocr_par' dir='ltr' id='par_1_96' title="bbox 507 5298 2061 5370">
     <span class='ocr_line' id='line_1_96' title="bbox 507 5298 2061 5370; baseline -0.008 -12"><span class='ocrx_word' id='word_1_741' title='bbox 507 5305 819 5358; x_wconf 80' lang='lat' dir='ltr'><strong>consistens</strong></span> <span class='ocrx_word' id='word_1_742' title='bbox 849 5317 1050 5357; x_wconf 87' lang='lat' dir='ltr'><strong>arcana</strong></span> <span class='ocrx_word' id='word_1_743' title='bbox 1084 5301 1292 5355; x_wconf 89' lang='lat' dir='ltr'><strong>audivit</strong></span> <span class='ocrx_word' id='word_1_744' title='bbox 1316 5301 1382 5366; x_wconf 78' lang='grc'><strong>³⁵,</strong></span> <span class='ocrx_word' id='word_1_745' title='bbox 1428 5301 1499 5354; x_wconf 74' lang='lat' dir='ltr'><strong>ab</strong></span> <span class='ocrx_word' id='word_1_746' title='bbox 1538 5300 1648 5354; x_wconf 91' lang='lat' dir='ltr'><strong>illis</strong></span> <span class='ocrx_word' id='word_1_747' title='bbox 1693 5314 1814 5370; x_wconf 70' lang='lat' dir='ltr'><strong>qua:</strong></span> <span class='ocrx_word' id='word_1_748' title='bbox 1843 5298 2061 5366; x_wconf 71' lang='lat' dir='ltr'><strong>exposit:</strong></span> 
     </span>
    </p>
   </div>
   <div class='ocr_carea' id='block_1_97' title="bbox 2179 5277 3725 5370">
    <p class='ocr_par' dir='ltr' id='par_1_97' title="bbox 2198 5277 3725 5360">
     <span class='ocr_line' id='line_1_97' title="bbox 2198 5277 3725 5360; baseline -0.012 -15"><span class='ocrx_word' id='word_1_749' title='bbox 2198 5287 2455 5360; x_wconf 56' lang='grc' dir='ltr'><strong>ἔγραψα,</strong></span> <span class='ocrx_word' id='word_1_750' title='bbox 2487 5284 2697 5346; x_wconf 80' lang='grc' dir='ltr'><strong>Παῦλος</strong></span> <span class='ocrx_word' id='word_1_751' title='bbox 2723 5283 2779 5334; x_wconf 84' lang='grc' dir='ltr'><strong>δὲ</strong></span> <span class='ocrx_word' id='word_1_752' title='bbox 2829 5278 2988 5344; x_wconf 72' lang='grc' dir='ltr'><strong>εἶδεν,</strong></span> <span class='ocrx_word' id='word_1_753' title='bbox 3027 5281 3122 5332; x_wconf 74' lang='grc' dir='ltr'><strong>καὶ</strong></span> <span class='ocrx_word' id='word_1_754' title='bbox 3149 5279 3208 5332; x_wconf 85' lang='grc' dir='ltr'><strong>ὲν</strong></span> <span class='ocrx_word' id='word_1_755' title='bbox 3237 5278 3384 5349; x_wconf 82' lang='grc' dir='ltr'><strong>αὐτῷ</strong></span> <span class='ocrx_word' id='word_1_756' title='bbox 3424 5277 3641 5348; x_wconf 83' lang='grc' dir='ltr'><strong>καθάπερ</strong></span> <span class='ocrx_word' id='word_1_757' title='bbox 3676 5279 3725 5332; x_wconf 79' lang='grc' dir='ltr'><strong>ἐν</strong></span> 
     </span>
    </p>
   </div>
   <div class='ocr_carea' id='block_1_98' title="bbox 511 5369 2061 5459">
    <p class='ocr_par' dir='ltr' id='par_1_98' title="bbox 511 5385 2056 5459">
     <span class='ocr_line' id='line_1_98' title="bbox 511 5385 2056 5459; baseline -0.008 -11"><span class='ocrx_word' id='word_1_758' title='bbox 511 5402 659 5459; x_wconf 76' lang='lat' dir='ltr'><strong>sunt,</strong></span> <span class='ocrx_word' id='word_1_759' title='bbox 688 5394 910 5449; x_wconf 90' lang='lat' dir='ltr'><strong>tertium</strong></span> <span class='ocrx_word' id='word_1_760' title='bbox 967 5392 1100 5446; x_wconf 86' lang='lat' dir='ltr'><strong>illud</strong></span> <span class='ocrx_word' id='word_1_761' title='bbox 1132 5392 1331 5447; x_wconf 66' lang='lat' dir='ltr'><strong>celum</strong></span> <span class='ocrx_word' id='word_1_762' title='bbox 1365 5407 1472 5445; x_wconf 80' lang='lat' dir='ltr'><strong>non</strong></span> <span class='ocrx_word' id='word_1_763' title='bbox 1506 5391 1698 5445; x_wconf 87' lang='lat' dir='ltr'><strong>abesse</strong></span> <span class='ocrx_word' id='word_1_764' title='bbox 1730 5385 2056 5456; x_wconf 69' lang='grc' dir='ltr'><strong>’θερσιιύεοί</strong></span> 
     </span>
    </p>
   </div>
   <div class='ocr_carea' id='block_1_99' title="bbox 2179 5369 3724 5459">
    <p class='ocr_par' dir='ltr' id='par_1_99' title="bbox 2199 5369 3724 5445">
     <span class='ocr_line' id='line_1_99' title="bbox 2199 5369 3724 5445; baseline -0.009 -11"><span class='ocrx_word' id='word_1_765' title='bbox 2199 5379 2413 5441; x_wconf 83' lang='grc' dir='ltr'><strong>ἀδύτοις</strong></span> <span class='ocrx_word' id='word_1_766' title='bbox 2441 5377 2552 5430; x_wconf 69' lang='grc' dir='ltr'><strong>τισὶ</strong></span> <span class='ocrx_word' id='word_1_767' title='bbox 2573 5375 2674 5445; x_wconf 81' lang='grc' dir='ltr'><strong>τῆς</strong></span> <span class='ocrx_word' id='word_1_768' title='bbox 2695 5373 2887 5440; x_wconf 83' lang='grc' dir='ltr'><strong>σοφίας</strong></span> <span class='ocrx_word' id='word_1_769' title='bbox 2906 5371 3217 5440; x_wconf 86' lang='grc' dir='ltr'><strong>γενόμενος,</strong></span> <span class='ocrx_word' id='word_1_770' title='bbox 3244 5371 3354 5424; x_wconf 82' lang='grc' dir='ltr'><strong>τῶν</strong></span> <span class='ocrx_word' id='word_1_771' title='bbox 3388 5370 3612 5441; x_wconf 75' lang='grc' dir='ltr'><strong>ἀρρήτων</strong></span> <span class='ocrx_word' id='word_1_772' title='bbox 3649 5369 3724 5420; x_wconf 85' lang='grc' dir='ltr'><strong>ὲπ-</strong></span> 
     </span>
    </p>
   </div>
   <div class='ocr_carea' id='block_1_100' title="bbox 414 5459 2061 5553">
    <p class='ocr_par' dir='ltr' id='par_1_100' title="bbox 414 5475 2060 5553">
     <span class='ocr_line' id='line_1_100' title="bbox 414 5475 2060 5553; baseline -0.007 -14"><span class='ocrx_word' id='word_1_773' title='bbox 414 5478 419 5480; x_wconf 63' lang='grc'><em>’</em></span> <span class='ocrx_word' id='word_1_774' title='bbox 513 5502 654 5542; x_wconf 89' lang='lat' dir='ltr'><strong>mus.</strong></span> <span class='ocrx_word' id='word_1_775' title='bbox 708 5485 937 5540; x_wconf 79' lang='lat' dir='ltr'><strong>Videtur</strong></span> <span class='ocrx_word' id='word_1_776' title='bbox 965 5485 1108 5538; x_wconf 78' lang='lat' dir='ltr'><strong>enim</strong></span> <span class='ocrx_word' id='word_1_777' title='bbox 1163 5483 1296 5537; x_wconf 85' lang='lat' dir='ltr'><strong>mibi</strong></span> <span class='ocrx_word' id='word_1_778' title='bbox 1335 5495 1564 5553; x_wconf 82' lang='lat' dir='ltr'><strong>magnus</strong></span> <span class='ocrx_word' id='word_1_779' title='bbox 1599 5481 1759 5536; x_wconf 88' lang='lat' dir='ltr'><strong>etiam</strong></span> <span class='ocrx_word' id='word_1_780' title='bbox 1799 5475 2060 5547; x_wconf 78' lang='lat' dir='ltr'><strong>Apostolu</strong></span> 
     </span>
    </p>
   </div>
   <div class='ocr_carea' id='block_1_101' title="bbox 2179 5459 3726 5553">
    <p class='ocr_par' dir='ltr' id='par_1_101' title="bbox 2199 5459 3726 5544">
     <span class='ocr_line' id='line_1_101' title="bbox 2199 5459 3726 5544; baseline -0.01 -17"><span class='ocrx_word' id='word_1_781' title='bbox 2199 5471 2536 5544; x_wconf 83' lang='grc' dir='ltr'><strong>ηκροάσατο,</strong></span> <span class='ocrx_word' id='word_1_782' title='bbox 2558 5465 2716 5520; x_wconf 77' lang='grc' dir='ltr'><strong>τοῦτό</strong></span> <span class='ocrx_word' id='word_1_783' title='bbox 2746 5479 2946 5535; x_wconf 87' lang='grc' dir='ltr'><strong>φαμεν,</strong></span> <span class='ocrx_word' id='word_1_784' title='bbox 2971 5462 3054 5515; x_wconf 82' lang='grc' dir='ltr'><strong>ὅτι</strong></span> <span class='ocrx_word' id='word_1_785' title='bbox 3085 5461 3186 5515; x_wconf 79' lang='grc' dir='ltr'><strong>οὐκ</strong></span> <span class='ocrx_word' id='word_1_786' title='bbox 3215 5462 3319 5527; x_wconf 75' lang='grc' dir='ltr'><strong>ἔξω</strong></span> <span class='ocrx_word' id='word_1_787' title='bbox 3340 5461 3448 5516; x_wconf 87' lang='grc' dir='ltr'>τῶν</span> <span class='ocrx_word' id='word_1_788' title='bbox 3473 5459 3726 5533; x_wconf 76' lang='grc' dir='ltr'><strong>ἐξητασμέρ</strong></span> 
     </span>
    </p>
   </div>
   <div class='ocr_carea' id='block_1_102' title="bbox 2251 4465 3735 4546">
    <p class='ocr_par' dir='ltr' id='par_1_102' title="bbox 2251 4465 3735 4546">
     <span class='ocr_line' id='line_1_102' title="bbox 2251 4465 3735 4546; baseline -0.007 -16"><span class='ocrx_word' id='word_1_789' title='bbox 2251 4478 2463 4546; x_wconf 82' lang='grc' dir='ltr'><strong>Ὥσπερ</strong></span> <span class='ocrx_word' id='word_1_790' title='bbox 2509 4469 2601 4528; x_wconf 77' lang='grc' dir='ltr'><strong>οὖν</strong></span> <span class='ocrx_word' id='word_1_791' title='bbox 2664 4470 2759 4524; x_wconf 68' lang='grc' dir='ltr'><strong>ἐπὶ</strong></span> <span class='ocrx_word' id='word_1_792' title='bbox 2819 4469 2911 4523; x_wconf 77' lang='grc' dir='ltr'><strong>τοῦ</strong></span> <span class='ocrx_word' id='word_1_793' title='bbox 2953 4469 3350 4539; x_wconf 76' lang='grc' dir='ltr'><strong>ύπςδείγματος</strong></span> <span class='ocrx_word' id='word_1_794' title='bbox 3407 4467 3439 4538; x_wconf 80' lang='grc' dir='ltr'>ἡ</span> <span class='ocrx_word' id='word_1_795' title='bbox 3497 4465 3594 4521; x_wconf 84' lang='grc' dir='ltr'><strong>τῶν</strong></span> <span class='ocrx_word' id='word_1_796' title='bbox 3624 4467 3735 4538; x_wconf 64' lang='grc' dir='ltr'><strong>ρευηι</strong></span> 
     </span>
    </p>
   </div>
   <div class='ocr_carea' id='block_1_103' title="bbox 2188 4556 3738 4633">
    <p class='ocr_par' dir='ltr' id='par_1_103' title="bbox 2188 4556 3738 4633">
     <span class='ocr_line' id='line_1_103' title="bbox 2188 4556 3738 4633; baseline -0.012 -9"><span class='ocrx_word' id='word_1_797' title='bbox 2188 4569 2328 4624; x_wconf 85' lang='grc' dir='ltr'><strong>στῶν</strong></span> <span class='ocrx_word' id='word_1_798' title='bbox 2349 4566 2553 4620; x_wconf 85' lang='grc' dir='ltr'><strong>τούτων</strong></span> <span class='ocrx_word' id='word_1_799' title='bbox 2583 4564 2853 4633; x_wconf 88' lang='grc' dir='ltr'><strong>διάκρισις</strong></span> <span class='ocrx_word' id='word_1_800' title='bbox 2893 4560 2993 4612; x_wconf 78' lang='grc' dir='ltr'>οὐκ</span> <span class='ocrx_word' id='word_1_801' title='bbox 3031 4561 3255 4630; x_wconf 63' lang='grc' dir='ltr'><strong>ἐποίησε</strong></span> <span class='ocrx_word' id='word_1_802' title='bbox 3289 4557 3378 4612; x_wconf 88' lang='grc' dir='ltr'><strong>διά</strong></span> <span class='ocrx_word' id='word_1_803' title='bbox 3419 4557 3513 4627; x_wconf 84' lang='grc' dir='ltr'><strong>τῆς</strong></span> <span class='ocrx_word' id='word_1_804' title='bbox 3547 4556 3738 4610; x_wconf 82' lang='grc' dir='ltr'><strong>διαστο-</strong></span> 
     </span>
    </p>
   </div>
   <div class='ocr_carea' id='block_1_104' title="bbox 2184 4643 3734 4729">
    <p class='ocr_par' dir='ltr' id='par_1_104' title="bbox 2184 4643 3734 4729">
     <span class='ocr_line' id='line_1_104' title="bbox 2184 4643 3734 4729; baseline -0.01 -17"><span class='ocrx_word' id='word_1_805' title='bbox 2184 4659 2286 4729; x_wconf 87' lang='grc' dir='ltr'><strong>λῆς</strong></span> <span class='ocrx_word' id='word_1_806' title='bbox 2309 4656 2408 4719; x_wconf 85' lang='grc' dir='ltr'><strong>τὰς</strong></span> <span class='ocrx_word' id='word_1_807' title='bbox 2435 4654 2588 4718; x_wconf 75' lang='grc' dir='ltr'><strong>ὕλας,</strong></span> <span class='ocrx_word' id='word_1_808' title='bbox 2618 4652 2880 4714; x_wconf 74' lang='grc' dir='ltr'><strong>ἀλλάτάς</strong></span> <span class='ocrx_word' id='word_1_809' title='bbox 2914 4648 3286 4719; x_wconf 80' lang='grc' dir='ltr'><strong>γεγενημένας</strong></span> <span class='ocrx_word' id='word_1_810' title='bbox 3308 4646 3402 4700; x_wconf 69' lang='grc' dir='ltr'><strong>καὶ</strong></span> <span class='ocrx_word' id='word_1_811' title='bbox 3431 4648 3485 4699; x_wconf 80' lang='grc' dir='ltr'>ἐν</span> <span class='ocrx_word' id='word_1_812' title='bbox 3507 4643 3734 4716; x_wconf 82' lang='grc' dir='ltr'><strong>ἀλλήλαις</strong></span> 
     </span>
    </p>
   </div>
   <div class='ocr_carea' id='block_1_105' title="bbox 2187 4736 3734 4820">
    <p class='ocr_par' dir='ltr' id='par_1_105' title="bbox 2187 4736 3734 4820">
     <span class='ocr_line' id='line_1_105' title="bbox 2187 4736 3734 4820; baseline -0.009 -17"><span class='ocrx_word' id='word_1_813' title='bbox 2187 4747 2492 4820; x_wconf 84' lang='grc' dir='ltr'><strong>κεχυμένας</strong></span> <span class='ocrx_word' id='word_1_814' title='bbox 2538 4742 2796 4815; x_wconf 87' lang='grc' dir='ltr'><strong>καθαρῶς</strong></span> <span class='ocrx_word' id='word_1_815' title='bbox 2832 4742 3070 4811; x_wconf 80' lang='grc' dir='ltr'><strong>ἑκάστην</strong></span> <span class='ocrx_word' id='word_1_816' title='bbox 3096 4741 3202 4792; x_wconf 68' lang='grc' dir='ltr'><strong>ἀτιο</strong></span> <span class='ocrx_word' id='word_1_817' title='bbox 3239 4740 3336 4809; x_wconf 80' lang='grc' dir='ltr'><strong>τῆς</strong></span> <span class='ocrx_word' id='word_1_818' title='bbox 3365 4737 3524 4808; x_wconf 76' lang='grc' dir='ltr'><strong>ἄλλης</strong></span> <span class='ocrx_word' id='word_1_819' title='bbox 3549 4736 3734 4806; x_wconf 85' lang='grc' dir='ltr'><strong>διακρι-</strong></span> 
     </span>
    </p>
   </div>
   <div class='ocr_carea' id='block_1_106' title="bbox 2189 4825 3729 4899">
    <p class='ocr_par' dir='ltr' id='par_1_106' title="bbox 2189 4825 3729 4899">
     <span class='ocr_line' id='line_1_106' title="bbox 2189 4825 3729 4899; baseline -0.006 -9"><span class='ocrx_word' id='word_1_820' title='bbox 2189 4837 2373 4891; x_wconf 89' lang='grc' dir='ltr'><strong>θεῖσαν</strong></span> <span class='ocrx_word' id='word_1_821' title='bbox 2420 4831 2709 4898; x_wconf 78' lang='grc' dir='ltr'><strong>ἀνέδειξεν⁰</strong></span> <span class='ocrx_word' id='word_1_822' title='bbox 2747 4829 2891 4883; x_wconf 69' lang='grc' dir='ltr'><strong>οὕτω</strong></span> <span class='ocrx_word' id='word_1_823' title='bbox 2928 4829 3023 4883; x_wconf 75' lang='grc' dir='ltr'><strong>καὶ</strong></span> <span class='ocrx_word' id='word_1_824' title='bbox 3065 4827 3201 4898; x_wconf 86' lang='grc' dir='ltr'><strong>μετά</strong></span> <span class='ocrx_word' id='word_1_825' title='bbox 3242 4827 3303 4880; x_wconf 83' lang='grc' dir='ltr'>τὸ</span> <span class='ocrx_word' id='word_1_826' title='bbox 3335 4829 3609 4899; x_wconf 66' lang='grc' dir='ltr'><strong>τριήμερωι</strong></span> <span class='ocrx_word' id='word_1_827' title='bbox 3645 4825 3729 4880; x_wconf 78' lang='grc' dir='ltr'><strong>τοῦ</strong></span> 
     </span>
    </p>
   </div>
   <div class='ocr_carea' id='block_1_107' title="bbox 2186 4917 3726 5001">
    <p class='ocr_par' dir='ltr' id='par_1_107' title="bbox 2186 4917 3726 5001">
     <span class='ocr_line' id='line_1_107' title="bbox 2186 4917 3726 5001; baseline -0.008 -19"><span class='ocrx_word' id='word_1_828' title='bbox 2186 4929 2380 5001; x_wconf 88' lang='grc' dir='ltr'><strong>χρόνου</strong></span> <span class='ocrx_word' id='word_1_829' title='bbox 2402 4925 2677 4995; x_wconf 86' lang='grc' dir='ltr'><strong>διάστημα</strong></span> <span class='ocrx_word' id='word_1_830' title='bbox 2706 4922 2828 4994; x_wconf 78' lang='grc' dir='ltr'><strong>οὐχ.</strong></span> <span class='ocrx_word' id='word_1_831' title='bbox 2850 4922 3066 4989; x_wconf 79' lang='grc' dir='ltr'><strong>ἐγένετο</strong></span> <span class='ocrx_word' id='word_1_832' title='bbox 3091 4923 3124 4990; x_wconf 85' lang='grc' dir='ltr'>ὴ</span> <span class='ocrx_word' id='word_1_833' title='bbox 3156 4919 3456 4990; x_wconf 77' lang='grc' dir='ltr'><strong>φωτιστικὴ</strong></span> <span class='ocrx_word' id='word_1_834' title='bbox 3487 4918 3567 4970; x_wconf 84' lang='grc' dir='ltr'><strong>τοῦ</strong></span> <span class='ocrx_word' id='word_1_835' title='bbox 3592 4917 3726 4988; x_wconf 82' lang='grc' dir='ltr'><strong>ἡλίου</strong></span> 
     </span>
    </p>
   </div>
   <div class='ocr_carea' id='block_1_108' title="bbox 2190 5009 3727 5090">
    <p class='ocr_par' dir='ltr' id='par_1_108' title="bbox 2190 5009 3727 5090">
     <span class='ocr_line' id='line_1_108' title="bbox 2190 5009 3727 5090; baseline -0.008 -17"><span class='ocrx_word' id='word_1_836' title='bbox 2190 5020 2353 5090; x_wconf 88' lang='grc' dir='ltr'><strong>φύσις</strong></span> <span class='ocrx_word' id='word_1_837' title='bbox 2389 5016 2484 5070; x_wconf 79' lang='grc' dir='ltr'><strong>καὶ</strong></span> <span class='ocrx_word' id='word_1_838' title='bbox 2522 5015 2770 5084; x_wconf 84' lang='grc' dir='ltr'><strong>δύναμις,</strong></span> <span class='ocrx_word' id='word_1_839' title='bbox 2815 5012 2949 5066; x_wconf 89' lang='grc' dir='ltr'><strong>ἀλλά</strong></span> <span class='ocrx_word' id='word_1_840' title='bbox 2981 5010 3348 5080; x_wconf 80' lang='grc' dir='ltr'><strong>διακεχυμένη</strong></span> <span class='ocrx_word' id='word_1_841' title='bbox 3390 5009 3520 5078; x_wconf 84' lang='grc' dir='ltr'><strong>πρὸς</strong></span> <span class='ocrx_word' id='word_1_842' title='bbox 3552 5009 3602 5062; x_wconf 87' lang='grc' dir='ltr'><strong>τὺ</strong></span> <span class='ocrx_word' id='word_1_843' title='bbox 3634 5010 3727 5062; x_wconf 76' lang='grc' dir='ltr'><strong>πᾶν</strong></span> 
     </span>
    </p>
   </div>
   <div class='ocr_carea' id='block_1_109' title="bbox 2193 5099 3728 5182">
    <p class='ocr_par' dir='ltr' id='par_1_109' title="bbox 2193 5099 3728 5182">
     <span class='ocr_line' id='line_1_109' title="bbox 2193 5099 3728 5182; baseline -0.007 -19"><span class='ocrx_word' id='word_1_844' title='bbox 2193 5110 2331 5182; x_wconf 75' lang='grc' dir='ltr'><strong>πρὸς</strong></span> <span class='ocrx_word' id='word_1_845' title='bbox 2362 5106 2530 5178; x_wconf 75' lang='grc' dir='ltr'><strong>έαυτὴ</strong></span> <span class='ocrx_word' id='word_1_846' title='bbox 2609 5103 2874 5173; x_wconf 84' lang='grc' dir='ltr'><strong>διεκρίθη.</strong></span> <span class='ocrx_word' id='word_1_847' title='bbox 2908 5103 2969 5155; x_wconf 89' lang='grc' dir='ltr'><strong>Εἰ</strong></span> <span class='ocrx_word' id='word_1_848' title='bbox 2999 5102 3056 5155; x_wconf 86' lang='grc' dir='ltr'><strong>δέ</strong></span> <span class='ocrx_word' id='word_1_849' title='bbox 3087 5118 3172 5162; x_wconf 90' lang='grc' dir='ltr'><strong>τις</strong></span> <span class='ocrx_word' id='word_1_850' title='bbox 3202 5101 3348 5170; x_wconf 78' lang='grc' dir='ltr'><strong>ἡμᾶς</strong></span> <span class='ocrx_word' id='word_1_851' title='bbox 3397 5099 3618 5170; x_wconf 80' lang='grc' dir='ltr'><strong>ὲπαιτοίη</strong></span> <span class='ocrx_word' id='word_1_852' title='bbox 3647 5099 3728 5152; x_wconf 76' lang='grc' dir='ltr'><strong>καὶ</strong></span> 
     </span>
    </p>
   </div>
   <div class='ocr_carea' id='block_1_110' title="bbox 2195 5189 3728 5274">
    <p class='ocr_par' dir='ltr' id='par_1_110' title="bbox 2195 5189 3728 5274">
     <span class='ocr_line' id='line_1_110' title="bbox 2195 5189 3728 5274; baseline -0.008 -18"><span class='ocrx_word' id='word_1_853' title='bbox 2195 5203 2325 5274; x_wconf 64' lang='grc' dir='ltr'><strong>’περὶ¹</strong></span> <span class='ocrx_word' id='word_1_854' title='bbox 2357 5198 2452 5248; x_wconf 57' lang='grc' dir='ltr'><strong>τεῦ</strong></span> <span class='ocrx_word' id='word_1_855' title='bbox 2480 5197 2663 5269; x_wconf 81' lang='grc' dir='ltr'><strong>τρίτου</strong></span> <span class='ocrx_word' id='word_1_856' title='bbox 2692 5193 2924 5266; x_wconf 78' lang='grc' dir='ltr'><strong>οὐρανοῦ</strong></span> <span class='ocrx_word' id='word_1_857' title='bbox 2949 5193 3128 5261; x_wconf 85' lang='grc' dir='ltr'><strong>λόγον,</strong></span> <span class='ocrx_word' id='word_1_858' title='bbox 3171 5189 3230 5245; x_wconf 84' lang='grc' dir='ltr'><strong>ὃν</strong></span> <span class='ocrx_word' id='word_1_859' title='bbox 3259 5193 3287 5244; x_wconf 83' lang='grc' dir='ltr'>ὁ</span> <span class='ocrx_word' id='word_1_860' title='bbox 3316 5193 3513 5261; x_wconf 85' lang='grc' dir='ltr'><strong>Μωσῆς</strong></span> <span class='ocrx_word' id='word_1_861' title='bbox 3543 5191 3624 5260; x_wconf 84' lang='grc' dir='ltr'><strong>μὲν</strong></span> <span class='ocrx_word' id='word_1_862' title='bbox 3641 5192 3728 5244; x_wconf 78' lang='grc' dir='ltr'><strong>οὐκ</strong></span> 
     </span>
    </p>
   </div>
   <div class='ocr_carea' id='block_1_111' title="bbox 585 5621 1144 5684">
    <p class='ocr_par' dir='ltr' id='par_1_111' title="bbox 585 5621 1144 5684">
     <span class='ocr_line' id='line_1_111' title="bbox 585 5621 1144 5684; baseline 0.004 -11"><span class='ocrx_word' id='word_1_863' title='bbox 585 5622 629 5655; x_wconf 75' lang='grc'><strong>³⁸</strong></span> <span class='ocrx_word' id='word_1_864' title='bbox 660 5622 698 5674; x_wconf 88' lang='lat' dir='ltr'><strong>ll</strong></span> <span class='ocrx_word' id='word_1_865' title='bbox 731 5623 857 5676; x_wconf 75' lang='lat' dir='ltr'><strong>Cor.</strong></span> <span class='ocrx_word' id='word_1_866' title='bbox 902 5639 991 5684; x_wconf 65' lang='lat' dir='ltr'><strong>stt,</strong></span> <span class='ocrx_word' id='word_1_867' title='bbox 1025 5621 1144 5676; x_wconf 68' lang='grc' dir='ltr'><strong>εει-ι.</strong></span> 
     </span>
    </p>
   </div>
   <div class='ocr_carea' id='block_1_112' title="bbox 592 5736 2238 5828">
    <p class='ocr_par' dir='ltr' id='par_1_112' title="bbox 592 5736 2238 5828">
     <span class='ocr_line' id='line_1_112' title="bbox 592 5736 2238 5828; baseline -0.01 -20"><span class='ocrx_word' id='word_1_868' title='bbox 592 5754 807 5828; x_wconf 60' lang='grc' dir='ltr'><strong>(αξνυκ</strong></span> <span class='ocrx_word' id='word_1_869' title='bbox 870 5763 1137 5826; x_wconf 70' lang='lat' dir='ltr'><strong>suspzrcta.</strong></span> <span class='ocrx_word' id='word_1_870' title='bbox 1192 5752 1501 5822; x_wconf 65' lang='lat' dir='ltr'><strong>Lt‘gCﬂtllilll</strong></span> <span class='ocrx_word' id='word_1_871' title='bbox 1559 5747 1809 5814; x_wconf 77' lang='grc' dir='ltr'><strong>δεύτερον</strong></span> <span class='ocrx_word' id='word_1_872' title='bbox 1873 5736 2026 5793; x_wconf 64' lang='grc' dir='ltr'><strong>οἶδα.</strong></span> <span class='ocrx_word' id='word_1_873' title='bbox 2083 5739 2238 5793; x_wconf 64' lang='lat' dir='ltr'><strong>linit.</strong></span> 
     </span>
    </p>
   </div>
  </div>
