3880 6360
175 415 255 471 121
1399 420 1470 477 ΙΝ
1508 423 1707 480 ΙΙΕΧΑ]

1897 427 1984 483 ΟΝ
2023 428 2245 486 LIBER.
2605 445 2620 458 ’
3324 437 3429 492 122

177 550 270 585 νων
293 530 322 584 ὀ
344 528 521 602 τρίτος
561 530 767 594 ἐκεῖνος
801 525 1028 604 οὐρανός
1053 532 1190 586 ἐστι.
1237 535 1395 588 Δοκεῖ
1438 535 1546 607 γάρ
1593 553 1709 608 μου

1897 556 2064 595 ucens
2088 557 2279 596 omnes
2311 545 2623 613 superiores
2647 549 2818 605 totius
2839 556 3069 614 natum,
3107 563 3229 618 quae
3259 564 3423 604 sensu

183 623 335 690 μέγας
395 620 718 684 ’Λπόστολος
765 623 793 674 ὀ
839 623 973 674 πᾶσι
1023 625 1137 685 τοῖς
1180 622 1493 694 ἔμπροσθεν
1542 627 1715 682 ὲαυτὸτ

1895 634 2158 702 :rcipitur,
2211 637 2476 692 terminos
2523 644 2948 708 transcendisse,
2985 643 3051 696 ad
3081 657 3312 711 eamque
3343 643 3427 696 iu-

183 710 500 774 ὲπεκτείνων,
531 710 725 774 διαϐάς
749 712 929 784 πάσης
956 713 1054 782 τῆς
1083 715 1345 784 αἰσθητῆς
1367 715 1584 784 φύσεως
1610 717 1715 770 τοὺ‹

1894 741 2084 780 ἐεειιιιι
2141 742 2284 791 esse,
2321 745 2441 798 quae
2473 732 2657 786 animo
2687 743 2979 805 menteque
3007 735 3426 805 comprehendi-

181 805 338 874 ὄρους,
375 804 454 866 είς
487 804 584 872 τὴν
624 805 822 873 νοητὴν
866 803 1196 858 κατάστασιν
1239 805 1616 876 παρεισδῦναι,
1675 825 1713 860 οι

1891 835 1950 883 κ’,
2011 834 2135 874 cum
2198 823 2574 890 spectaculum
2629 825 2762 879 illud
2821 827 3044 882 minime
3099 842 3423 896 corporeum

183 895 475 966 σωματικῆς
496 895 742 967 ἀκριϐῶς
766 897 1060 968 γινομένης
1086 895 1234 968 αύτῷ
1260 899 1358 966 τῆς
1389 897 1498 951 τῶν
1531 899 1715 969 νοητῶ

1893 911 2025 977 ιθτὶι,
2054 921 2114 965 ιιι
2147 911 2377 982 ipsemet
2400 915 2689 986 signiﬁcat,
2721 935 2740 968 ι
2773 919 2888 974 sive
2915 918 2971 973 in
3001 895 3252 989 corpore,
3283 937 3302 970 ›
3341 918 3425 972 iu-

179 987 405 1059 θεωρίας.
442 986 614 1042 Τοῦτο
647 987 756 1058 γὰρ
801 989 896 1041 καὶ
925 989 1091 1052 αὐτὸς
1119 987 1198 1058 τῷ
1234 989 1349 1060 ἰδίῳ
1380 989 1525 1060 λόγῳ
1559 1007 1708 1062 παρα

1897 1003 2053 1068 tiens,
2096 1023 2113 1054 ι
2152 1005 2339 1060 nescio
2381 1025 2395 1060 :
2433 1008 2548 1062 sive
2593 1017 2748 1063 extra
2790 1024 3012 1080 corpus,
3037 1009 3253 1064 nescio:
3279 1009 3425 1064 Deus

181 1081 476 1150 σημαίνεται
507 1080 701 1146 είπὼν,
723 1083 803 1134 ὅτι
827 1099 845 1132 ι
879 1081 988 1135 εἴτε
1019 1084 1077 1135 ὲν
1106 1081 1317 1152 σώματι
1342 1083 1441 1136 οὐκ
1467 1080 1603 1148 οἶδα,
1627 1084 1713 1137 είτλ

1890 1093 1945 1146 :it
1994 1102 2208 1163 raptum
2235 1096 2506 1164 ejusmodi
2555 1099 2833 1156 hominem
2884 1117 3058 1172 usque
3097 1102 3163 1155 ad
3200 1101 3422 1156 tertium

179 1176 315 1236 ἐκτὸς
336 1173 424 1228 τοῦ
450 1176 703 1243 σώματος
727 1177 825 1229 οὐκ
840 1172 986 1231 οἶδα·
1015 1178 1043 1229 ὁ
1067 1177 1199 1240 Θεὸς
1239 1174 1380 1231 οἶδεν
1421 1178 1711 1250 ἀρπαγέντ‹

1894 1185 2061 1239 elum.
2103 1205 2121 1236 ι
2182 1184 2467 1242 Summum
2527 1189 2693 1260 igitur
2741 1193 2872 1247 illud
2928 1194 3144 1248 culmen
3194 1192 3426 1262 hujusce

180 1268 258 1318 τὸν
277 1267 505 1321 τοιοῦτον
537 1268 645 1332 ἓως
675 1268 859 1341 τρίτου
893 1268 1144 1342 ούρανοῦ.
1175 1288 1194 1321 ι
1217 1270 1290 1322 Τὸ
1317 1265 1410 1323 οῦν
1441 1270 1712 1341 άκρότατσ

1901 1276 2052 1342 undi,
2085 1293 2246 1347 quem
2273 1278 2533 1345 dicimus,
2555 1281 2794 1336 arbitror
2814 1299 2842 1338 a
2867 1282 3036 1338 Paulo
3063 1284 3283 1339 tertium
3309 1299 3425 1338 ca:-

179 1357 258 1408 τοῦ
285 1358 534 1429 αἰσθητοῦ
570 1360 777 1431 κόσμου
815 1361 997 1431 τρίτον
1025 1356 1180 1432 οἶμαι
1219 1359 1449 1431 οὐρανὸν
1481 1375 1711 1431 προειρη

1894 1383 1952 1421 m
1988 1370 2248 1438 appellari
2285 1390 2296 1426 :
2337 1372 2630 1442 tripliciter
2662 1375 2808 1428 enim
2838 1375 3035 1429 dividit
3074 1391 3236 1430 omne
3281 1375 3426 1444 quod

181 1451 316 1503 κέναι
340 1451 427 1504 τὸν
447 1451 683 1519 Παῦλον,
710 1454 868 1524 τριχῆ
894 1453 990 1524 μὲν
1010 1454 1245 1525 τεμόντα
1267 1455 1374 1506 πᾶν
1389 1451 1450 1506 τὸ
1480 1452 1706 1523 φαινόμε

1897 1458 2108 1525 :rnitur,
2147 1469 2212 1514 ‘et
2237 1478 2303 1516 ex
2367 1460 2666 1533 Scriptura:
2716 1466 3117 1520 consuetudine
3182 1466 3429 1536 singulas

180 1559 276 1606 νον,
311 1543 443 1598 κατὰ
484 1544 543 1597 δὲ
600 1544 699 1615 τὴν
750 1545 1034 1616 συνήθειαν
1073 1546 1172 1616 τῆς
1215 1545 1460 1616 Γραφῆς,
1509 1543 1712 1598 ἓκαστοπ

1897 1559 2025 1606 trtes
2074 1553 2274 1607 caelum
2311 1561 2490 1608 vocat.
2524 1556 2772 1611 Abuteris
2798 1557 2942 1611 enim
2975 1555 3212 1627 quodam
3268 1557 3429 1610 modo

182 1635 274 1686 τῶν
304 1637 602 1707 τμημάτων
629 1639 835 1692 τούτων
870 1639 1100 1710 οὐρανὸν
1137 1638 1501 1709 ὀνομάσαντα.
1539 1637 1601 1690 '0
1631 1636 1714 1708 γὰι

1897 1643 2242 1715 gniﬁcatione
2301 1647 2614 1712 verborum,
2679 1651 2915 1717 spatium
2957 1649 3088 1703 illud
3139 1649 3429 1703 crassioris

181 1727 265 1796 τῆς
288 1728 498 1800 Γραφῆς
533 1730 712 1798 λόγος,
743 1735 799 1784 ὲν
829 1733 1167 1802 καταχρήσει
1195 1731 1303 1786 τινὶ
1332 1731 1613 1802 ῥημάτων,
1643 1730 1713 1783 ἐνι

1897 1737 1986 1792 :ris
2038 1753 2146 1808 quo
2174 1747 2226 1791 et
2279 1739 2472 1804 nubes,
2507 1750 2558 1794 et
2592 1741 2759 1804 venti,
2807 1750 2859 1795 et
2891 1741 3090 1795 excelsi
3150 1741 3429 1795 volucrum

187 1820 270 1888 μὲν
289 1821 504 1889 οὐρανὸν
543 1821 821 1892 ὀνομάζει,
850 1822 941 1875 τὸν
969 1823 1094 1894 ὅρον
1135 1824 1229 1875 τοῦ
1257 1821 1719 1894 παχυμερεστέροι

1902 1829 2057 1882 ιιαιιιε
2081 1831 2427 1899 perveniunt,
2468 1834 2667 1887 coelum
2701 1849 2870 1886 unum
2907 1835 3172 1895 nominat,
3215 1848 3338 1887 cum
3381 1841 3434 1886 et

184 1911 342 1983 ἀέρος.
396 1915 587 1985 μέχρις
625 1910 685 1969 οὗ
721 1917 814 1968 καὶ⁸
857 1916 991 1988 νέφη
1033 1916 1126 1968 καὶ
1171 1915 1360 1985 ἄνεμοι
1406 1915 1500 1968 καὶ
1549 1916 1582 1986 ἡ
1633 1915 1716 1967 τῶ·

1903 1921 1967 1975 eli
2003 1923 2178 1977 nubes
2233 1922 2367 1976 dicit
2404 1932 2457 1978 et
2492 1925 2740 1980 volucres
2771 1926 2918 1979 caeli.
2955 1924 3066 1980 Nec
3115 1923 3435 1993 simpliciter

184 2001 432 2069 ὑψιπετῶν
467 2004 672 2075 ὀρνέων
706 2005 929 2076 φέρεται
969 2005 1150 2074 φύσις.
1180 2004 1290 2056 Καὶ
1318 2003 1426 2074 γὰρ
1457 2004 1551 2056 καὶ
1579 2003 1716 2071 νεφέι

1901 2012 2044 2066 clum
2123 2013 2230 2066 hoc
2307 2027 2501 2078 vocat.
2579 2016 2672 2070 sed
2761 2016 3010 2087 adjungit
3076 2017 3237 2072 etiam
3315 2017 3433 2072 illas

185 2092 266 2155 ὶας
295 2095 511 2166 οὐρανοῦ
555 2095 724 2164 λέγει,
775 2096 868 2150 καὶ
916 2096 1136 2149 πετεινά
1186 2095 1458 2166 ούρανοῦο
1501 2094 1593 2148 καὶ
1643 2095 1717 2162 ού]

1904 2117 2026 2168 μορε,
2063 2104 2167 2158 sub
2206 2104 2568 2160 ﬁrmamento.
2597 2105 2739 2160 Dicit
2795 2109 2940 2162 enim
2984 2128 2996 2162 :
3047 2127 3064 2160 (
3125 2107 3436 2163 Producant

185 2185 348 2249 ἁπλῶς
396 2187 624 2260 οὐρανὸν
676 2187 824 2256 λέγει
875 2187 1082 2252 τοῦτον,
1139 2186 1274 2239 ἀλλά
1319 2187 1414 2240 καὶ
1465 2185 1604 2256 μετὰ
1647 2186 1717 2237 τοὶ

1904 2211 1999 2265 [υὲἓ
2022 2197 2234 2265 reptilta
2274 2199 2581 2252 animarum
2613 2200 2912 2254 viventiqu
2959 2208 3014 2255 et
3068 2200 3308 2254 volatilia
3339 2217 3436 2255 vo-

188 2279 558 2352 αερεὼματος.
610 2281 772 2350 Λέγει
821 2279 950 2350 γὰρ,
989 2298 1007 2331 ι
1061 2277 1407 2348 Ἐξαγαγέτω
1452 2279 1522 2332 τὰ
1575 2278 1720 2331 ὕδατι

1903 2291 2015 2342 utia
2072 2305 2238 2359 super
2280 2298 2518 2354 terram,
2563 2292 2664 2346 sub
2727 2294 3072 2347 ﬁrmamento
3137 2293 3262 2346 εαξιί
3299 2292 3366 2344 ³⁸.
3412 2311 3429 2344 ι

187 2374 367 2442 ἑρπετά
393 2375 579 2445 ψυχῶν
608 2373 818 2440 ζωσῶν,
848 2373 938 2425 καὶ
978 2373 1201 2424 πετεινὰ
1235 2372 1512 2442 πετόμενα
1533 2371 1624 2425 ἐπὶ
1645 2371 1719 2440 τῆ.

1907 2379 2052 2435 ainde
2105 2383 2334 2435 alterum
2383 2382 2584 2435 ccelum
2633 2388 2687 2436 et
2744 2383 3149 2437 ﬁrmamentum
3203 2383 3439 2452 appellat

184 2462 272 2529 γῆς
299 2464 427 2516 κατὰ
453 2463 513 2515 τὸ
562 2461 850 2533 στερέωμα
885 2461 978 2514 τοῦ
1011 2459 1261 2532 ούρανοῦ.
1305 2479 1322 2511 ι
1362 2457 1494 2513 Εἶτα
1527 2459 1588 2512 τὸ
1627 2459 1716 2512 έτε

1903 2472 2096 2538 latium
2139 2472 2294 2538 illud,
2361 2472 2505 2542 quod
2566 2473 2830 2528 inerranti
2885 2473 3115 2544 splncrze
3163 2474 3435 2528 inclusum

188 2568 284 2622 ρον,
306 2553 522 2622 οὐρανόν
549 2570 608 2606 τε
653 2553 746 2606 καὶ
787 2552 1074 2624 στερέωμα
1108 2551 1488 2622 κατονομάζει,
1518 2553 1580 2606 τὺ
1609 2570 1720 2624 μετέ

1909 2567 2257 2628 ιηείιιετοιυτ,
2317 2565 2369 2619 in
2404 2581 2514 2635 quo
2568 2565 2762 2628 stella,
2797 2582 2935 2636 quas
2967 2577 3215 2621 errantes
3269 2566 3441 2620 nomi—

185 2643 268 2712 τὴν
291 2643 492 2716 ἀπλανῆ
525 2645 765 2714 σφαῖραν
806 2644 936 2714 περὶ
972 2644 1034 2696 τὸ
1067 2643 1218 2707 ἐντὸς
1249 2643 1646 2716 θεωρούμενον,
1687 2647 1714 2698 ὲ

1906 2667 2003 2717 tut,
2038 2665 2422 2726 pervagantur.
2456 2655 2547 2711 Sic
2578 2657 2690 2711 ait:
2729 2676 2747 2708 (
2781 2656 2931 2711 Fecit
2969 2655 3113 2710 Deus
3146 2656 3438 2710 luminaria

187 2726 291 2800 ᾧοί
339 2736 603 2808 πλανῆται
646 2734 754 2788 τῶν
789 2735 1034 2807 ἀστέρων
1097 2734 1532 2807 διαπορεύονται.
1582 2735 1719 2804 Λέγε

1908 2764 2067 2818 agna,
2101 2755 2155 2802 et
2187 2749 2364 2818 posuit
2405 2763 2468 2801 ea
2513 2748 2568 2802 in
2617 2749 2959 2802 ﬁrmamento
3000 2749 3149 2807 caeli.
3183 2757 3241 2802 ut
3290 2749 3439 2802 luce-

186 2827 298 2899 γὰρ,
343 2829 418 2882 ὅτι
447 2848 466 2880 ‹
518 2827 807 2898 Ἐποίησεν
852 2830 880 2880 ὁ
927 2827 1058 2889 Θεὸς
1095 2827 1225 2890 τοὺς
1275 2829 1572 2898 φωστῆρας
1620 2829 1714 2881 τοὺ

1912 2848 1972 2892 nt
1998 2853 2163 2908 super
2201 2847 2400 2891 terram
2427 2839 2492 2892 ³⁷.
2528 2857 2546 2890 ›
2581 2838 2766 2893 Cuivis
2806 2839 3127 2892 distinctum
3170 2839 3321 2892 orbis
3354 2855 3440 2890 or-

190 2921 446 2989 μεγάλους,
489 2922 588 2976 καλ⁸
629 2919 781 2973 ἔθετο
815 2920 1013 2983 αὐτοὺς
1049 2921 1109 2972 έν
1153 2918 1232 2990 τῷ
1271 2921 1612 2992 στερεώματι
1649 2920 1722 2974 τοι

1909 2936 2038 2982 itum
2065 2937 2345 2999 utcunque
2385 2929 2759 2982 consideranti
2793 2929 3144 2999 perspicuum
3193 2937 3298 2991 est,
3327 2928 3441 2982 hac

186 3013 408 3082 οὐρανοῦ,
438 3014 582 3069 ὥστε
628 3012 840 3082 φαίνειν
871 3012 963 3066 ἐπὶ
989 3011 1091 3082 τῆς
1118 3011 1245 3082 γῆς.
1287 3030 1305 3063 ι
1332 3013 1504 3066 Παντὶ
1536 3012 1593 3065 δὲ
1617 3013 1718 3084 πρό

1913 3017 1994 3071 ira
2038 3032 2353 3088 supremum
2399 3017 2531 3072 illud
2580 3017 2859 3089 fastigium
2910 3018 3226 3089 contigisse,
3293 3017 3440 3087 quod

187 3105 324 3174 δηλον
337 3106 408 3178 τῷ
423 3105 672 3160 ὁπωσοῦν
690 3107 934 3175 ὲπεσκεμ
941 3104 1086 3174 μένῳ
1104 3103 1198 3174 τὴν
1214 3102 1309 3156 τοῦ
1327 3103 1528 3167 παντὸς
1543 3103 1719 3158 διακόο

1913 3113 2036 3167 unia
2061 3112 2320 3168 sensibus
2360 3112 2595 3166 obnoxia
2619 3112 3013 3182 cmnpleeteus,
3044 3126 3217 3180 eaque
3259 3112 3445 3180 sejun-

191 3217 352 3269 μησιν,
365 3202 482 3254 ὅσον
500 3198 845 3268 ὑποϐέϐληκε
863 3197 1036 3250 ταῦτα
1053 3201 1184 3268 περί
1197 3197 1297 3268 τὴν
1307 3197 1420 3251 ἅνω
1440 3197 1630 3268 φορὰν,
1655 3214 1723 3252 κα

1913 3219 1987 3259 ens
2015 3217 2045 3256 a
2075 3203 2241 3257 rebus
2270 3200 2377 3255 illis
2425 3201 2750 3270 procreatis,
2794 3216 2914 3269 quae
2949 3209 3130 3255 mente
3160 3201 3360 3266 solum,
3391 3209 3445 3253 et

188 3291 304 3342 αὐτὸ
319 3291 368 3344 δὲ
386 3291 444 3344 τὸ
456 3291 756 3362 ἀκρότατον
775 3288 869 3342 τοῦ
899 3287 1162 3359 αἰσθητοῦ
1185 3289 1416 3360 κόσμου,
1444 3288 1474 3341 ὃ
1495 3289 1717 3361 μεθόριο

1918 3296 2214 3369 telligentia
2279 3295 2838 3366 comprehenduntur,
2908 3294 3333 3359 ﬁrmamentum,
3392 3303 3446 3347 et

188 3381 275 3452 τῆς
289 3384 470 3456 νοητῆς
486 3383 716 3446 κτίσεως
725 3422 739 3446 ,
756 3399 844 3435 στε
853 3380 960 3452 ρέω
966 3382 1042 3452 μά
1056 3399 1114 3434 τε
1128 3381 1221 3435 καὶ
1232 3382 1292 3434 οὐ
1301 3374 1460 3452 ρανδν
1471 3381 1720 3453 ὀνομάζει

807 3399 844 3435 τε
853 3380 1042 3452 ρέωμά
1056 3399 1114 3434 τε
1128 3381 1221 3435 καὶ
1232 3374 1460 3452 οὐρανὸν
1471 3381 1746 3453 ὀνομάζει.
1851 3391 2054 3447 omnim
2086 3386 2339 3460 appellat.

262 3473 312 3526 '0
353 3469 440 3526 οῦν
487 3471 834 3544 ἐπιθυμητὴς
861 3469 972 3523 τῶν
1019 3470 1159 3542 ὑπὲρ
1187 3469 1368 3538 λόγον,
1402 3469 1500 3523 καὶ
1530 3469 1750 3524 σκοπῶν

1923 3481 1998 3535 Ea
2027 3481 2214 3551 igitur,
2247 3495 2370 3550 quae
2399 3479 2582 3536 verbis
2611 3479 2877 3550 explicari
2911 3494 3016 3534 non
3054 3484 3310 3550 possunt,
3344 3493 3443 3530 cu-

191 3563 352 3629 καθὼς
411 3566 502 3620 καὶ
553 3566 690 3635 ἡμῖν
751 3561 1097 3631 ὲγκελεύεται
1160 3561 1329 3634 μηδὲν
1392 3559 1504 3614 τῶν
1557 3561 1723 3632 βλεπο

1915 3591 2010 3632 ens
2045 3575 2366 3644 Apostolus,
2408 3582 2462 3630 et
2503 3572 2964 3645 quemadmodum
3006 3586 3108 3626 nos
3159 3572 3285 3623 item
3316 3569 3447 3624 hor-

197 3657 380 3724 μένων·
430 3659 507 3712 ὅτι
560 3655 631 3709 τά
685 3655 783 3726 μὲν
825 3654 1133 3726 βλεπόμενα
1177 3653 1521 3725 πρόσκαιρα,
1573 3653 1644 3707 τά
1695 3653 1729 3705 δ]

1913 3673 2022 3729 tur,
2059 3663 2193 3718 nihil
2227 3672 2688 3732 eorumspectaus
2721 3678 2842 3732 qua:
2859 3663 3009 3716 cerui
3048 3671 3279 3730 queunt,
3317 3676 3441 3713 cum

198 3747 261 3818 μῆ
317 3748 613 3820 βλεπόμενα
671 3746 902 3801 αἰώνια·
969 3747 1103 3799 ὅπου
1167 3746 1329 3799 αὐτὸν
1385 3747 1418 3816 ἡ
1480 3743 1730 3815 ἐπιθυμίς

1912 3780 1916 3809 ι
1955 3771 2077 3825 quae
2104 3754 2381 3821 videntur,
2415 3754 2746 3824 temporaria
2789 3754 2924 3817 sint,
2969 3767 3087 3822 qua!
3124 3759 3306 3806 autem
3335 3765 3444 3806 non

195 3842 392 3912 ἐπῆρεν,
438 3845 553 3896 ἐκεῖ
609 3842 824 3910 ἐγένετο
873 3839 1110 3910 ὑψωθεὶς
1160 3840 1226 3910 τῇ
1284 3838 1534 3910 δυνάμει.
1582 3837 1727 3892 Τοῦτι

1917 3846 2132 3910 dentur,
2175 3854 2378 3900 acterna
2431 3846 2474 3876 ³⁸
2503 3864 2527 3912 ;.
2558 3845 2743 3898 divina
2794 3846 2995 3899 virtute
3026 3844 3282 3898 sublatus
3327 3858 3449 3912 per-

197 3932 498 4004 ἐπιθυμητὸν
551 3931 702 4002 αὐτῷ
751 3929 1184 4002 προδεικνύντος,
1228 3931 1322 3985 καὶ
1371 3930 1494 3983 ἀντὶ
1557 3931 1729 3982 εἰπεῖν

1917 3940 2094 3994 niteo
2127 3953 2236 4007 quo
2266 3937 2539 3992 desiderio
2584 3937 2861 3991 ferebatur
2888 3976 2902 4000 ,
2964 3950 3201 4003 cumque
3260 3947 3449 3989 sacras

197 4016 307 4075 Οἶδα
327 4025 603 4096 ἄνθρωπον
633 4025 814 4078 πᾶσαν
842 4023 940 4093 τὴν
970 4021 1236 4094 αἰσθητὴν
1263 4021 1524 4075 διαϐάντα
1555 4021 1729 4074 κτίσιν

1924 4040 2093 4085 ueras
2122 4044 2150 4082 a
2172 4029 2404 4100 pueritia
2435 4027 2746 4093 didicisset,
2787 4027 2969 4083 verbis
2998 4025 3299 4096 Scriptura;
3334 4025 3450 4080 usi-

198 4116 276 4168 mi
312 4119 362 4170 ἐν
400 4122 508 4181 τοῖς
540 4116 756 4179 ἀδύτοις
794 4117 893 4186 τῆς
938 4115 1137 4186 νοητῆς
1183 4115 1474 4185 γενόμενον
1509 4113 1722 4184 φύσεως

1920 4118 1986 4174 tis
2013 4134 2123 4174 rem
2155 4119 2330 4188 ipsam
2353 4118 2646 4188 expressit,
2677 4118 2900 4172 tertium
2932 4118 3133 4171 cmlum
3169 4117 3452 4186 appellans

198 4209 361 4280 ἐπειδὴ
388 4212 449 4263 ὲκ
478 4209 672 4272 παιδὸς
696 4207 765 4262 τά
805 4207 928 4278 ἱερά
949 4207 1253 4278 γράμματα
1290 4201 1450 4270 οἶδεν,
1475 4207 1597 4269 ταῖς
1621 4221 1730 4277 γρα

1919 4226 2053 4264 trum
2085 4211 2249 4264 trium
2295 4211 2626 4275 sectionum,
2676 4225 2800 4279 quae
2851 4209 2905 4262 in
2940 4209 3142 4262 mundo
3175 4208 3451 4269 videntur,

199 4305 360 4367 φικαῖς
391 4305 590 4372 φωναῖς
632 4299 979 4371 διασημαίνει
1029 4299 1090 4352 τὸ
1131 4299 1326 4368 ὄνομα,
1366 4295 1548 4368 τρίτον
1591 4297 1726 4367 ούρα

1929 4309 2181 4356 tremam.
2223 4299 2438 4356 Relicto
2485 4303 2631 4356 enim
2673 4315 2818 4367 aere,
2854 4305 3222 4369 superatoque
3275 4297 3455 4352 medio

199 4398 272 4444 τὸν
319 4395 582 4462 ὀνομάσας
637 4393 736 4464 τὴν
785 4391 892 4444 τῶν
929 4391 1101 4462 τριῶν
1155 4390 1361 4444 τούτων
1413 4388 1525 4441 τῶν
1575 4389 1634 4440 ὲν
1678 4386 1731 4454 τί

1923 4411 1955 4450 o
1994 4395 2192 4464 spatio,
2226 4396 2281 4449 in
2326 4411 2436 4465 quo
2483 4395 2784 4450 errantium
2828 4395 3112 4448 stellarum
3156 4393 3320 4447 orbes
3348 4407 3455 4446 ver-

202 4485 341 4536 παντὶ
387 4485 775 4558 θεωρουμένων
826 4485 1131 4556 τμημάτων
1181 4480 1445 4545 διέξοδον·
1499 4478 1734 4532 κατέλιπέ

1926 4494 2093 4549 ntur,
2155 4502 2430 4542 summum
2510 4485 2862 4542 aatheriorum
2935 4486 3125 4538 ﬁnium
3191 4484 3453 4537 ambitum

200 4575 292 4643 γὰρ
322 4576 401 4628 τὸν
443 4577 618 4648 ἀέρα·
652 4575 970 4648 παρέδραμε
1024 4575 1118 4629 καὶ
1153 4573 1253 4644 τὴν
1299 4572 1388 4625 διὰ
1435 4572 1602 4642 μέσου
1650 4569 1732 4622 τῶι

2023 4577 2224 4644 cendit,
2267 4588 2322 4634 et
2371 4578 2440 4632 ad
2473 4579 2682 4632 ﬁrmam
2738 4579 2906 4643 illam,
2961 4593 3083 4647 quze
3116 4578 3232 4631 sola
3281 4591 3460 4630 meme
3552 4637 3555 4640 _

200 4663 416 4734 ἀςτέρων
443 4665 808 4738 κυκλοφορίαν
829 4685 842 4696 ·
870 4664 1105 4736 ἐπέρασε
1128 4663 1184 4717 δὲ
1205 4661 1302 4716 καὶ
1327 4661 1425 4734 τὴν
1449 4661 1624 4733 ἄκραν
1649 4659 1732 4712 τῶε

1927 4663 2201 4732 reipitur,
2275 4674 2528 4720 naturam
2592 4668 2953 4735 perveniens,
3020 4665 3260 4735 paradisi
3324 4664 3459 4720 vidit

201 4755 427 4827 αἱθερίων
458 4760 601 4830 ὅρων
655 4755 966 4828 περιϐολὴν,
1011 4755 1104 4808 καὶ
1147 4755 1206 4807 ἐν
1245 4755 1310 4824 τῇ
1369 4751 1619 4821 στασίμῳ
1663 4767 1733 4803 κα

1925 4756 2348 4820 Ilchritudinem,
2383 4767 2438 4812 et
2479 4759 2687 4812 audivit
2716 4774 2778 4812 ea
2802 4774 2924 4828 qua:
2972 4758 3210 4827 humana
3262 4766 3457 4810 natura

202 4853 344 4920 νοητῇ
366 4851 520 4920 φύσει
549 4852 862 4921 γενόμενος,
881 4846 986 4902 οἶδε
1008 4848 1078 4901 τὰ
1100 4847 1195 4901 τοῦ
1219 4845 1545 4916 παραδείσου
1565 4843 1734 4914 κάλλη

1925 4863 1975 4900 in
2020 4847 2282 4917 loquitur.
2329 4848 2452 4904 Haec
2481 4850 2598 4915 tibi,
2638 4850 2724 4902 vir
2759 4849 2876 4916 Dei,
2905 4849 2972 4904 ad
3011 4849 3318 4919 propositas
3357 4865 3457 4902 no-t

204 4941 283 4991 καὶ
303 4942 522 5010 ήκουσεν
549 4943 588 4998 ἃ
614 4941 928 5013 ἀνθρωπίνη
959 4939 1119 5010 φύσις
1147 4941 1208 4994 ού
1235 4938 1552 5007 φθέγγεται.
1577 4937 1736 4989 Ταῦτ‹

1927 4955 1952 4992 s
1975 4954 2006 4990 a
2037 4939 2328 5009 prudentia
2353 4951 2444 4996 tua
2477 4943 2810 5012 quaestiones
2842 4941 3255 5011 respondimus,
3288 4939 3459 4993 nullis

206 5049 294 5097 σοι,
325 5029 367 5088 ὦ
405 5037 658 5108 ἄνθρωπε
700 5034 796 5090 τοῦ
829 5034 989 5099 Θεοῦ,
1029 5029 1160 5106 περὶ
1201 5033 1311 5088 τῶν
1342 5031 1738 5104 ἰιιροϐληθέντω¹

1921 5031 2135 5084 'atiouis
2162 5031 2453 5101 pigmentis
2474 5034 2706 5088 morales
2730 5033 3019 5103 allegorias
3035 5032 3453 5101 conquircntes:

204 5128 320 5195 ἡμῖν
359 5130 504 5200 παρά
547 5130 651 5199 τῆς
692 5125 963 5192 συνέσεώς
999 5145 1092 5181 σου
1142 5123 1578 5197 ἀπεκρινάμεθα,
1629 5123 1736 5193 μήτ

1925 5139 1974 5178 ac
2024 5124 2423 5193 inexploratum
2487 5133 2880 5196 praetereuntes
2925 5124 3224 5194 quidquam
3269 5138 3457 5176 eorum

205 5231 252 5268 τι
284 5220 376 5290 τῆς
424 5219 704 5292 γραφικῆς
737 5218 936 5285 λέξεως
983 5219 1064 5281 είς
1109 5213 1377 5288 τροπικὴν
1440 5211 1737 5284 ἀλληγορία

1923 5231 1992 5270 ta:
2050 5214 2208 5270 nobis
2245 5215 2685 5286 opponebantur,
2722 5215 2819 5271 sed
2884 5216 3104 5286 propria
3166 5212 3455 5266 verborum

212 5314 672 5383 μεταποιήσαντες,
735 5312 872 5382 μήτε
926 5309 1244 5380 παριδόντες
1291 5323 1346 5359 τι
1399 5304 1508 5358 τῶν
1561 5306 1744 5358 ἁντιτε

1929 5309 2273 5382 guiﬁcatione
2299 5318 2538 5374 servata,
2572 5317 2782 5364 naturae
2838 5308 3083 5363 ordinem
3132 5301 3461 5372 disputando

210 5399 387 5458 θέντων
439 5407 570 5476 ἡμῖν
636 5403 1020 5470 ἀνεξέταστον’
1091 5400 1208 5454 ἀλλ’
1270 5399 1347 5462 ὡς
1406 5393 1475 5468 ἦν
1545 5396 1739 5450 δυνατὸ

1927 5400 2154 5454 :rsecuti
2172 5413 2385 5462 sumus,
2409 5406 2465 5454 et
2487 5397 2621 5451 nihil
2646 5412 2862 5460 eorum,
2887 5409 3008 5465 quae
3035 5392 3212 5462 primo
3236 5398 3459 5460 aspectu

213 5493 454 5567 μενούοης
509 5497 610 5568 τῆς
663 5495 862 5560 λέξεως
928 5493 1021 5547 ἐπὶ
1084 5494 1183 5563 τῆς
1252 5491 1390 5554 ἰδίας
1455 5490 1745 5558 ἐμφάσεως

1929 5491 2148 5545 mtraria
2215 5489 2562 5553 videbantur,
2605 5488 2673 5543 ab
2697 5489 2822 5542 aliis
2856 5487 3168 5554 discrepare
3195 5497 3294 5553 pro
3333 5483 3461 5536 viri-

209 5583 274 5652 τῷ
301 5587 392 5657 τῆς
431 5589 644 5658 φύσεως
687 5587 864 5658 είρμῷ
904 5586 994 5640 διὰ
1024 5585 1123 5655 τῆς
1170 5584 1404 5656 θεωρίας
1435 5581 1546 5634 τῶν
1574 5583 1741 5652 ὀνομά

1928 5597 1980 5638 ts
2018 5579 2535 5636 demonstravimus.
2573 5576 2634 5632 In
2668 5576 2894 5646 reliquis
2929 5582 3110 5629 autem
3162 5571 3232 5626 ad
3268 5568 3460 5642 mundi

209 5691 303 5731 των
335 5681 814 5754 ῆκολουθὴσαμεν,
863 5681 931 5735 δι’
983 5673 1058 5735 ὧν
1107 5678 1166 5732 τὸ
1221 5676 1387 5748 μηδὲν
1436 5675 1740 5729 ὑπεναντίω

1929 5674 2311 5732 :ocreationem
2388 5671 2822 5744 pertinentibus,
2892 5683 3013 5739 quae
3085 5682 3181 5723 sex
3248 5663 3461 5720 dierum

275 5854 313 5886 ³⁵
342 5856 473 5913 Ccn.
513 5876 550 5922 ι,
580 5859 672 5914 20.
753 5858 794 5886 ³⁷
829 5856 960 5912 ibid.
998 5857 1079 5911 lti.
1161 5854 1204 5885 ³⁸
1233 5853 1274 5906 ll
1307 5847 1431 5907 Cor.
1458 5867 1530 5916 tv,
1574 5852 1655 5906 l8.
