3880 6416
1530 439 1621 494 DE
1657 437 1942 498 HOMINIS
1980 437 2297 495 OPIFICIO.

247 557 441 623 Αὐτὸς
488 553 872 679 ἐπεμϐεϐαὼς
907 553 1188 638 ὼχτξσατο
1243 554 1478 638 ἰσόθεος
1503 553 1669 676 fec,

324 623 405 679 Οὔ
433 625 534 679 καὶ
616 623 925 679 γεπλήοου
972 641 1228 679 tenuata.
1275 622 1502 679 ευςρραδ
1535 642 1632 679 ως.

1956 553 2054 608 Ure
2091 553 2234 606 orius
2272 567 2462 620 magno
2490 551 2766 604 succedens
2791 553 3014 620 pectoris
3054 569 3207 620 ausu,

2023 569 2251 679 fferrecit
2292 623 2506 679 propria
2548 623 2735 679 fratris
2761 622 2826 674 ab
2863 631 2979 676 arte
3013 624 3204 677 librum

324 622 534 683 066ml
573 622 925 692 ἀνεπλήρου
972 624 1228 691 τέρματα
1275 622 1632 692 εὐφραδέως.

2023 622 2251 687 Perfecit
2292 623 2506 691 propria
2547 623 2735 690 [ratris
2761 622 2826 674 ab
2863 631 2979 676 arte
3013 624 3226 689 librum,

259 699 529 764 Ἐπρεπε
573 696 688 764 γὰρ
718 694 951 748 πλάσιν
973 692 1326 764 ἀνθρώποιο,
1360 693 1748 764 κατασκευήν
1783 710 1841 747 τε

1951 693 2197 764 Suaviter
2250 707 2581 764 enumerans
2618 693 2735 764 isto
2770 707 3023 764 sermone
3054 694 3256 764 diserto

262 443 373 500 125
1530 441 1621 494 DE
1657 441 1942 498 HOMlNlS
1980 441 2297 495 OPIFICIO.
3403 441 3533 496 ’126

332 762 406 836 ᾞ
452 762 1014 834 πολύφραδμοσύνῃ
1064 762 1327 836 ἐξερέερν
1366 763 1651 836 κοσμίςυςτ

261 832 380 903 T037
403 835 502 889 καὶ
522 832 644 889 ἀπὸ
672 835 971 903 στόματος
997 835 1404 888 καταλείϐεται
1427 833 1614 903 ὑγρὸν
1639 832 1849 888 ἔλαιον

330 900 484 962 Ἦκα
521 904 690 975 μάλα
733 900 1016 974 προχέον,
1063 903 1351 974 ἄφθονον,
1383 901 1713 958 ὠδύπλεον.

264 1087 353 1154 Τῷ
401 1085 644 1158 ἀδελφῷ
681 1087 880 1151 δούλῳ
909 1085 1318 1160 Θεοῦῌῌέτρῳ
1364 1084 1698 1156 Γρηγόριος
1725 1084 1849 1160 ἐπί.

775 1170 1009 1224 σκοπος
1058 1157 1336 1225 Νύσσης.

333 1273 396 1326 Ei
435 1274 554 1336 ταῖς
579 1271 667 1326 διὰ
696 1270 806 1326 τῶν
851 1269 1154 1342 χρημάτων
1201 1270 1392 1340 τιμαῖς
1439 1267 1545 1322 ἔδει
1564 1268 1846 1340 γεραίρειν

256 1366 388 1428 τοὺς
428 1365 548 1417 κατ’
602 1363 805 1436 ἀρετὴν
861 1362 1236 1434 διαφέροντας,
1286 1362 1484 1434 μικρὸς
1532 1362 1629 1424 ἂν,
1662 1362 1848 1426 καθώς

258 1472 426 1525 φησιν
447 1456 475 1507 6
504 1452 775 1526 Σολομὼν,
791 1455 911 1518 ὅλος
935 1457 963 1508 6
981 1454 1184 1526 κόσμος
1213 1453 1323 1508 τῶν
1347 1453 1643 1526 χρημάτων
1670 1455 1845 1524 ἐφάνη

259 1548 401 1619 πρὸς
432 1547 492 1600 τὸ
515 1545 770 1616 γενέσθαι
797 1545 899 1617 τῆς
925 1546 1028 1617 σῆς
1069 1546 1274 1618 ἀρετῆς
1299 1546 1629 1611 ἰσοστάσιοςο
1659 1545 1868 1618 ἐπειδὴλ

257 1636 564 1708 κρεῖττονῆ
607 1637 751 1691 κατὰ
795 1637 1026 1692 πλούτου
1060 1637 1224 1710 τιμὴν
1260 1641 1293 1710 ή
1324 1640 1746 1710 χρεωστουμένη
1777 1641 1843 1710 τῇ

258 1727 552 1798 σεμνότητί
613 1744 708 1780 σου
759 1728 917 1799 χάρις
953 1728 1122 1783 ἐστίν.
1179 1730 1429 1783 Ἀπαιτεῖ
1475 1729 1532 1783 δὲ
1575 1729 1639 1782 τὸ
1689 1728 1846 1797 ἅγιον

257 1817 455 1887 Πάσχα
477 1815 574 1888 τὴν
601 1816 804 1888 συνήθη
825 1819 925 1888 τῆς
951 1818 1172 1889 ἀγάπης
1201 1819 1556 1889 δωροφορίαν,
1582 1819 1650 1888 ἣν
1674 1834 1845 1887 προσ-

2020 761 2409 832 Admirandum
2441 761 2666 832 hominis
2708 761 2912 829 fabrica
2936 763 3189 832 quidquid
3215 764 3392 822 habet.

2058 831 2263 903 Nempe
2313 831 2419 903 olei
2452 831 2633 903 largus
2673 840 2925 903 tauquam
2950 831 3019 886 de
3046 833 3189 901 fonte
3213 836 3428 903 perenni

2184 901 2344 955 Risus
2369 901 2586 970 facundi
2615 901 2789 955 stillat
2821 903 2886 955 ab
2918 918 3010 957 ore
3033 905 3156 958 viri.

1950 1080 2236 1155 Gregorius
2278 1083 2550 1153 episcopus
2585 1083 2780 1154 Nysste
2809 1083 2870 1140 S.
2917 1083 2987 1140 D.
3033 1083 3196 1141 Petro
3235 1085 3399 1155 fratri
3437 1083 3535 1139 Dei

2659 1171 2830 1209 δενυο.

2019 1263 2076 1319 Si
2102 1272 2268 1329 esset,
2291 1263 2449 1320 Petre
2475 1263 2666 1330 frater,
2693 1267 2752 1320 in
2777 1279 2930 1321 more
2957 1265 3198 1336 positum
3233 1273 3399 1337 atque
3433 1265 3533 1321 ho-

1946 1357 2157 1414 minum
2215 1358 2508 1424 instituto,
2558 1364 2617 1412 ut
2671 1359 2959 1413 excellenti
3007 1359 3212 1414 virtute
3274 1357 3534 1429 praeditos

1947 1451 2094 1505 viros
2122 1461 2285 1520 opum
2316 1451 2475 1519 quasi
2495 1450 2823 1520 quihusdam
2850 1452 3092 1521 praemiis
3114 1451 3394 1507 ornandos
3427 1467 3533 1521 pu-

1946 1548 2187 1597 taremus
2212 1559 2225 1596 :
2263 1540 2408 1596 haud
2423 1541 2589 1598 dubie
2609 1557 2678 1596 ne
2698 1543 2938 1598 mundus
2958 1542 3179 1614 quidem
3208 1542 3532 1597 divitiarum
3607 1573 3619 1579 ~

1947 1635 2202 1689 virtutem
2227 1642 2377 1689 tuam
2403 1634 2720 1705 aequaverit.
2745 1634 2933 1690 Liceat
2953 1635 3099 1690 enim
3126 1635 3258 1689 mihi
3282 1633 3532 1688 Salomoo

1946 1725 2033 1780 uis
2050 1725 2153 1779 hoc
2169 1725 2293 1779 loco
2312 1724 2494 1780 verbis
2523 1725 2602 1780 uti
2637 1725 2854 1795 quando
2867 1725 3051 1780 debita
3066 1725 3162 1780 tibi
3185 1724 3535 1779 sanctissimo

1945 1815 2066 1869 viro
2080 1817 2254 1886 gratia
2278 1815 2454 1883 major
2471 1823 2742 1885 est,quam
2765 1830 2890 1886 quae
2903 1816 3184 1887 ulloopum
3199 1815 3375 1885 pretio
3388 1815 3535 1870 aesti-

257 1907 465 1978 ἀγομέν
501 1924 593 1961 σου
635 1910 703 1980 τῇ
741 1908 1188 1980 μεγαλοφροσύνῃ
1209 1950 1224 1974 ,
1260 1907 1432 1980 δῶρον
1453 1950 1469 1974 ,
1501 1903 1548 1962 ὧ
1589 1909 1841 1982 ἄνθρωπε

1948 1906 2146 1961 manda
2192 1905 2392 1961 veniat.
2433 1905 2540 1962 Sed
2572 1922 2703 1962 cum
2728 1915 3146 1962 sacrosanctum
3186 1905 3397 1963 Pascha
3436 1921 3536 1978 po-

255 1997 416 2063 Θεοῦ,
439 1997 759 2070 μικρότερον
786 2000 885 2069 μὲν
912 1999 946 2071 ἢ
980 2001 1056 2063 ὡς
1087 1999 1236 2064 ἄξιον
1257 1993 1396 2053 εἶναί
1426 2017 1509 2054 σοι
1537 2002 1839 2072 προσκομί-

256 2089 472 2154 ζεσθαι,
501 2089 600 2158 τῆς
621 2107 685 2158 γε
717 2090 821 2160 μὴν
842 2092 1125 2161 δυνάμεως
1156 2091 1310 2163 ἡμῶν
1347 2093 1451 2145 οὐκ
1477 2092 1839 2165 ἐνδεέστερον.

258 2183 335 2236 T6
365 2181 422 2234 δὲ
452 2181 624 2252 δῶρον
676 2181 832 2249 λόγος
864 2180 1012 2236 ἐστὶν
1035 2221 1049 2247 ,
1079 2177 1191 2236 οἷον
1241 2184 1455 2254 ἱμάτιόν
1495 2202 1549 2237 τι
1588 2185 1844 2257 πενιχρὸν

257 2275 327 2325 ὲκ
354 2276 452 2343 τῆς
485 2273 707 2343 πτωχῆς
761 2273 918 2344 ήμῶν
969 2275 1208 2340 διανοίας
1251 2278 1352 2330 οὐκ
1397 2277 1613 2341 ἀπόνως
1641 2279 1845 2349 ἐξυφα-

259 2363 480 2432 σμένον.
522 2363 586 2416 Ἦ
619 2364 675 2417 δὲ
699 2364 793 2418 τοῦ
820 2364 978 2434 λόγου
1026 2366 1279 2431 ὑπόθεσις
1310 2368 1558 2439 τολμηρά
1587 2371 1686 2440 μὲν
1715 2371 1844 2435 ἴσως

255 2456 371 2518 τοῖς
395 2454 605 2518 πολλοῖς
632 2449 772 2509 εἶναι
791 2457 952 2521 δόξει,
985 2457 1121 2530 πλὴν
1141 2459 1241 2512 οὐκ
1273 2459 1379 2526 ἔξω
1418 2458 1511 2513 τοῦ
1543 2461 1844 2530 πρέποντος

260 2541 542 2613 ἐνομίσθη.
568 2543 743 2608 Μόνος
770 2544 879 2616 γὰρ
898 2545 1063 2611 ἀξίως
1087 2546 1186 2618 τὴν
1205 2549 1383 2602 κτίσιν
1409 2549 1504 2602 τοῦ
1527 2550 1661 2604 Θεοῦ
1687 2568 1848 2604 κατε-

257 2633 476 2702 νόησεν,
498 2633 527 2684 ό
553 2633 696 2686 κατὰ
717 2633 848 2687 Θεὸν
871 2635 1112 2700 κτισθεὶς
1140 2636 1329 2705 ὅντως,
1358 2640 1454 2691 καὶ
1475 2642 1533 2691 ἐν
1563 2639 1732 2693 εἰκόνι
1751 2638 1844 2692 τοῦ

256 2724 543 2787 κτίσαντος
568 2723 665 2796 τὴν
697 2725 875 2798 ψυχὴν
904 2729 1333 2800 μεμορφωμένος
1361 2731 1658 2794 Βασίλειος,
1682 2734 1710 2786 6
1730 2750 1848 2786 κοι-

255 2815 348 2878 νὸς
376 2815 530 2886 ἡμῶν
563 2817 744 2889 πατὴρ
780 2820 872 2871 καὶ
906 2819 1258 2887 διδάσκαλος,
1279 2822 1338 2885 ὃς
1376 2823 1474 2893 τὴν
1509 2823 1718 2894 ὑψηλὴν
1750 2824 1844 2877 τοῦ

256 2907 461 2970 παντὸς
476 2907 833 2980 διακόσμησιν
849 2909 1115 2982 εὔληπτον
1134 2915 1248 2973 τοῖς
1261 2913 1472 2976 πολλοῖς
1492 2913 1580 2967 διὰ
1592 2917 1690 2986 τῆς
1715 2916 1849 2979 ίδίας

256 2997 493 3069 Θεωρίας
520 3000 765 3072 ἐποίησε,
795 3003 888 3054 καὶ
925 3003 1014 3055 τὸν
1048 3004 1106 3056 ἐν
1145 3005 1210 3075 τῇ
1237 3001 1464 3076 ἀληθινῇ
1501 3005 1661 3076 σοφίᾳ
1700 3006 1850 3077 παρὰ

253 3089 354 3142 τοῦ
403 3088 538 3144 Θεοῦ
571 3093 839 3145 συστάντα
890 3095 1093 3165 κόσμον
1119 3097 1396 3168 γνώριμον
1451 3102 1563 3161 τοῖς
1612 3098 1700 3152 διὰ
1752 3100 1848 3171 τῆς

258 3182 527 3246 συνέσεως
554 3183 719 3238 αὑτοῦ
747 3189 813 3257 τῇ
845 3185 1048 3260 θεωρίᾳ
1079 3191 1510 3261 προσαγομένοις
1533 3195 1785 3263 ποιήσας.

1946 2000 2133 2063 stulet,
2156 2007 2214 2053 ut
2235 2015 2302 2054 ex
2326 2014 2478 2054 more
2506 1999 2602 2054 tibi
2635 2003 2882 2056 muneris
2905 2001 3132 2071 aliquid,
3163 2001 3231 2056 de
3253 2016 3364 2070 quo
3384 2015 3536 2053 amo-

1944 2105 2060 2146 rem
2091 2106 2219 2160 erga
2247 2099 2300 2146 te
2329 2105 2506 2145 meum
2537 2091 2856 2162 perspicias,
2877 2094 3152 2147 tribuam:
3185 2092 3352 2149 aliero
3377 2093 3537 2163 quid-

1946 2180 2069 2236 dam
2095 2181 2164 2236 ad
2186 2191 2239 2238 te
2267 2183 2540 2237 hominem
2563 2184 2886 2253 praeclarum
2910 2224 2926 2248 ,
2949 2184 3169 2255 Deoque
3211 2193 3494 2254 acceptum
3517 2226 3535 2252 ,

1946 2289 2057 2329 non
2105 2275 2239 2329 illud
2277 2275 2494 2344 quidem
2531 2284 2586 2330 te
2624 2275 2871 2345 dignum,
2910 2291 3030 2330 mea
3059 2286 3240 2330 tamen
3273 2276 3536 2332 facultate

1946 2385 2115 2440 prope
2145 2369 2342 2437 majus.
2369 2366 2462 2422 Est
2483 2376 2662 2423 autem
2687 2382 2891 2424 munus
2918 2368 3023 2423 hoc
3050 2376 3302 2424 nostrum
3335 2367 3535 2434 oratio,

1947 2460 2104 2531 quasi
2127 2460 2232 2513 vile
2261 2459 2533 2528 quoddam
2572 2459 2958 2512 vestimentum
2989 2459 3044 2511 in
3065 2473 3302 2527 paupere
3333 2457 3536 2527 ingenii

1948 2551 2122 2606 nostri
2140 2549 2370 2610 ofﬁcina,
2392 2565 2498 2604 non
2523 2560 2704 2603 tamen
2728 2550 2878 2604 nullo
2904 2549 3091 2604 labore
3111 2557 3448 2624 contextum.
3475 2548 3538 2604 Et
3587 2624 3590 2625 ν

1947 2657 2262 2712 quanquam
2305 2641 2523 2696 futuros
2581 2642 2848 2705 arbitror,
2883 2642 2975 2710 qui
3012 2641 3298 2696 audaciam
3330 2641 3385 2694 in
3425 2641 3537 2696 ela-

1947 2734 2193 2789 borando
2245 2733 2340 2788 tali
2393 2746 2560 2802 opere
2596 2733 2708 2786 sint
2761 2733 3166 2801 reprehensuri,
3206 2748 3312 2787 nos
3355 2741 3536 2788 tamen

1948 2827 2086 2881 nihil
2117 2826 2172 2878 in
2229 2825 2334 2878 hoc
2386 2825 2654 2878 committi
2705 2823 2972 2878 adversus
3025 2823 3210 2878 decori
3263 2824 3535 2877 rationem

1949 2917 2199 2988 persuasi
2253 2931 2464 2970 sumus.
2515 2915 2749 2970 Basilius
2790 2918 2975 2980 enim,
3029 2930 3140 2985 quo
3191 2923 3419 2985 uterque
3479 2922 3539 2969 ut

1951 3020 2104 3082 patre
2137 3009 2508 3078 magistroque
2543 3009 2624 3063 usi
2675 3021 2892 3076 sumus,
2944 3008 3122 3063 factus
3177 3008 3322 3062 haud
3371 3006 3539 3063 dubie

1953 3103 2063 3158 Deo
2097 3102 2429 3164 simillimus,
2461 3110 2512 3154 et
2542 3101 2728 3156 animo
2785 3101 2854 3155 ad
2897 3115 3217 3171 expressam
3267 3099 3538 3154 creatoris
3646 3137 3650 3150 .

1953 3196 2244 3265 imaginem
2297 3191 2695 3257 conformatus,
2750 3191 2902 3248 solus
2931 3191 3175 3261 profecto
3218 3199 3401 3246 creata
3443 3190 3537 3246 Dei

256 3289 356 3344 pro
411 3274 653 3345 ipsorum
712 3283 1023 3348 praastantia
1077 3282 1448 3337 consideravit
1494 3295 1549 3339 et
1605 3286 1838 3339 arduum
1901 3286 2005 3342 hoc
2061 3285 2438 3341 universitatis
2503 3300 2689 3340 rerum
2744 3285 3329 3356 elegantissimutnque
3381 3284 3538 3354 opili—
3606 3273 3608 3275 ί

253 3366 404 3423 cium
460 3368 898 3425 consideratione
956 3387 1054 3426 sua
1109 3373 1191 3426 sic
1247 3373 1582 3440 illustravit,
1640 3386 1699 3431 nt
1734 3376 1869 3432 illud
1905 3377 2016 3448 jam
2075 3376 2467 3448 comprehendi
2530 3377 2742 3431 ratione
2809 3375 3057 3445 cujusvis
3111 3375 3320 3446 possit;
3374 3383 3539 3442 atque

252 3458 396 3515 adeo
449 3459 636 3515 mundi
686 3461 873 3532 hujus,
911 3479 1040 3518 vera
1076 3463 1170 3520 Dei
1211 3466 1480 3535 sapientia
1532 3469 1762 3537 conditi,
1820 3472 2188 3543 cognitionem
2236 3471 2522 3526 hominum
2563 3471 2765 3527 animis
2804 3470 3037 3536 indidit,
3092 3483 3235 3540 quos
3287 3467 3537 3523 doctrina

255 3567 358 3611 sua
380 3552 449 3606 ad
483 3570 664 3610 rerum
697 3556 1217 3626 contemplationem
1251 3557 1497 3615 adduxit.

338 3645 524 3716 Ἡμεῖς
575 3647 633 3699 δὲ
687 3647 783 3700 καὶ
829 3646 924 3700 τοῦ
973 3648 1276 3718 θαυμάζειν
1318 3651 1480 3706 αὐτὸν
1515 3655 1636 3708 κατ’
1684 3650 1840 3718 ἀξίαν

2015 3648 2175 3703 Hunc
2210 3663 2309 3703 nos
2339 3662 2466 3702 cum
2497 3645 2760 3702 admirari
2802 3647 2938 3702 satis
2975 3645 3130 3700 nullo
3154 3645 3315 3702 modo
3347 3663 3538 3718 posse-

255 3737 452 3800 ἐνδεῶς
480 3737 715 3808 ἔχοντες,
741 3737 877 3808 ὁμοῦ
921 3737 983 3790 τὸ
1036 3737 1218 3791 λεῖπον
1263 3743 1378 3803 τοῖς
1412 3741 1842 3813 τεθεωρημένοις

254 3828 337 3900 τῷ
387 3829 608 3901 μεγάλῳ
651 3828 972 3900 προσθεῖναι
1023 3830 1380 3902 διενοήθημεν
1407 3873 1423 3898 ,
1481 3833 1578 3904 οὐχ
1629 3834 1706 3897 ὡς
1750 3851 1838 3888 νο-

257 3919 508 3985 θεύοντες
565 3922 633 3976 δι’
696 3921 965 3993 ὑποϐολῆς
1025 3923 1117 3977 τὸν
1179 3925 1389 3978 ἐκείνου
1462 3927 1623 3980 πόνον
1679 3926 1841 3994 (οὐδὲ

252 4013 367 4082 γὰρ
415 4011 570 4082 θέμις
619 4013 681 4066 τὸ
734 4014 936 4086 ὑψηλὸν
995 4015 1174 4069 ἐκεῖνο
1227 4016 1659 4087 καθυϐρισθῆναι
1717 4017 1842 4071 στό-

259 4119 342 4172 μα
395 4105 506 4165 τοῖς
553 4105 842 4175 ἡμετέροις
893 4108 1360 4178 ἐπιφημιζόμενον
1417 4107 1667 4177 λόγοις),
1723 4107 1840 4162 ἀλλ’

253 4192 336 4256 ὡς
376 4192 452 4264 μὴ
500 4195 676 4248 δοκεῖν
727 4195 920 4268 ἐλλιπῆ
967 4197 1064 4250 τοῦ
1097 4197 1420 4251 διδασκάλου
1440 4198 1552 4269 ’τὴν
1595 4197 1750 4262 δόξαν
1782 4198 1842 4252 ἐν

253 4285 373 4345 τοῖς
421 4284 688 4355 μαθηταῖς
736 4287 901 4340 αὐτοῦ
951 4283 1110 4342 εἶναι.
1151 4289 1211 4342 El
1265 4289 1376 4360 γὰρ
1412 4287 1705 4360 λειπούσης
1741 4290 1843 4360 τῆς

265 4374 604 4448 Ἐξαημέρου
640 4378 738 4448 τῆς
787 4381 868 4443 είς
899 4380 992 4435 τὸν
1025 4381 1312 4453 ἄνθρωπον
1357 4380 1608 4451 θεωρίας,
1652 4382 1843 4453 μηδεὶς

254 4465 367 4521 τῶν
392 4468 848 4538 μαθητευσάντων
877 4473 1025 4544 αὐτῷ
1052 4475 1288 4540 σπουδήν
1311 4461 1436 4528 τινα
1467 4474 1602 4543 πρὸς
1623 4474 1722 4544 τὴν
1743 4473 1838 4526 τοῦ

253 4558 534 4624 λείποντος
557 4562 955 4636 ἀναπλήρωσιν
1008 4565 1399 4634 εἰσενέγκαιτο,
1430 4564 1587 4635 ἔσχεν
1643 4563 1713 4618 ἂν
1759 4563 1840 4617 εί-

256 4651 433 4716 κότως
462 4654 600 4708 κατὰ
636 4655 738 4726 τῆς
787 4657 1028 4729 μεγάλης
1059 4657 1226 4712 αὑτοῦ
1277 4657 1434 4727 δόξης
1458 4659 1486 4710 6
1514 4656 1702 4728 μῶμος
1742 4655 1838 4709 λα-

256 4743 382 4814 δῆνν
415 4744 491 4809 ὡς
520 4745 594 4818 μὴ
626 4747 978 4820 βουληθέντος
1010 4749 1123 4816 ἕξιν
1153 4749 1275 4803 τινὰ
1297 4748 1697 4820 κατανοητικὴν
1723 4748 1838 4811 τοῖς

256 4835 558 4905 ἀκροαταῖς
578 4837 996 4909 ἐνεργάσασθαι.
1015 4839 1154 4894 Νυνὶ
1179 4839 1236 4893 δὲ
1262 4839 1404 4893 κατὰ
1427 4838 1659 4910 δύναμιν
1680 4837 1838 4909 ήμῶν

256 4923 743 4998 ἐπιτολμησάντων
768 4931 835 5000 τῇ
883 4929 1274 5002 ἐξηγήσει·τοῦ
1325 4928 1622 4994 λείποντος,
1651 4930 1700 4982 εἰ
1735 4928 1838 5000 μέν

1947 3755 2093 3801 mus,
2152 3738 2330 3792 visum
2368 3747 2455 3793 est
2508 3737 2756 3807 quaedam
2796 3737 2863 3791 ad
2897 3752 2959 3791 ea
3003 3750 3124 3807 quae
3172 3752 3404 3807 magnus
3447 3741 3538 3795 ille

1945 3830 2029 3884 vir
2064 3825 2371 3898 indaganda
2410 3827 2860 3897 pervestigasset,
2912 3826 3152 3896 adjicere
3189 3845 3201 3882 :
3235 3843 3341 3881 non
3387 3831 3538 3899 quod

1947 3922 2120 3992 ipsius
2165 3921 2406 3974 laborem
2443 3928 2603 3989 partu
2650 3920 2999 3990 supposititio
3043 3921 3420 3976 contaminare
3466 3923 3539 3978 sit

1948 4016 2185 4078 animus,
2209 4010 2432 4083 quando
2466 4013 2623 4070 nefas
2676 4011 2846 4068 fuerit
2872 4012 3352 4082 praeclarissimum
3401 4014 3538 4070 illud

1947 4127 2010 4166 os
2039 4110 2176 4164 allici
2204 4110 2427 4179 injuria,
2461 4107 2796 4164 celebratum
2827 4106 3075 4160 oratione
3102 4113 3312 4169 nostra,
3346 4106 3443 4162 sed
3478 4115 3538 4160 ut

1946 4202 2194 4268 magistri
2223 4203 2452 4272 gloriam
2481 4202 2536 4256 in
2565 4198 2854 4270 discipulis
2881 4211 3225 4268 nequaquam
3266 4197 3538 4255 defecisse

1946 4295 2290 4350 ostendatur.
2339 4293 2476 4346 Nam
2514 4306 2639 4346 cum
2672 4292 2727 4344 in
2767 4289 3118 4344 enarratione
3151 4304 3378 4358 operum
3413 4306 3538 4361 quas

1947 4382 2091 4440 Deus
2151 4400 2247 4439 sex
2302 4384 2498 4438 diebus
2548 4381 2807 4446 absolvit,
2860 4380 3102 4434 hominis
3165 4380 3534 4437 consideratio

1946 4477 2123 4542 desit;
2175 4476 2220 4531 si
2274 4474 2672 4546 discipulorum
2719 4486 2881 4526 nemo
2931 4471 3038 4525 hac
3075 4471 3132 4524 in
3177 4478 3330 4540 parte
3371 4472 3536 4542 perti-

1945 4568 2139 4624 cienda
2171 4583 2396 4638 operam
2432 4565 2792 4636 impendisset
2821 4579 3000 4630 suam,
3040 4563 3322 4619 habuisset
3351 4579 3534 4620 causae

1945 4660 2196 4716 nonnihil
2238 4660 2504 4716 adversus
2539 4657 2800 4714 eximiam
2829 4656 2932 4710 viri
2977 4654 3205 4740 gloriam
3239 4655 3534 4726 reprehen-

1946 4763 2131 4805 sorum
2178 4748 2363 4812 libido,
2400 4746 2560 4818 quasi
2608 4746 2702 4817 qui
2745 4745 2813 4800 ad
2857 4760 2947 4801 res
2978 4746 3160 4800 animo
3196 4745 3532 4815 indagandae.

1944 4841 2228 4895 auditores
2278 4853 2411 4895 suos
2439 4837 2827 4894 consuefacere
2877 4837 3163 4892 noluisset.
3204 4835 3362 4891 Nunc
3406 4851 3532 4892 cum

1944 4947 2008 4988 ea
2064 4946 2166 4987 nos
2227 4946 2350 5002 quae
2404 4931 2642 4998 desunt,
2685 4927 3027 4998 explananda
3078 4928 3362 4998 suscipere
3411 4929 3533 4983 ausi

254 5033 310 5070 τι
354 5017 594 5072 τοιοῦτον
653 5022 710 5074 ὲν
763 5023 878 5086 toi;
923 5022 1213 5093 ἡμετέροις
1259 5021 1543 5093 εὑρεθείη,
1574 5017 1691 5076 οἷον
1737 5021 1840 5092 τῆς

1948 5026 2144 5090 simus,
2176 5031 2441 5094 quantum
2465 5021 2683 5092 quidem
2716 5021 2772 5075 in
2807 5021 2969 5076 nobis
2996 5021 3135 5088 erit;
3180 5021 3223 5074 si
3260 5019 3390 5090 quid
3428 5021 3532 5090 hac

257 5109 470 5164 ἐκείνου
513 5112 863 5179 διδασκαλίας
899 5115 974 5187 μὴ
1009 5115 1225 5181 ἀνάξιον
1268 5112 1430 5182 εἶναι,
1461 5117 1543 5178 είς
1575 5115 1666 5168 τὸν
1695 5115 1842 5170 διδά-

257 5201 454 5255 σκαλον
496 5204 717 5269 πάντως
764 5206 862 5277 τὴν
912 5209 1190 5281 ἀναφορὰν
1225 5206 1339 5272 ἔξει
1361 5223 1375 5238 ·
1407 5208 1457 5260 εί
1487 5207 1546 5260 δὲ
1585 5208 1662 5278 μὴ
1699 5205 1839 5259 καθ-ν

259 5293 427 5347 ίκοιτο
456 5295 560 5367 τῆς
590 5298 966 5369 μεγαλοφυοῦς
1003 5300 1238 5373 θεωρίας
1263 5303 1294 5354 6
1345 5300 1611 5371 ἡμέτερος
1657 5298 1836 5367 λόγος,

255 5386 285 5438 6
313 5386 413 5456 μὲν
445 5386 553 5454 ἐξω
595 5389 697 5459 τῆς
733 5391 990 5462 τοιαύτης
1028 5393 1182 5446 ἔσται
1219 5391 1554 5463 κατηγορίας
1574 5433 1590 5458 ν
1620 5391 1716 5446 τοῦ
1763 5392 1838 5465 μὴ

257 5475 543 5547 βούλεσθαι
578 5479 758 5534 δοκεῖν
791 5484 902 5546 τοῖς
930 5483 1200 5554 μαθηταῖς
1226 5483 1542 5551 ἐγγενέσθαι
1565 5501 1618 5536 τι
1643 5482 1838 5550 δεξιὸν,

255 5569 508 5639 ἐκφυγὼν
543 5571 640 5642 τὴν
671 5572 899 5644 μέμψιν,
935 5575 1094 5646 ἡμεῖς
1127 5575 1171 5628 δ’
1200 5574 1266 5629 ἃν
1292 5575 1518 5637 εἰκότως
1550 5573 1840 5628 ὑπεύθυνοι

255 5659 494 5732 ὥξωμεν
529 5665 645 5727 τοῖς
681 5665 1169 5734 μωμοσκοποῦσιν,
1197 5666 1272 5730 ὡς
1306 5666 1366 5719 οὐ
1401 5667 1750 5736 χωρήσαντες
1780 5667 1840 5719 ἐν

255 5752 330 5822 τῷ
364 5757 662 5826 μυιροφυεῖ
692 5755 793 5825 τῆς
822 5756 1046 5828 καρδίας
1078 5759 1238 5829 ἡμῶν
1272 5758 1366 5812 τοῦ
1398 5757 1712 5828 καθηγητοῦ
1739 5759 1838 5828 τὴν

257 5848 463 5917 σοφίαν.
503 5849 660 5902 Ἐστι
690 5847 734 5900 δ’
783 5847 843 5900 οὐ
895 5849 1086 5923 μικρὸς
1133 5853 1159 5904 ὁ
1194 5852 1548 5923 προκείμενος
1590 5853 1720 5921 ἡμῖν
1759 5853 1835 5916 είς

1947 5121 2136 5169 nostra
2184 5115 2239 5168 in
2269 5113 2748 5180 commentatione
2793 5112 3114 5182 reperietur,
3161 5110 3308 5180 quod
3357 5111 3531 5179 ipsius

1945 5206 2202 5262 doctrina
2234 5221 2342 5260 non
2382 5203 2455 5259 sit
2485 5203 2789 5272 indignum,
2824 5202 2877 5257 id
2910 5217 3074 5259 omne
3115 5199 3529 5270 scilicet'magi-

1946 5305 2064 5353 stre
2113 5301 2396 5365 acceptum
2440 5291 2724 5348 ferendum
2777 5293 2917 5357 erit;
2989 5293 3074 5348 sin
3124 5299 3303 5345 autem
3349 5289 3530 5349 oratio

1945 5397 2132 5442 nostra
2157 5384 2664 5456 praestantissimam
2704 5382 2879 5454 ipsius
2904 5383 2958 5437 in
2987 5379 3386 5438 considerando
3413 5381 3524 5439 vim

1947 5494 2056 5534 non
2095 5483 2441 5547 assequetur,
2486 5473 2736 5530 accusari
2781 5475 2872 5530 ille
2914 5487 3254 5544 nequaquam
3284 5472 3524 5537 debebit,

1942 5570 2101 5641 quasi
2138 5557 2498 5625 eruditionem
2539 5567 2827 5637 discipulis
2855 5565 3126 5630 inviderit,
3162 5579 3191 5619 a
3227 5580 3334 5636 qua
3367 5565 3524 5637 culpa

1945 5662 2317 5718 alienissimus
2346 5659 2656 5716 censendus
2685 5659 2810 5722 erit,
2845 5667 3008 5727 atque
3025 5657 3161 5712 adeo
3190 5673 3292 5713 nos
3328 5658 3526 5712 merito

1945 5764 2137 5811 nostro
2163 5754 2232 5810 ab
2260 5753 2495 5809 curiosis
2519 5751 2640 5807 istis
2670 5750 3161 5821 reprehensorihus
3191 5750 3264 5805 rei
3301 5764 3526 5820 perage-

1949 5863 2102 5913 mur,
2166 5847 2257 5917 qui
2321 5853 2553 5916 angusto
2613 5851 2835 5922 pectore
2889 5843 3131 5914 magistri
3202 5840 3520 5911 sapientiam
