3880 6398
288 413 396 475 H9

287 631 493 695 παντὸς
543 635 941 706 μηχανήματος
980 633 1499 706 προκατεσκευάσθη
1542 634 1651 688 τῶν
1692 635 1881 697 όντων,

285 720 613 787 δεικνύντος,
649 717 832 794 οἶμαι,
864 722 955 777 τοῦ
1008 724 1243 795 μεγάλου
1290 724 1534 795 Μωσέως
1573 724 1660 778 διά
1687 724 1781 778 τοῦ
1823 726 1884 777 ὲν

286 811 429 882 ἀρχῇ
465 811 558 864 τὸν
597 813 829 884 οὐρανὸν
858 814 952 868 καὶ
995 814 1096 886 τὴν
1124 813 1230 884 γῆν
1254 813 1404 885 παρὰ
1431 814 1528 867 τοῦ
1557 814 1692 868 Θεοῦ
1720 830 1886 884 γεγεο

290 902 487 972 νῆσθαι
512 904 724 969 εἰπεῖν,
758 906 840 958 ὅτι
884 903 1150 975 κινήσεώς
1176 922 1239 957 τε
1266 905 1363 959 καὶ
1398 906 1640 969 στάσεως
1683 905 1881 974 ἔκγονα

286 994 357 1047 τὰ
384 996 443 1049 ὲν
470 998 538 1067 τῇ
575 997 753 1050 κτίσει
788 996 1087 1066 φαινόμενα
1121 998 1329 1060 πάντα,
1362 997 1433 1052 τά
1467 999 1607 1052 κατά
1635 999 1698 1052 τὸ
1739 999 1881 1053 θεῖον

290 1083 542 1155 βούλημα
572 1087 926 1157 παραχθέντα
969 1089 1049 1151 είς
1083 1086 1318 1156 γένεσιν.
1362 1086 1470 1141 Τοῦ
1508 1087 1686 1142 τοίνυν
1711 1089 1879 1160 οὐρα-

286 1175 380 1230 νοῦ
414 1179 511 1232 καὶ
535 1181 635 1248 τῆς
670 1179 776 1248 γῆς
804 1179 869 1232 ὲκ
899 1178 1193 1250 διαμέτρου
1238 1179 1375 1249 πρὸς
1404 1179 1608 1251 ἄλληλα
1645 1180 1788 1234 κατά
1818 1180 1880 1235 τὺ

287 1269 530 1321 ἐναντίον
563 1269 663 1337 τῆς
701 1268 980 1340 ἐνεργείας
1019 1268 1398 1337 διεστηκότων,
1437 1269 1470 1339 ή
1515 1268 1720 1339 μεταξὺ
1762 1270 1877 1324 τῶν

287 1361 546 1413 ἐναντίων
583 1360 762 1425 κτίσις
798 1362 858 1414 ὲν
912 1360 1070 1431 μέρει
1109 1359 1218 1413 τῶν
1275 1360 1695 1432 παρακειμένων
1748 1378 1878 1431 μετ-

286 1451 507 1519 έχουσα.
534 1450 601 1504 δι’
623 1451 824 1522 ἑαυτῆς
849 1450 1121 1522 μεσιτεύει
1137 1453 1251 1515 τοῖς
1269 1451 1480 1522 ἄκροις,
1503 1452 1578 1516 ὡς
1602 1453 1667 1506 ἂν
1690 1452 1879 1523 ἐπίδη-

284 1540 378 1593 λον
403 1541 660 1609 γενέσθαι
693 1543 794 1612 τὴν
824 1542 962 1614 πρὸς
990 1542 1195 1614 ἄλληλα
1238 1544 1346 1597 τῶν
1374 1544 1635 1598 ἐναντίων
1663 1544 1753 1598 διὰ
1779 1544 1874 1607 τοῦ

288 1634 459 1702 μέσου
490 1634 805 1703 συνάφειαν.
847 1635 920 1688 Τὸ
951 1634 1060 1708 γὰρ
1093 1633 1403 1707 ἀεικίνητον
1431 1637 1524 1690 καὶ
1551 1637 1748 1691 λεπτὸν
1775 1638 1877 1708 τῆς

282 1723 573 1794 πυρώδους
597 1726 785 1789 οὐσίας
820 1729 1066 1798 μιμεῖται
1105 1728 1204 1799 μέν
1235 1744 1355 1792 πως
1392 1728 1422 1781 ό
1450 1728 1576 1801 ἀὴρ,
1612 1727 1671 1782 ἐν
1706 1746 1765 1782 τε
1793 1728 1874 1800 τῷ

284 1817 477 1889 κούφῳ
514 1819 613 1890 τῆς
638 1818 855 1887 φύσεως
889 1820 985 1874 καὶ
1010 1819 1089 1891 τῷ
1121 1819 1260 1892 πρὸς
1284 1819 1393 1892 τὴν,
1427 1820 1642 1891 κίνησιν
1685 1822 1874 1893 ὲπιτη·

1525 422 1610 477 DF.
1651 422 1933 481 "03"le
1969 427 2284 486 OPIFICIO.
2328 451 2333 455 ’

192 548 203 553 ’
288 535 433 593 κατά
463 537 566 611 τὴν
594 539 693 593 τοῦ
732 540 1092 613 πεποιηκότος
1127 540 1339 609 σοφίαν,
1367 535 1480 595 οἷόν
1509 559 1591 606 τις
1615 543 1757 616 ἀρχὴ
1785 543 1880 599 τοῦ

1989 547 2250 606 dimoveri
2294 558 2505 623 potest;
2543 564 2723 622 neque
2755 548 2956 606 emtum
3006 549 3072 607 de
3103 549 3424 609 vehemente
3465 571 3578 609 mo-

3475 436 3578 494 150

1991 645 2080 692 tus
2108 638 2311 710 impetu
2348 641 2649 712 quidquam
2689 641 2936 697 remittit.
2972 639 3097 695 Hane
3127 641 3300 711 prima
3335 642 3581 699 omnium

1989 731 2254 786 exstitere
2286 733 2341 786 in
2376 740 2501 787 ortu
2536 747 2745 797 rerum,
2779 732 2994 788 volente
3018 732 3285 788 creatoris
3310 732 3579 804 sapientia
3673 797 3684 806 ,

1988 837 2112 879 esse
2131 838 2194 879 ea
2248 825 2523 896 quoddam
2560 824 2777 879 initium
2823 824 3024 896 opificii
3073 826 3179 881 sui.
3221 825 3408 896 Itaque
3463 842 3579 880 nia-

1986 929 2152 985 gnum
2190 915 2341 969 illum
2384 915 2594 980 Mosen,
2634 931 2758 972 cum
2804 917 2880 972 ait
2914 917 3073 972 initio
3114 917 3313 972 coelum
3346 934 3410 973 ac
3464 927 3581 973 tero

1986 1018 2103 1058 ram
2140 1003 2307 1059 Deum
2347 1006 2681 1072 condidisse,
2739 1006 2845 1061 hoc
2893 1006 3138 1061 indicare
3183 1006 3423 1061 voluisse
3461 1008 3580 1062 exi-

1987 1094 2154 1149 stimo
2190 1112 2203 1147 :
2235 1110 2327 1150 res
2366 1095 2677 1160 universas,
2708 1111 2830 1166 quae
2860 1095 3002 1151 inter
3031 1104 3213 1151 creata
3249 1104 3575 1161 cernuntur,

1986 1180 2163 1252 deque
2220 1182 2500 1238 voluntate
2560 1199 2623 1238 ac
2676 1186 2947 1240 sententia
3009 1182 3105 1240 Dei
3154 1196 3356 1241 exortae
3409 1194 3576 1253 sunt,

1984 1285 2016 1325 a
2051 1281 2198 1326 motu
2233 1280 2291 1328 et
2326 1274 2511 1343 quiete
2556 1273 2831 1343 profectas
2878 1291 3021 1331 esse.
3056 1276 3235 1346 Atque
3280 1276 3383 1330 hoc
3414 1284 3577 1347 pacto

1983 1362 2127 1418 cmlo
2175 1372 2229 1417 et
2265 1371 2408 1418 terra
2439 1380 2508 1418 ex
2553 1363 2822 1419 diametro
2864 1364 3007 1420 inter
3040 1380 3100 1421 se
3126 1365 3408 1420 contraria
3443 1364 3577 1421 alie-

1983 1452 2169 1508 ctione
2195 1452 2616 1519 dissidentibus,
2650 1463 2835 1510 creata
2873 1464 3090 1520 cetera,
3123 1471 3246 1526 qua:
3272 1457 3362 1512 his
3401 1457 3570 1512 inter-

1977 1542 2122 1613 jecta
2151 1554 2303 1609 sunt,
2338 1560 2466 1600 cum
2507 1545 2759 1600 nonnihil
2789 1561 2915 1601 cum
2949 1547 3115 1601 rebus
3155 1546 3262 1602 sibi
3300 1546 3576 1617 contiguis

1982 1652 2279 1694 commune
2310 1639 2568 1705 habeant,
2609 1640 2753 1695 inter
2779 1646 3024 1696 extrema
3072 1638 3164 1694 illa
3205 1649 3379 1696 semet
3400 1640 3572 1709 quasi

1981 1727 2361 1800 interponunt,
2409 1739 2470 1785 ut
2518 1730 2678 1787 facile
2728 1738 2990 1802 appareat
3036 1746 3145 1802 quo
3178 1739 3339 1801 pacto
3372 1747 3468 1802 per
3508 1747 3573 1787 ea.

1980 1832 2104 1887 quae
2162 1818 2342 1874 media
2394 1819 2539 1875 inter
2597 1819 2716 1875 haec
2753 1820 3092 1884 consistunt,
3116 1834 3221 1876 .res
3274 1822 3570 1890 αξιοι-οιιυὶ

281 1909 439 1974 δείως
463 1909 626 1980 ἔχειν.
655 1912 730 1965 Οὐ
756 1911 863 1983 μὴν
891 1912 1133 1977 τοιοῦτός
1167 1915 1335 1981 ἐστιν,
1372 1908 1488 1978 οἷος
1513 1915 1611 1986 τῆς
1640 1913 1778 1986 πρὸς
1800 1915 1871 1970 τά

1982 1906 2307 1965 dissidentes
2372 1917 2567 1965 mutuo
2608 1917 3028 1965 connectantur.
3076 1908 3213 1965 Nam
3269 1925 3366 1966 aer
3409 1911 3574 1966 modo

284 2003 461 2069 πάγια
509 2003 831 2072 συγγενείας
881 2003 1294 2075 ἀλλοτριώσὼι
1313 2042 1330 2068 ,
1378 2002 1504 2058 οὕτε
1551 2003 1640 2058 ἀεὶ
1694 2003 1872 2076 μένων

282 2095 557 2166 ἀκίνητος,
590 2095 716 2151 οὔτε
762 2096 1056 2161 διαπαντὸς
1094 2097 1236 2170 ῥέων
1267 2097 1362 2152 καὶ
1407 2096 1828 2169 σκεδαννύμενος
1853 2115 1870 2131 ο

282 2184 424 2238 ἀλλά
440 2187 506 2256 τῇ
521 2185 655 2257 πρὸς
671 2185 859 2257 ἕτερον
871 2186 1162 2258 οίκειότητι
1184 2181 1294 2241 οἷόν
1314 2205 1367 2240 τι
1387 2185 1636 2258 μεθόριον
1645 2187 1744 2258 τῆς
1764 2186 1873 2241 τῶν

283 2274 578 2346 ἐνεργειῶν
601 2277 974 2348 ἐναντιότητος
1001 2276 1231 2344 γίνεται,
1252 2277 1446 2347 μιγνὺς
1474 2277 1591 2348 ἅμα
1620 2277 1717 2331 καὶ
1733 2277 1873 2332 διαι-

288 2365 398 2436 ρῶν
407 2367 467 2418 ὲν
480 2365 630 2438 αὑτῷ
639 2366 708 2421 τά
716 2366 977 2422 διεστῶτα
985 2371 1051 2440 τῇ
1067 2366 1404 2437 φύσει.Κατά
1412 2368 1506 2423 τὸν
1515 2368 1677 2422 αὐτὸν
1690 2367 1872 2437 λόγον,

287 2458 388 2512 καὶ
408 2460 441 2530 ἡ
473 2459 615 2531 ὑγρὰ
638 2459 794 2514 οὐσία
813 2459 1025 2524 διπλαῖς
1048 2459 1291 2532 ποιότησι
1314 2460 1453 2533 πρὸς
1472 2460 1733 2533 ἑκάτερον
1760 2459 1873 2515 τῶν

284 2551 548 2603 ἐναντίων
577 2550 896 2623 ἁρμόζεται.
923 2550 1014 2622 Τῷ
1051 2552 1150 2623 μὲν
1163 2553 1274 2624 γάρ
1294 2551 1487 2624 βαρεῖά
1505 2570 1567 2607 τε
1586 2552 1679 2607 καὶ
1691 2569 1870 2607 κατω-

1980 1997 2219 2070 quodam
2288 1999 2651 2055 mobilitatem
2697 2008 3039 2071 perpetuam,
3099 2000 3574 2071 subtilitatemque

1980 2090 2158 2162 ignea
2191 2100 2407 2149 natura:
2443 2094 2709 2148 imitatur.
2748 2093 2847 2150 Est
2885 2093 3032 2148 enim
3063 2100 3120 2149 et
3149 2093 3366 2149 levitate
3403 2101 3569 2147 natu-

1976 2183 2077 2237 rali
2106 2183 2398 2254 praeditus,
2430 2193 2486 2241 et
2522 2185 2589 2239 ad
2634 2194 2842 2240 motum
2878 2185 3164 2257 aptissime
3189 2193 3567 2256 comparatus.

1975 2271 2162 2344 Neque
2199 2281 2383 2330 tamen
2414 2276 2622 2333 idcirco
2654 2277 2812 2347 plane
2857 2284 2943 2332 est
2971 2277 3042 2332 ab
3078 2277 3229 2331 omni
3260 2275 3568 2331 solidorum

1976 2364 2303 2434 cognatione
2347 2366 2594 2431 alienus,
2640 2381 2766 2422 nam
2809 2374 2868 2422 ut
2897 2382 3114 2439 semper
3153 2375 3334 2423 motus
3372 2381 3572 2438 expers

1974 2469 2087 2510 non
2118 2465 2238 2525 est,
2273 2457 2349 2512 ita
2383 2474 2601 2530 semper
2630 2459 2797 2515 etiam
2840 2474 2952 2514 non
2988 2458 3105 2515 fluit
3142 2467 3238 2515 aut
3270 2459 3571 2530 spargitur,

1973 2545 2071 2601 sed
2120 2547 2181 2604 ﬁt
2206 2549 2444 2621 quadam
2477 2549 2546 2606 ad
2594 2558 2891 2621 utrumque
2932 2552 3281 2623 cognatione,
3318 2559 3379 2607 ut
3429 2551 3573 2607 inter

284 2638 459 2709 φερὴς
468 2635 834 2713 almumalth
846 2640 983 2713 πρὸς
993 2642 1054 2695 τὸ
1068 2641 1268 2710 γεῶδες
1276 2642 1377 2716 τὴν
1392 2642 1713 2715 συγγένειαν
1728 2643 1863 2715 ἔχει.

1982 2656 2062 2699 res
2097 2640 2479 2703 ed'ectionibus
2509 2641 2744 2699 diversis
2778 2641 3132 2698 adversantes
3175 2642 3281 2699 sibi
3320 2643 3567 2713 quidam,

284 2732 447 2804 quasi
491 2727 649 2791 limes
693 2735 793 2803 sit;
833 2742 999 2807 atque
1040 2737 1180 2794 adeo
1234 2746 1434 2794 natura
1486 2742 1629 2796 inter
1682 2754 1745 2796 se
1776 2740 2102 2798 dissidentia
2135 2752 2262 2794 cum
2293 2736 2598 2803 consociet,
2641 2743 2758 2791 tum
2810 2745 3080 2793 secernat.
3142 2735 3345 2791 Eodem
3407 2737 3575 2792 modo

284 2835 343 2886 et
376 2829 573 2884 humor
598 2829 803 2902 duplici
829 2831 1096 2903 qualitate
1124 2833 1193 2889 ad
1220 2840 1517 2906 utrumque
1569 2834 1769 2891 horum
1823 2834 2234 2892 adversantium
2287 2839 2554 2903 perpetuo
2617 2830 2724 2887 sibi
2782 2838 2959 2886 semet
2999 2829 3397 2886 accommodat.
3432 2827 3569 2885 Nam
3611 2853 3619 2860 -

284 2942 400 2982 non
424 2926 618 2997 exigua
647 2940 772 2982 eum
802 2934 950 2983 terra
976 2929 1303 3000 cognatione
1332 2938 1571 2997 tenetur,
1614 2947 1723 3004 qua
1756 2931 1940 3004 gravis
1977 2938 2086 2996 est,
2117 2935 2174 2986 et
2205 2942 2315 3000 qua
2348 2928 2609 2983 deorsum
2639 2925 2835 2983 fertur.
3388 2928 3393 2932 ’
3476 2930 3483 2933 “

360 3018 454 3091 Τῷ
504 3020 564 3074 δὲ
618 3021 866 3093 μετέχειν
910 3023 1145 3095 ροὡδους
1188 3024 1336 3090 τινὸς
1390 3027 1485 3081 καὶ
1546 3027 1879 3101 πορευτικῆς

2054 3025 2325 3082 Caeterum
2354 3037 2463 3095 qua
2497 3023 2661 3079 etiam
2706 3020 2935 3077 ﬂuidum
2986 3020 3246 3092 quiddam
3292 3020 3342 3077 ei
3402 3021 3571 3086 inest,

287 3110 613 3182 ὶνεργείας,
664 3114 726 3167 οὐ
761 3114 938 3189 πάντη
991 3116 1095 3188 τῆς
1149 3117 1476 3189 κινουμένης
1518 3118 1877 3192 ἠλλοτρίωται

1982 3119 2177 3191 visque
2205 3106 2556 3190 permeabilis
2587 3132 2603 3171 :
2637 3129 2746 3171 non
2783 3129 3013 3186 prorsus
3047 3129 3077 3169 a
3109 3114 3278 3171 rebus
3314 3114 3405 3180 iis,
3450 3131 3574 3186 quae

289 3203 541 3274 φύσεως,
596 3204 732 3261 ἀλλά
760 3208 846 3270 τίς
890 3209 1007 3262 ἐστι
1065 3209 1161 3263 καὶ
1201 3209 1292 3264 διά
1338 3210 1530 3265 τούτου
1571 3212 1715 3283 μίξις
1766 3212 1876 3268 τῶν

1982 3226 2072 3268 res
2126 3216 2389 3281 perpetuo
2448 3216 2778 3272 moventur,
2843 3205 3059 3277 sejungi
3111 3213 3327 3277 potest;
3387 3207 3574 3278 itaque

288 3293 553 3348 ἐναντίων
599 3293 693 3348 καὶ
737 3293 973 3361 σύνοδος,
1013 3298 1112 3369 τῆς
1138 3316 1199 3352 τε
1227 3299 1529 3373 βαρύτητος
1553 3303 1632 3366 εἰς
1660 3301 1875 3372 κίνησιν

292 3383 704 3457 μετατεθείσης,
757 3387 852 3441 καὶ
890 3388 993 3460 τῆς
1045 3390 1311 3462 κινήσεως
1360 3393 1419 3445 ἐν
1448 3392 1525 3464 τῷ
1584 3391 1739 3466 βάρει
1799 3393 1876 3465 μὴ

291 3475 660 3549 πεδηθείσης,
717 3477 860 3533 ὥστε
931 3481 1253 3553 συμϐαίνειν
1331 3484 1468 3556 πρὸς
1537 3485 1741 3557 ἄλληλα
1774 3510 1779 3517 ·
1808 3487 1881 3540 τὰ

290 3569 439 3624 κατά
481 3569 542 3624 τὸ
583 3572 889 3645 ἀκρότατον
940 3578 1006 3648 τῇ
1060 3576 1222 3646 φύσει
1267 3577 1590 3650 διεστηκότα
1635 3580 1724 3634 διὰ
1766 3579 1877 3633 τῶν

294 3662 691 3734 μεσιτευόνιων
711 3666 959 3739 ἀλλήλοις
985 3668 1272 3740 ἑνούμενα.
1298 3671 1517 3725 Μᾶλλον
1539 3672 1599 3726 δὲ
1620 3672 1759 3726 κατὰ
1784 3673 1876 3726 τὸν

289 3754 498 3826 ἀκρισῆ
532 3754 688 3826 λόγον
714 3756 840 3812 οὐδὲ
865 3758 1006 3830 αὐτὴ
1052 3759 1162 3813 τῶν
1196 3760 1589 3833 ἀντικειμένων
1624 3765 1659 3835 ἡ
1715 3763 1878 3835 φύσις

291 3845 544 3915 ἀμίκτως
564 3846 741 3917 πάντη
771 3846 908 3920 πρὸς
928 3848 1028 3922 τὴν
1064 3849 1260 3922 ἑτέραν
1286 3853 1400 3915 τοῖς
1431 3850 1717 3923 ίδιὼμασιν
1742 3852 1877 3924 ἔχει,

289 3934 371 4001 ὡς
407 3935 494 4002 ἂν,
521 3931 704 4009 οἶμαι,
733 3936 911 3994 πάντα
936 3940 1075 4013 πρὸς
1098 3941 1304 4014 ἄλληλα
1343 3941 1490 3998 νεύοι
1517 3943 1589 3997 τὰ
1619 3944 1762 3999 κατά
1786 3945 1881 3999 τὸν

292 4028 500 4100 κόσμον
529 4033 833 4103 φαινόμενα
850 4072 868 4099 ,
892 4032 988 4088 καὶ
1010 4032 1275 4105 ξυμπνέοι
1308 4036 1447 4108 πρὸς
1474 4036 1676 4109 ἑαυτὴν
1702 4037 1737 4109 η
1763 4028 1889 4092 κτίέ

294 4137 382 4185 σις
461 4122 521 4176 ἐν
590 4124 707 4186 τοῖς
776 4122 887 4178 τῶν
963 4125 1356 4198 ἀντικειμένων
1434 4127 1720 4200 ίδιώμασιν
1788 4128 1881 4182 εὐ-

294 4213 618 4286 ρισκομένη.
665 4214 779 4286 Τῆς
808 4215 918 4287 γὰρ
962 4218 1232 4288 κινήσεως
1272 4218 1335 4273 οὐ
1388 4217 1550 4291 μόνον
1597 4219 1741 4274 κατά
1784 4218 1883 4292 τὴν

289 4303 523 4376 τοπικὴν
568 4306 901 4375 μετάστασιν
950 4310 1266 4382 νοουμένης,
1300 4310 1438 4366 ἀλλά
1479 4312 1572 4366 καὶ
1606 4313 1675 4369 ὲν,
1705 4314 1881 4386 τροπῇ

292 4394 391 4448 καὶ
448 4395 730 4451 ἀλλοιώσει
799 4398 1213 4473 θεωρουμένης·
1281 4402 1446 4459 πάλιν
1507 4403 1554 4457 δ’
1620 4400 1722 4473 αὗ,
1782 4406 1884 4478 τῆς

292 4486 629 4556 ἀμεταθέτου
693 4488 909 4557 φύσεως
947 4492 1048 4563 τὴν
1080 4493 1223 4548 κατὰ
1254 4494 1317 4548 τὺ
1351 4494 1694 4551 ἀλλοιοῦσθαι
1727 4497 1882 4569 κίνη-

1976 3311 2031 3358 et
2076 3301 2134 3357 in
2177 3302 2409 3357 humore
2459 3300 2575 3356 hare
2608 3302 2891 3355 contraria
2921 3301 3069 3354 inter
3127 3314 3188 3355 se
3244 3300 3572 3355 consocian-

1976 3402 2098 3463 tur,
2136 3401 2191 3451 et
2247 3394 2407 3465 quasi
2451 3401 2689 3460 coeunt,
2731 3408 2858 3448 cum
2907 3392 3055 3463 quod
3109 3407 3274 3464 grave
3320 3400 3406 3447 est
3455 3408 3572 3446 mo-

1975 3492 2091 3541 tum
2136 3486 2389 3556 recipiat,
2437 3493 2493 3541 et
2533 3491 2731 3541 contra
2774 3491 2959 3540 motus
3002 3499 3032 3539 a
3064 3483 3303 3554 pondere
3329 3498 3439 3539 non
3471 3484 3571 3538 im-

1976 3577 2248 3648 pediatur.
2296 3575 2412 3631 Hoc
2463 3575 2602 3632 adeo
2645 3582 2807 3646 pacto
2855 3584 3052 3629 natura
3092 3574 3340 3644 partibus
3383 3582 3573 3656 extref

1980 3670 2089 3726 mis
2134 3668 2486 3733 dissidentia,
2533 3681 2632 3739 per
2680 3681 2745 3723 ea
2794 3681 2919 3736 qua:
2959 3665 3200 3720 medium
3248 3666 3393 3721 inter
3453 3668 3571 3735 ipsa

1979 3758 2162 3814 locum
2210 3756 2478 3820 obtinent,
2507 3755 2942 3826 coniunguntur.
2972 3754 3040 3809 Et
3064 3770 3195 3811 vero
3229 3756 3275 3811 si
3307 3743 3572 3812 accurate

1979 3864 2095 3905 rem
2125 3847 2531 3913 existimemus,
2568 3846 2980 3903 adversantium
3015 3845 3123 3902 sibi
3154 3851 3373 3911 natura,
3404 3848 3569 3902 etiam

1979 3941 2205 4013 propria
2230 3939 2414 4011 quoad
2462 3939 2804 4010 singulorum
2838 3938 3104 3994 attributa
3138 3938 3356 4003 attinet,
3403 3937 3571 4009 quid-

1980 4034 2106 4090 dam
2142 4034 2291 4089 inter
2317 4046 2378 4089 se
2417 4046 2711 4087 commune
2757 4030 2963 4088 habet:
3012 4045 3133 4086 eam
3184 4028 3448 4085 nimirum
3500 4029 3572 4085 ob

1980 4139 2234 4190 causam,
2261 4133 2322 4179 ut
2348 4122 2590 4180 arbitror
2623 4122 2772 4193 quod
2800 4137 2891 4179 res
2923 4122 3031 4179 hoc
3087 4121 3143 4177 in
3184 4121 3396 4177 mundo
3443 4121 3572 4177 uni-

1980 4232 2158 4274 versae
2201 4217 2269 4273 ad
2320 4222 2568 4271 mutuam
2616 4214 2917 4286 quamdam
2965 4214 3320 4270 concordiam
3375 4222 3571 4269 natura

1981 4308 2298 4364 ducantur:
2349 4313 2405 4361 et
2451 4319 2576 4375 quae
2624 4304 2910 4360 attributis
2968 4303 3209 4375 propriis
3260 4317 3574 4374 repugnare

1980 4397 2090 4453 sibi
2144 4403 2330 4452 creata
2385 4393 2693 4460 sentimus,
2744 4393 2935 4449 eadem
2994 4392 3242 4449 vicissim
3307 4394 3453 4449 inter
3512 4409 3574 4449 se

1986 4487 2336 4558 conspirent.
2402 4483 2537 4540 Nam
2589 4500 2715 4540 cum
2765 4499 2876 4539 non
2927 4498 3035 4540 una
3093 4484 3210 4539 hac
3262 4494 3448 4541 motus
3500 4487 3573 4542 sit

295 4593 382 4631 σιν
436 4578 495 4631 οὐ
546 4580 939 4653 προσιεμένης·
987 4583 1325 4649 ὲναλλάξασα
1371 4584 1473 4651 τὰς
1524 4586 1792 4659 ἰδιότητας
1845 4589 1879 4659 ἡ

1987 4579 2223 4651 species,
2254 4592 2380 4634 cum
2424 4577 2554 4648 quid
2597 4575 2822 4633 deloco
2869 4578 2936 4631 ad
2984 4576 3164 4632 locum
3198 4576 3568 4644 transfertur;

292 4668 389 4723 τοῦ
431 4670 566 4725 Θεοῦ
611 4673 793 4741 σοφία,
830 4671 910 4744 τῷ
941 4674 1040 4745 μὲν
1072 4674 1365 4747 ἀεικινήτῳ
1396 4676 1460 4730 τὸ
1491 4675 1777 4748 ἄτρεπτον,
1806 4677 1886 4749 τῷ

291 4761 353 4816 δὲ
398 4762 637 4835 ἀκινήτῳ
686 4764 785 4836 τὴν
832 4766 1042 4838 τροπὴν
1085 4767 1392 4839 ἐνεποίησε,
1438 4769 1749 4842 προμηθείᾳ
1779 4772 1887 4825 τινὶ

291 4855 433 4925 τάχα
476 4854 539 4907 τὸ
584 4853 824 4909 τοιοῦτον
869 4857 1294 4928 οίκονομήσασα,
1336 4858 1413 4923 ὡς
1450 4857 1517 4913 ἂν
1562 4858 1637 4929 μὴ
1688 4859 1751 4913 τὸ
1787 4859 1888 4930 τῆς

293 4945 513 5015 φύσεως
545 4945 695 5010 ἴδιον,
729 4947 865 5020 ὅπερ
905 4947 1025 5001 ἐστὶ
1062 4948 1124 5002 τὸ
1171 4949 1437 5020 ἄτρεπτόν
1465 4967 1525 5004 τε
1559 4950 1653 5005 καὶ
1678 4950 1887 5022 ἀμετὼ

292 5034 469 5100 θετον,
500 5034 591 5087 ἐπί
622 5052 765 5100 τινος
808 5036 918 5090 τῶν
965 5036 1110 5091 κατά
1153 5037 1255 5111 τὴν
1301 5038 1477 5094 κτίσιν
1518 5023 1883 5112 βλεπομένων,

289 5123 427 5175 θεὸν
471 5123 787 5193 νομίζεσθαι
825 5124 887 5178 τδ
930 5125 1137 5197 κτίσμα
1188 5128 1486 5199 ποιήσειεν.
1531 5129 1604 5182 Οὐ
1658 5128 1765 5200 γὰρ
1808 5128 1888 5182 ἔτι

292 5210 547 5282 θεότητος
593 5213 860 5284 ὑπόληψιν
919 5215 1109 5287 σχοίη,
1164 5216 1302 5290 ὅπερ
1361 5217 1427 5273 ἂν
1483 5218 1799 5292 κινούμενον
1849 5220 1883 5293 ἢ

291 5301 672 5374 ἀλλοιούμενον
712 5305 872 5379 τύχῃ.
928 5307 1028 5362 Διά
1076 5308 1236 5363 τοῦτο
1281 5311 1315 5382 ἡ
1370 5312 1468 5382 μὲν
1510 5312 1581 5383 γῆ
1625 5312 1887 5384 στάσιμός

291 5395 433 5461 ἐστι,
477 5397 572 5450 καὶ
609 5398 712 5452 οὐκ
753 5399 1048 5472 ἄτρεπτοςο
1083 5402 1113 5455 ό
1153 5401 1211 5456 δὲ
1240 5403 1469 5475 οὐρανὸς
1508 5403 1602 5458 τοῦ
1645 5405 1886 5460 ἐναντίου

291 5484 356 5540 τὸ
385 5489 622 5559 τρεπτδν
646 5491 748 5545 οὐκ
775 5491 934 5563 ἔχων,
968 5494 1089 5549 οὐδὲ
1122 5496 1383 5568 στάσιμον
1413 5494 1547 5567 ἔχει,
1576 5497 1664 5551 ἴνα
1690 5498 1754 5569 τῇ
1789 5497 1888 5569 μὲν

292 5578 455 5649 φύσει
483 5581 702 5654 ἑστώσῃ
733 5584 834 5653 τὴν
874 5586 1103 5659 τροπὴν,
1132 5590 1199 5659 τῇ
1234 5587 1291 5642 δὲ
1333 5587 1409 5660 μὴ
1447 5589 1759 5661 τρεπομένῃ
1789 5588 1889 5662 τὴν

291 5672 507 5745 κίνησιν
536 5676 572 5746 ἡ
612 5674 733 5729 θεία
777 5677 1131 5748 συμπλέξασα
1174 5678 1423 5752 δύναμις,
1482 5681 1578 5734 καὶ
1631 5681 1886 5753 ἀλλήλαις

182 5790 193 5797 -
289 5767 610 5839 ἀμφοτέρας
792 5767 940 5822 ὲναλ)
951 5768 1070 5835 ἀξει
1139 5770 1250 5824 τῶν
1312 5772 1616 5842 ἰδιωμάτων
1673 5791 1892 5845 προσοι-

292 5857 518 5932 attain“,
547 5860 642 5915 καὶ
671 5858 773 5931 τῆς
803 5861 931 5933 περὶ
963 5862 1023 5915 τὸ
1054 5861 1198 5916 θεῖον
1231 5861 1554 5934 ὑπολήψεως
1595 5866 1888 5938 ἀλλοτριώ.

1987 4685 2178 4727 verum
2207 4669 2377 4725 etiam
2417 4683 2543 4724 cum
2574 4666 2707 4739 quid
2738 4665 2823 4723 vel
2862 4673 3133 4732 mutatur,
3169 4667 3254 4722 vel
3290 4668 3573 4724 converti-

1989 4773 2117 4832 tur;
2170 4772 2367 4819 natura
2409 4777 2576 4833 porro
2662 4760 3138 4817 incommutabilis
3212 4774 3335 4815 eam
3387 4768 3574 4817 motus

1988 4856 2251 4928 speciem,
2275 4870 2383 4926 qua
2422 4853 2556 4925 quid
2578 4861 2846 4916 mutatur,
2888 4867 2998 4907 non
3038 4852 3337 4920 admittat;
3365 4852 3573 4908 idcirco

1988 4949 2174 5005 divina
2224 4946 2497 5019 sapientia
2546 4944 2878 5017 permutatis
2920 4945 3186 5016 utrinque
3222 4945 3576 5016 proprietati-

1987 5044 2113 5105 bus.
2146 5049 2401 5098 naturam
2442 5056 2624 5097 rerum
2655 5054 2874 5111 semper
2902 5040 3188 5098 mobilium
3226 5040 3361 5095 nulli
3395 5048 3581 5094 muta-

1989 5135 2127 5190 tioni
2177 5134 2507 5205 subiectam,
2557 5133 2788 5189 alteram
2823 5148 2974 5199 vero,
3030 5140 3215 5189 motus
3266 5132 3572 5200 expertium

1990 5226 2309 5282 mutabilem
2365 5240 2491 5282 esse
2547 5224 2744 5281 voluit.
2804 5225 2986 5295 Atque
3042 5224 3149 5280 hoc
3205 5223 3348 5277 haud
3409 5221 3575 5277 dubie

1989 5317 2280 5390 prudentia
2312 5316 2583 5387 singulari
2614 5315 2878 5379 instituit,
2908 5331 2976 5371 ne
3019 5314 3272 5370 homines
3322 5311 3377 5366 in
3406 5313 3576 5369 rebus

1989 5410 2213 5474 creatis,
2260 5424 2400 5479 quas
2425 5410 2727 5473 cernimus,
2752 5410 2877 5464 esse
2917 5405 3124 5476 aliquid
3170 5414 3435 5475 perpetuo
3467 5405 3572 5459 im-

1989 5502 2256 5559 mutabile
2284 5501 2801 5565 animadvertentes,
2832 5508 3029 5554 natura
3058 5499 3162 5554 hoc
3188 5497 3237 5554 ei
3270 5498 3572 5562 tribuente,

1988 5595 2135 5652 idem
2178 5611 2280 5666 pro
2312 5594 2423 5654 Deo
2470 5594 2733 5651 colerent.
2788 5591 2908 5646 Non
2941 5591 3086 5648 enim
3121 5604 3252 5647 vero
3283 5600 3575 5645 consenta-

1990 5701 2156 5743 neum
2190 5686 2362 5742 videri
2402 5693 2580 5757 potest
2612 5684 2662 5741 ei
2696 5682 2775 5739 rei
2821 5682 3168 5738 divinitatem
3214 5683 3419 5746 inesse,
3453 5696 3578 5752 tum

1988 5793 2082 5834 res
2112 5778 2197 5835 vel
2244 5778 2416 5833 motui
2444 5777 2528 5831 vel
2578 5774 2870 5830 mutationi
2921 5774 3161 5831 obnoxia
3220 5775 3314 5831 sit.
3360 5774 3576 5827 Idcirco

1990 5877 2195 5926 terram
2230 5869 2448 5942 quidem
2485 5869 2698 5923 ﬁrmam
2731 5881 2853 5924 esse
2902 5866 3173 5938 videmus,
3205 5876 3259 5923 at
3310 5864 3571 5921 mutatio.
