3880 6394
156 418 250 500 es
1360 435 1448 489 es
1490 433 1776 490 nonms
1815 429 2128 489 omnem.
3284 419 3392 476 ιει

153 573 248 626 χον.
282 553 338 607 ΕΞ
357 553 409 608 δὲ
444 551 550 623 χρὴ
585 551 678 605 καὶ
707 551 803 614 τὰς
830 547 959 614 ’ύλας
999 550 1079 614 είς
1108 549 1335 604 πλοῦτον
1363 549 1685 621 καταριθμήι

1858 561 1942 603 aro
1970 545 2191 600 nomine
2222 549 2404 598 creata
2441 541 2698 596 universa
2735 537 3002 608 intelligo,
3029 553 3150 594 rum
3171 538 3390 609 plantas

156 644 344 706 σασθαι,
373 644 490 696 ὅσαι
515 643 605 696 διά
638 658 779 704 τινος
819 640 1070 712 εὐχροὶας
1092 641 1266 710 τίμιαι
1298 643 1409 704 τοῖς
1435 641 1688 711 άνθρωπί·

1858 649 1868 692 t
1896 638 2166 708 germina,
2197 642 2312 688 tum
2345 641 2540 688 caetera
2572 646 2763 694 sensu,
2790 631 2899 684 vita
2939 639 2994 686 et
3029 630 3214 685 animo
3249 644 3390 700 pra:-

153 754 248 798 νοις
270 734 560 804 ὀφθαλμοῖς
587 733 968 805 ἐνομίσθησαν,
1001 730 1112 787 οἷον
1137 734 1358 804 χρυσίον
1383 752 1442 788 τε
1480 735 1576 788 καὶ
1610 735 1685 805 ἀρ

1854 731 1940 783 ita.
1961 727 2114 794 Quod
2141 727 2186 781 si
2210 726 2372 781 etiam
2405 740 2496 780 res
2520 724 2638 779 alia:
2660 723 2802 778 inter
2828 721 2927 778 has
2952 736 3085 792 opes
3108 721 3386 778 recenseri

155 825 336 895 γύριον,
383 825 474 877 καὶ
518 823 626 876 τῶν
667 823 827 876 λίθων
865 821 928 894 δὴ
975 821 1177 876 τούτων
1221 822 1287 887 ἀς
1331 823 1619 892 ἀγαπῶσιν
1653 841 1683 876 ο

1855 828 2111 882 uerentur,
2150 832 2288 888 quas
2327 817 2400 871 ob
2455 815 2782 884 elegantiam
2844 813 3140 883 quamdam
3204 814 3387 885 magni

153 914 426 984 ἄνθρωπον
447 913 540 967 καὶ
567 911 768 966 τούτων
797 912 1012 966 πάντων
1035 911 1132 983 τὴν
1164 911 1426 981 ἀφθονίαν
1457 915 1685 985 καθάπει

1859 912 1968 966 retii
1990 927 2115 968 esse
2137 909 2422 964 hominum
2445 907 2587 961 oculi
2609 907 2889 976 judicant:
2910 905 3059 960 verbi
3079 907 3274 976 gratia.
3290 922 3391 961 au-

153 1004 248 1056 τισὶ
281 1003 569 1071 βασιλικοῖς
597 1003 886 1074 θησαυροῖς
914 1005 1028 1066 τοῖς
1069 1003 1168 1073 τῆς
1213 1004 1318 1074 γῆς
1357 1005 1579 1068 κόλποις
1611 1006 1685 1073 ἐγ·

1859 1019 1950 1068 tm,
2008 1008 2319 1073 argentum,
2353 998 2547 1069 lapilli,
2585 1012 2724 1068 quos
2767 997 3016 1052 homines
3049 1013 3224 1066 usque
3253 998 3391 1054 adeo

155 1093 502 1165 κατακρύψας,
536 1092 707 1156 οὕτως
744 1092 1116 1146 ἀναδείκνυσιν
1149 1095 1206 1146 ὲν
1251 1094 1328 1165 τῷ
1375 1093 1565 1164 κόσμῳ
1613 1094 1687 1148 rbi

1860 1101 2069 1165 {petunt
2095 1113 2107 1150 :
2133 1094 2328 1148 horum
2365 1091 2527 1146 etiam
2564 1091 2618 1143 in
2656 1096 2819 1143 terra;
2848 1089 3004 1144 sinus
3037 1089 3264 1144 intimos
3297 1103 3392 1143 co-

153 1183 430 1255 ἀνθρωπον,
462 1185 570 1238 τῶν
594 1187 652 1238 ἐν
678 1184 849 1256 τούτῳ
881 1184 1194 1256 θαυμάτων,
1225 1186 1335 1239 τῶν
1377 1186 1474 1257 μὲν
1508 1186 1685 1258 θεατὴε

1865 1200 1974 1248 am,
2005 1185 2158 1241 velut
2191 1184 2244 1238 in
2286 1183 2579 1238 thesauros
2606 1180 2789 1250 regios
2821 1178 3051 1234 abdidit.
3091 1179 3166 1232 lla
3188 1179 3393 1235 deinde

153 1278 399 1346 ἐσόμενον,
427 1277 534 1332 τῶν
561 1277 618 1330 δὲ
645 1277 852 1349 κύριον,
884 1277 960 1341 ὡς
985 1277 1074 1330 διά
1104 1277 1200 1347 μὲν
1221 1277 1321 1347 τῆς
1351 1276 1685 1330 ἀπολαύσεως

1858 1277 2086 1331 πηίιιοηι
2139 1272 2455 1344 designavit
2507 1271 2704 1325 horum
2757 1269 2948 1324 mundi
2995 1270 3390 1324 miraculorum

152 1365 236 1435 τὴν
264 1366 464 1419 σύνεσιν
483 1365 580 1419 τοῦ
607 1365 971 1439 χορηγοῦντος
1011 1365 1176 1436 ἔχειν,
1217 1366 1306 1420 διά
1341 1367 1399 1420 δὲ
1436 1366 1528 1421 τοῦ
1571 1367 1684 1421 κάλι

1860 1368 2008 1421 trtim
2033 1373 2418 1437 spectatorem,
2445 1362 2647 1434 partim
2674 1361 2980 1425 dominum,
2997 1361 3086 1431 qui
3106 1361 3174 1416 de
3193 1361 3392 1415 horum

155 1456 261 1521 λους
289 1474 344 1510 τε
367 1457 458 1510 καὶ
485 1456 746 1527 μεγέθους
776 1457 885 1512 τῶν
917 1456 1210 1529 ὁρωμένων
1250 1459 1350 1528 τὴν
1383 1458 1618 1530 άρῤητόν
1647 1477 1687 1512 τε

1861 1459 2076 1514 uitione
2123 1457 2455 1528 sapientiam
2508 1455 2650 1524 ejus,
2686 1454 2782 1524 qui
2816 1453 2932 1509 haec
2975 1453 3393 1510 subministras-

155 1549 235 1601 καὶ
261 1549 389 1620 ὑπὲρ
414 1549 570 1617 λόγον
607 1547 700 1602 τοῦ
736 1548 1096 1620 πεποιηκότος
1126 1548 1352 1619 δύναμιν
1381 1549 1682 1619 ἀνιχνεύειν

1859 1557 1914 1615 ει,
1957 1559 2320 1620 agnosceret:
2353 1548 2421 1603 de
2453 1545 2868 1615 pulchritudine
2893 1560 3024 1600 vero
3056 1545 3391 1620 magnitudi-

154 1640 238 1694 Διά
274 1641 442 1696 ταῦτα
480 1640 788 1704 τελευταῖος
844 1639 984 1711 μετά
1033 1641 1127 1712 τὴν
1176 1641 1354 1694 κτίσιν
1400 1640 1630 1712 εἰσήχθη
1675 1659 1686 1693 ι

1857 1657 1986 1714 eque
2015 1642 2356 1705 eorumdem,
2384 1641 2659 1697 creatoris
2690 1646 3016 1712 potestatem
3039 1638 3389 1709 investigare!

151 1732 427 1804 ἄνθρωπος,
455 1734 555 1804 οὐχ
578 1733 654 1795 ὡς
674 1732 980 1803 ἀπόϐλητος
1001 1732 1061 1786 ὲν
1084 1733 1334 1803 ἐσχάτοις
1356 1733 1683 1804 ἀπορριφεὶς

1860 1736 2107 1804 lam,quae
2122 1749 2302 1804 neque
2321 1732 2713 1802 comprehendi
2737 1733 3162 1802 ratione,neque
3189 1731 3392 1801 exponi

154 1823 250 1897 ἀλλ’
283 1823 352 1886 ὡς
389 1823 501 1894 ἅμα
529 1826 595 1895 τῇ
635 1822 845 1892 γενέσει
887 1822 1140 1892 βασιλεὺς
1170 1819 1308 1876 εἶναι
1346 1823 1452 1876 τῶν
1483 1825 1686 1894 ὑποχει·

1859 1825 2118 1880 tarrando
2135 1833 2329 1896 potest.
2351 1823 2444 1878 Ηιε
2467 1825 2634 1895 igitur
2655 1840 2840 1880 causae
2861 1833 3012 1888 sunt,
3034 1823 3391 1894 quamobrem

156 1917 266 1986 ρίων
307 1917 607 1986 προσήκων.
657 1913 767 1966 Καὶ
807 1911 998 1984 ὥσπερ
1053 1930 1138 1976 τις
1187 1913 1390 1982 ἀγαθὸς
1438 1914 1688 1984 ἑστιάτωρ

1859 1923 1930 1970 ist
1981 1925 2166 1971 creata
2202 1924 2397 1971 caetera
2453 1916 2713 1971 conditus
2762 1915 2928 1971 homo
2957 1916 3053 1972 sit!
3087 1915 3204 1972 Non
3245 1915 3391 1970 enim

153 2008 206 2061 οὐ
228 2007 323 2078 πρὸ
345 2009 438 2078 τῆς
473 2006 828 2076 παρασκευῆς
866 2004 975 2058 τῶν
1003 2005 1278 2075 ἐδωδίμων
1310 2005 1400 2060 τὸν
1440 2007 1685 2076 ἑστιώμε-

1857 2006 2110 2060 ttandum
2140 2013 2244 2070 est,
2271 2003 2480 2060 idcirco
2511 2005 2579 2059 ad
2609 2013 2858 2060 extrema
2898 2005 3166 2074 rejectum
3198 2003 3389 2068 fuisse,

153 2115 229 2152 νον
253 2097 606 2160 είσοικίζεται,
636 2095 749 2149 ἀλλ’
774 2095 1024 2168 εὐπρεπῆ
1044 2096 1114 2148 τὰ
1151 2095 1328 2150 πάντα
1359 2096 1679 2168 παρασκευά

1861 2099 1951 2152 rod
1987 2097 2111 2151 vilis
2139 2104 2306 2158 esset,
2342 2095 2438 2150 sed
2472 2095 2617 2164 quod
2652 2111 2777 2151 eum
2809 2096 2995 2150 statim
3035 2095 3104 2150 ab
3134 2106 3258 2149 ortu
3290 2111 3393 2152 suo

157 2206 256 2255 σας,
288 2191 374 2243 καὶ
417 2187 715 2259 φαιδρύνας
758 2189 869 2252 τοῖς
901 2186 1198 2258 καθήκουσι
1247 2187 1470 2258 κόσμοις
1505 2188 1595 2240 τὸν
1625 2183 1689 2242 οἵ·

1858 2187 2145 2256 eliquorum
2175 2186 2424 2240 omnium
2465 2194 2728 2257 tanquam
2779 2185 3153 2253 subditorum,
3207 2203 3390 2258 regem

153 2299 250 2346 κον,
282 2283 372 2352 τὴν
416 2281 632 2335 κλισίαν
656 2319 671 2344 ,
726 2277 824 2351 τὴν
856 2276 1153 2348 τράπεζαν,
1199 2277 1284 2347 ἐφ’
1324 2279 1560 2348 ἑτοίμοις
1605 2278 1685 2349 ἦδι

1857 2293 1931 2333 sse
1984 2278 2298 2346 oportebat.
2370 2278 2550 2347 Atque
2612 2287 2675 2330 ut
2722 2277 2978 2348 egregius
3030 2279 3389 2343 convivator,

151 2375 249 2435 τοῖς
272 2373 396 2444 πρὸς
431 2372 536 2443 ’τὴν
579 2368 782 2442 τροφὴν
821 2369 1166 2440 ἐπιτηδείοις,
1193 2368 1438 2438 ἐφέστιον
1475 2371 1683 2422 ποιεῖτα

1856 2376 2101 2438 atequam
2131 2368 2238 2422 cibi
2276 2368 2451 2438 parati
2481 2369 2619 2432 sint,
2647 2369 2940 2424 convivam
2973 2369 3194 2425 domum
3228 2387 3388 2427 suam

151 2464 230 2518 τὸν
255 2464 542 2535 δαιτυμόνα
561 2480 575 2494 ⁸
604 2462 745 2516 κατὰ
774 2462 864 2516 τὸν
883 2461 1047 2515 αὐτὸν
1078 2461 1276 2532 τρόπον
1307 2463 1336 2514 ό
1370 2459 1623 2524 πλούσιός
1644 2477 1683 2513 τι

1862 2474 1918 2514 in
1986 2458 2248 2525 deducit;
2326 2458 2420 2516 sed
2483 2460 2742 2515 omnibus
2806 2461 3046 2530 primum
3117 2462 3394 2533 eleganter

152 2556 233 2609 καὶ
249 2555 534 2626 πολυτελὴς
561 2554 661 2626 τῆς
693 2552 906 2622 φύσεως
944 2551 1098 2623 ἡμῶν
1132 2551 1406 2624 ἑστιάτωρ
1433 2551 1684 2606 παντοίου

1869 2552 2119 2617 structis,
2171 2552 2419 2620 aedibus,
2475 2552 2804 2617 caenaculo,
2865 2567 3057 2608 mensa
3109 2553 3396 2623 Splendide

153 2648 347 2702 κάλλεσι
369 2645 795 2715 κατακοσμήσας
821 2642 918 2714 τὴν
945 2643 1176 2714 οἴκησιν,
1199 2644 1295 2695 καὶ
1333 2641 1432 2714 τὴν
1457 2641 1685 2713 μεγάληι

1863 2644 2114 2709 :ornatis,
2169 2644 2338 2700 rebus
2381 2643 2622 2715 denique
2654 2643 2722 2698 ad
2797 2644 3004 2700 victum
3058 2647 3395 2701 necessariis

150 2738 332 2809 ταύτην
379 2737 471 2792 καὶ
521 2735 836 2804 παντοδαπῆ
887 2732 1206 2787 πανδαισίαν
1257 2734 1682 2804 ἑτοιμασάμενος

1860 2735 2064 2790 nnibus
2081 2734 2440 2804 comparatis,
2465 2742 2580 2789 tum
2607 2733 2806 2790 deinde
2829 2735 3118 2790 convivam
3142 2737 3349 2804 excipit
3376 2756 3392 2792 :

150 2827 302 2891 οὕτως
327 2829 534 2897 εἰσάγει
561 2827 649 2880 τὸν
679 2823 984 2894 ἄνθρωπον,
1022 2823 1180 2894 ἔργον
1201 2823 1349 2894 αὐτῷ
1373 2823 1500 2888 δοὺς
1523 2824 1583 2877 οὐ
1608 2825 1682 2895 τὴε

1864 2841 1884 2880 a
1960 2827 2258 2896 opulentus
2327 2825 2454 2890 ille,
2529 2832 3004 2898 sumptuosusque
3072 2827 3396 2882 convivator

151 2920 321 2989 κτῆσιν
355 2920 458 2973 τῶν
486 2919 565 2990 μὴ
593 2918 922 2988 προσόντων,
953 2916 1090 2969 ἀλλά
1131 2915 1230 2986 τὴν
1263 2915 1559 2968 ἀπόλαυσιν
1597 2915 1683 2967 τῶε

1861 2923 2025 2982 oster,
2060 2915 2226 2970 domo
2258 2915 2412 2986 prius
2449 2915 2622 2970 variis
2661 2916 2831 2971 rebus
2859 2917 3143 2987 eleganter
3178 2927 3393 2978 ornata.

149 3013 426 3082 παρόντων.
482 3011 598 3065 Καὶ
640 3008 728 3063 διὰ
777 3008 932 3062 τοῦτο
979 3007 1172 3071 διπλᾶς
1210 3005 1359 3076 αύτῷ
1406 3007 1505 3077 τῆς
1547 3025 1681 3060 κατα

1861 3008 2083 3077 »υιοιιιιο
2132 3021 2332 3077 magno
2389 3006 2685 3072 instructo,
2744 3006 2893 3076 quod
2939 3007 3120 3063 omnis
3177 3009 3393 3078 generis

149 3101 329 3171 σκευῆς
349 3102 445 3165 τὰς
465 3099 723 3172 ἀφορμὰς
745 3097 1157 3164 καταϐάλλεται,
1183 3096 1259 3168 τῷ
1279 3098 1451 3170 γηΐνῳ
1481 3098 1541 3151 τὸ
1566 3099 1681 3152 θεῖοε

1859 3098 2038 3154 :licias
2068 3097 2316 3164 haberet,
2351 3105 2465 3152 tum
2499 3097 2720 3152 demum
2752 3099 3030 3153 hominem
3071 3098 3391 3163 introducit,

148 3191 523 3263 ἐγκαταμίξας⁹
578 3192 665 3244 ἵνα
711 3189 780 3242 δι’
817 3187 1141 3259 ἀμφοτέρων
1197 3188 1472 3257 συγγενῶς
1511 3206 1570 3242 τε
1614 3208 1680 3243 κα

1863 3191 1970 3259 tjus
2002 3199 2150 3246 esset
2173 3205 2332 3259 opus,
2369 3203 2480 3244 non
2518 3204 2583 3244 ea
2609 3204 2732 3260 qua:
2771 3189 3026 3245 abessent
3057 3205 3273 3261 parare,
3298 3189 3395 3246 sed

147 3289 340 3352 οἰκείως
380 3287 520 3360 πρὸς
553 3282 820 3356 ἑκατέραν
857 3282 1152 3335 ἀπόλαυσιν
1183 3281 1282 3354 ἔχῃ
1317 3281 1410 3335 τοῦ
1443 3282 1576 3335 Θεοῦ
1604 3283 1679 3353 μὲ¹

1887 3281 2012 3336 latis
2041 3279 2170 3334 frui.
2193 3282 2490 3350 PrOpterea
2512 3279 2730 3337 duabus
2753 3289 2813 3334 ut
2833 3282 2998 3337 rebus
3014 3280 3255 3336 hominis
3275 3281 3417 3356 opi-_

147 3378 222 3433 διὰ
238 3380 328 3450 τῆς
351 3377 626 3447 θειοτέρας
650 3374 880 3444 φύσεως,
908 3372 1015 3426 τῶν
1043 3373 1102 3426 δὲ
1139 3371 1281 3426 κατά
1310 3373 1410 3444 τὴν
1435 3375 1537 3443 γῆν
1565 3374 1679 3441 ἀγα·

1865 3374 1994 3428 ιὶιιηι
2011 3381 2313 3437 constaret,
2332 3373 2479 3438 fecit,
2503 3375 2809 3430 commistis
2823 3374 3084 3428 nimirum
3104 3373 3309 3429 divinis
3330 3387 3397 3428 ac

149 3468 241 3524 θῶν
264 3470 346 3524 διὰ
364 3469 460 3542 τῆς
482 3464 779 3539 ὁμογενοῦς
806 3463 1109 3535 αἰσθήσεως
1135 3463 1444 3518 ἀπολαύων.

1868 3463 2071 3527 rrenis,
2083 3472 2142 3519 ut
2159 3463 2262 3535 ipsi
2283 3475 2392 3519 tam
2410 3464 2502 3520 Dei
2522 3481 2683 3535 quam
2695 3465 3045 3521 terrestrium
3067 3481 3252 3522 rerum
3271 3464 3400 3520 frui-

1809 3555 2012 3611 tionem
2045 3563 2254 3612 natura;
2288 3572 2401 3613 stite
2430 3565 2856 3614 consentaneam
2888 3572 2951 3613 ac
2978 3559 3254 3630 propriam
3284 3565 3394 3613 sta-

149 3653 306 3706 tueret
319 3668 338 3706 :
351 3648 574 3720 Deoque
589 3659 688 3718 per
703 3651 950 3700 naturam
971 3641 1295 3697 divinior-em
1307 3683 1321 3708 ,
1336 3643 1492 3700 bonis
1505 3653 1684 3702 autem
1703 3650 1940 3705 terrenis
1952 3665 2049 3720 per
2062 3652 2408 3722 sensum,qui
2427 3651 2673 3722 ejusdem
2693 3661 2840 3708 esset
2856 3653 3396 3722 generis,frueretur.

658 3817 1052 3876 ΚΕΦΑΛΔΙΟΝ
1096 3817 1170 3870 1".
1733 3761 1776 3820 c

1733 3761 1776 3820 c
2426 3825 2657 3882 CAPUT
2699 3825 2788 3884 Ill.

148 3957 263 4016 Ὀτι
302 3957 606 4031 τιμιωτέρα
653 3954 862 4031 {cian
907 3951 979 4031 τῆ
986 3972 1020 4020 ς
1050 3951 1418 4031 φαινομένης
1450 3951 1680 4008 κτίσεως

1914 3957 2162 4013 Hominis
2189 3966 2441 4013 naturam
2475 3961 2620 4014 omni
2650 3972 2827 4015 creato
2855 3962 2994 4030 quod
3026 3965 3287 4020 cernimus

524 4023 566 4096 ἢ
596 4025 706 4080 τοῦ
753 4023 1067 4092 ἀνθρώπου
1100 4023 1306 4091 φύσις.
2303 4033 2737 4099 ρνωειαηείονεηι
2768 4023 2902 4087 esse.

211 4143 383 4211 ’Ἄξιον
406 4142 464 4197 δὲ
492 4140 636 4212 μηδὲ
660 4138 816 4193 τοῦτο
843 4137 1092 4208 παριδεῖν
1135 4135 1464 4208 ἀθεώρητον,
1498 4137 1578 4192 ὅτι
1610 4135 1707 4192 τοῦ

1877 4137 2019 4194 Illud
2069 4131 2234 4197 etiam
2284 4142 2726 4199 consideratione
2765 4151 2952 4200 nostra
2998 4145 3226 4217 dignum
3274 4155 3396 4213 est,

146 4233 440 4306 τηλικούτου
478 4233 687 4302 κόσμου
734 4232 829 4286 καὶ
858 4231 966 4285 τῶν
999 4230 1116 4284 κατ’
1151 4231 1318 4284 αὐτὸν
1354 4230 1535 4302 μερῶν
1566 4247 1678 4284 στοι

1865 4227 1956 4284 tod
1991 4242 2118 4284 cum
2153 4231 2395 4285 mundus
2423 4229 2514 4285 hic
2558 4231 2683 4286 talis
2729 4246 2794 4286 ac
2840 4241 3056 4299 tantus,
3099 4251 3397 4308 omnesque

146 4326 363 4396 χειωδῶς
391 4325 529 4398 πρὸς
559 4324 657 4394 τὴν
699 4321 794 4376 τοῦ
840 4321 1038 4386 παντὸς
1086 4321 1346 4380 σύστασιν
1373 4321 1678 4394 ὑπεληθέν

1865 4334 1930 4374 us
1958 4327 2145 4391 partes
2174 4321 2240 4376 ad
2287 4319 2599 4376 machinam
2633 4323 3012 4381 universitatis
3041 4341 3226 4381 rerum
3260 4344 3396 4384 con—

144 4430 260 4477 των,
287 4412 737 4487 ἀποσχεδιάζεταί
782 4429 900 4477 πως
945 4414 980 4484 ἡ
1029 4413 1206 4476 κτίσις
1249 4412 1357 4466 ὑπὸ
1401 4413 1500 4483 τῆς
1558 4413 1676 4468 θεία

1865 4414 2144 4469 ituendam
2176 4414 2371 4470 ordine
2399 4423 2678 4485 congestae
2707 4425 2894 4472 essent
2919 4458 2934 4483 ,
2983 4419 3166 4485 nullo,
3216 4429 3276 4475 ut
3324 4423 3397 4477 ita

145 4504 406 4576 δυνάμεως
449 4502 585 4576 ὁμοῦ
636 4503 714 4574 τῷ
753 4503 1134 4574 προστάγματι
1177 4505 1540 4576 ὑφισταμένη.
1597 4504 1675 4576 Τῆ

1869 4519 1988 4560 eam
2012 4545 2029 4571 ,
2057 4505 2280 4575 negotio
2304 4514 2503 4562 natura
2533 4521 2719 4561 rerum
2763 4523 2794 4562 a
2833 4507 2949 4563 Dee
2977 4519 3164 4565 creata
3208 4512 3313 4578 sit,
3345 4522 3401 4568 et

143 4594 195 4650 δὲ
227 4598 314 4652 τοῦ
347 4596 637 4668 ἀνθρώπου
666 4596 1008 4667 κατασκευῆς
1039 4595 1203 4666 βουλὴ
1245 4599 1588 4669 προηγεῖται,
1615 4615 1675 4652 κα

1868 4598 2080 4654 intimae
2111 4598 2178 4653 ad
2211 4598 2464 4669 ejusdem
2503 4611 2695 4653 nutum
2728 4601 3018 4660 exstiterit.
3059 4603 3128 4657 At
3159 4605 3400 4662 hominis

144 4685 502 4756 προτυποῦται
547 4683 698 4754 παρά
735 4682 828 4736 τοῦ
877 4683 1270 4755 τεχνιτεύοντος
1333 4686 1422 4739 διὰ
1463 4685 1564 4757 τῆς
1615 4705 1676 4740 το

1867 4690 2234 4746 bricatiouem
2261 4689 2587 4746 deliberatio
2613 4693 2906 4760 praecedit,
2937 4702 2992 4749 et
3019 4694 3188 4750 futuri
3218 4697 3399 4766 operis

143 4775 285 4844 λόγου
321 4778 543 4849 γραφῆς
577 4777 638 4831 τὸ
672 4778 953 4848 ἐσόμενον,
987 4782 1083 4834 καὶ
1116 4775 1229 4833 οἷον
1252 4775 1391 4833 εἶναι
1421 4782 1675 4852 προσήκει

1869 4800 1883 4839 ι
1910 4783 2122 4840 artiﬁce
2152 4783 2328 4841 forma
2361 4786 2632 4842 orationis
2660 4790 2875 4857 pictura
2903 4786 3233 4849 delineatur.
3259 4789 3401 4858 Qua-

143 4868 227 4920 καὶ⁵
258 4869 388 4940 πρὸς
418 4870 572 4922 ποῖον
603 4867 906 4939 ἀρχέτυπον
941 4868 1040 4940 τὴν
1069 4870 1359 4940 ὁμοιότητα
1385 4871 1590 4941 φέρειν,
1617 4889 1675 4924 κο

1869 4887 1917 4926 ιιι
1967 4873 2228 4930 videlicet
2272 4873 2556 4931 hominem
2600 4893 2727 4933 esse
2774 4887 3062 4948 oporteat,
3109 4882 3401 4953 qualisque

142 4959 224 5011 ἐπὶ
252 4961 358 5014 τίνι
386 4960 696 5031 γενήσεται,
719 4958 818 5013 καὶ
855 4959 909 5013 τί
951 4961 1236 5031 ἐνεργήσει
1269 4961 1557 5033 γενόμενον
1613 4980 1674 5016 κο

1866 4966 2142 5037 temptaris
2186 4967 2478 5038 imaginem
2524 4970 2769 5038 referre,
2801 4973 3156 5042 quamobrem
3202 4988 3398 5028 crean-

141 5050 287 5103 τίνων
316 5049 700 5122 ἡγεμονεύσει’
729 5051 907 5105 πάντα
943 5050 1424 5121 προδιασκοπεῖται
1465 5050 1494 5101 ό
1533 5052 1673 5119 λόγος

1873 5074 1950 5123 ts,
2000 5067 2056 5115 et
2089 5061 2266 5115 creati
2309 5076 2430 5132 qua:
2467 5061 2670 5119 futurae
2713 5065 2826 5121 sint
2869 5065 3150 5131 actiones,
3197 5067 3399 5137 quibus

139 5139 209 5204 ὼς
232 5141 605 5213 πρεσϐυτέραν
643 5140 806 5194 αὐτὸν
831 5141 931 5212 τῆς
972 5141 1238 5210 γενέσεως
1288 5139 1389 5210 τὴν
1417 5140 1575 5205 ἀξίαν
1610 5139 1671 5194 λα

1867 5164 1934 5202 Im
1957 5149 2192 5220 imperio
2219 5150 2292 5206 sit
2320 5153 2656 5222 praefuturus
2683 5174 2697 5212 :
2727 5157 2799 5214 de
2829 5157 2916 5215 his
2942 5158 3115 5230 igitur
3139 5159 3399 5216 omnibus

141 5235 265 5300 χεῖν,
299 5234 430 5304 πρὶν
457 5231 746 5303 παρελθεῖν
768 5231 851 5296 είς
872 5230 935 5284 τὸ
963 5225 1105 5286 εἶναι
1138 5230 1240 5302 τὴν
1257 5230 1367 5284 τῶν
1393 5229 1560 5284 ὄντων
1584 5231 1673 5300 ήγε

1870 5241 2124 5313 spicitur,
2181 5252 2242 5297 ut
2297 5245 2672 5315 praestantiam
2730 5246 2898 5304 homo
2956 5225 3398 5319 dignitatemque

140 5325 317 5391 μονίαν
330 5321 698 5393 κτησάμενον.
717 5320 914 5377 «Eine:
940 5322 1073 5396 γὰρ,
1087 5323 1274 5394 φησιν,
1287 5341 1310 5373 ι(
1335 5322 1526 5389 ὁΘεὸς,
1545 5323 1672 5392 Ποιή

1864 5348 1966 5387 tam
1999 5335 2308 5402 obtineret,
2339 5347 2398 5394 et
2425 5339 2581 5409 prius
2609 5339 2773 5396 etiam
2795 5357 2980 5398 rerum
3009 5341 3396 5399 universarum

139 5430 308 5485 σωμεν
332 5416 616 5485 ἄνθρωπον
638 5415 758 5467 κατ’
777 5414 963 5469 εἰκόνα
982 5413 1280 5485 ἡμετέραν,
1309 5414 1404 5466 καὶ
1429 5412 1671 5484 όμοίωσιι

1866 5422 2175 5494 'incipatum
2205 5437 2661 5498 consequeretur,
2696 5445 2865 5501 quam
2900 5439 3057 5486 ortus
3095 5439 3268 5486 esset.
3313 5431 3398 5488 ld-

135 5505 223 5557 καὶ
240 5506 558 5576 ἁρχέτωσαν
575 5505 684 5559 τῶν
707 5505 788 5575 ίχθ
797 5504 902 5558 ύων
919 5505 1017 5576 τῆς
1042 5505 1338 5575 θαλάσσης,
1367 5505 1462 5558 καὶ
1485 5504 1596 5558 τῶν
1617 5504 1667 5558 θτ

1866 5530 1958 5571 rco
1998 5514 2178 5575 Moses
2218 5518 2333 5584 ait,
2381 5518 2551 5576 Deum
2608 5522 3007 5596 hocquodam
3045 5523 3216 5578 modo
3245 5523 3398 5582 locu-

136 5595 258 5665 ρίων
284 5597 383 5668 τῆς
401 5597 526 5666 γῆς,
549 5596 645 5651 καὶ
668 5595 777 5649 τῶν
801 5595 1061 5650 πετεινῶν
1080 5596 1174 5650 τοῦ
1207 5597 1266 5648 οὐ
1275 5595 1458 5667 ρανοῦ,
1478 5596 1578 5650 καὶ
1602 5596 1668 5649 τιῖ

1865 5621 1935 5659 tm
1964 5621 2130 5664 esse:
2158 5627 2179 5660 ι
2209 5608 2507 5670 Faciamus
2539 5613 2817 5670 hominem
2847 5613 2916 5669 ad
2956 5613 3251 5684 imaginem
3292 5633 3397 5674 no-

135 5687 359 5756 κτηνῶν,
387 5689 479 5742 καὶ
500 5688 684 5757 πάσης
708 5685 806 5756 τῆς
824 5687 946 5757 γῆς.
973 5706 992 5739 ›
1015 5688 1079 5740 Ὢ
1110 5687 1202 5741 τοῦ
1225 5687 1529 5758 θαύματοςῑ
1559 5687 1667 5758 ἧλιι

1867 5696 1919 5751 ri
1967 5712 2034 5753 ac
2084 5699 2534 5767 similitudinem,
2580 5712 2816 5776 estoque
2861 5705 3184 5762 horninibus
3224 5708 3399 5779 impe-

136 5777 611 5844 κατασκευάζεται,
630 5778 725 5831 καὶ
747 5777 968 5848 οὐδεμία
994 5781 1312 5850 προηγεῖται
1336 5778 1530 5851 βουλή·
1553 5779 1668 5851 ούρι

1868 5801 1965 5849 ιιῐη,
2005 5791 2063 5845 in
2095 5792 2265 5848 maris
2293 5793 2509 5862 pisces,
2544 5804 2660 5848 tum
2690 5803 2852 5853 terra:
2878 5797 3111 5864 belluas,
3142 5777 3399 5870 aerisque

128 5867 217 5943 vc;
234 5868 510 5940 ὡσαύτως,
529 5863 606 5928 ὧν
623 5868 775 5924 οὐδέν
786 5886 838 5924 τι
856 5869 964 5923 τῶν
979 5870 1117 5924 κατὰ
1132 5869 1226 5942 τὴν
1246 5871 1420 5925 κτίσιν
1440 5871 1554 5924 ἴσον
1568 5870 1660 5924 ἐστ

1864 5881 2100 5952 alacres,
2134 5883 2189 5940 in
2227 5884 2506 5956 iumenta,
2544 5885 2599 5943 in
2640 5897 2842 5946 terram
2888 5890 3125 5964 denique
3173 5863 3396 5947 univer-
