3880 6374
441 386 550 444 135

1681 382 1740 439 S.
1777 381 2108 440 GREGORII
2146 383 2446 442 NYSSENI

3623 395 3734 450 {56

441 517 558 557 Sam
592 499 731 554 ³⁹·⁸⁰.
771 519 791 552 ι
830 497 876 554 0
912 514 1026 556 rem
1057 498 1469 556 admirandam!
1506 499 1598 557 Sol
1631 512 1852 557 creatur
1880 502 2018 556 nulla

2135 505 2340 575 ῥήματι
2361 507 2509 576 μόνῳ
2529 505 2590 559 τὸ
2609 505 2846 561 τοιοῦτον
2872 506 3057 580 θαῦμα
3083 509 3418 573 συνίσταται,
3435 508 3560 563 οὔτε
3580 511 3729 577 ὅθεν,

441 594 836 652 deliberatione
870 593 1243 663 praecedente,
1270 595 1574 666 eodemque
1614 606 1773 666 pacto
1799 596 2024 660 coelum,

439 687 642 756 quibus
662 686 877 740 duobus
898 687 1034 740 nihil
1059 701 1182 742 esse
1208 701 1308 758 par
1329 688 1531 743 creatis
1555 689 1608 742 in
1635 689 1800 742 rebus
1822 695 2024 757 potest.

444 775 564 834 Uno
587 778 753 833 verbo
780 777 1098 847 huiusmodi
1129 779 1184 832 iu
1231 794 1414 834 rerum
1457 787 1653 834 natura
1698 779 2024 833 miraculum

439 871 650 927 exstitit
679 887 693 924 :
732 884 911 939 neque
958 869 1134 935 unde,
1168 869 1252 925 vel
1294 870 1571 939 quomodo
1596 885 1660 925 ea
1692 869 1834 924 faeta
1879 869 2024 933 sint,

435 963 744 1033 expositum
776 969 881 1016 est.
913 960 1059 1015 ldem
1092 961 1312 1018 caeteris
1339 963 1393 1015 in
1423 962 1592 1016 rebus
1625 961 1860 1033 singulis
1888 976 2025 1016 usu-

437 1053 606 1106 venit.
638 1050 857 1115 Ether,
889 1051 1072 1106 sidera
1094 1089 1109 1114 ,
1141 1050 1466 1120 interiectus
1497 1051 1640 1106 inter
1671 1051 1786 1105 hanc
1832 1059 1887 1106 et
1924 1065 2028 1108 nos

437 1160 550 1208 aer,
590 1159 772 1208 mare,
827 1152 1004 1210 terra,
1051 1143 1353 1208 animalia,
1405 1143 1638 1213 plantaz,
1683 1143 1866 1199 omnia
1917 1157 2029 1198 uno

438 1237 532 1290 Dei
561 1237 728 1290 verbo
755 1236 810 1289 in
837 1244 1022 1289 ortum
1053 1235 1325 1305 producta
1353 1244 1505 1290 sunt.
1534 1236 1723 1291 Solius
1750 1235 1817 1290 ad
1848 1236 2030 1289 homi—

436 1328 523 1382 nis
563 1327 986 1382 fabricationem
1020 1335 1239 1382 creator
1280 1327 1371 1383 ille
1412 1328 1800 1384 universitatis
1841 1342 2027 1382 rerum

432 1420 672 1489 quadam
714 1435 840 1473 cum
897 1420 1342 1476 consideratione
1382 1421 1595 1476 accedit
1629 1439 1643 1476 :
1693 1431 2027 1492 praeparata-

433 1528 540 1580 que
583 1511 819 1581 primum
864 1511 1067 1581 opiﬁcii
1112 1512 1379 1577 materie,
1428 1512 1687 1583 illiusque
1733 1512 1909 1567 forma
1954 1508 2026 1565 ad

2129 593 2252 664 οὔτε
2285 597 2454 663 ὅπως,
2489 597 2614 652 οὕτε
2650 598 2779 654 ἀλλο
2805 616 2859 652 τι
2902 601 3144 656 τοιοῦτον
3180 604 3730 674 παρασημηναμένου

2126 685 2220 739 τοῦ
2249 687 2428 756 λόγου.
2459 689 2616 743 υῦτω
2655 691 2748 743 καί.
2790 691 2858 744 τὰ
2891 693 3012 746 καθ’
3035 693 3268 748 ἕκαστον
3299 693 3506 757 πάντα,
3537 693 3729 763 αἰθὴρ.

2129 782 2379 854 ἀστέρες,
2413 786 2441 837 ὁ
2468 785 2560 838 διὰ
2593 787 2762 856 μέσου
2803 789 2933 860 ἀὴρ,
2959 789 3222 855 θάλαττα,
3261 791 3356 860 γῆ,
3399 790 3534 854 ζῶα,
3557 791 3729 859 φυτὰ.

2130 873 2311 928 πάντα
2351 874 2496 946 λόγῳ
2543 877 2680 948 πρὸς
2724 879 2939 948 γένεσιν
2975 881 3191 950 ἄγεται.
3235 883 3386 954 Μόνῃ
3425 883 3483 937 δὲ
3518 886 3587 953 τῇ
3630 882 3730 936 τοῦ

2129 963 2419 1037 ἀνθρώπου
2469 974 2778 1042 κατασκευῇ
2842 973 3326 1044 περιεσκεμμένως
3371 974 3657 1044 πρόσεισιν
3698 974 3730 1028 ό

2127 1056 2225 1111 τοῦ
2255 1059 2456 1122 παντὸς
2486 1062 2737 1133 ποιητὴς,
2781 1063 2857 1129 ὡς
2903 1065 2994 1120 καὶ
3035 1065 3167 1136 ὕλην
3208 1066 3358 1137 αύτῷ
3399 1066 3498 1136 τῆς
3525 1067 3730 1120 συστά-

2130 1163 2268 1212 σεως
2313 1153 2731 1222 προετοιμάσαι,
2773 1155 2867 1208 καὶ
2913 1156 3209 1228 ἀρχετύπῳ
3247 1157 3355 1210 τινὶ
3395 1156 3582 1210 κάλλει
3627 1156 3732 1226 τὴν

2131 1239 2346 1312 μορφὴν
2368 1244 2651 1314 ὁμοιῶσαι,
2699 1249 2795 1301 καὶ
2849 1249 3117 1321 προθέντα
3159 1250 3251 1303 τὸν
3279 1249 3500 1314 σκοπὸν,
3534 1242 3597 1302 οὗ
3628 1251 3732 1320 χά-

2129 1345 2217 1398 ριν
2258 1333 2583 1404 γενήσεται,
2626 1339 2961 1412 κατάλληλον
3007 1341 3159 1412 αύτῷ
3209 1342 3305 1395 καὶ
3343 1343 3552 1395 οἰκείαν
3603 1345 3730 1406 ταῖς

2096 1480 2102 1486 .
2131 1420 2434 1494 ἐνεργείαις
2459 1428 2862 1502 δημιουργῆσαι
2904 1433 3003 1508 τὴν
3025 1433 3208 1505 φύσιν,
3237 1435 3559 1507 ἐπιτηδείως
3586 1434 3731 1505 πρὸς

2129 1512 2192 1566 τὸ
2220 1518 2579 1589 προκείμενον
2601 1522 2851 1593 ἔχουσαν.

433 1603 649 1656 eximiae
683 1601 1111 1672 pulchritudinis
1141 1603 1423 1672 exemplar
1446 1602 1867 1674 exprimendum
1897 1600 2182 1672 designata
2201 1644 2218 1671 ,
2251 1605 2360 1664 line
2384 1610 2551 1666 etiam
2581 1616 2890 1684 proposito,
2925 1616 2993 1672 ad
3033 1632 3196 1688 quem
3236 1615 3509 1671 creandas
3537 1624 3725 1670 esset:

434 1708 548 1753 tum
580 1699 777 1754 deinde
807 1706 1058 1754 naturam
1093 1697 1201 1754 sibi
1230 1699 1576 1755 consimilem
1606 1709 1662 1756 et
1692 1698 2007 1755 actionibus
2032 1695 2250 1757 aﬂinem
2281 1703 2549 1778 fabricat,
2603 1724 2728 1781 quae
2764 1711 2954 1783 operi,
2984 1713 3074 1769 cui
3117 1711 3516 1777 destinaretur,
3571 1716 3732 1767 esset

432 1791 740 1861 aptissima.

1037 1971 1269 2029 CAPUT
1307 1970 1399 2028 Π.

541 2131 789 2187 Hominis
831 2130 1100 2199 opiﬁcium
1137 2131 1188 2182 in
1224 2128 1470 2183 omnibus
1510 2117 1909 2199 imperatoriam

709 2201 1000 2272 quamdam
1035 2201 1412 2254 auctoritatem
1444 2201 1730 2255 ostentare.

498 2359 636 2415 Nam
668 2359 1131 2429 quemadmodum
1181 2360 1236 2414 in
1279 2359 1451 2416 rebus
1484 2357 1743 2415 humanis
1782 2356 2021 2413 artiﬁces

429 2452 500 2507 iis
549 2452 934 2508 instrumentis
983 2465 1108 2521 quae
1155 2449 1522 2514 fabricantur,
1575 2449 1807 2504 formam
1855 2450 2018 2504 talem

430 2546 717 2611 tribuunt,
767 2544 949 2614 qualis
997 2558 1122 2599 esse
1161 2542 1230 2597 ad
1277 2557 1474 2608 usum,
1517 2541 1606 2597 cui
1648 2541 2017 2605 destinantur,

431 2639 715 2710 aptissima
764 2635 942 2691 videri
992 2643 1218 2706 potest:
1262 2634 1344 2690 sic
1388 2635 1881 2706 praestantissimus
1927 2633 2020 2689 ille

428 2744 615 2785 rerum
645 2715 845 2782 artitex
879 2735 1130 2781 naturam
1159 2734 1405 2781 nostram
1451 2726 1696 2781 condidit
1733 2726 1882 2781 velut
1928 2725 2016 2779 in-

429 2828 802 2879 strumentum
849 2819 1124 2889 quoddam
1171 2833 1342 2889 regno
1394 2817 1835 2872 administrando
1898 2817 2018 2872 ido-

428 2926 616 2974 neum,
649 2917 818 2977 utque
841 2915 988 2962 esset
1021 2907 1087 2960 ad
1124 2905 1231 2961 hoc
1263 2907 1426 2960 homo
1456 2920 1621 2975 quam
1657 2903 2013 2974 aptissimus,

427 3017 553 3057 cum
583 2998 1055 3072 praestantissimis
1085 2997 1254 3052 animi
1284 2997 1505 3051 dotibus
1528 3036 1543 3061 ,
1577 3005 1692 3049 tum
1719 3011 1782 3050 ea
1804 3037 1820 3060 ,
1847 3010 2012 3065 quam

426 3094 744 3158 cernimus,
775 3090 1024 3162 corporis
1054 3104 1180 3146 eum
1216 3087 1395 3144 forma
1441 3086 1752 3143 exornavit.
1785 3085 1850 3139 Et
1893 3085 2018 3140 ani-

429 3201 554 3240 mus
585 3184 804 3254 quidem
833 3182 1040 3252 regiam
1077 3179 1464 3250 exceISamque
1503 3179 1820 3248 dignitatem
1857 3191 2012 3232 suam

427 3247 697 3347 longe-ab
737 3247 1048 3328 humilitate
1093 3272 1304 3342 privata
1346 3247 1652 3342 sejunctam
1676 3311 1691 3336 ,
1724 3270 1779 3323 in
1822 3283 1887 3323 eo
1914 3267 2012 3322 de-
2041 3247 2086 3306 θ

426 3372 606 3426 clarat
633 3384 648 3422 :
676 3367 823 3437 quod
862 3366 1147 3419 dominum
1189 3363 1466 3418 neminem
1498 3361 1782 3432 agnoscit,
1814 3369 1869 3415 et
1913 3373 2018 3414 suo

425 3475 491 3515 ex
525 3459 754 3513 arbitrio
785 3457 897 3526 agit
925 3457 1147 3521 omnia;
1198 3468 1460 3523 meroque
1490 3463 1544 3506 et
1585 3467 1805 3507 summo
1846 3451 2018 3521 impe-

426 3553 512 3607 rio
532 3593 546 3617 ,
579 3560 639 3605 ut
667 3550 768 3620 ipsi
803 3550 966 3614 libet,
997 3555 1170 3602 semet
1198 3546 1492 3616 gubernat.
1520 3542 1654 3598 Nam
1681 3545 1768 3598 cui
1795 3544 2014 3598 tandem

426 3641 530 3696 hoc
559 3639 855 3696 convenit.
890 3638 935 3692 si
970 3652 1076 3690 non
1112 3635 1274 3706 regi?
1303 3634 1576 3688 Praaterea
1611 3634 1884 3687 hominem
1923 3649 2020 3687 na-

426 3745 562 3787 turae
599 3732 801 3786 divina:
822 3769 836 3793 ,
871 3728 1030 3796 cujus
1059 3730 1242 3782 omnia
1274 3734 1468 3796 parent
1509 3725 1744 3795 imperio
1766 3764 1780 3789 ,
1823 3725 2017 3796 imagi-

425 3841 550 3880 nem
585 3841 746 3889 csse,
793 3822 930 3876 nihil
973 3836 1096 3877 esse
1143 3818 1448 3890 putandum
1490 3827 1575 3874 est
1613 3819 1801 3884 aliud,
1845 3834 2013 3890 quam

427 3920 634 3990 regium
665 3919 715 3972 ei
745 3917 915 3971 decus
960 3916 1016 3969 iu
1063 3916 1182 3984 ipsa
1227 3915 1507 3968 creatione
1555 3912 1821 3967 tributum
1868 3928 2012 3969 esse.

425 4006 898 4075 Quemadmodum
927 4005 1072 4058 enim
1105 4018 1259 4056 more
1285 4003 1550 4062 humano,
1583 4001 1673 4069 qui
1703 3999 2014 4070 principum

427 4100 694 4169 imagines
727 4095 970 4158 faciunt,
1004 4093 1187 4147 nativa
1237 4091 1426 4146 formae
1472 4090 1675 4146 indicia
1715 4089 2014 4162 cﬂingunt,

427 4202 590 4260 atque
636 4189 802 4243 etiam
857 4202 1118 4258 purpurae
1165 4187 1372 4240 amictu
1424 4186 1633 4256 regiam
1690 4185 2014 4256 dignitatem

425 4285 778 4355 exprimunt:
811 4296 986 4350 eaque
1025 4279 1221 4335 deinde
1246 4279 1363 4335 suis
1406 4279 1587 4350 imago
1627 4280 1877 4334 numeris
1917 4280 2023 4334 οὓς

425 4379 602 4434 soluta
631 4391 695 4431 ex
727 4372 1129 4429 consuetudine
1176 4388 1267 4426 rex
1315 4373 1658 4442 appellatur;
1714 4374 1787 4426 ita
1829 4383 1882 4428 et
1927 4372 2022 4426 ho-

426 4471 593 4526 minis
622 4477 817 4522 uatura
837 4507 852 4531 ,
883 4468 964 4522 sic
990 4467 1215 4521 condita
1243 4475 1302 4520 ut
1331 4467 1674 4536 reliquorum
1702 4475 2014 4521 creatorum

423 4562 644 4616 domina
669 4568 853 4621 esset,
886 4568 1110 4629 propter
1151 4573 1311 4624 eam,
1361 4573 1472 4628 qua
1516 4573 1698 4630 regem
1741 4558 2014 4614 universi-

424 4653 553 4707 tatis
583 4651 750 4719 hujus
775 4649 982 4713 refert,
1008 4650 1430 4705 similitudinem
1453 4691 1468 4716 ,
1498 4652 1678 4723 imago
1701 4652 1860 4721 quasi
1888 4651 2012 4706 viva

421 4750 607 4797 erecta
631 4753 716 4797 est
736 4781 752 4806 ,
781 4757 907 4796 cum
937 4756 1044 4811 qua
1071 4749 1125 4795 et
1150 4741 1392 4812 dignitas
1419 4753 1474 4798 et
1500 4758 1700 4798 nomen
1727 4743 2008 4814 archetypi

2662 1975 3064 2032 ΚΕΦΑΛΔΙΟΝ
3103 1980 3180 2032 Δ¹.

2129 2122 2260 2177 Ὀτι
2303 2123 2401 2178 διὰ
2444 2124 2688 2200 πάντων
2730 2131 3115 2200 ἐπισημαίνει
3158 2129 3274 2199 τὴν
3319 2131 3584 2200 ἀρχικήν
3633 2130 3729 2195 ἐξα

2323 2199 2545 2251 ουσίαν
2577 2198 2616 2266 ἡ
2655 2199 2763 2253 τοῦ
2791 2198 3105 2269 ἀνθρώπου
3145 2198 3514 2268 κατασκευή.

2197 2358 2466 2428 Καθάπερ
2506 2359 2617 2430 γὰρ
2663 2360 2722 2413 ὲν
2747 2358 2850 2440 ,τῷ
2902 2358 3002 2430 βίῳ
3038 2359 3214 2430 τούτῳ
3253 2358 3602 2430 καταλλήλως
3653 2361 3721 2431 τῇ

2126 2444 2287 2514 χρείᾳ
2322 2446 2718 2516 σχηματίζεται
2758 2448 2908 2518 παρά
2947 2447 3057 2501 τῶν
3080 2449 3498 2519 τεχνιτευόντων
3532 2448 3594 2501 τί.
3630 2448 3724 2520 ᾕρ-

2125 2551 2290 2603 γανον
2311 2551 2325 2566 ⁸
2352 2535 2527 2601 οὕτως
2555 2531 2668 2591 οἷόν
2695 2556 2749 2592 τι
2789 2537 2982 2602 σκεῦος
3019 2541 3099 2602 είς
3127 2539 3404 2610 βασιλείας
3436 2539 3723 2611 ἐνέργειαν

2123 2629 2430 2702 ἐπιτήδειον
2452 2630 2553 2702 τὴν
2591 2630 2869 2703 ἡμετέραν
2902 2631 3064 2701 φύσιν
3102 2633 3132 2685 ό
3167 2631 3556 2706 ἀριστοτέχνης
3594 2631 3721 2701 ἐδη-

2127 2719 2451 2791 μιούργησε,
2499 2723 2614 2785 τοῖς
2665 2739 2726 2774 τε
2775 2721 2916 2775 κατά
2963 2721 3062 2792 τὴν
3109 2721 3288 2792 ψυχὴν
3336 2724 3722 2794 προτερήμασι

2123 2811 2218 2863 καί
2260 2807 2408 2881 αύτῷ
2450 2809 2529 2881 τῷ
2569 2810 2663 2864 τοῦ
2708 2810 2958 2881 σώματος
3013 2813 3252 2883 σχήματι
3296 2811 3538 2865 τοιοῦτον
3577 2809 3720 2868 εἶναι

2122 2901 2572 2972 παρασκευάσας,
2596 2896 2708 2955 οἷον
2737 2903 3056 2973 ἐπιτηδείως
3079 2903 3217 2974 πρὸς
3249 2902 3526 2972 βασιλείαν
3549 2903 3637 2973 ἔχε
3648 2923 3715 2958 ιν.

2134 2993 2198 3047 Ἦ
2231 2994 2330 3064 μὲν
2359 2994 2468 3065 γὰρ
2499 2994 2645 3066 ψυχὴ
2663 2995 2723 3048 τὸ
2747 2995 3023 3065 βασιλικόν
3060 3014 3118 3048 τε
3147 2997 3239 3049 καὶ
3271 2997 3587 3067 ἐπηρμένον
3616 2998 3719 3050 αύ-

2121 3085 2276 3139 τόθεν
2299 3086 2539 3139 δείκνυσι
2569 3087 2757 3158 πὸρῤω
2778 3087 2877 3156 τῆς
2905 3087 3180 3156 ἰδιωτικῆς
3205 3088 3595 3159 ταπεινότητος
3627 3107 3721 3142 κε-

2123 3177 2482 3248 χωρισμένον,
2532 3180 2597 3232 ἐκ
2641 3179 2736 3232 τοῦ
2769 3179 3062 3234 ἀδέσποτον
3097 3179 3266 3252 αὐτὴν
3291 3177 3430 3234 εῖναι
3459 3181 3553 3235 κιιί⁷
3588 3184 3719 3236 αὐτο

2118 3270 2379 3335 εξούσιον,
2410 3271 2557 3335 ἰδίοις
2583 3271 2708 3341 θελή
2719 3289 2883 3342 μασιν
2904 3273 3384 3344 αὐτοκρατορικῶς
3405 3274 3721 3344 διοικουμέο

2119 3378 2244 3433 νην.
2265 3363 2422 3426 Τίνος
2452 3362 2560 3434 7&9
2590 3362 2750 3417 ἄλλου
2781 3363 2962 3431 τοῦτο,
2982 3364 3076 3417 καὶ
3105 3365 3225 3435 ούχί
3249 3365 3512 3435 βασιλέως
3529 3366 3714 3430 ἐστίνς

2118 3453 2231 3507 Καὶ
2254 3452 2337 3505 ἔτι
2362 3453 2498 3524 πρὸς
2512 3452 2744 3517 τούτοις,
2771 3454 2833 3506 τὸ
2861 3454 2961 3524 τῆς
2987 3454 3422 3526 δυναστευούσης
3449 3456 3560 3508 τῶν
3585 3458 3718 3510 πάν·

2118 3562 2226 3598 των
2260 3544 2479 3614 φύσεως
2521 3546 2708 3599 εἰκόνα
2749 3546 3046 3613 γενέσθαι,
3077 3547 3231 3600 οὐδὲν
3256 3547 3445 3618 ἔτερόν
3477 3549 3648 3613 ἐστιν,
3678 3548 3711 3620 ἢ

2117 3636 2284 3701 εὐθὺς
2317 3636 2563 3706 βασιλίδα
2613 3637 3091 3709 δημιουργηθῆναι
3132 3638 3231 3709 τὴν
3273 3638 3458 3708 φύσιν.
3495 3638 3714 3710 Ὠσπερ

2117 3729 2228 3801 7&9
2258 3729 2403 3783 κατά
2436 3731 2538 3802 τὴν
2584 3730 2937 3802 ἀνθρωπίνην
2972 3731 3257 3802 συνήθειαν
3288 3732 3337 3784 οἰ
3371 3731 3470 3794 τὰς
3498 3732 3713 3794 εἰκόνας

2116 3821 2225 3876 τῶν
2250 3822 2600 3892 κρατούντων
2628 3821 3154 3887 κατασκευάζοντες,
3182 3823 3272 3876 τόν
3297 3840 3356 3875 τε
3385 3824 3712 3895 χαρακτῆρα

2115 3915 2216 3986 τῆς
2244 3915 2461 3986 μορφῆς
2489 3915 2922 3986 ἀναμάσσονται,
2947 3918 3043 3969 καὶ
3069 3917 3134 3986 τῇ
3159 3915 3422 3987 περιϐολῇ
3449 3914 3553 3985 τῆς
3580 3933 3712 3986 πορο

2119 4004 2343 4076 φυρίδος
2380 4005 2479 4076 τὴν
2510 4005 2799 4078 βασιλικὴν
2824 4006 2982 4072 ἀξίαν
3015 4007 3585 4078 συμπαραγρὼρουσι,
3618 4009 3713 4060 καὶ

2117 4096 2335 4165 λέγεται
2355 4099 2499 4153 κατὰ
2528 4099 2819 4169 συνήθειαν
2847 4099 2996 4170 καὶὴ
3025 4097 3209 4162 εἰκὼν,
3244 4097 3496 4167 βασιλεύς
3517 4114 3530 4128 ο
3565 4099 3712 4152 οὓτω

2119 4194 2264 4264 καὶὴ
2288 4191 2604 4264 ἀνθρωπίνη
2621 4191 2804 4261 φύσις,
2837 4191 3022 4262 ἐπειδὴ
3045 4191 3182 4262 πρὸς
3198 4190 3297 4260 τὴν
3329 4191 3503 4261 ἀρχὴν
3533 4191 3709 4244 ἄλλων

2117 4286 2574 4352 κατεσκευάζετο,
2605 4285 2694 4338 διά
2715 4285 2815 4355 τῆς
2845 4285 2984 4355 πρὸς
3011 4284 3102 4337 τὸν
3137 4281 3360 4353 βασιλέα
3389 4282 3482 4335 τοῦ
3505 4283 3710 4346 παντὸς

2117 4379 2455 4449 ὁμοιότητος,
2480 4373 2592 4430 οἷόν
2624 4394 2710 4441 τις
2739 4376 2981 4447 ἔμψυχος
3003 4374 3168 4430 εἰκὼν
3191 4374 3484 4445 ἀνεστάθη,
3511 4393 3712 4430 κοινω-

2117 4471 2287 4526 νοῦσα
2324 4469 2403 4540 τῷ
2433 4469 2728 4541 ἀρχετύπῳ
2769 4470 2865 4524 καὶ
2903 4469 3004 4540 τῆς
3044 4467 3203 4534 ἀξίας
3249 4467 3344 4521 καί
3374 4467 3468 4520 τοῦ
3510 4467 3711 4538 ὀνόμαο

2120 4580 2245 4626 τος·
2281 4563 2344 4616 ού
2381 4561 2690 4633 πορφυρίδα
2728 4561 3112 4632 περικειμένη,
3151 4560 3272 4614 οὐδὲ
3302 4562 3570 4632 σκήπτρῳ
3615 4562 3711 4614 καὶ

2115 4654 2412 4726 διαδήματι
2464 4653 2564 4724 τὴν
2607 4651 2762 4717 ἀξίαν
2804 4651 3244 4724 ὲπισημαίνουσα
3294 4652 3460 4722 (οὐδὲ
3498 4653 3610 4724 γὰρ
3651 4653 3710 4706 τὸ

2115 4745 2424 4816 ἀρχέτυπον
2475 4744 2534 4796 ὲν
2589 4743 2804 4808 τούτοις
2850 4741 3036 4816 ἐστὶν)
3061 4783 3077 4807 ,
3112 4743 3226 4795 ἀλλ’
3272 4743 3394 4796 ἀντί
3449 4743 3554 4809 μὲν.
3604 4743 3708 4812 τῆς

423 4833 951 4890 communicaretur.
996 4832 1176 4903 Atque
1220 4838 1338 4888 haec
1381 4835 1564 4904 imago
1608 4849 1719 4889 non
1765 4849 2008 4905 purpura

2123 4805 2436 4907 &io‘097£80g
2486 4834 2586 4906 τὴν
2625 4805 2828 4905 ἁρετῆν
2879 4805 3266 4905 ἠμφίεσμένη,
3309 4833 3339 4886 ὃ
3377 4805 3459 4904 δὴ-
3482 4805 3707 4888 πάντων

420 4935 506 4983 εει
550 4933 848 4989 exornata,
891 4939 1070 4994 neque
1115 4933 1334 4997 sceptro
1374 4932 1428 4978 et
1469 4925 1617 4996 regia
1661 4923 1830 4980 fascia
1869 4940 2011 4995 prce-

423 5017 820 5076 stantissimam
866 5016 1192 5087 dignitatem
1249 5031 1411 5072 suam
1463 5026 1522 5072 ut
1567 5024 1871 5073 ostentaret
1922 5033 2013 5073 ne-

423 5126 580 5166 cesse
626 5108 1166 5178 habebat,_quando
1214 5125 1284 5163 ne
1328 5110 1508 5180 ipsum
1557 5111 1776 5179 quidem
1827 5125 2012 5165 exem-

430 5205 611 5274 plum,
659 5200 725 5256 ad
767 5199 916 5271 quod
959 5209 1045 5255 est
1085 5199 1462 5267 conformata,
1508 5204 1675 5258 rebus
1719 5203 1774 5256 in
1823 5203 2013 5272 hujus-

426 5297 572 5352 modi
619 5295 916 5358 consistit,
971 5293 1065 5348 sed
1121 5308 1221 5364 pro
1265 5310 1511 5364 purpura
1558 5295 1761 5350 virtute
1805 5297 2008 5351 amicta

424 5397 537 5451 est,
578 5402 688 5457 quo
722 5387 873 5442 cultu
907 5385 1043 5440 nihil
1077 5386 1251 5455 magis
1279 5402 1403 5441 esse
1427 5387 1634 5455 regium
1665 5395 1882 5456 potest:
1917 5405 2018 5458 pra

2119 4926 2546 4999 βασιλικώτατον
2589 4927 2913 4998 ἐσθημάτων
2937 4926 3114 4979 ἐστίν’
3148 4926 3268 4979 ἀντί
3305 4925 3360 4978 δὲ
3394 4924 3489 4979 τοῦ
3527 4929 3707 4997 σκήπ-

2119 5036 2251 5091 τρου
2270 5021 2338 5090 τῇ
2370 5021 2732 5091 μακαριότητι
2758 5019 2858 5088 τῆς
2883 5017 3184 5081 ἀθανασίας
3205 5017 3524 5090 ἐρειδομένη
3545 5033 3560 5047 ·
3587 5021 3706 5074 ἀντὶ

2116 5111 2174 5166 δὲ
2203 5111 2298 5165 τοῦ
2328 5109 2608 5181 βασιλικοῦ
2628 5110 2960 5180 διαδήματος
2983 5108 3061 5180 τῷ
3085 5110 3186 5180 τῆς
3207 5110 3557 5182 δικαιοσύνης
3590 5130 3708 5165 στε-

2120 5206 2274 5275 φάνῳ
2306 5202 2721 5275 κεκοσμημένη,
2754 5202 2895 5256 ὥστε
2920 5202 3010 5256 διὰ
3043 5201 3263 5257 πάντων
3290 5203 3347 5254 ὲν
3381 5201 3459 5272 τῷ
3484 5201 3583 5274 τῆς
3616 5204 3706 5273 βα.

2121 5295 2326 5358 σιλείας
2373 5293 2646 5364 ἀξιώματι
2681 5292 2996 5347 δείκνυσθαι
3030 5292 3097 5346 δι’
3134 5293 3427 5364 ἀκριῦείας
3459 5295 3604 5364 πρὸς
3649 5297 3708 5349 τὸ

2122 5387 2429 5458 ἀρχέτυπον
2454 5383 2650 5447 κάλλος
2681 5383 3060 5454 ὁμοιωθεῖσαν.

427 5485 684 5549 sceptro,
713 5479 1009 5534 immortali
1047 5479 1310 5534 heatitate
1340 5479 1604 5534 suﬂulta:
1643 5495 1743 5548 pro
1776 5481 1923 5550 regia
1960 5479 2129 5534 fascia
2150 5521 2165 5544 ,
2195 5479 2422 5548 justitize
2452 5493 2656 5533 corona
2714 5484 3001 5531 exornata.
3050 5475 3295 5545 Denique
3330 5476 3397 5532 de
3444 5479 3706 5534 omnibus

427 5589 552 5645 quia:
585 5573 852 5641 maiestati
888 5573 1054 5645 regie
1081 5573 1450 5639 conveniunt,
1489 5582 1746 5643 apparet,
1800 5589 1964 5627 unam
2017 5575 2156 5629 hanc
2209 5574 2534 5644 imaginem,
2577 5570 3043 5642 pulchritudinem
3076 5570 3340 5642 principis
3372 5574 3709 5643 exemplaris

427 5677 680 5726 accurate
711 5667 934 5723 referre.

498 5826 620 5862 ⁸⁹ο⁴ο
647 5821 782 5882 Gen.
819 5838 858 5889 ι,
885 5825 973 5882 26.
