3880 6362
2191 234 2226 253 ᾗ
2254 255 2263 259 -

142 407 228 464 45-,
1412 400 1498 454 DE
1546 396 1830 453 Houtxts
1879 396 2186 453 omnem.
2792 424 2795 427 ι
3296 396 3395 453 tas

669 522 1067 576 ΚΕΦΑΛΑΙυΝ
1108 523 1179 574 E'.

2443 516 2670 573 CAPUT
2702 516 2767 571 V.

141 612 256 671 ὀτι
287 618 555 685 ὁμοίωμα
599 614 717 683 τῆς
761 616 923 680 θείας
950 612 1275 677 ,βασιλείας
1309 615 1339 665 ό
1381 612 1673 680 ἄνθρωπος

1748 620 1793 676 Α
1957 610 2236 664 Hominem
2269 609 2434 664 divini
2471 610 2675 677 imperii
2708 610 2985 679 imaginem
3016 610 3276 666 exhibere.

201 709 269 762 Τδ
294 709 351 762 δὲ
389 707 540 762 θεῖον
580 707 785 771 κάλλος
810 706 871 760 οὐ
907 704 1146 777 σχήματί
1188 718 1291 759 τινι
1311 745 1325 768 ,
1371 706 1463 758 καὶ
1497 704 1716 775 μορφῆς

1892 694 2162 769 Caeterum
2194 700 2545 771 pulchritudo
2571 700 2666 754 illa
2705 702 2910 767 divina,
2947 716 3053 756 non
3083 702 3189 757 ulla
3221 702 3393 758 forma

144 799 407 872 εὐμοιρίᾳ,
452 799 547 854 διά
590 813 744 862 τινος
793 796 1043 868 εὐχροίας
1090 795 1437 865 ἀγλαΐζεται,
1489 795 1602 848 ἀλλ’
1656 796 1676 846 ὲ

1862 795 1906 849 el
1953 792 2152 849 eximia
2201 799 2487 848 venustate
2536 800 2761 847 externa
2815 792 3142 862 resplendet,
3201 794 3296 849 sed
3341 795 3394 848 in

143 889 384 959 ἀφράστῳ
410 887 788 958 μακαριότητι
814 888 931 940 κατ’
951 885 1149 957 ἀρετὴν
1165 885 1467 956 θεωρεῖται.
1502 885 1674 936 Ὥσπε

1860 885 2081 939 eatitate
2139 882 2439 939 secundum
2489 882 2744 937 virtutem
2804 881 3063 937 ineffabili
3118 884 3390 940 consistit.

143 977 303 1029 τοίνυν
328 977 427 1040 τὰς
458 977 819 1048 ἀνθρωπίνας
851 975 1063 1046 μορφὰς
1089 974 1178 1029 διὰ
1206 977 1513 1046 χρωμάτων
1548 974 1675 1028 τινῶ

1853 971 2032 1028 dcirco
2074 970 2531 1043 quemadmodum
2565 972 2803 1043 pictores
2832 972 3111 1027 coloribus
3161 973 3385 1042 quibus-

144 1067 224 1120 ἐπὶ
252 1069 374 1131 τοὺς
419 1068 669 1131 πίνακας
694 1068 743 1120 οἱ
774 1069 1005 1138 γραφεῖς
1055 1066 1417 1138 μεταφέρουσι
1442 1108 1456 1131 ,
1482 1065 1582 1130 τὰς
1621 1062 1676 1119 ὀἱ

1864 1079 1950 1118 am
1983 1064 2186 1135 ﬁguras
2217 1064 2490 1119 humanas
2522 1064 2578 1118 in
2618 1064 2816 1120 tabulis
2844 1064 3177 1136 exprimunt,
3219 1056 3396 1121 omni-

146 1158 279 1221 κείας
310 1175 365 1210 τε
402 1158 498 1211 καὶ
544 1158 921 1229 καταλλήλους
973 1157 1151 1227 βαφὰς
1196 1157 1590 1226 ἀπαλείφοντες
1634 1161 1678 1211 τε

1864 1171 1931 1211 ue
1961 1155 2142 1211 studio
2163 1155 2378 1211 colores
2403 1155 2659 1226 proprios
2688 1164 2742 1212 et
2775 1156 3167 1212 convenientes
3197 1156 3396 1213 addere

148 1250 439 1319 μιμήματι,
463 1249 544 1312 ὡς
575 1250 647 1302 ἂν
676 1249 744 1301 δι’
784 1248 1067 1320 ἀκριϐείας
1093 1248 1155 1300 τὸ
1183 1248 1488 1319 ἀρχέτυπον
1519 1246 1680 1305 κάλλο

1863 1246 2054 1302 ῐοιιιιτω
2106 1261 2219 1302 suae
2276 1256 2568 1310 conantur,
2622 1256 2682 1302 ut
2734 1247 3194 1319 pulchritudinem
3253 1246 3394 1317 ejus,

148 1340 477 1411 patsvsxfisiq
506 1340 653 1410 πρὸς
673 1341 735 1393 τὸ
756 1341 1007 1410 ὁμοίωμα
1033 1356 1047 1371 ο
1071 1339 1214 1394 οὕτω
1247 1358 1335 1410 μοι
1362 1340 1471 1394 νόει
1500 1340 1596 1393 καὶ
1621 1339 1680 1393 τὸ

1863 1336 1966 1390 uod
1991 1337 2325 1406 exprimunt,
2355 1337 2704 1406 exemplaris,
2730 1345 2984 1392 accurate
3013 1337 3068 1391 in
3105 1336 3394 1406 imaginem

146 1433 391 1504 ἡμέτερον
424 1433 703 1503 πλάστην,
737 1431 849 1486 οἷόν
877 1450 986 1486 τισι
1017 1432 1213 1503 βαφαῖς
1244 1435 1312 1504 τῇ
1355 1432 1462 1486 τῶν
1505 1425 1678 1503 ἀρετῶ

1862 1444 1997 1486 ιεοιη
2033 1427 2367 1484 transferant
2398 1446 2411 1482 :
2461 1427 2541 1483 sic
2571 1436 2818 1483 nostrum
2847 1429 3011 1484 etiam
3058 1428 3394 1483 conditorem

146 1525 349 1595 ἐπιϐολῇ
366 1524 502 1595 πρὸς
517 1525 581 1578 τὺ
605 1525 739 1578 ἴδιον
755 1525 947 1588 κάλλος
959 1523 1055 1595 τὴν
1070 1524 1254 1578 εἰκόνα
1271 1522 1678 1597 περιανθίσαντο

1867 1521 2185 1588 ιίειίιιιοδίε,
2239 1521 2513 1577 indentem
2554 1522 2783 1578 virtutes
2811 1520 3010 1576 animis
3042 1520 3270 1583 nostris,
3304 1518 3399 1573 iis-

147 1616 197 1668 ἐν
219 1618 343 1687 ἡμῖν
362 1614 535 1680 δεῖξαι
571 1616 673 1686 τὴν
704 1615 837 1668 ἰδίαν
872 1615 1065 1686 ἀρχὴν.
1097 1615 1357 1685 Πολυειδῆ
1384 1615 1560 1669 δὲκαὶ
1595 1630 1679 1668 ποι

1866 1630 1945 1670 em
1991 1615 2155 1669 veluti
2190 1614 2467 1672 coloribus
2502 1615 2792 1685 imaginem
2842 1628 2995 1669 suam
3031 1613 3099 1667 ad
3140 1612 3398 1669 similitu-

148 1710 257 1762 κίλα
279 1710 346 1762 τὰ
364 1712 529 1765 οἱονεὶ
553 1710 827 1783 χρώματα
838 1711 948 1791 κτῆς
975 1708 1202 1773 εἰκόνος,
1226 1709 1294 1762 δι’
1324 1705 1399 1764 ὧν
1424 1710 1456 1779 ἡ
1486 1708 1680 1780 ἀληθιν

1863 1707 2006 1762 inem
2045 1708 2281 1779 propriae
2328 1707 2751 1778 pulchritudinis
2798 1722 3049 1771 ornasse,
3094 1716 3151 1760 ut
3193 1705 3395 1775 princi-

150 1799 619 1870 ἀναζωγραφεῖται
653 1801 836 1873 μορφὴ
860 1840 874 1865 ,
907 1803 1007 1855 οὐκ
1030 1801 1441 1874 ὲρύθρημακκαὶ
1470 1800 1682 1873 λαμπρέ

1863 1808 1983 1856 atus
2014 1802 2099 1856 sui
2131 1802 2311 1871 imago
2336 1801 2390 1857 in
2418 1803 2576 1858 nobis
2600 1802 3023 1873 perspiceretur.
3050 1798 3192 1855 Sunt
3217 1807 3395 1856 autem

148 1861 369 1960 τηςξκαὶ.
386 1893 420 1963 ἡ
440 1861 587 1945 ’ποιά
609 1861 973 1963 ’στρος
995 1861 1198 1963 ἄλληλα
1224 1861 1395 1962 μίξις,
1426 1861 1680 1946 οὐδέτινο

1863 1891 2150 1961 mltiplices
2196 1907 2261 1948 ac
2299 1894 2433 1947 varii
2475 1893 2642 1963 hujus
2690 1894 2942 1965 imaginis
2993 1894 3239 1958 Colores;
3272 1893 3395 1963 qui-

152 1982 357 2052 μέλανος
384 1985 687 2055 ὑπογραφὴ
726 1983 902 2055 ὀφρύν
934 2001 992 2037 τε
1028 1984 1123 2038 καὶ
1153 1978 1466 2056 ὀφθαλμοὺς
1497 1985 1684 2039 ὑπαλεί

1861 1997 1922 2036 us
1968 1983 2149 2038 nativa
2182 1982 2276 2038 Dei
2326 1984 2500 2039 forma
2528 1985 2593 2039 ad
2626 1985 2807 2039 vivum
2861 1985 3189 2056 exprimitur
3222 2005 3235 2040 :
3286 1999 3393 2039 non

149 2090 325 2140 φουσα,
350 2075 444 2129 καὶ
474 2074 624 2129 κατά
654 2092 779 2128 τινα
811 2076 1004 2146 κρᾶσιν
1036 2076 1102 2130 τὰ
1136 2076 1289 2130 κοῖλα
1314 2075 1408 2130 τοῦ
1435 2076 1681 2148 χαρακτῆ

1863 2071 1895 2125 li
1935 2071 2153 2141 quidem
2192 2075 2277 2129 vel
2333 2074 2520 2139 rubor,
2565 2075 2648 2129 vel
2702 2058 2980 2144 splendor,
3013 2075 3098 2129 vel
3131 2077 3273 2130 facta
3305 2090 3395 2130 se-

153 2179 230 2233 ρος
249 2165 577 2229 ὕποσκιάξου
588 2181 679 2228 σα,
707 2166 802 2217 καὶ
826 2165 927 2219 ὅσα
954 2165 1179 2219 τοιαῦτα
1206 2167 1510 2237 ζωγράφων
1533 2170 1679 2238 χεῖρε

1863 2161 2054 2216 indum
2101 2162 2426 2232 qualitatum
2461 2166 2866 2234 proportionem
2915 2165 3109 2220 horum
3162 2165 3306 2219 inter
3337 2178 3395 2218 se

150 2258 560 2327 ιπετεχνήσαντο
585 2274 602 2287 ·
650 2256 765 2309 ἀλλ’
792 2258 911 2312 ἀντὶ
944 2256 1150 2311 τούτων
1188 2257 1496 2329 καθαρότης
1519 2300 1534 2324 ,
1565 2258 1682 2312 ἅπά

1862 2251 2146 2317 )mtnistio,
2180 2252 2263 2307 vel
2295 2255 2585 2308 atramenti
2619 2254 2686 2309 ad
2727 2254 2911 2311 fucum
2947 2254 3258 2324 usurpatio,
3288 2270 3394 2324 qua

149 2346 289 2411 θεια,
325 2349 703 2421 μακαριότηςι,
743 2349 914 2403 κακοῦ
952 2349 1153 2413 παντὸς
1194 2348 1570 2420 ἀλλοτρίωσις,
1617 2366 1681 2403 κα

1864 2343 2105 2415 tpercilia
2146 2344 2359 2401 oculive
2407 2346 2778 2409 sublinantur,
2820 2362 2884 2402 ac
2921 2346 3159 2417 quodam
3192 2354 3396 2416 tempe-

148 2440 235 2493 ὅσα
258 2440 345 2494 τοῦ
371 2441 623 2495 τοιούτου
664 2441 855 2511 γένους
883 2442 1019 2505 ἐστὶ,
1054 2442 1121 2494 δι’
1164 2435 1240 2496 ὧν
1274 2442 1571 2513 μορφοῦται
1600 2445 1680 2496 τοῖ

1863 2444 2065 2491 tmcnto
2093 2444 2275 2506 partes
2301 2437 2575 2506 depressa:
2604 2439 2913 2494 sublustres
2949 2438 3267 2505 reddantur,
3310 2439 3395 2495 vel

149 2529 433 2599 ἀνθρώποις
459 2534 493 2603 ἡ
517 2532 660 2604 πρὸς
683 2533 742 2585 τὸ
768 2532 921 2586 Θεῖον
950 2534 1226 2603 ὁμοίωσις.
1254 2534 1529 2597 Τοιούτοις
1557 2534 1681 2588 ἀνθε

1890 2529 2021 2600 quid
2051 2536 2136 2585 est
2166 2529 2481 2599 hujusmodi
2516 2532 2661 2602 quod
2696 2531 2964 2586 artificum
3003 2532 3274 2586 industria
3307 2547 3394 2587 re-

152 2634 225 2672 σιν
250 2621 276 2672 6
300 2620 635 2693 δημιοῦργὺς
660 2623 758 2691 τῆς
784 2622 920 2685 ἰδίας
968 2624 1175 2687 εἰκόνος
1195 2623 1294 2695 τὴν
1321 2626 1601 2695 ἡμετέραν
1629 2624 1679 2676 δι

1860 2622 1957 2676 erit
1988 2637 1998 2668 ε
2042 2621 2137 2701 sed
2166 2623 2403 2691 puritas,
2442 2624 2760 2678 immunitas
2787 2640 2817 2677 a
2865 2625 3392 2693 perturbationibus,

151 2709 363 2780 εχάραξε
391 2712 578 2780 φύσιν.
624 2713 686 2766 El
723 2713 780 2766 δὲ
813 2714 904 2767 καὶ
928 2715 994 2767 τὰ
1030 2714 1165 2768 ἄλλα
1203 2713 1610 2780 συνεξεταζοις,
1644 2716 1683 2768 δι

1862 2711 2116 2777 aatitudo,
2163 2712 2408 2768 conditio
2441 2714 2568 2768 mali
2613 2716 2792 2770 omnis
2825 2730 3040 2784 expers,
3077 2724 3130 2770 et
3162 2716 3249 2772 his
3292 2717 3394 2771 alia

152 2792 218 2853 ὧν
252 2802 309 2855 τὸ
345 2802 488 2857 θεῖον
532 2802 734 2866 κάλλος
768 2802 1268 2875 χαρακτηρίζεταιο
1314 2805 1570 2876 εὑρήσεις
1619 2822 1684 2858 κα

1860 2802 2147 2869 onsimilia,
2212 2818 2337 2873 quae
2388 2804 2664 2861 hominem
2737 2806 2842 2860 Deo
2896 2821 3078 2877 parem
3133 2807 3392 2865 efficiunt.

153 2891 273 2962 πρὸς
292 2896 466 2948 ἐκεῖνα
490 2896 562 2948 δι’
594 2895 876 2966 ἀκριϐείας
910 2896 1223 2967 σωζομένην
1241 2899 1298 2951 ὲν
1323 2899 1390 2967 τῇ
1414 2896 1536 2950 καθ’
1565 2897 1682 2968 ήμᾶ

1865 2894 2100 2963 iusmodi
2156 2893 2383 2951 ﬂoribus
2433 2894 2716 2950 hominum
2771 2908 3023 2953 naturam
3070 2898 3265 2956 artifex
3309 2901 3397 2956 ille

152 2982 302 3037 εἰκόνι
320 2985 415 3055 τὴν
436 2985 755 3056 ὁμοιότητα.
783 2984 922 3050 Νοῦς
948 2987 1042 3041 καὶ
1069 2987 1229 3055 λόγος
1257 2985 1515 3059 ὴθειότης
1543 2986 1684 3039 ἐστίν

1866 2985 2052 3055 roprite
2072 2984 2334 3056 imaginis
2363 2986 2605 3041 ornavit.
2636 2987 2791 3055 Quod
2830 2989 2875 3044 si
2902 2997 2956 3042 et
2991 2990 3093 3042 alia
3116 2990 3247 3045 libet
3275 3006 3398 3061 per-

153 3076 204 3130 ιν
241 3077 373 3148 ἀρχῇ
407 3095 464 3130 τε
498 3076 614 3148 γὰρ
640 3074 709 3147 ῆν
740 3078 770 3129 6
802 3079 993 3145 Λόγος.
1026 3080 1134 3132 Καὶ
1169 3080 1219 3132 οἱ
1261 3080 1537 3151 προφῆται
1573 3096 1685 3133 κατε

1866 3076 2057 3141 uirere,
2089 3077 2291 3146 quibus
2319 3078 2501 3133 divina
2529 3078 2878 3148 pulchritudo
2912 3081 3279 3148 exprimitur:
3315 3081 3398 3135 in-

155 3158 343 3220 Παῦλον
366 3167 490 3221 νοῦν
515 3168 759 3239 Χριστοῦ
785 3167 982 3238 ἔχουσι,
1016 3169 1107 3222 τὸν
1137 3170 1195 3222 ὲν
1223 3169 1405 3232 αὐτοῖς
1428 3168 1687 3223 λαλοῦντα

1865 3165 2029 3237 :lliges
2086 3166 2250 3221 etiam
2302 3167 2394 3221 illa
2437 3168 2585 3238 quod
2624 3170 2839 3234 attinet,
2892 3170 3306 3225 similitudinem
3342 3171 3397 3225 in

153 3219 219 3309 os
263 3219 450 3330 πάρρῴ
473 3219 718 3311 ὧὲἐςῴζ
740 3219 864 3312 ’καῖ’
883 3219 1403 3330 ..".‘.o.;..;..;f
1428 3219 1612 3329 ea;
1636 3219 1685 3312 ἐ

1867 3259 2059 3329 nagine
2092 3266 2282 3314 nostra
2311 3267 2567 3315 accurate
2593 3271 2865 3316 servatam
2911 3277 3052 3318 csse.
3102 3263 3162 3318 ln
3205 3270 3399 3319 natura

158 3347 347 3419 σεαυτῴ
370 3350 463 3403 καὶ
481 3350 579 3404 τὸν
609 3349 789 3418 λόγον,
833 3350 924 3404 καὶ
948 3350 1209 3415 διάνοιαν,
1243 3352 1469 3423 μίμημα
1498 3352 1591 3405 τοῦ
1625 3351 1690 3406 ὃν

1868 3348 2004 3402 ivina
2027 3356 2112 3404 est
2145 3364 2300 3405 mens
2325 3357 2380 3405 et
2410 3366 2610 3409 sermo.
2639 3353 2737 3408 Est
2757 3353 2901 3407 enim
2935 3355 3111 3410 sacris
3144 3355 3197 3409 in
3227 3354 3400 3411 Litte-

153 3453 249 3501 τως
291 3440 378 3494 νοῦ
421 3459 480 3495 τε
527 3443 625 3495 καὶ
676 3442 856 3510 λόγου.
904 3442 1117 3513 Ἀγάπη
1152 3443 1314 3497 πάλιν
1352 3445 1381 3497 6
1410 3443 1542 3507 Θεὸς
1566 3484 1580 3508 ,
1618 3462 1685 3498 κα

1863 3445 1898 3496 is
1926 3440 2227 3510 proditum,
2256 3442 2414 3496 initio
2442 3457 2623 3497 rerum
2650 3445 2968 3502 Sermonem
2995 3448 3107 3517 jam
3137 3447 3308 3505 fuisse
3332 3449 3395 3502 δ’.

156 3526 353 3599 ἀγάπης
391 3533 571 3603 πηγή.
601 3531 771 3585 Τοῦτο
786 3532 903 3603 ξγὰρ
952 3550 1116 3604 φησιν
1160 3534 1413 3604 Ἰωάννης
1445 3536 1473 3587 ὁ
1516 3535 1688 3605 μέγας

1866 3532 2026 3587 aulus
2058 3533 2222 3587 etiam
2255 3541 2408 3590 vates
2430 3534 2636 3589 Christi
2661 3544 2897 3593 mentem
2929 3538 3190 3595 habuisse
3214 3541 3396 3604 tradit,

157 3616 229 3668 ὅτι
248 3637 264 3669 ι
282 3619 488 3692 Ἀγάπη
505 3625 574 3677 ὲκ
590 3621 683 3674 τοῦ
698 3621 831 3675 Θεοῦ
847 3639 860 3652 ο
884 3643 902 3675 ι
928 3623 1042 3687 καὶ,
1064 3643 1082 3676 ι
1104 3624 1163 3676 'U
1181 3624 1311 3682 Θεὸς.
1330 3624 1518 3697 ἀγάπη
1532 3627 1673 3680 ἐστι·

1868 3639 1919 3679 er
1952 3638 2048 3680 eos
2095 3626 2409 3695 loquentem
2434 3626 2500 3679 υ.
2535 3624 2975 3683 Consentaneum
3024 3630 3109 3684 his
3138 3630 3400 3701 quiddam

159 3707 297 3763 τοῦτο
315 3712 406 3765 καὶ
426 3714 698 3785 ἡμέτερον
721 3715 1010 3787 πεποίηται
1030 3716 1321 3787 πρόσωπον
1336 3720 1364 3770 ὁ
1384 3718 1482 3789 τῆς
1503 3717 1691 3786 φύσεω

1869 3724 1905 3772 at
1933 3716 1987 3770 in
2019 3716 2259 3772 homine.
2306 3716 2443 3771 Nam
2473 3718 2530 3772 in
2575 3718 2756 3788 teipso
2786 3720 3180 3779 animadvertis
3205 3734 3260 3779 et
3283 3738 3401 3780 ser-

159 3797 398 3873 πλάστης,
425 3824 443 3856 ‹
466 3806 560 3860 Ἐν
578 3805 752 3876 τούτῳ
770 3826 787 3859 ›
809 3807 939 3879 γὰρ,
960 3809 1113 3879 φησιν
1133 3826 1152 3860 σ
1174 3807 1471 3876 γνώσονται
1495 3810 1691 3885 πάνῖες

1868 3822 2038 3862 nonem
2069 3822 2214 3871 esse,
2254 3816 2310 3862 et
2346 3808 2453 3863 vim
2501 3808 2915 3881 intelligentcm,
2939 3828 3061 3882 quae
3097 3824 3227 3871 sunt
3257 3830 3400 3872 veras

158 3889 229 3944 ὅτι
257 3894 479 3966 μαθηταί
513 3913 619 3967 μου
652 3899 796 3960 ἐστὲ,
831 3900 925 3953 ἐὰν
956 3900 1205 3968 ἀγαπᾶτε
1236 3899 1518 3969 ἀλλήλους.
1542 3920 1563 3951 ι
1618 3901 1690 3955 Οὐ

1868 3897 1969 3951 lius
1993 3899 2192 3952 mentis
2222 3906 2275 3952 et
2299 3900 2572 3953 sermonis
2601 3900 2797 3969 imago.
2825 3901 2970 3959 Deus
3005 3905 3132 3959 item
3160 3905 3400 3964 charitas

160 3981 274 4034 κοῦν
304 3985 372 4054 μὴ
403 3985 688 4058 παρούσης
719 3986 943 4057 ταύτης,
973 3987 1118 4051 ἄπας
1151 3989 1178 4041 6
1210 3986 1495 4060 χαρακτὴρ
1515 3988 1616 4058 τῆς
1639 3989 1687 4041 εἰ

1868 3997 1926 4054 st,
1964 4000 2019 4045 et
2057 3989 2181 4045 fons
2217 3990 2335 4061 ipse
2374 3992 2579 4048 amoris
2626 3996 2820 4049 mutui.
2870 3994 2961 4049 Sic
2993 3996 3138 4051 enim
3168 4013 3400 4070 magnus

161 4072 296 4138 κόνος
334 4078 786 4151 μεταπεποίηται.
832 4080 1015 4135 Πάντα
1059 4080 1379 4147 ὲπιὸλέπει,
1413 4081 1508 4134 καὶ
1537 4079 1693 4134 πάντι

1867 4083 1911 4137 le
1935 4079 2177 4136 Joannes
2207 4083 2473 4154 loquitur,
2511 4098 2638 4139 cum
2667 4087 2743 4140 ait
2774 4103 2787 4139 :
2832 4106 2849 4140 ι
2875 4087 2947 4142 Ex
2982 4088 3088 4145 Deo
3115 4097 3198 4146 est
3221 4091 3399 4146 chari-

160 4163 393 4223 ἐπακούει
416 4171 478 4224 τὸ
505 4171 682 4235 Θεῖον,
708 4173 802 4227 καὶ
824 4173 1000 4228 πάντα
1015 4173 1375 4244 διερευνᾶται.
1404 4173 1590 4243 Ἔχεις
1619 4176 1692 4227 κα

1864 4190 1956 4238 ιε.»
1978 4182 2055 4240 et,
2084 4193 2102 4227 ι
2127 4174 2270 4230 Deus
2293 4177 2406 4246 ipse
2428 4176 2563 4231 nihil
2587 4186 2672 4235 est
2690 4180 2836 4235 aliud
2859 4197 3020 4251 quam
3043 4183 3282 4242 charitas
3299 4185 3360 4241 “.
3377 4205 3396 4237 ι

163 4255 218 4309 σὺ
247 4259 338 4331 τὴν
364 4262 429 4315 δι’
485 4263 662 4334 ὄψεως
701 4265 794 4319 καὶ
823 4266 993 4336 ἀκοῆς
1036 4266 1142 4319 τῶν
1186 4266 1355 4320 ὄντων
1386 4264 1672 4338 ἀντίληψιν

1870 4267 1994 4320 tiam
2027 4268 2170 4321 hanc
2203 4266 2367 4324 faciei
2397 4281 2599 4325 nostra:
2626 4280 2808 4326 notam
2842 4289 3022 4329 rerum
3052 4275 3278 4332 Creator
3308 4278 3402 4332 im-

162 4348 243 4439 xzi.
271 4352 365 4423 τὴν
401 4352 705 4426 ζητητικόν
736 4373 793 4411 τε
833 4358 928 4412 καὶ
964 4357 1374 4429 διερευνητικὴν
1404 4356 1512 4410 τῶν
1543 4357 1694 4410 ὅντωι

1868 4359 2054 4414 εθεείιε
2104 4359 2292 4430 itaque
2327 4362 2547 4431 inquit:
2585 4381 2604 4414 ι
2642 4364 2722 4418 Ex
2764 4380 2829 4419 eo
2858 4366 3160 4439 intelligent
3188 4384 3400 4437 omnes,

161 4438 397 4498 διάνοιαν.
1815 4464 1915 4504 vos
1968 4465 2121 4506 meos
2171 4466 2295 4508 esse
2341 4452 2662 4523 discipulos,
2725 4457 2771 4510 si
2824 4438 3165 4515 mutuovos
3215 4472 3402 4516 amore

162 4537 563 4604 complectimini
586 4539 651 4594 ".
688 4560 705 4593 ι
751 4539 960 4598 idcirco
985 4542 1030 4596 si
1061 4550 1287 4596 mutuus
1322 4541 1411 4596 hic
1439 4555 1595 4595 amor
1625 4540 1680 4596 in
1705 4540 1863 4597 nobis
1893 4541 2254 4608 desideretur,
2292 4546 2457 4601 totius
2489 4525 2742 4617 imaginis
2769 4556 2911 4603 notae
2942 4557 3163 4607 mutata:
3192 4552 3404 4608 scilicet

162 4636 324 4682 erunt.
350 4628 545 4686 Omnia
586 4633 830 4690 intuetur
854 4637 1097 4692 divinum
1143 4635 1379 4703 Numen,
1409 4635 1595 4691 omnia
1643 4636 1889 4702 exaudit,
1944 4638 2127 4691 omnia
2188 4649 2583 4707 perscrutatnr.
2637 4639 2812 4694 Etiam
2862 4651 2917 4696 tu
2953 4644 3070 4698 visu
3106 4645 3407 4718 audituque

164 4731 242 4774 res
264 4725 514 4797 percipis,
553 4736 607 4782 et
637 4733 837 4786 mentis
865 4731 1222 4801 intelligentia
1257 4732 1513 4788 universa
1544 4729 1777 4801 inquiris
1803 4737 1858 4786 et
1882 4733 2275 4804 perscrutaris.

665 4822 1059 4876 ΚΕΦΑΛΔΙΟΝ
1087 4826 1178 4890 (τι.

2443 4824 2674 4882 CAPUT
2714 4826 2796 4880 Vl.

176 4904 466 4991 ’Eféfao'tg
493 4911 605 4991 τῇς
646 4913 753 4991 τοῦ
782 4914 894 4967 νοῦ
920 4914 1088 4991 ἀτρὸς
1120 4914 1247 4991 ,τῆς
1292 4914 1483 4991 φύσιν
1513 4929 1708 4991 qur-[8'

1872 4912 2168 4991 agnationis
2211 4929 2330 4991 qum
2370 4916 2531 4991 men_li
2562 4932 2677 4969 cum
2712 4926 2909 4991 natura
2952 4927 3052 4984 est,
3092 4920 3404 4991 indagatio;

222 4979 393 5059 νείρς,
420 4975 672 5059 ἑνῷζᾶιαὶ
690 4983 760 5036 ὲκ
776 4975 1042 5053 παρόδου
1064 4975 1139 5037 τὸ
1167 4975 1622 5056 ἐῶνθ’Ἁνομοιωνῖ
1639 4975 1725 5042 δι-

1895 4975 1984 5059 ῐιὺἱ
2012 4983 2179 5059 ofn’ler
2217 4975 2266 5059 et
2311 4985 2697 5051 haereticorum,
2742 4990 2833 5057 qui
2858 4975 3099 5045 Ariamazi
3129 4975 3398 5059 dicuntur:

222 5048 514 5124 ελέγχεται
540 5053 746 5125 δόγμα.
854 5048 871 5053 ⁷
1434 5048 1453 5056 ⁷

1894 5052 2139 5107 doctrina
2170 5054 2456 5122 refutatur.
2683 5048 2692 5051 ⁷
2754 5048 2765 5057 ’
3218 5082 3225 5088 .

224 5135 321 5189 Καί
351 5158 416 5209 με
455 5141 643 5212 μηδεὶς
668 5143 862 5199 οἰέσθω
904 5145 1027 5199 καθ’
1059 5145 1354 5216 ὁμοιότητα
1384 5145 1482 5215 τῆς
1506 5143 1718 5215 ἀνθρω-

1893 5141 2066 5199 Nemo
2093 5153 2272 5198 autem
2308 5145 2587 5201 existimet
2628 5146 2700 5201 i:a
2726 5163 2813 5203 me
2843 5148 3012 5220 loqui,
3045 5151 3200 5221 quasi
3228 5151 3400 5207 Deum

166 5225 308 5298 πίνης
328 5230 603 5304 ἐνεργείας
620 5236 677 5286 ὲν
697 5233 973 5306 διαφόροις
998 5235 1259 5307 δυνάμεσι
1283 5236 1342 5288 τὸ
1366 5235 1521 5289 Θεῖον
1542 5234 1698 5303 λέγεις

1869 5242 2057 5290 ,atuam
2092 5235 2173 5291 sic
2224 5250 2406 5307 agere,
2437 5246 2494 5297 ut
2552 5238 2829 5295 hominem
2879 5242 3127 5297 videmus
3169 5240 3401 5311 diversis

167 5314 260 5369 τῶν
286 5320 448 5376 ὄντων
480 5324 839 5393 ἐφάπτεσθαι.
875 5326 950 5379 Οὐ
983 5326 1094 5399 γάρ
1130 5327 1249 5381 ἐστι
1304 5324 1526 5380 δυνατὸν
1559 5327 1619 5379 ἐν
1644 5327 1699 5397 si

1872 5327 2177 5383 icultatibus
2247 5327 2302 5381 in
2364 5329 2579 5400 agendo
2634 5332 2735 5386 uti.
2800 5331 2916 5388 Non
2970 5332 3114 5387 enim
3174 5330 3266 5387 fas
3315 5342 3404 5389 est

166 5406 403 5484 ἁπλότητι
430 5416 529 5487 τῆς
552 5416 837 5490 θειότητος
864 5418 927 5472 τὸ
955 5417 1198 5473 ποικίλον
1225 5434 1286 5470 τε
1316 5417 1410 5470 καὶ
1438 5415 1698 5478 πολυειδὲς

1867 5430 1891 5470 e
1944 5413 2095 5480 Deo,
2156 5415 2316 5486 cujus
2365 5425 2451 5473 est
2514 5428 2708 5474 natura
2776 5421 3000 5491 simplex
3035 5459 3050 5484 ,
3123 5420 3399 5492 cogitare:

167 5495 252 5567 τῆς
293 5502 680 5577 ἀντιληπτικῆς
731 5508 1011 5579 ἐνεργείας
1043 5507 1395 5578 κατανοῆσαι.
1425 5506 1563 5561 Οὐδὲ
1604 5507 1699 5578 γάε

1873 5505 1981 5561 nasi
2037 5506 2192 5561 varia
2242 5507 2643 5578 multiplicique
2667 5508 2924 5564 facultate
2950 5510 3209 5580 przeditus
3239 5527 3405 5583 agem-

169 5586 281 5655 ἡμῖν
325 5594 521 5659 πολλαί
551 5597 697 5661 τινές
732 5600 869 5652 εἰσιν
897 5600 954 5653 αἱ
1001 5598 1388 5670 ἀντιληπτικώ⁷
1422 5598 1530 5650 τῶν
1576 5615 1701 5669 πρα‹

1875 5602 1879 5652 i
1934 5597 2024 5653 sit.
2082 5596 2214 5652 Nam
2276 5600 2322 5654 si
2377 5599 2618 5657 innobis
2661 5599 2882 5673 quidem
2929 5602 3112 5657 multa:
3153 5611 3283 5660 sunt
3326 5603 3407 5658 fa-

172 5677 369 5746 ηιάτων
391 5684 668 5759 δυνάμεις,
706 5689 755 5740 εἰ
778 5688 871 5742 καὶ
895 5689 1247 5760 πολυτρόπως
1272 5687 1359 5742 διὰ
1388 5687 1495 5741 τῶν
1524 5686 1704 5757 αἰσθή-

1877 5690 2063 5746 ritates
2099 5706 2198 5762 per
2239 5707 2377 5763 quas
2414 5692 2661 5764 agimus,
2726 5693 2943 5749 etiamsi
2993 5693 3226 5751 diversis
3282 5709 3409 5751 ma-

236 5811 276 5843 "
299 5813 450 5876 Ioan.
478 5837 519 5892 ι,
559 5822 613 5877 1.
700 5823 746 5856 ⁸³
777 5823 796 5879 l
830 5824 959 5880 Cor.
990 5842 1091 5891 vu,
1120 5825 1222 5891 40;
1262 5824 1306 5879 ll
1331 5826 1459 5881 Cor.
1499 5838 1622 5893 xm,
1652 5823 1707 5880 ὅ.

1579 5838 1622 5893 ι,
1652 5823 1707 5880 ὅ.
1780 5824 1861 5901 ,δι’
1897 5824 1919 5879 ι
1954 5824 2114 5882 Joan.
2149 5842 2224 5897 Iv,
2265 5827 2318 5896 7,
2350 5827 2402 5885 8.
2497 5827 2542 5860 “
2570 5825 2726 5883 Joan.
2764 5842 2889 5895 xm,
2922 5828 3011 5886 55.
3095 5795 3104 5808 ’

383 5917 652 5982 Parnm.
700 5920 819 5986 Gn.
868 5921 1082 5985 XLIV.

2674 5976 2679 5981 ,
3121 5922 3162 5986 5
