3880 6368
477 369 578 425 159

1726 369 1784 426 S.
1827 368 2158 426 GREGORII
2195 375 2234 427 Ν
2249 375 2485 430 YSSENI

3651 379 3758 434 ιω

473 485 560 539 dis
612 497 708 554 per
764 495 958 536 sensus
1018 481 1201 534 omnia
1254 478 1610 550 suscipimus.
1660 479 1756 537 Est
1799 481 1948 538 enim
1999 483 2040 536 ir

2163 499 2298 539 σεων
2329 487 2438 542 τῶν
2468 489 2610 540 κατὰ
2640 487 2784 558 ζωὴν
2814 487 3204 559 ὲφαπτὼμεθα.
3237 489 3350 542 Μία
3381 490 3487 561 γάρ
3515 491 3600 555 τίς
3631 491 3755 546 ἐστι

476 576 634 631 nobis
665 589 770 628 una
802 571 1046 645 quaedam
1076 571 1157 626 vis
1195 585 1259 626 ac
1293 570 1548 635 facultas,
1587 573 1848 628 nimirum
1875 589 2052 640 mens,

475 683 595 738 qua:
618 666 862 735 singulas
916 678 1179 718 sensuum
1225 662 1384 719 sedes
1417 663 1747 734 permeando
1796 667 2053 720 universa

474 759 663 815 efficit.
696 757 822 812 Haec
854 757 1031 812 oculis
1075 757 1337 828 quidquid
1392 756 1642 823 offettur,
1690 757 1879 812 videt:
1937 757 2053 812 haec

474 849 738 922 quidquid
777 849 1002 915 dicitur,
1042 849 1259 902 aurium
1293 863 1394 918 ope
1441 849 1691 918 percipit.
1756 846 1881 904 Haec
1931 864 2052 919 quae

471 951 623 1012 grata
661 949 790 996 sunt
833 939 1200 1008 amplectitur,
1256 939 1469 1007 ingrata
1533 953 1663 994 vero
1722 950 2047 1005 aversatur;

473 1034 587 1088 haec
629 1048 791 1086 manu
835 1031 1086 1085 ministra
1138 1043 1521 1099 quamcunque
1575 1030 1640 1084 ad
1709 1045 1824 1084 rem
1871 1030 2048 1087 visum

472 1124 654 1188 fuerit,
684 1123 875 1188 utitur,
903 1121 1148 1191 ejusdem
1183 1128 1242 1174 ut
1281 1120 1630 1174 instrumenti
1677 1135 1780 1191 ope
1828 1136 1915 1177 res
1966 1121 2047 1177 vel

468 1215 734 1281 continet,
762 1214 846 1269 vel
882 1213 1078 1282 rejicit,
1106 1221 1259 1282 prout
1289 1227 1353 1267 ex
1378 1226 1480 1266 usu
1513 1211 1627 1267 fore
1654 1214 1863 1268 statuit.
1888 1212 2044 1278 Quod

470 1307 515 1360 si
549 1306 716 1376 igitur
761 1307 816 1360 in
867 1305 1086 1360 homine
1129 1319 1294 1358 uiuum
1339 1304 1600 1375 quiddam
1648 1315 1732 1360 est
1771 1315 1826 1360 et
1878 1305 2044 1371 idem,

466 1398 614 1470 quod
651 1412 746 1466 per
790 1397 974 1451 omnia
1005 1396 1056 1450 vi
1093 1394 1455 1464 facultateque
1491 1411 1590 1451 sua
1628 1396 1736 1466 agit
1769 1411 1832 1449 ac
1866 1411 2049 1451 move-

469 1499 580 1556 tur,
618 1495 673 1544 et
692 1487 936 1542 vicissim
965 1500 1111 1540 nunc
1164 1485 1268 1540 hoc
1308 1500 1453 1540 nunc
1508 1487 1600 1539 illo
1651 1501 1817 1541 sensu
1853 1486 2045 1551 utitur,

469 1583 724 1654 quodque
751 1580 823 1635 ob
851 1578 1040 1649 agendi
1069 1577 1388 1633 varietatem
1430 1586 1683 1632 naturam
1737 1594 1892 1633 suam
1937 1595 2045 1633 non

465 1682 664 1739 mutat,
697 1681 974 1742 utcunque
997 1684 1260 1726 sensuum
1283 1670 1654 1725 instrumenta
1673 1669 1890 1725 diversa
1937 1671 2046 1725 sint

465 1785 495 1823 a
527 1775 722 1824 natura
756 1765 977 1822 condita
1011 1783 1023 1819 :
1050 1778 1159 1835 quo
1178 1770 1340 1834 pacto
1364 1763 1489 1833 quis
1515 1763 1651 1818 adeo
1670 1763 1896 1818 demens
1923 1779 2046 1819 esse

2157 577 2406 648 δύναμις,
2438 580 2598 643 αὐτὸς
2631 583 2660 633 6
2687 580 3004 650 ἐγκείμενος
3038 581 3184 644 νοῦς,
3213 583 3241 634 6
3268 582 3336 634 δι’
3371 582 3612 636 ἑκάστου
3638 585 3751 639 τῶν

2157 672 2528 743 αἰσθητηρίων
2549 672 2782 736 διεξιὼν,
2807 673 2901 726 καὶ
2921 673 3029 725 τῶν
3054 673 3224 727 ὅντων
3259 674 3748 746 ὲπιδρασσόμενος.

2163 759 2331 828 Οὗτος
2363 764 2558 835 θεωρεῖ
2597 765 2682 818 διὰ
2711 765 2819 818 τῶν
2851 763 3146 835 ὀφθαλμῶν
3175 764 3238 817 τὸ
3266 767 3591 836 φαινόμενον
3610 784 3624 798 ⁸
3658 761 3751 822 οῦ·

2155 871 2246 917 τος
2272 857 2440 907 συνιεῖ
2468 854 2557 908 διὰ
2595 857 2694 925 τῆς
2733 857 2900 926 ἀκοῆς
2927 855 2988 909 τὺ
3016 855 3338 926 λεγόμενον,
3379 857 3568 929 ἀγαπᾷ
3595 876 3656 912 τε
3687 859 3750 912 τὸ

2156 943 2536 1014 κατευθύμιον,
2588 945 2682 997 καὶ
2712 944 2772 998 τὸ
2809 945 2882 1015 μὴ
2911 944 3034 997 καθ’
3067 945 3262 1017 ἡδονὴν
3311 948 3743 1018 ἀποστρέφεται,

2154 1035 2246 1087 καὶ
2282 1038 2346 1105 τῇ
2387 1036 2529 1106 χειρὶ
2561 1035 2758 1106 χρῆται
2806 1035 2943 1104 πρὸς
2983 1034 3044 1086 τὸ
3081 1035 3108 1087 ὅ
3136 1052 3187 1088 τι
3220 1035 3488 1105 βούλεται,
3523 1039 3749 1108 κρατῶν

2150 1126 2218 1180 δι’
2241 1126 2409 1197 αὐτῆς
2433 1127 2526 1180 καὶ
2553 1126 2941 1197 ἀπωθούμενος
2969 1127 3114 1197 ἅπερ
3138 1126 3203 1180 ἂν
3231 1126 3530 1180 λυσιτελεῖν
3549 1129 3740 1200 κρίνῃ,

2150 1220 2216 1289 τῇ
2247 1217 2338 1271 τοῦ
2363 1218 2598 1290 ὀργάνου
2627 1218 2888 1289 συνεργίᾳ
2931 1220 3011 1282 είς
3041 1217 3199 1271 τοῦτο
3235 1219 3645 1290 συγχρώμενος.
3678 1221 3744 1273 Εἰ

2150 1309 2327 1364 τοίνυν
2376 1311 2430 1362 ὲν
2469 1309 2547 1380 τῷ
2591 1309 2865 1381 ἀνθρώπῳ
2914 1309 3022 1363 κᾶν
3054 1309 3288 1381 διάφορα
3331 1311 3466 1381 τύχῃ
3498 1310 3566 1364 τά
3605 1310 3743 1381 πρὸς

2149 1401 2402 1472 αἴσθησιν
2435 1401 2920 1472 κατεσκευασμένα
2946 1403 3097 1472 παρὰ
3119 1402 3218 1472 τῆς
3253 1401 3468 1470 φύσεως
3496 1403 3736 1473 ὄργανα,

2147 1495 2176 1546 ὁ
2191 1494 2277 1546 διὰ
2303 1493 2518 1547 πάντων
2540 1492 2779 1564 ἐνεργῶν
2806 1494 2902 1546 καὶ
2927 1493 3247 1562 κινούμενος
3267 1493 3360 1546 καὶ
3383 1494 3742 1564 καταλλήλως

2149 1586 2365 1656 ἑκάστῳ
2400 1585 2536 1656 πρὸς
2579 1585 2642 1637 τὸ
2682 1583 3046 1654 προκείμενον
3084 1584 3460 1655 κεχρημένος,
3504 1580 3586 1648 εἷς
3619 1587 3739 1637 ἐστι

2147 1679 2242 1731 καὶ
2267 1680 2295 1731 6
2322 1675 2482 1740 αὐτὸς
2509 1717 2524 1741 ,
2564 1679 2684 1740 ταῖς
2717 1677 3000 1748 διαφοραῖς
3041 1675 3148 1728 τῶν
3187 1675 3476 1744 ἐνεργειῶν
3519 1675 3578 1726 ού
3613 1692 3743 1727 συνο

2151 1771 2498 1838 εξαλλάσσων
2526 1769 2625 1839 τὴν
2659 1769 2821 1837 φύσιν
2847 1785 2859 1798 ·
2893 1768 3007 1829 πῶς
3047 1767 3108 1821 ἂν
3135 1784 3218 1830 τις
3247 1767 3339 1819 ἐπὶ
3366 1765 3458 1820 τοῦ
3492 1766 3627 1820 Θεοῦ
3651 1767 3742 1820 διὰ

465 1861 663 1933 possit,
703 1867 764 1914 ut
792 1857 887 1914 Dei
917 1864 1169 1912 naturam
1207 1871 1305 1926 per
1340 1855 1631 1911 facultates
1659 1856 1840 1911 varias
1886 1855 2040 1921 quasi

2147 1863 2254 1915 τῶν
2285 1861 2544 1915 ποικίλων
2559 1860 2838 1930 δυνάμεων
2860 1859 2921 1912 τὸ
2951 1858 3256 1930 πολυμερὲς
3279 1858 3377 1927 τῆς
3397 1857 3582 1921 οὐσίας
3607 1875 3742 1911 κατ-

463 1951 925 2007 multimembrem
969 1949 987 2021 (
1017 1959 1076 2004 ut
1108 1950 1180 2003 ita
1210 1949 1470 2019 dixerim)
1504 1948 1875 2018 imaginctur?
1907 1947 2042 2002 Nam

468 2063 486 2095 ι
526 2043 627 2110 Qui
657 2043 876 2097 oculum
907 2040 1081 2105 ﬁnxit,
1103 2060 1122 2093 ι
1152 2041 1228 2094 uti
1265 2039 1427 2095 Vates
1449 2040 1692 2109 loquitur
1721 2039 1787 2106 “,
1825 2059 1844 2092 ι
1871 2048 1923 2096 et
1946 2056 2046 2095 au-

461 2149 575 2189 rem
616 2132 901 2203 plantavit,
933 2149 950 2180 ι
991 2129 1282 2184 facultates
1340 2129 1504 2184 hasce
1562 2136 1821 2198 tanquam
1886 2135 2045 2186 notas

460 2229 724 2298 quasdam
755 2225 820 2279 de
843 2225 1045 2294 quibus
1068 2221 1194 2277 facti
1229 2221 1295 2276 ad
1327 2222 1503 2292 ipsius
1533 2221 1842 2292 exemplum
1873 2236 2044 2292 agno-

461 2332 762 2378 sceremur,
798 2315 1080 2370 hominum
1115 2321 1325 2367 natura;
1371 2313 1674 2383 impressit.
1714 2311 1925 2367 Idcirco
1957 2312 2045 2367 in-

461 2411 579 2481 quit
608 2428 623 2464 :
654 2430 670 2460 o
691 2407 981 2461 Faciamus
1010 2406 1284 2460 hominem
1315 2404 1382 2458 ad
1400 2403 1690 2474 imaginem
1719 2414 1987 2458 nostram.
2020 2423 2038 2456 ι

463 2502 567 2558 Sed
599 2499 689 2555 ubi
731 2499 893 2554 nobis
924 2497 1210 2552 Anomoei?
1257 2494 1386 2564 quid
1431 2495 1499 2548 ad
1537 2495 1653 2548 haec
1698 2495 1916 2549 tandem
1957 2494 2044 2549 di-

464 2593 606 2648 cturi
639 2599 768 2647 sunt
789 2589 812 2642 ?
833 2604 942 2659 quo
966 2596 1126 2659 pacto
1158 2586 1419 2641 adversus
1445 2600 1508 2640 ea
1525 2601 1644 2655 qua:
1667 2585 1865 2640 tradita
1895 2601 1924 2640 a
1948 2599 2045 2641 no-

459 2683 544 2737 bis
576 2688 724 2746 sunt,
774 2679 1079 2734 doctrinam
1131 2693 1285 2734 suam
1339 2675 1639 2731 absurdam
1705 2676 2044 2731 tuebuntur?

462 2776 692 2831 hoccine
725 2773 936 2830 scilicet
967 2771 1398 2843 respondebunt,
1447 2769 1564 2824 fieri
1614 2784 1778 2839 posse
1818 2781 1878 2824 ut
1933 2785 2041 2824 una

459 2867 759 2937 eademque
817 2866 997 2934 imago
1047 2862 1240 2918 formis
1292 2861 1527 2916 diversis
1567 2859 2042 2930 respondeat?At

459 2973 590 3015 vero
631 2957 675 3014 si
708 2966 904 3012 natura
938 2953 1087 3008 Patri
1111 2953 1397 3009 dissimilis
1427 2960 1512 3006 est
1543 2949 1738 3016 Filius,
1765 2951 2042 3021 quomodo

461 3062 783 3106 naturarum
835 3049 1176 3104 diversarum
1211 3045 1402 3101 eadem
1463 3045 1655 3100 effecta
1709 3045 1888 3115 imago
1926 3044 2041 3100 est?

460 3145 597 3200 Nam
627 3158 751 3198 cum
781 3142 1018 3203 dicatur,
1072 3159 1090 3190 ε
1128 3138 1417 3192 Faciamus
1445 3137 1719 3192 hominem
1764 3139 1830 3192 ad
1864 3138 2039 3192 nostri

2146 1951 2491 2018 οπτεύσειεν;
2530 1970 2549 2003 ι
2573 1951 2633 2006 Ὀ
2653 1965 2678 2004 ι·
2698 1952 2803 2024 γάρ
2827 1971 2846 2004 ι
2869 1951 3077 2015 πλάσας
3091 1951 3180 2004 τὸν
3203 1949 3498 2020 ὀφθαλμὸν,
3513 1968 3532 1999 ι
3553 1947 3742 2012 καθώς

2148 2061 2313 2115 φησιν
2342 2044 2370 2096 6
2403 2045 2712 2118 Προφήτης,
2734 2045 2828 2098 καὶ
2867 2061 2885 2094 ι
2905 2044 2933 2096 ὁ
2964 2042 3236 2112 φυτεύσας
3261 2040 3320 2094 τὸ
3347 2037 3490 2104 οῦς,ι
3514 2041 3652 2111 πρὸς
3670 2041 3740 2094 τὰ

2147 2136 2204 2188 ὲν
2235 2135 2384 2207 αύτῴ
2418 2135 2836 2207 παραδείγματα
2857 2134 2954 2198 τὰς
2985 2133 3263 2202 ἐνεργείας
3290 2131 3489 2196 ταύτας
3520 2126 3632 2186 οἶόν
3657 2149 3741 2186 τι-

2147 2244 2243 2290 νας
2260 2227 2652 2298 γνωριστικοὺς
2671 2226 3023 2298 χαρακτῆρας
3039 2228 3104 2296 τῇ
3129 2223 3286 2294 φύσει
3307 2223 3413 2276 τῶν
3431 2222 3528 2276 ἀνθ
3537 2222 3738 2293 ρώπων

2146 2315 2538 2386 ἐνεσημήνατο.
2572 2335 2589 2366 ι
2617 2317 2937 2385 Ποιήσωμεν
2961 2333 2978 2366 ι
3011 2313 3141 2385 γὰρ,
3184 2313 3370 2383 φησὶν,
3409 2331 3426 2364 ι
3447 2312 3738 2385 ἄνθρωπον

2152 2409 2272 2460 κατ’
2300 2408 2485 2461 εἰκόνα
2510 2408 2838 2478 ἡμετέραν.»
2875 2405 3034 2460 Ἀλλὰ
3064 2404 3165 2458 ποῦ
3193 2423 3280 2476 μοι
3306 2406 3412 2459 τῶν
3438 2406 3735 2477 Ἀνομοίων

2147 2501 2180 2569 ἡ
2210 2499 2452 2571 αἵρεσις;
2499 2499 2550 2552 τί
2581 2499 2715 2570 πρὸς
2741 2500 2837 2569 τὴν
2861 2499 3112 2569 τοιαύτην
3148 2497 3332 2569 ἐροῦσι
3365 2501 3582 2570 φωνήν;
3616 2500 3735 2565 πῶς

2152 2589 2512 2645 διασώσουσιν
2544 2593 2601 2643 ὲν
2627 2593 2739 2654 τοῖς
2778 2591 3089 2662 εἰρημένοις
3117 2590 3209 2644 τοῦ
3247 2590 3514 2662 δόγματος
3553 2592 3734 2645 αὐτῶν

2143 2682 2241 2752 τὴν
2276 2681 2538 2752 κενότητα
2563 2697 2577 2747 ;
2608 2677 2716 2752 ἆρα
2747 2681 2972 2734 δυνατὸν
3003 2677 3144 2734 εἶναι
3187 2683 3419 2752 φήσουσι
3445 2721 3460 2744 ,
3495 2681 3629 2751 μίαν
3655 2685 3734 2736 εί-

2144 2775 2278 2828 κόνα
2324 2774 2602 2845 διαφόροις
2651 2773 2984 2843 ὁμοιωθῆναι
3029 2776 3300 2844 μορφαῖς;
3356 2774 3418 2826 Ei
3469 2774 3732 2844 ἀνόμοιος

2144 2867 2284 2921 κατὰ
2326 2865 2423 2938 τὴν
2461 2865 2622 2935 φύσιν
2660 2864 2739 2934 τῷ
2778 2865 2954 2934 Πατρὶ
2986 2865 3014 2916 6
3052 2865 3198 2927 Υἱὸς,
3242 2863 3358 2926 πῶς
3391 2864 3521 2934 μίαν
3563 2882 3734 2918 κατα⁸

2145 2957 2396 3022 σκευάζει
2419 2956 2526 3010 τῶν
2553 2957 2822 3026 διαφόρων
2853 2956 3066 3025 φύσεων
3099 2957 3197 3026 τὴν
3230 2956 3448 3021 είκόνα;
3495 2957 3556 3010 Ὀ
3589 2959 3724 3032 γὰρ,

2148 3069 2166 3102 ι
2198 3051 2515 3121 Ποιήσωμεν
2529 3049 2811 3119 ἄνθρωπον
2824 3048 3142 3101 κατέἰκόνα
3157 3048 3454 3119 ἡμετέραν,
3483 3068 3502 3100 ι
3533 3049 3728 3111 εἰπὼν.

2119 3158 2124 3166 ·
2147 3143 2239 3194 καὶ
2273 3140 2362 3192 διὰ
2390 3143 2488 3210 τῆς
2511 3139 2880 3210 πληθυντικῆς
2915 3139 3191 3209 σημασίας
3215 3138 3312 3208 τὴν
3330 3139 3490 3207 ἁγίαν
3521 3141 3729 3211 Τριάδα

460 3239 782 3310 imaginem;
828 3254 846 3287 ι
893 3248 1233 3302 numeroque
1267 3231 1636 3286 multitudinis
1681 3239 2036 3287 sacrosancta

2152 3234 2406 3304 δηλώσας
2430 3205 2454 3297 ,1
2467 3234 2566 3286 οὐκ
2593 3205 2659 3286 ἀν
2676 3231 2775 3302 τῆς
2807 3205 3013 3294 είκόνος
3056 3205 3356 3302 μοναδικῶς
3380 3205 3728 3314 ἐπεμνήσθη,

459 3333 709 3388 Trinitas
747 3326 1020 3394 indicetur
1073 3344 1086 3379 :
1144 3339 1252 3379 non
1309 3331 1426 3377 erat
1481 3337 1712 3377 numero
1769 3323 2033 3392 singulari

458 3423 714 3495 imaginis
733 3418 981 3476 facienda
1008 3417 1230 3481 mentio,
1256 3415 1524 3486 siquidem
1555 3415 1852 3471 dissimiles
1881 3425 2039 3471 erant

458 3521 524 3573 ad
590 3528 823 3587 quorum
884 3510 1164 3580 exemplar
1229 3522 1292 3563 ea
1364 3507 1839 3564 conformabatur.
1890 3507 2035 3563 Fieri

457 3610 603 3664 enim
640 3607 1062 3676 haudquaquam
1099 3609 1334 3672 poterat,
1377 3608 1436 3654 ut
1477 3599 1777 3656 dissimiles
1831 3615 1896 3654 ac
1952 3600 2037 3654 di-

457 3701 601 3756 versi
646 3701 788 3754 inter
839 3713 900 3754 se
939 3711 1046 3752 una
1087 3693 1387 3764 eademque
1441 3693 1679 3762 imagine
1730 3709 2036 3763 repraesen—

455 3800 704 3848 tarentur
731 3804 746 3844 :
775 3789 1022 3859 adeoque
1055 3786 1101 3843 si
1129 3793 1286 3841 erant
1317 3791 1529 3839 naturae
1555 3783 1807 3847 diversae,
1841 3785 2034 3838 .etiam

456 3887 726 3957 imagines
785 3898 882 3939 eos
921 3881 1010 3937 sui
1071 3880 1315 3935 diversas
1354 3877 1592 3932 condere
1641 3890 1864 3931 necesse
1910 3875 2032 3940 fuit,

455 3991 688 4048 quarum
727 3973 984 4044 quaelibet
1018 3969 1316 4038 exemplari
1367 3982 1468 4022 suo
1503 3965 1877 4036 responderet.
1927 3965 2032 4022 Sed

457 4083 582 4124 cum
642 4079 754 4120 una
807 4071 1019 4118 tantum
1073 4062 1248 4131 imago
1308 4061 1414 4125 sit,
1474 4073 1584 4114 non
1633 4073 1802 4112 unum
1851 4065 2034 4112 tamen

458 4160 623 4214 unius
680 4155 936 4227 imaginis
997 4153 1397 4224 archetypum:
1453 4151 1580 4222 quis
1635 4149 1773 4204 adeo
1834 4149 2036 4205 mentis

458 4253 616 4321 ineps
647 4249 830 4316 fuerit,
865 4256 922 4302 ut
956 4246 1190 4317 ignoret,
1216 4260 1338 4314 quae
1366 4243 1460 4298 uni
1495 4241 1783 4312 eidemque
1821 4241 1898 4295 rei
1960 4241 2037 4296 si-

456 4342 609 4396 milia
638 4349 787 4404 sunt,
829 4339 1017 4395 eadem
1052 4338 1196 4392 inter
1241 4351 1300 4391 sc
1348 4348 1568 4406 quoque
1621 4333 1824 4388 similia
1871 4334 2038 4388 esse?

2139 3326 2295 3398 εἴπερ
2311 3325 2576 3397 ἀνομοίως
2595 3325 2707 3394 ἔχοι
2734 3325 2870 3394 πρὸς
2885 3324 3086 3395 άλληλα
3101 3323 3172 3376 τὰ
3189 3325 3491 3394 ἀρχέτυπα.
3516 3327 3593 3379 Οὐ
3617 3326 3729 3397 γὰρ

2137 3415 2204 3491 ἦν
2251 3420 2470 3473 δυνατὸν
2511 3419 2620 3472 τῶν
2659 3419 2905 3490 ἀλλήλοις
2955 3418 3028 3489 μὴ
3076 3419 3479 3488 συμϐαινόντων
3526 3421 3607 3483 εἰς
3660 3418 3728 3473 ἒν

2140 3511 2524 3582 ἀναδειχθῆναι
2571 3511 2862 3581 ὁμοίωμα·
2911 3509 3027 3563 ἀλλ’
3078 3511 3128 3562 εί
3179 3510 3426 3580 διάφοροι
3472 3505 3610 3580 ἦσαν
3673 3512 3729 3563 αι

2141 3603 2351 3673 φύσεις,
2368 3603 2657 3673 διαφόρους
2685 3601 2900 3665 πάντως
2923 3603 3016 3655 καὶ
3039 3601 3138 3658 τὰς
3163 3601 3372 3662 εἰκόνας
3402 3600 3581 3653 αύτῶν
3648 3603 3729 3653 ὲν-

2144 3693 2444 3764 εστήσατο,
2495 3691 2595 3762 τὴν
2641 3690 2974 3762 κατάλληλον
3031 3691 3236 3762 ἑκάστῃ
3290 3691 3725 3761 δημιουργήσας.

2157 3783 2297 3836 Ἀλλ’
2329 3781 2520 3853 ἐπειδὴ
2554 3783 2651 3852 μία
2693 3782 2792 3852 μὲν
2822 3783 2855 3852 ἠ
2889 3781 3073 3842 εἰκὼν,
3113 3781 3212 3857 οὐχ
3247 3781 3306 3832 ἓν
3345 3780 3400 3834 δὲ
3429 3780 3489 3833 τὸ
3520 3781 3620 3851 τῆς
3651 3783 3730 3834 εί-

2143 3875 2297 3938 κόνος
2336 3875 2672 3946 ἀρχέτυπον·
2705 3874 2786 3938 τίς
2819 3873 2991 3938 οῦτως
3034 3873 3139 3940 ἔξω
3183 3873 3420 3936 διανοίας
3462 3874 3610 3926 ἐστὶν
3651 3875 3730 3937 ὡς

2145 3969 2386 4034 ἀγνοεῖν,
2415 3967 2499 4019 ὅτι
2531 3966 2600 4019 τὰ
2629 3965 2707 4036 τῷ
2731 3966 2811 4020 ἐνὶ
2837 3965 3168 4036 ὀμοιούμενα
3187 4005 3201 4029 ,
3234 3965 3328 4018 καὶ
3355 3966 3492 4036 πρὸς
3518 3965 3723 4036 ἄλληλα

2147 4057 2368 4121 πάντως
2395 4056 2598 4128 ὁμοίως
2631 4058 2780 4128 Exn;
2809 4057 2909 4110 Διὰ
2939 4057 3096 4110 τοῦτό
3139 4074 3303 4128 φησι,
3331 4058 3470 4127 τάχα
3495 4057 3594 4128 τὴν
3625 4076 3725 4111 κα-

2147 4148 2268 4201 κίαν
2313 4147 2514 4218 ταύτην
2543 4149 2601 4200 ὲν
2637 4151 2702 4219 τῇ
2736 4150 3045 4219 κατασκευῇ
3076 4148 3174 4217 τῆς
3204 4147 3549 4219 ἀνθρωπίνης
3578 4150 3726 4220 ζωῆς

2143 4242 2170 4294 6
2204 4239 2360 4306 λόγος
2391 4239 2858 4309 ὑποτεμνόμενος,
2890 4259 2909 4291 ί
2940 4241 3262 4312 Ποιήσωμεν
3283 4239 3568 4309 ἄνθρωπον
3605 4243 3727 4293 κατ’

2143 4333 2326 4386 εἰκόνα
2359 4329 2452 4382 καὶ
2488 4331 2745 4401 ὁμοίωσιν
2775 4332 3072 4403 ἡμετέραν.
3109 4349 3128 4383 ι

456 4433 665 4491 idcirco
692 4432 773 4488 sic
805 4430 1066 4501 loquitur,
1102 4428 1353 4485 fortassis
1382 4434 1441 4481 ut
1467 4426 1520 4480 in
1551 4426 1668 4496 ipsa
1699 4425 1940 4482 hominis
1975 4428 2253 4483 creatione
2288 4442 2507 4498 pravam
2541 4424 2737 4478 horum
2779 4423 3026 4479 haeresim
3057 4423 3372 4494 praecideret
3407 4438 3420 4474 :
3460 4441 3479 4474 ‹
3520 4420 3730 4479 Facia-

457 4537 579 4578 mus
604 4520 880 4577 hominem
902 4519 969 4573 ad
1010 4517 1300 4588 imaginem
1337 4515 1866 4586 similitudinemque
1891 4523 2162 4571 nostram.
2195 4535 2215 4566 ι

1051 4631 1278 4688 CAPUT
1319 4631 1432 4687 νυ.

2673 4631 3072 4685 ΚΕΦΑΛΑΙΟΝ
3104 4615 3188 4683 Ζνζ

460 4725 808 4794 Quamobrem
839 4724 1260 4795 nullisanaturra
1276 4725 1343 4776 sit
1375 4725 1540 4778 armis
1565 4723 1740 4788 homo,
1773 4725 2037 4794 nullisque

2147 4727 2243 4780 Διὰ
2271 4729 2324 4780 τί
2364 4725 2590 4795 γυμνὸς
2624 4723 2744 4777 τῶν
2766 4725 2835 4795 ἐκ
2864 4727 3106 4792 φύσεως
3130 4724 3336 4776 ὅπλων
3365 4740 3428 4777 τε
3449 4738 3548 4778 και
3584 4740 3730 4792 προ.

923 4794 1228 4864 tegumenlis
1262 4795 1571 4849 instructus.

521 4887 669 4956 Quid
704 4901 833 4942 vero
865 4886 971 4943 sibi
999 4887 1118 4941 vult
1143 4896 1323 4940 erecta
1358 4886 1410 4939 in
1447 4885 1666 4940 homine
1696 4885 1909 4956 ﬁgura?
1937 4894 2032 4942 aut

448 4995 555 5036 cur
581 4994 692 5035 non
729 4979 946 5048 corpori
965 4980 1123 5049 quasi
1157 4978 1460 5047 congenitae
1507 4985 1636 5032 sunt
1669 4979 1913 5047 quadam
1964 4980 2031 5034 ad

452 5067 711 5123 tuendam
744 5067 907 5120 vitam
943 5065 1266 5120 necessaria
1307 5066 1495 5120 vires?
1539 5067 1840 5136 imparatus
1897 5067 2034 5123 adeo

451 5160 520 5215 ab
571 5157 829 5214 omnibus
880 5165 1091 5212 naturae
1147 5157 1441 5228 praesidiis,
1491 5158 1747 5223 inermis,
1804 5175 2029 5232 pauper,

450 5253 694 5306 omnium
718 5249 783 5305 ad
809 5265 971 5306 usum
983 5250 1112 5305 vitae
1135 5251 1569 5305 necessariorum
1597 5266 1763 5321 egens
1793 5264 2028 5318 creatur,

453 5338 671 5411 dignior
727 5341 1244 5404 commiseratione,
1307 5341 1382 5394 nti
1442 5341 1662 5410 quidem
1714 5344 2029 5412 apparebat,

451 5443 616 5496 quam
647 5430 740 5499 qui
771 5430 967 5486 beat-us
1003 5432 1411 5498 przedicaretur.
1442 5431 1558 5487 Non
1589 5448 1857 5488 cornuum
1913 5451 2032 5489 mu-

455 5516 661 5572 nitione
681 5529 947 5584 armatus,
988 5536 1094 5575 non
1126 5522 1388 5591 unguium
1420 5523 1693 5588 acumine,
1720 5537 1827 5576 non
1852 5523 2031 5578 denti-

451 5607 578 5671 bus,
613 5621 720 5660 non
764 5611 1002 5679 ungulis,
1028 5625 1137 5664 non
1167 5608 1356 5663 aculeo
1396 5619 1681 5674 venenato,
1716 5610 2028 5678 cuiusmodi

537 5788 588 5820 “
626 5785 773 5843 Psal.
806 5800 958 5852 xcnt,
988 5789 1036 5842 9.

2513 4793 2917 4863 καλυμμάτων
2940 4798 2972 4848 ό
3006 4795 3338 4863 ἅνθρωπος.

2224 4887 2382 4940 ’Λλλά
2414 4886 2464 4940 τί
2497 4886 2744 4957 βούλεται
2783 4888 2842 4938 τὸ
2877 4886 2967 4940 τοῦ
3011 4875 3306 4956 σχήματοξ
3323 4885 3539 4958 δρθιον;
3573 4887 3637 4939 Τί
3671 4889 3727 4939 δὲ

2139 4979 2260 5049 οὐχὶ
2310 4980 2574 5048 συμφυεῖς
2616 4979 2752 5030 εἰσιν
2797 4979 2854 5030 αἱ
2889 4978 3025 5047 πρὸς
3062 4977 3154 5031 τὸν
3195 4977 3309 5047 βίον
3353 4977 3613 5048 δυνάμεις
3647 4979 3727 5047 τῷ

2142 5069 2354 5138 σώματι
2379 5087 2393 5136 ;
2419 5068 2554 5122 ἀλλὰ
2587 5069 2792 5138 γυμνὸς
2824 5069 2923 5139 μὲν
2968 5067 3075 5120 τῶν
3110 5068 3358 5137 φυσικῶν
3400 5071 3728 5138 σκεπασμά-

2141 5177 2268 5225 των,
2310 5161 2508 5224 ἄοπλος
2539 5161 2596 5214 δέ
2631 5179 2714 5224 τις
2746 5162 2839 5213 καὶ
2867 5159 3035 5229 πένης
3061 5162 3089 5212 6
3135 5159 3442 5230 ἄνθρωπος,
3474 5160 3572 5212 καὶ
3617 5161 3726 5213 τῶν

2139 5253 2274 5323 πρὸς
2323 5251 2419 5323 τὴν
2454 5253 2642 5324 χρείαν
2672 5252 2854 5321 ἐνδεὴς
2889 5252 3146 5305 ἁπάντων
3186 5252 3279 5304 ἐπὶ
3317 5251 3408 5304 τὸν
3438 5250 3551 5320 βίον
3586 5269 3727 5322 παρ-

2135 5346 2347 5412 άγεται,
2373 5344 2634 5398 ἐλεεῖσθαι
2657 5344 2906 5416 μᾶλλονῆ
2931 5344 3328 5416 μακαρίζεσθαι
3352 5343 3494 5397 κατὰ
3512 5343 3576 5397 τὸ
3599 5362 3728 5413 φαι-

2135 5434 2357 5503 νόμενον
2381 5433 2548 5500 ἄξιος,
2576 5435 2634 5487 οὐ
2664 5434 2956 5506 προϐολαῖς
2981 5435 3226 5506 κεράτων
3251 5433 3722 5502 καθωπλισμένος,

2134 5525 2233 5577 οὐκ
2267 5525 2472 5596 ὀνύχων
2523 5527 2728 5596 ἀκμαῖς
2752 5567 2766 5590 ,
2805 5527 2904 5597 οὐχ
2931 5526 3156 5592 ὁπλαῖς,
3201 5527 3232 5598 ἢ
3269 5525 3499 5589 ὀδοῦσιν,
3534 5527 3569 5596 ἡ
3614 5543 3722 5577 τινι

2135 5615 2346 5686 κέντρῳ
2376 5617 2750 5688 θανατηφόρον
2777 5619 2852 5672 ἰὸν
2884 5621 2944 5671 ἐκ
2971 5618 3184 5687 φύσεως
3222 5619 3418 5689 ἔχοντι,
3447 5609 3534 5670 οἷα
3561 5612 3627 5688 δὴ
3661 5617 3725 5671 τὰ
