3880 6364
146 411 231 475 ιιι
1362 413 1451 476 DE
1497 416 1709 475 HOMIN
1717 410 1778 475 IS
1837 408 2152 473 οιηνιειο.

3307 417 3409 473 1ιῖ

145 527 298 583 πολλὰ
321 527 430 582 τῶν
462 525 627 594 ζώων
650 527 708 583 ὲν
737 525 950 592 ἑαυτοῖς
981 522 1117 600 πρὸς
1136 527 1238 600 τὴν
1266 527 1376 581 τῶν
1409 526 1723 581 λυπούντων

1835 528 1992 584 rebus
2023 527 2294 581 instructa
2331 524 2589 595 pleraque
2626 523 2884 582 animalia
2931 527 3040 583 vim
3096 527 3407 588 laedentium

144 620 338 692 ἄμυναν
354 620 654 691 κέκτηται*
675 619 738 674 οὑ
759 623 827 693 τῇ
846 620 954 675 τῶν
974 621 1179 694 τριχῶν
1197 621 1459 694 περιϐολῇ
1473 621 1534 675 τὸ
1552 621 1714 691 σῶμα

146 714 485 770 καλύπτεται·
520 714 776 784 καίτοιγε
807 715 937 778 ἴσως
966 714 1057 770 τὸν
1088 716 1171 779 είς
1203 714 1378 787 ἀρχὴν
1400 714 1509 766 τῶν
1539 713 1716 768 ἄλλων

144 806 609 879 προτεταγμένον,
640 806 861 869 οἰκείοις
893 805 1078 869 ὅπλοις
1115 804 1223 858 ἔδει
1267 802 1716 875 περιπεφράχθαι

145 899 283 970 παρὰ
305 898 403 970 τῆς
426 895 674 966 φύσεως,
697 896 773 961 ὡς
802 895 868 950 ἂν
889 894 964 967 μὴ
988 896 1087 967 τῆς
1114 896 1241 968 παρ’
1272 895 1478 967 ἐτέρων
1500 896 1720 949 ἐπικου-

149 987 259 1059 ρίας
292 986 426 1058 πρὸς
453 986 556 1057 τὴν
603 985 742 1039 ίδίαν
774 984 1072 1054 ἀσφάλειαν
1108 984 1299 1040 δέοιτο.
1327 985 1464 1039 Νυνὶ
1496 984 1555 1038 δὲ
1584 983 1720 1039 λέων

151 1080 256 1150 μὲν,
292 1078 382 1133 καὶ
419 1075 552 1145 σῦς,
591 1078 691 1132 καὶ
740 1077 919 1148 τίγρις
942 1117 957 1141 ,
1003 1076 1099 1130 xal.
1124 1076 1391 1149 πάρδαλις
1412 1118 1427 1144 ,
1458 1076 1553 1132 καὶ⁵
1583 1077 1639 1129 εί
1665 1094 1719 1131 τι

147 1167 370 1223 τοιοῦτον
402 1169 598 1240 ἕτερον
624 1208 641 1234 ,
673 1167 952 1239 ἀρκοῦσαν
991 1167 1106 1239 ἔχει
1151 1165 1287 1239 πρὸς
1316 1167 1590 1239 σωτηρίαν
1619 1166 1721 1238 τὴν

148 1263 207 1316 ἐκ
230 1260 439 1332 φύσεως
483 1260 744 1331 δύναμιν.
787 1260 898 1312 Kal.
933 1256 1012 1329 τῷ
1051 1258 1237 1330 ταύρῳ
1278 1259 1376 1329 μὲν
1419 1258 1481 1311 τὸ
1513 1258 1719 1329 κέρας,

149 1353 233 1406 καὶ
258 1351 332 1421 τῷ
358 1351 558 1422 λαγωῷ
590 1351 655 1404 τὸ
679 1350 875 1421 τάχος,
916 1350 1011 1403 καὶ
1042 1352 1109 1422 τῇ
1143 1348 1364 1421 δορκάδι
1391 1348 1453 1402 τὸ
1489 1349 1721 1420 πήδημα

150 1444 231 1501 καὶ
256 1444 312 1498 τὸ
328 1443 448 1498 κατ’
480 1443 766 1514 ὀφθαλμὸν
785 1442 1045 1512 ἀσφαλὲς,
1077 1442 1172 1496 καὶ
1199 1441 1345 1514 άλλῳ
1369 1443 1479 1495 τινὶ
1512 1440 1637 1514 ζώῳ
1658 1442 1719 1495 τὸ

151 1538 383 1607 μέγεθος,
414 1538 513 1591 καὶ
542 1537 757 1609 ἑτέροις
784 1538 818 1607 ἡ
835 1534 1163 1607 προνομαία,
1198 1537 1292 1589 καὶ
1318 1539 1429 1598 τοῖς
1455 1537 1723 1598 πετεινοῖς

147 1627 201 1682 τὸ
220 1629 426 1697 πτερὸν,
459 1628 557 1681 καὶ
587 1629 656 1699 τῇ
688 1628 921 1698 μελίσσῃ
939 1626 1001 1680 τὸ
1027 1627 1272 1697 κέντρον,
1300 1627 1397 1682 καὶ
1428 1628 1564 1680 πᾶσι
1587 1624 1723 1678 πάν-

146 1739 243 1786 τως
264 1723 319 1775 ἓν
346 1740 397 1775 τι
427 1723 510 1785 εἰς
548 1721 830 1794 σωτηρίαν
857 1722 1009 1793 παρὰ
1045 1721 1148 1792 τῆς
1167 1720 1384 1791 φύσεως
1410 1720 1717 1789 ἐμπέφυκε·

150 1811 292 1882 μόνος
318 1812 372 1865 δὲ
403 1813 628 1866 πάντων
667 1813 695 1864 ὀ
726 1811 1011 1883 ἅνθρωπος
1039 1811 1146 1864 τῶν
1184 1812 1282 1882 μὲν
1316 1810 1722 1883 ταχυδρομούν-

1827 634 1887 676 se
1919 617 2240 689 propulsare
2273 616 2545 682 videmus,
2571 630 2640 672 ne
2668 616 2791 687 pilis
2823 618 3042 688 quidem
3091 636 3292 693 corpus
3333 635 3406 679 te-

1827 712 1993 783 gitur.
2051 711 2122 765 At
2163 723 2295 767 vero
2320 725 2466 777 eum,
2514 725 2603 765 CUI
2644 710 2701 765 in
2742 726 2829 766 res
2860 719 3085 770 caeteras
3119 714 3407 787 imperium

1828 801 2235 867 destinabatur,
2258 802 2431 856 armis
2449 817 2480 855 a
2507 810 2701 856 natura
2731 804 2969 875 prapriis
2996 806 3265 862 munitum
3288 824 3412 865 esse

1828 895 2133 964 oportebat,
2165 908 2234 948 ne
2258 892 2325 949 ad
2380 894 2644 949 tuendum
2669 910 2789 951 sese
2830 910 2933 966 ope
2972 897 3151 952 aliena
3203 911 3406 968 egeret.

1826 982 1945 1039 Jam
1973 984 2079 1049 leo,
2110 998 2263 1055 aper,
2293 984 2477 1056 tigris,
2521 985 2782 1054 pardalis,
2824 996 3019 1044 caetera
3076 993 3410 1049 necessariis

1829 1089 1858 1127 a
1893 1082 2090 1129 natura
2126 1075 2339 1131 viribus
2367 1076 2433 1130 ad
2468 1077 2723 1132 tuendam
2746 1078 2976 1134 salutem
3004 1095 3161 1137 suam
3187 1084 3410 1157 egregie

1829 1165 2101 1221 instructa
2128 1172 2278 1222 sunt.
2304 1165 2487 1222 Tauro
2518 1183 2745 1236 cornua,
2778 1170 2947 1242 lepori
3002 1173 3273 1240 celeritas,
3311 1190 3402 1242 ca-

1828 1271 1973 1350 preae
2030 1258 2113 1312 vis
2167 1258 2417 1325 saliendi,
2470 1239 2866 1331 oculorumque
2909 1264 3264 1333 praestantia;
3314 1239 3409 1322 alii

1831 1347 2053 1402 animali
2078 1349 2417 1420 magnitudo,
2450 1350 2540 1405 alii
2575 1352 2861 1422 proboscis
2889 1371 2905 1421 ;
2944 1354 3262 1410 volucribus
3288 1358 3407 1416 alae.

1830 1438 1918 1508 api
1950 1438 2197 1503 aculeus,
2237 1449 2401 1512 atque
2434 1442 2571 1497 adeo
2606 1443 2865 1499 omnibus
2917 1444 3146 1515 aliquid,
3195 1461 3306 1516 quo
3352 1464 3412 1504 se

1830 1536 2182 1595 conservent,
2215 1540 2412 1586 natura
2449 1532 2644 1603 largita
2675 1541 2779 1589 est.
2815 1533 2977 1591 Solus
3013 1535 3175 1591 homo
3226 1540 3414 1607 perni-

1829 1620 1987 1675 cibus
2006 1621 2235 1688 tardior,
2271 1625 2612 1695 corpulentis
2633 1625 2836 1693 minor,
2884 1627 2965 1682 eis
3024 1644 3146 1698 quae
3188 1629 3411 1685 armisa

1829 1724 2027 1768 natura
2058 1714 2202 1770 datis
2229 1724 2343 1771 tuta
2376 1724 2524 1783 sunt,
2561 1717 2884 1773 imbecillior
2912 1726 3018 1774 est.
3069 1718 3174 1785 Qui
3224 1721 3411 1792 igitur,

1829 1804 2034 1859 dixerit
2057 1806 2283 1876 aliquis,
2319 1815 2751 1864 consentaneum
2774 1817 2890 1877 est,
2917 1810 3010 1865 tali
3039 1827 3223 1867 rerum
3259 1830 3415 1869 sum-

146 1921 242 1957 των
267 1905 586 1976 ἀργότερος,
619 1904 728 1958 τῶν
756 1904 812 1957 δὲ
847 1902 1335 1975 πολυσαρκούντων
1361 1902 1719 1975 βραχύτερος,

1835 1911 1968 1951 mam
1993 1897 2255 1970 obtigisse
2271 1899 2295 1952 ?
2309 1899 2421 1970 Ego
2441 1915 2572 1957 vero
2600 1901 2747 1956 haud
2771 1901 3070 1959 difﬁculter
3093 1906 3410 1969 ostendero,

146 1992 244 2047 τῶν
272 1993 326 2047 δὲ
349 1996 463 2057 τοῖς
505 1993 816 2064 συμφύτοις
848 1992 1036 2058 ὅπλοις
1062 1993 1486 2065 ἡσφαλισμένων
1515 1993 1723 2046 εὐαλω-

146 2086 364 2157 τότερος.
389 2086 503 2140 Καὶ
534 2085 680 2151 πῶς,
710 2086 827 2156 ὲρεί
849 2101 952 2151 τις,
981 2087 1009 2138 ὀ
1027 2085 1268 2150 τοιοῦτος
1292 2084 1390 2157 τὴν
1422 2084 1595 2157 ἀρχὴν
1623 2084 1724 2155 τὴν

146 2174 272 2227 κατὰ
293 2173 513 2228 πάντων
542 2173 721 2244 κεκλή
732 2190 935 2243 ρωται;
967 2172 1104 2226 Ἀλλ’
1137 2173 1288 2225 οὐδὲν
1313 2167 1468 2242 οἶμαι
1489 2171 1723 2241 χαλεπὸν

146 2265 332 2333 δεῖξαι,
383 2267 467 2320 ὃτι
517 2265 589 2320 τὸ
627 2264 819 2319 δοκοῦν
858 2264 1072 2328 ὲπιδεὲς
1118 2265 1218 2335 τῆς
1267 2264 1484 2333 φύσεως
1524 2263 1719 2335 ἡμῶν,

148 2359 351 2431 ἀφορμὴ
389 2360 527 2429 πρὸς
572 2358 633 2411 τὸ
673 2358 892 2428 κρατεῖν
935 2355 1044 2410 τῶν
1082 2355 1410 2425 ὑποχειρίων
1458 2354 1626 2408 ἐστίν.
1657 2354 1722 2407 Et

148 2451 246 2523 γὰρ
281 2450 420 2504 οὑτω
450 2449 744 2519 δυνάμεως
794 2443 939 2518 εἶχεν
972 2449 1000 2500 ὀ
1040 2445 1329 2516 ἄνθρωπος
1357 2486 1371 2509 ,
1404 2445 1479 2509 ὡς
1519 2448 1586 2517 τῇ
1620 2445 1720 2514 μὲν

150 2542 375 2614 ὠκύτητι
423 2540 805 2612 παρατρέχειν
836 2539 927 2591 τὸν
975 2538 1163 2601 ἵππον,
1212 2536 1473 2610 ἄτριπτον
1526 2536 1583 2590 δὲ
1618 2536 1724 2590 ὑπὸ

152 2632 489 2703 στερρότητος
519 2629 669 2699 ἔχειν
716 2628 807 2682 τὸν
838 2626 993 2692 πόδα,
1044 2625 1240 2690 ὁπλαῖς
1285 2643 1426 2679 τισιν
1468 2627 1503 2697 ἢ
1537 2625 1730 2696 χηλαῖς

152 2723 495 2795 ἐρειδόμενον,
535 2721 748 2793 κέρατα
790 2718 848 2773 δὲ
893 2719 986 2772 καὶ
1026 2719 1228 2791 κέντρα
1277 2718 1371 2771 καὶ
1413 2718 1613 2788 ὄνυχας
1666 2718 1725 2770 ὲν

152 2813 315 2883 ἑαυτῷ
353 2813 583 2884 φέρειν’
635 2809 850 2882 πρῶτον
889 2810 989 2882 μὲν
1042 2809 1316 2882 θηριώδης
1372 2826 1457 2873 τις
1510 2810 1575 2863 ἂν
1621 2805 1689 2880 ἦν
1718 2849 1731 2874 ,

154 2905 238 2958 καὶ
281 2905 646 2975 δυσάντητος,
698 2902 952 2956 τοιούτων
1002 2902 1169 2956 αὑτοῦ
1218 2902 1295 2973 τῷ
1344 2901 1557 2973 σώματι
1592 2919 1730 2974 συμ-

153 2992 761 3067 πεφυκότῖΓἜπειτα
796 2995 852 3048 δὲ
892 2994 1144 3066 παρεῖδεν
1171 2992 1237 3048 ἂν
1267 2992 1363 3065 τὴν
1412 2992 1521 3047 τῶν
1553 2993 1730 3048 ἄλλων

92 3076 101 3087 ³
153 3087 348 3160 ἀρχὴν,
400 3089 560 3142 οὐδὲν
609 3087 708 3159 τῆς
758 3086 1047 3159 συνεργίας
1099 3084 1208 3139 τῶν
1247 3086 1576 3158 ὑποχειρίων
1615 3086 1729 3139 δεό-

158 3198 323 3251 μενος,
371 3183 513 3236 Νυνὶ
548 3181 606 3234 δὲ
650 3179 838 3233 τούτου
882 3180 1041 3251 χάριν
1084 3178 1169 3248 ἐφ’
1202 3178 1431 3232 ἕκαστον
1470 3180 1577 3233 τῶν
1624 3179 1727 3233 ὑπ·
1755 3211 1798 3267 c

156 3272 483 3345 εζευγμένων
507 3276 640 3345 ἡμῖν
665 3275 722 3327 αἱ
761 3272 854 3326 τοῦ
880 3272 995 3349 βίου
1020 3274 1201 3343 χρεῖαι
1229 3270 1723 3343 κατεμερίσθησαν,

155 3362 224 3428 ὡς
248 3366 549 3435 ἀναγκαίαν
576 3366 749 3417 ποιεῖν
776 3364 872 3434 τὴν
898 3362 1018 3417 κατ’
1053 3362 1277 3415 ἐκείνων
1310 3361 1504 3432 ἀρχήν.
1535 3359 1608 3413 Τὸ
1631 3359 1731 3431 μὲν

155 3454 313 3540 9318b
346 3458 439 3511 τοῦ
477 3455 734 3526 σώματος
763 3454 1110 3525 δυσκίνητον,
1155 3452 1244 3507 τὸν
1277 3454 1441 3508 ἵππον
1476 3455 1540 3524 τῇ
1575 3452 1733 3524 χρείᾳ

164 3549 463 3621 προσήγαγέ
508 3566 568 3600 τε
613 3548 706 3601 καὶ
755 3546 1080 3618 ὲδαμάσατο.
1176 3546 1241 3599 Ἠ
1288 3545 1345 3598 δὲ
1386 3546 1487 3614 τῆς
1532 3547 1733 3616 σαρκὸς

162 3641 417 3712 γυμνότης
445 3640 758 3709 ἀναγκαίαν
802 3640 900 3710 τὴν
943 3638 1052 3692 τῶν
1099 3638 1385 3712 προϐάτων
1411 3636 1732 3691 ἐπιστασίαν

164 3731 421 3803 ἐποίησεν,
450 3735 520 3785 ἐκ
556 3731 654 3800 τῆς
688 3730 903 3801 ἐτησίου
936 3729 1044 3782 τῶν
1071 3729 1235 3802 ἐρίων
1266 3730 1438 3799 φορᾶς
1470 3728 1568 3798 τῆς
1595 3729 1735 3798 ἡμε-

161 3822 309 3893 τέρας
342 3824 562 3893 φύσεως
617 3820 1029 3893 ἀναπληροῦσαν
1080 3822 1141 3874 τὸ
1180 3812 1385 3874 λεῖπον.
1436 3819 1508 3872 Τὸ
1550 3818 1608 3871 δὲ
1636 3817 1734 3880 τὰς

163 3915 398 3985 ἀφορμὰς
430 3916 570 3987 ἡμῖν
624 3914 721 3977 τὰς
750 3913 883 3985 πρὸς
914 3913 1005 3966 τὸν
1042 3912 1155 3982 βίον
1180 3913 1274 3966 καὶ
1299 3911 1357 3978 ἐξ
1390 3911 1591 3981 ἑτέρων
1624 3910 1735 3962 εἰσ-

163 4005 395 4072 άγεσθαι,
438 4006 514 4059 τὰ
546 4004 822 4076 ἀχθοφόρα
851 4003 958 4057 τῶν
994 4003 1149 4068 ζώων
1179 4006 1301 4067 ταῖς
1329 4003 1604 4065 τοιαύταις
1635 4002 1739 4055 ὑπ-

164 4098 393 4168 ηρεσίαις
419 4097 742 4162 ὑπέζευξεν.
790 4096 949 4150 Ἀλλὰ
984 4096 1090 4169 μὴν
1114 4095 1175 4149 τὸ
1209 4097 1284 4167 μὴ
1318 4095 1579 4149 δύνασθαι
1613 4094 1735 4148 καθ’

163 4192 444 4263 ὁμοιότητα
488 4190 596 4243 τῶν
649 4189 1007 4260 βοσκημάτων
1055 4190 1383 4259 ποηφαγείν,
1426 4188 1738 4260 ὑποχείριον

164 4281 234 4354 τῷ
265 4283 361 4354 βίῳ
389 4283 487 4336 τὸν
515 4281 641 4352 βοῦν
670 4281 1066 4352 ἀπειργάσατο,
1101 4281 1214 4343 τοῖς
1250 4277 1399 4342 ἰδίοις
1427 4278 1608 4342 πόνοις
1638 4278 1737 4349 τὴν

166 4371 299 4446 ζωὴν
324 4377 460 4448 ἡμῖν
486 4374 933 4445 ὲξευμαρίζοντσ.
971 4372 1122 4427 Ἐπεὶ
1150 4372 1208 4426 δὲ
1249 4371 1343 4425 καὶ
1385 4371 1613 4426 ὀδόντων
1645 4372 1740 4424 καὶ

167 4464 428 4537 δήγματος
451 4461 520 4537 ἦν
551 4464 708 4537 χρεία
729 4466 865 4537 πρὸς
889 4464 951 4517 τὸ
983 4460 1452 4532 καταγωνίξεσθαί
1479 4479 1598 4515 τινα
1632 4460 1739 4514 τῶν

1830 1987 1884 2043 id
1918 1988 2064 2057 quod
2092 2004 2123 2043 a
2152 1997 2350 2045 natura
2376 1991 2537 2047 nobis
2577 1991 2772 2048 deesse
2818 1994 3052 2059 videtur,
3092 2012 3259 2051 unam
3288 2012 3416 2053 esse

1829 2092 2056 2137 causam
2096 2082 2166 2137 ob
2200 2098 2364 2154 quam
2392 2091 2592 2139 caetera
2635 2094 2826 2141 nostra
2859 2086 2971 2142 sint
3012 2087 3069 2142 in
3116 2096 3410 2157 potestate.

1828 2170 1964 2225 Nam
2000 2172 2048 2227 si
2074 2187 2152 2227 eae
2184 2172 2424 2229 hominis
2445 2174 2590 2229 vires
2635 2172 2836 2241 forent,
2879 2183 2941 2229 ut
2992 2191 3166 2247 equos
3209 2179 3413 2235 celeri-

1830 2271 1940 2320 tate
1979 2274 2358 2336 praecurreret,
2410 2280 2475 2321 ac
2511 2266 2676 2337 pedes
2722 2267 2949 2324 haberet
2989 2284 3052 2325 ea
3092 2270 3314 2338 duritie,
3357 2284 3416 2328 ut

1829 2356 1950 2411 lzcdi
1977 2373 2086 2412 non
2126 2365 2374 2429 possent,
2411 2357 2634 2427 ungulis
2665 2358 2925 2412 nimirum
2954 2360 3145 2416 solidis
3171 2363 3257 2418 vel
3281 2363 3414 2418 che-

1832 2446 1900 2503 lis
1926 2447 2213 2515 munitos;
2259 2455 2521 2518 praeterea
2561 2447 2665 2517 ipsi
2703 2463 2804 2503 nec
2838 2463 3045 2504 cornua
3093 2468 3195 2508 nec
3242 2455 3417 2510 aculei

1831 2552 1933 2593 nec
1970 2554 2182 2608 ungues
2212 2538 2468 2595 deessent
2498 2556 2510 2592 :
2546 2538 2783 2609 primum
2819 2541 3040 2611 quidem
3072 2546 3418 2601 immanitate

1834 2628 2074 2707 ferusqac
2099 2629 2341 2705 crudelis
2375 2637 2544 2697 esset,
2587 2631 2754 2688 rebus
2783 2632 2849 2685 ad
2905 2636 3265 2707 exercendam
3314 2652 3418 2694 saa-

1833 2700 2019 2774 νῖἶῖἷιιὶι
2050 2704 2384 2792 comparatis
2415 2737 2446 2776 a
2488 2732 2683 2778 natura
2719 2706 3283 2783 instruetus.QDeinde
3315 2729 3417 2783 im-

1832 2804 2041 2881 perium
2082 2812 2137 2866 in
2173 2827 2263 2868 res
2287 2820 2515 2869 caeteras
2550 2829 2656 2868 non
2696 2826 3045 2886 occupasset,
3077 2819 3298 2888 quando
3336 2820 3417 2876 eis

1831 2903 1995 2957 etiam
2027 2902 2257 2972 imperio
2295 2918 2397 2959 suo
2422 2904 2687 2974 subjectis
2721 2906 2925 2960 nullam
2971 2908 3037 2963 ad
3074 2924 3189 2965 rem
3237 2912 3419 2982 eguis-

1832 3000 1933 3049 sct.
1971 2991 2129 3049 Nunc
2167 2995 2270 3051 hac
2292 2995 2410 3066 ipsa
2445 2997 2513 3052 de
2550 3011 2718 3053 causa
2762 2998 2973 3070 singula
3001 3002 3156 3071 quasi
3209 3006 3417 3060 manci-

1831 3088 1918 3156 pia
1958 3094 2145 3144 nostra
2176 3089 2424 3145 diversos
2451 3090 2518 3145 ad
2560 3106 2694 3147 usus
2715 3091 2839 3148 vitae
2885 3092 3307 3162 destinavimus,
3360 3108 3420 3152 ut.

1832 3179 2057 3236 omnino
2077 3180 2237 3236 nobis
2258 3195 2482 3237 necesse
2511 3182 2583 3239 sit
2606 3184 2738 3253 ipsis
2765 3198 2887 3239 cum
2915 3186 3145 3257 imperio
3161 3204 3415 3259 praeesse.

1835 3269 2023 3341 Itaque
2060 3287 2184 3327 cum
2209 3273 2279 3328 ob
2310 3275 2561 3344 corporis
2586 3276 2942 3344 exiguitatem
2986 3278 3104 3333 loco
3130 3295 3238 3335 non
3281 3283 3419 3338 satis
3572 3252 3583 3277 τ

1798 3363 2048 3434 .agiliter
2098 3380 2435 3433 moveamur,
2493 3352 2721 3437 equunr
2754 3369 2965 3425 scilicet
3027 3371 3293 3427 domitum
3350 3376 3417 3429 ad

1836 3472 1995 3511 usum
2030 3464 2281 3513 nostrum
2311 3458 2632 3514 accivimus.
2669 3458 2928 3530 Corporis
2976 3462 3218 3530 nuditas,
3258 3473 3319 3519 ut
3361 3466 3419 3520 in

1834 3564 1965 3604 oves
2018 3547 2303 3619 imperium
2345 3551 2661 3605 necessario
2724 3567 3152 3622 usurparemus,
3197 3554 3415 3610 effecit:

1834 3654 1945 3710 quo
1973 3655 2041 3695 ex
2067 3640 2266 3697 annuis
2300 3655 2489 3717 earum
2536 3640 2701 3707 lanis,
2754 3642 2899 3712 quod
2959 3652 3167 3700 natura:
3219 3654 3422 3702 nostra?

1835 3731 2041 3799 deerat,
2077 3745 2438 3787 sumeremus.
2466 3731 2623 3797 Quod
2662 3732 2783 3787 aliis
2819 3748 2885 3788 ex
2918 3735 3236 3804 regionibus
3269 3754 3421 3807 quae-

1836 3822 1960 3878 dam
2011 3821 2079 3877 ad
2129 3822 2294 3877 vitam
2324 3821 2704 3879 sustinendam
2764 3823 2999 3893 petenda
3053 3835 3261 3891 essent,
3291 3827 3422 3883 fecit

1836 3923 1896 3970 ut
1936 3914 2192 3969 animalia
2225 3929 2346 3985 quae
2368 3913 2605 3968 ferendis
2635 3915 2898 3970 oneribus
2925 3925 3132 3981 essent,
3174 3918 3227 3973 in
3274 3919 3421 3975 hunc

1839 4024 1997 4064 usum
2031 4007 2343 4078 subjugum
2380 4007 2743 4063 mitteremus.
2786 4006 2924 4073 Quia
2963 4024 3127 4079 porro
3148 4010 3262 4066 fieri
3308 4027 3421 4067 non

1840 4108 2053 4171 poterat
2087 4106 2146 4154 ut
2174 4098 2350 4154 instar
2382 4099 2717 4171 reliquorum
2755 4114 3015 4167 pecorum
3062 4102 3247 4158 herbis
3296 4119 3424 4175 gra-

1841 4189 2094 4259 mineque
2126 4203 2473 4244 vescerentur
2506 4207 2519 4241 :
2558 4187 2767 4244 idcirco
2809 4189 3000 4245 bovem
3038 4193 3195 4253 nobis
3233 4195 3417 4263 subje-

1840 4281 2036 4342 cimus,
2078 4295 2187 4351 quo
2225 4294 2323 4351 pro
2352 4280 2513 4335 nobis
2551 4280 2836 4337 laborante
2882 4281 3168 4350 confieret,
3216 4292 3280 4339 ut‘
3321 4302 3425 4341 nos

1835 4374 2077 4444 jucunde
2108 4373 2474 4443 facillimoque
2502 4373 2856 4444 agitaremus.
2890 4373 3159 4431 Dentibus
3185 4391 3249 4432 ac
3274 4393 3425 4433 mor-

1843 4482 1906 4520 su
1940 4464 2099 4520 nobis
2134 4480 2273 4534 opus
2301 4472 2421 4521 erat
2462 4464 2531 4517 ad
2568 4465 2933 4534 expugnanda
2964 4474 3161 4522 caetera
3211 4470 3423 4523 anima-

169 4555 328 4612 ἄλλων
354 4559 536 4624 ζώων.
565 4557 652 4612 διὰ
677 4558 775 4627 τῆς
800 4557 907 4611 τῶν
940 4556 1167 4610 ὀδόντων
1203 4554 1426 4626 βλάϐης,
1462 4551 1731 4626 παρέσχεν

1842 4560 1935 4623 lia,
1957 4557 2188 4628 praebuit
2228 4556 2295 4611 ad
2336 4556 2483 4611 hunc
2514 4572 2672 4613 usum
2714 4556 2873 4611 nobis
2914 4558 3191 4613 maxillam
3248 4561 3426 4628 cauis,

168 4650 195 4702 ὀ
223 4648 358 4706 κύων
385 4648 528 4722 μετὰ
548 4646 644 4703 τοῦ
674 4649 869 4717 τάχους
892 4646 992 4718 τὴν
1019 4646 1154 4700 ίδίαν
1183 4646 1343 4715 γένυν
1372 4646 1435 4715 τῇ
1493 4643 1741 4714 ἡμετέρᾳ

170 4744 334 4817 χρείᾳ,
363 4740 480 4798 οἷόν
521 4760 603 4807 τις
638 4741 877 4812 ἔμψυχος
909 4740 1155 4811 μάχαιρα
1186 4737 1262 4809 τῷ
1296 4736 1566 4808 ἀνθρώπῳ
1591 4732 1742 4805 γενό-

175 4853 338 4905 μενος.
390 4835 656 4907 Κεράτων
699 4835 756 4889 δὲ
811 4833 1082 4906 προϐολῆς
1142 4829 1237 4886 καὶ
1296 4830 1505 4902 ὀνύχων
1554 4829 1741 4901 ἀκμῆς

175 4930 507 5002 ίσχυρότερός
535 4944 595 4982 τε
624 4928 719 4981 καὶ
758 4926 1067 4998 τομώτερος
1106 4925 1447 4995 ἐπινενόηται
1496 4925 1607 4986 τοῖς
1650 4922 1741 4974 άν-

173 5017 397 5090 θρώποις
428 5022 457 5073 ὀ
483 5019 597 5090 σίδη
608 5035 717 5090 ρος,
742 5017 843 5071 οὐκ
868 5016 956 5071 ἀεὶ
984 5014 1356 5089 συμπεφυκὼς
1376 5014 1529 5087 ἡμῖν,
1552 5009 1740 5083 ὥσπερ

173 5113 274 5173 τοῖς
301 5110 511 5183 θηρίοις
539 5111 742 5165 ἐκεῖνα.
770 5108 882 5162 ἀλλ’
914 5109 1007 5162 ἐπὶ
1041 5107 1233 5179 καιροῦ
1263 5106 1651 5176 συμμαχήσας,
1678 5100 1742 5157 τὸ

174 5200 342 5258 λοιπὸν
374 5205 459 5273 ἐφ’
484 5202 679 5257 ἑαυτοῦ
712 5201 882 5273 μένει.
928 5202 1036 5254 Καὶ
1069 5201 1191 5254 ἀντὶ
1216 5199 1317 5269 τῆς
1340 5196 1435 5251 τοῦ
1464 5194 1742 5269 κροκοδεί-

174 5292 258 5347 λου
304 5295 529 5364 φωλίδος
554 5333 569 5357 ,
626 5292 743 5346 ἔστι
801 5292 898 5363 μὲν
955 5293 1049 5346 καὶ
1100 5289 1264 5345 αὑτὸν
1316 5291 1524 5344 ἐκεῖνον
1579 5288 1742 5342 ὅπλον

176 5387 513 5457 ποιήσασθαι,
546 5385 690 5439 κατά
719 5383 911 5455 καιρὸν
937 5382 1036 5455 τὴν
1073 5381 1235 5454 δορὰν
1263 5381 1642 5451 περιθέμενον.
1678 5380 1743 5433 Εἰ

174 5476 225 5529 δὲ
251 5479 339 5550 μὴ,
369 5477 763 5551 σχηματίζεται
796 5477 890 5529 καὶ
916 5475 1051 5548 πρὸς
1078 5473 1237 5527 τοῦτο
1258 5473 1410 5545 παρὰ
1432 5471 1532 5542 τῆς
1552 5472 1747 5542 τέχνης

175 5569 201 5620 ὀ
231 5570 452 5642 σίδηρος,
484 5571 545 5635 ὃς
577 5570 670 5621 ἐπὶ
700 5567 892 5639 καιροῦ
927 5569 1061 5639 πρὸς
1087 5566 1178 5620 τὸν
1208 5565 1444 5634 πόλεμον
1473 5564 1751 5635 ὑπηρετή-

178 5676 288 5726 σας.
321 5664 477 5718 πάλιν
538 5661 826 5733 ἐλεύθερον
887 5658 981 5713 τοῦ
1019 5658 1217 5729 ἄχθους
1266 5657 1355 5708 ἐπ’
1393 5655 1615 5726 εἰρήνης
1655 5653 1749 5709 τὸν

174 5753 380 5829 ὁπλίτην
392 5757 706 5812 κατέλιπεν.
742 5753 1034 5823 ’Υπηρετεῖ
1056 5751 1113 5805 δὲ
1135 5750 1213 5822 τῷ
1233 5750 1331 5822 βίῳ
1354 5750 1447 5804 καὶ
1473 5749 1533 5803 τὸ
1555 5748 1752 5820 πτερὸν

176 5850 276 5902 τῶν
304 5848 522 5924 ὀρνέων,
551 5847 628 5910 ὡς
666 5843 799 5918 μηδὲ
828 5843 921 5899 τοῦ
947 5841 1148 5915 πτηνοῦ
1182 5842 1379 5913 τάχους
1411 5841 1493 5932 δι’-
1512 5839 1752 5933 ἐπινοίας

1847 4660 2009 4718 atque
2052 4650 2215 4704 etiam
2241 4647 2580 4704 velocitatem
2611 4662 2789 4711 suam,
2838 4654 2898 4702 ut
2936 4663 3045 4703 nou
3076 4650 3312 4708 absurde
3348 4654 3430 4709 vi-

1847 4757 1948 4796 vus
2003 4739 2242 4796 hominis
2285 4739 2498 4809 gladius
2523 4738 2628 4794 dici
2664 4739 2857 4809 possit.
2894 4739 3173 4796 Cornuum
3211 4750 3266 4799 et
3329 4762 3428 4800 un-

1845 4832 2030 4905 guium
2066 4833 2188 4888 loco
2216 4831 2361 4886 ferro
2393 4829 2656 4885 utendum
2677 4844 2800 4885 esse
2832 4830 3014 4899 potius
3036 4831 3287 4890 homines
3314 4837 3432 4889 ani-

1849 4923 2278 4983 madverterunt,
2321 4920 2466 4991 quod
2497 4920 2589 4974 illa
2622 4934 2746 4974 cum
2774 4919 2997 4984 duritie,
3028 4927 3143 4977 tum
3177 4927 3433 4983 acumine

1848 5016 2008 5087 longe
2039 5015 2226 5069 vincit.
2250 5012 2573 5083 Quanquam
2608 5010 2814 5066 ferrum
2860 5010 3110 5069 homines
3138 5028 3247 5068 non
3283 5030 3430 5071 sem-

1851 5121 1947 5177 per
1978 5110 2266 5174 usurpant,
2302 5102 2445 5157 sicut
2479 5101 2571 5155 illa
2605 5099 3030 5171 ferisnunquam
3064 5118 3172 5158 non
3208 5104 3430 5171 adsunt;
3469 5099 3490 5173 ’ῃ

1852 5198 1945 5253 sed
1983 5197 2188 5251 utimur
2220 5209 2287 5250 eo
2320 5193 2617 5257 interdum,
2664 5207 2786 5246 cum
2821 5192 2896 5246 ita
2921 5204 3025 5249 ‘res
3065 5195 3327 5264 postulat,
3366 5211 3434 5253 ac
3490 5178 3497 5264 ’ί

1853 5289 2051 5344 deinde
2080 5287 2323 5342 vicissim
2362 5285 2674 5356 deponitur.
2742 5283 2852 5339 Pro
2879 5285 3138 5341 crocodili
3171 5298 3435 5361 squamea

1851 5392 1997 5445 cute,
2032 5380 2159 5435 licet
2183 5380 2254 5434 ab
2290 5377 2484 5434 eodem
2526 5385 2709 5448 petere
2748 5376 2894 5448 quod
2955 5391 3055 5431 nos
3110 5377 3343 5444 muniat,
3385 5379 3436 5434 si

1852 5473 2105 5529 videlicet
2124 5480 2219 5528 aut
2240 5480 2477 5542 tergora,
2519 5477 2613 5525 aut
2646 5470 2847 5525 ferrum
2884 5468 2948 5523 ad
2972 5467 3225 5524 eumdem
3271 5485 3434 5527 usum

1854 5566 2260 5623 conformatum
2292 5562 2606 5618 induamus.
2641 5561 2756 5616 Hoc
2809 5560 2939 5615 belli
2989 5568 3231 5630 tempore
3285 5570 3436 5633 post-
3482 5566 3487 5583 π

1855 5674 2018 5731 quam
2078 5659 2235 5714 miles
2298 5654 2604 5724 usurpavit,
2646 5667 2779 5723 pace
2816 5651 3133 5718 constituta,
3189 5652 3436 5724 ejusdem

1860 5762 2028 5803 onere
2062 5763 2122 5803 se
2152 5747 2313 5801 levat.
2349 5743 2521 5798 Etiam
2547 5742 2727 5797 avium
2753 5756 2945 5811 pennae
2983 5740 3265 5796 hominum
3290 5757 3441 5799 com-
3480 5760 3485 5767 δ

1865 5841 2041 5898 modis
2082 5840 2350 5909 serviunt,
2375 5835 2646 5893 efﬁciente
2671 5835 2953 5893 hominum
2992 5831 3275 5902 industria,
3296 5828 3438 5900 quod

3530 592 3569 611 ed
