3880 6364
434 384 540 441 Ηνὸ

1684 384 1738 440 S.
1772 381 2097 440 GREGORII
2132 385 2425 445 NYSSENI

3600 397 3709 454 ιιι

435 521 505 561 ne
528 503 766 560 volucris
790 503 1009 573 quidem
1041 502 1128 557 illa
1153 502 1445 573 pernicitas
1474 517 1501 555 a
1536 504 1692 560 nobis
1740 506 2002 563 desidere-

2121 514 2266 583 ἡμᾶς
2312 513 2721 569 ἀπολείπεσθαι.
2763 514 2844 568 Τὰ
2890 515 2989 585 μὲν
3022 515 3129 589 γάρ
3170 516 3228 584 ἐξ
3260 517 3440 571 αὐτῶν
3472 515 3709 572 τιθασσά

426 604 547 653 tur.
582 598 776 653 Avium
808 597 951 652 enim
986 594 1231 666 quaedam
1267 596 1423 651 facta:
1459 596 1696 664 cicures,
1741 600 2014 654 venatori-

429 688 540 743 .bus
576 688 698 744 usui
731 697 859 742 sunt
888 703 903 753 ;
937 701 1122 741 earum
1166 700 1403 757 namque
1445 701 1610 758 Opera
1646 698 1875 745 caeteras
1920 705 2014 744 ca-

430 774 634 844 pimus.
665 772 805 838 Quin
832 781 886 827 et
919 773 1091 828 alatas
1129 775 1358 845 sagittas
1392 790 1483 830 ars
1505 777 1834 845 machinata,
1861 779 2013 833 volu—

432 875 579 916 crem
602 862 748 916 illam
771 863 1148 932 pernicitatem
1168 864 1234 917 ad
1259 878 1391 919 usus
1415 875 1634 922 nostros
1656 868 1710 921 in
1734 883 1865 922 arcu
1890 868 2013 923 imi-

435 961 543 1006 tata
575 959 676 1007 est.
704 951 860 1018 Quod
882 961 1063 1007 autem
1089 954 1289 1024 planta:
1318 964 1518 1012 nostra:
1540 956 1605 1011 ad
1632 957 1826 1012 itinera
1845 957 2013 1028 perli-

429 1046 622 1102 cienda
645 1054 973 1117 comparatae
993 1062 1100 1102 non
1120 1057 1267 1113 sunt,
1290 1050 1493 1121 quippe
1511 1067 1631 1121 qua:
1648 1050 1905 1109 facillime
1928 1054 2012 1109 la:-

430 1141 663 1194 dantdr:
692 1139 929 1210 idipsum
955 1139 1104 1206 facit,
1141 1148 1200 1195 ut
1240 1142 1341 1196 hac
1377 1142 1540 1198 etiam
1568 1144 1622 1197 in
1646 1152 1797 1213 parte
1831 1137 2007 1201 reme-

425 1231 570 1287 dium
591 1247 920 1303 quaeramus.
940 1232 1276 1303 pedibusque
1292 1235 1493 1289 nostris
1512 1234 1723 1292 calceos
1737 1245 2006 1305 aptemus.

1028 1343 1261 1400 CAPUT
1302 1344 1440 1400 Vlll.

429 1457 783 1524 Quamobrem
816 1466 958 1510 recta
990 1458 1057 1511 sit
1091 1458 1318 1510 hominis
1338 1458 1530 1525 ﬁgura,
1577 1468 1684 1510 tum
1714 1459 1869 1511 etiam
1896 1477 2009 1513 ma-

497 1544 596 1581 nus
626 1530 883 1582 sermonis
909 1544 1073 1580 causa
1104 1528 1275 1594 facta:
1297 1544 1409 1581 esse
1434 1545 1452 1581 :
1472 1528 1711 1598 denique,
1730 1540 1776 1583 et
1803 1529 1867 1583 de
1888 1533 2007 1583 ani-

497 1614 703 1651 morum
730 1598 1037 1651 discrimine
1064 1598 1370 1652 disseritur.

491 1713 837 1768 Conveniunt
870 1718 921 1766 et
955 1711 1044 1765 illa
1064 1711 1402 1782 imperatori,
1427 1711 1698 1781 regiaeque
1720 1710 2005 1782 dignitatis

420 1804 625 1860 indicia
644 1809 791 1869 sunt,
811 1802 956 1872 quod
981 1809 1125 1855 recta
1149 1801 1355 1856 homini
1379 1800 1548 1872 ﬁgura
1567 1801 1768 1855 tributa
1787 1802 1877 1865 sit,
1895 1816 2002 1871 qua

419 1897 489 1953 ad
511 1895 709 1952 cadum
733 1895 927 1960 tendit,
950 1909 1014 1947 ac
1036 1908 1255 1948 sursum
1280 1901 1509 1963 spectat.
1529 1892 1665 1947 Nam
1685 1893 1829 1963 quod
1853 1894 2004 1949 solus

418 1990 583 2047 homo
613 1988 755 2043 inter
790 1986 925 2043 alias
960 2000 1046 2041 res
1076 1993 1289 2041 creatas
1330 1984 1761 2055 hujusmodisit,
1783 1985 2007 2055 reliquis

417 2081 673 2136 omnibus
704 2094 934 2150 corpore
972 2077 1229 2133 deorsum
1270 2078 1660 2149 vergentibus:
1700 2078 2007 2134 clarissime

416 2174 792 2239 demonstrat,
833 2179 1043 2241 quanto
1081 2178 1321 2239 potestas
1361 2179 1568 2226 naturae
1607 2185 1775 2241 supra
1809 2178 2004 2226 caetera

415 2263 708 2318 eminentis
739 2261 1089 2331 praestantior
1120 2262 1228 2315 illis
1260 2261 1354 2325 sit,
1384 2277 1507 2331 quae
1537 2277 1598 2317 se
1629 2261 1797 2331 hujus
1831 2263 2005 2331 impe-

415 2355 502 2408 rio
541 2353 894 2410 submittunt.
932 2352 1138 2407 Horum
1171 2352 1448 2406 anteriora
1474 2353 1726 2421 corporis
1758 2353 2005 2407 membra

416 2446 582 2515 pedes
609 2450 756 2516 sunt,
780 2444 928 2514 quod
954 2458 1019 2497 ea
1047 2458 1166 2513 quae
1195 2443 1452 2498 deorsum
1479 2451 1748 2512 spectant,
1781 2444 2006 2499 omnino

415 2518 655 2607 quodam
686 2536 844 2604 quasi
880 2534 1055 2590 fulcro
1086 2534 1420 2603 indigebant.
1458 2532 1514 2587 In
1550 2533 1789 2590 hominis
1819 2544 2001 2590 autem

413 2630 632 2702 opificio
658 2644 854 2684 manus
881 2629 1076 2684 horum
1103 2630 1223 2683 loco
1240 2635 1369 2683 sunt
1401 2630 1574 2683 factae.
1594 2627 1729 2683 Nam
1752 2630 1804 2683 iu
1831 2628 2001 2700 ﬁgura

412 2733 595 2780 erecta
640 2738 807 2779 unum
849 2724 1006 2794 quasi
1047 2722 1461 2776 fundamentum
1498 2722 1815 2788 sufﬁciebat,
1855 2723 2001 2794 quod

417 2826 650 2886 utroque
674 2816 810 2886 pede
838 2823 1072 2871 stantem
1103 2815 1334 2871 ﬁrmiter
1367 2815 1607 2872 fulciret.
1645 2816 1773 2871 Erat
1805 2828 1859 2872 et
1894 2833 2001 2873 cae-

412 2908 628 2979 teroqui
661 2922 923 2962 manuum
958 2921 1124 2977 opera
1154 2906 1221 2961 ad
1255 2907 1546 2978 eloquendi
1577 2910 1686 2963 vim
1720 2910 2003 2980 adjuvan—

412 3002 537 3055 dam
563 2998 896 3054 necessaria.
921 2996 1110 3068 Itaque
1134 2998 1181 3053 si
1203 2998 1327 3070 quis
1348 2999 1492 3053 dicat
1522 3007 1733 3055 naturae
1758 3002 2000 3072 loquenti

414 3105 610 3146 manus
629 3089 903 3146 sermonis
925 3103 1092 3145 causa
1116 3105 1241 3146 esse
1260 3090 1437 3158 datas,
1462 3106 1568 3146 non
1594 3093 1641 3147 is
1657 3092 1876 3162 quidem
1896 3097 2003 3164 pla-

412 3200 481 3239 ne
517 3200 548 3239 a
592 3199 723 3239 vero
769 3183 1121 3239 aberraverit.
1162 3182 1221 3237 ln
1255 3199 1367 3254 quo
1402 3199 1508 3239 non
1542 3186 1606 3239 ad
1644 3186 1747 3240 hoc
1784 3194 1997 3240 tantum
2027 3188 2070 3246 C

411 3278 595 3331 animo
622 3276 1024 3347 respiciendum
1046 3286 1151 3340 est,
1171 3277 1317 3347 quod
1351 3279 1537 3333 venire
1565 3280 1740 3335 cuivis
1760 3280 1815 3335 in
1849 3296 2001 3334 men-

411 3381 518 3422 tem
554 3378 753 3439 potest,
778 3370 1037 3425 nimirum
1071 3372 1219 3441 quod
1254 3372 1455 3428 litteris
1485 3375 1722 3445 exprimi
1758 3390 1939 3431 sermo
1970 3391 2001 3429 ιι

411 3460 581 3516 nobis
603 3475 862 3516 manuum
895 3463 1117 3518 solertia
1141 3465 1280 3520 solet
1316 3481 1328 3518 :
1363 3480 1676 3536 quanquam
1697 3467 1999 3537 hocipsum

409 3567 520 3609 non
554 3567 585 3606 a
619 3554 768 3608 nulla
801 3555 1031 3611 rationis
1061 3557 1375 3627 praestantia
1413 3557 1718 3625 profectum
1757 3572 1863 3624 est,
1900 3561 1999 3617 ho-

409 3648 585 3702 mines
616 3662 713 3716 per
751 3647 961 3704 litteras
997 3649 1168 3719 loqui,
1219 3665 1283 3704 ac
1331 3665 1500 3722 prope
1549 3652 1711 3707 modo
1762 3653 1998 3724 quodam

409 3737 662 3793 manibus
705 3737 849 3793 inter
892 3754 952 3795 se
995 3740 1287 3805 disserere,
1322 3742 1625 3797 litterarum
1662 3745 1809 3801 notis
1837 3761 2001 3801 voces

408 3829 556 3900 ipsas
584 3829 1194 3900 comprehendentibus.
1227 3832 1343 3904 Ego
1375 3850 1504 3890 vero
1530 3851 1654 3895 cum
1695 3852 1893 3893 manus
1943 3838 1998 3892 in

406 3920 766 3991 exprimendo
788 3936 1042 3977 sermone
1065 3923 1275 3993 aliquid
1314 3924 1511 3982 all‘erre
1546 3927 1848 3998 adiumenti
1870 3930 1958 3984 aio
1982 3946 1996 3983 :

408 4012 554 4066 aliud
573 4012 752 4067 habeo
768 4027 878 4083 quo
896 4013 1211 4082 respiciam.
1236 4013 1295 4068 In
1318 4016 1465 4085 quod
1492 4026 1785 4089 antequam
1821 4021 2003 4090 inqui-

409 4117 617 4169 ramus,
635 4102 766 4157 libet
795 4101 1054 4172 quiddam
1093 4104 1466 4174 considerare,
1481 4110 1626 4178 quod
1673 4111 1941 4166 omissum
1969 4129 2001 4168 a

408 4193 570 4252 nobis
582 4193 904 4252 est.Parum
916 4197 1060 4251 enim
1079 4196 1255 4253 abfuit
1274 4200 1402 4270 quin
1422 4201 1541 4272 ejus
1559 4203 1713 4257 obliti
1731 4219 1998 4271 essemus,

408 4284 555 4353 quod
576 4284 632 4338 in
655 4283 850 4340 ordine
864 4301 1070 4354 rerum,
1093 4293 1153 4341 ut
1176 4302 1253 4343 em
1281 4291 1514 4346 conditae
1535 4301 1684 4359 sunt,
1709 4297 1997 4366 praecedit:

409 4372 776 4439 Quamobrem
816 4377 969 4445 prius
1002 4392 1093 4433 res
1129 4392 1160 4433 e
1192 4387 1335 4435 terra
1372 4392 1664 4441 nascentes
1701 4387 2001 4456 pullulasse

2117 604 2344 671 γίνεται,
2373 605 2468 657 καὶ
2494 607 2744 676 συνεργεῖ
2773 607 2883 669 τοῖς
2912 604 3236 677 θηρεύουσν
3276 607 3343 660 τὰ
3370 605 3429 661 δὲ
3455 606 3525 660 δι’
3556 609 3706 661 ὲκεί-

2113 716 2220 752 νων
2246 701 2364 762 ταῖς
2392 699 2603 770 χρείαις
2628 700 2787 770 ἡμῶν
2820 700 2888 755 δι’
2922 699 3170 763 ἐπινοίας
3198 700 3490 770 ὑπάγεται.
3538 701 3705 756 Ἀλλά

2114 790 2208 843 καὶ
2228 790 2553 861 πτερόεντας
2577 791 2608 859 ή
2617 793 2706 861 μίν
2726 791 2852 854 τοὺς
2872 790 3086 854 ὀϊστοὺς
3109 792 3143 861 ἡ
3176 791 3342 862 τέχνη
3370 791 3436 844 δι’
3455 790 3705 854 ἐπινοίας

2114 882 2478 954 ποιησαμένη,
2508 882 2567 935 τὸ
2598 882 2800 953 πτηνδν
2831 884 2995 953 τάχος
3021 884 3140 947 ταῖς
3166 882 3462 954 ἡμετέραις
3487 883 3706 953 χρείαις

2111 976 2200 1030 διά
2227 976 2323 1029 τοῦ
2346 975 2499 1042 τόξου
2548 975 2857 1048 χαρίζεταιζ
2905 975 2978 1028 Τὸ
3005 974 3063 1028 δὲ
3095 975 3355 1038 εὐπαθεῖς
3386 976 3481 1028 καὶ
3513 975 3704 1045 εὑτρίο

2113 1084 2279 1132 πτους
2305 1071 2439 1139 ἡμῖν
2464 1068 2600 1139 πρὸς
2622 1067 2720 1137 τὴν
2743 1068 2971 1138 πορείαν
2999 1062 3140 1121 εἶναι
3168 1066 3267 1131 τὰς
3300 1067 3506 1138 βάσεις,
3532 1069 3707 1136 ἀναγ-

2110 1160 2274 1213 καίαν
2307 1162 2451 1214 ποιεῖ.⁹
2477 1159 2574 1229 τὴν
2601 1161 2666 1212 ὲκ
2695 1159 2807 1214 τῶν
2832 1159 3159 1229 ὑποχειρίων
3184 1160 3494 1231 συνεργίαν.
3523 1160 3705 1212 Ἐκεῖ-

2111 1251 2201 1305 Θεν
2234 1252 2343 1322 γάρ
2374 1254 2488 1305 ἔστι
2513 1253 2623 1316 τοῖς
2653 1250 2779 1303 ποσὶ
2810 1252 3176 1322 περιαρμόσαι
3201 1251 3267 1305 τὰ
3296 1250 3506 1304 πέδιλα.

2648 1366 3045 1419 ΚΕΦΑΛΑΙΟΝ
3082 1366 3162 1418 H'.

2109 1455 2213 1533 Διά
2238 1480 2296 1532 τί
2334 1480 2534 1545 ὄρθιον
2577 1480 2682 1534 τοῦ
2714 1480 3029 1547 ἀνθρώπου
3066 1480 3131 1547 τρ
3172 1477 3415 1547 σχῆμα,
3461 1477 3564 1532 καί
3610 1477 3702 1532 ὅτι

2058 1600 2077 1615 κ
2180 1548 2276 1602 διὰ
2302 1543 2409 1619 τόν
2439 1553 2627 1617 λόγον
2651 1554 2711 1604 al
2739 1543 2849 1619 xei}.
2867 1568 2954 1615 ες·
2983 1552 3053 1604 ἐν
3078 1543 3126 1617 ᾧ
3154 1543 3254 1615 tu?
3276 1543 3373 1603 aiat
3406 1549 3539 1616 περὶ
3568 1548 3703 1602 δια-

2178 1618 2367 1687 φορᾶς
2392 1620 2609 1689 ψυχῶν
2636 1618 2984 1689 φιλοσοφία.

2184 1730 2404 1801 Ὀρθιον
2444 1731 2502 1785 δὲ
2544 1732 2621 1803 τῷ
2652 1731 2924 1804 ἀνθρώπῳ
2966 1733 3025 1786 τὸ
3057 1733 3266 1803 σχῆμα,
3314 1733 3409 1786 καὶ
3438 1731 3577 1803 πρὸς
3605 1733 3701 1786 τὸν

2111 1816 2336 1887 οὑρανὸν
2365 1820 2738 1885 ἀνατείνεται,
2786 1822 2878 1873 καὶ
2915 1823 3026 1876 ἄνω
3062 1822 3267 1893 βλέπει.
3323 1823 3551 1894 Ἀρχικά
3603 1825 3701 1877 καὶ

2110 1910 2303 1972 ταῦτα,
2339 1912 2432 1964 καὶ
2456 1913 2555 1984 τὴν
2590 1912 2875 1986 βασιλικὴν
2904 1914 3060 1979 ἀξίαν
3098 1916 3575 1987 ἐπισημαίνονται.
3623 1914 3701 1969 Τὸ

2109 2000 2219 2071 γὰρ
2252 2001 2411 2072 μόνον
2437 2005 2494 2056 ὲν
2522 2006 2634 2068 τοῖς
2666 2001 2786 2058 οὖσι
2814 2005 3052 2059 τοιοῦτον
3084 2003 3222 2058 εἶναι
3255 2005 3346 2059 τὸν
3383 2004 3697 2077 ἄνθρωπον,

2107 2096 2221 2157 τοῖς
2249 2095 2305 2148 δὲ
2349 2095 2531 2160 ἄλλοις
2581 2096 2752 2151 ἆπασι
2798 2099 2934 2169 πρὸς
2967 2099 3025 2151 τὸ
3072 2099 3221 2151 κάτω
3266 2097 3579 2153 νενευκέναι
3629 2098 3701 2150 τὰ

2110 2184 2358 2256 σώματα,
2386 2187 2572 2256 σαφῶς
2593 2188 2829 2241 δείκνυσι
2855 2189 2953 2259 τὴν
2977 2188 3079 2259 τῆς
3107 2189 3262 2254 ἀξίας
3281 2189 3564 2261 διαφοράν,
3585 2188 3699 2241 τῶν

2107 2294 2165 2330 τε
2195 2278 2615 2333 ὑποκυπτόντων
2636 2283 2698 2350 τῇ
2726 2281 3034 2353 δυναστείᾳ,
3065 2282 3159 2335 καὶ
3187 2282 3283 2352 τῆς
3313 2280 3699 2352 ὑπερανεστώ-

2110 2389 2209 2441 σης
2242 2371 2418 2425 αὑτῶν
2461 2372 2724 2437 ἐξουσίας.
2777 2374 2902 2437 Τοῖς
2934 2375 3032 2444 μὲν
3067 2374 3174 2446 γὰρ
3219 2373 3397 2437 ἄλλοις
3429 2374 3600 2427 ἅπασι
3628 2375 3698 2428 τὶι

2108 2462 2415 2534 ἔμπροσθεν
2445 2464 2595 2519 κῶλα
2620 2465 2713 2519 τοῦ
2748 2465 2999 2537 σώματος
3028 2466 3183 2529 πόδες
3212 2468 3336 2521 είσὶ.
3360 2467 3493 2521 διότι
3520 2467 3581 2520 τὸ
3607 2485 3699 2520 κε-

2108 2557 2279 2623 κυφὸς
2307 2556 2475 2609 ἐδεῖτο
2502 2557 2719 2621 πάντως
2760 2556 2853 2610 τοῦ
2886 2557 3258 2629 ὑπερείδοντος
3294 2574 3308 2588 ·
3360 2559 3455 2611 ἐπὶ
3494 2558 3552 2611 δὲ
3594 2558 3698 2627 τῆς

2104 2647 2199 2700 τοῦ
2234 2648 2525 2720 ἀνθρώπου
2554 2651 2899 2720 κατασκευῆς
2927 2654 3108 2720 χεῖρες
3136 2650 3204 2702 τὰ
3238 2648 3387 2703 κῶλα
3421 2649 3693 2717 ἐγένοντο.

2106 2739 2211 2793 Τοῦ
2257 2742 2365 2811 γὰρ
2417 2742 2600 2813 ὀρθίου
2652 2743 2931 2813 σχήματος
2979 2743 3259 2814 αὐτάρκης
3298 2739 3366 2814 ἦν
3413 2744 3552 2813 πρὸς
3596 2744 3696 2814 τὴν

2105 2833 2294 2903 χρείαν
2346 2834 2446 2905 μία
2496 2834 2689 2904 βάσις,
2732 2834 2939 2898 διπλοῖς
2981 2836 3139 2888 ποσὶν
3185 2836 3242 2887 ὲν
3275 2834 3545 2905 ἀσφαλείᾳ
3595 2835 3697 2906 τὴν

2107 2924 2298 2977 στάσιν
2332 2924 2630 2995 ἐρείδουσα.
2673 2924 2884 2985 ’Ἄλλως
2912 2923 2968 2976 δὲ
2998 2924 3089 2977 καὶ
3114 2927 3179 2995 τῇ
3211 2923 3303 2977 τοῦ
3339 2923 3497 2992 λόγου
3534 2926 3697 2996 χρεία

2107 3019 2364 3088 συνεργός
2395 3018 2595 3088 ἐστινὴ
2625 3017 2732 3070 τῶν
2760 3017 2958 3088 χειρῶν
2983 3018 3273 3088 ὑπουργία.
3312 3016 3419 3069 Καί
3454 3034 3536 3080 τις
3562 3017 3697 3071 ίδιον

2104 3111 2204 3181 τῆς
2236 3110 2462 3180 λογικῆς
2497 3110 2713 3179 φύσεως
2760 3110 2858 3181 τὴν
2897 3111 3003 3164 τῶν
3045 3110 3245 3182 χειρῶν
3279 3110 3584 3182 ὑπηρεσίαν
3617 3111 3697 3164 εί-

2102 3201 2241 3264 πὼν,
2280 3203 2340 3254 οὑ
2378 3202 2472 3254 τοῦ
2516 3202 2718 3265 παντός
2763 3203 3164 3274 ἁμαρτήσεται,
3195 3203 3255 3255 οὑ
3287 3202 3446 3273 μόνον
3474 3203 3612 3273 πρὸς
3636 3203 3697 3256 τὸ

2104 3293 2282 3346 κοινὸν
2309 3293 2467 3347 τοῦτο
2491 3296 2584 3348 καὶ
2611 3294 2897 3364 πρόχειρον
2924 3294 3242 3365 ἀποτρέχων
3264 3297 3327 3365 τῇ
3359 3294 3588 3363 διανοίᾳ,
3613 3296 3696 3348 ὅτι

2103 3385 2394 3457 γράμμασι
2422 3385 2514 3438 τὸν
2553 3385 2708 3455 λόγον
2736 3386 2824 3440 διὰ
2851 3387 2948 3457 τῆς
2988 3386 3097 3439 τῶν
3125 3386 3323 3458 χειρῶν
3349 3387 3579 3457 εὐφυΐας
3606 3389 3696 3440 ὲν·-

2105 3474 2487 3546 σημαινόμεθα
2515 3474 2649 3545 (ἔστι
2682 3476 2781 3546 μὲν
2809 3475 2916 3546 γάρ
2942 3476 3061 3530 οὑδὲ
3086 3476 3247 3530 τοῦτο
3278 3476 3504 3548 λογικῆς
3529 3479 3694 3552 χάρι-

2102 3586 2192 3631 τος
2220 3567 2468 3640 ἄμοιρον,
2510 3570 2570 3623 τὸ
2622 3570 2956 3640 φθέγγεσθαι
3002 3572 3089 3626 διά
3124 3574 3471 3644 γραμμάτων
3518 3576 3692 3645 ἡμᾶς,

2103 3659 2197 3712 καὶ
2244 3660 2443 3730 τρόπον
2488 3660 2609 3714 τινὰ
2641 3660 2730 3715 διὰ
2776 3662 2958 3733 χειρὸς
3002 3661 3384 3737 διαλέγεσθαι,
3438 3668 3551 3729 τοῖς
3582 3666 3697 3720 τῶν

2104 3753 2382 3824 στοιχείων
2410 3755 2755 3826 χαρακτῆρσι
2784 3754 2882 3818 τὰς
2916 3755 3099 3825 φωνὰς
3118 3755 3500 3830 διασῴζοντας)
3524 3774 3537 3787 ·
3578 3759 3695 3813 ἀλλ’

2101 3844 2212 3912 ἐγὼ
2239 3845 2375 3916 πρὸς
2400 3847 2586 3917 ἓτερον
2619 3846 2852 3915 βλέπων,
2888 3851 3169 3919 συνεργεῖν
3199 3866 3341 3920 φημι
3373 3848 3469 3913 τὰς
3503 3852 3697 3918 χεῖρας

2100 3940 2167 4009 τῇ
2202 3939 2508 4010 ὲκφωνήσει
2539 3938 2632 3992 τοῦ
2660 3939 2817 4008 λόγου
2839 3959 2851 3970 ο
2896 3940 3097 4011 μᾶλλον
3155 3941 3210 3994 δὲ
3248 3942 3378 4014 πρὶν
3412 3942 3539 4012 περὶ
3566 3943 3696 3996 ratio

2100 4046 2209 4083 των
2237 4028 2562 4094 διεξετάσαι,
2595 4031 2685 4084 τὸν
2717 4032 3022 4103 παρεθέντα
3053 4033 3210 4101 λόγον
3245 4036 3692 4104 κατανοήσωμεν.

2101 4119 2315 4192 Μικροῦ
2345 4121 2455 4192 γάρ
2485 4121 2631 4191 ἡμᾶς
2664 4121 2724 4175 τὸ
2751 4122 2891 4175 κατά
2925 4124 3027 4196 τὴν
3062 4125 3216 4190 τάξιν
3233 4124 3354 4202 ,τῶν
3386 4127 3696 4194 γεγονότων

2100 4211 2344 4266 διέλαθεν
2370 4230 2383 4244 ·
2430 4215 2575 4278 τίνος
2603 4215 2764 4286 χάριν
2795 4219 3125 4289 προηγεῖται
3156 4218 3253 4289 μὲν
3284 4222 3316 4290 ἡ
3353 4220 3557 4294 βλάστη
3583 4222 3697 4276 τῶν

2102 4304 2167 4357 ἐκ
2206 4305 2303 4376 τῆς
2344 4305 2447 4374 γῆς
2497 4309 2779 4375 φυομένων
2801 4348 2814 4371 ,
2866 4310 3168 4378 ἐπιγίνεται
3197 4310 3253 4364 δὲ
3286 4312 3353 4365 τά
3384 4312 3553 4383 άλογα
3583 4314 3697 4370 τῶν

2103 4393 2258 4460 ζώων
2279 4439 2292 4461 ,
2335 4399 2429 4451 καὶ
2459 4398 2602 4451 οὕτω
2636 4399 2774 4469 μετά
2801 4399 2899 4472 τὴν
2936 4402 3281 4474 κατασκευὴν
3311 4403 3515 4457 τούτων
3541 4407 3568 4457 ό
3594 4408 3696 4460 ἄν-

408 4470 681 4535 dicantur,
709 4469 907 4527 deinde
932 4482 1049 4527 orta
1091 4487 1216 4529 esse
1249 4476 1510 4532 animalia
1542 4480 1775 4537 rationis
1801 4498 1997 4554 exper-

408 4564 478 4588 οἱ..
502 4580 515 4588 .
537 4562 763 4588 ΙΛΑΑι---Λ
796 4562 1008 4588 .I-..---..
1043 4566 1202 4588 ι-..ι2-
1254 4569 1439 4588 ._._..2~
1465 4570 1487 4588 ι.
1509 4572 1517 4582 -
1591 4572 1603 4588 ι
1723 4576 1733 4586 ι
1955 4578 1966 4588 .

2106 4487 2340 4560 θρωπος.
2391 4491 2546 4562 Τάχα
2588 4492 2695 4564 γὰρ
2741 4492 2802 4545 οὑ
2854 4469 3014 4562 μόνον
3056 4494 3117 4547 τὸ
3164 4469 3362 4549 ἐκτοῦ
3398 4499 3693 4569 προχείρου

406 4564 481 4618 tia
502 4580 516 4617 :
537 4562 765 4631 locoque
793 4562 1010 4618 demum
1043 4566 1228 4632 tertio,
1247 4569 1448 4625 creatis
1465 4570 1573 4633 his,
1590 4572 1866 4630 hominem
1888 4578 1997 4647 pri-

406 4666 558 4705 mum
580 4652 881 4708 exstitisse.
904 4653 1162 4711 Fortasse
1189 4656 1257 4712 de
1282 4659 1386 4714 hoc
1416 4677 1523 4715 non
1553 4663 1606 4717 id
1633 4665 1810 4720 solum
1843 4668 1998 4725 intel-

407 4741 505 4811 ligi
548 4742 752 4811 potest,
795 4743 939 4813 quod
988 4747 1166 4804 cuivis
1193 4750 1447 4818 colligere
1482 4754 1625 4820 licet,
1662 4758 1838 4813 visum
1875 4775 2000 4815 esse

408 4830 657 4885 Creatori
703 4832 856 4897 utile,
904 4842 964 4889 ut
994 4836 1064 4891 ad
1102 4839 1422 4895 animalium
1458 4852 1673 4913 pastum
1710 4847 1908 4905 herbas
1937 4865 2001 4905 ac

408 4922 660 4993 gramina
689 4925 967 4991 conderet,
992 4928 1247 4983 animalia
1288 4946 1415 4988 vero
1437 4935 1501 4988 ad
1526 4938 1764 4995 hominis
1788 4957 1948 4996 usum
1983 4961 1997 4996 :

410 5012 621 5069 idcirco
661 5022 787 5069 ante
814 5017 1132 5073 animalium
1166 5036 1377 5092 greges,
1419 5028 1733 5083 eorumdem
1771 5032 2001 5087 alimen-

408 5115 526 5161 tum
554 5125 567 5160 :
595 5117 651 5163 et
677 5124 800 5179 quae
831 5108 1069 5166 hominis
1100 5115 1220 5170 vita:
1244 5120 1517 5173 servitura
1549 5132 1724 5189 erant,
1755 5135 1881 5182 ante
1903 5127 2001 5182 Ιιο-

411 5199 613 5254 minem
636 5202 930 5258 exstitisse.
960 5205 1072 5275 Ego
1097 5206 1178 5263 sic
1196 5219 1398 5277 statuo,
1425 5210 1610 5270 Mosen
1648 5218 1702 5272 in
1730 5217 1817 5274 his
1842 5221 2000 5289 quid-

411 5292 537 5345 dam
566 5292 866 5352 tradidisse
894 5297 1127 5354 arduum
1155 5320 1168 5355 :
1212 5312 1264 5358 et
1294 5305 1474 5362 verbis
1510 5312 1728 5365 arcanis
1758 5311 1993 5380 philoso-

414 5382 621 5450 phiam,
643 5402 765 5456 quae
793 5396 878 5445 est
902 5390 970 5445 de
989 5391 1193 5458 animo,
1223 5404 1588 5464 pertractasse
1609 5419 1622 5455 :
1644 5402 1997 5459 int‘ormatam

414 5473 564 5529 illam
590 5478 806 5547 quidem
832 5481 995 5536 etiam
1022 5484 1090 5538 ab
1114 5483 1201 5551 iis,
1225 5487 1321 5558 qui
1351 5489 1405 5543 in
1431 5491 1603 5548 electo
1626 5492 1719 5550 Dei
1752 5496 1806 5549 in
1838 5499 2001 5553 terris

413 5574 563 5621 cmtu
589 5573 968 5639 comprehensi
1002 5593 1112 5632 non
1147 5578 1389 5645 luerunt,
1420 5585 1731 5654 magistris:
1763 5590 1856 5643 sed
1884 5606 2003 5659 pro-

412 5655 562 5712 fecto
593 5658 848 5718 obscure.
894 5664 971 5723 De
1013 5668 1099 5724 his
1135 5671 1281 5725 enim
1316 5673 1498 5731 verbis
1549 5677 1857 5749 intelligere
1885 5655 1998 5747 est,

410 5747 637 5804 vivendi
665 5750 772 5804 vim
802 5756 1077 5826 animique
1107 5760 1418 5819 facultatem
1453 5768 1717 5838 triplicem
1737 5747 1998 5827 vstatuen-

407 5839 538 5896 dam
567 5855 714 5909 esse;
743 5844 934 5901 harum
960 5848 1189 5918 primam
1214 5870 1337 5911 esse
1359 5856 1528 5929 illam,
1549 5877 1652 5933 qua
1674 5878 1763 5921 res
1793 5872 2002 5923 tantum

2102 4582 2390 4652 νοούμενον
2413 4582 2499 4637 διά
2529 4584 2717 4637 τούτου
2752 4584 3115 4655 μανθάνομεν,
3140 4587 3221 4639 ὅτι
3251 4588 3359 4640 τῶν
3382 4587 3538 4651 ζώων
3572 4591 3694 4644 ἕνε-

2103 4692 2197 4729 κεν
2226 4677 2258 4746 ἡ
2307 4676 2415 4729 πόα
2451 4678 2721 4748 χρήσιμος
2764 4677 2932 4749 ἐφάνη
2976 4678 3053 4748 τῷ
3083 4681 3351 4746 κτίσαντι,
3386 4680 3476 4735 διὰ
3513 4681 3568 4736 δὲ
3602 4684 3697 4737 τὸν

2102 4767 2386 4838 ἄνθρωπον
2412 4769 2479 4820 τά
2505 4767 2670 4838 βοτά*
2710 4761 2770 4821 οὗ
2804 4769 2963 4841 χάριν
2997 4770 3103 4842 πρὸ
3134 4772 3232 4841 μὲν
3264 4772 3370 4825 τῶν
3406 4772 3696 4844 βοσκημά-

2092 4867 2231 4924 των,
2273 4860 2498 4913 ἐκείνων
2552 4862 2747 4931 τροφὴ,
2787 4863 2890 4933 πρὸ
2920 4862 2975 4914 δὲ
3016 4862 3109 4916 τοῦ
3139 4863 3427 4936 ἀνθρώπου
3468 4865 3528 4918 τὸ
3590 4867 3697 4919 ὑπ-

2101 4951 2317 5019 ηρετεῖν
2350 4949 2543 5020 μέλλον
2570 4952 2635 5021 τῇ
2671 4950 2984 5023 ἀνθρωπίνῃ
3026 4952 3161 5024 ζωῇ.
3213 4954 3350 5007 Ἀλλ’
3394 4956 3518 5024 ὲμοί
3547 4956 3699 5010 δοκεῖ

2112 5043 2293 5113 δόγμα
2332 5061 2384 5096 τι
2416 5043 2526 5097 τῶν
2560 5046 2961 5117 κεκρυμμένων
2994 5046 3338 5117 παραδηλοῢν
3369 5048 3457 5102 διά
3485 5049 3697 5104 τούτων

2100 5134 2129 5187 ὁ
2164 5136 2425 5206 Μωῦσῆς,
2456 5137 2553 5192 καὶ
2574 5138 2673 5208 τὴν
2702 5139 2829 5209 περὶ
2854 5126 3040 5208 ψυχῆς
3062 5138 3379 5210 φιλοσοφίαν
3406 5139 3473 5194 δι’
3512 5142 3695 5214 ἀπορ-

2104 5227 2283 5298 ρήτων
2312 5228 2685 5300 παραδιδόναι,
2717 5230 2784 5300 ῆν
2812 5231 3122 5302 ἐφαντάσθη
3158 5232 3257 5302 μὲν
3289 5234 3382 5285 καὶ
3416 5235 3449 5303 ἡ
3489 5233 3695 5299 ἔξωθεν

2101 5317 2412 5384 παίδευσις,
2461 5320 2522 5372 οὑ
2573 5320 2679 5390 μὴν
2728 5320 3013 5391 τηλαυγῶς
3063 5324 3380 5396 κατενόησε.
3438 5324 3694 5380 Διδάσκει

2101 5409 2210 5482 γὰρ
2241 5411 2386 5482 ἡμᾶς
2417 5412 2505 5466 διὰ
2530 5412 2736 5467 τούτων
2762 5416 2790 5467 ό
2816 5414 2992 5484 λόγος,
3024 5417 3081 5469 ὲν
3111 5417 3257 5487 τρισὶ
3283 5417 3568 5489 διαφοραῖς
3591 5420 3695 5491 τὴν

2102 5502 2335 5575 ζωτικὴν
2357 5506 2448 5559 καὶ
2472 5506 2707 5577 ψυχικὴν
2730 5506 2957 5579 δύναμιν
2984 5508 3327 5579 θεωρεῖσθιι.
3371 5511 3434 5563 Ἦ
3460 5510 3559 5581 μὲν
3583 5512 3693 5580 γάρ

2102 5596 2186 5660 τίς
2214 5596 2361 5649 ἐστιν
2395 5598 2661 5669 αὑξητική
2688 5615 2747 5651 τε
2770 5600 2930 5671 μόνον
2957 5600 3052 5654 καί⁷
3082 5600 3372 5673 Θρεπτικὴ,
3400 5600 3461 5654 τὸ
3485 5605 3694 5657 κατάλ·

2101 5686 2260 5759 ληλον
2282 5692 2362 5754 εἰς
2391 5690 2706 5762 προσθήκην
2732 5691 2841 5746 τῶν
2870 5693 3221 5764 τρεφομένων
3251 5695 3623 5765 προσάγουσα,
3658 5697 3693 5766 ἦ

2104 5782 2308 5854 φυσικὴ
2341 5782 2579 5854 λέγεται,
2613 5786 2709 5838 καὶ
2746 5788 2874 5857 περὶ
2902 5786 2972 5841 τά
3014 5791 3156 5858 φυτὰ
3183 5790 3487 5862 θεωρεῖται.
3532 5792 3695 5847 Ἔστι

2115 5873 2224 5947 γὰρ
2251 5875 2342 5928 καὶ
2381 5877 2439 5929 ὲν
2469 5880 2579 5942 τοῖς
2605 5879 2893 5950 φυομένοις
2923 5880 3158 5954 ζωτικὴν
3188 5900 3308 5938 τινα
3345 5883 3572 5955 δύναμιν
3604 5886 3681 5940 a3-
