3880 6420
207 450 280 510 HS
1552 465 1639 523 DE
1687 467 1969 524 HOMINIS
2020 464 2330 524 OPIFICIO.

3334 440 3540 525 'tte

213 587 437 663 ιθὴσεως
464 592 739 668 ἄμοιρον
772 598 1133 671 κατανοῆσαι.
1156 600 1382 671 Ἕτερον
1410 600 1468 654 δὲ
1500 599 1652 671 παρὰ
1682 598 1840 654 τοῦτο

1948 600 2161 655 alantur
2184 607 2238 656 et
2260 607 2604 668 accrescant,
2629 600 2995 657 attrahentem
3019 600 3411 658 nutrimentum
3439 615 3539 656 na-

218 682 337 756 ζωῆς
371 682 531 753 εἶδός
580 692 778 757 ἐστιν,
821 693 851 746 ὃ
883 692 975 745 καὶ
1005 692 1165 745 τοῦτο
1199 692 1332 764 ἔχει,
1367 693 1461 747 καὶ
1501 692 1563 746 τὸ
1597 696 1717 747 κατ’
1750 692 1836 747 ατ-

226 777 399 850 σθησιν
446 783 847 855 οἰκονομῆσαι
882 784 1267 856 προσείληφεν,
1314 785 1451 856 ὅπερ
1492 787 1550 840 ὲν
1584 788 1649 857 τῇ
1681 786 1842 855 φύσει

229 869 319 923 τῶν
348 870 581 941 ἀλόγων
622 874 804 929 ἐστίν.
837 876 911 929 υύ
938 876 1049 947 γὰρ
1083 875 1243 945 μόνον
1266 875 1525 947 τρέφεται
1559 877 1651 929 καὶ
1679 876 1842 943 alige-

235 978 332 1026 ται,
365 962 510 1016 ἀλλὰ
547 964 656 1018 καὶ
684 966 788 1036 τὴν
818 965 1140 1037 αἰσθητικὴν
1168 966 1451 1038 ὲνέργειάν
1482 984 1542 1021 τε
1576 967 1670 1020 καὶ
1698 967 1843 1021 ἀντί-

242 1055 391 1126 ληψιν
439 1055 586 1127 ἔχει.
645 1059 715 1113 'n
744 1059 802 1112 δὲ
832 1059 1013 1112 τελεία
1053 1062 1110 1113 ὲν
1148 1057 1362 1130 σώματι
1395 1058 1508 1130 ζωὴ
1544 1060 1602 1113 ὲν
1645 1062 1711 1131 τῇ
1746 1059 1838 1112 λο-

243 1151 389 1219 γικῇ,
421 1151 491 1221 τῇ
525 1148 855 1221 ἀνθρωπίνῃ
888 1150 1050 1220 λέγω,
1085 1149 1390 1222 καθορᾶται
1424 1150 1603 1219 φύσει,
1642 1166 1840 1221 τρεφο-

245 1239 382 1309 μένη
420 1258 484 1293 τε
529 1241 628 1296 καὶ
663 1242 1054 1314 αἰσθανομένη,
1084 1243 1178 1296 καὶ
1202 1242 1361 1312 λόγου
1397 1242 1719 1314 μετέχουσα,
1746 1242 1840 1294 καὶ

240 1332 317 1401 νῷ
339 1332 718 1405 διοικουμένη.
755 1335 792 1386 Γ
800 1335 970 1388 ένοιτο
1000 1335 1044 1389 δ’
1071 1334 1136 1388 ἂν
1169 1336 1301 1405 ἡμῖν
1330 1334 1550 1404 τοιαύτη
1578 1351 1661 1398 τις
1687 1335 1721 1404 ἡ
1744 1331 1838 1387 τοῦ

237 1423 405 1494 λόγου
441 1425 731 1496 διαίρεσις·
782 1426 901 1479 Τῶν
932 1426 1099 1480 ὄντων
1128 1426 1189 1480 τὸ
1222 1426 1320 1497 μέν
1346 1443 1397 1479 τι
1433 1425 1644 1495 νοητὸν,
1678 1424 1739 1477 τὸ
1781 1423 1839 1477 δὲ

239 1518 566 1588 σωματικὸν
612 1519 829 1581 πάντως
878 1518 1044 1572 ἐστίν.
1120 1518 1280 1571 Ἀλλά
1329 1517 1421 1571 τοῦ
1486 1518 1584 1588 μὲν
1642 1514 1836 1589 νοητοῦ

235 1609 534 1680 παρείσθω
559 1609 653 1664 νῦν
696 1612 729 1681 η
766 1611 903 1682 πρὸς
933 1609 1001 1664 τὰ
1030 1611 1207 1663 οἰκεῖα
1235 1611 1375 1680 τομή
1406 1624 1419 1638 ⁸
1467 1608 1528 1662 οὐ
1562 1607 1672 1680 γὰρ
1712 1605 1838 1661 τού-

231 1717 353 1754 των
388 1704 418 1755 ὁ
447 1702 629 1771 λόγος.

1945 699 2081 748 tura:
2109 708 2300 749 earum
2325 708 2509 749 rerum
2541 708 2661 763 quae
2684 694 2928 760 aluntur,
2977 694 3231 749 idoneum
3271 712 3284 747 :
3330 710 3397 750 ex
3426 710 3539 765 quo

1942 784 2050 840 illae
2078 800 2295 856 semper
2324 784 2534 856 aliquid
2579 787 2903 843 incrementi
2940 795 3182 843 sumant.
3219 786 3540 857 Appellatur

1941 877 2058 933 haec
2107 879 2401 943 naturalis,
2452 888 2618 948 atque
2662 879 2717 934 in
2760 879 2963 949 plantis
3007 879 3357 950 perspicitur.
3399 876 3538 932 Nam

1942 969 2381 1025 animadvertere
2436 977 2521 1026 est
2563 970 2727 1025 etiam
2791 971 2847 1025 in
2899 972 3167 1042 stirpibus
3227 970 3539 1031 facultatem

1940 1058 2235 1130 quamdam
2270 1059 2488 1114 vivendi
2536 1061 2740 1125 inesse,
2779 1075 2977 1117 sensus
3010 1070 3191 1117 tamen
3224 1061 3406 1116 omnis
3439 1076 3540 1115 ex—

1941 1159 2174 1220 pertem.
2210 1150 2413 1205 Praeter
2436 1152 2577 1207 hanc
2603 1154 2775 1208 altera
2798 1154 2923 1209 vitae
2945 1155 3158 1224 species
3178 1163 3408 1224 estquae
3430 1152 3511 1223 pri
3526 1182 3540 1193 ο

1943 1258 2087 1297 mam
2119 1245 2257 1299 hanc
2286 1245 2665 1314 complexa,vi
2689 1246 2851 1300 etiam
2883 1247 3156 1302 sentiendi
3180 1254 3266 1303 est
3287 1245 3536 1315 praedita.

1942 1331 2039 1386 Est
2068 1340 2250 1387 autem
2284 1334 2401 1388 haec
2430 1334 2752 1390 animalium
2784 1335 3017 1392 rationis
3053 1337 3385 1407 expertium,
3418 1350 3542 1405 qua:

1946 1437 2055 1478 non
2086 1424 2251 1479 modo
2282 1424 2574 1481 alunturet
2595 1434 2951 1483 accrescunt:
2985 1429 3080 1483 sed
3110 1429 3277 1483 etiam
3309 1426 3540 1481 faculta-

1946 1521 2055 1570 tem
2080 1517 2372 1585 quamdam
2400 1517 2732 1575 sentientem
2757 1519 2984 1577 habent.
3016 1517 3269 1574 Perl‘ecta
3302 1514 3542 1587 denique

1946 1606 2000 1661 in
2033 1623 2262 1678 corpore
2290 1609 2403 1664 vita
2428 1609 2484 1664 in
2516 1617 2718 1665 natura
2751 1612 2967 1667 ratione
3000 1618 3208 1678 utente,
3241 1624 3407 1680 quam
3440 1609 3542 1664 hu-

1945 1714 2162 1753 manam
2229 1699 2484 1766 dicimus,
2556 1702 2849 1772 quaerenda
2900 1709 3005 1758 est.
3051 1700 3124 1755 Ea
3196 1701 3458 1756 nimirum
3489 1706 3544 1755 et

230 1798 520 1861 nutritur,
558 1803 612 1852 et
653 1796 841 1860 sentit,
881 1802 936 1852 et
960 1794 1173 1851 ratione
1207 1803 1401 1852 ornata
1431 1802 1548 1861 est,
1594 1802 1649 1851 et
1675 1809 1707 1848 a
1750 1799 1932 1849 mente
1961 1794 2188 1863 regitur.
2222 1792 2400 1864 Atque
2419 1793 2520 1850 hoc
2536 1795 2658 1850 loco
2674 1795 2849 1867 placet
2865 1796 2923 1850 in
2942 1794 3280 1867 explicandis
3295 1795 3545 1849 oratione

232 1889 416 1943 rebus
443 1887 1206 1958 hisce,hujusmodiquadam
1236 1888 1526 1960 partitione
1552 1886 1948 1943 utizUniversze
1987 1902 2075 1941 res
2106 1886 2331 1942 omnino
2381 1895 2478 1942 aut
2518 1894 2646 1944 sunt
2691 1888 2850 1953 tales,
2884 1898 2942 1944 ut
2973 1895 3157 1944 mente
3194 1894 3359 1957 atque
3381 1885 3535 1941 intel-

227 1980 477 2050 ligentia
509 1978 1064 2048 comprehendantur,
1100 1990 1193 2033 aut
1229 1988 1359 2034 sunt
1401 1994 1698 2051 corporeae.
1732 1978 1838 2033 Eas
1862 1993 1984 2049 qum
2011 1985 2192 2033 mente
2220 1977 2617 2048 percipiuntur,
2649 1993 2780 2034 suas
2811 1978 2867 2034 in
2900 1978 3113 2051 species
3145 1977 3303 2049 quasi
3325 1975 3542 2049 partiri,

225 2074 349 2126 hoc
380 2070 604 2142 quidem
632 2072 689 2126 in
724 2071 846 2127 loco
868 2087 976 2127 non
1001 2079 1085 2127 est
1111 2072 1347 2137 animus,
1372 2072 1592 2143 quando
1621 2072 1702 2125 hac
1730 2071 1796 2126 ad
1819 2070 2116 2126 institutam
2146 2070 2449 2126 orationem
2478 2070 2615 2126 nihil
2647 2071 2900 2128 attinent.
2927 2112 2937 2119 .

309 2208 431 2263 Τοῦ
456 2210 513 2263 δὲ
545 2207 856 2281 σωματικοῦ
890 2210 952 2263 τὸ
994 2212 1090 2281 μὲν
1130 2211 1357 2282 ἄμοιρον
1391 2208 1619 2263 καθόλου
1663 2209 1840 2279 ζωῆς,

2019 2206 2222 2263 Rerum
2262 2222 2425 2278 porro
2464 2222 2857 2278 corporearum
2888 2207 3009 2263 aliae
3046 2206 3149 2260 vita
3181 2219 3408 2277 prorsus
3440 2203 3539 2257 de-

228 2302 300 2356 τδ
331 2302 413 2354 δὲ
430 2301 646 2372 μετέχει
693 2294 928 2370 ζωτικῆς
957 2301 1253 2373 ἐνεργείας.
1291 2300 1459 2354 Πάλιν
1485 2298 1579 2353 τοῦ
1609 2297 1841 2363 ζωτικοῦ

234 2395 510 2465 σώματος
547 2395 606 2447 τὸ
639 2393 735 2465 μὲν
768 2394 1014 2465 αἰσθήσει
1061 2393 1233 2465 συζῇ,
1282 2393 1343 2446 τὸ
1387 2392 1444 2446 δὲ
1486 2393 1707 2463 ἀμοιρεῖ
1743 2390 1843 2461 τῆς

232 2483 582 2552 αἰσθήσεως.
622 2479 754 2535 Εἶτα
800 2483 859 2535 τὸ
904 2481 1219 2552 αἰσθητικὸν
1265 2482 1520 2553 τέμνεται
1564 2481 1723 2535 πάλιν
1763 2483 1844 2543 είς

232 2573 473 2638 λογικόν
507 2591 564 2626 τε
600 2574 695 2626 καλ⁵
738 2573 950 2641 ἄλογον.
1001 2573 1099 2626 Διὰ
1134 2574 1294 2627 τοῦτο
1339 2573 1549 2645 πρῶτον
1585 2573 1719 2641 μετὰ
1746 2571 1843 2643 τὴν

235 2665 463 2735 ἄψυχον
504 2664 635 2736 ὓλην
662 2660 772 2718 οἷον
814 2665 1128 2735 ὑποϐάθραν
1165 2664 1289 2718 τινὰ
1318 2666 1416 2736 τῆς
1450 2664 1556 2718 τῶν
1588 2664 1844 2735 ἐμψύχων

243 2758 404 2821 ἰδέας
416 2757 517 2828 τὴν
529 2757 762 2827 φυσικὴν
782 2757 985 2828 ταύτην
1012 2757 1157 2829 ζωὴν
1180 2756 1439 2827 συστῆναι
1467 2757 1613 2825 λέγει
1640 2759 1666 2810 ὁ
1687 2772 1844 2825 νομο-

239 2848 440 2917 θέτης,
479 2850 537 2901 ὲν
569 2851 635 2920 τῇ
668 2849 777 2902 τῶν
808 2850 991 2918 φυτῶν
1034 2848 1235 2920 βλάστῃ
1260 2850 1680 2919 προῦποστάσαν
1700 2865 1713 2877 ·
1744 2843 1843 2900 εἷθ’

241 2941 432 3003 οὕτως
475 2940 667 3008 ἐπάγει
711 2939 818 2993 τῶν
863 2940 982 2994 κατ’
1031 2939 1283 3011 αἴσθησιν
1321 2939 1708 3011 διοικουμένων
1746 2939 1844 3010 την

242 3032 379 3098 γένε
389 3047 492 3082 σιν.
1044 3084 1047 3085 ,

324 3121 438 3174 Kal
494 3120 680 3191 ἐπειδὴ
725 3119 865 3175 κατὰ
914 3119 1007 3192 τὴν
1056 3120 1226 3193 αὐτὴν
1254 3120 1572 3176 ἀκολουθίαν
1606 3120 1716 3173 τῶν
1760 3119 1846 3174 διὰ

246 3211 462 3283 σαρκὸς
526 3212 621 3283 τὴν
674 3198 840 3283 ζωὴν
887 3212 1178 3284 εἰληχότων
1240 3213 1308 3266 τά
1379 3212 1478 3282 μὲν
1529 3212 1843 3284 αἰσθητικά,

244 3306 346 3357 καὶ
380 3304 507 3375 δίχα
552 3304 652 3373 τῆς
693 3305 886 3375 νοερᾶς
933 3303 1147 3373 φύσεως
1195 3304 1279 3373 ἐφ’
1311 3305 1520 3357 ἑαυτῶν
1560 3304 1700 3358 εἶναι
1752 3304 1845 3357 δύ-

244 3414 434 3457 ναται,
466 3397 528 3449 τὺ
555 3396 613 3448 δὲ
647 3396 864 3465 λογικὸν
903 3396 1003 3449 οὐκ
1046 3395 1111 3449 ἂν
1141 3395 1341 3466 ἑτέρως
1386 3394 1591 3463 γένοιτο
1633 3397 1689 3447 ὲν
1739 3392 1846 3448 σώ-

250 3506 409 3558 ματι,
428 3490 475 3540 εί
505 3488 577 3558 μὴ
609 3487 684 3558 τῷ
710 3488 953 3559 αἰσθητῷ
975 3486 1329 3559 συγκραθείψ
1360 3487 1447 3540 διὰ
1472 3470 1629 3540 τοῦτο
1658 3487 1841 3541 τελευ-

243 3583 403 3642 ταῖος
442 3579 580 3648 μετὰ
610 3579 697 3631 τὰ.
728 3580 1080 3649 βλαστήματα
1122 3579 1215 3649 καὶ
1238 3577 1307 3630 τά
1348 3578 1478 3647 βοτὰ
1509 3578 1841 3632 κατεσκευά-

247 3670 355 3738 σθη
389 3672 417 3722 ὁ
444 3669 749 3741 ἄνθρωπος,
780 3668 885 3739 ὁδῷ
912 3685 1018 3721 τινι
1049 3668 1185 3740 πρὸς
1212 3669 1273 3721 τὸ
1301 3668 1504 3721 τέλειον
1529 3667 1839 3732 ἀκολούθως

1946 2298 2271 2365 stituuntur,
2301 2299 2420 2353 alia;
2436 2298 2651 2354 vivendi
2674 2298 2930 2353 facultate
2955 2297 3196 2368 praedita:
3218 2302 3369 2352 sunt.
3401 2292 3541 2347 Rur-

1946 2407 2067 2446 sum
2100 2406 2301 2462 corpus
2330 2391 2441 2447 vita
2474 2390 2784 2462 prmditum,
2824 2401 2919 2445 aut
2954 2404 3177 2446 sensum
3221 2386 3403 2449 habet,
3446 2391 3540 2438 aut

1946 2496 2011 2536 eo
2039 2490 2208 2538 caret.
2244 2481 2459 2554 Corpus
2489 2491 2670 2565 autem
2704 2483 2949 2540 sentiens
2978 2481 3064 2535 vel
3102 2478 3330 2534 rationis
3364 2476 3416 2530 vi
3450 2491 3539 2530 ur-

1947 2580 2133 2628 ηαῑιιῐη
2158 2615 2173 2639 ν
2229 2576 2315 2630 vel
2365 2575 2487 2647 ejus
2528 2591 2726 2646 expers
2759 2591 2880 2632 esse
2910 2588 3138 2630 necesse
3177 2581 3280 2627 est.
3332 2568 3540 2624 Idcirco

1949 2663 2126 2721 Moses
2157 2658 2429 2721 inanimes
2462 2681 2549 2723 res
2577 2667 2832 2737 primum,
2866 2680 2989 2736 quae
3019 2665 3387 2718 animatorum
3418 2668 3540 2713 tan-

1947 2772 2109 2827 quam
2136 2757 2290 2825 gimus
2319 2757 2540 2829 quidam
2574 2757 2778 2829 gradus
2817 2766 3025 2819 essent,
3064 2754 3262 2809 deinde
3301 2750 3540 2806 naturali

1947 2849 2056 2903 vita
2082 2849 2359 2918 praeditas,
2387 2855 2537 2903 ortas
2568 2863 2691 2905 esse
2720 2848 2907 2912 tradit,
2934 2862 3055 2917 qua:
3095 2844 3352 2899 nimirum
3386 2843 3542 2914 plan-

1947 2952 2124 2997 tarum
2165 2941 2409 3013 germina
2435 2948 2593 2995 erant
2619 2959 2631 2995 :
2664 2946 2789 3011 post
2820 2939 2966 3005 haec,
2990 2952 3179 2992 eorum
3210 2950 3329 3006 quae
3373 2949 3540 2991 sensu

1949 3032 2243 3102 agitantur,
2270 3032 2535 3101 originem
2562 3037 2977 3085 commemorat.

2021 3124 2155 3178 Cum
2184 3129 2366 3177 autem
2392 3129 2828 3177 consentaneum
2873 3120 2965 3185 sit,
3013 3132 3200 3174 rerum
3247 3129 3541 3187 corporea~

1948 3231 2072 3271 rum
2121 3215 2231 3270 vita
2272 3214 2650 3284 praeditarum,
2698 3227 2793 3268 eas
2839 3211 3060 3282 quidem
3104 3224 3226 3281 quae
3270 3206 3541 3263 sentiendi

1948 3309 2060 3364 vim
2088 3307 2315 3372 habent,
2342 3308 2507 3362 etiam
2541 3305 2681 3360 citra
2713 3312 2969 3360 naturam
3016 3301 3405 3371 intelligentem
3436 3299 3544 3355 exi-

1951 3410 2095 3455 stere
2126 3414 2285 3470 posse
2310 3439 2324 3461 ,
2358 3399 2468 3453 vim
2502 3412 2631 3453 vero
2661 3394 3152 3451 ratiocinantemin
3171 3406 3399 3462 corpore
3434 3406 3539 3445 non

1951 3503 2093 3552 esse,
2130 3488 2234 3545 nisi
2277 3487 2523 3544 facultati
2558 3485 2814 3542 sentienti
2860 3481 3267 3556 quodammodo
3310 3481 3541 3535 commi-

1944 3588 2166 3636 sceatur
2187 3597 2201 3634 :
2232 3579 2439 3634 idcirco
2459 3586 2583 3649 post
2608 3580 2823 3649 plantas
2849 3585 2901 3632 et
2924 3588 3124 3648 pecora
3140 3574 3306 3628 homo
3322 3573 3542 3627 demum

1950 3673 2209 3729 conditus
2238 3680 2340 3735 est,
2384 3680 2577 3725 natura
2611 3670 2803 3725 ordine
2846 3667 2914 3722 ad
2946 3676 3185 3722 creatum
3224 3665 3383 3737 plane
3414 3677 3542 3735 per-

248 3760 551 3832 προϊούσης
593 3760 690 3830 τῆς
739 3759 971 3828 φύσεως.
1023 3758 1121 3811 Διὰ
1170 3760 1352 3829 πάσης
1388 3757 1497 3828 γὰρ
1541 3757 1684 3820 ἰδέας
1728 3756 1838 3809 τῶν

1948 3764 2149 3820 fectum
2183 3761 2583 3833 progrediente.
2619 3759 2752 3813 Nam
2790 3758 2991 3812 animal
3020 3757 3123 3811 hoc
3154 3755 3388 3810 rationis
3420 3768 3543 3824 par—

244 3852 442 3924 ιξμυχῶν
470 3852 867 3923 κατακιρνᾶται
895 3852 957 3904 τὸ
984 3851 1201 3919 λογικὸν
1242 3850 1399 3904 τοῦτο
1423 3847 1601 3913 ζῶονό
1632 3848 1860 3933 ἄνθρω-⁸

250 3960 376 4008 πος.
425 3944 697 4015 Τρέφεται
728 3944 826 4015 μὲν
858 3944 964 4012 γάρ
998 3944 1139 3996 κατά
1177 3942 1238 3996 τὸ
1278 3941 1506 4009 φυσικὸν
1535 3943 1632 4012 τῆς
1659 3940 1838 4011 ψυχῆς

246 4036 424 4101 εἶδος·
478 4039 546 4106 τῇ
589 4036 646 4090 δὲ
693 4034 959 4106 αύξητικῇ
1009 4036 1234 4105 δυνάμει
1265 4037 1297 4105 ἡ
1332 4034 1622 4104 αἰσθητικὴ
1671 4049 1839 4105 προσ-

247 4128 427 4197 εψύη,
466 4126 646 4197 μέσως
690 4126 890 4197 ἔχουσα
939 4125 1080 4179 κατὰ
1121 4127 1219 4196 τὴν
1272 4125 1409 4179 ἰδίαν
1443 4124 1606 4195 φύσιν
1638 4125 1737 4194 τῆς
1777 4140 1837 4175 τε

246 4220 447 4289 νοερᾶς
476 4219 572 4271 καὶ
595 4219 693 4287 τῆς
720 4218 1093 4289 ὑλωδεστέρας
1115 4217 1304 4280 οὐσίας
1332 4232 1348 4247 ο
1392 4216 1631 4287 τοσούτῳ
1659 4232 1837 4285 παχυ-

250 4312 561 4384 μερεστέρα
604 4310 827 4381 ταύτης,
874 4311 983 4380 ὅσῳ
1021 4309 1381 4381 καθαρωτέρα
1423 4309 1656 4379 ἐκείνης.
1704 4302 1839 4361 Εἷτά

244 4421 333 4467 τις
360 4404 574 4471 γίνεται
611 4402 747 4477 πρὸς
773 4402 833 4455 τὸ
860 4402 1055 4455 λεπτὸν
1088 4404 1180 4455 καὶ
1211 4399 1500 4471 φωτοειδὲς
1525 4402 1624 4470 τῆς
1649 4399 1839 4468 αἰσθη-

245 4502 410 4571 τικῆς
444 4497 658 4568 φύσεως
697 4499 731 4569 ἡ
771 4496 872 4567 τῆς
897 4497 1088 4566 νοερᾶς
1132 4476 1623 4558 ούσίαςόίκείωσίς
1655 4510 1715 4547 τε
1746 4494 1840 4548 καί

245 4594 593 4662 ἀνάκρασις,
634 4591 708 4655 ὡς
759 4593 819 4645 ἐν
857 4591 1002 4660 τρισὶ
1048 4589 1259 4651 τούτοις
1289 4588 1379 4641 τὸν
1422 4587 1709 4659 ἄνθρωπον
1742 4588 1839 4657 τὴν

247 4686 515 4739 σύστασιν
543 4683 688 4752 ἔχειν
721 4697 734 4710 ·
784 4679 966 4744 καθὼς
995 4682 1088 4733 καὶ
1116 4679 1266 4752 παρὰ
1290 4679 1381 4732 τοῦ
1422 4679 1746 4733 ’Δποστολου
1781 4668 1841 4732 τδ

243 4774 495 4829 τοιοῦτον
530 4772 827 4844 ἐμάθομεν,
858 4773 915 4824 ὲν
947 4765 1027 4835 οἷς
1059 4771 1197 4841 πρὸς
1224 4771 1352 4833 τοὺς
1392 4769 1678 4838 Ἐφεσίους
1712 4769 1836 4839 ἔφη,

246 4866 689 4936 προσευχόμενος
719 4864 903 4927 αὐτοῖς
933 4864 1032 4935 τὴν
1069 4862 1288 4933 ὁλοτελῆ
1322 4862 1481 4933 χάριν
1519 4861 1612 4915 τοῦ
1655 4860 1840 4931 σώμα-

243 4977 359 5023 τος,
402 4959 496 5011 καὶ
524 4957 626 5025 τῆς
664 4956 864 5027 ψυχῆς,
894 4955 988 5008 καὶ
1026 4955 1120 5008 τοῦ
1166 4954 1477 5024 πνεύματος
1510 4956 1567 5005 ὲν
1596 4955 1661 5023 τῇ
1696 4970 1837 5022 παρα

240 5051 410 5120 ουσία
441 5049 538 5102 τοῦ
574 5048 796 5119 -Κυρίου
842 5045 1201 5116 φυλαχθῆναι,
1239 5045 1362 5100 ἀντὶ
1406 5043 1500 5100 τοῦ
1542 5044 1836 5116 θρεπτικοῦ

1947 3858 2141 3925 ticeps,
2173 3867 2335 3924 quem
2364 3850 2639 3905 hominem
2666 3849 2924 3911 dicimus,
2955 3862 3020 3901 ex
3046 3845 3192 3899 omni
3224 3854 3308 3899 est
3343 3844 3541 3898 anima:

1948 3946 2123 4001 forma
2155 3943 2313 4015 quasi
2362 3947 2745 4010 temperatum.
2773 3936 3009 3993 Perinde
3036 3936 3180 3991 enim
3219 3943 3383 4005 atque
3412 3933 3542 3987 stir-

1947 4037 2094 4107 pium
2136 4034 2349 4097 anima,
2378 4046 2543 4102 quam
2591 4029 2896 4084 naturalem
2939 4026 3211 4091 diximus,
3258 4024 3542 4078 nutritur:

1947 4128 2143 4184 deinde
2172 4124 2414 4181 facultati
2447 4122 2777 4178 accretionis
2807 4121 2971 4177 etiam
3008 4119 3249 4175 sentiens
3280 4116 3538 4178 adhwret,

1948 4224 2106 4295 cujus
2138 4230 2223 4279 est
2251 4232 2446 4277 natura
2474 4219 2633 4290 quasi
2663 4218 2840 4273 media
2860 4215 3107 4287 quaadam
3134 4215 3274 4269 inter
3301 4215 3542 4268 animam

1946 4318 2094 4371 illam
2140 4317 2372 4387 primam
2414 4312 2690 4367 rudiorem
2741 4316 2795 4365 et
2842 4309 3057 4363 tertiam
3101 4306 3537 4376 intelligentem:

1948 4415 2100 4463 tanto
2127 4404 2386 4459 nimirum
2413 4399 2759 4469 intelligente
2788 4395 3049 4458 crassior,
3079 4404 3289 4464 quanto
3321 4392 3411 4446 illa
3440 4406 3541 4462 puo

1947 4499 2080 4553 rior.
2110 4495 2351 4565 Denique
2378 4508 2502 4548 cum
2528 4490 2713 4547 subtili
2742 4497 2794 4544 et
2819 4487 3000 4542 lucida
3026 4493 3219 4541 natura
3248 4483 3537 4545 sentiente,

1947 4591 2111 4643 etiam
2138 4586 2449 4657 intelligens
2472 4581 2762 4652 aptissimo
2797 4583 3229 4648 temperamento
3251 4573 3541 4645 conjungi-

1950 4687 2060 4741 tur,
2104 4686 2161 4730 ιιι
2202 4677 2313 4745 jam
2360 4676 2534 4730 tribus
2580 4673 2735 4728 hisce
2772 4670 2937 4725 rebus
2984 4669 3222 4724 hominis
3262 4668 3538 4738 opiﬁcium

1947 4777 2181 4826 Constet.
2215 4767 2366 4823 Licet
2396 4768 2498 4821 hoc
2528 4764 2595 4820 de
2623 4762 2873 4836 Apostoli
2931 4761 3133 4825 verbis,
3169 4774 3292 4832 quae
3324 4760 3379 4813 in
3409 4759 3536 4842 epi-

1948 4864 2087 4918 stola
2119 4862 2185 4916 ad
2209 4860 2471 4931 Ephesios
2499 4865 2735 4921 exstant,
2755 4854 3079 4926 intelligere.
3112 4850 3453 4923 Optatenim,
3481 4858 3540 4905 ιιι

1950 4956 2160 5025 integra
2193 4952 2444 5023 corporis
2474 4957 2527 5006 et
2560 4949 2776 5013 animae,
2803 4954 2856 5001 et
2884 4946 3116 5016 spiritus
3145 4945 3321 5015 gratia
3365 4943 3417 4997 in
3445 4942 3541 4995 ad-

1950 5056 2168 5099 ventum
2202 5042 2421 5097 Damini
2452 5047 2831 5104 conservetur,
2864 5038 3065 5107 quibus
3094 5036 3149 5090 in
3192 5035 3375 5091 verbis
3411 5047 3538 5087 coro

245 5144 452 5215 μέρους
494 5142 555 5194 τὸ
598 5140 757 5211 σῶμα
796 5138 992 5207 λέγων,
1035 5139 1094 5192 τὸ
1126 5138 1183 5192 δὲ
1228 5137 1544 5209 αἰσθητικὸν
1587 5140 1652 5209 τῇ
1693 5138 1838 5209 ψυχῇ

1948 5137 2098 5209 poris
2128 5134 2417 5206 appellatio
2448 5142 2658 5205 partem
2685 5133 2738 5186 in
2777 5129 2997 5185 homine
3027 5130 3383 5188 nutrientem,
3416 5124 3537 5177 ani-

239 5232 646 5305 διασημαίνων,
682 5232 744 5284 τὸ
784 5230 970 5301 νοερὸν
1006 5230 1061 5282 δὲ
1102 5228 1181 5300 τῷ
1213 5227 1507 5297 πνεύματι.
1565 5228 1838 5293 Ὡσαύτως

240 5327 339 5379 καὶ
363 5326 456 5380 τὸν
481 5323 815 5396 γραμματέα
833 5322 920 5377 διὰ
939 5322 1032 5376 τοῦ
1057 5321 1386 5391 Εύαγγελίου
1410 5321 1652 5375 παιδεύει
1676 5324 1704 5375 ὁ
1732 5322 1843 5376 Κύ-

245 5436 400 5491 ριος,
445 5418 628 5486 πάσης
662 5414 887 5484 ἐντολῆς
927 5413 1241 5486 προτιθέναι
1282 5412 1380 5484 τὴν
1412 5414 1491 5476 εἰς
1531 5412 1663 5466 Θεὸν
1707 5415 1842 5483 ἁγά-

244 5527 375 5579 πην,
414 5507 513 5579 τὴν
546 5505 606 5572 ἐξ
632 5507 761 5575 ὅλῆς
795 5504 1019 5575 καρδίας
1050 5504 1142 5558 καὶ
1165 5504 1345 5575 ψυχῆς
1374 5504 1466 5557 καὶ
1493 5503 1729 5568 διανοίας
1756 5506 1842 5557 ὲν·-

240 5601 607 5672 εργουμένην.
660 5600 774 5653 Καὶ
827 5596 935 5668 γὰρ
972 5596 1207 5651 ἐνταῦθα.
1243 5598 1340 5667 τὴν
1375 5597 1544 5667 αὐτὴν
1576 5596 1723 5650 δοκεῖ
1753 5616 1842 5668 μοι

241 5692 511 5764 διαφορὰν
572 5689 900 5763 ἑρμηνεύειν
955 5690 982 5742 ὁ
1036 5687 1227 5757 λόγος,
1286 5688 1385 5756 τὴν
1436 5687 1534 5756 μὲν
1601 5704 1841 5757 σωματι-

246 5786 494 5858 κωτέραν
533 5784 870 5838 κατάστασιν
909 5780 1135 5851 καρδίαν
1174 5780 1343 5833 εἰπὼν
1367 5821 1379 5842 ,
1431 5778 1606 5849 ψυχὴν
1651 5779 1705 5831 δὲ
1746 5779 1841 5850 τὴν

250 5876 459 5947 μέσην,
516 5874 762 5929 διάνοιαν
813 5871 871 5924 δὲ
929 5871 1025 5941 τὴν
1078 5868 1417 5941 ὑψηλοτέραν
1486 5868 1684 5938 φύσιν,
1746 5869 1844 5941 τὴν

1948 5245 2036 5284 ma
2072 5228 2427 5289 sentientem.
2460 5226 2654 5294 Spiritu
2697 5223 3091 5293 intelligentem
3134 5229 3303 5273 notat.
3335 5215 3538 5270 Eodem

1951 5321 2112 5375 modo
2142 5318 2378 5374 scribam
2411 5317 2563 5372 illum
2611 5314 2875 5370 Dominus
2923 5312 2977 5366 in
3020 5309 3311 5380 Evangelio
3355 5307 3535 5369 docet,

1949 5427 2189 5469 amorem
2219 5411 2272 5465 in
2306 5408 2474 5464 Deum
2498 5424 2562 5462 ex
2597 5417 2708 5461 toto
2739 5404 2905 5469 corde
2936 5412 2990 5458 et
3036 5402 3216 5456 anima
3262 5406 3315 5452 et
3358 5405 3540 5452 mente

1952 5505 2281 5576 prolectum,
2327 5501 2542 5555 caeteris
2591 5499 2684 5553 Dei
2724 5497 2883 5553 scitis
2920 5496 3080 5563 longe
3118 5488 3537 5545 anteferendum

1951 5609 2094 5650 esse.
2127 5590 2259 5645 Nam
2292 5599 2347 5646 et
2371 5589 2487 5645 haec
2517 5589 2693 5643 oratio
2717 5586 2848 5642 mihi
2875 5584 3171 5640 discrimen
3202 5582 3342 5636 idem
3370 5596 3538 5651 expu-

1952 5700 2082 5741 nere
2114 5684 2350 5744 videtur,
2381 5690 2441 5736 ut
2483 5680 2668 5736 cordis
2708 5676 3069 5749 appellatione
3110 5677 3353 5731 crassius
3405 5674 3537 5728 illud

1952 5778 2195 5848 corporis
2226 5777 2279 5830 in
2316 5774 2535 5829 homine
2563 5779 3049 5841 temperamentum
3077 5769 3261 5823 veniat
3288 5788 3298 5821 :
3345 5769 3541 5822 anima:

1955 5886 2105 5936 vero,
2142 5866 2377 5937 medium
2413 5881 2424 5916 :
2462 5864 2658 5918 mentis
2687 5863 2921 5932 denique
2949 5876 3053 5917 vox
3096 5859 3539 5917 cxcellcntiorem
