3880 6354
446 462 553 523 147

1689 460 1748 519 S.
1775 462 2107 521 GREGORII
2144 458 2439 519 NYSSENI

3618 454 3727 518 “8

444 585 597 642 illam
617 583 929 641 facultatem
950 582 1239 655 signiﬁcet,
1262 597 1370 655 qua
1393 583 1577 639 omnia
1597 592 1652 640 et
1672 585 2033 656 intelligimus

2169 584 2324 657 οεράν
2355 601 2415 638 τε
2453 582 2547 636 καί⁵
2580 577 2882 651 ςποιητικὴν
2914 576 3163 649 δύναμιν.
3217 576 3381 632 Ὅθεν
3427 575 3522 632 καὶ
3567 579 3726 650 τρεῖς

446 688 500 736 et
526 676 808 733 edicimus.
830 676 1039 731 Idcirco
1065 684 1118 732 et
1141 676 1457 747 Apostolus,
1483 676 1680 745 triplex
1701 691 1826 732 esse
1850 676 2033 731 homi-

449 783 580 824 num
608 768 665 822 in
685 767 935 839 eligendo
955 767 1199 823 studium
1229 767 1416 823 tradit.
1445 769 1521 822 Ac
1547 768 1784 837 primum
1813 767 2032 838 quidem

444 860 633 916 carnis
659 859 905 914 studium
930 867 1113 925 vocat,
1146 858 1296 929 quod
1319 858 1496 915 ventri
1524 858 1733 914 scilicet
1764 858 2031 926 deditum,

445 951 506 1007 in
533 951 842 1022 qumrendis
871 952 940 1006 iis
969 967 1092 1022 qua:
1120 952 1250 1008 huic
1296 951 1491 1007 aderre
1530 951 1863 1021 voluptatem
1906 965 2035 1021 pos-

447 1042 591 1107 sint,
638 1052 961 1113 occupatur.
1016 1043 1185 1098 Alteri
1224 1043 1295 1098 ab
1341 1043 1525 1097 anima
1563 1056 1763 1097 nomen
1800 1038 2053 1105 indidit,’

449 1131 595 1202 quod
626 1132 787 1188 modo
828 1133 1064 1204 quodam
1104 1134 1262 1205 quasi
1318 1135 1557 1190 medium
1601 1137 1744 1191 inter
1780 1134 2035 1189 virtutem

448 1231 504 1279 et
525 1224 712 1280 vitium
737 1226 975 1290 exsistit,
998 1226 1132 1281 vitio
1158 1227 1376 1298 quidem
1399 1229 1674 1298 superius,
1697 1226 1884 1282 virtuti
1907 1239 2039 1281 vero

450 1328 558 1369 non
585 1316 799 1387 sincere
831 1331 896 1371 ac
933 1332 1159 1387 prorsus
1199 1316 1495 1372 addictum.
1529 1316 1774 1373 Tertium
1809 1315 2039 1386 spiritus

449 1415 574 1474 est,
618 1408 765 1479 quod
814 1408 881 1463 ad
928 1408 1222 1480 perfectam
1261 1409 1481 1465 vivendi
1527 1411 1795 1465 rationem
1837 1422 2039 1464 secun-

451 1495 587 1553 dum
632 1496 728 1553 Dei
779 1499 1156 1569 praescriptum
1210 1513 1332 1554 sese
1369 1498 1577 1569 dirigit.
1614 1498 1799 1568 itaque
1830 1497 1897 1551 ad
1931 1496 2040 1551 Co-

454 1588 695 1645 rinthios
740 1590 1021 1656 scribens,
1070 1591 1289 1661 illisque
1319 1592 1681 1662 voluptariam
1721 1590 1923 1656 vitam,
1952 1590 2039 1643 cui

458 1689 645 1739 essent
704 1681 1029 1753 impotenter
1079 1683 1285 1751 dediti,
1333 1682 1679 1754 exprobrans
1741 1699 1754 1736 :
1810 1694 2043 1736 carneos

459 1772 538 1827 ait
567 1788 691 1830 esse
724 1774 792 1840 ",
824 1791 1000 1846 neque
1039 1775 1304 1833 doctrinae
1337 1774 1679 1845 perfectioris
1721 1774 2042 1845 praeceptio-

459 1879 562 1920 nes
604 1880 820 1937 capere.
849 1867 971 1923 Alio
1002 1868 1131 1923 item
1173 1867 1293 1923 loco
1326 1864 1548 1933 mediae,
1581 1880 1746 1937 quam
1783 1864 2041 1930 diximus,

2132 672 2398 745 διαφορὰς
2445 669 2817 741 προαιρέσεως
2860 669 2889 721 ὀ
2951 666 3275 730 Ἀπόστολος
3307 661 3438 730 οἶδε,
3482 666 3584 735 τὴν
3620 669 3726 737 μὲν

2135 763 2402 835 σαρκικὴν
2426 760 2833 831 κατονομάζων,
2865 758 2900 829 ἢ
2942 756 3072 828 περὶ
3094 756 3336 828 γαστέρα
3356 755 3450 808 καὶ
3474 755 3573 819 τὰς
3592 755 3727 825 περὶ

2133 856 2339 928 ταύτην
2369 852 2702 925 ἡδυπαθείας
2752 849 3049 922 ἠσχόληται
3079 864 3091 877 ·
3144 848 3242 917 τὴν
3280 848 3337 901 δὲ
3392 847 3652 918 ψυχικὴν,
3685 845 3725 917 ἦ

2138 947 2319 1020 μέσως
2370 946 2505 1016 πρὸς
2575 943 2775 1013 ἀρετὴν
2824 942 2921 996 καὶ
2985 940 3186 994 κακίαν
3247 939 3359 1009 ἔχει
3387 978 3403 1004 ,
3464 937 3562 1007 τῆς
3621 936 3727 999 μὲν

2136 1036 2603 1111 ὑπερανεστῶσα,
2672 1035 2773 1105 τῆς
2828 1032 2886 1086 δὲ
2936 1030 3191 1102 καθαρῶς
3244 1030 3306 1083 οὐ
3374 1027 3682 1099 μετέχουσα
3708 1042 3722 1055 ·

2134 1131 2234 1202 τὴν
2266 1130 2323 1183 δὲ
2353 1125 2749 1200 πνευματικὴν,
2779 1126 2813 1194 ἢ
2831 1123 2892 1177 τὸ
2922 1123 3129 1176 τέλειον
3163 1121 3419 1193 ὲνθεωρεί
3445 1117 3547 1189 τῆς
3576 1117 3727 1171 κατὰ

2136 1224 2269 1277 Θεὸν
2306 1221 2597 1285 πολιτείας.
2631 1219 2721 1273 Διό
2751 1234 2884 1289 φησι
2933 1216 3071 1287 πρὸς
3109 1211 3459 1284 Κορινθίους,
3489 1210 3550 1263 τὸ
3583 1210 3731 1263 ἀπο-

2137 1315 2426 1370 λαυστικὸν
2458 1311 2637 1367 αὐτῶν
2673 1312 2769 1364 καὶ
2802 1307 3048 1380 ἐμπαθὲς
3079 1304 3377 1370 ὀνειδίζων,
3410 1302 3493 1355 ὅτι
3528 1300 3732 1371 Σάρκιτ

2137 1408 2219 1461 νοί
2248 1410 2392 1469 ὲστε,
2425 1406 2521 1459 καὶ
2554 1402 2665 1456 τῶν
2695 1398 3045 1470 τελειοτέρων
3084 1396 3371 1466 δογμάτων
3406 1392 3688 1463 ἀχὼρητοι
3709 1407 3727 1422 ·
3788 1444 3791 1445 ,

2139 1496 2366 1568 ἑτέρωθι
2390 1495 2447 1549 δὲ
2485 1492 2772 1564 σύγκρισίν
2796 1506 2918 1544 τινα
2944 1489 3039 1542 τοῦ
3072 1488 3238 1559 μέσου
3267 1485 3404 1556 πρὸς
3427 1484 3491 1537 τδ
3514 1482 3728 1536 τέλειον

2143 1589 2489 1658 ποιούμενος,
2518 1586 2701 1655 λέγει·
2724 1602 2743 1635 ι
2762 1581 3004 1653 Ψυχικδς
3035 1579 3093 1633 δὲ
3120 1577 3403 1649 ἄνθρωπος
3421 1574 3480 1627 οὐ
3509 1573 3733 1643 δέχεται

2140 1681 2213 1735 τὰ
2248 1678 2343 1734 τοῦ
2373 1676 2681 1748 πνεύματος
2698 1692 2711 1705 ·
2735 1674 2916 1745 μωρία
2942 1673 3052 1743 γὰρ
3064 1668 3211 1739 αὐτῷ
3237 1670 3384 1721 ἐστιν
3402 1680 3415 1694 ·
3438 1666 3468 1717 ὁ
3486 1664 3543 1717 δὲ
3564 1678 3733 1717 mu.

2147 1771 2375 1844 ματικὸς
2403 1768 2685 1840 ἀνακρίνει
2730 1767 2826 1837 μὲν
2868 1764 3070 1826 πάντα,
3108 1760 3269 1822 αὐτὸς
3302 1758 3359 1811 δὲ
3391 1757 3482 1810 ὑπ’
3513 1753 3736 1844 οὐδενος

2144 1843 2514 1932 ἀνακρίνεται.
2555 1877 2573 1909 ι
2628 1857 2718 1919 Ὦς
2774 1850 2867 1908 οῦν
2917 1850 3256 1920 ἀναὸέῦηκεν
3288 1849 3318 1902 ὀ
3360 1844 3593 1917 ψυχικὸς
3636 1843 3735 1896 τὸν

462 1934 740 2013 facultatis
769 1956 837 2012 ad
880 1958 1174 2028 perfectam
1224 1934 1687 2028 comparationem
1721 1955 2038 2019 instituens,

2169 1952 2427 2025 rapxrx’w,
2450 1949 2590 2005 κατὰ
2609 1949 2708 2018 τὴν
2724 1946 2890 2017 αὐτὴν
2906 1942 3196 2012 ἀναλογίαν
3216 1941 3307 1994 καὶ
3322 1941 3350 1993 ὁ
3364 1954 3498 1992 πνευ
3507 1934 3736 2028 ματικδς

462 2048 641 2119 inquit
687 2067 700 2103 :
744 2068 762 2100 ι
816 2048 992 2106 Homo
1025 2058 1205 2106 autem
1234 2049 1404 2104 animi
1433 2050 1517 2106 sui
1546 2048 1763 2105 deditus
1792 2046 2042 2103 affectio-

462 2138 661 2206 nibus,
703 2154 768 2195 ea
814 2155 935 2210 qua:
977 2141 1204 2212 spiritus
1239 2149 1370 2195 sunt
1399 2155 1505 2195 nou
1536 2140 1702 2209 capit,
1740 2149 1868 2194 sunt
1895 2138 2042 2193 enim

462 2230 512 2284 ei
561 2245 710 2284 mera
752 2232 981 2287 stultitia
1021 2232 1085 2287 ⁸⁸.
1131 2251 1150 2284 ι
1202 2231 1473 2288 Caeterum
1513 2218 1825 2301 'spiritualis
1861 2231 2046 2285 omnia

470 2316 752 2388 diiudicat,
781 2336 907 2375 cum
935 2322 1051 2391 ipse
1081 2337 1111 2375 a
1139 2323 1357 2378 nemine
1386 2323 1719 2392 dijudicetur
1741 2321 1811 2377 δ’.
1845 2321 2048 2387 Quem-

468 2410 760 2469 admodum
821 2414 987 2484 igitur
1037 2414 1291 2470 animalis
1329 2429 1569 2481 carneo,
1626 2414 1703 2469 ita
1733 2422 1789 2469 et
1826 2413 2051 2468 animali

469 2504 777 2578 spiritualis
818 2506 1168 2574 praestantior
1199 2514 1304 2563 est.
1343 2506 1483 2562 Cum
1518 2522 1648 2579 ergo
1677 2505 1898 2562 Litterae
1930 2514 2054 2575 post

470 2608 665 2649 omnes
707 2608 795 2649 res
843 2597 1023 2649 anima
1066 2595 1325 2667 praeditas
1362 2597 1641 2653 hominem
1672 2597 1892 2653 demum
1928 2612 2053 2653 csse

472 2682 675 2739 factum
712 2686 966 2754 tradunt;
1012 2690 1255 2743 sciamus
1306 2689 1364 2745 in
1410 2688 1514 2743 hoc
1544 2688 1728 2745 Mosen
1759 2689 1828 2745 de
1867 2690 2052 2744 animo

2146 2044 2337 2098 τούτου
2372 2042 2833 2112 ύπερανέστηκεν.
2865 2037 2927 2089 Et
2964 2030 3056 2088 οὖν
3093 2033 3400 2085 τελευταῖον
3437 2026 3578 2099 μετά
3624 2025 3737 2077 πᾶν

2150 2136 2392 2210 ἔμψυχον
2430 2137 2464 2206 ἠ
2496 2132 2688 2205 Γραφὴ
2734 2126 3062 2199 γεγενῆσθαι
3098 2124 3246 2193 λέγει
3292 2122 3383 2175 τὸν
3422 2118 3737 2189 ἄνθρωπον,

2151 2230 2304 2285 οὐδὲν
2332 2229 2517 2298 ἕτερον
2540 2224 2573 2295 ἢ
2609 2222 2887 2293 φιλοσοφεῖ
2904 2218 2971 2273 τὰ
2998 2217 3127 2289 περὶ
3147 2214 3325 2286 ψυχῆς
3350 2214 3481 2283 ἡμῖν
3518 2212 3548 2264 ὁ
3579 2224 3742 2298 νομο-

2157 2322 2339 2390 θέτης,
2363 2297 2449 2372 ὲπ⁹
2483 2314 2757 2385 ἀναγκαίᾳ
2778 2312 2885 2366 τινὶ
2908 2313 2975 2382 τῇ
3002 2308 3209 2373 τάξεως
3235 2301 3528 2373 ἀκολουθίᾳ
3554 2299 3618 2353 τδ
3651 2297 3745 2390 si:

2156 2386 2299 2466 λειον
2336 2411 2394 2463 ἐν
2426 2405 2759 2468 τελευταίοις
2796 2402 3030 2473 βλέπων.
3064 2399 3153 2452 Ἐν
3188 2396 3285 2468 μὲν
3313 2393 3423 2466 γὰρ
3438 2391 3518 2463 τῷ
3539 2386 3745 2460 λογικῷ

2160 2504 2253 2559 καὶ
2282 2502 2352 2556 τὰ
2379 2498 2541 2555 λοιπά
2581 2496 2965 2568 περιείληπται
2985 2509 3000 2523 '
3030 2493 3088 2545 ὲν
3130 2489 3187 2545 δὲ
3218 2489 3295 2559 τῷ
3318 2484 3623 2557 αἰσθητικῷ
3652 2482 3748 2538 καὶ

2157 2594 2219 2647 τὸ
2244 2590 2471 2663 φυσικὸν
2506 2585 2644 2653 εἶδος
2696 2586 2913 2647 πάντως
2970 2581 3137 2636 ἐστίν.
3182 2579 3388 2634 Ἐκεῖνο
3417 2576 3474 2631 δὲ
3509 2574 3640 2647 περὶ
3684 2571 3749 2625 τὸ

2161 2685 2343 2739 ὑλικὸν
2369 2683 2652 2754 θεωρεῖται
2694 2678 2875 2749 μόνον.

472 2774 767 2841 disserere,
826 2779 1140 2833 necessaria
1192 2778 1428 2849 quadam
1480 2779 1691 2835 ordinis
1741 2779 1979 2844 ratione,
2026 2777 2170 2850 quod
2201 2784 2319 2832 erat
2347 2774 2624 2835 onmibus,
2654 2779 2712 2824 ut
2741 2767 2963 2830 dicitur,
2997 2763 3241 2820 numeris
3267 2760 3589 2833 perfectum,
3626 2756 3752 2811 loco

474 2872 754 2934 postremo
802 2866 1264 2924 considerantem.
1312 2868 1450 2923 Nam
1499 2878 1731 2935 natura,
1785 2871 1872 2925 cui
1913 2849 2146 2926 rationis
2194 2882 2329 2924 usus
2352 2874 2436 2921 est
2474 2875 2795 2924 concessus,
2841 2856 3006 2912 etiam
3062 2862 3260 2910 caetera
3314 2849 3749 2920 complectitur:

477 2952 624 3009 sicut
653 2954 708 3010 in
736 2957 1006 3013 sentiente
1027 2958 1296 3014 naturalis
1326 2959 1492 3014 etiam
1533 2959 1713 3015 anima
1757 2960 1921 3027 inest,
1957 2974 2125 3032 quam
2159 2958 2357 3014 deinde
2394 2955 2567 3011 solam
2610 2952 2666 3007 in
2714 2950 2914 3016 rebus,
2968 2961 3107 3017 quas
3143 2958 3311 3014 supra
3361 2938 3752 3003 indicavimus,

476 3048 850 3105 crassioribus
895 3050 1308 3107 constituimus.

555 3140 769 3197 Idcirco
803 3149 1000 3196 natura
1046 3144 1438 3199 convenienter
1469 3143 1737 3214 quosdam
1774 3144 1932 3216 quasi
1963 3160 2061 3217 per

480 3232 712 3302 gradus,
745 3233 837 3303 qui
871 3245 1000 3289 sunt
1029 3234 1260 3291 diversa!
1296 3234 1404 3290 illa:
1432 3250 1463 3289 a
1493 3236 1653 3292 nobis
1676 3238 1943 3308 exposita:
1972 3238 2056 3292 vi-

2238 3136 2448 3194 Ούκοῦν
2490 3133 2747 3196 εἰκότως,
2788 3128 3033 3201 καθάπερ
3073 3126 3162 3181 διὰ
3210 3121 3436 3195 βαθμῶν
3475 3121 3510 3191 ἠ
3567 3117 3752 3188 φύσις,

2169 3234 2277 3288 τῶν
2323 3234 2421 3304 τῆς
2465 3230 2609 3301 ζωῆς
2655 3228 2798 3296 λέγω
2842 3222 3168 3296 ἰδιωμάτων,
3203 3219 3312 3274 ἀπὸ
3341 3215 3450 3298 τῶν
3494 3211 3755 3304 μικροτέῗ-

486 3324 644 3379 vendi
681 3324 945 3390 rationes,
978 3342 1009 3380 a
1041 3330 1208 3382 rebus
1234 3327 1542 3385 minoribus
1571 3329 1639 3384 ad
1666 3328 1721 3383 id
1756 3330 1906 3400 quod
1936 3344 2060 3400 per-

2170 3342 2278 3400 ρων
2330 3301 2423 3379 ἐπὶ
2466 3322 2528 3375 τὸ
2579 3319 2786 3373 τέλειον
2846 3317 3079 3369 ποιεῖται
3130 3311 3226 3383 τὴν
3270 3307 3474 3400 ἀνοδον.
3536 3301 3758 3400 Ἐπειδὴ

432 3418 442 3479 Ῑ
487 3414 688 3473 fectum
718 3425 886 3482 esset,
916 3433 1204 3489 progressa
1238 3428 1341 3475 est.
1385 3417 1561 3474 Homo
1589 3421 1757 3490 igitur
1794 3422 2068 3476 cum‘ani-

414 3518 427 3561 ρν
492 3509 600 3563 mal
639 3507 710 3563 sit
743 3508 1017 3564 sermonis
1056 3508 1317 3564 facultate
1356 3510 1665 3580 praeditum,
1696 3526 1923 3568 necesse
1947 3521 2068 3568 erat

404 3600 409 3625 ί
490 3599 748 3670 corporis
780 3600 1206 3656 instrumentum
1250 3600 1458 3670 parari,
1503 3600 1654 3672 quod
1688 3600 1756 3656 ad
1793 3601 2069 3657 sermonis

387 3724 396 3769 γ
491 3706 654 3747 uisum
684 3698 829 3757 esset
861 3690 1230 3761 aptissimum.
1264 3690 1502 3750 Perinde
1528 3699 1694 3764 atque
1717 3692 1964 3750 musicos
1988 3693 2072 3747 vi-

490 3783 685 3838 demus
717 3781 956 3838 diversis
995 3782 1051 3837 in
1094 3783 1481 3840 instrumentis
1526 3784 1779 3840 diversas
1822 3783 1960 3838 artis
1993 3781 2073 3838 ef-

492 3875 762 3931 fectiones
787 3876 1105 3943 ostendere,
1134 3891 1312 3947 neque
1346 3891 1415 3931 ex
1452 3875 1668 3932 barbito
1697 3874 1959 3930 tibiarum
1983 3888 2074 3931 so-

495 3981 627 4023 num
650 3966 834 4030 edere,
863 3981 1043 4036 neque
1067 3966 1216 4022 tibiis
1240 3968 1468 4021 cithara:
1491 3974 1712 4021 cantum
1738 3966 2068 4036 exprimere.

499 4056 701 4112 Eodem
734 4063 894 4125 pacto
918 4063 972 4110 et
1012 4057 1256 4112 sermoni
1289 4055 1711 4111 accommodata
1743 4052 2074 4109 fabricanda

496 4157 658 4203 erant
691 4147 1087 4212 insuatmenta,
1126 4154 1187 4202 ut
1227 4147 1320 4203 ille
1355 4147 1574 4203 scilicet
1612 4162 1642 4200 a
1672 4145 1930 4231 partibus
1960 4160 2078 4200 cor-

499 4243 652 4312 poris
694 4238 935 4294 orationi
965 4236 1266 4295 formandae
1289 4238 1583 4295 destinatis
1613 4252 1932 4309 expressus,
1964 4237 2077 4293 ele-

497 4340 720 4406 gantem
749 4347 944 4387 sonum
975 4330 1184 4388 ederet.
1219 4331 1334 4388 Hac
1359 4331 1528 4403 igitur
1567 4331 1635 4386 de
1661 4344 1833 4386 causa
1885 4344 2083 4386 manus

503 4424 722 4498 corpori
749 4422 947 4479 addita:
977 4429 1127 4480 sunt.
1149 4421 1478 4494 Quanquam
1498 4421 1647 4477 enim
1672 4420 1923 4476 infinitas
1942 4420 2081 4475 alias

502 4516 921 4573 commoditates
947 4523 1001 4571 et
1028 4531 1188 4581 usus,
1233 4528 1375 4586 quos
1422 4513 1480 4567 in
1525 4512 1636 4567 vita
1676 4512 1839 4568 nobis
1884 4526 2083 4568 manus

2166 3393 2345 3471 τοίνυν
2384 3411 2602 3483 λογικόν
2639 3428 2693 3464 τι
2736 3406 2874 3473 ζῶόν
2923 3408 3070 3459 ἐστιν
3125 3404 3154 3456 δ
3199 3399 3512 3471 ἄνθρωπος,
3548 3393 3758 3448 κατάλ-

2168 3508 2329 3579 ληλον
2376 3500 2511 3558 ἔδει¹
2537 3505 2605 3574 τῇ
2665 3499 2825 3572 χρείᾳ
2875 3494 2970 3550 τοῦ
3029 3494 3190 3563 λόγου
3243 3484 3759 3579 κατασκευασθῆναι

2170 3578 2231 3655 τδ
2271 3597 2364 3653 τοῦ
2418 3595 2669 3666 σώματος
2714 3591 2964 3663 ὄργανον.
3000 3585 3269 3652 Καθάπερ
3304 3583 3432 3643 τοὺς
3465 3578 3764 3651 μουσικοὺς

2172 3693 2318 3749 ἐστιν
2347 3688 2475 3742 ἰδεῖν
2508 3665 2648 3756 πρὸς
2682 3682 2742 3738 τὸ
2771 3680 2879 3734 τῶν
2911 3678 3157 3749 ὀργάνων
3196 3668 3334 3736 εἶδος
3364 3670 3460 3743 τὴν
3497 3665 3763 3739 μουσικὴν

2174 3779 2571 3841 ἐκπονοῦντας,
2626 3775 2718 3829 καὶ
2770 3770 2894 3825 οῦτε
2958 3768 3045 3823 διὰ
3107 3763 3379 3837 βαρϐίτων
3437 3757 3761 3822 αὐλοῦντας,

2135 3883 2146 3893 '
2175 3875 2297 3929 οὐτε
2332 3875 2395 3926 ἐν
2422 3869 2605 3931 αὐλοῖς
2634 3862 3008 3936 κιθαρίζοντας
3032 3878 3045 3891 ·
3078 3857 3221 3912 κατὰ
3251 3855 3343 3910 τὸν
3364 3853 3525 3907 αὐτὸν
3562 3852 3767 3921 τρόπον

2177 3966 2283 4019 ἔδει
2302 3962 2381 4034 τῷ
2400 3962 2543 4029 λόγῳ
2559 3955 2893 4027 κατάλληλον
2920 3947 3061 4006 είναι
3087 3949 3187 4019 τὴν
3213 3946 3321 4000 τῶν
3332 3944 3579 4017 ὀργάνων
3595 3959 3769 3996 κατα-

2180 4054 2401 4122 σκευὴν,
2432 4053 2507 4116 ὡς
2540 4050 2606 4103 ἂν
2646 4045 2939 4119 προσφυῶς
2970 4041 3189 4114 ὲνηχοίη
3220 4040 3356 4113 πρὸς
3393 4039 3491 4109 τὴν
3527 4034 3642 4089 τῶν
3673 4037 3771 4106 ῥη-

2183 4145 2370 4219 μάτων
2382 4142 2571 4214 χρείαν
2584 4139 2689 4194 ὑπδ
2708 4138 2814 4190 τῶν
2838 4132 3161 4206 φωνητικῶν
3187 4130 3390 4203 μορίων
3405 4125 3768 4219 τυπού

2182 4216 2280 4292 λὶιά
2306 4235 2465 4290 τοῦτο
2496 4230 2912 4309 συνηρτήθησαν
2938 4229 2992 4282 αἱ
3013 4228 3190 4299 χεῖρες
3224 4221 3300 4293 τῷ
3318 4221 3547 4292 σώματι.
3571 4217 3636 4271 Et

2182 4331 2276 4386 καὶ
2307 4326 2505 4400 μυρίας
2534 4308 2691 4378 ἐστιν
2721 4315 3213 4392 ἀπαριθμήσασθαι
3237 4312 3339 4377 τὰς
3361 4310 3503 4366 κατὰ
3532 4309 3626 4362 τὸν
3660 4308 3776 4379 βίον

2184 4422 2396 4495 χρείας,
2448 4419 2585 4489 πρὸς
2637 4416 2704 4480 ἀς
2730 4415 2797 4467 τά
2840 4412 3125 4484 εὐμήχανα
3160 4407 3333 4462 ταῦτα
3363 4405 3458 4458 καὶ
3483 4401 3774 4495 πολυαρκῆ

2326 4510 2525 4583 χειρῶν
2548 4508 2754 4580 ὄργανα
2775 4503 3059 4576 χρησίμως
3076 4500 3189 4571 ἔχει
3215 4498 3351 4569 πρὸς
3373 4496 3553 4549 πᾶσαν
3577 4494 3775 4583 τέχνην
3859 4502 3876 4521 ⁸

506 4609 899 4674 (instrumenta
946 4580 1297 4677 perprofccto
1336 4603 1606 4673 expedita,
1654 4592 1967 4672 multasque
2015 4616 2061 4656 at

2189 4605 2283 4659 καί⁹
2309 4580 2488 4656 πᾶσαν
2512 4599 2810 4670 ἐνέργειαν,
2838 4594 2929 4647 τὸν
2966 4594 3109 4644 κατὰ
3142 4585 3377 4657 πόλεμόν
3404 4601 3463 4635 τε
3487 4584 3591 4703 καὶ
3625 4580 3778 4703 εἰρή-

2353 4696 2365 4703 -
2468 4693 2492 4703 -
2695 4689 2708 4703 ι
2892 4685 3013 4703 ηυγ
3054 4683 3138 4703 αλ
3183 4680 3283 4703 --λ
3308 4676 3414 4703 ..;-.-.
3454 4674 3482 4703 ιι
3693 4689 3771 4703 ...κ

507 4714 596 4754 res
626 4696 945 4753 cliiciendas
979 4696 1199 4766 idonea)
1230 4695 1288 4751 in
1313 4694 1464 4752 omni
1510 4694 1648 4751 artis
1686 4701 1741 4749 et
1785 4694 1971 4764 operis
1991 4708 2085 4764 ge-

507 4805 640 4846 nere
669 4795 953 4860 prtestant,
998 4802 1292 4845 recensere
1323 4786 1583 4841 facillime
1616 4786 1813 4856 possit,
1857 4786 1952 4856 qui
1998 4800 2089 4841 re—

509 4885 616 4939 bus
645 4896 783 4952 pace
815 4882 1071 4953 belloque
1114 4879 1369 4952 gerendis
1408 4879 1744 4935 exercitatus
1786 4885 1871 4934 est
1902 4896 1916 4932 :
1948 4891 2089 4947 prae-

510 4978 673 5046 cipue
701 4984 884 5032 tamen
913 4974 1189 5031 sermonis
1233 4988 1336 5049 (eas
1385 4986 1556 5030 causa
1612 4971 1834 5072 corpori
1889 4978 2089 5025 natura

510 5065 797 5123 annexuit.
830 5063 969 5122 Nam
991 5065 1039 5121 si
1067 5065 1155 5120 his
1181 5062 1480 5119 carendum
1524 5058 1747 5118 homini
1765 5058 2089 5129 csset,haud

416 5170 425 5225 ι·
511 5158 679 5215 dubie
702 5158 1024 5213 animalium
1056 5156 1233 5213 instar
1258 5153 1699 5227 quadrupedum,
1719 5152 1803 5208 sic
1835 5151 2093 5207 humanae

414 5230 421 5315 ξ
513 5240 674 5304 faciei
713 5254 899 5318 partes
941 5245 1209 5302 formatas
1250 5260 1375 5301 esse
1420 5259 1652 5300 necesse
1697 5242 1860 5309 foret,
1917 5250 1975 5296 ut
2013 5254 2093 5296 ea:

406 5328 415 5396 ἱ
515 5341 582 5395 ad
626 5339 906 5396 hominem
966 5338 1323 5395 nutriendum
1398 5344 1585 5394 essent
1635 5333 2089 5392 accommodatae.

516 5431 776 5503 Adeoque
802 5432 1040 5489 formam
1062 5430 1232 5501 hujus
1262 5429 1556 5498 oblongam
1584 5441 1731 5492 esse,
1755 5431 2091 5479 attenuatam

517 5537 584 5582 ac
616 5537 885 5594 pressam,
928 5537 1036 5594 qua
1060 5537 1223 5578 nares
1254 5520 1377 5576 sitae
1416 5524 1576 5584 sunt;
1614 5517 1767 5573 labra
1801 5529 1930 5569 vero
1960 5514 2098 5570 emi-

524 5614 728 5676 nentia,
761 5614 1001 5669 obducta
1029 5614 1191 5679 callo,
1223 5612 1363 5670 dura
1401 5624 1702 5680 crassaque
1722 5622 1846 5663 esse
1876 5611 2099 5677 oporte-

521 5705 638 5773 hat,
671 5712 732 5759 ut
785 5706 1041 5760 nimirum
1092 5707 1160 5762 ad
1209 5702 1513 5777 carpendas
1543 5701 1742 5756 herbas
1784 5705 1912 5769 apte
1950 5711 2101 5753 com-

523 5805 716 5879 parata
782 5805 984 5853 essent.
1048 5796 1315 5855 Praeterea
1394 5795 1636 5866 linguam
1703 5791 1845 5846 inter
1911 5787 2103 5845 dentes

596 5916 643 5953 ⁵⁷
672 5915 843 5975 ICor.
879 5930 958 5981 tu,
986 5916 1035 5971 l.
1112 5915 1197 5971 “l
1225 5916 1351 5971 Cor.
1386 5929 1446 5981 ιι,
1484 5912 1568 5967 id.
1646 5912 1689 5945 ι’
1717 5907 1854 5966 Ibid.
1887 5904 1979 5961 οε.

2190 4715 2288 4769 νην
2317 4693 2534 4762 εὐαφῶς
2558 4689 2812 4761 μετιόντα
2831 4704 2845 4717 ·
2881 4685 3019 4741 ἀλλὰ
3050 4683 3146 4736 καὶ
3179 4680 3286 4751 πρὸ
3306 4676 3419 4769 τῶν
3661 4672 3775 4769 δια·

2191 4762 2466 4854 φερόντως
2497 4776 2592 4833 τοῦ
2620 4776 2780 4847 λόγου
2810 4774 2969 4847 χάριν
2998 4769 3334 4843 προσέθηκεν
3363 4766 3531 4828 αὐτὰς
3549 4766 3582 4834 ἡ
3614 4762 3776 4831 φύσις

2191 4874 2268 4944 τῷ
2296 4871 2530 4943 σώματι.
2563 4871 2626 4923 El
2678 4867 2786 4939 γὰρ
2822 4856 3046 4937 ἄμοιρος
3074 4861 3184 4916 τῶν
3216 4859 3413 4932 χειρῶν
3442 4854 3777 4944 ὀᾶνθρωπος

2190 4943 2281 5035 ἦν,
2312 4962 2530 5025 πάντως
2558 4958 2624 5014 ἂν
2650 4956 2801 5028 αὐτῷ
2825 4955 2948 5010 καθ’
2974 4952 3265 5024 ὁμοιότητα
3290 4948 3397 5002 τῶν
3424 4943 3777 5035 τετραπόδων

2195 5030 2547 5124 καταλλήλως
2600 5052 2667 5122 τῇ
2722 5049 2823 5120 τῆς
2875 5046 3083 5119 τροφῆς
3117 5041 3276 5114 χρείᾳ
3308 5035 3666 5093 διεσκεύαστο
3688 5030 3777 5124 τοῦ

2198 5121 2491 5216 προσώπου
2545 5140 2613 5194 τά
2674 5139 2860 5210 μόρια,
2890 5134 3030 5188 ὥστε
3064 5131 3325 5203 προμήκη
3351 5144 3409 5179 τε
3438 5124 3536 5194 τὴν
3563 5121 3779 5216 μορφὴν

2196 5215 2356 5300 εἶναι,
2399 5233 2490 5287 καὶ
2529 5231 2623 5285 ἐπὶ
2680 5229 2965 5302 μυκτῆρας
3003 5218 3488 5281 ἀπολεπτύνεσθαι,
3524 5215 3622 5267 καὶ
3655 5229 3781 5285 προ-

2198 5325 2491 5397 ϐεϐλῆσθαι
2536 5323 2606 5377 τὰ
2647 5321 2801 5394 χείλη
2831 5317 2925 5373 τοῦ
2956 5315 3222 5387 στόματος
3288 5306 3495 5376 τυλώδη
3534 5304 3631 5357 καὶ
3661 5319 3782 5356 στα-

2199 5421 2354 5493 θερὰ,
2381 5418 2477 5473 καὶ
2506 5415 2709 5488 παχέα,
2748 5413 2882 5486 πρὸς
2918 5410 3018 5482 τὴν
3055 5406 3334 5476 ἀναίρεσιν
3365 5402 3462 5493 τῆς
3491 5398 3637 5493 πόας
3669 5399 3785 5450 ἐπι-

2200 5489 2424 5585 τηδείως
2442 5512 2654 5583 ἔχοντα.
2676 5504 2960 5577 ἐγκεῖσθαι
2987 5502 3043 5555 δὲ
3066 5500 3180 5562 τοῖς
3204 5495 3383 5550 ὀδοῦσι
3414 5492 3515 5585 τὴν
3525 5489 3783 5585 γλῶσσαχ

2203 5606 2368 5677 ἄλλην
2429 5603 2550 5658 τινὰ
2595 5600 2875 5667 τοιαύτην,
2936 5593 3317 5662 πολύσαρκον,
3363 5584 3460 5638 καὶ
3512 5576 3782 5677 ἀντιτυπῆ

2206 5697 2300 5752 καὶ
2326 5668 2640 5768 ’τραχεῖαν,
2687 5691 2783 5744 καὶ
2822 5679 3413 5763 συγκατεργαζομένην
3460 5676 3575 5735 τοῖς
3607 5668 3787 5768 δδοῦσι

2209 5789 2270 5845 τὸ
2314 5760 2418 5845 ὐπδ
2454 5760 2546 5843 τὸν
2590 5784 2778 5841 ὀδόντα
2831 5760 3149 5851 γινόμενονο
3180 5773 3214 5846 ἢ
3244 5769 3418 5843 ὑγράν
3450 5783 3509 5820 τε
3547 5764 3645 5820 καὶ
3676 5760 3789 5816 δια·
