3880 6364
112 399 204 457 na
1315 402 1405 460 ne
1434 390 1721 462 HOMINIS
1752 402 2047 462 onmno
2100 470 2113 479 ,
3278 392 3380 451 rso

111 511 400 584 κεχυμένην
451 509 603 566 κατὰ
650 510 721 565 τὰ
753 511 976 583 πλάγια,
1028 515 1115 569 οἶα
1171 516 1205 586 ἡ
1254 516 1363 572 τῶν
1405 516 1584 573 κυνῶν
1631 536 1643 567 ι

1844 533 1906 575 on
1934 519 2083 573 illam
2110 516 2352 588 {quidem
2388 515 2576 581 talem,
2629 513 2777 586 quali
2816 526 2963 568 nunc
3000 512 3229 579 utimur,
3279 511 3376 568 sed

113 605 195 658 καὶ
216 603 319 657 τῶν
339 603 551 657 λοιπῶν
574 603 685 659 τῶν
700 604 1000 679 ὠμοϐόρων
1022 608 1160 674 ἐστὶ,
1177 608 1261 680 τῷ
1279 610 1546 682 καρχάρῳ
1582 611 1645 665 τᾶ

1847 611 1879 665 :l
1918 625 2087 667 carne
2128 609 2389 680 amplam,
2440 606 2695 671 solidam,
2737 621 3008 681 asperam,
3057 620 3179 676 quae
3216 604 3379 670 quid-

112 694 318 748 b'idwwv
366 695 583 765 μεταξὺ
618 696 724 749 τῶν
755 696 1140 769 διαστημάτων
1172 700 1574 774 ὲνδιαρῤἐουσα.
1629 703 1644 756 l

1847 699 1924 756 rid
1950 701 2214 757 dentibus
2247 700 2514 771 injectum
2546 706 2718 764 esset,
2772 713 2882 753 una
2916 712 3041 753 cum
3090 695 3201 752 illis
3229 710 3379 751 οοεηε

113 780 193 839 οὖν
223 786 295 858 μὴ
325 786 590 858 παρῆσαν
602 789 675 842 ,αί
703 790 884 860 χεῖρες
909 788 987 860 τῷ
1017 788 1253 862 σώματι,
1284 792 1402 856 πῶς
1434 792 1501 846 ἂν
1537 793 1645 865 έναι

1850 789 2062 845 inueret
2088 808 2101 844 :
2128 790 2216 844 vel
2261 796 2474 854 contra,
2519 790 2735 844 mollem
2787 804 2983 843 versus
3037 788 3229 852 latera,
3260 784 3382 839 llui-

114 879 227 948 θρος
264 876 438 948 τούτῳ
490 879 812 951 ὲνετυπώθη
851 880 1026 952 φωνὴ,
1064 882 1163 953 τῆς
1206 884 1554 955 κατασκευῆς
1583 884 1646 938 τιῖ

1850 895 2054 951 imque,
2097 880 2412 950 cujusmodi
2446 894 2647 935 canum
2695 880 3148 950 reliquorumque
3177 876 3382 931 anima-

115 968 239 1021 κατὰ
260 967 321 1020 τὸ
346 969 529 1039 στόμα
562 970 767 1042 μορίων
783 972 841 1024 οὐ
864 972 1153 1044 συνδιασχη
1163 974 1531 1045 ματιζομένης
1554 975 1647 1045 πρί

1848 984 1933 1024 um
1976 968 2400 1025 crudivororum
2450 970 2638 1039 lingua
2664 976 2777 1035 est,
2826 969 3118 1040 quaeinter
3137 968 3380 1022 dentium

113 1057 198 1129 τὴν
223 1057 407 1129 χρείαν
444 1057 542 1113 τοῦ
576 1060 848 1130 φθόγγου;
890 1061 966 1126 ὡς
993 1062 1305 1132 ἐπάναγκες
1335 1058 1526 1136 εἶναιῆ
1564 1064 1645 1133 βλι

1850 1060 1957 1116 nasi
2004 1068 2344 1118 serratorum
2392 1062 2565 1118 rimas
2628 1061 2969 1117 dili‘unditur.
3012 1059 3382 1127 Quamobrem

117 1151 298 1219 χᾶσθαι
325 1151 570 1219 πάντως,
606 1152 641 1223 ἦ
679 1153 966 1225 μηκάζειν,
998 1152 1032 1224 ἢ
1058 1153 1329 1219 ὑλακτεῖν,
1365 1155 1398 1226 ἦ
1430 1170 1649 1227 χρεμετι

1876 1165 2072 1206 manus
2103 1151 2344 1222 humano
2375 1154 2594 1223 corpori
2627 1154 2828 1209 additis
2845 1169 2955 1208 non
2990 1152 3246 1217 fuissent,
3271 1164 3383 1221 quo

114 1239 215 1305 ζειν
239 1242 325 1297 τὸν
357 1242 730 1315 άνθρωπον,ἢ
763 1244 965 1315 βουσὶν,
999 1244 1034 1316 ἢ
1065 1245 1209 1310 ὄνοις
1241 1245 1371 1317 βοᾷν
1401 1247 1646 1316 παραπλί

1852 1250 1963 1297 Icto
1987 1243 2211 1299 tandem
2241 1245 2475 1315 exprimi
2508 1247 2796 1301 articulata
2826 1248 2985 1318 quasi
3023 1262 3127 1301 vox
3174 1245 3384 1316 potuiso

119 1349 237 1400 σιον,
270 1336 303 1406 ﬁ
330 1353 453 1390 τινα
490 1336 737 1408 θηριώδη
763 1335 1050 1408 μυκηθμὸν
1077 1338 1319 1407 ἀφιέναι.
1344 1339 1482 1392 Νυνὶ
1511 1339 1569 1392 δὲ
1595 1340 1651 1392 τί

1846 1341 1904 1395 et.
1932 1335 2186 1405 partibus
2208 1337 2320 1392 oris
2351 1336 2418 1390 ad
2444 1352 2647 1393 sonum
2673 1338 3047 1407 adiuvandum
3100 1352 3210 1391 non
3239 1336 3378 1392 satis

118 1423 281 1495 χειρὸς
309 1423 628 1497 ὲντεθείσης
648 1425 727 1496 τῷ
745 1424 980 1497 σώματι,
1011 1424 1266 1497 εὐσχολόν
1290 1428 1405 1480 ἐστι
1433 1427 1495 1480 τὸ
1523 1427 1650 1498 στόμ

1854 1433 1931 1495 pte
1955 1426 2316 1483 conl‘ormatis
2337 1426 2633 1483 lProl‘ecto
2661 1430 2808 1484 enim
2828 1438 2925 1483 aut
2942 1428 3265 1495 balandum,
3291 1436 3386 1482 aut

118 1515 175 1583 τῇ
213 1513 481 1587 ὑπηρεσίᾳ
525 1515 625 1570 τοῦ
679 1516 857 1585 λόγου.
918 1516 1126 1571 Οὐκοῦν
1172 1517 1304 1571 ίδιον
1347 1519 1446 1590 τῆς
1475 1518 1650 1587 λογικὶ

1928 1519 2247 1584 εἰεεεηιιυιη,
2269 1528 2365 1576 aut
2395 1520 2733 1586 latrandum,
2755 1530 2847 1576 aut
2874 1521 3257 1585 hinniendum,
3290 1529 3385 1576 aut
3458 1590 3460 1593 ι

120 1603 314 1671 φύσεως
350 1607 405 1659 αἱ
439 1608 628 1678 χεῖρες
659 1606 1094 1679 ἀναπεφήνασιν,
1131 1606 1276 1661 οὕτω
1327 1607 1421 1663 τοῦ
1456 1608 1652 1663 πλάστε

1855 1610 2119 1676 nandum,
2157 1620 2253 1666 aut
2289 1612 2598 1669 rudendum
2632 1613 2841 1669 homini
2895 1612 3112 1679 fuisset,
3149 1620 3244 1668 aut
3271 1627 3387 1665 mu—

118 1693 195 1746 διέι
215 1693 413 1750 τούτων
437 1696 837 1766 ὲπινοήσαντος
870 1696 948 1768 τῷ
973 1696 1117 1768 λόγῳ
1148 1697 1249 1770 τὴν
1283 1698 1556 1754 εὐκολίαν.

1944 1701 2204 1772 squidam
2235 1704 2542 1759 belluarum
2579 1720 2732 1761 more
2754 1704 3020 1761 edendus.
3070 1703 3226 1760 Nunc
3254 1719 3378 1758 cum
3472 1748 3476 1771 τ

122 1799 299 1841 manus
336 1786 550 1842 homini
595 1787 736 1843 datm
766 1788 898 1853 sint,
958 1796 1170 1844 tantum
1215 1789 1456 1845 sermoni
1502 1804 1567 1846 os
1611 1792 1972 1860 exprimendo
2014 1793 2255 1849 deservit
2283 1803 2449 1866 atque
2492 1803 2817 1867 occupatur.
2850 1794 3065 1851 ldcirco
3092 1802 3240 1850 recte
3274 1803 3389 1850 sta-
3476 1848 3477 1857 χ

123 1879 294 1945 tuitur,
325 1895 526 1937 manus
550 1894 676 1937 esse
707 1883 987 1954 proprium
1006 1884 1282 1952 quoddam
1313 1894 1521 1940 natura:
1545 1886 1804 1957 loquendi
1830 1888 2090 1945 facultate
2111 1889 2352 1960 praedita:
2381 1891 2832 1957 instrumentum,
2859 1890 3005 1945 hunc
3036 1892 3391 1962 potissimum.
3472 1886 3479 1927 ί

122 1974 182 2030 ad
208 1974 360 2031 ﬁnem
391 1977 594 2041 factas,
627 1984 687 2033 ut
717 1994 906 2034 earum
932 1994 1098 2050 opera
1130 1981 1437 2051 expeditior
1464 1984 1517 2037 in
1551 1983 1709 2039 nobis
1740 1984 2011 2041 sermonis
2034 2000 2169 2041 usus
2198 1994 2363 2044 esset.

639 2092 1041 2146 ΚΕΦΑΛΔΙΟΝ
1088 2093 1166 2151 Θ’.
2082 2098 2085 2099 ⁷

2082 2098 2085 2099 ν
2407 2100 2643 2157 CAPUT
2699 2100 2788 2156 IX.

127 2179 231 2232 Ὅτι
269 2180 594 2257 όρεπτιςικόν
640 2182 1109 2257 κατεσκευάσθη
1141 2184 1247 2239 τοῦ
1274 2185 1588 2253 ἀνθρώπου
1629 2203 1659 2239 τ

1879 2187 2160 2245 Hominem
2202 2191 2280 2245 sic
2302 2191 2579 2244 conditum
2602 2206 2739 2255 esse,
2764 2199 2824 2244 ut
2853 2191 3213 2243 instrumenta
3249 2189 3318 2240 ad

320 2251 535 2322 σχῆμα
567 2251 719 2320 πρὸς
745 2251 859 2321 τὴν
900 2253 1003 2309 τοῦ
1031 2255 1219 2325 λόγου
1239 2251 1469 2324 χρείαν.
1734 2251 1769 2257 ⁷

1734 2251 1769 2257 ⁷
2159 2277 2450 2315 sermonem
2483 2251 2784 2321 necessaria
2823 2259 3033 2315 habeat.
3202 2272 3204 2275 '

196 2340 400 2414 Ἐπειδὴ
454 2342 641 2397 τοίνυν
703 2342 912 2415 θεοειδῆ
944 2363 1068 2399 τινα
1110 2346 1271 2416 χάριν
1306 2348 1699 2418 τῷτπλάσματι

1881 2347 2108 2405 Donavit
2152 2350 2319 2421 igitur
2350 2352 2558 2406 homini
2589 2352 2812 2407 condito
2849 2364 3032 2406 rerum
3059 2348 3265 2403 Auctor
3305 2345 3390 2400 dio

128 2431 265 2501 ήμῶν
290 2436 317 2487 ό
339 2437 575 2506 ποιήσας
599 2434 919 2507 δεδώρηται,
960 2435 1066 2490 τῶν
1096 2438 1241 2492 ἰδίων
1278 2438 1498 2507 ἀγαθῶν
1526 2440 1660 2493 ὲνθεῒ

1862 2456 1987 2496 nam
2030 2442 2325 2513 quamdam
2352 2442 2607 2512 gratiam,
2639 2440 2829 2496 inditis
2870 2438 3093 2509 imagini
3129 2437 3295 2493 bouis
3323 2437 3391 2491 iis

127 2527 183 2596 τῇ
208 2527 363 2580 είκόνι
387 2527 486 2592 τὰς
507 2528 834 2599 ὁμοιότητας
856 2546 868 2559 ·
888 2529 976 2585 διὰ
1003 2529 1161 2583 τοῦτο
1182 2530 1249 2584 τὰ
1279 2532 1379 2602 μὲν
1400 2532 1561 2586 λοιπὰ
1592 2531 1659 2584 τιῖ

1863 2546 1927 2586 tae
1961 2533 2202 2603 propriis
2228 2534 2407 2604 ipsius
2431 2532 2591 2587 bouis
2616 2539 2754 2587 sunt
2786 2530 3121 2586 consimilia.
3142 2530 3219 2583 Ac
3247 2529 3391 2583 bona

128 2618 325 2686 ἀγαθῶν
358 2617 563 2674 ἔδωκεν
593 2623 657 2674 ἐκ
704 2621 1015 2692 φιλοτιμίας
1060 2624 1126 2693 τῇ
1164 2621 1481 2694 ἀνθρωπίνῃ
1516 2622 1651 2693 φύσε

1859 2624 2026 2680 iidem
2074 2634 2272 2680 castora
2313 2634 2527 2679 naturae
2569 2622 2813 2677 hominis
2859 2637 2925 2677 ex
2971 2635 3120 2674 mera
3153 2617 3391 2687 magnili—

128 2710 226 2764 Νοῦ
249 2711 300 2765 δὲ
324 2712 417 2766 καὶ
447 2713 772 2784 φρονήσεως
800 2713 898 2766 οὐκ
928 2712 1043 2768 ἐστι
1077 2714 1282 2786 κυρίως
1314 2715 1488 2767 είπεῖν
1512 2715 1592 2768 ὃτι
1619 2715 1660 2766 δε

1858 2716 1994 2771 :ntia
2044 2716 2285 2770 tribuit:
2322 2724 2560 2771 mentem
2604 2728 2734 2768 vero
2771 2713 3233 2783 prudentiamque
3276 2723 3390 2763 non

130 2801 301 2870 δωκεν,
324 2805 433 2858 ἀλλ’
459 2807 548 2858 ὅτι
579 2805 870 2876 μετέδωκε,
893 2805 982 2859 τὸν
1001 2805 1132 2859 ἴδιον
1161 2804 1326 2858 αὐτοῦ
1350 2807 1448 2877 τῆς
1476 2805 1662 2876 φύσεω

1857 2807 2032 2877 roprie
2058 2806 2245 2862 datam
2275 2806 2545 2871 dicemus,
2582 2808 2680 2861 sed
2712 2820 2838 2859 cum
2886 2802 3106 2858 homine
3138 2815 3389 2856 commu—

132 2895 311 2965 κόσμον
333 2895 609 2951 ἐπιϐαλὼν
635 2901 699 2969 τῇ
726 2898 913 2951 είκὸνι.
932 2897 1087 2951 Ἐπεὶ
1107 2894 1199 2951 οὖν
1229 2898 1415 2970 νοερόν
1429 2916 1480 2951 τι
1507 2898 1660 2968 χρῆμ

1861 2901 2049 2952 lcatam
2089 2915 2102 2951 :
2137 2897 2353 2952 volente
2397 2896 2656 2951 nimirum
2699 2894 2811 2950 Deo
2871 2893 3117 2948 debitum
3185 2900 3393 2945 natura:

134 2986 213 3037 καὶ
240 2986 522 3058 ἀσώματόν
553 2988 700 3040 ἐστιν
724 2990 752 3041 ὁ
788 2986 934 3053 νοῦς,
966 2987 1327 3058 ἀκοινώνητον
1352 2989 1417 3042 ἂν
1448 2988 1575 3060 ἔσχε
1606 2990 1666 3061 τὴ

1861 3001 1925 3041 tae
1957 2987 2060 3041 soli
2088 2994 2345 3041 ornatum
2373 2986 2597 3057 imagini
2632 2983 2997 3039 circumdare.
3037 2982 3189 3039 Mens
3230 2997 3393 3051 porro

133 3079 273 3149 χάριν
300 3082 390 3134 καὶ
438 3081 696 3152 ἄμικτον,
732 3080 807 3152 μὴ
849 3080 937 3136 διά
970 3098 1115 3145 τινος
1164 3081 1407 3144 ἐπινοίας
1442 3098 1665 3152 φανεροι

1856 3094 1935 3133 um
1985 3078 2153 3133 animi
2200 3087 2414 3134 tantum
2463 3078 2825 3149 intelligentia
2870 3075 3388 3146 comprehendatur,

136 3168 283 3238 μένης
306 3172 464 3225 αὐτοῦ
489 3171 592 3242 τῆς
631 3171 914 3241 κινήσεως.
941 3170 1142 3225 Τούτου
1177 3171 1337 3243 χάριν
1361 3172 1461 3241 τῆς
1489 3171 1668 3244 ὀργανι

1861 3186 2094 3242 προτειε
2140 3170 2350 3225 scilicet
2381 3184 2581 3239 expers
2632 3167 2879 3224 materiei
2913 3186 2926 3221 :
2961 3165 3216 3220 habitura
3264 3179 3393 3234 pro-

135 3261 224 3331 λῆς
245 3262 437 3335 ταύτης
465 3262 804 3336 προσεδεήθη
822 3264 1189 3333 κατασκευῆς,
1214 3264 1301 3317 ἵνα
1332 3264 1610 3335 πλήκτρου
1629 3263 1667 3318 δε

1855 3270 1958 3318 :cto
1990 3261 2325 3332 praestantiae
2371 3275 2487 3317 sure
2536 3260 2680 3315 dona
2712 3259 2793 3314 sic
2838 3267 2977 3323 erat,
3036 3266 3182 3311 utea
3239 3255 3387 3309 nulla

137 3354 335 3422 κηντῶν
357 3354 685 3426 φωνητικῶν
704 3354 907 3426 μορίων
938 3354 1268 3425 ἁπτόμενος,
1298 3354 1387 3408 διὰ
1414 3355 1512 3425 τῆς
1546 3355 1669 3409 ποια

1855 3371 1939 3410 um
1971 3369 2031 3411 re
2062 3353 2632 3418 communicarentur,
2667 3353 2774 3407 nisi
2811 3353 3031 3407 inventa
3064 3350 3203 3405 ratio
3236 3363 3387 3419 qua:-

136 3416 231 3497 τῶν
260 3416 820 3515 φθόγγωντυπώσεως
845 3416 1159 3519 ἑρμηνεύσῃ
1306 3416 1518 3500 ἔνδοθεν
1551 3447 1668 3517 κινῇ

1864 3463 1941 3502 am
1974 3456 2143 3512 esset,
2181 3456 2289 3518 qua
2328 3453 2512 3501 motus
2546 3447 2721 3516 ipsius
2761 3444 2920 3516 quasi
2959 3416 3271 3514 pateﬁeret.—
3294 3439 3396 3495 ld-

141 3551 230 3591 σιν.
258 3539 359 3592 Καὶ
378 3538 571 3609 ῶσπερ
614 3557 695 3601 τις
738 3540 1002 3610 μουσικῆς
1041 3537 1305 3610 ἔμπειρος
1333 3537 1430 3602 ῶν,
1461 3538 1527 3594 ἂν
1572 3540 1673 3593 ίδία

1862 3542 1969 3595 lrco
2016 3546 2138 3595 erat
2186 3554 2327 3610 opus
2379 3538 2678 3592 artiﬁciosa
2719 3537 3210 3591 instrumentorum
3247 3542 3394 3588 stru-

140 3628 195 3678 ὲκ
222 3627 410 3693 πάθους
461 3629 541 3702 μὴ
599 3628 712 3700 ἔχοι
759 3630 963 3701 φωνὴν,
1004 3629 1328 3701 βουλόμενος
1368 3630 1425 3686 δὲ
1465 3628 1672 3704 φανερὰ

1862 3646 1997 3699 tura,
2046 3649 2155 3704 quo
2203 3647 2360 3687 mens
2383 3640 2567 3702 partes
2601 3628 2721 3684 voci
2755 3627 3056 3683 formandae
3086 3626 3394 3681 destinatas

142 3716 339 3789 ποιῆσαι
360 3720 453 3793 τὴν
493 3722 826 3792 ἐπιστήμην,
857 3720 1164 3793 ἀλλοτρίαις
1217 3722 1562 3795 ἐμμελῳδοίη
1595 3741 1674 3792 φω

1865 3740 2078 3794 nquam
2129 3725 2397 3792 plectrum
2433 3722 2656 3786 feriens,
2704 3721 2855 3775 sonis
2890 3728 3042 3775 certo
3092 3718 3272 3772 modo.
3297 3732 3397 3773 ex-

143 3812 260 3874 ναῖς,
286 3812 346 3865 δι’
375 3812 605 3885 αὐλῶνῆ
632 3811 799 3883 λύρας
824 3812 1161 3883 δημοσιεύων
1189 3813 1288 3884 τὴν
1318 3813 1513 3885 τέχνην
1534 3830 1547 3844 ·
1565 3813 1675 3868 οὔτε

1864 3818 2020 3874 ressis
2115 3823 2324 3871 motum
2368 3831 2529 3873 suum
2571 3813 2893 3870 interiorem
2952 3816 3275 3883 exponeret.
3318 3810 3396 3864 Ac

144 3901 226 3953 καὶ
250 3902 276 3954 ὀ
301 3902 634 3976 ἀνθρώπινος
667 3901 811 3968 νοῦς,
849 3902 1209 3958 παντοδαπῶν
1242 3905 1529 3975 νοημάτων
1558 3905 1676 3974 εὐρε

1861 3907 2278 3966 uemadmodum
2311 3907 2359 3962 si
2387 3906 2515 3978 quis
2540 3905 2765 3961 musicae
2784 3906 3009 3979 peritus,
3034 3919 3133 3961 sua
3167 3902 3393 3973 quidem

145 3995 230 4065 τῆς
259 3995 445 4069 ῶν,τῷ
493 3997 572 4070 μή
603 3996 862 4050 δύνασθαι
895 3997 984 4051 διὰ
1027 3995 1356 4068 σωματικῶν
1402 3995 1677 4067 αἰσθήσεω

1864 4017 1948 4058 >εε
1974 4001 2109 4056 vitio
2139 3997 2377 4071 quodam
2425 3997 2774 4063 destituatur,
2816 4004 2990 4053 artem
3024 4009 3157 4052 vero
3199 3994 3396 4048 nihilo-

144 4086 375 4160 ὲπαῖούσῃ
417 4092 485 4161 τῇ
520 4089 667 4160 ψυχῇ
696 4088 957 4142 δεικνύειν
972 4088 1070 4152 τὰς
1093 4088 1469 4158 τῆςδιανοίας
1500 4087 1676 4160 ὁρμὰς

1862 4093 2001 4147 linus
2034 4099 2314 4149 ostentare
2345 4088 2497 4153 velit,
2534 4095 2596 4141 ut
2643 4102 2775 4160 ergo
2821 4089 2911 4143 hic
2946 4087 3208 4143 ascititiis
3251 4087 3394 4140 voci-

143 4176 367 4251 καθάπερ
410 4180 517 4245 τις’
541 4180 818 4250 ἁρμοστὴς
851 4179 1117 4250 ἔντεχνος,
1142 4179 1248 4232 τῶν
1288 4178 1548 4251 ἐμψύχων
1580 4178 1675 4236 τού

1860 4200 1922 4241 us
1953 4185 2234 4255 eleganter
2283 4184 2482 4247 utitur,
2533 4181 2616 4238 vel
2657 4182 2771 4253 lyra
2801 4180 2886 4236 vel
2924 4179 3080 4245 tibia,
3128 4187 3392 4249 quantum

143 4283 235 4321 των
283 4271 525 4343 ὀργάνων
588 4271 906 4342 ἁπτόμενος,
942 4271 1031 4324 διὰ
1072 4271 1172 4342 τῆς
1219 4272 1277 4323 ὲν
1307 4271 1517 4334 τούτοις
1568 4271 1675 4343 ἡχῆ

1861 4284 1934 4332 rte
1966 4278 2163 4339 valeat,
2200 4273 2587 4330 demonstrans
2619 4291 2633 4326 :
2663 4273 2745 4328 sic
2786 4287 2943 4326 mens
3006 4270 3244 4325 humana
3295 4285 3393 4324 va.

144 4362 327 4430 φανερά
376 4365 526 4417 ποιεῖ
572 4361 640 4414 τὰ
688 4361 1049 4432 κεκρυμμένα
1083 4362 1354 4432 νοήματα.
1388 4359 1675 4431 Σύμμικτο

1859 4383 2023 4423 larum
2090 4367 2365 4421 rationum
2417 4365 2765 4435 indagatrix,
2818 4377 2944 4417 cum
2999 4361 3391 4432 cogitationum

142 4447 189 4502 δέ
208 4467 280 4516 τις
307 4454 339 4525 ὴ
368 4453 603 4526 μουσικὴ
644 4455 771 4525 περὶ
798 4454 859 4507 τὸ
887 4452 1226 4525 ἀνθρώπινον
1270 4453 1503 4524 ὄργανον
1540 4453 1672 4508 αὐλο

1862 4475 2036 4515 tarum
2067 4458 2295 4516 consilia
2334 4471 2444 4512 non
2475 4458 2653 4527 possit
2689 4455 2887 4511 animo.
2908 4453 3143 4525 aperire,
3172 4453 3266 4524 qui
3300 4467 3394 4523 per

146 4542 224 4593 καί
236 4541 410 4614 λύρας,
442 4543 630 4614 ῶσπερ
654 4545 713 4598 ὲν
738 4543 974 4615 συνῳδίᾳ
1005 4530 1113 4596 τινὶ
1145 4541 1288 4596 κατὰ
1313 4541 1510 4596 ταύτὸν
1539 4541 1675 4614 ἀλλή

1860 4559 2071 4608 tternos
2104 4564 2304 4606 sensus
2333 4562 2423 4603 res
2459 4546 2727 4617 percipit:
2765 4546 2912 4599 velut
2966 4543 3278 4600 industrius
3304 4556 3392 4595 ar—

144 4629 239 4696 λοις
291 4636 807 4708 συμφθεγγομένων.
854 4635 928 4689 Τὸ
955 4635 1054 4706 μὲν
1089 4633 1199 4706 γὰρ
1236 4633 1455 4704 πνεῦμα
1494 4633 1583 4689 διὰ
1608 4636 1674 4707 τῆ

1862 4642 1950 4699 l‘ex
1979 4642 2220 4698 animata
2251 4653 2458 4711 organa
2493 4639 2698 4708 pulsat,
2732 4650 2939 4707 perque
2968 4633 3180 4690 editum
3213 4633 3281 4688 ab
3305 4633 3393 4687 his

145 4722 403 4797 ἀρτηρίας,
445 4727 553 4781 ἀπὸ
580 4726 688 4780 τῶν
721 4726 1168 4797 πνευματοδόχων
1198 4726 1436 4795 ἀγγείων
1468 4725 1676 4780 ἁνωθού

1862 4748 2009 4790 mum
2041 4731 2257 4787 abditas
2288 4730 2652 4801 cogitationes
2675 4742 2804 4784 suas
2832 4726 3113 4797 patefacit.
3152 4724 3247 4781 Est
3287 4739 3394 4779 au-

147 4829 303 4882 μενον,
349 4819 481 4872 ὃταν
528 4819 562 4888 ἡ
618 4818 762 4889 ὁρμὴ
788 4816 882 4871 τοῦ
927 4816 1302 4888 φθεγγομένου
1350 4816 1487 4886 πρὸς
1526 4816 1678 4888 φωνὴ

1854 4840 1923 4881 :m
1955 4824 2012 4879 in
2042 4823 2147 4878 hoc
2205 4820 2443 4876 hominis
2490 4820 2860 4876 instrumento
2906 4817 3200 4873 commista
3239 4832 3386 4885 quac-

146 4904 326 4980 τονώσῃ
347 4910 407 4964 τὸ
432 4910 615 4981 μέρος,
631 4912 753 4972 ταῖς
780 4907 989 4962 ἔνδοθεν
1012 4909 1529 4980 προσαρασσόμενον
1542 4925 1678 4981 προσ

1860 4896 1938 4971 am
1973 4915 2121 4971 tibiae
2152 4914 2392 4986 lyraeque
2422 4913 2652 4977 musica,
2673 4927 2783 4966 non
2818 4911 2979 4967 aliter
3006 4918 3172 4981 atque
3195 4908 3243 4965 si
3277 4908 3392 4963 hanc

146 4995 322 5065 ϐολαῖς,
344 5002 399 5056 αἶ
437 4999 776 5071 κυκλοτερῶς
799 5000 889 5053 τὸν
918 4999 1166 5072 αὐλοειδῆ
1183 5001 1371 5054 τοῦτον
1400 5000 1678 5071 διειλήφασ

1860 5023 1922 5063 uo
1962 5013 2154 5061 mutuo
2195 5012 2463 5061 concentu
2520 5010 2911 5060 consonarent.
2962 5000 3099 5056 Nam
3163 4999 3392 5068 spiritus

149 5087 307 5159 πόρον,
325 5092 567 5163 μιμεῖται
602 5109 716 5154 πως
735 5092 833 5163 τὴν
849 5091 937 5145 διὰ
953 5092 1048 5145 τοῦ
1081 5090 1247 5147 αὐλοῦ
1277 5093 1573 5165 γινομένην
1604 5110 1681 5161 (pm

1856 5115 1909 5156 er
1972 5097 2235 5154 arteriam
2274 5111 2342 5152 ex
2399 5095 2570 5161 vasis,
2620 5095 2823 5166 quibus
2877 5094 2995 5166 ipse
3053 5092 3388 5155 continetur,

147 5177 245 5249 νην,
258 5185 367 5247 ταῖς
379 5184 410 5237 ὐ
419 5182 619 5255 μενώδε
627 5200 709 5237 σιν
724 5182 936 5254 ἐξοχαῖς
956 5186 1013 5238 ἐν
1032 5182 1218 5254 κύκλῳ
1236 5183 1514 5254 περιδονού
1523 5200 1679 5255 μενον

1854 5206 2033 5247 ursum
2102 5188 2393 5258 impulsus,
2461 5188 2686 5244 homine
2761 5186 3018 5242 locuturo
3080 5182 3386 5238 membrum

157 5271 382 5347 ’Υπερῴα
409 5275 467 5329 δὲ
498 5276 589 5329 τὸν
628 5275 874 5329 κάτωθεν
904 5274 1139 5346 φθόγγον
1171 5274 1447 5347 ἐκδέχεται
1476 5275 1555 5347 τῷ
1581 5293 1685 5329 κατ

1853 5296 2012 5346 rsum,
2043 5286 2103 5335 ut
2132 5294 2325 5335 vocem
2360 5278 2507 5342 edat,
2555 5278 2756 5350 cupide
2801 5276 2961 5349 quasi
3012 5272 3332 5330 intendente
3369 5290 3385 5330 :

147 5365 292 5440 αὐτὴν
316 5366 608 5440 κενώματι,
641 5368 879 5439 διδύμοις
898 5368 1081 5433 αὐλοῖς
1100 5371 1214 5431 τοῖς
1234 5368 1327 5441 ἐπὶ
1352 5368 1477 5431 τοὺς
1496 5366 1676 5438 μυκτῆ

1859 5389 1925 5428 un
1954 5372 2121 5444 igitur
2167 5370 2399 5443 spiritus
2431 5370 2502 5426 ad
2536 5370 2829 5426 interiores
2869 5366 3088 5423 arteriae
3128 5362 3391 5420 commis-

153 5467 235 5520 ρας
248 5453 502 5526 διήκουσι,
525 5457 620 5510 καὶ
647 5450 758 5509 οἷον
781 5456 1014 5510 λεπίδων
1030 5457 1175 5510 τισὶν
1195 5455 1407 5526 ἐξοχαῖς
1436 5459 1550 5520 τοῖς
1576 5460 1685 5528 περ

1858 5481 1975 5522 iras
2012 5464 2212 5532 illisus,
2271 5477 2394 5534 quae
2446 5469 2686 5517 meatum
2740 5461 2895 5514 illum
2941 5456 3090 5512 tibiae
3151 5454 3390 5511 similem

148 5541 224 5594 τὸν
240 5542 401 5615 ἡθμὸν
426 5545 669 5618 χόνδροις
697 5545 796 5617 τὴν
826 5546 1009 5617 φωνὴν
1041 5545 1451 5616 περισχίζουσα,
1480 5562 1680 5615 γεγωνσ

1856 5556 1961 5610 mni
1990 5571 2057 5610 ex
2098 5563 2253 5625 parte
2294 5553 2599 5615 continent,
2644 5550 2793 5606 tibiae
2829 5562 3029 5605 sonum
3060 5545 3224 5601 modo
3250 5558 3388 5615 quo-

148 5630 290 5703 τέραν
313 5638 407 5707 τήν
429 5637 568 5710 ἠχὴν
591 5635 981 5709 ἀπεργάζεται.
1008 5635 1219 5707 Παρειὰ
1241 5636 1317 5701 δὲ,
1347 5637 1441 5689 καὶ
1462 5635 1680 5704 γλῶσσα

1855 5664 1938 5701 am
1970 5645 2239 5711 imitatur,
2280 5643 2526 5714 undique
2553 5657 2651 5713 per
2693 5638 2958 5711 quasdam
3004 5636 3172 5694 veluti
3219 5635 3387 5692 strias

149 5722 231 5775 καὶ
259 5725 290 5796 ἠ
325 5730 442 5800 περὶ
496 5730 589 5782 τὸν
620 5728 877 5798 φάρυγγα
901 5728 1185 5798 διασκευὴ,
1214 5726 1336 5781 καθ’
1367 5726 1434 5798 ἢν
1463 5729 1492 5780 ὁ
1530 5726 1681 5779 ἀνθε-

1854 5737 2187 5794 lembraneas
2221 5736 2475 5807 agitatus.
2494 5732 2699 5788 Deinde
2724 5732 2962 5802 palatum
2991 5727 3257 5800 capelline
3286 5740 3386 5781 sua

152 5811 269 5881 (λεὼν
284 5815 607 5892 ὕποχαλᾶται
628 5819 1049 5892 κοιλαινόμενος,
1079 5819 1173 5875 καὶ
1201 5817 1467 5884 ὀξυτονῶν
1494 5817 1684 5872 ὲπιτεί

1854 5837 1979 5881 acua
2015 5838 2210 5882 sonum
2250 5822 2320 5880 ab
2352 5821 2462 5879 imo
2506 5820 2820 5878 tendentem
2863 5817 3168 5891 excipiens.
3206 5815 3386 5888 gemi-
