3880 6360
486 373 581 429 Nil

1723 385 1779 442 S.
1821 386 2151 447 GBEGORII
2207 389 2502 449 NYSSENI

3650 401 3759 458 155!

485 491 576 541 nis
599 486 849 541 eumdem
877 485 1073 545 ﬁstulis
1115 488 1182 545 ad
1214 503 1378 547 nares
1422 493 1850 564 pertinentibus,
1895 508 2056 571 atque

2165 520 2345 557 νεται·
2387 506 2560 558 ταῦτα
2623 502 2801 559 πάντα
2849 503 2949 576 τὴν
2984 504 3044 559 ἐν
3081 506 3199 570 ταίς
3245 508 3461 579 νευραῖς
3490 511 3587 567 τοῦ
3618 514 3763 591 πλη..

481 578 763 633 ctiamilla
791 579 1133 651 cartilagine,
1177 597 1301 652 quae
1333 583 1387 639 id
1437 586 1585 656 quod
1630 588 1813 644 colum
1862 604 2060 649 vocant

475 669 880 739 complectitur,
914 679 1171 742 tanquam
1215 688 1314 743 per
1362 690 1625 746 squamas
1656 681 1910 735 nonnihil
1958 698 2058 738 ex-

475 768 688 816 stantes
713 762 784 815 ita
814 764 1131 834 disrumpit,
1166 775 1226 821 ut
1250 783 1352 823 vox
1378 769 1537 841 longe
1557 770 1761 827 clarior
1775 772 2052 830 reddatur.

473 849 636 905 Genas
665 865 851 921 porro,
908 861 963 908 et
994 854 1199 925 lingua,
1233 866 1291 910 et
1324 856 1561 912 faucium
1600 865 1878 915 structura
1901 861 2050 917 circa

472 957 637 1011 quam
686 951 929 999 mentum
988 946 1042 999 in
1102 946 1335 1002 formam
1374 964 1674 1006 concavam
1717 953 2047 1022 explicatum

414 1032 431 1037 ’
474 1033 696 1089 tandem
759 1036 815 1089 in
882 1050 1114 1093 acumen
1164 1037 1418 1094 desinit:
1452 1041 1568 1096 haec
1610 1057 1745 1112 ergo
1787 1043 2047 1101 universa

2165 612 2330 663 κτρου
2351 596 2569 668 κίνησιν
2590 595 2941 667 ὑποκρίνεται
2971 599 3233 663 ποικίλως
3266 601 3359 653 καὶ
3380 602 3759 677 πολυτρόπως,

2160 686 2255 739 ἐπὶ
2282 688 2478 759 καιροῦ
2530 689 2627 741 σὺν
2678 688 2857 758 πολλῷ
2887 688 2967 759 τῷ
2995 689 3149 759 τάχει
3179 688 3593 764 μεθαρμόζοντα
3622 701 3762 771 πρὺς

2159 777 2261 849 τὴν
2311 779 2502 849 χρείαν
2558 781 2687 843 τοὺς
2737 781 2944 843 τόνους.
2990 781 3229 835 Χειλέων
3258 782 3315 836 δὲ
3356 783 3611 859 διαστολὴ
3664 797 3762 845 καὶ

2159 868 2420 939 ὲπίμυσις
2451 872 2646 925 ταύτὸν
2675 874 2821 925 ποιεῖ
2846 876 2958 936 τοῖς
2981 872 3067 925 διὰ
3094 873 3204 926 τῶν
3232 873 3511 928 δακτύλων
3532 877 3765 947 ὲπιλαμτ

2159 959 2379 1015 σάνουσι
2423 962 2517 1015 τοῦ
2563 962 2728 1017 αὐλοῦ
2754 962 2817 1017 τδ
2847 963 3085 1033 πνεῦμα,
3121 966 3214 1017 καὶ
3238 966 3338 1035 τὴν
3365 967 3637 1037 ἁρμονίαν
3663 968 3759 1022 τοῦ

2159 1049 2374 1119 μέλους.

470 1127 661 1196 plectri
702 1127 756 1181 in
794 1126 990 1183 (ilibus
1027 1138 1233 1185 motum
1269 1133 1419 1188 varie
1463 1134 1946 1206 multipliciterque
1984 1150 2425 1208 repraesentant:
2463 1154 2517 1201 et
2558 1161 2751 1218 magna
2799 1147 3101 1213 celeritate,
3147 1158 3310 1219 prout
3352 1166 3441 1207 res
3490 1153 3755 1223 postulat,

469 1231 662 1271 vocum
694 1223 856 1271 tonos
904 1227 1139 1275 mutant.
1194 1220 1487 1277 Labiorum
1527 1224 1764 1295 denique
1800 1226 2138 1294 diductione,
2184 1234 2614 1305 eorumdemque
2652 1239 2894 1294 vicissim
2944 1241 3355 1310 compressione
3391 1220 3765 1309 sic—utimur,

471 1319 529 1365 ut
559 1309 757 1366 musici
785 1310 1080 1381 digitorum
1111 1330 1275 1384 opera
1300 1316 1552 1400 spiritum
1588 1318 1642 1371 in
1686 1318 1906 1385 ﬁstulis,
1936 1329 1989 1376 et
2009 1330 2207 1379 cantus
2237 1327 2377 1383 adeo
2423 1329 2764 1385 harmoniam
2797 1309 3171 1386 moderantur.

1101 1427 1339 1483 CAPUT
1378 1428 1447 1484 Χ.

880 1519 1108 1574 Mentem
1132 1536 1224 1590 per
1251 1537 1436 1576 sensus
1471 1539 1642 1593 agere.

541 1612 658 1670 Hoc
679 1615 846 1687 igitur
884 1623 1045 1686 pacto
1074 1625 1257 1671 mente
1289 1632 1385 1687 per
1410 1618 1691 1688 opificium
1721 1620 2048 1691 organicum

2711 1445 3106 1500 ΚΕΦΑΛᾹΙΟΝ
3154 1446 3209 1501 I'.

2304 1536 2431 1590 "Ott
2468 1536 2565 1591 διὰ
2602 1536 2721 1592 τῶν
2749 1538 3096 1607 αἰσθήσεων
3137 1542 3170 1593 ό
3195 1537 3340 1606 νοῦς
3364 1539 3613 1610 ἐνεργεῖ.

2231 1622 2388 1678 Οὕτω
2441 1627 2618 1679 τοίνυν
2675 1626 2768 1680 τοῦ
2803 1626 2894 1681 νοῦ
2937 1627 3025 1682 διὰ
3068 1628 3167 1698 τῆς
3219 1628 3517 1700 ὀργανικῆς
3553 1629 3766 1701 ταύτης

472 1720 786 1763 sermonem
844 1706 898 1761 in
957 1706 1120 1763 nobis
1176 1709 1338 1779 quasi
1396 1709 1734 1777 modulante,
1790 1713 2051 1783 loquendi

2165 1717 2502 1788 κατασκευῆς
2530 1719 2585 1770 ὲν
2616 1720 2746 1789 ἡμῖν
2767 1718 3233 1790 μουσουργοῦντος
3269 1720 3360 1773 τὸν
3397 1720 3578 1789 λόγον,
3612 1721 3766 1789 λογι-

472 1797 793 1854 facultatem
839 1799 1021 1870 adepti
1062 1813 1258 1856 sumus
1303 1820 1316 1856 :
1360 1817 1470 1872 quo
1505 1802 1707 1874 insigni
1738 1804 1883 1861 dono
1911 1807 2055 1861 cari-

473 1889 582 1944 turi
615 1905 857 1956 eramus,
926 1891 972 1946 si
1028 1905 1194 1962 grave
1247 1894 1656 1966 molestumque
1702 1900 2056 1969 comparandi

472 1984 716 2038 humano
779 1982 997 2054 corpori
1049 1994 1239 2053 pastus
1290 1985 1573 2054 negotium
1642 1986 1811 2045 labris
1868 1989 2056 2045 datum

472 2076 690 2131 fuisset.
750 2075 906 2131 Nunc
963 2091 1090 2131 cum
1144 2077 1197 2131 id
1253 2075 1415 2132 cilicii
1467 2078 1725 2133 manibus
1771 2080 2054 2150 obtigerit,

469 2169 618 2222 nulla
662 2184 727 2224 ex
760 2169 865 2223 alia
904 2185 963 2225 re
1011 2185 1074 2226 os
1116 2170 1378 2240 occupari
1433 2185 1661 2227 necesse
1697 2178 1805 2237 est,
1857 2173 1965 2241 nisi
1996 2181 2057 2227 ut

470 2276 781 2316 sermonem
813 2276 983 2331 quam
1028 2262 1317 2332 aptissime
1343 2261 1581 2334 efﬁngat.
1622 2263 1800 2333 Atque
1837 2274 1922 2319 est
1954 2264 2056 2324 llu-

465 2353 560 2421 jus
592 2353 783 2423 organi
808 2353 1007 2424 duplex
1050 2354 1270 2423 quidem
1315 2369 1473 2417 usus,
1509 2355 1649 2410 alter
1677 2356 1731 2409 in
1764 2355 2054 2410 ellicicndo

428 2502 433 2505 7
471 2457 626 2508 sono,
659 2444 797 2499 alter
829 2444 884 2498 in
917 2445 1247 2515 recipiendis
1284 2445 1393 2502 illis
1428 2447 1756 2517 rcbus,quas
1776 2462 1866 2501 res
1896 2456 2053 2502 extra

472 2552 574 2593 nos
599 2536 806 2606 positas
835 2536 1274 2593 consideramus.
1318 2536 1521 2591 Harum
1582 2546 1767 2593 autem
1819 2537 2050 2594 faculta-

470 2635 584 2681 tum
610 2634 802 2681 neulra
841 2640 967 2681 cum
1011 2626 1181 2681 altera
1226 2627 1526 2682 miscetur:
1561 2625 1656 2682 sed
1701 2629 1959 2697 quaelibet
1997 2629 2051 2684 id

470 2720 601 2789 agit,
630 2717 699 2773 ad
721 2716 868 2788 quod
904 2732 933 2770 a
966 2726 1163 2773 natura
1197 2726 1281 2774 est
1301 2719 1596 2776 destinata.
1633 2718 1844 2775 idcirco
1874 2736 2053 2792 neque

471 2811 697 2867 auditus
754 2810 1025 2880 loquitur,
1067 2828 1244 2883 neque
1290 2828 1396 2867 vox
1441 2812 1619 2876 audit,
1670 2828 1849 2883 neque
1881 2813 2053 2869 altera

470 2901 666 2957 harum
696 2902 985 2972 perturbat
1026 2904 1275 2959 alteram.
1310 2904 1449 2958 Nam
1494 2920 1598 2959 vox
1643 2905 1865 2975 quidem
1909 2920 2053 2961 sem-

472 3009 570 3063 per
605 2993 811 3064 aliquid
842 2994 1045 3049 emittit
1079 3036 1093 3059 ,
1138 3001 1441 3067 contraque
1480 2995 1703 3050 auditus
1734 3010 2050 3067 quanquam

2161 1808 2245 1861 κοί
2271 1809 2592 1879 γεγόναμεν,
2623 1809 2721 1862 οὐκ
2745 1809 2828 1872 ἂν,
2856 1808 2930 1873 ὡς
2962 1806 3136 1882 οἶμαι,
3181 1809 3395 1881 ἔχοντες
3421 1797 3646 1882 τῆν’τοῦ
3674 1811 3766 1866 λόο

2160 1916 2255 1967 γου
2288 1900 2466 1970 χάριν,
2499 1901 2548 1953 εἰ
2578 1900 2638 1954 τὸ
2679 1900 2815 1972 βαρύ
2847 1918 2905 1955 τε
2952 1902 3044 1955 καὶ
3076 1902 3329 1955 ἐπίπονον
3362 1900 3459 1972 τῆς
3489 1902 3633 1955 κατὰ
3663 1901 3766 1975 τὴν

2160 1989 2364 2061 βρῶσιν
2415 1989 2666 2060 λατρείας
2728 1991 2841 2053 τοῖς
2896 1990 3098 2060 χείλεσι
3137 1992 3273 2061 πρὸς
3315 1992 3413 2061 τὴν
3442 1990 3636 2061 χρείαν
3665 1990 3763 2044 τοῦ

2161 2080 2411 2151 σώματος
2441 2080 2788 2151 ὲπορίζομεν.
2839 2082 2975 2134 Νυνὶ
3004 2082 3060 2135 δὲ
3099 2082 3197 2153 τὴν
3227 2079 3485 2152 τοιαύτην
3511 2082 3763 2153 λειτουρ-

2157 2172 2281 2241 γίαν
2313 2172 2370 2225 αἱ
2413 2175 2595 2242 χεῖρες
2640 2172 2721 2235 εἰς
2750 2172 2949 2237 ἑαυτὰς
2989 2174 3409 2243 μετενέγκασαι,
3450 2172 3672 2225 εὔθετον
3691 2174 3762 2243 τῇ

2158 2264 2433 2335 ὑπηρεσία
2473 2262 2568 2316 τοῦ
2618 2262 2777 2332 λόγου
2828 2264 2889 2317 τὸ
2934 2265 3108 2335 στόμα
3144 2266 3456 2320 κατέλιπον.
3500 2264 3679 2333 Διπλῆ
3705 2263 3765 2317 δὲ

2157 2356 2285 2426 περὶ
2325 2354 2386 2407 τὸ
2436 2356 2665 2426 ὄργανον
2697 2356 2732 2425 ἡ
2762 2356 3009 2426 ἐνέργεια
3034 2374 3047 2387 θ
3084 2359 3117 2427 ἠ
3153 2357 3251 2427 μὲν
3307 2358 3441 2427 πρὸς
3494 2355 3765 2427 ἐργασίαν

2155 2446 2313 2515 ἠχῆς,
2344 2448 2376 2517 ἡ
2402 2445 2457 2498 δὲ
2475 2446 2609 2516 πρὸς
2643 2448 2910 2518 ὑποδοχὴν
2933 2448 3039 2501 τῶν
3070 2447 3267 2512 ἔξωθεν
3300 2448 3614 2518 νοημάτων.
3652 2446 3766 2499 Καὶ

2155 2539 2255 2591 οὐκ
2293 2539 2644 2608 ἐπιμίγνυται
2664 2538 2798 2611 πρὸς
2829 2538 2927 2609 τὴν
2959 2540 3204 2611 ὲτέρανή
3231 2539 3386 2610 ἄλλη,
3415 2537 3552 2591 ἀλλὰ
3572 2554 3761 2608 παρα-

2159 2628 2310 2700 μένει
2349 2632 2414 2701 τῇ
2467 2631 2738 2701 ἐνεργείᾳ,
2772 2631 2857 2700 ἐφ’
2953 2631 3155 2701 ἐτάχθη
3202 2631 3353 2701 παρᾶ
3386 2631 3486 2701 τῆς
3518 2629 3760 2699 φύσεως,

2154 2723 2255 2775 οὐκ
2290 2721 2579 2792 ἐνοχλοῦσα
2609 2724 2673 2792 τῇ
2708 2723 2930 2790 γείτονι,
2966 2721 3090 2775 οὔτε
3120 2724 3218 2793 τῆς
3251 2722 3421 2793 ἀκοῆς
3466 2722 3759 2789 λαλούσης,

2154 2811 2277 2867 οὔτε
2305 2811 2405 2881 τῆς
2434 2813 2616 2882 φωνῆς
2655 2813 2978 2883 ἀκουούσης.
3025 2813 3087 2865 Ἥ
3131 2812 3229 2881 μὲν
3270 2813 3384 2881 γὰρ
3419 2812 3507 2866 ἀεί
3539 2828 3593 2863 τι
3626 2811 3765 2865 πάν-

2155 2920 2261 2965 τως
2273 2903 2540 2972 προΐεται,
2561 2903 2593 2970 η
2612 2902 2664 2954 δὲ
2692 2902 2829 2971 ἀκοὴ
2852 2901 3115 2972 δεχομένη
3132 2900 3393 2973 διηνεκῶς
3426 2901 3526 2953 οὐκ
3547 2900 3762 2970 ἐμπίμ-

2157 2995 2376 3059 πλαται,
2432 2993 2613 3057 καθώς
2662 2995 2795 3066 φησί
2840 3012 2941 3048 που
2977 2994 3229 3064 Σολομὼν
3252 3011 3264 3025 ο
3296 2995 3323 3047 ὃ
3371 3011 3461 3065 μοι
3493 2993 3764 3046 δοκεῖκαὶ

469 3093 733 3155 perpetuo
768 3085 1021 3156 recipiat,
1060 3101 1340 3157 nunquam
1365 3095 1545 3141 tamen
1578 3087 1837 3157 repletur,
1866 3102 2056 3159 quem-

2165 3085 2398 3157 μάλιστα
2426 3084 2533 3138 τῶν
2586 3086 2643 3138 ἐν
2691 3088 2821 3156 ἡμῖν
2856 3084 3004 3150 ἄξιον
3045 3081 3182 3138 εἶναι
3229 3087 3323 3138 καὶ
3353 3083 3759 3155 θαυμάζεσθαι·

470 3178 764 3235 admodum
801 3178 1022 3235 Salomo
1056 3180 1257 3235 alicubi
1292 3179 1537 3250 loquitur
1557 3179 1768 3246 ".Quac
1799 3195 1888 3237 res
1916 3180 2053 3234 mihi

471 3273 707 3328 maxime
732 3273 786 3328 in
821 3273 980 3328 nobis
1017 3273 1381 3330 admiratione
1417 3275 1581 3346 digna
1626 3272 1865 3338 videtur,
1920 3287 2043 3342 quae

473 3364 731 3418 nimirum
769 3363 861 3418 illa
906 3365 979 3420 sit
1022 3365 1304 3421 interioris
1342 3375 1549 3423 nostrae
1588 3366 1910 3435 capacitatis
1947 3380 2058 3419 am-

473 3457 705 3527 plitudo,
742 3457 797 3511 in
838 3472 1004 3527 quam
1046 3457 1232 3512 omnia
1270 3473 1366 3527 per
1404 3458 1659 3512 auditum
1705 3455 1887 3511 infusa
1923 3472 2057 3510 con-

474 3549 680 3617 ﬂuunt;
736 3551 829 3620 qui
886 3550 998 3607 sint
1048 3548 1206 3622 quasi
1259 3564 1289 3603 a
1340 3549 1776 3613 commentariis,
1819 3564 2053 3620 quorum

473 3656 639 3711 opera
692 3642 1091 3713 consignentur
1131 3657 1196 3698 ea
1245 3657 1368 3713 quae
1420 3641 1474 3696 in
1518 3656 1681 3698 aures
1724 3652 2053 3713 penetrant;

473 3747 595 3801 qua:
629 3734 977 3804 receptacula
1011 3734 1122 3790 sint
1184 3748 1366 3789 rerum
1394 3733 1586 3789 auditu
1646 3741 2054 3805 perceptarum,

472 3839 583 3895 quo
613 3834 773 3895 pacto
803 3824 919 3883 ﬁeri
953 3826 1153 3896 possit,
1199 3836 1259 3881 ut
1286 3840 1412 3891 cum
1443 3825 1581 3881 adeo
1620 3826 1792 3880 multa
1829 3835 1882 3881 et
1903 3827 2056 3880 varia

474 3915 863 3981 immittantur,
923 3929 1031 3969 non
1070 3914 1127 3969 in
1181 3914 1543 3970 collocatione
1581 3929 1764 3969 rerum
1824 3915 2056 3969 aliarum

476 4021 644 4076 super
681 4006 818 4060 alias
852 4003 1109 4060 confusio
1146 4017 1213 4059 ac
1251 4004 1595 4073 perturbatio
1636 4006 1886 4074 quaedam
1934 4021 2062 4060 con-

476 4099 673 4168 tingat.
725 4095 874 4152 ldem
900 4106 954 4152 et
986 4095 1041 4150 in
1084 4096 1345 4151 facultate
1384 4096 1606 4153 vidente
1644 4098 1698 4151 in
1743 4097 2061 4152 admiratio-

475 4203 600 4243 nem
630 4188 799 4243 venit.
831 4185 967 4241 Nam
998 4194 1051 4243 et
1084 4202 1180 4259 per
1205 4187 1347 4242 hanc
1376 4186 1541 4243 modo
1587 4189 1827 4257 quodam
1879 4189 2060 4244 consi-

479 4279 595 4336 mili
623 4293 779 4335 mens
817 4280 1057 4335 extraria
1108 4278 1433 4350 prehendit,
1484 4283 1831 4352 receptisque
1875 4296 2060 4336 rerum

479 4373 859 4444 apparentium
893 4372 1228 4437 simulacris,
1284 4372 1489 4429 formas
1521 4387 1711 4428 eorum
1743 4389 1865 4445 qua:
1909 4375 2059 4430 cerni

476 4470 709 4533 possunt
730 4463 870 4533 apud
903 4477 1025 4519 sese
1055 4462 1318 4533 depingit.
1349 4462 1526 4533 Atque
1557 4471 1616 4518 ut
1648 4464 1701 4517 in
1726 4464 1907 4534 ampla
1923 4477 2062 4534 qua-

477 4554 602 4609 dam
622 4555 780 4619 urbe,
809 4570 930 4624 quae
970 4569 1070 4626 per
1107 4554 1353 4609 diversos
1382 4555 1569 4610 aditus
1615 4556 1867 4613 homines
1899 4558 2061 4612 adve—

480 4646 693 4701 nienles
743 4646 957 4716 recipit,
1008 4660 1120 4701 non
1172 4661 1342 4700 unum
1396 4647 1690 4717 quemdam
1750 4649 1819 4704 ad
1877 4650 2059 4704 locum

480 4754 672 4795 omnes
702 4738 1067 4801 concurrunt,
1100 4739 1195 4793 sed
1236 4741 1375 4795 alios
1406 4741 1593 4797 videre
1619 4751 1704 4797 est
1740 4743 1806 4797 ad
1852 4744 2055 4808 forum,

479 4830 619 4885 alios
654 4830 708 4883 in
734 4828 896 4895 ardes,
934 4830 1074 4886 alios
1105 4830 1172 4886 ad
1199 4832 1444 4895 comitia,
1488 4834 1717 4905 plateas,
1749 4835 2057 4907 angiporta,

478 4920 715 4985 theatra,
740 4933 1012 4991 quemque
1037 4921 1123 4976 sui
1146 4936 1212 4976 ex
1239 4922 1408 4977 animi
1440 4924 1734 4989 sententia,
1750 4927 2061 4991 tendentes,

476 5014 553 5067 ita
565 5021 620 5068 et
636 5014 838 5069 mentis
858 5014 1141 5085 oppidum,
1160 5016 1306 5085 quod
1324 5024 1407 5073 est
1422 5018 1563 5073 intra
1581 5033 1682 5075 nos
1695 5029 2063 5088 exstructum,

479 5105 684 5160 diversi
750 5105 971 5175 quidem
1014 5122 1275 5163 sensuum
1326 5109 1690 5182 aditusquasi
1751 5116 2064 5184 complent;

477 5212 634 5253 mens
662 5204 843 5252 tamen
867 5195 935 5254 de
957 5198 1189 5271 singulis
1215 5216 1338 5271 quae
1357 5203 1768 5273 ingrediuntur,
1792 5205 2065 5274 judicium

478 5289 706 5354 faciens,
739 5298 794 5345 et
826 5290 881 5345 in
921 5292 1177 5362 quaelibet
1212 5292 1516 5363 inquirens,
1567 5296 1648 5353 sic
1696 5298 1895 5354 deinde
1938 5316 2067 5369 pro-

480 5383 629 5450 prias
652 5398 716 5437 ea
740 5383 889 5440 velut
913 5384 968 5439 in
1000 5384 1159 5441 sedes
1178 5387 1388 5442 notitia:
1413 5389 1670 5447 collocat.
1691 5390 1768 5445 Ac
1797 5391 2063 5462 quemad-

482 5472 703 5527 modum
754 5490 855 5531 usu
887 5477 1075 5532 venire
1114 5484 1292 5548 potest
1328 5477 1479 5548 (libet
1519 5479 1666 5536 enim
1713 5481 1789 5536 uti
1849 5482 2063 5546 eadem,

482 5577 591 5629 qua
627 5566 915 5634 coepimus,
953 5569 1024 5624 ab
1057 5568 1257 5639 Oppido
1290 5576 1505 5639 sumpta
1540 5571 1968 5641 comparatione)
2008 5580 2065 5625 ut

484 5653 735 5719 tribules,
791 5659 876 5712 vel
914 5661 1081 5715 etiam
1130 5662 1374 5733 cognati,
1420 5660 1609 5719 eadem
1662 5663 1850 5717 urbem
1909 5671 2066 5734 porta

559 5804 606 5836 ¹⁰
635 5808 813 5868 Eccle.
861 5831 899 5881 l,
930 5812 982 5870 8.

2167 3176 2221 3233 τί
2268 3177 2330 3230 τὸ
2385 3176 2584 3240 πλάτος
2627 3178 2837 3230 ἐκείνου
2867 3178 2961 3231 τοῦ
2997 3176 3207 3230 ἔνδοθεν
3232 3178 3582 3248 χωρήματος,
3628 3178 3709 3238 εἰς
3736 3175 3766 3228 ὃ

2159 3270 2335 3324 πάντα
2363 3272 2552 3341 συρρεῖ
2582 3271 2649 3323 τὰ
2677 3269 2764 3323 διὰ
2791 3270 2885 3339 τῆς
2926 3271 3095 3340 ἀκοῆς
3139 3272 3462 3339 εἰσχεόμενα
3485 3285 3498 3333 ;
3542 3269 3691 3331 τίνες
3718 3269 3766 3321 οἱ

2159 3362 2553 3432 ύπομνηματογ
2565 3362 2721 3432 ράφοι
2747 3360 2854 3413 τῶν
2877 3361 3250 3431 εἰσαγομένων
3283 3362 3341 3414 ἐν
3368 3362 3506 3432 αὐτῇ
3549 3359 3764 3428 λόγωνς

2160 3455 2253 3507 καὶ
2277 3457 2403 3507 ποῖα
2427 3454 2604 3525 δοχεῖα
2631 3454 2737 3507 τῶν
2771 3453 3126 3523 ἐντιθεμένων
3154 3456 3218 3524 τῇ
3257 3455 3392 3525 ἀκοῇ
3423 3455 3718 3524 νοημάτων
3749 3469 3764 3516 ;

2159 3547 2254 3600 καὶ
2280 3546 2416 3610 πῶς.
2441 3545 2650 3599 πολλῶν
2666 3547 2757 3598 καλ⁸
2777 3545 3131 3598 παντοδαπῶν
3145 3545 3394 3615 ἀλλήλοις
3423 3544 3739 3614 ἐπεμϐαλλο
3754 3574 3768 3584 -

2163 3638 2360 3708 μένων,
2393 3636 2653 3707 σύγχυσις
2684 3637 2777 3690 καὶ⁶
2802 3636 2974 3707 πλάνη
3003 3636 3143 3688 κατὰ
3170 3635 3269 3705 τὴν
3295 3635 3600 3705 ἐπάλληλον
3614 3635 3766 3687 θέσιν

2159 3730 2267 3784 τῶν
2280 3732 2615 3802 ἐγκειμένων
2632 3731 2693 3783 ού
2716 3730 2946 3798 γίνεταις
2965 3728 3037 3780 Τὸ
3059 3729 3171 3782 ἴσον
3185 3729 3315 3784 δ’-ἇν
3345 3746 3427 3791 τις
3442 3728 3537 3782 καὶ
3554 3728 3652 3781 ἐπὶ
3669 3728 3766 3795 τῆς

2160 3822 2267 3875 τῶν
2296 3821 2472 3891 ὄψεων
2493 3820 2771 3890 ἐνεργείας
2794 3819 3146 3889 θαυμάσειεν.
3164 3819 3395 3889 Ὁμοίως
3431 3819 3539 3889 γὰρ
3561 3821 3656 3872 καί
3677 3820 3767 3874 διὰ

2159 3914 2363 3968 τούτων
2381 3916 2408 3966 ὁ
2434 3914 2556 3976 νοῦς
2574 3914 2681 3967 τῶν
2699 3912 2803 3977 ἔξω
2823 3912 2917 3966 τοῦ
2938 3913 3189 3984 σώματος
3224 3912 3637 3983 ὲπιδράσσεται,
3673 3914 3766 3967 καὶ

2164 4006 2297 4078 πρὸς
2312 4005 2498 4057 ἑαυτὸν
2513 4004 2660 4059 ἓλκει
2679 4004 2783 4057 τῶν
2799 4004 3139 4074 φαινομένων
3154 4003 3221 4056 τὰ
3238 4002 3447 4070 εἴδωλα,
3465 4002 3767 4074 τοὺςχαρα·

2163 4100 2371 4171 κτῆρας
2386 4099 2493 4152 τῶν
2510 4100 2723 4172 ὁρατῶν
2750 4102 2805 4153 ἐν
2834 4099 3012 4169 ἑαυτῷ
3035 4099 3426 4169 καταγράφων.
3445 4098 3558 4151 Kal.
3572 4097 3727 4152 ῶσπε
3736 4116 3767 4169 ρ

2164 4192 2319 4255 εἴτις
2346 4191 2658 4262 πολύχωρος
2692 4192 2776 4263 εἴη
2815 4191 2966 4254 πόλις
2992 4192 3056 4242 ὲκ
3088 4189 3363 4261 διαφόρων
3397 4188 3618 4242 εἰσόδων
3640 4191 3767 4253 τοὺς

2165 4283 2302 4353 πρὸς
2350 4283 2518 4352 αὐτὴν
2563 4281 2977 4353 συμφοιτῶντας
3010 4280 3385 4351 εἰσδεχομένη,
3433 4280 3534 4332 ούκ
3569 4280 3667 4333 ὲπὶ
3707 4279 3766 4333 τὸ

2166 4373 2297 4426 αὐτὸ
2321 4374 2464 4427 κατά
2482 4391 2533 4425 τι
2563 4372 2670 4425 τῶν
2689 4375 2745 4425 ὲν
2770 4375 2833 4444 τῇ
2856 4373 3007 4427 πόλει
3036 4372 3436 4443 συνδραμόντες
3456 4372 3503 4423 oi
3534 4371 3762 4435 πάντες,

2167 4464 2282 4519 ἀλλ’
2300 4467 2346 4517 οἱ
2374 4466 2470 4535 μὲν
2488 4465 2625 4518 κατὰ
2647 4464 2744 4535 τὴν
2765 4466 2989 4536 ἀγορὰν,
3013 4465 3059 4517 οἰ
3088 4463 3143 4517 δὲ
3166 4463 3310 4517 κατὰ
3330 4464 3594 4534 οἰκήσεις,
3611 4462 3763 4515 ἄλλοι

2169 4557 2308 4611 κατὰ
2331 4557 2430 4620 τὰς
2472 4555 2785 4627 ἐκκλησίας,
2822 4556 2856 4627 ἢ
2891 4557 2988 4620 τὰς
3019 4555 3299 4620 πλατείας,
3347 4555 3380 4627 ἧ
3427 4557 3553 4618 τοὺς
3606 4572 3766 4608 στενο·

2168 4650 2371 4712 ωτι-οὺς,
2396 4648 2428 4719 ἢ
2453 4648 2520 4701 τὰ
2560 4648 2786 4720 θέατρα,
2813 4648 2954 4702 κατὰ
2977 4649 3074 4719 τὴν
3117 4648 3249 4701 ἰδίαν
3270 4649 3500 4710 ἕκαστος
3531 4647 3765 4717 γνώμην

2173 4740 2575 4811 μεταχωροῦσι·
2610 4740 2867 4812 τοιαύτην
2912 4742 3033 4795 τινὰ
3078 4741 3259 4812 βλέπω
3293 4742 3387 4794 καὶ
3416 4739 3513 4809 τὴν
3540 4738 3634 4791 τοῦ
3672 4737 3763 4791 νοῦ

2170 4832 2325 4886 πόλιν
2374 4834 2473 4904 τὴν
2506 4832 2717 4886 ἔνδοθεν
2751 4835 2808 4886 ὲν
2837 4836 2970 4905 ἡμῖν
3003 4833 3436 4905 συνῳκισμένην,
3473 4833 3539 4903 ἢν
3577 4832 3767 4900 διάφο-

2171 4940 2254 4996 ροι
2286 4923 2384 4995 μὲν
2412 4926 2466 4978 αξ
2491 4923 2578 4976 διὰ
2605 4922 2713 4975 τῶν
2743 4923 3046 4995 αἰσθήσεων
3074 4924 3268 4976 εῑσοδοι
3300 4921 3764 4992 καταπληροῦσιν’

2177 5020 2403 5073 ἕκαστον
2476 5017 2533 5069 δὲ
2562 5015 2673 5069 τῶν
2718 5016 2995 5070 εἰσιόντων
3041 5014 3381 5087 φιλοκρινῶν
3437 5032 3499 5067 τε
3544 5014 3643 5067 καὶ
3688 5014 3767 5067 δι·-

2173 5112 2444 5180 εξετάζων
2476 5114 2503 5164 ὀ
2538 5109 2663 5172 νοῦς
2684 5150 2698 5172 ,
2733 5111 2847 5173 τοῖς
2883 5108 3239 5180 καταλλήλοις
3271 5109 3371 5180 τῆς
3391 5106 3650 5177 γνώσεως
3682 5107 3768 5161 τό-

2176 5222 2297 5268 ποις
2342 5201 2741 5257 ἐναποτίθεται.
2800 5202 2911 5254 Καὶ
2966 5201 3156 5273 ὥσπερ
3201 5202 3296 5255 ἐπὶ
3340 5201 3436 5255 τοῦ
3484 5200 3629 5254 κατὰ
3669 5201 3766 5272 τὴν

2175 5298 2330 5352 πόλιν
2359 5296 2781 5367 ὑποδείγματος,
2820 5295 2935 5348 ἐστι
2970 5294 3234 5359 πολλάκις
3267 5293 3577 5365 ὁμοφύλους
3610 5294 3767 5357 τινὰς

2175 5388 2335 5452 ὄντας
2379 5388 2475 5442 καὶ
2519 5388 2801 5457 συγγενεῖς
2842 5386 2975 5457 μηδὲ
3030 5386 3129 5457 τῆς
3176 5386 3347 5457 αὐτῆς
3397 5384 3574 5455 πύλης
3612 5385 3764 5447 ἐντὸς

2175 5480 2450 5550 γενέσθαι,
2482 5479 2642 5534 ἄλλου
2676 5480 2797 5532 κατ’
2830 5478 2997 5549 ἄλλην
3028 5477 3233 5532 εἴσοδον
3270 5476 3411 5531 κατὰ
3448 5476 3509 5529 τὸ
3548 5475 3763 5545 συμϐὰν

2176 5571 2589 5644 εἰσδραμόντος,
2636 5569 2792 5623 οὐδὲν
2826 5569 2881 5622 δὲ
2925 5564 3089 5639 ἧττον
3137 5569 3287 5633 ἐντὸς
3321 5569 3418 5638 τῆς
3463 5565 3763 5638 περιϐολῆς

2177 5664 2269 5718 τοῦ
2324 5664 2533 5734 τείχους
2584 5661 2899 5733 γενόμενοι,
2948 5663 3110 5715 πάλιν
3166 5663 3283 5729 μετ’
3329 5660 3582 5730 ἀλλήλων
3633 5659 3763 5721 εἰσὶ,
