3880 6356
1185 308 1205 336 I

186 383 276 444 153
1337 397 1427 457 DE
1496 400 1783 460 HOMINIS
1843 401 2164 461 OPIFICIO.
3344 425 3452 483 154

181 503 321 606 πρὸς.
332 502 605 606 άλλήλρυς
629 505 846 571 οἰκείως
869 508 1104 582 ἔχοντεςσ
1130 515 1225 569 καὶ
1255 516 1317 570 τὸ
1350 517 1586 590 ἔμπαλιν
1612 520 1713 574 ἔστι

1918 537 1970 578 ιη
1991 523 2391 595 ingrediantur,
2409 526 2518 583 alio
2543 527 2923 588 forte'l‘ortuna
2943 548 3039 606 per
3056 538 3220 595 alium
3240 542 3450 599 aditum

180 597 348 701 εὖρεῖν
399 598 727 701 γινόμενον·
787 602 836 655 οἰ
900 604 1007 676 γάρ
1062 607 1476 681 άπεξενωμένοι
1537 630 1597 667 τε
1658 631 1712 667 κι

1915 615 1933 669 l
1985 619 2172 672 urbem
2206 617 2396 682 itante,
2453 622 2545 691 qui
2589 597 3264 701 nihilominus-postquam
3303 597 3447 690 intra

180 688 428 789 armat-ot
453 689 720 789 ,ἀλλήλων
761 694 858 766 μιᾷ
886 695 1127 766 χρῶνται
1155 700 1294 771 πρὸς
1328 702 1427 774 τὴν
1455 703 1609 757 πόλιν
1638 708 1712 759 εἰσ

1920 710 2192 764 mniorum
2243 712 2508 769 ambiLum
2551 730 2837 782 venerunt,
2876 724 3234 789 conveniunt,
3268 734 3322 780 et
3349 743 3447 783 ne-

179 778 567 888 (dqi‘nondxtg
587 823 604 849 ,
643 783 756 837 ἀλλ’
787 786 847 840 οὐ
884 789 1148 843 συνάπτει
1177 791 1401 855 τούτους
1427 794 1681 867 ἀλλήλοις

1917 798 2202 855 :ssitudine
2239 808 2427 856 mutua
2485 805 2590 858 sibi
2641 806 2883 863 devincti
2927 820 3094 881 sunt;
3144 824 3449 888 contraque

180 872 309 926 κατὰ
331 874 429 945 τὴν
456 873 671 930 εἴσοδον
699 879 955 934 κοινωνία
974 899 987 912 ·
1019 880 1277 938 δύνανται
1314 884 1425 957 γὰρ
1471 887 1565 940 καὶ
1601 888 1712 942 ὲντί

1916 890 1978 944 ari
1999 898 2196 962 potest,
2258 901 2315 947 ut
2347 895 2597 952 homines
2616 914 2842 971 peregre
2870 904 3168 973 venientes,
3194 872 3448 979 interque

178 966 440 1035 γενόμενοι
465 967 825 1042 διακριθῆναι
848 972 986 1044 πρὸς
1014 974 1074 1027 τὸ
1098 976 1387 1047 ὁμόφυλον*
1427 980 1671 1034 τοιοῦτόν
1699 999 1710 1027 ε

1911 998 1984 1038 ese
2016 984 2208 1054 ignoti,
2262 986 2454 1042 eodem
2490 989 2558 1044 ad
2602 966 2793 1046 urbem
2851 994 3002 1050 aditu
3055 966 3391 1054 contendant
3429 1018 3443 1057 :

181 1057 348 1153 βλέπω
375 1058 468 1153 καὶ
502 1060 602 1121 ἐπὶ
630 1063 728 1133 τῆς
762 1064 903 1117 κατὰ
934 1065 1026 1120 τὸν
1060 1066 1187 1121 νοῦν
1221 1068 1582 1141 εὐρυχωρίας.
1617 1073 1713 1127 Πο)

1913 1090 1999 1130 tos
2057 1083 2236 1131 tamen
2290 1083 2601 1137 communis
2636 1084 2689 1137 in
2745 1085 2933 1140 urbem
2971 1088 3255 1153 ingressus
3297 1093 3445 1147 nullo

179 1147 321 1212 lixa;
345 1149 454 1223 γὰρ
477 1153 578 1206 καὶ
610 1155 676 1207 ὲκ
709 1154 983 1227 διαφόρων
1010 1158 1381 1233 αἰσθητηρίων
1422 1162 1520 1233 μία
1548 1154 1711 1234 γνῶσι

1909 1168 2023 1223 nodo
2055 1168 2360 1244 coniungit,
2404 1179 2625 1246 quando
2665 1183 2852 1236 urbem
2889 1147 3121 1254 ingressi
3167 1190 3315 1243 sunt,
3340 1196 3441 1251 pro

180 1242 298 1309 ἡμῖν
322 1243 731 1315 συναγείρεται,
758 1246 850 1300 τοῦ
876 1249 1042 1303 αὐτοῦ
1073 1253 1399 1323 πράγματος
1424 1256 1712 1329 πολυμερῶ

1907 1258 2021 1314 bitu
2046 1263 2283 1334 quisque
2307 1281 2365 1323 se
2387 1268 2852 1344 ab‘aliis-separat,
2883 1242 3113 1345 singulis
3137 1291 3267 1331 suos
3290 1242 3436 1344 qlia!-

182 1331 302 1434 πρὸς
329 1335 432 1434 τὰς
455 1337 745 1409 αἰσθήσεις
777 1340 1155 1413 μεριζομένου.
1194 1346 1364 1400 Πάλιν
1393 1348 1439 1401 δ’
1472 1344 1539 1403 αὖ
1570 1351 1631 1405 τὸ
1659 1353 1714 1405 ἐν

1904 1349 2113 1406 antibus
2146 1369 2294 1408 :non
2335 1356 2661 1415 dissimilem
2708 1364 3015 1434 intelligere
3051 1364 3242 1419 videor
3270 1363 3436 1418 etiam

179 1422 360 1488 αντίον,
407 1426 561 1481 ἔστιν
609 1430 676 1482 ἐκ
728 1433 858 1502 μιᾶς
888 1451 1034 1500 τινος
1074 1435 1183 1490 τῶν
1231 1439 1539 1510 αἰσθήσεων
1576 1444 1710 1498 πολλ

1915 1440 2057 1494 entis
2085 1441 2500 1511 amplitudinem
2528 1460 2674 1501 esse.
2700 1445 2836 1501 Nam
2857 1422 3235 1519 sépenumero
3265 1460 3329 1507 ex
3361 1451 3447 1507 di—

178 1514 262 1567 καί
289 1519 512 1611 ποικίλα
545 1521 778 1611 μαθεῖν,
813 1525 967 1578 οὐδὲν
1000 1527 1249 1600 ἀλλήλοις
1284 1532 1426 1586 κατὰ
1454 1534 1554 1604 τὴν
1583 1535 1710 1605 φύσι

1910 1531 2027 1584 :rsis
2055 1542 2316 1585 sensuum
2337 1534 2562 1604 organis
2590 1535 2755 1592 unius
2779 1537 2857 1592 rei
2890 1539 3254 1609 cognitionem
3279 1556 3442 1611 para-

182 1605 562 1675 αυμϐαίνοντα·
620 1606 731 1667 οἷον
775 1613 793 1683 (
831 1618 1079 1686 κρεῖττον
1119 1619 1228 1692 γὰρ
1271 1622 1329 1672 ὲν
1381 1622 1714 1695 ύποδείγματ

1912 1636 1999 1685 us,
2035 1622 2150 1693 ipsa
2180 1638 2236 1677 re
2254 1624 2487 1681 diversis
2510 1626 2686 1683 modis
2717 1629 2973 1685 sensibus
3000 1646 3059 1686 se
3092 1631 3437 1687 insinuante:

176 1697 545 1771 διασαφηνίσαι
595 1704 689 1758 τὸν
724 1704 961 1777 λόγον),
1001 1710 1314 1781 προκείσθω
1366 1714 1649 1785 ζητεῖσθαί
1692 1736 1708 1771 1

1910 1724 2044 1769 intra
2079 1716 2260 1773 videre
2305 1726 2411 1784 est,
2443 1735 2555 1775 uno
2587 1721 2892 1793 eodemque
2943 1739 3109 1779 sensu
3144 1726 3313 1780 multa
3344 1740 3442 1779 va-

177 1792 290 1886 περί
317 1792 504 1863 χυμῶν
537 1795 824 1868 ἰδιότητος,
846 1799 900 1853 τί
935 1801 1035 1870 μὲν
1058 1802 1157 1870 ἡδὺ
1187 1804 1321 1876 πρὸς
1343 1807 1441 1876 τὴν
1466 1808 1709 1879 αίσθησιι

1945 1823 2045 1877 que
2097 1810 2329 1880 percipi,
2370 1828 2491 1882 quae
2524 1792 2817 1886 caeteroqui
2845 1823 3041 1871 natura
3073 1818 3214 1871 inter
3244 1834 3302 1873 se
3333 1833 3441 1873 non
3473 1824 3477 1829 ’

176 1882 302 1976 τίδὲ
331 1888 563 1954 φευκτὸν
594 1892 709 1952 τοῖς
739 1892 1058 1963 γευομένοις
1087 1892 1256 1951 ἐστίν.
1291 1899 1504 1953 Οὐκοῦν
1542 1903 1702 1973 εύρέθ

1917 1902 2201 1955 nveniunt.
2244 1901 2406 1957 Verbi
2445 1905 2620 1973 gratia
2665 1908 2828 1976 (nam
2865 1908 3070 1962 rectius
3108 1908 3220 1963 haec
3259 1924 3444 1964 exem-

176 1973 251 2029 διέι
294 1976 389 2048 τῆς
430 1979 629 2051 πείρας
663 1982 697 2051 ἤ
739 1998 798 2035 τε
849 1984 950 2055 τῆς
993 1985 1160 2056 χολῆς
1200 1988 1501 2060 πικρότης,
1539 1993 1634 2046 καὶ
1684 2012 1708 2047 τ

1906 1992 1952 2047 is
1986 1992 2377 2064 illustrantur),
2431 1973 2775 2065 propositum
2826 1999 2988 2053 nobis
3018 2008 3137 2053 esto
3181 2001 3438 2070 quiddam

176 2070 424 2160 προσηνὲς
446 2071 551 2142 τῆς
582 2072 727 2126 κατὰ
750 2073 813 2126 τὸ
850 2075 976 2145 μέλι
1017 2079 1323 2150 ποιότητος.
1370 2084 1656 2155 Διαφόρων
1686 2088 1708 2140 ὃ

1901 2100 1911 2137 ι
1970 2099 2224 2151 saporum
2285 2087 2621 2154 proprietate
2676 2090 3015 2158 perquirere,
3064 2091 3202 2160 quis
3233 2089 3433 2153 dulcis,

82 2170 83 2173 ‘
173 2159 323 2217 ὄντων
345 2164 576 2231 τούτων,
611 2168 742 2239 μίαν
768 2172 980 2242 εἰσάγει
1002 2172 1204 2242 γνῶσιν
1236 2174 1297 2228 τὸ
1327 2176 1459 2230 αὐτὸ
1487 2180 1614 2249 πρᾶ·

1908 2174 2258 2245 ιίςοςυειιιιυί
2298 2185 2491 2231 contra
2553 2178 2804 2248 ingratus
2843 2180 3042 2235 humor
3096 2159 3188 2235 sit.
3253 2183 3440 2251 Itaque

176 2254 474 2344 πολυμερῶς
515 2261 588 2330 τῇ
636 2260 847 2334 διανοίᾳ
887 2263 1338 2336 εἰσοικιξόμενον,
1378 2266 1413 2337 ἢ
1466 2269 1675 2338 γεύσει,

1904 2283 2105 2323 ιοεηιυιο
2141 2271 2479 2339 experientia
2520 2271 2681 2326 bilem
2733 2273 2953 2343 quidem
2994 2290 3118 2330 esse
3146 2290 3387 2329 amaram
3421 2291 3436 2330 :

172 2343 431 2418 ὀσφρήσει,
480 2350 514 2421 ἧ
572 2350 733 2420 ἀκοῇ,
772 2353 1033 2418 πολλάκις
1061 2355 1119 2409 δὲ
1154 2357 1247 2411 καὶ
1286 2360 1350 2429 τῇ
1384 2359 1517 2430 ἁφῇ,
1552 2360 1645 2414 καὶ
1672 2379 1701 2414 τ

1903 2370 2052 2415 atam
2118 2377 2247 2416 vero
2311 2364 2454 2417 melli
2517 2366 2835 2435 qualitatem
2886 2368 3182 2436 quamdam
3231 2367 3435 2422 inesse.

172 2435 297 2505 θᾷει.
343 2441 450 2494 Καὶ
486 2443 604 2513 γὰρ
641 2442 763 2497 ἰδών
792 2463 877 2509 τις
917 2447 977 2500 τὸ
1026 2448 1182 2518 μέλι,
1214 2450 1308 2503 καὶ
1351 2451 1446 2504 τοῦ
1477 2452 1704 2523 ὀνόματα

1905 2470 1969 2510 ec
2003 2471 2129 2509 cum
2174 2456 2390 2512 diversa
2417 2458 2556 2511 inter
2581 2472 2640 2513 se
2675 2459 2963 2523 exsistant,
3000 2474 3106 2514 uua
3149 2468 3328 2514 tamen
3361 2459 3437 2514 rei

173 2526 390 2593 ἀκούσας
411 2571 425 2594 ,
476 2533 578 2586 καὶ
606 2537 673 2605 τῇ
712 2534 898 2602 γεύσει
931 2537 1111 2592 λαϐὼν
1131 2581 1145 2604 ,
1180 2541 1275 2594 καὶ
1308 2540 1397 2594 τὸν
1428 2542 1599 2613 ἀτμὸν
1652 2544 1703 2597 δι

1901 2547 2034 2601 ltitia
2083 2556 2451 2617 comparatur,
2490 2548 2668 2603 modis
2708 2550 2876 2605 variis
2905 2551 3074 2604 menti
3126 2551 3433 2615 insinuata,

173 2619 257 2688 τῆς
282 2622 602 2694 ὀσφρήσεως
637 2627 913 2694 ἐπιγνοὺς,
944 2630 1040 2683 καὶ
1066 2633 1133 2701 τῇ
1163 2631 1278 2702 ἁφῇ
1309 2632 1614 2704 δοκιμάσας
1634 2675 1648 2699 ,
1678 2653 1705 2688 τ

1906 2640 2102 2692 mirum
2142 2646 2387 2710 gustatu,
2421 2639 2679 2703 odoratu,
2724 2641 2940 2703 auditu,
2979 2641 3143 2695 etiam
3176 2649 3434 2695 contactu

173 2712 288 2764 αὐτὸ
326 2716 562 2786 πρᾶγμα
603 2717 669 2770 δι’
716 2719 949 2775 ἑκάστου
990 2722 1096 2777 τῶν
1151 2725 1527 2798 αἰσθητηρίων
1571 2729 1705 2797 ἐγνώ

1906 2743 2258 2797 mnunquam,
2292 2735 2344 2781 et
2370 2727 2787 2796 aspcctu.-Nam
2811 2744 2936 2781 cum
2972 2730 3098 2797 quis
3130 2729 3236 2783 mel
3259 2729 3438 2784 intue-

177 2819 296 2869 ρισε.
326 2808 556 2863 Ποικίλα
586 2810 642 2863 δὲ
672 2811 835 2867 πάλιν
875 2813 972 2867 καὶ
1008 2815 1264 2888 πολυειδῆ
1298 2819 1386 2872 διὰ
1419 2822 1551 2891 μιᾶς
1592 2839 1707 2875 τινο

1906 2836 1950 2884 r,
1985 2834 2185 2874 nomen
2230 2818 2403 2884 audit,
2432 2829 2651 2890 gustum
2681 2820 2931 2890 percipit,
2963 2820 3192 2873 halitum
3222 2820 3434 2886 olfacit,

172 2891 453 2965 αἰσθήσεως
484 2899 857 2972 διδασκόμεθα
878 2920 891 2933 ο
915 2904 1012 2974 τῆς
1042 2923 1101 2958 τε
1139 2907 1309 2980 ἀκοῆς
1346 2896 1608 2976 παντοίας
1650 2912 1704 2966 δε

1902 2921 2098 2967 mtactu
2167 2913 2404 2981 denique
2460 2912 2639 2981 ipsum
2706 2914 2975 2981 explorat,
3019 2912 3266 2967 eamdem
3320 2926 3434 2967 rem

174 2986 388 3059 χυμένης
426 2991 647 3058 φωνάς,
714 2994 813 3064 τῆς
849 3014 907 3050 τε
947 2998 1039 3052 διὰ
1082 2999 1193 3054 τῶν
1239 3001 1535 3072 ὀφθαλμῶν
1585 3004 1704 3057 ἀντι

1905 3002 2073 3072 igulis
2121 3002 2377 3056 sensibus
2410 3001 2693 3071 percipit:
2755 3009 2950 3055 contra
3004 3016 3135 3055 vero
3175 3002 3328 3055 varia
3381 3009 3437 3056 et

172 3072 364 3167 λήψεως
384 3082 698 3154 ἀδιάκριτον
724 3086 953 3161 ἐχούσης
966 3089 1071 3161 τὴν
1093 3092 1374 3164 ἐνέργειαν
1397 3095 1491 3148 ἐπὶ
1509 3096 1609 3167 τῆς
1626 3097 1704 3150 τῶ

1900 3095 2023 3149 ιερὶε
2047 3094 2262 3149 diversa
2301 3108 2410 3146 uno
2455 3093 2702 3148 virissim
2758 3109 2925 3148 sensu
2967 3100 3051 3148 est
3080 3108 3432 3163 cognoscere.

172 3166 473 3238 ἑτερογενῶν
505 3174 762 3245 θεωρίας.
811 3178 1044 3249 Ὁμοίως
1069 3184 1178 3254 γὰρ
1212 3184 1390 3256 λευκῷ
1415 3205 1474 3239 τε
1498 3166 1704 3259 προσπί

1904 3186 2316 3241 uemadmodum
2349 3186 2540 3241 auditu
2576 3187 2759 3240 omnis
2804 3187 3023 3256 generis
3061 3201 3224 3240 voces
3254 3187 3436 3256 perci—

172 3277 299 3351 πτει,
332 3265 422 3317 καὶ
467 3268 682 3337 μέλανι,
732 3272 827 3323 καὶ
877 3274 1010 3327 πᾶσι
1053 3278 1167 3340 τοῖς
1203 3278 1344 3331 κατὰ
1376 3279 1438 3331 τὸ
1493 3282 1704 3334 ὲναντίο

1909 3289 2077 3334 untur
2109 3298 2122 3335 :
2156 3290 2209 3335 et
2226 3281 2511 3333 oculorum
2543 3294 2605 3333 ea
2633 3279 2870 3334 lacultas
2893 3288 2997 3343 est,
3024 3285 3085 3332 ut
3122 3279 3434 3347 promiscue

171 3346 398 3445 διεστῶσι
449 3358 529 3429 τῷ
582 3359 852 3431 χρώματι.
910 3363 1097 3431 Οὕτως
1146 3370 1178 3439 ή
1235 3370 1445 3437 γεῦσις,
1492 3371 1703 3437 οὕτως⁴

1901 3387 1937 3427 :s
1990 3373 2153 3426 etiam
2183 3388 2383 3443 genere
2411 3372 2659 3427 diversas
2685 3372 2935 3427 videant:
2968 3372 3242 3426 consimili
3287 3372 3433 3426 enim

171 3441 432 3535 ¹ᾅσςφρησις,
464 3450 642 3518 οὕτως
676 3456 707 3526 ἡ
741 3455 828 3510 διὰ
855 3458 952 3529 τῆς
979 3460 1123 3531 ἁφῆς
1153 3465 1499 3533 κατανόησις,
1536 3483 1703 3521 παντο

1905 3465 2012 3519 odo
2038 3464 2255 3518 videndi
2280 3464 2364 3519 vis
2395 3464 2449 3517 iu
2479 3465 2941 3535 album,nigrum,
2972 3480 3058 3519 res
3090 3466 3216 3519 item
3250 3464 3435 3519 colore

171 3534 338 3633 δαπῶν
376 3546 724 3617 πραγμάτων
757 3551 961 3623 ἑκάστη
1006 3554 1094 3608 διὰ
1134 3557 1232 3626 τῆς
1271 3558 1481 3623 οἰκείας
1513 3559 1702 3633 ἀντιλή

1909 3566 1990 3613 ter
2025 3573 2084 3613 se
2110 3558 2358 3612 diversas
2385 3564 2612 3612 caateras
2652 3557 2865 3611 incidit.
2920 3557 3012 3611 Sic
3065 3573 3261 3612 sensus
3305 3557 3436 3611 reli-

172 3626 299 3695 ψεως
324 3633 418 3706 τὴν
453 3637 660 3708 γνῶσιν
694 3642 987 3715 ἐντίθησιν.
1690 3626 1702 3633 -

1902 3652 1959 3715 ll,
1989 3658 2261 3722 gustatus,
2310 3649 2595 3715 odoratus,
2631 3657 2940 3713 contactus,
2996 3650 3273 3701 variarum
3316 3648 3434 3702 sin-

580 3748 585 3753 “
1282 3768 1287 3772 ·
1838 3745 1952 3815 guli
2004 3759 2189 3798 rerum
2246 3757 2344 3799 sua
2400 3742 2749 3812 perceptione
2801 3742 3053 3794 notitiam
3119 3740 3282 3794 nobis
3335 3754 3431 3809 pa-

1760 3894 1765 3901 .
1841 3834 2014 3889 riunt.

673 3914 1069 3973 ΚΕΦΑΛΑΙΟΝ
1109 3921 1210 3974 IA’.

2446 3917 2677 3975 CAPUT
2732 3917 2826 3972 XI.

297 4004 417 4059 Ὅτι
454 4005 793 4093 ἀθεώρητος
824 4012 861 4080 ἡ
891 4012 998 4066 τοῦ
1025 4012 1343 4083 ἀνθρώπου
1381 4017 1589 4085 φύσις.

1902 4029 2109 4072 aturam
2132 4014 2362 4069 hominis
2386 4021 2552 4067 totam
2572 4010 2994 4064 consideratione
3011 4016 3192 4061 nostra
3210 4004 3434 4076 perspici

2487 4099 2592 4135 non
2617 4098 2790 4136 posse.
3338 4135 3343 4136 ,

2487 4099 2592 4135 non
2617 4098 2790 4151 posse.
3336 4135 3344 4143 .

233 4157 290 4210 Τί
313 4159 485 4214 τοίνυν
517 4162 635 4215 ἐστὶ
662 4162 806 4216 κατὰ
825 4153 928 4236 ’τὴν
960 4167 1153 4221 ἑαυτοῦ
1190 4171 1351 4238 φύσιν
1377 4174 1405 4226 ὁ
1430 4172 1556 4239 νοῦς
1576 4215 1591 4238 ,
1624 4177 1652 4228 ὁ
1679 4179 1737 4230 ἐν

1912 4179 2055 4247 Quid
2102 4177 2291 4248 igitur,
2345 4173 2585 4244 inquies,
2622 4180 2819 4226 natura
2856 4184 2956 4224 sua
2998 4184 3154 4223 mens
3190 4167 3435 4221 hominis

171 4250 494 4342 sichumi;
535 4254 828 4325 δυνάμεσιν
872 4259 1066 4314 ἑαυτὸν
1110 4262 1471 4334 ὲπιμερίζων,
1526 4269 1621 4322 καὶ
1666 4269 1703 4322 δι

1905 4282 1946 4337 t,
1982 4285 2105 4342 quae
2143 4283 2243 4339 per
2276 4280 2538 4322 sensuum
2581 4263 2829 4318 diversas
2863 4277 2924 4316 se
2961 4261 3248 4315 facultates
3270 4258 3431 4323 didit,

170 4341 381 4452 ἑκάστης
412 4345 770 4418 καταλλήλως
796 4349 898 4420 τὴν
928 4351 1034 4405 τῶν
1056 4352 1229 4409 ὄντων
1252 4356 1455 4425 γνῶσιν
1489 4360 1702 4432 άναλαμ

1926 4380 2021 4437 per
2044 4364 2141 4418 has
2182 4360 2284 4417 sibi
2310 4373 2494 4413 rerum
2518 4355 2766 4410 notitiam
2801 4352 3120 4422 comparat?
3150 4351 3431 4406 Diversum

171 4430 359 4545 δάνωνς
389 4438 518 4545 "91c
547 4439 655 4511 γὰρ
694 4440 820 4494 ἄλλο
858 4459 913 4495 τι
939 4446 1094 4516 παρὰ
1118 4445 1219 4510 τὰς
1245 4448 1529 4520 αἰσθήσεις
1561 4430 1703 4505 ἐστίν

1906 4430 1972 4512 ne
2001 4454 2262 4527 quiddam
2292 4465 2418 4505 esse
2463 4456 2701 4503 mentem
2736 4446 2806 4499 ah
2854 4444 2992 4515 ipsis
3020 4443 3299 4507 sensibus,
3339 4441 3432 4510 qui

169 4526 254 4633 ούκ
299 4527 359 4581 ἂν
389 4525 551 4637 οἶμαι
589 4550 708 4588 τινα
761 4536 869 4590 τῶν
917 4538 1204 4608 ἐμφρόνων
1249 4540 1633 4611 ἀμφιϐάλλειν.
1670 4545 1701 4597 Ε

1904 4525 2099 4620 abigat,
2139 4546 2258 4601 fore
2282 4544 2585 4605 neminem,
2622 4539 2717 4610 qui
2767 4539 2991 4610 quidem
3045 4537 3243 4606 sapiat,
3287 4535 3436 4588 arbio

170 4616 263 4687 γὰρ
284 4621 478 4676 ταύτὸν
502 4619 571 4694 ἦν
596 4628 661 4697 τῇ
693 4626 965 4699 αἰσθήσει,
988 4631 1127 4701 πρὸς
1155 4631 1213 4684 ἓν
1239 4633 1457 4698 πάντως
1482 4633 1596 4705 εἶχε
1622 4636 1699 4688 τῶ

1892 4659 1969 4699 or.
1994 4616 2139 4696 'Nam
2195 4639 2240 4694 si
2272 4637 2416 4692 idem
2448 4642 2596 4692 esset
2623 4634 2768 4705 quod
2810 4646 3032 4693 sensus,
3068 4628 3293 4684 omnino
3326 4626 3424 4681 uni

170 4712 273 4762 κατ’
300 4714 553 4785 αἴσθησιν
586 4718 993 4789 ἐνεργουμένων
1036 4722 1137 4793 τὴν
1177 4724 1520 4794 οἰκειότητα,
1555 4725 1643 4780 διὰ
1673 4744 1701 4779 τ

1951 4734 2206 4790 sensibus
2237 4737 2385 4786 esset
2429 4726 2652 4782 aﬂinis:
2710 4724 2933 4796 quando
2970 4738 3126 4778 mens
3168 4723 3287 4791 ipsa
3333 4735 3435 4774 na-

169 4800 352 4894 άπλοῦν
392 4807 494 4877 μὲν
531 4809 693 4861 αὐτὸν
732 4806 889 4878 εἶναι,
943 4813 1111 4884 μηδὲν
1161 4815 1218 4867 δὲ
1266 4816 1509 4870 ποικίλον
1551 4818 1608 4870 ὲν
1653 4821 1701 4870 τί

1901 4843 1971 4883 ra:
2008 4824 2275 4894 simplicis
2315 4827 2420 4886 est,
2454 4820 2509 4874 in
2544 4834 2652 4889 qua
2698 4816 2838 4871 nihil
2894 4816 3062 4871 statui
3090 4814 3302 4869 varium
3336 4827 3429 4882 po-

171 4893 309 4967 ἁτελῷ
355 4898 701 4970 θεωρεῖσθαι.
752 4904 888 4958 Νυνὶ
937 4905 995 4958 δὲ
1040 4905 1260 4960 πάντων
1308 4908 1703 4981 συντιθεμένων

1895 4930 1960 4978 st.
2020 4918 2093 4973 At
2119 4893 2254 4973 vero
2293 4914 2616 4983 compositis
2661 4910 2939 4973 omnibus,
2988 4923 3113 4961 cum
3163 4905 3309 4960 aliud
3355 4906 3427 4959 sit

170 4984 281 5040 ἄλλο
308 4990 403 5060 μέν
435 5009 489 5045 τι
516 4992 615 5064 τὴν
647 4995 789 5067 ἁφὴν
822 4993 962 5051 εἷναι
982 5039 995 5063 ,
1027 4998 1157 5052 ἄλλο
1200 4999 1258 5053 δὲ
1305 5000 1404 5071 τὴν
1439 5002 1702 5075 δσφρησιν

1901 5023 2137 5077 ntactus,
2170 5007 2317 5069 aliud
2347 5007 2628 5069 odoratus,
2652 5003 2977 5071 ueterisque
3008 5000 3191 5055 itidem
3233 4999 3313 5054 sic
3341 4997 3428 5052 in-

172 5080 371 5136 καὶτῶν
397 5084 577 5138 ἄλλων
598 5086 860 5152 ὡσαύτως
880 5091 1261 5162 άκοινωνήτως
1284 5109 1341 5146 τε
1367 5093 1462 5145 καὶ
1482 5093 1699 5162 ἁμίκτω

1899 5127 1916 5164 r
1938 5123 1997 5166 se
2021 5105 2281 5169 diversis,
2311 5109 2372 5154 ut
2396 5097 2772 5169 nihilquidem
2798 5097 2941 5152 inter
2965 5096 3115 5165 ipsos
3138 5105 3431 5148 commune

172 5173 292 5242 πρὸς
318 5177 524 5250 ἄλληλα
555 5179 939 5252 διακειμένων,
975 5184 1163 5256 ἐπειδὴ
1196 5185 1337 5238 κατὰ
1359 5185 1421 5239 τὸ
1450 5187 1562 5240 ἴσον
1595 5185 1701 5240 ἑκά

1894 5215 1928 5272 l,
1967 5218 2127 5259 mens
2175 5209 2356 5255 tamen
2391 5196 2625 5266 singulis
2663 5193 2872 5265 pariter
2920 5191 3131 5246 ratione
3189 5184 3426 5256 quadam

174 5280 259 5339 στῃ
293 5273 643 5346 καταλλήλως
675 5275 966 5348 πάρεστιν,
994 5278 1183 5349 ἕτερον
1223 5296 1348 5333 τινα
1384 5280 1603 5344 πάντως
1631 5282 1698 5334 αὖ

1895 5295 2196 5354 mvenieute
2220 5289 2383 5355 adsit,
2419 5287 2646 5360 omnino
2689 5283 3027 5341 censendum
3061 5287 3147 5336 est
3185 5285 3427 5333 mentem

170 5356 248 5471 Ξὺν
279 5364 378 5434 χρὴ
419 5366 571 5435 παρὰ
604 5366 705 5439 τὴν
743 5368 1007 5441 αἰσθητὴν
1040 5370 1392 5424 ὑποτίθεσθαι
1438 5372 1622 5441 φύσιν,
1659 5360 1702 5425 ὡ

1897 5386 1985 5441 iud
2042 5380 2301 5454 quiddam
2332 5391 2476 5443 esse,
2510 5356 2674 5447 quam
2735 5374 2807 5428 sit
2852 5379 3049 5426 natura
3085 5368 3327 5432 sensilis,
3359 5381 3429 5422 ne

169 5446 323 5547 ἆν-μή
347 5473 429 5520 τις
458 5460 701 5513 ποικιλία
726 5461 803 5532 τῷ
833 5470 1009 5533 νοητῷ
1041 5463 1391 5536 συμμιχθείη.
1431 5485 1450 5515 ι
1472 5465 1567 5527 Τίς
1593 5465 1701 5534 ἐγνε

1891 5446 2078 5547 mplici
2126 5472 2227 5538 rei,
2258 5477 2313 5527 et
2344 5483 2468 5540 qua:
2514 5465 2873 5536 intelligentia
2914 5459 3422 5531 comprehenditur,

170 5540 277 5598 νοῦν
301 5548 578 5620 Κυρίου;ι
624 5552 792 5623 φησὶν
828 5556 857 5607 ὁ
904 5556 1243 5621 Ἀπόστολος.
1291 5556 1434 5627 Ἐγὼ
1476 5558 1533 5611 δὲ
1583 5576 1702 5630 παρη

1896 5540 2019 5626 esse
2069 5566 2284 5621 diversa
2320 5558 2569 5631 quaedam
2600 5564 2930 5613 statuamus.
2983 5552 3254 5608 Prmclare
3283 5552 3427 5621 Apo-

171 5632 305 5690 τῡῦτό
332 5656 488 5711 φημι,
516 5643 614 5707 Τίς
648 5643 739 5697 τὸν
775 5645 907 5700 ἴδιον
938 5648 1060 5703 νσιῦν
1093 5652 1447 5721 κατενόησεν;
1484 5652 1703 5706 Εἰπάτω

1898 5663 2017 5716 olus
2075 5658 2347 5713 exclamat
2385 5672 2397 5708 :
2435 5670 2455 5704 ι
2495 5650 2631 5716 Quis
2676 5654 2914 5703 mentem
2975 5644 3189 5700 Domini
3218 5658 3425 5713 cogno—

173 5742 259 5779 σαν
280 5732 324 5785 οἱ
345 5734 432 5788 τοῦ
454 5736 593 5792 Θεοῦ
628 5736 726 5809 τὴν
754 5739 914 5809 φύσιν
953 5745 1102 5809 ἐντὸς
1138 5747 1450 5818 ποιούμενοι
1482 5747 1577 5817 τῆς
1603 5748 1700 5801 ἑαυ

1898 5765 1915 5808 ι
1942 5755 1984 5786 ⁸³
2016 5754 2039 5804 ’ἰ
2079 5771 2094 5803 ι
2145 5747 2272 5804 Mihi
2307 5760 2433 5799 vero
2465 5744 2596 5798 libet
2632 5741 2733 5795 hoc
2765 5739 2931 5796 etiam
2972 5736 3212 5810 adjicere
3241 5753 3253 5789 :
3286 5735 3424 5802 Quis

231 5831 265 5862 ⁸¹
303 5845 445 5908 Rom.
482 5870 557 5923 λι,
596 5854 688 5910 Si.
