3890 6350
474 372 585 434 £55

1716 380 1774 438 S.
1802 382 2137 442 GREGORII
2180 387 2475 445 NYSSENI

3658 395 3765 454 |56

473 499 709 548 mentem
747 493 1025 563 propriam
1062 494 1415 566 perspectam
1443 494 1641 552 habet?
1665 494 2057 569 Respondeant

2183 503 2269 558 τῶν
2322 506 2711 578 καταλήψεως,
2757 508 2807 562 εί
2850 507 3081 575 ἑαυτοὺς
3135 511 3515 586 κατενόησαν;
3562 514 3613 568 εἰ
3662 514 3762 570 τοῦ

473 585 657 651 nobis,
685 586 776 655 qui
820 585 915 642 Dei
949 594 1201 642 naturam
1233 588 1404 643 animi
1450 590 1884 661 cogitationibus
1914 608 2067 649 com-

474 675 734 744 prehendi
800 691 964 745 posse
1019 678 1363 745 existimant,
1412 680 1699 751 seipsosne
1729 684 1891 754 plane
1938 700 2067 740 con-

472 766 717 835 templati
741 768 909 821 sunt?
947 772 1218 826 mentisve
1241 774 1478 843 propria:
1514 786 1768 830 naturam
1809 779 2067 849 explora-

471 866 580 910 tam
610 866 664 912 et
694 860 968 929 cognitam
1001 860 1417 920 habent?Dices
1452 865 1594 920 hanc
1618 865 1757 923 forte
1783 867 1981 925 multis'
1998 886 2066 927 ex

471 948 637 1004 rebus
668 949 904 1006 diversis
936 961 1216 1008 constare.
1254 955 1324 1008 At
1364 971 1474 1026 quo
1503 966 1662 1026 pacto
1692 958 1806 1014 ﬁeri
1861 969 2064 1031 potest,

469 1039 704 1110 utquod
755 1041 939 1096 animo
991 1042 1335 1115 intelligitur,
1398 1050 1764 1118 compositum
1798 1051 1912 1105 sit?
1963 1061 2061 1108 aut

469 1148 591 1203 quae
621 1133 835 1188 tandem
868 1136 922 1189 in
948 1136 1051 1191 hoc
1072 1153 1197 1194 esse
1227 1140 1400 1208 possit
1453 1142 1730 1199 mistionis
1767 1160 1949 1200 rerum
1972 1163 2066 1218 ge-

470 1242 600 1282 nere
627 1226 974 1283 diversarum
1018 1231 1194 1285 ratio?
1253 1232 1351 1287 Sin
1382 1241 1572 1288 contra
1609 1244 1820 1293 statues
1855 1239 2066 1309 simpli-

469 1332 588 1371 cem
641 1320 935 1389 quamdam
1001 1325 1201 1380 mentis
1247 1338 1370 1379 esse
1414 1332 1687 1391 naturam,
1730 1329 2067 1401 minimeque

470 1412 831 1479 compositam
889 1429 902 1465 :
950 1427 1054 1482 qua
1103 1412 1220 1468 ﬁeri
1252 1414 1403 1469 dices
1427 1415 1661 1479 ratione,
1687 1427 1746 1471 ut
1794 1418 1849 1471 in
1884 1421 2065 1476 varios

470 1498 662 1556 eadem
703 1517 901 1559 sensus
957 1507 1284 1577 spargatur?
1318 1507 1595 1577 quomodo
1636 1508 1692 1562 in
1729 1525 1840 1564 uno
1873 1512 2067 1566 varia?

471 1593 752 1661 quomodo
800 1595 854 1649 in
903 1596 1072 1652 variis
1107 1612 1232 1653 esse
1291 1615 1461 1654 unum
1507 1600 1725 1669 potest?
1770 1600 2065 1659 Enimvero

470 1700 582 1754 quo
612 1685 664 1739 in
682 1695 733 1741 te
752 1687 989 1743 obscura
1018 1703 1121 1747 nos
1148 1699 1311 1761 pacto
1334 1691 1694 1761 explicemus,
1717 1694 2065 1750 animadver-
2102 1706 2114 1716 '

471 1786 547 1830 to.
577 1795 597 1829 ‹
639 1776 927 1836 Faciamus
951 1780 1252 1848 hominem,
1286 1800 1305 1833 ι
1367 1782 1545 1852 inquit
1577 1781 1741 1847 Deus,
1779 1801 1800 1836 ι
1834 1784 1901 1839 ad
1924 1787 2064 1841 ima-

2171 596 2302 649 ἰδίου
2330 597 2422 651 νοῦ
2447 599 2547 669 τὴν
2576 598 2739 667 φύσιν
2764 600 3118 670 ἐπέγνωσαν;
3150 602 3473 677 Πολυμερής
3505 604 3592 669 τίς
3614 604 3762 673 ἐστι,

2166 688 2261 742 καὶ
2292 689 2709 755 πολυσύνθετος.
2750 691 2861 745 Καὶ
2905 693 3024 757 πῶς
3062 694 3124 747 τὸ
3152 694 3342 766 νοητὸν
3373 696 3432 749 ἐν
3474 695 3760 762 συνθέσει;

2165 781 2313 852 ῆτίς
2362 784 2391 836 ὀ
2436 782 2540 853 τῆς
2586 782 2697 837 τῶν
2739 784 3073 855 ἑτερογενῶν
3118 786 3477 858 ἀνακράσεως
3512 786 3758 858 τρόπος;

2178 871 2319 927 Ἀλλ’
2354 872 2561 937 ἁπλοῦς
2600 875 2694 928 καὶ
2733 874 3025 939 ἁσύνθετος
3049 888 3065 904 ⁶
3095 876 3190 928 καὶ
3216 877 3333 940 πῶς
3356 878 3437 941 εἰς
3459 876 3558 947 τὴν
3587 876 3761 931 πολυ-

2171 965 2397 1036 μέρειαν
2425 966 2526 1036 τὴν
2565 965 2887 1038 αἰσθητικὴν
2911 967 3319 1038 διασπείρεται;
3355 968 3472 1033 πῶς
3502 971 3561 1023 ἐν
3590 968 3759 1039 μονόο

2165 1072 2291 1127 τητι
2341 1056 2404 1110 τὸ
2459 1057 2735 1122 ποικίλως
2784 1058 2900 1122 πῶς
2948 1059 3007 1110 ἐν
3047 1059 3290 1132 ποικιλίᾳ
3341 1060 3401 1113 τὸ
3441 1061 3540 1126 iv;
3610 1061 3760 1115 Ἀλλ’

2166 1146 2338 1216 ἐγνων
2385 1147 2497 1201 τῶν
2531 1149 2898 1221 ἠπορημένων
2934 1151 3035 1221 τὴν
3074 1151 3228 1204 λύσιν
3254 1206 3264 1215 ,
3294 1153 3385 1206 ἐπ’
3418 1152 3588 1224 αὐτὴν
3619 1154 3760 1207 ἀνα-

2164 1238 2386 1310 δραμὼν
2413 1239 2509 1292 τοῦ
2527 1239 2661 1292 Θεοῦ
2692 1240 2788 1311 τὴν
2810 1242 2995 1311 φωνήν
3011 1257 3025 1271 ·
3063 1259 3081 1293 ι
3106 1242 3430 1313 Ποιήσωμεν
3449 1261 3468 1293 ι
3496 1241 3629 1313 γὰρ,
3651 1259 3731 1313 φη
3750 1271 3763 1283 -

2167 1326 2273 1389 σὶν,
2304 1343 2325 1375 ι
2348 1324 2632 1399 ἄνθρωπον
2654 1331 2773 1382 κατ’
2794 1329 2976 1384 εἰκόνα
3003 1330 3099 1384 καὶ
3127 1330 3247 1385 καθ’
3266 1331 3525 1402 ὁμοίωσιν
3550 1332 3761 1403 ἡμετέα

2168 1434 2288 1487 ραν.
2315 1433 2335 1466 ι
2375 1418 2441 1472 Ἦ
2472 1420 2579 1490 γὰρ
2612 1419 2774 1475 εἰκὼν
2805 1421 2909 1485 ἐως
2937 1421 3003 1475 ἂν
3030 1424 3088 1476 ἐν
3133 1422 3322 1494 μηδενὶ
3356 1422 3615 1494 λείπηται
3647 1423 3762 1477 τῶν

2166 1508 2307 1560 κατὰ
2335 1510 2396 1562 τὸ
2436 1512 2742 1581 ἀρχέτυπον
2770 1513 3093 1584 νοουμένων,
3126 1514 3334 1584 κυρίως
3364 1516 3514 1568 ἐστὶν
3554 1514 3724 1569 εἰκών
3745 1531 3759 1543 ·

2167 1598 2287 1652 καθ’
2319 1599 2348 1653 ὃ
2385 1601 2429 1654 δ’
2461 1600 2526 1655 ἂν
2552 1602 2786 1676 διαπέσῃ
2812 1605 2908 1675 τῆς
2934 1605 3071 1677 πρὸς
3094 1606 3155 1659 τὸ
3181 1606 3539 1677 πρωτότυπον
3567 1606 3763 1676 ὁμοιόι-

2166 1707 2364 1762 τητος,
2396 1695 2516 1747 κατ’
2552 1696 2731 1748 ἐκεῖνο
2766 1696 2828 1748 τὸ
2872 1696 3038 1768 μέρος
3083 1698 3249 1750 εἰκὼν
3296 1698 3398 1765 οὐκ
3441 1697 3609 1751 ἐστιν.
3652 1699 3765 1749 Οὑ-

2166 1781 2297 1835 κοῦν
2330 1785 2518 1854 ἐπειδὴ
2548 1784 2605 1837 ἓν
2634 1783 2743 1839 τῶν
2779 1787 2905 1857 περὶ
2942 1786 3039 1858 τὴν
3068 1787 3219 1841 Θείαν
3259 1787 3418 1857 φύσιν
3447 1787 3766 1861 θεωρουμέο

471 1869 673 1941 ginem,
704 1871 1234 1944 similitudinemque
1262 1882 1529 1930 nostram.
1564 1893 1583 1926 ι
1614 1876 1801 1947 Imago
1835 1877 1882 1933 si
1913 1879 2064 1933 nulla

2183 1891 2279 1927 νων
2324 1876 2441 1929 ἐστὶ
2471 1877 2532 1930 τὸ
2557 1878 2944 1948 ἀκατάληπτον
2974 1880 3073 1950 τῆς
3101 1880 3289 1944 οὐσίας
3309 1895 3323 1909 ·
3359 1880 3575 1953 ἀνάγκη
3607 1882 3765 1937 πᾶσα

471 1960 527 2014 in
570 1970 724 2031 parte
758 1962 1033 2021 desideret
1059 1981 1123 2021 ea
1150 1982 1274 2037 qua:
1305 1975 1436 2022 sunt
1466 1966 1519 2021 in
1552 1969 1870 2040 archetypo,
1921 1978 2069 2026 recte

470 2052 682 2107 scilicet
754 2053 934 2125 imago
986 2058 1404 2128 appellabitur:
1447 2059 1533 2114 sin
1583 2061 1764 2132 aliqua
1813 2078 1877 2117 ex
1915 2072 2069 2134 parte

469 2143 883 2202 similitudinem
916 2149 1268 2219 exemplaris,
1299 2148 1367 2204 ad
1414 2149 1560 2220 quod
1592 2161 1676 2207 est
1702 2152 2065 2219 conformata,

469 2250 580 2292 non
626 2236 816 2304 refert,
870 2241 1173 2297 secundum
1205 2241 1451 2296 eamdem
1485 2252 1696 2313 partem
1731 2244 1912 2315 imago
1957 2261 2067 2301 non

469 2336 576 2382 est.
635 2329 873 2394 Quando
931 2332 1100 2403 igitur
1130 2348 1300 2387 unum
1333 2334 1433 2388 hoc
1466 2344 1552 2390 est
1584 2335 1652 2390 de
1683 2336 1751 2391 iis
1794 2352 1916 2406 quae
1948 2354 2072 2394 esse

472 2419 528 2472 in
562 2418 672 2475 Deo
702 2430 942 2486 constat,
979 2421 1074 2477 Dei
1099 2424 1362 2477 nimirum
1395 2433 1650 2479 naturam
1677 2429 2070 2497 comprehendi

472 2511 622 2565 nulla
668 2512 900 2568 rationis
930 2514 980 2567 vi
1014 2530 1206 2585 posse;
1258 2516 1633 2571 necessarium
1680 2520 1785 2573 erit
1821 2522 2068 2588 omnino,

471 2602 574 2659 hac
607 2606 773 2659 etiam
812 2605 867 2660 in
897 2613 1054 2675 parte
1084 2606 1375 2677 imaginem
1412 2607 1503 2661 Dei
1539 2608 1592 2661 in
1627 2608 1849 2664 homine
1879 2612 2070 2667 arche-

468 2702 597 2763 typo
631 2710 735 2751 suo
759 2697 1115 2767 respondere.
1151 2697 1285 2752 Nam
1330 2698 1377 2754 si
1408 2708 1605 2754 natura
1639 2700 1894 2771 imaginis
1928 2720 2067 2773 qua-

2174 1968 2267 2020 xa‘t
2290 1968 2347 2019 ἐν
2370 1968 2545 2039 τούτῳ
2571 1969 2668 2041 τὴν
2697 1970 2880 2024 εἰκόνα
2908 1970 3044 2041 πρὸς
3072 1970 3135 2023 τὸ
3159 1971 3467 2043 ἀρχέτυπον
3491 1971 3640 2043 ἔχειν
3661 1973 3764 2045 τὴν

2177 2056 2429 2127 μίμησιν.
2475 2059 2537 2110 Εἰ
2570 2058 2679 2129 γὰρ
2707 2062 2739 2131 ἡ
2780 2060 2878 2130 μὲν
2911 2061 3011 2131 τῆς
3055 2060 3263 2123 εἰκόνος
3295 2060 3457 2130 φύσις
3485 2063 3766 2134 κατελαμ-

2175 2148 2390 2215 ϐάνετο,
2435 2150 2495 2203 τὸ
2543 2150 2602 2204 δὲ
2649 2152 3004 2222 πρωτότυπον
3042 2152 3185 2225 ὑπὲρ
3236 2151 3542 2223 κατάληψιν
3580 2148 3683 2224 ἦν·
3729 2155 3766 2227 ἠ

2174 2241 2483 2313 ἐναντιότης
2529 2244 2637 2298 τῶν
2679 2245 3166 2316 ἐπιθεωρουμένων
3211 2244 3273 2298 τὸ
3315 2245 3767 2317 διημαρτημένον

2173 2334 2270 2405 τῆς
2309 2334 2517 2399 εἰκόνος
2570 2335 2873 2406 διήλεγχεν.
2941 2336 3163 2407 Ἐπειδὴ
3214 2335 3274 2389 δὲ
3324 2336 3610 2406 διαφεύγει
3664 2337 3769 2409 τὴν

2175 2425 2377 2493 γνῶσιν
2404 2429 2436 2498 ἡ
2468 2427 2613 2482 κατὰ
2641 2428 2732 2481 τὸν
2764 2429 2888 2481 νοῦν
2917 2429 3008 2482 τὸν
3042 2428 3311 2499 ἡμέτερον
3336 2427 3520 2498 φύσις,
3558 2429 3617 2491 ὃς
3647 2430 3768 2481 ἐστι

2176 2519 2294 2569 κατ’
2320 2518 2503 2571 εἰκόνα
2525 2518 2618 2571 τοῦ
2641 2519 2946 2583 κτίσαντος,
2967 2520 3169 2590 ἀκριϐῆ
3191 2519 3329 2590 πρὸς
3348 2519 3409 2572 τὸ
3431 2518 3770 2589 ὑπερκείμε-

2176 2628 2265 2666 νον
2306 2612 2419 2683 ἐχει
2457 2614 2557 2685 τὴν
2587 2616 2883 2686 ὁμοιότητα
2907 2658 2921 2680 ,
2963 2615 3042 2686 τῷ
3080 2614 3203 2668 καθ’
3263 2613 3455 2669 ἐαυτὸν
3498 2612 3768 2685 ἀγνώστῳ

2177 2704 2596 2776 χαρακτηρίζων
2619 2708 2715 2776 τὴν
2745 2706 3126 2777 ἀκατάληπτον
3151 2704 3334 2774 φύσιν.

467 2791 537 2845 lis
579 2793 672 2856 sit,
731 2793 960 2864 intelligi
1014 2801 1235 2863 posset;
1287 2793 1568 2864 exemplar
1608 2809 1738 2850 vero
1785 2798 2041 2868 princeps
2091 2814 2260 2869 supra
2324 2801 2696 2870 intelligentiae
2719 2809 2919 2854 nostrae
2948 2800 3094 2853 vires
3140 2798 3379 2869 positum
3407 2803 3554 2851 esset
3596 2813 3613 2850 :
3652 2796 3770 2851 haec

468 2883 588 2952 ipsa
615 2882 908 2939 diversitas
960 2884 1166 2939 indicio
1214 2884 1374 2952 foret,
1415 2894 1684 2955 quantum
1731 2889 1801 2941 ab
1832 2890 2130 2960 archetypo
2178 2891 2358 2962 imago
2390 2892 2506 2961 ipsa
2542 2891 2890 2946 recessisset.
2918 2887 3073 2943 Nunc
3119 2902 3240 2944 cum
3281 2894 3533 2940 naturam
3567 2887 3769 2942 mentis

470 2984 698 3039 nostras,
729 2977 795 3032 ad
821 2979 1086 3034 creatoris
1114 2978 1408 3049 imaginem
1458 2980 1638 3042 factae,
1676 2980 2049 3053 intelligentia:
2078 2984 2161 3040 vis
2187 2985 2408 3054 assequi
2448 3002 2554 3039 non
2578 2984 2770 3054 possit,
2790 2990 3104 3037 accuratam
3133 2995 3194 3034 ea
3218 2986 3428 3033 naturae
3457 2992 3626 3047 supra
3665 2993 3771 3035 nos

469 3070 789 3124 exsistentis
829 3070 1242 3125 similitudinem
1286 3071 1485 3140 refert,
1542 3073 1707 3143 inque
1735 3090 1802 3129 eo
1836 3077 1979 3146 quod
2025 3085 2081 3131 et
2131 3078 2251 3149 ipsa
2302 3078 2550 3150 indagari
2601 3094 2707 3132 non
2759 3083 2966 3148 potest,
3003 3087 3294 3145 expressas
3321 3071 3771 3127 natumincom-

472 3162 800 3235 prchensilis
834 3172 992 3220 notas
1020 3165 1283 3222 ostendit.

1080 3279 1315 3336 CAPUT
1356 3279 1469 3336 Xll.

472 3387 593 3461 Quia
624 3399 775 3457 parte
810 3391 1068 3461 contineri
1094 3392 1356 3460 ~princeps
1410 3393 1580 3455 animi
1625 3392 1859 3461 facultas
1910 3392 2072 3459 (quod

540 3460 867 3530 ἡγεμονικὸν
923 3460 1095 3514 Gra’ci
1148 3464 1356 3532 dicunt)
1391 3462 1633 3531 putanda
1683 3464 1772 3515 sit.
1817 3463 1950 3527 Qua:
1999 3462 2072 3516 la-

540 3546 843 3599 crymarum
879 3547 942 3584 ac
982 3534 1123 3585 risus
1164 3549 1364 3594 causa’,
1406 3533 1749 3600 explicatum.
1784 3532 2074 3586 Theorema

540 3601 762 3680 denique
786 3600 1083 3670 physicum,
1112 3602 1177 3655 de
1202 3604 1463 3668 materiei,
1498 3612 1729 3667 natum,
1784 3620 1846 3657 ac
1880 3603 2073 3657 mentis

541 3680 681 3724 mter
708 3688 763 3726 88
799 3684 984 3727 mutuo
1013 3688 1173 3727 ηεειιι.

541 3783 753 3840 Idcirco
784 3786 1005 3842 tandem
1054 3786 1275 3842 curiosa
1308 3786 1526 3843 vanitas
1573 3788 1859 3843 hominum
1887 3787 2076 3857 conje~
2104 3850 2111 3851 γ

471 3879 644 3934 cturis
706 3880 954 3934 visorqu
1012 3879 1270 3943 facessat,
1317 3896 1459 3950 quos
1502 3882 1702 3936 mentis
1755 3879 2072 3935 facultatem

473 3984 596 4037 mue
616 3971 979 4040 intelligentia
1001 3971 1521 4040 comprehenditur,
1545 3971 1808 4027 membris
1837 3971 2073 4024 nonnul-

476 4062 544 4116 lis
569 4062 819 4131 corporis
842 4060 1129 4116 includere
1156 4077 1266 4117 non
1294 4070 1379 4119 est
1400 4064 1660 4118 veritum.
1704 4060 1839 4115 Nam
1878 4061 2076 4116 horum

475 4153 597 4207 aliis
624 4154 678 4207 in
712 4151 879 4207 corde
919 4153 1220 4223 principem
1253 4154 1423 4209 animi
1452 4154 1561 4209 vim
1585 4153 1859 4209 collocare
1885 4153 2071 4208 visum

476 4256 578 4311 est,
633 4244 756 4300 aliis
795 4244 848 4298 in
905 4245 1135 4299 cerebro
1172 4262 1186 4300 :
1241 4260 1368 4300 cum
1397 4244 1690 4315 opiniones
1746 4243 1914 4298 hasce
1945 4259 2076 4299 suas

478 4339 689 4395 levibus
739 4336 961 4408 quidem
998 4337 1127 4402 illis,
1157 4337 1257 4394 sed
1281 4347 1467 4392 tamen
1519 4352 1551 4390 a
1584 4337 1698 4392 veri
1732 4337 1918 4406 specie
1964 4351 2074 4391 non

478 4430 903 4486 abhorrentibus
970 4430 1133 4502 plane
1207 4431 1519 4485 rationibus
1563 4429 1917 4484 confirment.
1971 4429 2076 4496 Qui

477 4525 623 4579 enim
655 4523 805 4579 cordi
843 4524 1213 4593 principatum
1239 4521 1518 4585 deferunt,
1554 4521 1731 4591 ipsius
1757 4522 1861 4576 loci
1899 4522 2072 4578 situm

2703 3279 3100 3333 ΚΕΦΑΛΑΙΟΝ
3134 3279 3237 3335 lB'.

2189 3395 2497 3489 Ἐξέταςις
2523 3434 2537 3457 ,
2562 3396 2645 3489 ὶἐξ
2684 3395 2799 3482 τίνι
2828 3395 2895 3448 τὸ
2926 3395 3303 3489 ’ἠγζςιεεμονριόλν-⁴
3315 3395 3665 3466 νομιστέον,
3688 3398 3777 3489 ⁴ιζἰιι

2237 3465 2304 3552 ᾧ,
2324 3466 2423 3519 καὶ
2444 3466 2575 3553 περὶ
2606 3465 2884 3551 δακρύων
2908 3465 3006 3518 καὶ
3035 3466 3170 3553 περὶ
3197 3465 3455 3551 νμωτρς
3477 3472 3775 3553 φυσκιοῆο-

2243 3535 2364 3606 Tia,
2392 3538 2489 3590 καί
2520 3535 2789 3607 θεώρημά
2802 3552 2862 3607 τι
2885 3536 3314 3607 φυσικὸνᾼπερί
3340 3535 3453 3607 τῆς
3478 3535 3635 3592 κατὰ
3657 3537 3777 3607 τὴν

2246 3607 2427 3675 ὕλην,
2461 3606 2561 3660 καί
2592 3605 2705 3674 τὴν
2732 3606 2946 3676 φύσιν,
2974 3607 3076 3660 καί
3110 3605 3220 3660 τὸν
3253 3605 3406 3662 νοῦν
3428 3605 3771 3676 κοινωνίας.

2242 3778 2459 3848 Σιγάτω
2501 3778 2680 3832 τοίνυν
2715 3779 2864 3832 πᾶσα
2899 3779 3228 3850 στοχαστικὴ
3261 3778 3621 3850 ματαιολογία
3663 3780 3779 3834 τῶν

2179 3871 2386 3945 μορίοις
2415 3871 2526 3925 τισὶ
2566 3852 2900 3954 σωματικοῖς
2940 3871 3041 3942 τὴν
3078 3872 3278 3942 νοητὴν
3308 3871 3777 3925 ἐναποκλειόντων

2176 3964 2478 4035 ἐνέργειαν,
2500 3955 2574 4018 ὧν
2599 3965 2649 4017 οἰ
2677 3963 2773 4034 μὲν
2796 3966 2853 4017 ἐν
2874 3963 3075 4035 καρδίᾳ
3094 3963 3155 4017 τὸ
3178 3964 3504 4034 ἡγεμονικὸν
3528 3959 3675 4019 εἶναι
3694 3966 3778 4017 τί-

2178 4057 2381 4123 θενται,
2413 4058 2463 4111 οἰ
2487 4057 2546 4111 δὲ
2577 4056 2654 4127 τῷ
2679 4056 2967 4128 ἐγκεφάλῳ
2994 4055 3088 4110 τὸν
3116 4056 3241 4110 νοῦν
3271 4056 3644 4111 ἐνδιαιτᾶσθαι
3673 4074 3780 4127 φα-

2179 4167 2298 4213 σιν,
2324 4149 2677 4222 ξέπιπολαίοις
2710 4149 2821 4202 τισὶ
2866 4148 3190 4220 πιθανότησι
3222 4148 3326 4213 τὰς
3361 4148 3618 4213 τοιαύτας
3654 4152 3782 4203 ἐπι-

2176 4242 2327 4307 νοίας
2356 4241 2709 4313 κρατοῦντες.
2760 4241 2819 4294 '0
2853 4240 2952 4311 μὲν
2984 4240 3094 4312 γὰρ
3134 4243 3200 4311 τῇ
3234 4239 3436 4312 καρδίᾳ
3460 4240 3780 4312 προστιθεὶς

2177 4331 2275 4403 τὴν
2308 4330 2627 4402 ἡγεμονίαν,
2655 4328 2755 4401 τὴν
2795 4330 2937 4385 κατὰ
2961 4331 3126 4384 τόπον
3154 4330 3325 4401 αὐτῆς
3351 4327 3501 4384 θέσιν
3535 4333 3776 4385 ποιεῖται

2177 4420 2272 4474 τοῦ
2312 4421 2472 4485 λόγου
2506 4421 2838 4492 τεκμήριον,
2868 4419 2958 4473 διὰ
2994 4419 3056 4473 τὸ
3091 4419 3269 4473 δοκεῖν
3315 4436 3435 4484 πως
3463 4418 3563 4491 τὴν
3598 4420 3778 4492 μέσην

2178 4513 2272 4567 τοῦ
2311 4512 2514 4576 παντὸς
2556 4510 2809 4582 σώματος
2860 4510 3078 4581 ἐπέχειν
3109 4508 3293 4582 χώραν
3322 4511 3514 4581 αὐτὴν,
3556 4510 3636 4576 ὡς
3678 4513 3778 4584 τῆς

480 4631 579 4685 pro
602 4617 815 4671 ratione
845 4623 1134 4686 usurpant.
1167 4615 1377 4671 Etenim
1408 4630 1507 4670 cor
1542 4614 1723 4669 locum
1751 4613 1807 4667 in
1837 4612 2073 4669 humano

2186 4604 2577 4677 7t9oat9e'rtxﬁ;
2622 4606 2888 4675 κινήσεως
2928 4603 3164 4667 εὐκόλως
3197 4606 3261 4656 ἐκ
3296 4602 3389 4656 τοῦ
3432 4603 3599 4673 μέσου
3639 4604 3779 4675 πρὸς

479 4721 714 4773 corpore
773 4714 888 4760 toto
940 4706 1179 4761 medium
1218 4722 1393 4777 prope
1440 4706 1695 4761 obtinere
1740 4706 1979 4772 videtur,
2022 4713 2082 4759 ut

481 4808 664 4853 motus
702 4812 732 4850 a
764 4798 997 4853 consilio
1026 4798 1308 4868 profectus
1339 4797 1503 4853 facile
1539 4798 1596 4852 in
1627 4812 1833 4868 corpus
1864 4799 2083 4852 univer-

482 4905 603 4945 squ
637 4905 706 4945 ex
757 4890 862 4945 hoc
916 4890 1096 4945 medio
1151 4904 1212 4946 se
1245 4888 1612 4953 diffunderet,
1686 4895 1853 4959 atque
1907 4888 1981 4941 ita
2012 4886 2082 4941 ad

414 5044 427 5057 κ
481 4981 752 5052 agendum
784 4981 1223 5051 progrederetur.
1252 4980 1388 5035 lluie
1411 4980 1699 5036 sententiae
1734 4978 1867 5035 illud
1912 4979 2080 5035 etiam

484 5074 821 5146 patrocinari
878 5081 1096 5144 putant,
1156 5073 1304 5144 quod
1360 5073 1584 5127 homine
1621 5073 1709 5128 vel
1763 5081 1961 5127 mmsto
1995 5071 2081 5129 vel

482 5169 645 5232 irato,
702 5166 1152 5238 perturbationes
1204 5165 1525 5236 huiusmodi
1562 5179 1661 5218 cor
1690 5165 1928 5218 maxime
1957 5179 2081 5233 per-

486 5275 703 5317 movere
725 5260 1006 5325 videntur,
1042 5266 1103 5314 ut
1151 5257 1348 5314 iisdem
1381 5256 1666 5311 afﬁciatur.
1703 5255 1944 5311 Cerebro
1988 5255 2080 5325 qui

488 5352 850 5407 ratiocinandi
874 5352 983 5406 vim
1006 5357 1359 5414 consecrant,
1375 5356 1539 5417 caput
1562 5362 1593 5401 a
1613 5355 1806 5401 natura
1826 5356 2086 5416 tanquam

491 5456 672 5496 arcem
709 5443 1002 5513 quamdam
1062 5442 1236 5498 totius
1292 5441 1545 5509 corporis
1584 5447 1928 5494 exstructum
1967 5453 2091 5494 esse

493 5532 782 5585 animant.
820 5532 933 5588 llae
985 5533 1039 5588 in
1066 5548 1195 5589 arce
1226 5529 1429 5585 mentis
1478 5530 1644 5584 veluti
1678 5531 1821 5599 regis
1862 5529 2092 5584 domici-

497 5621 629 5674 lium
660 5637 803 5684 esse,
841 5640 961 5691 qua:
985 5625 1228 5693 undique
1254 5635 1515 5677 sensuum
1545 5621 1792 5690 organis,
1825 5627 2086 5689 tanquam

500 5710 877 5779 apparitorum
934 5715 1374 5783 stipatorumque
1441 5710 1708 5767 satellitio
1780 5710 2081 5765 muniatur.

503 5798 743 5857 Utuntur
788 5803 954 5859 etiam
1019 5804 1085 5859 ad
1142 5802 1529 5863 stabiliendam
1557 5805 1887 5859 sententiam
1927 5818 2081 5859 suam

2186 4695 2332 4750 ἅπαν
2374 4693 2741 4767 μεριζομένης
2794 4695 2976 4763 σῶμα,
3028 4694 3124 4747 καὶ
3163 4693 3340 4756 οὕτως
3381 4695 3462 4757 εἰς
3495 4694 3781 4765 ἐνέργειαν

2185 4786 2502 4859 προῖούσης.
2543 4788 2653 4840 Καὶ
2700 4786 3002 4857 μαρτύριον
3058 4788 3296 4842 ποιεῖται
3336 4786 3432 4840 τοῦ
3480 4786 3643 4855 λόγου
3681 4788 3782 4860 τὴν

2184 4879 2434 4950 λυπηράν
2460 4896 2521 4931 τε
2555 4880 2649 4931 καὶ
2681 4878 2903 4950 θυμὼδη
2934 4879 3029 4933 τοῦ
3066 4877 3355 4949 ἀνθρώπου
3390 4877 3633 4932 διάθεσιν
3653 4919 3671 4946 ,
3699 4881 3782 4932 ὅτι

2185 4969 2333 5023 δοκεί
2358 4987 2474 5033 πως
2505 4969 2573 5022 τὰ
2594 4968 2822 5023 τοιαῦτα
2859 4968 3008 5041 πάθη
3044 4971 3320 5038 ωγκινείν
3346 4968 3408 5021 τὸ
3433 4968 3599 5039 μέρος
3621 4968 3784 5023 τοῦτο

2188 5063 2323 5136 πρὸς
2354 5062 2452 5133 τὴν
2482 5061 2845 5134 συμπάθειαν.
2878 5063 2942 5115 υἱ
2970 5062 3027 5114 δὲ
3051 5062 3143 5115 τὸν
3166 5060 3468 5131 ἐγκέφαλον
3492 5061 3785 5131 ἀφιεροῦν-

2185 5172 2277 5218 τες
2324 5153 2403 5223 τῷ
2430 5153 2704 5224 λογισμῷ,
2736 5151 2926 5223 ὥσπερ
2958 5149 3253 5223 ἀκρόπολίν
3301 5168 3420 5204 τινα
3448 5149 3543 5204 τοῦ
3581 5152 3784 5216 παντὸς

2190 5247 2443 5318 σώματος
2483 5247 2582 5317 τὴν
2613 5234 2856 5316 κεφαλὴν
2886 5242 3215 5315 δεᾶμῆσθαι
3246 5246 3400 5314 παρὰ
3427 5243 3528 5313 τῆς
3565 5242 3783 5312 φύσεως

2188 5336 2471 5406 λέγουσιν·
2508 5339 2740 5391 ἐνοικεῖν
2786 5336 2845 5390 δὲ
2878 5336 3055 5409 ταύτῃ
3098 5335 3354 5408 καθάπερ
3396 5335 3519 5389 τινά
3557 5334 3786 5406 βασιλέα

2192 5429 2285 5483 τὸν
2322 5427 2467 5494 νοῦν,
2515 5423 2627 5482 οἷόν
2673 5445 2815 5482 τισιν
2862 5429 3285 5500 άγγελιαφόροις
3328 5427 3783 5498 ἦύπασπισταῖ’,

2197 5523 2309 5584 τοῖς
2336 5521 2711 5592 αἰσθητηρίοις
2736 5522 2794 5574 ἐν
2821 5519 3007 5592 κύκλῳ
3034 5518 3521 5591 δορυφορούμενον.
3548 5519 3786 5589 Σημεῖον

2195 5616 2254 5669 δέ
2301 5616 2394 5668 καὶ
2440 5609 2585 5667 οὗτοι
2624 5614 2722 5684 τῆς
2765 5612 3021 5685 τοιαύτης
3070 5612 3327 5673 ὑπονοίας
3365 5609 3683 5676 ποιοῦνται,
3725 5609 3787 5664 ἰδ

2197 5707 2540 5778 παράγεσθαι
2566 5705 2661 5759 τοῦ
2695 5705 3035 5768 καθεστῶτος
3063 5706 3154 5758 τὸν
3190 5702 3451 5773 λογισμὸν
3477 5702 3589 5757 τῶν
3618 5717 3785 5757 κεκα-

2194 5798 2458 5871 κωμένων
2490 5798 2586 5863 τάς
2633 5798 2933 5870 μήνιγγας,
2967 5797 3060 5852 καὶ
3097 5796 3158 5852 τὸ
3193 5798 3251 5852 ἐν
3289 5794 3484 5868 ἀγνοίᾳ
3528 5794 3625 5849 τοῦ
3656 5792 3788 5863 πρέο
