3890 6352
174 435 264 497 157

1443 429 1532 486 DE
1588 427 1874 487 HOMIle
1916 423 2232 484 OPIFICIO.

3338 419 3442 475 158

172 569 351 619 ποντος
375 550 635 621 γίνεσθαι
656 552 782 616 τοὺς
802 552 859 605 ἐν
881 549 1019 622 μέθῃ
1040 549 1553 621 καρηϐαρήσαντας.
1576 548 1754 618 Προσ-

1862 544 1964 599 hoc
2002 552 2344 616 argumento,
2375 544 2521 614 quod
2554 538 2916 597 ratiocinandi
2956 537 3190 593 facultas
3240 535 3295 591 in
3337 537 3438 601 eis,

173 645 368 701 τιθέασι
405 644 465 699 δὲ
496 645 597 698 καί
627 661 783 709 τινας
811 642 1187 714 φυσικωτέρας
1212 642 1390 704 αἰτίας
1432 641 1532 711 τῆς
1572 638 1752 693 τοιαύο

173 754 261 806 της
284 734 413 806 περὶ
451 734 517 787 rb
543 734 878 806 ἡγεμονικὸν
913 732 1164 795 ὑπονοίας
1193 731 1451 803 ἑκάτερος
1479 730 1586 783 τῶν
1622 729 1754 783 ταύ-

173 842 283 891 ταις
311 830 431 894 ταῖς
478 827 673 895 δόξαις
715 823 1153 897 παρισταμένων.
1188 823 1248 876 '0
1272 823 1369 893 μὲν
1389 820 1498 893 γὰρ
1523 820 1659 892 πρὸς
1690 820 1754 875 rb

173 918 409 990 πυρῶδες
432 918 720 988 συγγενῶς
753 917 896 987 ἔχειν
925 915 1025 986 τὴν
1053 916 1119 968 ἐκ
1149 913 1250 984 τῆς
1274 913 1514 976 διανοίας
1537 911 1752 981 κίνησιν

175 1010 341 1080 λέγει,
383 1009 475 1063 διά
500 1011 574 1065 πὸ
612 1009 919 1079 ἀεικίνητον
958 1002 1098 1060 εἶναι
1133 1005 1229 1058 καλ⁵
1266 1004 1328 1058 rb
1372 1002 1482 1076 πῦρ
1527 1002 1621 1057 καὶ
1653 1001 1753 1073 τὴν

175 1103 423 1156 διάνοιαν.
488 1103 607 1155 Καὶ
658 1100 844 1171 ἐπειδὴ
890 1096 1160 1168 πηγάζειν
1199 1097 1258 1150 ἐν
1302 1095 1383 1167 τῷ
1434 1094 1613 1167 μορίῳ
1652 1094 1752 1165 τῆς

176 1193 385 1264 καρδίας
421 1195 457 1264 ἡ
493 1192 774 1263 θερμότης
808 1190 1184 1261 ὁμολογεῖται·
1225 1187 1312 1241 διὰ
1354 1185 1515 1240 τοῦτο
1555 1185 1632 1256 τῷ
1658 1185 1747 1238 εὑ-

177 1286 368 1355 κινήτῳ
400 1285 505 1354 τῆς
542 1283 882 1354 θερμότητος
918 1280 1017 1352 τὴν
1050 1278 1145 1334 τοῦ
1184 1276 1277 1331 νοῦ
1305 1277 1516 1348 κίνησιν
1554 1276 1753 1330 ἀνακε-

177 1377 397 1446 κρᾶσθαι
422 1375 629 1443 λέγων,
657 1374 859 1444 δοχεῖον
888 1372 991 1442 τῆς
1024 1371 1218 1442 νοερᾶς
1249 1368 1464 1438 φύσεως
1491 1367 1590 1440 τὴν
1623 1383 1756 1437 καρ·

177 1469 281 1521 δίαν
304 1463 440 1520 εἷναί
470 1482 664 1536 φησιν,
701 1467 760 1517 ἐν
791 1458 912 1536 ᾖτδ
942 1462 1143 1534 θερμὸν
1166 1460 1570 1532 περιείληπται.
1615 1458 1675 1511 ’0
1697 1458 1754 1511 δὲ

176 1560 346 1629 ἕτερος
382 1559 519 1611 πᾶσι
553 1559 675 1620 τοῖς
709 1555 1084 1626 αἰσθητηρίοις
1123 1548 1234 1606 οἷον
1283 1549 1597 1621 ὑποϐάθραν
1628 1547 1752 1602 τινὰ

177 1651 260 1702 καὶ
292 1649 443 1718 ῥίζαν
495 1643 644 1700 εἶναι
684 1645 831 1714 λέγει
863 1645 960 1716 τὴν
1001 1644 1242 1714 μήνιγγα
1285 1639 1460 1711 (obrui
1491 1638 1600 1710 γάρ
1633 1638 1751 1691 bvo-

182 1741 395 1812 μάζουσι
423 1740 518 1793 τὸν
556 1738 906 1811 περιεκτικόν
930 1735 1026 1791 τοῦ
1053 1734 1356 1805 ἐγκεφάλου
1384 1732 1624 1804 ὑμένα)·
1658 1732 1753 1785 καὶ

177 1833 335 1903 τούτῳ
358 1831 682 1885 πιστοῦνται
704 1830 795 1883 τὸν
826 1829 954 1883 ῐδιον
978 1828 1155 1897 λόγον,
1173 1828 1249 1891 ὼς
1278 1827 1377 1897 οὐχ
1400 1824 1625 1897 ἑτέρωθι
1654 1824 1753 1896 τῆς

177 1922 417 1992 νοητικῆς
444 1920 734 1992 ἐνεργείας
765 1917 1166 1993 καθιδρυμένης
1186 1958 1201 1982 ,
1228 1919 1277 1969 εί
1310 1917 1384 1989 μὴ
1419 1915 1540 1969 κατ’
1573 1916 1751 1968 ἐκεῖνο

178 2010 232 2064 τὸ
265 2011 445 2082 μέρος,
467 2004 514 2079 ᾧ
544 2012 643 2065 καὶ
668 2010 728 2063 rb
753 2005 846 2072 οὖς
874 2008 1292 2080 ἐφηρμοσμένον
1316 2006 1413 2071 τὰς
1441 2003 1752 2076 ἐμπιπτού-

180 2102 428 2173 σαςαὺτῷ
460 2102 651 2172 φωνὰς
682 2101 1078 2172 προσαράσσει.
1114 2100 1227 2154 Καὶ
1262 2100 1294 2170 ἡ
1337 2098 1459 2168 ὄψις
1492 2096 1635 2153 κατά
1661 2097 1752 2151 τὸν

178 2194 410 2267 πυθμένα
435 2197 538 2265 τῆς
570 2195 679 2248 τῶν
707 2191 998 2264 ὀφθαλμῶν
1030 2192 1191 2264 ’ἐδρας
1226 2194 1632 2262 συμπεφυκυῖα,
1664 2189 1752 2244 διὰ

175 2289 273 2343 τῶν
298 2290 688 2359 ἐμπιπτόντων
716 2289 857 2359 *ταῖς
893 2287 1083 2357 κόραις
1115 2284 1349 2340 εἰδώλων
1384 2284 1521 2356 πρὸς
1549 2283 1610 2336 rb
1644 2283 1752 2338 ἔσω

176 2381 394 2433 ποιεῖται
430 2377 533 2449 τὴν
562 2377 831 2431 τύπωσιν.
867 2375 971 2430 Καὶ
1004 2374 1111 2429 τῶν
1143 2373 1334 2444 ἀτμῶν
1374 2375 1432 2427 αἱ
1468 2373 1752 2443 ποιότητες

176 2471 256 2523 διὰ
276 2471 371 2541 τῆς
396 2471 863 2541 τῶνόσφρήσεων
889 2467 1056 2538 ὁλκῆς
1096 2469 1155 2521 ἐν
1180 2465 1330 2537 αὐτῷ
1363 2466 1747 2537 διακρίνονται.

178 2560 277 2615 Καὶ
310 2563 344 2632 ἡ
390 2563 537 2616 κατά
579 2563 681 2633 τὴν
722 2560 913 2630 γεῦσιν
957 2558 1208 2630 αἴσθησις
1245 2562 1310 2629 τῇ
1352 2558 1625 2628 ἐπικρίσει
1652 2559 1753 2628 τῆς

180 2654 426 2723 μήνιγγος
447 2651 828 2723 δοκιμάζεται,
858 2654 923 2706 ἐκ
952 2651 1047 2705 τοῦ
1092 2650 1357 2719 σύνεγγυς
1387 2650 1645 2719 ἐκφύσεις
1667 2666 1752 2702 τι-

176 2744 264 2809 νὰς
299 2745 590 2816 νευρώδεις
614 2744 707 2813 ἀφ’
734 2744 934 2815 ἑαυτῆς
974 2741 1297 2813 αίσθητικάς
1332 2740 1420 2794 διά
1452 2741 1560 2793 τῶν
1586 2740 1752 2810 αὐχε-

177 2834 292 2889 νίων
334 2836 650 2889 σπονδύλων
694 2836 788 2889 ἐπὶ
817 2836 907 2889 τὸν
946 2834 1211 2906 ἡθμοειδῆ
1254 2835 1420 2904 πόρον
1455 2832 1598 2886 κατά
1626 2833 1753 2896 τοὺς

177 2925 350 2980 αὐτόθι
388 2927 534 2999 μύας
564 2927 1029 3011 ἐγκαταμιξάσης.
1071 2925 1215 2995 Ἐγὼ
1249 2927 1306 2980 δὲ
1334 2926 1395 2979 τὸ
1431 2926 1530 2996 μὲν
1563 2926 1753 2979 ἐπιτα-

179 3018 458 3089 ράσσεσθαι
505 3019 768 3084 πολλάκις
802 3021 938 3091 πρὸς
970 3020 1068 3084 τὰς
1100 3020 1208 3073 τῶν
1254 3019 1594 3089 παθημάτων
1640 3019 1752 3070 ἐπι-

1854 652 2086 708 quorum
2113 636 2412 704 meninges,
2440 635 2542 689 hoc
2572 642 2657 690 est
2690 632 3021 688 membrana:
3050 628 3262 685 cerebri
3301 627 3444 682 lassa:

1854 736 2006 795 sunt,
2039 729 2107 783 de
2137 740 2241 783 suo
2263 727 2421 797 quasi
2461 733 2607 781 statu
2640 724 3032 796 proturbetur:
3075 730 3129 777 et
3160 722 3309 792 quod
3336 720 3439 773 ho-

1855 821 2034 875 mines
2073 818 2259 874 obruti
2310 817 2595 884 ebrietate,
2650 830 2870 871 omnem
2925 813 3110 868 decori
3171 816 3438 866 rationem

1854 913 2124 984 ignorent.
2158 907 2390 979 Utrique
2421 913 2683 977 praeterea
2707 904 2881 975 magis
2902 903 3067 958 etiam
3090 900 3355 955 doctrinas
3375 901 3442 955 de

1853 1017 2036 1058 rerum
2067 1006 2262 1055 natura
2308 1004 2705 1054 consentaneas
2754 995 2995 1049 rationes
3031 990 3330 1055 adducunt,
3370 989 3438 1044 ad

1854 1091 2186 1155 sententiam
2213 1089 2281 1145 de
2312 1088 2579 1160 principis
2611 1084 2782 1140 animi
2812 1082 3092 1139 facultatis
3116 1082 3247 1136 sede
3277 1094 3436 1137 suam

1853 1181 2308 1239 confirmandam.
2337 1178 2472 1233 Nam
2504 1178 2642 1232 alter
2670 1175 2892 1247 quidem
2929 1174 3005 1229 ait
3044 1180 3253 1227 motum
3287 1185 3443 1225 men-

1853 1283 1925 1336 tis
1957 1280 2127 1350 ignea:
2158 1286 2368 1331 natura:
2407 1271 2622 1329 allinem
2679 1284 2802 1326 esse
2825 1309 2840 1335 ,
2873 1268 3093 1339 quando
3132 1275 3186 1321 et
3215 1266 3358 1336 ignis
3387 1270 3442 1319 et

1854 1384 2009 1424 mens
2039 1380 2317 1436 nunquam
2349 1377 2458 1418 non
2505 1367 2846 1417 moveantur.
2897 1358 3146 1427 Cumque
3181 1356 3236 1410 in
3277 1353 3442 1409 corde

1853 1460 2053 1517 caloris
2082 1459 2283 1514 fontem
2313 1470 2436 1512 esse
2470 1456 2541 1511 sit
2570 1455 2625 1509 in
2675 1451 2930 1508 confesso
2950 1490 2965 1515 ,
2998 1449 3205 1503 idcirco
3240 1445 3441 1500 mentis

1854 1561 2060 1608 motum
2109 1564 2236 1605 cum
2277 1547 2477 1603 caloris
2528 1545 2830 1600 mobilitate
2891 1540 3050 1612 quasi
3076 1542 3440 1608 temperatum

1853 1661 2000 1714 esse,
2027 1657 2230 1714 corque
2273 1641 2410 1696 adeo
2465 1645 2676 1694 natura:
2732 1634 3088 1706 intelligentis
3119 1638 3442 1698 receptacu-

1854 1739 1965 1793 lum
1998 1734 2213 1800 statuit,
2263 1732 2409 1803 quod
2452 1731 2604 1785 calor
2630 1744 2693 1784 eo
2728 1726 3095 1782 contineatur.
3136 1721 3285 1775 Alter
3312 1733 3443 1773 vero

1856 1830 2162 1900 meningem
2224 1827 2326 1898 (sic
2360 1826 2506 1881 enim
2552 1821 2828 1893 appellant
2873 1817 3248 1873 membranam
3291 1825 3442 1866 cere-

1854 1924 2012 1979 brum
2055 1915 2491 1990 amplectentem)
2527 1914 2772 1969 omnium
2829 1912 3166 1980 organorum
3197 1903 3441 1961 sentien—

1851 2016 1988 2070 tium
2020 2009 2191 2067 veluti
2241 2011 2428 2066 basem
2459 2022 2523 2062 ac
2553 2006 2791 2061 radicem
2820 2000 3113 2073 quamdam
3147 2012 3272 2052 esse
3296 1992 3443 2048 allir-

1852 2112 1985 2160 mat.
2027 2102 2166 2157 Huic
2195 2114 2325 2171 ergo
2389 2096 2667 2170 propriam
2704 2092 2973 2147 rationem
3008 2087 3168 2159 quasi
3222 2085 3444 2140 credere

1853 2212 1963 2253 non
1992 2194 2223 2259 dubitat,
2259 2205 2433 2261 neque
2461 2188 2573 2243 ullo
2606 2186 2716 2241 alio
2755 2185 2813 2238 in
2858 2183 2982 2237 loco
3006 2179 3322 2233 facultatem
3356 2176 3445 2228 in-

1852 2287 2181 2358 telligentem
2214 2285 2374 2340 sitam
2406 2266 2709 2341 existimat,
2739 2282 2896 2331 extra
2944 2287 3107 2344 quam
3153 2285 3217 2325 ea
3247 2270 3302 2322 in
3338 2267 3441 2323 ho-

1852 2357 2017 2432 minis
2051 2383 2227 2445 parte,
2255 2371 2322 2425 ad
2376 2384 2540 2441 quam
2587 2382 2751 2421 aures
2813 2362 3104 2434 aptissime
3151 2357 3444 2427 adjunctaa,

1851 2481 2018 2521 voces
2047 2444 2151 2520 sibi
2182 2460 2486 2517 incidentes
2520 2457 2681 2528 quasi
2713 2452 2964 2510 nonnihil
2999 2447 3267 2522 pulsando
3298 2444 3448 2501 defe-

1852 2564 2004 2614 runt.
2038 2554 2137 2611 Cui
2175 2559 2433 2623 aspectus
2471 2551 2526 2604 in
2564 2550 2671 2602 ima
2699 2546 2990 2600 oculorum
3024 2541 3153 2597 sede
3182 2555 3213 2594 a
3250 2546 3445 2593 natura

1854 2646 2259 2707 adhaerescens,
2304 2654 2399 2710 per
2447 2637 2743 2692 incidentia
2776 2634 2830 2688 in
2858 2631 3092 2704 pupulas
3128 2628 3445 2687 simulacra,

1853 2750 2042 2793 rerum
2095 2733 2303 2788 formas
2342 2729 2574 2785 interius
2620 2724 2902 2795 exprimit,
2938 2716 3227 2774 'halituum
3279 2717 3445 2771 etiam

1852 2828 2147 2900 qualitates
2188 2839 2286 2893 per
2335 2822 2600 2877 odoratus
2626 2815 3009 2872 attractionern
3048 2811 3152 2864 hac
3202 2809 3256 2863 in
3293 2813 3451 2877 parte

1852 2922 2261 2977 discernuntur.
2317 2913 2519 2969 Eodem
2552 2910 2715 2965 modo
2737 2922 2862 2978 qua:
2901 2920 2932 2958 a
2994 2917 3162 2959 sensu
3194 2906 3450 2970 gustatus

1852 3011 2252 3085 percipiuntur,
2284 3006 2529 3078 ejusdem
2558 3001 2832 3070 meningis
2858 2997 3052 3053 vicinae
3087 2993 3298 3065 judicio
3321 2990 3453 3047 sub-

178 3081 463 3183 κρατήσεις
490 3113 557 3165 rb
594 3081 935 3185 διανοητικον
1104 3113 1305 3183 ψυχῆς,
1345 3081 1439 3165 κᾶι
1476 3110 1751 3181 ἀμϐλύνε-

1859 3081 1943 3176 iici
1998 3081 2228 3158 necesse
2284 3107 2389 3162 est,
2446 3092 2668 3166 quando
2737 3105 2800 3144 ea
2867 3086 3124 3143 surculos
3182 3081 3450 3155 quosdam

180 3175 294 3255 σθαι
322 3175 418 3274 τῆς
440 3205 591 3258 κατά
616 3175 777 3275 φύσιν
802 3175 1082 3276 ἐνεργείας
1103 3175 1476 3275 τὸνλογισμὺν
1505 3175 1569 3269 ἐκ
1605 3221 1751 3268 τινος

1860 3210 2107 3259 nerveos,
2135 3191 2337 3262 quibus
2366 3204 2433 3243 ex
2459 3188 2577 3256 ipsa
2602 3184 2684 3239 vis
2708 3182 2851 3237 inest
2873 3175 3168 3239 sentiendi,
3203 3189 3298 3244 per
3330 3185 3454 3227 cer-

180 3294 487 3364 σωματικῆς
537 3293 943 3366 περιστάσεως,
994 3294 1193 3364 ἀληθές
1241 3289 1382 3347 εἷναί
1430 3311 1605 3365 φημιο
1662 3294 1757 3346 καὶ

184 3387 357 3458 πηγήν
380 3404 503 3441 τινα
533 3387 630 3440 τοῦ
660 3387 801 3441 κατὰ
828 3387 888 3440 τὸ
916 3386 1077 3457 σῶμα
1105 3386 1385 3458 πυρώδους
1411 3386 1511 3457 τὴν
1533 3386 1761 3458 καρδίαν

180 3472 336 3541 εἶναι,
390 3479 531 3550 πρὸς
587 3478 685 3542 τὰς
745 3478 1012 3550 θυμὼδεις
1066 3478 1245 3549 ὁρμὰς
1295 3478 1757 3550 συγκινουμένην.

182 3570 281 3623 Καὶ
307 3572 384 3624 ἔτι
414 3572 556 3644 πρὸς
579 3570 807 3637 τούτοις,
836 3572 896 3625 τὸ
921 3569 1326 3641 ύποὸεϐλῆσθαι
1365 3574 1477 3635 τοῖς
1501 3571 1763 3643 αίσθητη-

187 3661 308 3729 ρίοις
331 3663 427 3733 τὴν
467 3664 738 3733 μήνιγγα,
778 3663 921 3716 κατά
952 3662 1043 3716 τὸν
1088 3662 1244 3731 λόγον
1276 3663 1386 3716 τῶν
1423 3664 1494 3718 τά
1528 3662 1756 3718 τοιαῦτα

184 3753 676 3819 φυσιολογοῦντων,
736 3755 1251 3825 περιπτυσσομένην
1309 3756 1367 3807 ἐν
1439 3756 1606 3825 ἑαυτῇ
1665 3754 1756 3807 τὸν

183 3844 502 3915 ἐγκέφαλον,
561 3845 658 3899 καὶ
708 3848 822 3909 τοῖς
874 3845 1082 3900 ἐκεῖθεν
1141 3847 1333 3917 ἀτμοῖς
1395 3846 1760 3916 ὑπαλειφομέ-

184 3952 273 4005 νην
299 3978 314 4003 ,
385 3938 495 3992 τῶν
554 3940 679 4002 ταῖς
732 3939 1090 4010 ἀνατομικαῖς
1148 3938 1405 4010 θεωρίαις
1468 3939 1760 4010 ἐσχόλακό-

182 4042 283 4083 των
310 4031 370 4084 rb
395 4032 642 4085 τοιοῦτον
671 4031 905 4098 ἀκούων,
941 4033 1045 4087 οὐκ
1080 4031 1258 4086 ἀθετῶ
1289 4030 1352 4084 rb
1379 4032 1688 4104 λεγόμενον.

186 4118 525 4177 vehementes
575 4121 742 4174 animi
805 4122 1201 4177 commotiones
1243 4094 1584 4179 unaﬁnoveri
1624 4140 1730 4178 non
1760 4137 1901 4193 nego
1937 4138 1951 4173 :
1986 4112 2222 4181 denique
2267 4121 2339 4161 ne
2389 4104 2495 4157 hoc
2530 4098 2751 4171 quidem
2809 4094 2901 4149 inii

1859 3292 1995 3346 vicis
2016 3285 2298 3342 vcrtebras
2332 3281 2400 3335 ad
2427 3285 2663 3333 meatum
2686 3290 2848 3345 quem
2879 3272 2949 3326 ab
2978 3267 3188 3332 isthmi,
3214 3266 3319 3320 hoc
3344 3272 3449 3327 est,

1858 3390 2105 3453 angustas
2138 3379 2284 3432 inter
2320 3373 2429 3428 duo
2483 3369 2655 3423 maria
2732 3377 2887 3423 terra).
2907 3360 3255 3420 similitudine
3275 3355 3456 3426 appel-

1859 3448 1973 3529 lant
1996 3465 2287 3542 ὴθμοειδῆ,
2328 3465 2626 3524 derivatos,
2669 3456 2939 3512 musculis
2967 3453 3168 3509 ibidem
3220 3450 3344 3506 sitis
3371 3448 3455 3501 in-

1860 3540 2161 3632 serit.VEgo
2210 3572 2339 3614 vero
2374 3570 2483 3609 non
2516 3551 2751 3607 diﬂiteor
2800 3546 3118 3602 facultatem
3157 3540 3327 3597 animi
3364 3540 3449 3593 in-

1862 3655 2194 3724 telligentem
2226 3661 2369 3716 saepe
2401 3661 2432 3698 a
2462 3642 2779 3697 morborum
2812 3636 3074 3691 violentia
3099 3632 3297 3687 victam
3330 3644 3454 3699 per-

1861 3720 2109 3810 turbari,
2166 3749 2221 3797 et
2294 3754 2359 3793 ex
2407 3748 2577 3790 causa
2632 3738 2862 3785 externa
2916 3734 3123 3797 partem
3166 3720 3455 3777 ratiocina-

1864 3842 2057 3897 tricem
2088 3835 2143 3889 in
2201 3828 2521 3886 efficacitate
2572 3839 2670 3878 sua
2729 3818 2967 3875 naturali
2997 3815 3154 3886 quasi
3203 3813 3453 3868 hebetem

1867 3932 2042 3990 reddi.
2079 3928 2256 3982 Etiam
2318 3920 2464 3993 quod
2501 3927 2585 3974 est
2650 3917 2870 3985 igneum
2916 3912 2973 3966 in
3009 3923 3262 3979 corpore,
3297 3900 3453 3977 proli.

1870 4027 2004 4085 cisci
2059 4002 2139 4078 ex.
2172 4016 2337 4074 corde
2367 4022 2627 4082 tanquam
2662 4022 2729 4063 ex
2761 4004 2930 4068 fonte,
2978 4001 3232 4068 idemque
3260 4012 3356 4051 cor
3389 3993 3455 4048 ad

2906 4094 3040 4157 cior,
3091 4089 3456 4144 membranam

185 4213 452 4267 cerebrum
493 4213 797 4282 amplexam
823 4229 1083 4269 sensuum
1129 4216 1350 4285 organis
1393 4216 1568 4272 instar
1606 4217 1754 4274 basis
1786 4181 2076 4285 cujusdam
2112 4217 2265 4265 esse,
2301 4205 2361 4253 ut
2392 4194 2658 4266 quosdam
2695 4189 2763 4244 de
2791 4188 2953 4242 rebus
2996 4184 3146 4238 hisce
3189 4181 3464 4237 disserere

183 4307 394 4375 scimus,
456 4323 586 4378 quae
636 4308 920 4363 cerebrum
964 4309 1068 4364 sibi
1121 4310 1423 4366 involutum
1455 4313 1755 4376 contineat,
1790 4276 1872 4366 et-
1901 4302 2166 4362 halitibus
2202 4296 2271 4353 ab
2321 4289 2545 4361 organis
2588 4298 2851 4342 sensuum
2908 4279 3166 4351 profectis
3195 4277 3352 4348 quasi
3387 4276 3448 4330 ι’ἰρ

180 4412 361 4474 getur:
394 4403 624 4475 quando
646 4420 730 4459 me
758 4404 1070 4475 huiusmodi
1093 4407 1339 4476 quaedam
1370 4408 1438 4463 ab
1464 4408 1552 4475 iis,
1581 4409 1675 4479 qui
1713 4372 1829 4463 haec
1859 4390 1958 4475 pet
1984 4407 2278 4467 corporum
2300 4386 2585 4444 sectiones
2611 4383 2889 4449 comperta
2918 4374 3211 4441 habebant,
3241 4372 3467 4427 audisse

182 4497 544 4554 commemini.

245 4595 316 4648 Οὐ
368 4594 481 4666 μὴν
520 4591 794 4657 ἀπόδειξιν
838 4594 1100 4664 ποιοῦμαι
1143 4594 1346 4664 ταύτην
1388 4591 1483 4645 τοῦ
1513 4589 1766 4649 τοπικαῖς

181 4700 281 4737 τισι
354 4686 731 4755 περιγραφαῖς
791 4683 1247 4754 ὲμπεριειλῆφθαι
1310 4672 1409 4753 τήν
1468 4678 1760 4749 ἀσώματον

183 4773 352 4840 φύσιν.
416 4774 534 4836 Τάς
598 4790 659 4826 τε
722 4773 831 4843 γὰρ
900 4772 1228 4845 παραφοράς
1298 4772 1400 4824 οὐκ
1463 4771 1529 4824 ἐκ
1595 4769 1761 4840 μόνης

96 4854 121 4867 ’
183 4864 549 4938 καρηϐαρείας
598 4864 841 4932 γίνεσθαι
884 4865 1306 4936 μεμαθήκαμεν,
1356 4861 1491 4915 ἀλλὰ
1524 4861 1619 4914 καὶ
1656 4858 1764 4911 τῶν

181 4955 271 5019 τὰς
299 4955 542 5027 πλευρὰς
568 4955 929 5019 ὑπεζωκότων
960 4956 1175 5026 ὑμένων
1206 4953 1472 5023 ἐμπαθῶς
1494 4950 1765 5005 διατεθέν-

182 5062 300 5115 των,
327 5048 533 5120 ὁμοίως
561 5049 867 5120 ἀρρωστεῖν
891 5046 953 5101 τὸ
995 5047 1333 5118 διανοητικόν
1361 5044 1681 5116 διορίζονται
1716 5043 1764 5095 οί

182 5136 272 5206 τῆς
302 5138 553 5208 ἰατρικῆς
575 5137 955 5208 ἐπιστήμονες,
984 5137 1227 5207 φρενῖτιν
1249 5133 1311 5186 τὸ
1340 5132 1507 5195 πάθος
1538 5128 1763 5185 καλοῦνο

184 5243 288 5292 τες,
315 5226 505 5298 ἐπειδὴ
541 5226 737 5297 φρένες
758 5229 871 5290 τοῖς
899 5227 1062 5297 ὑμέσι
1092 5225 1304 5288 τούτοις
1334 5225 1451 5277 ἐστὶ
1478 5222 1541 5275 rb
1567 5221 1760 5291 ὄνομα.

184 5319 286 5373 Καὶ
331 5323 365 5391 ἡ
403 5321 515 5377 ἀπὸ
559 5320 658 5391 τῆς
715 5319 892 5391 λύπης
938 5320 1030 5372 ἐπὶ¹
1074 5319 1173 5387 τὴν
1222 5316 1451 5388 καρδίαν
1503 5312 1761 5384 γινομένη

188 5409 527 5481 σιναίσθησις
549 5408 905 5478 ἐσφαλμένως
929 5409 1256 5461 ύπονοεῖται.
1290 5407 1366 5458 Οὐ
1384 5403 1492 5475 γὰρ
1512 5404 1612 5472 τῆς
1637 5418 1767 5474 καρ-

185 5502 312 5567 δίας,
342 5504 476 5558 ἀλλά
508 5502 604 5557 τοῦ
637 5502 905 5571 στόματος
933 5501 1030 5571 τῆς
1072 5499 1281 5561 κοιλίας
1307 5494 1761 5568 δριμυσσομένου,

188 5597 260 5659 εἰς
304 5596 403 5670 τὴν
440 5597 670 5669 καρδίαν
705 5595 768 5648 rb
818 5595 988 5658 πάθος
1033 5595 1125 5647 ὑπ’
1176 5591 1432 5661 ἀπειρίας
1478 5587 1758 5654 ἀνάγουσι.

188 5685 422 5740 Τοιοῦτον
458 5687 515 5742 δέ
546 5687 602 5740 τί
647 5702 813 5754 φασιν
850 5685 900 5738 oi
943 5680 1347 5752 ἐπεσκεμμένοι
1385 5678 1453 5732 δι’
1479 5675 1766 5747 ἀκριϐείας

187 5777 253 5829 τὰ
280 5780 442 5851 πάθη,
476 5782 561 5834 ὅτι
592 5775 968 5848 συμπτώσεως
991 5774 1102 5829 τῶν
1126 5773 1307 5844 πόρων
1348 5771 1440 5823 καὶ
1475 5766 1689 5840 μύσεως
1706 5766 1764 5819 ἐν

189 5872 297 5935 ταῖς
325 5872 591 5947 λυπηραῖς
639 5869 910 5925 διαθέσεσι
942 5867 1187 5941 φυσικῶς
1218 5865 1343 5937 περὶ
1369 5864 1513 5919 ἅπαν
1540 5860 1759 5933 γινομέ-

1799 4590 1842 4647 ι)
1940 4576 2147 4633 Verum
2179 4583 2523 4641 nequaquam
2551 4565 2805 4622 existimo
2833 4561 3201 4620 demonstrari
3228 4576 3324 4632 per
3346 4560 3468 4617 haec

1866 4686 2053 4744 posse,
2089 4673 2342 4720 naturam
2395 4667 2673 4730 expertem
2723 4658 2976 4728 corporis
3029 4656 3150 4710 loco
3214 4654 3466 4724 spatiove

1870 4760 2149 4829 descripto
2180 4753 2470 4811 contineri.
2533 4749 2667 4803 Nam
2725 4749 2924 4805 mentis
2977 4748 3170 4802 deliria
3226 4761 3336 4801 non
3396 4762 3466 4802 ex

1871 4854 2135 4912 ebrietate
2166 4849 2282 4904 sola
2316 4844 2448 4900 oriri
2476 4849 2737 4908 constat;
2774 4841 2869 4896 sed
2910 4848 2964 4895 et
2994 4840 3048 4893 in
3084 4839 3221 4903 illis,
3259 4838 3459 4907 quibus

1872 4943 2207 5000 membranae.
2232 4936 2403 4992 costis
2427 4933 2704 4990 subtensa:
2764 4931 2961 4985 morbo
3007 4931 3195 5000 aliquo
3255 4927 3458 4982 affecta:

1874 5042 2025 5099 sunt,
2051 5032 2242 5089 eodem
2277 5027 2441 5083 modo
2472 5026 2865 5095 intelligentem
2909 5023 3223 5076 facultatem
3274 5020 3469 5074 debili-

1872 5127 1999 5190 tari,
2029 5123 2187 5196 periti
2214 5121 2349 5175 artis
2380 5118 2664 5174 medicina:
2696 5115 2942 5169 tradunt.
2961 5114 3247 5184 Appellant
3274 5119 3456 5164 autem

1870 5219 1925 5274 id
1957 5216 2132 5272 morbi
2166 5230 2338 5286 genus
2371 5210 2731 5282 phrenitidem
2760 5225 2790 5263 a
2809 5206 3129 5280 phrenibus.
3150 5218 3259 5275 quo
3289 5218 3460 5257 mem-

1869 5307 2055 5363 branze
2081 5310 2200 5360 ista:
2229 5302 2448 5357 nomine
2487 5308 2771 5355 notantur.
2809 5297 3024 5352 Doloris
3065 5308 3193 5348 vero
3235 5306 3456 5350 sensus.

1873 5402 1964 5473 qui
1994 5417 2059 5457 ex
2094 5397 2355 5454 mmslitia
2392 5392 2701 5450 redundare
2749 5390 2815 5445 ad
2852 5404 2948 5443 cor
3003 5385 3227 5450 dicitur,
3283 5382 3460 5437 homi-

1873 5508 2003 5550 num
2038 5505 2227 5547 errore
2278 5504 2386 5542 non
2415 5493 2584 5541 caret.
2641 5483 2779 5538 Cum
2818 5480 2962 5535 enim
3017 5493 3125 5531 non
3184 5491 3299 5541 cor,
3362 5475 3459 5530 sed

1873 5583 2124 5642 osculum
2151 5578 2418 5637 stomachi
2463 5576 2575 5631 acri
2606 5575 2797 5629 dolore
2825 5577 3087 5633 tentetur,
3118 5582 3220 5623 nos
3272 5576 3454 5623 tamen

1872 5675 1940 5729 ad
1968 5686 2066 5727 cor
2096 5670 2348 5726 morbum
2385 5668 2534 5722 hunc
2570 5681 2635 5721 ex
2678 5663 2950 5735 imperitia
2984 5662 3221 5732 quadam
3268 5660 3459 5716 referi-

1872 5783 2016 5823 mus.
2049 5764 2299 5821 Tradunt
2326 5769 2508 5816 autem
2529 5759 2842 5828 hujusmodi
2873 5756 3132 5827 quiddam
3168 5757 3227 5819 ii,
3253 5755 3455 5825 quibus

1872 5868 2127 5916 accurate
2165 5856 2484 5912 morborum
2527 5853 2769 5908 rationes
2802 5859 3102 5924 perspecta:
3125 5856 3274 5915 sunt,
3301 5843 3453 5917 quod
