3890 6350
489 405 594 462 159

1719 408 1777 466 S.
1812 410 2139 467 GBEGORII
2168 413 2210 468 Ν
2223 412 2465 472 YSSENI

3661 425 3767 481 160

488 534 615 573 cum
647 534 676 572 a
712 526 905 573 natura
953 519 1033 574 sic
1064 527 1440 589 comparatum
1479 520 1571 585 sit,
1604 529 1664 575 ut
1696 522 1750 577 in
1799 524 2062 580 uttestitia

2180 546 2264 598 ρης
2298 528 2358 582 τὸ
2391 530 2572 602 σῶμα,
2608 532 2742 603 πρὸς
2771 532 2869 597 τάς
2901 534 2959 587 ἐν
2993 534 3068 605 τῷ
3098 535 3251 605 βάθει
3283 536 3603 607 κοιλότητας
3633 555 3768 591 συν·

490 617 766 665 meatuum
798 619 911 665 toto
945 625 1176 680 corpore
1198 613 1504 667 contractio
1536 614 1785 684 quaedam
1829 625 1885 671 et
1914 633 2064 673 com-

492 702 705 771 pressio
731 701 866 755 ﬁat:
899 701 1168 772 quidquid
1206 704 1358 758 exire
1397 705 1653 789 impedita
1700 707 2066 777 respiratione

492 800 746 860 nequeat,
780 791 848 845 ad
880 793 1044 846 imam
1066 795 1316 863 corporis
1338 797 1695 866 Capacitatem
1721 798 2063 854 detrudatur.

492 879 618 935 Inde
668 881 998 948 usuvcnire,
1047 890 1106 937 ut
1163 900 1289 939 cum
1343 886 1412 938 ad
1470 886 1884 956 respirationem
1925 878 2109 944 facta.

491 972 704 1027 viscera
736 972 805 1028 ab
836 973 925 1036 iis,
962 990 992 1028 a
1025 977 1226 1045 quibus
1278 977 1522 1047 undique
1581 981 1955 1045 continentur,
2009 983 2063 1038 in

493 1073 785 1133 angustum
819 1074 1120 1133 arctantur,
1152 1069 1470 1141 plerumque
1503 1071 1795 1128 violentior
1839 1075 2067 1144 spiritus

492 1158 747 1211 attractio
788 1167 1001 1213 naturae
1035 1161 1083 1214 vi
1113 1161 1221 1224 ﬁat,
1282 1177 1403 1232 quae
1461 1165 1606 1234 quod
1663 1174 1748 1220 est
1796 1176 2065 1223 arctatum

491 1249 721 1304 dilatare
753 1252 969 1314 nititur,
1008 1259 1152 1308 ut'ea
1186 1271 1307 1325 qum
1339 1273 1658 1327 compressa
1707 1266 1860 1323 sunt,
1897 1259 2066 1317 vicis-

494 1339 597 1394 sim
649 1340 996 1399 diducantur.
1047 1344 1221 1414 Atque
1273 1347 1586 1417 hujusmodi
1640 1350 1697 1404 in
1744 1349 2069 1419 respirando

494 1429 868 1488 diﬂicultatem
904 1437 1177 1492 maestitiae
1213 1438 1475 1493 indicium
1505 1439 1781 1510 quoddam
1807 1457 1930 1497 esse
1956 1451 2068 1497 sta-

496 1526 725 1589 tuimus,
754 1526 899 1595 quod
927 1538 980 1582 et
1006 1529 1302 1599 suspirium
1333 1538 1387 1584 et
1415 1532 1679 1601 gemitum
1707 1531 2066 1601 appellamus.

500 1614 591 1671 Sic
619 1617 762 1688 quod
788 1628 976 1690 partes
1008 1621 1158 1676 cordi
1193 1622 1482 1693 contiguas
1522 1639 1770 1694 premere
1823 1632 2068 1695 putatur.

496 1722 605 1762 nou
633 1711 838 1775 cordis,
880 1712 976 1767 sed
1005 1715 1120 1769 oris
1162 1714 1215 1769 in
1244 1716 1547 1771 ventriculo
1568 1716 1798 1772 molesta
1826 1725 1911 1772 est
1937 1716 2068 1773 atre-

494 1797 626 1862 ctio,
665 1797 857 1853 iisdem
897 1815 967 1855 ex
1007 1801 1195 1857 causis
1243 1812 1389 1865 orta.
1426 1803 1494 1859 de
1528 1804 1733 1873 quibus
1788 1814 2070 1860 meatuum

2169 617 2388 673 ωθείται
2414 622 2522 674 πᾶν
2548 621 2610 675 τὸ
2637 622 2773 694 πρὸς
2800 623 2900 692 τὴν
2928 623 3184 696 διαπνοὴν
3211 626 3554 696 κωλυόμενον
3576 644 3589 654 ·
3640 627 3770 682 ὅθεν

2171 709 2265 762 καὶ
2307 710 2414 765 τῶν
2450 712 2896 767 ἀναπνευστικῶν
2939 715 3262 786 σπλάγχνων
3316 717 3770 789 στενοχωρουμέ-

2171 819 2277 854 νων
2302 801 2381 873 τῷ
2427 806 2751 876 περιέχοντι,
2805 804 3085 878 βιαιοτέρα
3129 808 3387 871 πολλάκις
3422 810 3455 879 ἡ
3494 808 3633 880 ὁλκὴ
3666 808 3766 861 τοῦ

2172 892 2481 962 πνεύματος
2515 897 2620 949 ὑπὸ
2661 897 2755 967 τῆς
2795 898 3010 965 φύσεως
3044 897 3279 966 γίνεται,
3337 899 3475 969 πρὸς
3518 898 3621 968 τὴν
3654 898 3768 951 τῶν

2175 987 2652 1053 συμπεπτωκότων
2680 987 2963 1059 διαστολὴν
2995 988 3056 1041 τὸ
3105 989 3365 1043 στενωθὲν
3393 987 3763 1061 εὖρυνούσης.
3864 990 3870 995 ’

2174 1074 2247 1126 Τὸ
2277 1074 2332 1127 δὲ
2373 1077 2611 1133 τοιοῦτον
2653 1076 2839 1150 ἆσθμα
2869 1082 3182 1150 σύμπτωμα
3210 1080 3388 1152 λύπης
3426 1079 3764 1148 ποιούμεθα,

2176 1167 2475 1237 στεναγμὸν
2492 1169 2620 1222 αὐτὸ
2634 1171 2727 1223 καὶ
2752 1171 3187 1242 ἀναποτνιασμδν
3201 1170 3578 1241 ὀνομάζοντες.
3599 1169 3767 1223 Ἀλλά

2173 1256 2270 1310 καὶ
2304 1257 2365 1310 τὸ
2400 1258 2592 1313 δοκοῦν
2632 1260 2940 1315 ὑποθλίὸειν
2982 1263 3045 1315 τὸ
3077 1261 3426 1332 πρικάρδιον
3473 1260 3668 1332 μέρος,
3703 1260 3767 1312 ού

2174 1349 2273 1419 τῆς
2314 1351 2567 1422 καρδίας,
2616 1352 2751 1407 ἀλλὰ
2782 1353 2875 1407 τοῦ
2912 1353 3177 1424 στόματός
3216 1355 3330 1406 ἐστι
3376 1354 3475 1422 τῆς
3521 1354 3770 1421 γαστρὸς

2175 1442 2357 1511 ἀηδία,
2385 1443 2472 1497 διὰ
2500 1444 2600 1514 τῆς
2626 1445 2797 1514 αὐτῆς
2831 1446 3029 1509 αίτίας,
3075 1446 3219 1513 λέγω
3249 1445 3313 1515 δὴ
3356 1443 3456 1513 τῆς
3486 1443 3634 1496 κατά
3666 1441 3769 1511 di"

2179 1533 2495 1604 σύμπτωσιν
2544 1536 2651 1589 τῶν
2699 1537 2902 1605 πόρων,
2949 1535 3042 1589 τοῦ
3078 1536 3365 1607 χοληδόχου
3412 1533 3644 1601 ἀγγείου
3676 1532 3769 1584 τὸν

2175 1624 2372 1694 δριμὺν
2410 1627 2615 1679 ἐκεῖνον
2653 1626 2748 1681 καὶ
2784 1627 3028 1698 δακνώδη
3058 1626 3229 1697 χυμὸν
3260 1624 3366 1678 ὑπὸ
3394 1620 3767 1692 στενοχωρίας

2177 1715 2271 1768 ἐπὶ
2304 1717 2367 1770 τὸ
2395 1718 2569 1788 στόμα
2606 1718 2707 1787 τῆς
2737 1718 2972 1791 γαστρὸς
3001 1716 3413 1788 παρεγχέοντος-
3457 1711 3767 1778 Ἀπόδειξις

2177 1807 2236 1861 δὲ
2281 1809 2474 1863 τούτου
2503 1810 2565 1863 τὸ
2603 1808 2860 1881 ὕπωχρον
2910 1809 3153 1879 γίνεσθαι
3200 1808 3296 1862 καὶ
3342 1805 3606 1878 ίκτερώδη
3655 1805 3772 1866 τοῖς

496 1890 962 1958 compressionem
996 1892 1111 1947 ﬁeri
1144 1893 1406 1950 diximus.
1444 1894 1579 1950 Nam
1621 1910 1716 1950 vas
1769 1896 1865 1950 bili
1920 1895 2073 1951 exci-

2180 1900 2536 1972 λυπουμένοις
2572 1903 2671 1972 τὴν
2703 1902 3047 1972 ἐπιφάνειαν,
3075 1900 3184 1955 ἀπὸ
3221 1900 3319 1969 τῆς
3361 1898 3500 1966 ἄγαν
3531 1895 3771 1966 συνοχῆς

495 1981 705 2050 piendte
737 1983 1093 2049 destinatum,
1120 2003 1302 2042 acrem
1345 1988 1496 2042 illum
1530 2004 1597 2043 ac
1619 1987 1932 2043 mordacem
1963 1988 2065 2042 bu-

495 2088 700 2127 morem
737 2084 960 2146 propter
983 2079 1411 2134 coarctationem
1446 2080 1530 2135 sui
1567 2081 1620 2133 in
1672 2079 1920 2134 osculum
1955 2087 2070 2135 sto-

493 2165 672 2220 machi
709 2168 940 2222 derivat.
979 2171 1113 2241 Eius
1143 2171 1220 2226 rei
1257 2173 1627 2229 certissimum
1655 2182 1743 2228 est
1769 2188 2068 2244 argumen-

496 2261 634 2317 tum.
659 2258 803 2326 quod
849 2260 1052 2329 quibus
1107 2262 1220 2317 base
1244 2263 1509 2332 aegritudo
1562 2264 1785 2328 accidit,
1846 2264 2067 2320 eosdem

495 2348 834 2414 suppallidos
880 2359 934 2403 et
986 2352 1252 2418 aurugiue
1312 2352 1691 2408 laborantibus
1747 2354 2066 2410 consimiles

494 2440 756 2495 extremis
788 2441 842 2495 in
871 2441 1120 2511 partibus
1147 2443 1265 2499 ﬁeri
1310 2444 1574 2507 videmus,
1635 2445 1744 2501 bile
1778 2449 2062 2501 humorem

2175 1989 2269 2043 ἐπὶ
2300 1990 2398 2053 τάς
2427 1991 2627 2060 φλὲὗας
2658 1992 2750 2045 τὸν
2788 1993 2918 2046 ἴδιον
2959 1991 3133 2062 χυμὸν
3172 1990 3271 2059 τῆς
3302 1989 3465 2059 χολῆς
3508 1990 3770 2041 ἐπισπει-

2177 2081 2378 2152 ρούσης
2401 2097 2414 2110 ·
2443 2082 2580 2138 ἀλλά
2607 2085 2701 2137 κα)⁵
2726 2084 2789 2137 τὸ
2816 2084 2874 2151 ἐξ
2894 2084 3139 2137 ἐναντίου
3169 2082 3451 2152 γινόμενον
3483 2079 3684 2144 πάθος,
3709 2077 3770 2130 τὴ

2176 2171 2319 2226 κατὰ
2347 2173 2446 2244 τὴν
2490 2175 2832 2246 εὐφροσύνην
2874 2176 3018 2245 φημὶ
3062 2173 3158 2228 καὶ
3185 2173 3277 2226 τὸν
3301 2172 3534 2241 γέλωτα,
3563 2169 3770 2241 μᾶλλον

2173 2264 2264 2319 τὸν
2309 2265 2465 2334 λόγον
2502 2268 2805 2337 συνίστησι.
2839 2268 3154 2338 Διαχέονται
3197 2267 3306 2339 γάρ
3353 2282 3470 2327 πως
3516 2261 3614 2317 καὶ
3654 2261 3770 2316 δια-

2172 2353 2386 2409 λύονται
2408 2356 2475 2408 δι’
2501 2358 2694 2429 ἡδονῆς
2718 2359 2769 2411 οί
2796 2358 2892 2413 τοῦ
2915 2357 3167 2428 σώματος
3189 2357 3344 2429 πόροι
3381 2354 3492 2408 τῶν
3526 2354 3592 2407 ἔκ
3622 2368 3769 2413 τινος

2173 2447 2343 2518 ἀκοῆς
2371 2448 2548 2518 ἡδείας
2574 2450 2950 2521 διαχεθέντων.

495 2549 657 2589 suum
706 2533 777 2589 ob
816 2535 1275 2604 compressionem
1330 2536 1553 2590 nimiam
1589 2539 1644 2591 in
1697 2552 1868 2593 venas
1917 2548 2223 2609 spargente.
2259 2539 2400 2606 Quin
2434 2551 2489 2597 et
2537 2543 2812 2597 contraria
2841 2544 2969 2599 huic
3002 2543 3236 2607 affectio,
3275 2541 3534 2596 nimirum
3581 2541 3770 2594 laetitia

494 2637 548 2684 et
587 2629 752 2693 risus,
795 2628 968 2699 magis
1015 2630 1176 2683 etiam
1210 2631 1451 2686 rationes
1501 2620 1719 2687 nostras
1766 2630 2114 2686 conﬁrmant.
2161 2633 2296 2689 Nam
2343 2650 2467 2690 cum
2521 2638 2708 2692 auditu
2762 2637 3010 2693 nonnihil
3060 2634 3363 2707 jucundum
3399 2634 3769 2704 percepimus.

492 2721 835 2790 explicantur
865 2737 930 2777 ac
948 2724 1297 2777 resolvuntur
1323 2724 1559 2793 quodam
1597 2724 1761 2779 modo
1792 2732 2015 2795 propter
2041 2725 2379 2797 voluptatem
2411 2737 2625 2784 meatus
2655 2731 2927 2799 corporis.
2978 2754 2987 2765 ι

536 2813 620 2866 -ln
662 2814 883 2876 dolore,
916 2827 1138 2882 propter
1170 2814 1450 2869 tristitiam
1506 2816 1734 2871 subtiles
1785 2826 2065 2871 meatuum

493 2905 984 2973 transpirationes,
1029 2920 1150 2973 quae
1196 2916 1420 2975 propter
1462 2907 1817 2974 exiguitatem
1873 2908 2070 2977 depre-

2264 2820 2353 2883 Ὠς
2388 2822 2496 2891 γάρ
2524 2823 2641 2875 ἐκεῖ
2688 2820 2777 2874 διά
2818 2819 2919 2891 τῆς
2961 2818 3136 2891 λύπης
3193 2817 3417 2889 μύουσιν
3468 2819 3525 2871 αί
3572 2813 3769 2873 λεπταί

2176 2933 2236 2968 τε
2272 2916 2367 2983 καὶ
2403 2913 2587 2983 ἄδηλοι
2637 2911 2748 2964 τῶν
2802 2910 2980 2980 πόρων
3035 2909 3312 2974 διαπνοαὶ,
3366 2908 3459 2962 καὶ
3514 2908 3770 2979 διασφίγ-

495 2993 661 3047 hendi
712 2994 799 3046 vix
851 3000 1119 3061 possunt,
1167 3009 1493 3063 compressae
1543 2995 1757 3049 viscera
1804 2996 2067 3052 interiora

2180 3020 2332 3085 ξασαι
2384 3008 2483 3077 τὴν
2536 3002 2746 3058 ἔνδοθεν
2804 3000 2912 3054 τῶν
2972 3000 3292 3070 σπλάγχνων
3344 2999 3585 3053 διάθεσιν
3609 3039 3626 3063 ,
3678 3000 3770 3054 ἐπὶ

495 3084 902 3153 eunstringunt,
939 3091 993 3137 et
1050 3085 1114 3137 ad
1150 3093 1314 3154 caput
1349 3100 1413 3138 ac
1459 3085 1668 3140 cerebri
1723 3087 2068 3142 membranas

497 3173 664 3228 udum
697 3174 847 3227 illum
878 3174 1106 3227 halitum
1133 3183 1322 3242 agunt,
1362 3188 1420 3229 ut
1453 3178 1656 3232 multus
1684 3177 1829 3231 intra
1858 3176 2071 3233 cerebri

497 3264 761 3318 cavitates
790 3264 1075 3328 collectus,
1112 3281 1207 3333 per
1235 3274 1445 3339 meatus
1478 3268 1574 3336 qui
1623 3268 1690 3321 ad
1736 3268 1900 3322 imam
1943 3278 2072 3324 sunt

497 3354 741 3423 ejusdem
774 3365 1005 3425 partem,
1023 3357 1074 3410 in
1097 3360 1289 3414 oculos
1310 3358 1619 3429 dejiciatur,
1652 3363 2071 3430 superciliorum

499 3449 874 3504 contractione
922 3449 1173 3518 guttatim
1224 3451 1503 3506 humorem
1553 3455 1914 3523 exprimente,
1953 3470 2074 3524 quae

498 3538 696 3594 deinde
734 3548 900 3610 guttae
938 3541 1188 3611 lacrymae
1221 3544 1587 3612 appellantur.
1636 3543 1851 3599 Eodem'
1911 3547 2075 3602 modo

498 3641 678 3688 tecum
704 3643 918 3704 putato,
951 3636 1238 3691 all‘ectione
1281 3639 1560 3692 contraria
1597 3639 1867 3695 meatibus
1924 3655 2076 3696 more

497 3734 765 3780 consueto
802 3727 979 3798 magis
1008 3729 1289 3798 aliquanto
1312 3728 1570 3794 dilatatis,
1604 3731 1855 3800 spiritum
1886 3748 2076 3801 quem-

498 3816 623 3871 dam
655 3818 724 3872 ab
758 3818 894 3888 ipsis
940 3826 1231 3875 attractum
1282 3821 1337 3874 in
1404 3821 1516 3878 imo
1543 3822 1850 3887 subsidere,
1914 3832 2078 3893 atque

454 3948 459 3957 ι
502 3909 627 3965 inde
652 3909 901 3964 vicissim
930 3924 960 3961 a
1018 3921 1215 3964 natura
1254 3926 1350 3980 per
1402 3921 1641 3966 meatum
1686 3914 1801 3968 oris
1857 3914 2075 3983 expelli,

502 4000 804 4054 visceribus
825 3998 1118 4060 universis,
1139 4001 1745 4071 maxiiuequejecinore
1769 4004 1787 4071 (
1812 4011 1871 4057 ut
1904 4005 2077 4075 aiunt)

502 4088 738 4159 quadam
796 4089 1155 4145 succussione
1206 4097 1259 4145 et
1320 4090 1563 4173 fervente
1619 4101 1769 4147 motu
1826 4095 2079 4163 spiritum

504 4185 817 4255 hujusmodi
850 4185 1291 4241 extrudeutibus.
1344 4186 1552 4242 Idcirco
1593 4195 1811 4254 natura,
1845 4198 1904 4244 ut
1954 4189 2082 4245 huic

504 4281 720 4352 spiritui
751 4282 955 4338 exitum
988 4281 1203 4337 facilem
1234 4290 1431 4349 struat,
1461 4291 1700 4339 meatum
1723 4285 1835 4341 oris
1856 4286 2078 4354 dilatat;

500 4383 792 4452 genis,per
819 4395 958 4451 quas
987 4381 1289 4437 anhelitum
1318 4382 1469 4437 exire
1498 4390 1722 4439 necesse
1750 4394 1855 4449 est,
1898 4385 2080 4441 utrin-

498 4494 610 4546 que
646 4478 905 4535 diductis.
936 4478 1174 4534 lnditum
1230 4480 1357 4536 huic
1409 4491 1495 4536 est
1554 4481 1631 4535 rei
1674 4497 1871 4537 nomen
1908 4482 2074 4539 risus.

2171 3108 2269 3177 τὴν
2316 3097 2565 3175 κεσαλὴν
2604 3094 2697 3147 καὶ
2740 3091 2838 3153 τὰς
2884 3090 3154 3160 μήνιγγας
3192 3088 3284 3141 τὸν
3316 3088 3534 3160 νοτερὸν
3592 3088 3766 3161 ἀτμὸν

2172 3186 2653 3255 ἀναθλίϐουσιν,δς
2700 3182 2866 3246 πολὺς
2919 3179 3313 3251 ἐναποληφθεὶς
3362 3187 3482 3241 ταῖς
3528 3179 3624 3232 τοῦ
3676 3181 3768 3247 ἐγ·

2172 3286 2410 3357 κεφάλου
2452 3278 2748 3347 κοιλότησι,
2772 3273 2861 3327 διά
2900 3271 3008 3325 τῶν
3053 3272 3191 3325 κατά
3235 3271 3332 3342 τὴν
3379 3271 3534 3341 βάσιν
3584 3271 3770 3341 πόρων

2173 3383 2268 3434 ἐπὶ
2317 3375 2444 3436 τοὺς
2488 3369 2801 3440 ὀφθαλμοὺς
2856 3365 3177 3430 ἐξωθεῖται,
3232 3365 3331 3433 τῆς
3379 3362 3487 3416 τῶν
3549 3363 3769 3434 ὀφρύων

2178 3467 2549 3543 συμπτώσεως
2598 3460 2955 3530 ἐξελκομένης
3006 3458 3095 3511 διὰ
3138 3456 3413 3523 σταγόνων
3461 3454 3563 3523 τὴν
3602 3456 3769 3525 ὑγραο

2178 3565 2299 3619 σίαν
2334 3561 2398 3631 (ἡ
2423 3558 2478 3610 δὲ
2509 3552 2722 3622 σταγὼν
2753 3552 2988 3622 δάκρυον
3021 3547 3273 3616 λέγεται)
3300 3563 3315 3577 ⁸
3347 3545 3491 3599 οὕτω
3522 3562 3612 3615 μοι
3648 3546 3768 3613 νόη-

2178 3673 2289 3721 σον,
2325 3655 2388 3706 ὲκ
2417 3651 2514 3720 τῆς
2559 3644 2806 3706 ἐναντίας
2852 3639 3146 3700 διαθέσεως
3178 3636 3339 3691 πλέον
3382 3635 3475 3687 τοῦ
3504 3633 3769 3732 συνήθους

2176 3740 2551 3814 εὐρυνομένων
2594 3734 2703 3788 τῶν
2739 3733 2943 3803 πόρων.
2983 3726 3324 3783 εἱσέλκεσθαί
3348 3744 3400 3778 τι
3449 3723 3671 3793 πνεῦμα
3701 3724 3749 3776 δι

2178 3831 2360 3888 αὐτῶν
2383 3830 2475 3882 ἐπὶ
2504 3827 2566 3881 τὸ
2591 3824 2771 3895 βάθος,
2796 3821 3048 3876 κάκεῖθεν
3075 3818 3235 3873 πάλιν
3268 3814 3584 3881 ἐξωθεῖσθαι
3617 3814 3766 3884 παρά

2177 3927 2279 3995 τῆς
2316 3922 2529 3993 φύσεως
2565 3918 2654 3973 διὰ
2700 3914 2793 3970 τοῦ
2835 3914 2976 3969 κατά
3012 3912 3074 3966 τὸ
3113 3911 3288 3979 στόμα
3318 3908 3508 3979 πόρου,
3550 3906 3765 3959 πάντων

2180 4013 2290 4066 τῶν
2316 4010 2663 4080 σπλάγχνων,
2683 4007 2777 4059 καὶ
2801 4003 3034 4075 μάλιστά
3056 4018 3119 4070 γε
3146 4000 3239 4054 τοῦ
3267 4000 3496 4070 ἥπατος,
3525 3996 3761 4064 ὦςφασι,

2181 4104 2272 4159 διά
2298 4121 2440 4167 τινος
2479 4098 2666 4156 κλτνου
2696 4099 2790 4153 καὶ
2829 4094 3186 4168 βρασμώδους
3217 4093 3484 4162 κινήσεως
3511 4090 3572 4143 τὸ
3596 4088 3764 4143 τοιοῦ-

2180 4214 2275 4250 τον
2305 4195 2521 4264 πνεῦμα
2566 4188 3027 4257 συνεξωθούντων.
3066 4185 3228 4238 Ὅθεν
3255 4182 3499 4237 εὐκολίαν
3546 4182 3669 4234 τινὰ
3700 4183 3763 4251 τῇ

2183 4284 2399 4355 διεξόδῳ
2421 4282 2513 4336 τοῦ
2545 4281 2852 4353 πνεύματος
2883 4276 3301 4350 μηχανωμένηή
3330 4275 3511 4343 φύσις,
3536 4274 3760 4343 ἀνευρύο

2186 4398 2266 4433 νει
2304 4379 2395 4431 τὸν
2427 4376 2555 4449 περὶ
2585 4376 2644 4428 τὸ
2692 4374 2866 4444 στόμα
2919 4372 3120 4443 πόρον,
3164 4367 3504 4439 ἑκατέρωθεν
3542 4367 3671 4437 περὶ
3708 4366 3763 4419 τὸ

2187 4469 2374 4542 ἆσθμα
2400 4470 2500 4533 τὰς
2543 4466 2777 4537 παρειὰς
2806 4464 3207 4520 διαστέλλουσα.
3262 4463 3470 4531 Ὄνομα
3498 4458 3552 4511 δὲ
3577 4457 3651 4527 τῷ
3686 4477 3763 4527 γι-

505 4576 573 4629 Αι
599 4592 727 4631 vero
753 4592 863 4630 non
896 4587 1187 4647 propterea
1219 4577 1303 4632 vis
1341 4577 1509 4631 auium
1562 4580 1815 4650 princeps
1848 4580 2073 4649 jecinori

2183 4562 2393 4631 νομένῳ
2421 4558 2594 4627 γέλως
2650 4556 2818 4609 ἐστίν.
2881 4552 3017 4607 Οὔτε
3058 4548 3150 4606 οὖν
3173 4551 3259 4605 διά
3303 4549 3459 4604 τοῦτο
3488 4548 3566 4619 τῷ
3595 4549 3760 4618 ἥπατι

502 4672 818 4737 tribuenda,
850 4687 1025 4740 neque
1048 4679 1271 4742 propter
1299 4673 1582 4743 sanguinis
1616 4676 1760 4729 circa
1803 4692 1898 4730 cor
1925 4676 2082 4731 ebul-

506 4767 776 4831 litionem,
811 4781 933 4837 quae
962 4767 1176 4823 aﬂ'ectio
1207 4768 1581 4825 vehementius
1614 4772 1797 4825 animo
1826 4772 2078 4836 exsistit,

509 4864 563 4919 in
596 4864 760 4918 corde
804 4864 1005 4919 mentis
1038 4864 1221 4918 sedem
1273 4880 1397 4919 esse
1444 4866 1751 4935 putandum
1811 4874 1930 4923 est:
1988 4868 2082 4923 sed

508 4967 640 5017 sunt
672 4960 869 5013 horum
927 4974 1109 5014 causae
1141 4961 1195 5013 iu
1244 4971 1520 5015 structura
1569 4964 1819 5030 corporis
1878 4963 2084 5018 consti~

502 5060 739 5111 tuenda.
774 5054 1010 5110 Mentem
1049 5056 1270 5126 quidem
1311 5057 1626 5113 existimare
1658 5058 1922 5114 debemus
1962 5059 2083 5113 cui-

504 5155 640 5209 libet
671 5154 918 5209 membro
937 5154 1300 5224 azquabilitcr,
1327 5169 1389 5209 ea
1429 5155 1704 5211 mistionis
1728 5157 1939 5211 ratione
1963 5172 2086 5226 qua!

502 5252 768 5322 explicari
797 5251 1031 5306 dicendo
1058 5260 1327 5322 nequeat,
1358 5255 1573 5311 adesse.
1628 5254 1782 5321 Quod
1818 5255 1864 5309 si
1923 5266 2086 5310 erunt

502 5348 598 5415 qui
626 5346 865 5404 Litteras
903 5349 1067 5405 etiam
1094 5364 1284 5406 sacras
1325 5349 1428 5405 hac
1456 5351 1507 5404 in
1542 5360 1694 5421 parte
1723 5350 1884 5404 nobis
1916 5365 2084 5420 oppo-

506 5451 802 5513 nant.qtr.e
828 5440 883 5498 in
912 5444 1075 5500 corde
1105 5446 1213 5500 vim
1238 5446 1385 5499 illam
1415 5446 1715 5516 principem
1741 5461 1864 5501 esse
1887 5452 2086 5501 testen-

510 5545 621 5601 tur,
651 5553 719 5592 ne
750 5540 943 5594 horum
973 5542 1196 5611 quidem
1228 5544 1463 5598 orationi
1495 5544 1573 5599 sic
1605 5545 1997 5609 assentiemur,
2028 5555 2087 5599 ut

508 5646 620 5686 non
654 5633 805 5700 prius
827 5635 880 5687 in
904 5652 1022 5689 eam
1052 5638 1415 5708 inquiramus.
1444 5638 1577 5692 Nam
1609 5655 1733 5693 cum
1768 5641 1822 5694 in
1848 5639 2082 5710 quodam

509 5745 577 5785 ex
609 5730 781 5783 sacris
813 5730 955 5785 libro
991 5736 1175 5791 cordis
1201 5736 1408 5792 mentio
1451 5736 1563 5801 ﬁat,
1600 5736 1801 5792 ibidem
1837 5747 1890 5792 et
1926 5753 2084 5792 rencs

511 5825 713 5897 adjecti
747 5838 894 5895 sunt,
933 5839 1057 5883 sunt
1092 5833 1237 5887 enim
1272 5832 1583 5902 huiusmodi
1608 5840 1851 5905 qumdam
1881 5836 2040 5891 verba
2068 5853 2079 5891 :

2180 4654 2242 4707 τὸ
2271 4650 2594 4723 ἡγεμονικὸν
2634 4648 2908 4717 λογιστέον
2931 4686 2945 4710 ,
2994 4644 3118 4698 οὔτε
3145 4644 3233 4697 διὰ
3271 4642 3370 4714 τὴν
3416 4641 3762 4712 περικάρδιον

2182 4743 2332 4810 ζέσιν
2355 4740 2449 4795 τοῦ
2496 4742 2724 4811 αἵματος
2762 4740 2820 4790 ὲν
2848 4740 2987 4800 ταῖς.
3016 4736 3294 4806 θυμικαῖς.
3320 4733 3621 4786 διαθέσεσιν
3642 4772 3657 4793 ,
3708 4735 3762 4785 ἐν

2182 4832 2379 4903 καρδίᾳ
2408 4830 2687 4902 νομιστέον
2716 4824 2856 4882 εἶναι
2882 4828 2977 4880 τοῦ
3005 4824 3094 4879 νοῦ
3118 4825 3216 4895 τὴν
3246 4824 3559 4896 καθίδρυσιν
3582 4840 3595 4850 ·
3629 4824 3760 4877 ἀλλὰ

2182 4925 2353 4981 ταῦτα
2385 4924 2482 4995 μὲν
2519 4925 2597 4987 εἰς
2646 4921 2743 4984 τὰς
2773 4920 2932 4984 ποιὰς
2969 4918 3076 4971 τῶν
3131 4918 3396 4988 σωμάτων
3426 4918 3760 4977 κατασκευὰς

2182 5017 2468 5072 ἁνακτέον.
2505 5015 2607 5068 Τὸν
2630 5013 2686 5067 δὲ
2713 5011 2835 5065 νοῦν
2863 5012 3140 5082 ὁμοτίμως
3164 5011 3376 5080 ἑκάστῳ
3400 5008 3506 5061 τῶν
3536 5009 3756 5077 μορίων,

2182 5105 2324 5163 κατά
2345 5106 2435 5158 τὸν
2462 5104 2738 5174 ἄφραστον
2755 5101 2851 5171 τῆς
2872 5099 3226 5170 ἀνακράσεως
3251 5099 3406 5167 λόγον
3428 5098 3759 5166 ἐφάπτεσθαι

2188 5197 2484 5266 νομιστέον.
2517 5192 2634 5248 Κᾶν
2686 5192 2788 5263 τὴν
2820 5192 3040 5261 Γραφήν
3071 5207 3214 5253 τινες
3257 5191 3387 5259 ἡμῖν
3435 5189 3570 5258 πρὸς
3609 5188 3760 5242 τοῦτο

2185 5286 2610 5356 προτείνωνται,
2662 5285 2729 5353 τῇ
2769 5282 2970 5353 καρδίᾳ
3001 5281 3062 5334 τὸ
3102 5279 3427 5352 ἡγεμονικὸν
3460 5281 3760 5350 μαρτυροῦ-

2187 5380 2316 5439 σαν“,
2367 5378 2467 5429 οὐκ
2505 5374 2872 5440 ἀνεξετάστως
2917 5372 3009 5426 τὸν
3047 5372 3204 5438 λόγον
3234 5368 3518 5440 δεξόμεθα.
3572 5371 3630 5423 ὐ
3658 5371 3759 5440 γὰρ

2185 5470 2411 5540 καρδίαν
2441 5467 2718 5541 μνησθεὶς,
2748 5466 2842 5518 καὶ
2869 5462 3082 5535 νεφρῶν
3116 5460 3536 5533 ἐμνημόνευσεν,
3563 5461 3726 5513 εἰπών
3746 5480 3758 5492 ·

2191 5581 2209 5611 ι
2240 5562 2478 5626 Ἐτάζων
2503 5560 2726 5630 καρδίας
2747 5557 2842 5611 καὶ
2872 5556 3101 5627 νεφροὺς
3127 5557 3155 5608 ὁ
3177 5553 3340 5616 Θεός⁹
3362 5572 3380 5604 ι
3421 5550 3563 5605 ὥστε
3592 5552 3624 5622 ἢ
3664 5555 3761 5623 ἀμ-

2188 5653 2453 5721 φοτέροις,
2489 5650 2812 5721 ἦούδετέρῳ
2851 5649 2912 5700 τὸ
2954 5645 3135 5716 νοερὸν
3165 5643 3594 5698 κατακλείουσιν.
3635 5643 3759 5712 ’Λμ-

2188 5741 2473 5799 ϐλύνεσθαι
2494 5742 2551 5795 δὲ
2579 5741 2676 5804 τὰς
2700 5739 2954 5811 νοητικάς
2979 5739 3278 5807 ἐνεργείας,
3303 5735 3334 5807 ἢ
3361 5734 3453 5787 καὶ
3484 5736 3759 5812 παντάπα-

2192 5852 2272 5888 σιν
2306 5834 2607 5902 ἀπρακτεῖν
2648 5832 2704 5886 ἐν
2752 5832 2816 5902 τῇ
2850 5830 2979 5900 ποιᾷ
3010 5826 3242 5882 διαθέσει
3282 5825 3373 5878 τοῦ
3413 5825 3664 5894 σώματος
3692 5825 3752 5880 δι-
