3890 6402
149 458 224 512 illi
1361 444 1447 501 DE
1479 443 1764 502 HOMINIS
1807 442 2118 501 OPIFICIO.
3254 446 3360 505 46'!

147 572 343 639 δαχθεὶς,
378 571 471 640 οὐχ
515 567 699 622 ἰκανὸν
732 562 984 637 ποιοῦμαι
1031 564 1188 618 τοῦτο
1227 567 1547 637 τεκμήριον,
1589 565 1681 618 τοῦ

1856 563 1999 620 Deus
2020 562 2189 618 corda
2214 572 2273 617 et
2309 575 2467 615 rencs
2492 560 2815 630 explorat".
2833 559 3168 616 ildcircovel
3186 562 3237 616 in
3261 563 3361 617 lto-

146 667 266 736 τόπῳ
291 664 385 717 τινὶ
405 664 500 732 τὴν
528 661 756 732 δύναμιν
782 658 874 713 τοῦ
896 659 987 714 νοῦ
1013 659 1446 731 περιείργεσθαι,
1468 660 1544 723 ὼς
1562 662 1682 723 ταῖς

1821 668 1904 705 um
1939 650 2366 719 utrumque,-ve|
2400 658 2652 703 neutrum
2703 649 2840 702 adeo
2881 656 2938 702 ut
2973 649 3357 720 intelligentem

148 752 501 823 ὲπιγινομέναις
542 753 656 813 τοῖς
708 749 897 820 μέρεσι
949 747 1280 819 φλεγμοναῖς
1330 749 1428 819 τῆς
1475 749 1681 812 οἰκείας

1822 744 1954 797 nimi
2004 742 2113 796 vim
2141 741 2425 797 includant
2454 756 2683 797 necesse
2713 748 2816 796 est.
2839 739 3109 797 Caeterum
3142 743 3358 798 etiamsi

149 845 435 917 εὐρυχωρίας
480 841 881 913 ἐξειργομένης.
934 839 1229 911 Σωματικὴ
1256 839 1363 910 γὰρ
1388 842 1421 910 ἡ
1455 839 1677 911 τοιαύτη

1822 836 2011 889 doceat
2034 834 2322 888 facultates
2350 833 2724 903 intelligentiae
2754 832 3082 901 quibusdam
3118 835 3172 886 in
3197 833 3358 889 all‘ec-

147 936 263 1000 δόξα,
296 936 350 987 τὺ
381 935 449 1004 μὴ
477 931 733 986 δύνασθαι
764 931 1308 1003 προκατειλημμένου
1333 931 1426 985 τοῦ
1453 931 1678 999 ἀγγείου

1821 926 2028 981 onibus
2054 926 2306 995 corporis
2344 925 2501 995 quasi
2531 924 2796 991 hebetari,
2820 926 2905 980 vel
2939 927 3100 979 etiam
3126 941 3357 995 prorsus

147 1027 216 1080 διὰ
234 1042 357 1087 τινος
371 1029 473 1077 τῶν
495 1023 937 1095 ὲμϐεὸλημένων,
956 1022 1142 1094 ἕτερόν
1158 1040 1210 1075 τι
1237 1026 1295 1076 ὲν
1315 1022 1463 1093 αὐτῷ
1494 1022 1678 1094 χώραν

1824 1034 1963 1074 icere
1990 1039 2001 1073 ε
2026 1023 2144 1071 non
2179 1026 2359 1072 tamen
2402 1017 2536 1070 satis
2566 1017 2819 1070 idoneum
2848 1024 3228 1085 argumentum
3258 1017 3360 1071 hoc

148 1118 308 1187 εὑρεῖν.
344 1117 401 1169 Ἠ
424 1115 530 1186 γὰρ
564 1114 726 1184 νοητὴ
760 1112 923 1182 φύσις
953 1112 1077 1166 οὔτε
1108 1115 1229 1178 ταῖς
1255 1113 1550 1167 κενώσεσιν
1577 1116 1678 1184 ὲμ-

1817 1129 1901 1169 sse
1927 1122 2130 1177 statuo,
2165 1128 2275 1182 quo
2308 1111 2590 1180 probetur,
2642 1111 2763 1165 loco
2815 1118 2968 1164 ccrto
3012 1110 3121 1163 vim
3154 1112 3353 1167 mentis

148 1206 395 1276 φιλοχωρεῖ
420 1207 525 1259 τῶν
555 1206 851 1274 σωμάτων,
899 1203 1023 1257 οὗτε
1060 1204 1140 1275 τῷ
1186 1205 1532 1270 πλεονάζοντι
1577 1208 1675 1277 τῆς

1826 1221 1855 1259 a
1888 1205 2294 1269 circumscribi,
2313 1212 2371 1257 ut
2389 1203 2695 1258 tumoribus
2714 1204 2955 1256 membra
2980 1204 3069 1257 illa
3086 1218 3360 1273 occupan-

148 1299 310 1369 σαρκὸς
333 1296 622 1363 ἐξωθεῖται.
685 1295 826 1349 Ἀλλ’
855 1297 1039 1366 ἐπειδὴ
1064 1296 1313 1369 καθάπερ
1338 1315 1389 1351 τι
1420 1300 1675 1369 μουσικὸν

1825 1299 1950 1362 bus,
1989 1299 2054 1353 de
2076 1313 2178 1352 suo
2218 1297 2336 1365 ipsa
2372 1296 2529 1366 quasi
2566 1295 2745 1364 spatio
2777 1296 3025 1350 excedat.
3084 1294 3182 1349 Est
3215 1294 3358 1348 enim

146 1390 333 1458 ὄργανον
366 1388 503 1441 ἅπαν
534 1388 593 1441 τὸ
627 1387 784 1458 σῶμα
816 1387 1291 1458 δεδημιούργηται,
1325 1388 1515 1459 ὥσπερ
1541 1407 1676 1459 συμ-

1825 1390 2094 1459 njusmodi
2114 1390 2361 1460 quaedam
2382 1388 2640 1459 cogitatio
2660 1388 2943 1457 corporeis
2965 1387 3128 1442 rebus
3150 1401 3361 1441 accom-

146 1479 283 1532 ϐαίνει
302 1478 544 1542 πολλάκις
583 1478 809 1531 ἐπὶτῶν
846 1478 1104 1549 μελῳδεῖν
1142 1480 1242 1549 μὲν
1274 1481 1672 1550 ἐπισταμένων,

1827 1485 2020 1548 ηοάθιο,
2078 1498 2209 1538 vase
2248 1483 2414 1538 rebus
2455 1483 2666 1555 injectis
2683 1484 2903 1551 repleto,
2948 1496 3057 1536 non
3110 1495 3268 1549 posse
3307 1479 3363 1532 in

145 1573 492 1624 ἁδυνατούντων
548 1572 605 1624 δὲ
660 1570 828 1636 δεῖξαι
881 1573 979 1643 τὴν
1030 1574 1374 1643 ἐπιστήμην,
1429 1574 1528 1643 τῆς
1567 1574 1674 1627 τῶν

1828 1576 1967 1631 idem
2009 1578 2133 1631 aliis
2165 1558 2342 1629 locum
2376 1590 2518 1630 esse.
2557 1573 2770 1642 Quippe
2804 1582 3000 1626 natura
3038 1574 3155 1628 solo
3183 1572 3364 1626 animo

143 1663 345 1733 ὁργάνων
390 1663 685 1734 ἀχρηστίας
731 1666 790 1716 ού
841 1665 1285 1736 παραδεχομένης
1331 1667 1429 1737 τὴν
1478 1667 1674 1743 τέχνην

1829 1665 2263 1734 )mprehensilis,
2305 1671 2364 1718 ut
2400 1664 2454 1718 in
2490 1674 2670 1732 partes
2699 1663 2948 1733 corporis
3006 1676 3209 1716 vacuas
3256 1676 3365 1716 non

147 1756 216 1822 (τὸ
261 1754 359 1825 γὰρ
398 1755 428 1825 ἢ
477 1755 653 1826 χρόνῳ
696 1755 939 1828 φθαρὲν,
1001 1758 1034 1827 ἢ
1102 1758 1556 1829 παρερρηγμένον
1609 1760 1675 1812 ἐκ

1829 1761 2074 1830 mmigrat,
2115 1762 2195 1815 sic
2233 1769 2287 1813 et
2347 1774 2378 1813 a
2429 1774 2595 1813 carne
2637 1758 2794 1828 quasi
2860 1756 3202 1812 redundante
3256 1772 3365 1810 non

144 1845 514 1911 καταπτὼσεως,
547 1847 578 1916 ῆ
620 1848 727 1900 ὑπό
773 1864 918 1910 τινος
957 1846 1033 1901 ίοῦ
1059 1848 1152 1901 καὶ
1182 1848 1419 1918 εὐρῶτος
1443 1852 1675 1919 ὴχρειω-

1856 1853 2089 1921 pellitur.
2126 1836 2221 1906 Est
2258 1852 2485 1905 omnino
2512 1858 2687 1904 totum
2714 1865 2918 1919 corpus
2947 1849 3250 1904 humanum
3284 1848 3392 1903 in-‘

146 1937 299 2004 μένον,
343 1937 603 2007 ἄφθογγον
644 1938 791 2007 μένει
841 1940 934 1992 καὶ
964 1940 1358 2010 ἀνενέργητον,
1413 1941 1517 1994 κᾶν
1567 1939 1673 1994 ὑπὸ

1833 1960 1895 1997 ar
1925 1944 2124 1998 musici
2158 1944 2508 1998 instrumenti
2561 1943 2912 1997 fabricatum.
2971 1940 3122 1996 Solet
3181 1950 3364 1995 autem

141 2025 214 2077 τοῦ
249 2027 472 2097 προέχειν
508 2028 789 2092 δοκοῦντος
843 2029 985 2082 κατά
1023 2031 1120 2102 τὴν
1155 2032 1449 2103 αὐλητικὴν
1476 2033 1672 2104 τέχνην

1831 2051 2172 2104 )nnunquam
2198 2036 2518 2099 usuvenire,
2552 2042 2609 2088 ut
2649 2035 2879 2088 canendi
2914 2034 3133 2103 quidem
3166 2032 3367 2102 aliquis

141 2120 459 2190 ὲμπνέηται)··
488 2123 632 2176 οὕτω
683 2122 776 2175 καὶ
820 2124 848 2176 ὁ
878 2122 1001 2185 νοῦς
1046 2123 1113 2176 δι’
1142 2123 1262 2177 ὅλου
1310 2123 1403 2176 τοῦ
1438 2124 1671 2194 ὀργάνου

1830 2129 1987 2182 eritus
2035 2127 2127 2187 sit,
2171 2142 2358 2180 verum
2400 2127 2537 2181 artis
2570 2140 2684 2180 suae
2721 2125 3106 2180 instrumentis
3160 2125 3366 2179 vitiatis

140 2209 322 2282 διήκων,
368 2216 454 2268 καὶ
492 2215 845 2285 καταλλήλως
886 2218 1005 2278 ταῖς
1046 2218 1321 2285 νοητικαῖς
1351 2217 1671 2287 ἐνεργείαις,

1829 2228 2168 2275 )cumentum
2228 2219 2484 2272 idoneum
2548 2219 2710 2272 edere
2771 2226 3029 2287 nequeat.
3087 2216 3159 2269 Ea
3218 2216 3365 2270 enim

140 2301 251 2353 καθὸ
286 2303 533 2371 πέφυκεν,
566 2304 784 2374 ἑκάστῳ
830 2302 940 2355 τῶν
986 2304 1169 2374 μερῶν
1204 2306 1671 2375 προσαπτόμενος,

1840 2319 1923 2365 rte
1950 2311 2032 2365 vel
2066 2326 2094 2363 a
2129 2319 2374 2379 tempore
2420 2310 2633 2375 vitiata,
2672 2310 2754 2362 vel
2809 2308 3090 2363 confracta
3128 2324 3223 2377 per
3257 2308 3369 2361 rui-

139 2392 213 2443 ὲπὶ
241 2392 324 2463 μὲν
347 2394 448 2453 τῶν
480 2395 622 2455 κατά
661 2396 821 2463 φύσιν
865 2395 1222 2465 διακειμένων
1272 2395 1331 2449 τὸ
1361 2399 1555 2450 οίκείον
1587 2400 1673 2450 ὲν-

1836 2417 1933 2466 tm,
1968 2403 2054 2457 vel
2088 2418 2116 2455 a
2148 2402 2403 2470 rubigine
2457 2416 2522 2455 ac
2583 2401 2692 2454 situ
2745 2401 2927 2469 inepta
2964 2398 3197 2461 reddita,
3232 2412 3372 2453 sono

139 2486 357 2555 ήργησεν,
384 2488 470 2540 ἐπὶ
497 2488 552 2540 δὲ
574 2487 685 2540 τῶν
707 2486 1075 2540 ἀσθενούντων
1104 2486 1357 2554 δέξασθαι
1380 2488 1477 2559 τὴν
1498 2506 1674 2558 τεχνι-

1834 2501 1991 2557 irent,
2024 2492 2350 2561 nullumque
2375 2490 2442 2544 ad
2479 2504 2638 2543 usum
2694 2488 2890 2543 idonea
2950 2495 3099 2551 sunt,
3156 2488 3370 2543 etiamsi

140 2576 220 2644 χὴν
262 2577 406 2630 αὑτοῦ
449 2577 686 2647 κίνησιν,
746 2576 1024 2648 ἀπρακτός
1072 2594 1131 2630 τε
1176 2578 1270 2631 καὶ
1313 2579 1674 2650 ἀνενέργητος

1839 2586 1864 2637 :l
1890 2585 1977 2638 ‘ab
2011 2584 2222 2638 eximio.
2258 2583 2485 2637 tibicine
2517 2581 2798 2637 inﬂentur.
2843 2580 2934 2635 Sic
2978 2598 3036 2635 se
3071 2596 3223 2636 mens
3274 2594 3375 2649 per

138 2665 304 2732 ἔμεινε.
350 2667 557 2736 Πέφυκε
592 2670 705 2739 γάρ
750 2685 866 2728 πως
900 2668 928 2719 ὁ
960 2667 1082 2730 νοῦς
1117 2668 1254 2738 πρὸς
1301 2668 1400 2737 μὲν
1428 2669 1488 2721 τὺ
1532 2670 1672 2721 κατά

1840 2676 2100 2730 riversum
2144 2690 2411 2744 organum
2446 2690 2607 2730 suum
2645 2675 2869 2742 didens,
2899 2683 2952 2731 ct
2985 2675 3261 2744 applicans
3309 2689 3376 2730 se

138 2753 267 2821 φύσιν
288 2756 612 2829 διακείμενον
647 2758 864 2821 οἰκείως
894 2757 1058 2828 ἔχειν,
1090 2759 1227 2830 πρὸς
1244 2760 1316 2813 ’δὲ
1353 2761 1413 2814 τὸ
1444 2778 1673 2833 παρενεο

1835 2761 1992 2818 itione
2014 2773 2381 2819 consentanea
2416 2762 2679 2817 membris
2707 2764 2938 2833 singulis
2960 2780 3052 2833 per
3083 2763 3371 2818 facultates

135 2846 236 2914 χθὲν
260 2849 355 2901 ἀπὸ
372 2850 590 2920 ταύτης,
623 2850 1054 2921 ἀλλοτριοῦσθαι.

1836 2863 1990 2909 ttnrm
2053 2870 2166 2909 sua:
2208 2856 2596 2910 convenientes
2628 2856 2679 2908 in
2730 2856 2799 2910 iis
2837 2870 2956 2923 quae
2992 2864 3138 2909 recte
3172 2854 3372 2908 habent

137 2942 392 2998 secundum
428 2955 705 3011 naturam,
738 2947 843 2999 vim
884 2961 1040 3000 suam
1072 2955 1335 3014 exercet;
1392 2950 1443 3003 in
1486 2952 1698 3006 caeteris
1751 2967 1872 3021 quae
1911 2951 2269 3006 artificiosum
2324 2951 2498 3019 ipsius
2545 2958 2750 3003 motum
2808 2963 2905 3017 per
2948 2948 3371 3002 imbecillitatem

135 3048 295 3101 capere
329 3048 616 3106 nequeunt,
644 3037 789 3107 jacet
830 3047 991 3108 atque
1036 3040 1211 3094 otiosa
1259 3048 1363 3095 est.
1420 3040 1513 3096 Est
1555 3044 1698 3097 enim
1758 3044 1864 3099 hoc
1907 3045 2074 3098 menti
2140 3044 2433 3112 peculiare,
2480 3052 2538 3096 ut
2576 3044 2628 3096 in
2677 3041 2938 3098 membris
2990 3048 3185 3095 natura
3234 3039 3374 3095 bene

135 3123 307 3183 ali‘ectis
328 3126 690 3183 eilicacitatem
729 3144 882 3184 suam
926 3130 1203 3188 obtineat:
1232 3148 1295 3187 ea
1325 3148 1451 3187 vero
1484 3149 1604 3204 quae
1632 3135 1923 3205 depravata
1950 3142 2098 3196 sunt,
2134 3142 2438 3189 aversetur.

189 3218 283 3270 Καί
307 3237 391 3288 μοι
417 3220 561 3274 δοκεῖ
591 3219 964 3293 φυσικώτερον
998 3217 1139 3276 εἶναί
1180 3241 1232 3277 τι
1266 3226 1408 3278 κατὰ
1431 3225 1490 3279 τὸ
1521 3225 1684 3298 μέρος
1712 3240 1725 3288 t

1860 3229 1939 3281 Ac
2000 3228 2135 3280 mihi
2188 3224 2687 3296 qnidem’videtur
2744 3239 2907 3295 posse
2954 3223 3055 3278 hac
3117 3224 3172 3277 in
3221 3233 3376 3293 parte

133 3308 261 3363 τοῦτο
277 3311 537 3383 θεώρημα,
563 3313 637 3366 δι’
660 3306 719 3368 οὗ
747 3314 936 3384 μαθεῖν
966 3314 1081 3369 ἔστι
1102 3334 1155 3369 τι
1182 3316 1290 3370 τῶν
1319 3319 1669 3389 ἁστειοτέρων

1839 3315 2051 3369 ,ιίἀύίιιιι
2089 3317 2430 3370 considerari
2466 3330 2495 3367 a
2531 3315 2690 3371 nobis
2730 3330 2796 3369 ex
2833 3314 3013 3369 media
3052 3328 3232 3369 rerum
3276 3329 3375 3368 na-

129 3398 388 3470 δογμάτων.
406 3404 626 3476 Ἐπειδὴ
666 3406 773 3477 γὰρ
811 3406 869 3459 τὸ
903 3407 1186 3461 κάλλιστον
1228 3410 1447 3463 πάντων
1477 3412 1568 3464 καὶ
1593 3410 1665 3476 ἐξ·

1838 3410 2045 3462 iralium
2095 3410 2427 3462 tractatione
2478 3409 2852 3477 desumptum,
2909 3409 2978 3462 de
3016 3422 3126 3477 quo
3166 3406 3374 3476 percipi

100 3551 106 3557 ,
131 3491 358 3559 οχώτατον
379 3497 587 3564 ἀγαθὸν
606 3496 734 3549 αὐτὸ
768 3496 828 3550 τὸ
863 3497 1019 3551 Θεῖόν
1042 3500 1178 3558 ἔστι.
1193 3498 1329 3570 πρὸς
1353 3499 1381 3552 ὃ
1405 3501 1580 3553 πάντα
1601 3518 1636 3553 vi

1835 3498 2035 3552 )ctrina
2086 3499 2309 3567 elegans
2364 3498 2560 3567 possit.
2604 3497 2739 3552 Nam
2785 3512 2909 3552 cum
2957 3496 3203 3550 omnium
3248 3496 3371 3565 pul-

132 3597 308 3646 νευκεν,
330 3585 423 3639 ὅσα
446 3586 540 3640 τοῦ
568 3584 738 3639 καλοῦ
767 3585 864 3656 τὴν
891 3585 1074 3654 ἔφεσιν
1105 3585 1238 3656 ἔχει,
1266 3586 1355 3640 διὰ
1388 3586 1545 3641 τοῦτό
1573 3605 1668 3656 φα·

1842 3589 2116 3644 len-imum
2173 3603 2237 3643 ac
2291 3589 2805 3659 praestantissimum
2848 3589 3052 3643 bonum
3108 3588 3180 3643 sit
3227 3586 3378 3643 Deus

134 3688 214 3739 μεν
234 3676 424 3729 καὶτὸν
449 3678 603 3739 νοῦν,
625 3676 720 3731 ἆτε
757 3679 874 3729 κατ’
914 3678 1098 3730 εἰκόνα
1133 3676 1228 3729 τοῦ
1268 3677 1551 3732 καλλίστου
1585 3696 1670 3744 γε·

1834 3696 1918 3743 »se,
1966 3683 2031 3734 ad
2078 3696 2241 3749 quem
2279 3681 2464 3734 omnia
2497 3681 2824 3749 respiciunt,
2865 3695 3208 3749 quaecunque
3237 3679 3370 3735 boni

130 3764 334 3834 νόμενον,
360 3769 459 3833 ἕως
488 3771 554 3823 ἂν
587 3769 788 3842 μετέχῃ
806 3769 906 3838 τῆς
929 3769 1063 3841 πρὸς
1085 3770 1145 3822 τὸ
1167 3769 1474 3842 ἀρχέτυπον
1501 3770 1666 3841 ὁμοιό-

1834 3773 2057 3827 asiderio
2104 3780 2426 3840 tanguntur,
2478 3773 2684 3826 idcirco
2716 3778 2772 3826 et
2821 3779 3061 3826 mentem
3109 3770 3370 3835 dicimus,

129 3871 281 3923 τητος,
308 3859 526 3914 καθόσον
550 3860 850 3929 ἐνδέχεται,
883 3862 978 3913 καὶ
1011 3861 1175 3914 αὑτὸν
1207 3863 1264 3913 ὲν
1287 3860 1363 3932 τῷ
1396 3861 1547 3931 καλῷ
1566 3861 1665 3915 δια-

1840 3871 1982 3917 ctam
2020 3863 2088 3917 ad
2129 3864 2256 3917 boni
2289 3862 2646 3934 pulcherrimi
2675 3863 2990 3932 imaginem,
3022 3863 3262 3932 quandiu
3296 3864 3372 3918 si-

132 3947 301 4014 μένειν,
323 3953 367 4004 εί
391 3952 445 4005 δέ
479 3970 602 4015 πως
628 3950 729 4015 ἔξω
751 3952 958 4020 γένοιτο
982 3952 1196 4027 τούτου.
1214 3952 1554 4023 γυμνοῦσθαι
1586 3953 1668 4007 τοῐ

1842 3956 2113 4011 ilitudinis
2164 3956 2461 4027 archetypo
2500 3954 2888 4025 respondentis
2932 3954 3210 4024 particeps
3262 3961 3372 4022 est,

130 4037 320 4103 κάλλους
347 4044 400 4096 ὲν
423 4037 466 4110 ᾧ
488 4041 583 4113 ἦν.
611 4043 818 4114 Ὥσπερ
856 4043 913 4095 δὲ
946 4024 1155 4114 ἔφαμεν
1192 4047 1257 4114 τῇ
1298 4043 1557 4114 ὁμοιώσει
1585 4043 1666 4097 τοῐ

1836 4049 1961 4103 ioad
1993 4049 2115 4116 ejus
2146 4048 2260 4117 ﬁeri
2295 4024 2504 4117 potest,
2544 4024 2686 4112 haud
2723 4050 2889 4103 dubie
2934 4048 3060 4102 boui
3104 4056 3372 4119 praestan-

131 4133 445 4199 πρωτοτύπου
478 4134 715 4197 κάλλους
757 4137 1221 4206 κατακοσμεῖσθαι
1261 4137 1352 4189 τὸν
1385 4136 1533 4201 νοῦν,
1569 4133 1667 4190 οἷόι

1839 4156 1913 4194 am
1942 4141 2081 4195 tueri
2102 4156 2165 4193 ac
2198 4155 2552 4194 conservare.
2583 4140 2840 4195 Eamdem
2868 4150 3087 4206 contra,
3119 4140 3164 4195 si
3190 4142 3375 4212 aliquo

128 4237 171 4272 τι
199 4225 481 4299 κάτοπτρον
518 4226 604 4299 τῷ
636 4228 944 4299 χαρακτῆρι
984 4226 1079 4282 τοῦ
1118 4229 1521 4299 ὲμφαινομένου
1550 4247 1664 4300 μορε

1837 4239 1945 4287 tcto
1978 4247 2007 4285 a
2051 4233 2297 4303 principe
2327 4232 2472 4286 bono
2507 4232 2801 4296 exorbitet,
2851 4240 2969 4286 tota
3010 4232 3102 4287 illa
3128 4234 3373 4302 pulchri-

129 4314 379 4386 φούμενον·
408 4320 551 4374 κατά
582 4320 682 4390 τὴν
709 4319 876 4391 αὐτὴν
908 4319 1219 4389 ἀναλογίαν,
1246 4322 1339 4373 καὶ
1363 4321 1462 4392 τὴν
1483 4323 1665 4375 οἰκονο·

1836 4325 1996 4387 rdine,
2039 4340 2146 4394 qua
2178 4334 2300 4378 erat
2343 4333 2557 4388 ornata,
2593 4324 2843 4393 spoliari.
2897 4323 3067 4378 Porro
3110 4325 3372 4393 quemad-

132 4410 368 4482 μουμένην
390 4414 481 4465 ὑπ’
509 4412 678 4467 αὐτοῦ
697 4411 857 4480 φύσιν
874 4411 1092 4482 ἔχεσθαι
1112 4412 1205 4466 τοῦ
1223 4412 1315 4465 νοῦ
1332 4411 1668 4482 λογιζόμεθα

1840 4414 2005 4469 odum
2032 4416 2332 4481 indicatum
2354 4425 2438 4468 cst
2455 4414 2818 4468 similitudine
2842 4415 3111 4484 principis
3137 4416 3374 4484 pulchri~

129 4497 205 4550 καὶ
217 4498 286 4570 τῷ
304 4503 692 4574 παρακειμένῳ
714 4501 897 4557 κάλλει
917 4503 1013 4556 καὶ
1027 4503 1195 4574 αὐτὴν
1218 4502 1559 4572 κοσμεῖσθαι,
1572 4499 1665 4557 οἷώ

1835 4504 1999 4559 Idinis
2056 4511 2308 4558 ornatam
2372 4518 2495 4558 esse
2557 4510 2815 4566 mentem,
2877 4501 3101 4570 perinde
3145 4518 3209 4557 ac
3249 4519 3371 4574 spe-

128 4606 169 4642 τι
187 4595 466 4665 κατόπτρου
490 4596 798 4666 κάτοπτρον
821 4596 1130 4667 γινομένην·
1155 4596 1471 4666 κρατεῖσθαι
1493 4596 1548 4649 δὲ
1575 4597 1664 4651 ὐπί

1834 4596 1974 4649 mlum
2012 4595 2184 4665 ﬁgura
2222 4594 2378 4649 faciei
2413 4610 2481 4648 ex
2531 4595 2651 4664 ipso
2703 4594 3003 4649 relucentis
3038 4594 3370 4664 insignitur:

128 4679 299 4753 ταύτης
327 4686 415 4738 καὶ
432 4685 756 4756 συνέχεσθαι
776 4685 835 4739 τὸ
852 4686 1033 4741 ὑλικὸν
1047 4686 1144 4757 τῆς
1169 4687 1536 4752 ὑποστάσεως,
1556 4689 1664 4759 περ

1834 4685 1978 4740 idem
2033 4686 2248 4739 ratione
2300 4693 2353 4739 et
2400 4692 2675 4747 naturam,
2737 4698 2861 4753 quae
2904 4698 2936 4738 a
2976 4691 3158 4740 mente
3200 4686 3370 4740 admi.

126 4770 180 4839 ἣν
201 4772 466 4847 θεωρεῖται
486 4780 522 4849 ἡ
551 4778 736 4847 φύσις.
775 4780 917 4843 ’Ἑως
950 4779 1017 4834 ἂν
1044 4775 1138 4834 οὖν
1157 4779 1349 4851 ἔχηται
1374 4780 1467 4834 τοῦ
1497 4782 1662 4852 ἐτέροι

1838 4786 2077 4844 ,stralttr,
2120 4792 2249 4848 erga
2297 4778 2544 4832 eamdem
2590 4776 2839 4830 all‘ectam
2888 4792 3014 4832 esse
3060 4780 3374 4842 statuimus,

128 4860 176 4913 τὸ
189 4863 375 4937 ἕτερον,
399 4870 488 4924 διὰ
521 4870 740 4925 πάντων
772 4871 1050 4940 ἀναλόγως
1076 4874 1108 4943 ἡ
1132 4872 1228 4926 τοῦ
1257 4872 1425 4936 ὅντως
1453 4872 1664 4926 κάλλους

1840 4907 1846 4921 .
1886 4869 2097 4925 scilicet
2128 4878 2183 4925 et
2213 4870 2384 4939 ipsam
2419 4869 2605 4924 ornari
2637 4870 2943 4938 prepinqua
2968 4870 3376 4939 pulchritudine

128 4958 349 5011 κοινωνία
376 4961 626 5028 διέξεισι,
667 4961 754 5015 διὰ
784 4963 878 5016 τοῦ
903 4964 1300 5035 ὑπερκειμένου
1333 4964 1394 5017 τὸ
1419 4964 1664 5035 προσεχὲς

1846 4975 2059 5025 camus,
2091 4968 2146 5015 et
2178 4961 2335 5030 quasi
2375 4960 2584 5029 speculi
2634 4961 2919 5029 speculum
2960 4975 3106 5016 esse.
3156 4960 3376 5017 Naturas

128 5044 530 5115 καλλωπίζουσα.
580 5052 828 5106 Ἐπειδὰν
866 5054 923 5108 δέ
954 5072 1039 5118 τις
1069 5056 1293 5126 γένηται
1333 5057 1433 5126 τῆς
1478 5056 1664 5126 ἀγαθῆι

1834 5067 1953 5106 orro
1985 5053 2314 5108 crassiorem
2349 5051 2507 5120 quasi
2547 5051 2830 5106 materiem
2868 5055 3042 5108 nostri
3074 5053 3370 5116 cohaerere,

126 5139 299 5212 ταύτης
318 5148 598 5216 συμφυΐας
613 5146 975 5217 διασπασμὸς,
1005 5149 1038 5220 ἦ
1064 5150 1160 5202 καὶ
1182 5150 1317 5221 πρὸς
1339 5150 1398 5203 τὸ
1426 5150 1662 5220 ἔμπαλιν

1840 5144 1874 5197 ti
1910 5144 2025 5212 ipsa
2066 5154 2260 5197 natura
2307 5143 2477 5198 inest;
2501 5143 2673 5213 Igitur
2700 5144 2943 5214 quandiu
2996 5144 3112 5200 haec
3147 5145 3290 5200 inter
3314 5159 3375 5199 se

129 5230 461 5309 ἀντακολουθῇ
491 5236 572 5308 τῷ
590 5238 954 5309 ὑποϐεϐηκότι
981 5240 1044 5293 τὸ
1062 5240 1357 5312 ὑπερέχονο-
1373 5242 1494 5294 τότε
1520 5241 1665 5309 αὑτῆ

1837 5242 1913 5289 Jte
1955 5247 2206 5288 connexa
2259 5240 2409 5296 sunt,
2464 5233 2630 5287 etiam
2682 5234 2975 5288 verissima
3019 5234 3373 5303 pulchritudo

128 5333 174 5369 τε
197 5321 285 5390 τῆς
312 5323 463 5395 ὕλης,
494 5327 627 5381 ὅταν
667 5327 883 5400 μονωθῇ
918 5332 1018 5401 τῆς
1061 5329 1306 5399 φύσεως,
1336 5330 1588 5403 διηνέχθη
1628 5332 1664 5383 τί

1837 5327 2148 5382 mveniente
2192 5324 2429 5395 quadam
2480 5326 2697 5380 ratione
2744 5340 2869 5381 cum
2921 5325 3179 5381 omnibus
3217 5339 3373 5380 contu

130 5409 343 5482 ἆπχημον
389 5416 677 5489 (ἄμορφον
713 5418 822 5490 γάρ
873 5436 927 5473 τι
968 5419 1091 5473 καθ’
1130 5420 1328 5493 ἑαυτὴν
1370 5424 1403 5491 ἡ
1453 5420 1553 5490 ὕλη
1590 5421 1666 5474 κα

1838 5419 2147 5474 ιυηὶείιιυῐε
2187 5431 2407 5487 semper
2449 5432 2536 5479 eo,
2581 5417 2730 5486 quod
2780 5419 2902 5473 loco
2941 5424 3026 5472 est
3067 5417 3374 5486 superiore,

132 5500 502 5577 ἀκατάσκευον)
531 5509 621 5562 καὶ
642 5510 708 5581 τῇ
738 5510 984 5582 ἀμορφίῃ
1008 5512 1211 5583 ταύτης
1238 5512 1599 5584 συνδιεφθάρη
1625 5513 1668 5566 τί

1840 5510 2107 5565 roximum
2138 5509 2242 5565 sibi
2267 5518 2588 5563 exornante.
2628 5507 2725 5563 Ubi
2748 5523 2877 5563 vero
2900 5507 3176 5577 praeclara:
3212 5506 3376 5577 hujus

133 5589 298 5657 γάλλος
341 5596 437 5667 τῆς
483 5596 720 5666 φύσεως,
775 5598 809 5670 ἦ
859 5599 948 5653 διὰ
984 5600 1078 5654 τοῦ
1119 5602 1208 5656 νοῦ
1262 5602 1669 5667 καλλωπίζεται.

1840 5602 2199 5673 κιῙιιιιοιίοιιὶε
2220 5610 2303 5657 est
2328 5600 2467 5655 facta
2489 5599 2759 5667 divulsio;
2786 5601 2868 5654 vel
2892 5600 3267 5672 eontra,quod
3291 5608 3376 5656 est

133 5675 221 5732 Καὶ
248 5681 411 5749 οὕτως
463 5686 551 5739 ἐπ’
585 5687 749 5742 αὐτὸν
791 5688 882 5744 τὸν
934 5690 1059 5746 νοῦν
1099 5692 1192 5746 τοῦ
1244 5692 1384 5747 κατά
1427 5692 1524 5764 τὴν
1552 5692 1669 5765 ὖληπ

1835 5691 2145 5749 mstantius
2189 5690 2383 5749 ordine
2414 5691 2631 5747 inverso
2658 5690 2907 5761 sequitur
2952 5688 3216 5748 inferius:
3257 5700 3371 5751 tum

3442 3194 3509 3209 .-

188 5851 227 5886 ⁶³
251 5855 393 5915 Ρεοι.
423 5877 525 5933 vn,
560 5866 648 5923 10.
