  <div class='ocr_page' id='page_1' title='image "/cluster/home/n/w/nwhite01/storage/ocr_20150623/44:no.1/coo.31924054869445/089.png"; bbox 0 0 3890 6362; ppageno 0'>
   <div class='ocr_carea' id='block_1_1' title="bbox 541 408 646 469">
    <p class='ocr_par' dir='ltr' id='par_1_1' title="bbox 541 408 646 469">
     <span class='ocr_line' id='line_1_1' title="bbox 541 408 646 469; baseline 0 0"><span class='ocrx_word' id='word_1_1' title='bbox 541 408 646 469; x_wconf 70' lang='lat' dir='ltr'><strong>N35</strong></span> 
     </span>
    </p>
   </div>
   <div class='ocr_carea' id='block_1_2' title="bbox 1778 404 2531 463">
    <p class='ocr_par' dir='ltr' id='par_1_2' title="bbox 1778 404 2531 463">
     <span class='ocr_line' id='line_1_2' title="bbox 1778 404 2531 463; baseline -0.001 -1"><span class='ocrx_word' id='word_1_2' title='bbox 1778 405 1836 462; x_wconf 85' lang='lat' dir='ltr'><strong>S.</strong></span> <span class='ocrx_word' id='word_1_3' title='bbox 1879 404 2209 463; x_wconf 73' lang='lat' dir='ltr'><strong>GREGORit</strong></span> <span class='ocrx_word' id='word_1_4' title='bbox 2242 405 2531 463; x_wconf 77' lang='lat' dir='ltr'><strong>NYSSENI</strong></span> 
     </span>
    </p>
   </div>
   <div class='ocr_carea' id='block_1_3' title="bbox 3706 416 3801 475">
    <p class='ocr_par' dir='ltr' id='par_1_3' title="bbox 3706 416 3801 475">
     <span class='ocr_line' id='line_1_3' title="bbox 3706 416 3801 475; baseline 0.042 -4"><span class='ocrx_word' id='word_1_5' title='bbox 3706 416 3801 475; x_wconf 70' lang='grc' dir='ltr'><strong>ιιι</strong></span> 
     </span>
    </p>
   </div>
   <div class='ocr_carea' id='block_1_4' title="bbox 535 520 2128 595">
    <p class='ocr_par' dir='ltr' id='par_1_4' title="bbox 535 520 2119 586">
     <span class='ocr_line' id='line_1_4' title="bbox 535 520 2119 586; baseline 0.001 -8"><span class='ocrx_word' id='word_1_6' title='bbox 535 524 753 586; x_wconf 76' lang='lat' dir='ltr'><strong>scilicet</strong></span> <span class='ocrx_word' id='word_1_7' title='bbox 782 523 1019 579; x_wconf 90' lang='lat' dir='ltr'><strong>rudioris</strong></span> <span class='ocrx_word' id='word_1_8' title='bbox 1063 522 1118 577; x_wconf 93' lang='lat' dir='ltr'><strong>in</strong></span> <span class='ocrx_word' id='word_1_9' title='bbox 1169 520 1392 578; x_wconf 99' lang='lat' dir='ltr'><strong>homine</strong></span> <span class='ocrx_word' id='word_1_10' title='bbox 1422 520 1670 578; x_wconf 91' lang='lat' dir='ltr'><strong>materiei</strong></span> <span class='ocrx_word' id='word_1_11' title='bbox 1717 537 1748 577; x_wconf 92' lang='lat' dir='ltr'><strong>a</strong></span> <span class='ocrx_word' id='word_1_12' title='bbox 1778 530 1977 579; x_wconf 85' lang='lat' dir='ltr'><strong>natura</strong></span> <span class='ocrx_word' id='word_1_13' title='bbox 2023 524 2119 580; x_wconf 88' lang='lat' dir='ltr'><strong>de—</strong></span> 
     </span>
    </p>
   </div>
   <div class='ocr_carea' id='block_1_5' title="bbox 2230 520 3815 595">
    <p class='ocr_par' dir='ltr' id='par_1_5' title="bbox 2230 520 3815 595">
     <span class='ocr_line' id='line_1_5' title="bbox 2230 520 3815 595; baseline -0.004 -17"><span class='ocrx_word' id='word_1_14' title='bbox 2230 523 2447 594; x_wconf 75' lang='grc' dir='ltr'><strong>αῐσχους</strong></span> <span class='ocrx_word' id='word_1_15' title='bbox 2484 522 2574 576; x_wconf 89' lang='grc' dir='ltr'><strong>διά</strong></span> <span class='ocrx_word' id='word_1_16' title='bbox 2620 520 2720 590; x_wconf 78' lang='grc' dir='ltr'><strong>τῆς</strong></span> <span class='ocrx_word' id='word_1_17' title='bbox 2747 520 2964 591; x_wconf 88' lang='grc' dir='ltr'><strong>φύσεως</strong></span> <span class='ocrx_word' id='word_1_18' title='bbox 3001 521 3035 593; x_wconf 83' lang='grc' dir='ltr'><strong>ή</strong></span> <span class='ocrx_word' id='word_1_19' title='bbox 3064 520 3300 587; x_wconf 80' lang='grc' dir='ltr'><strong>διάδοσις</strong></span> <span class='ocrx_word' id='word_1_20' title='bbox 3327 520 3560 591; x_wconf 81' lang='grc' dir='ltr'><strong>γίνεται,</strong></span> <span class='ocrx_word' id='word_1_21' title='bbox 3597 520 3677 585; x_wconf 79' lang='grc' dir='ltr'><strong>ὡς</strong></span> <span class='ocrx_word' id='word_1_22' title='bbox 3711 534 3815 595; x_wconf 62' lang='grc' dir='ltr'><strong>μη.⁸</strong></span> 
     </span>
    </p>
   </div>
   <div class='ocr_carea' id='block_1_6' title="bbox 536 612 2120 685">
    <p class='ocr_par' dir='ltr' id='par_1_6' title="bbox 536 612 2120 685">
     <span class='ocr_line' id='line_1_6' title="bbox 536 612 2120 685; baseline 0 -14"><span class='ocrx_word' id='word_1_23' title='bbox 536 624 701 672; x_wconf 74' lang='lat' dir='ltr'><strong>serta:</strong></span> <span class='ocrx_word' id='word_1_24' title='bbox 732 614 1013 685; x_wconf 90' lang='lat' dir='ltr'><strong>turpitudo</strong></span> <span class='ocrx_word' id='word_1_25' title='bbox 1046 613 1279 684; x_wconf 75' lang='lat' dir='ltr'><strong>insignis</strong></span> <span class='ocrx_word' id='word_1_26' title='bbox 1314 621 1562 685; x_wconf 85' lang='lat' dir='ltr'><strong>apparet.</strong></span> <span class='ocrx_word' id='word_1_27' title='bbox 1594 612 1734 669; x_wconf 82' lang='lat' dir='ltr'><strong>Nam</strong></span> <span class='ocrx_word' id='word_1_28' title='bbox 1769 615 1888 685; x_wconf 91' lang='lat' dir='ltr'><strong>ipsa</strong></span> <span class='ocrx_word' id='word_1_29' title='bbox 1927 630 2024 685; x_wconf 88' lang='lat' dir='ltr'><strong>per</strong></span> <span class='ocrx_word' id='word_1_30' title='bbox 2058 631 2120 671; x_wconf 89' lang='lat' dir='ltr'><strong>se</strong></span> 
     </span>
    </p>
   </div>
   <div class='ocr_carea' id='block_1_7' title="bbox 539 704 2117 777">
    <p class='ocr_par' dir='ltr' id='par_1_7' title="bbox 539 704 2117 777">
     <span class='ocr_line' id='line_1_7' title="bbox 539 704 2117 777; baseline -0.001 -16"><span class='ocrx_word' id='word_1_31' title='bbox 539 707 795 763; x_wconf 78' lang='lat' dir='ltr'><strong>materies</strong></span> <span class='ocrx_word' id='word_1_32' title='bbox 827 705 1086 777; x_wconf 82' lang='lat' dir='ltr'><strong>quiddam</strong></span> <span class='ocrx_word' id='word_1_33' title='bbox 1116 713 1210 762; x_wconf 74' lang='lat' dir='ltr'><strong>est</strong></span> <span class='ocrx_word' id='word_1_34' title='bbox 1230 704 1478 761; x_wconf 83' lang='lat' dir='ltr'><strong>deforme</strong></span> <span class='ocrx_word' id='word_1_35' title='bbox 1504 714 1558 760; x_wconf 88' lang='lat' dir='ltr'><strong>et</strong></span> <span class='ocrx_word' id='word_1_36' title='bbox 1583 705 1983 776; x_wconf 86' lang='lat' dir='ltr'><strong>imperfectum.</strong></span> <span class='ocrx_word' id='word_1_37' title='bbox 2013 705 2117 760; x_wconf 82' lang='lat' dir='ltr'><strong>De-</strong></span> 
     </span>
    </p>
   </div>
   <div class='ocr_carea' id='block_1_8' title="bbox 537 794 2120 866">
    <p class='ocr_par' dir='ltr' id='par_1_8' title="bbox 537 794 2120 866">
     <span class='ocr_line' id='line_1_8' title="bbox 537 794 2120 866; baseline -0.001 -15"><span class='ocrx_word' id='word_1_38' title='bbox 537 795 865 851; x_wconf 78' lang='lat' dir='ltr'><strong>formitatem</strong></span> <span class='ocrx_word' id='word_1_39' title='bbox 889 810 1020 851; x_wconf 88' lang='lat' dir='ltr'><strong>vero</strong></span> <span class='ocrx_word' id='word_1_40' title='bbox 1041 794 1313 862; x_wconf 87' lang='lat' dir='ltr'><strong>materiei,</strong></span> <span class='ocrx_word' id='word_1_41' title='bbox 1345 795 1777 866; x_wconf 74' lang='lat' dir='ltr'><strong>pulchritudinis</strong></span> <span class='ocrx_word' id='word_1_42' title='bbox 1809 796 1972 850; x_wconf 90' lang='lat' dir='ltr'><strong>etiam</strong></span> <span class='ocrx_word' id='word_1_43' title='bbox 1997 795 2120 865; x_wconf 84' lang='lat' dir='ltr'><strong>ejus</strong></span> 
     </span>
    </p>
   </div>
   <div class='ocr_carea' id='block_1_9' title="bbox 535 885 2120 959">
    <p class='ocr_par' dir='ltr' id='par_1_9' title="bbox 535 885 2120 959">
     <span class='ocr_line' id='line_1_9' title="bbox 535 885 2120 959; baseline -0.001 -18"><span class='ocrx_word' id='word_1_44' title='bbox 535 902 657 959; x_wconf 63' lang='lat' dir='ltr'><strong>quae</strong></span> <span class='ocrx_word' id='word_1_45' title='bbox 687 887 741 941; x_wconf 92' lang='lat' dir='ltr'><strong>in</strong></span> <span class='ocrx_word' id='word_1_46' title='bbox 794 895 991 942; x_wconf 88' lang='lat' dir='ltr'><strong>natura</strong></span> <span class='ocrx_word' id='word_1_47' title='bbox 1038 896 1146 951; x_wconf 90' lang='lat' dir='ltr'><strong>est,</strong></span> <span class='ocrx_word' id='word_1_48' title='bbox 1202 901 1233 941; x_wconf 87' lang='lat' dir='ltr'><strong>a</strong></span> <span class='ocrx_word' id='word_1_49' title='bbox 1287 895 1467 942; x_wconf 88' lang='lat' dir='ltr'><strong>mente</strong></span> <span class='ocrx_word' id='word_1_50' title='bbox 1524 885 1805 956; x_wconf 68' lang='lat' dir='ltr'><strong>profectae,</strong></span> <span class='ocrx_word' id='word_1_51' title='bbox 1865 887 2120 941; x_wconf 91' lang='lat' dir='ltr'><strong>interitus</strong></span> 
     </span>
    </p>
   </div>
   <div class='ocr_carea' id='block_1_10' title="bbox 534 977 2121 1049">
    <p class='ocr_par' dir='ltr' id='par_1_10' title="bbox 534 977 2121 1049">
     <span class='ocr_line' id='line_1_10' title="bbox 534 977 2121 1049; baseline -0.001 -15"><span class='ocrx_word' id='word_1_52' title='bbox 534 978 913 1048; x_wconf 84' lang='lat' dir='ltr'><strong>consequitur.</strong></span> <span class='ocrx_word' id='word_1_53' title='bbox 947 977 1040 1033; x_wconf 84' lang='lat' dir='ltr'><strong>Sic</strong></span> <span class='ocrx_word' id='word_1_54' title='bbox 1072 979 1209 1034; x_wconf 90' lang='lat' dir='ltr'><strong>adeo</strong></span> <span class='ocrx_word' id='word_1_55' title='bbox 1243 978 1492 1034; x_wconf 80' lang='lat' dir='ltr'><strong>materiei</strong></span> <span class='ocrx_word' id='word_1_56' title='bbox 1521 978 1808 1049; x_wconf 90' lang='lat' dir='ltr'><strong>turpitudo</strong></span> <span class='ocrx_word' id='word_1_57' title='bbox 1841 994 1938 1048; x_wconf 89' lang='lat' dir='ltr'><strong>per</strong></span> <span class='ocrx_word' id='word_1_58' title='bbox 1963 988 2121 1032; x_wconf 81' lang='lat' dir='ltr'><strong>natu-</strong></span> 
     </span>
    </p>
   </div>
   <div class='ocr_carea' id='block_1_11' title="bbox 536 1070 2121 1142">
    <p class='ocr_par' dir='ltr' id='par_1_11' title="bbox 536 1070 2121 1142">
     <span class='ocr_line' id='line_1_11' title="bbox 536 1070 2121 1142; baseline -0.001 -16"><span class='ocrx_word' id='word_1_59' title='bbox 536 1086 654 1126; x_wconf 81' lang='lat' dir='ltr'><strong>ram</strong></span> <span class='ocrx_word' id='word_1_60' title='bbox 690 1070 759 1125; x_wconf 91' lang='lat' dir='ltr'><strong>ad</strong></span> <span class='ocrx_word' id='word_1_61' title='bbox 789 1081 1023 1127; x_wconf 88' lang='lat' dir='ltr'><strong>mentem</strong></span> <span class='ocrx_word' id='word_1_62' title='bbox 1069 1073 1245 1142; x_wconf 88' lang='lat' dir='ltr'><strong>ipsam</strong></span> <span class='ocrx_word' id='word_1_63' title='bbox 1278 1070 1574 1137; x_wconf 82' lang='lat' dir='ltr'><strong>redundat,</strong></span> <span class='ocrx_word' id='word_1_64' title='bbox 1622 1078 1683 1125; x_wconf 93' lang='lat' dir='ltr'><strong>ut</strong></span> <span class='ocrx_word' id='word_1_65' title='bbox 1732 1087 1839 1125; x_wconf 92' lang='lat' dir='ltr'><strong>non</strong></span> <span class='ocrx_word' id='word_1_66' title='bbox 1860 1071 1973 1140; x_wconf 91' lang='lat' dir='ltr'><strong>jam</strong></span> <span class='ocrx_word' id='word_1_67' title='bbox 2005 1086 2121 1124; x_wconf 88' lang='lat' dir='ltr'><strong>am-</strong></span> 
     </span>
    </p>
   </div>
   <div class='ocr_carea' id='block_1_12' title="bbox 537 1160 2121 1234">
    <p class='ocr_par' dir='ltr' id='par_1_12' title="bbox 537 1160 2121 1234">
     <span class='ocr_line' id='line_1_12' title="bbox 537 1160 2121 1234; baseline 0.001 -18"><span class='ocrx_word' id='word_1_68' title='bbox 537 1163 681 1233; x_wconf 90' lang='lat' dir='ltr'><strong>plius</strong></span> <span class='ocrx_word' id='word_1_69' title='bbox 726 1161 783 1216; x_wconf 92' lang='lat' dir='ltr'><strong>in</strong></span> <span class='ocrx_word' id='word_1_70' title='bbox 814 1163 985 1217; x_wconf 84' lang='lat' dir='ltr'><strong>creati</strong></span> <span class='ocrx_word' id='word_1_71' title='bbox 1040 1162 1213 1233; x_wconf 88' lang='lat' dir='ltr'><strong>ﬁgura</strong></span> <span class='ocrx_word' id='word_1_72' title='bbox 1262 1163 1445 1234; x_wconf 81' lang='lat' dir='ltr'><strong>imago</strong></span> <span class='ocrx_word' id='word_1_73' title='bbox 1501 1162 1594 1217; x_wconf 90' lang='lat' dir='ltr'><strong>Dei</strong></span> <span class='ocrx_word' id='word_1_74' title='bbox 1641 1171 1922 1233; x_wconf 88' lang='lat' dir='ltr'><strong>appareat.</strong></span> <span class='ocrx_word' id='word_1_75' title='bbox 1968 1160 2121 1217; x_wconf 82' lang='lat' dir='ltr'><strong>Mens</strong></span> 
     </span>
    </p>
   </div>
   <div class='ocr_carea' id='block_1_13' title="bbox 534 1254 2122 1324">
    <p class='ocr_par' dir='ltr' id='par_1_13' title="bbox 534 1254 2122 1324">
     <span class='ocr_line' id='line_1_13' title="bbox 534 1254 2122 1324; baseline -0.001 -14"><span class='ocrx_word' id='word_1_76' title='bbox 534 1255 683 1310; x_wconf 91' lang='lat' dir='ltr'><strong>enim</strong></span> <span class='ocrx_word' id='word_1_77' title='bbox 713 1254 983 1310; x_wconf 88' lang='lat' dir='ltr'><strong>bonorum</strong></span> <span class='ocrx_word' id='word_1_78' title='bbox 1014 1254 1191 1309; x_wconf 85' lang='lat' dir='ltr'><strong>ideam</strong></span> <span class='ocrx_word' id='word_1_79' title='bbox 1232 1262 1491 1324; x_wconf 87' lang='lat' dir='ltr'><strong>tanquam</strong></span> <span class='ocrx_word' id='word_1_80' title='bbox 1532 1255 1817 1324; x_wconf 86' lang='lat' dir='ltr'><strong>speculum</strong></span> <span class='ocrx_word' id='word_1_81' title='bbox 1853 1266 1975 1323; x_wconf 90' lang='lat' dir='ltr'><strong>post</strong></span> <span class='ocrx_word' id='word_1_82' title='bbox 2012 1265 2122 1309; x_wconf 77' lang='lat' dir='ltr'><strong>ter—</strong></span> 
     </span>
    </p>
   </div>
   <div class='ocr_carea' id='block_1_14' title="bbox 535 1342 2122 1416">
    <p class='ocr_par' dir='ltr' id='par_1_14' title="bbox 535 1342 2122 1416">
     <span class='ocr_line' id='line_1_14' title="bbox 535 1342 2122 1416; baseline 0 -17"><span class='ocrx_word' id='word_1_83' title='bbox 535 1360 664 1416; x_wconf 90' lang='lat' dir='ltr'><strong>gum</strong></span> <span class='ocrx_word' id='word_1_84' title='bbox 706 1344 1012 1407; x_wconf 86' lang='lat' dir='ltr'><strong>collocans,</strong></span> <span class='ocrx_word' id='word_1_85' title='bbox 1054 1344 1288 1399; x_wconf 77' lang='lat' dir='ltr'><strong>eximios</strong></span> <span class='ocrx_word' id='word_1_86' title='bbox 1323 1343 1452 1398; x_wconf 89' lang='lat' dir='ltr'><strong>boni</strong></span> <span class='ocrx_word' id='word_1_87' title='bbox 1498 1342 1902 1413; x_wconf 78' lang='lat' dir='ltr'><strong>reSplendentis</strong></span> <span class='ocrx_word' id='word_1_88' title='bbox 1940 1344 2122 1399; x_wconf 88' lang='lat' dir='ltr'><strong>radios</strong></span> 
     </span>
    </p>
   </div>
   <div class='ocr_carea' id='block_1_15' title="bbox 536 1435 2119 1507">
    <p class='ocr_par' dir='ltr' id='par_1_15' title="bbox 536 1435 2119 1507">
     <span class='ocr_line' id='line_1_15' title="bbox 536 1435 2119 1507; baseline -0.003 -16"><span class='ocrx_word' id='word_1_89' title='bbox 536 1438 742 1507; x_wconf 81' lang='lat' dir='ltr'><strong>reiicit,</strong></span> <span class='ocrx_word' id='word_1_90' title='bbox 776 1452 842 1491; x_wconf 91' lang='lat' dir='ltr'><strong>ac</strong></span> <span class='ocrx_word' id='word_1_91' title='bbox 871 1437 1119 1492; x_wconf 87' lang='lat' dir='ltr'><strong>materiei</strong></span> <span class='ocrx_word' id='word_1_92' title='bbox 1148 1435 1558 1492; x_wconf 89' lang='lat' dir='ltr'><strong>deformitatem</strong></span> <span class='ocrx_word' id='word_1_93' title='bbox 1590 1436 1646 1489; x_wconf 88' lang='lat' dir='ltr'><strong>in</strong></span> <span class='ocrx_word' id='word_1_94' title='bbox 1682 1451 1805 1491; x_wconf 88' lang='lat' dir='ltr'><strong>sese</strong></span> <span class='ocrx_word' id='word_1_95' title='bbox 1832 1435 2119 1491; x_wconf 86' lang='lat' dir='ltr'><strong>transfert.</strong></span> 
     </span>
    </p>
   </div>
   <div class='ocr_carea' id='block_1_16' title="bbox 538 1528 2121 1600">
    <p class='ocr_par' dir='ltr' id='par_1_16' title="bbox 538 1528 2121 1600">
     <span class='ocr_line' id='line_1_16' title="bbox 538 1528 2121 1600; baseline -0.001 -17"><span class='ocrx_word' id='word_1_96' title='bbox 538 1528 655 1585; x_wconf 79' lang='lat' dir='ltr'><strong>lloc</strong></span> <span class='ocrx_word' id='word_1_97' title='bbox 680 1530 936 1585; x_wconf 80' lang='lat' dir='ltr'><strong>videlicet</strong></span> <span class='ocrx_word' id='word_1_98' title='bbox 976 1530 1141 1585; x_wconf 89' lang='lat' dir='ltr'><strong>modo</strong></span> <span class='ocrx_word' id='word_1_99' title='bbox 1166 1531 1409 1600; x_wconf 84' lang='lat' dir='ltr'><strong>pravitas</strong></span> <span class='ocrx_word' id='word_1_100' title='bbox 1454 1531 1599 1585; x_wconf 91' lang='lat' dir='ltr'><strong>bono</strong></span> <span class='ocrx_word' id='word_1_101' title='bbox 1630 1529 1783 1599; x_wconf 89' lang='lat' dir='ltr'><strong>prius</strong></span> <span class='ocrx_word' id='word_1_102' title='bbox 1830 1529 1985 1597; x_wconf 79' lang='lat' dir='ltr'><strong>quasi</strong></span> <span class='ocrx_word' id='word_1_103' title='bbox 2037 1531 2121 1582; x_wconf 87' lang='lat' dir='ltr'><strong>in-</strong></span> 
     </span>
    </p>
   </div>
   <div class='ocr_carea' id='block_1_17' title="bbox 538 1620 2122 1688">
    <p class='ocr_par' dir='ltr' id='par_1_17' title="bbox 538 1620 2122 1688">
     <span class='ocr_line' id='line_1_17' title="bbox 538 1620 2122 1688; baseline -0.001 -13"><span class='ocrx_word' id='word_1_104' title='bbox 538 1630 784 1677; x_wconf 77' lang='lat' dir='ltr'><strong>terverso</strong></span> <span class='ocrx_word' id='word_1_105' title='bbox 837 1636 901 1675; x_wconf 89' lang='lat' dir='ltr'><strong>ac</strong></span> <span class='ocrx_word' id='word_1_106' title='bbox 929 1622 1165 1688; x_wconf 87' lang='lat' dir='ltr'><strong>sublato,</strong></span> <span class='ocrx_word' id='word_1_107' title='bbox 1214 1624 1392 1677; x_wconf 91' lang='lat' dir='ltr'><strong>oritur</strong></span> <span class='ocrx_word' id='word_1_108' title='bbox 1439 1629 1494 1676; x_wconf 83' lang='lat' dir='ltr'><strong>et</strong></span> <span class='ocrx_word' id='word_1_109' title='bbox 1541 1624 1778 1677; x_wconf 76' lang='lat' dir='ltr'><strong>exsistit.</strong></span> <span class='ocrx_word' id='word_1_110' title='bbox 1825 1620 2122 1675; x_wconf 85' lang='lat' dir='ltr'><strong>Pulchrum</strong></span> 
     </span>
    </p>
   </div>
   <div class='ocr_carea' id='block_1_18' title="bbox 537 1712 2124 1783">
    <p class='ocr_par' dir='ltr' id='par_1_18' title="bbox 537 1712 2124 1783">
     <span class='ocr_line' id='line_1_18' title="bbox 537 1712 2124 1783; baseline 0 -18"><span class='ocrx_word' id='word_1_111' title='bbox 537 1726 668 1766; x_wconf 88' lang='lat' dir='ltr'><strong>vero</strong></span> <span class='ocrx_word' id='word_1_112' title='bbox 696 1713 911 1767; x_wconf 89' lang='lat' dir='ltr'><strong>censeri</strong></span> <span class='ocrx_word' id='word_1_113' title='bbox 950 1713 1133 1776; x_wconf 73' lang='lat' dir='ltr'><strong>debet,</strong></span> <span class='ocrx_word' id='word_1_114' title='bbox 1175 1713 1550 1782; x_wconf 88' lang='lat' dir='ltr'><strong>quodcunque</strong></span> <span class='ocrx_word' id='word_1_115' title='bbox 1607 1712 1673 1766; x_wconf 88' lang='lat' dir='ltr'><strong>ad</strong></span> <span class='ocrx_word' id='word_1_116' title='bbox 1725 1713 1981 1783; x_wconf 84' lang='lat' dir='ltr'><strong>princeps</strong></span> <span class='ocrx_word' id='word_1_117' title='bbox 2025 1712 2124 1768; x_wconf 83' lang='lat' dir='ltr'><strong>bo-</strong></span> 
     </span>
    </p>
   </div>
   <div class='ocr_carea' id='block_1_19' title="bbox 538 1805 2120 1876">
    <p class='ocr_par' dir='ltr' id='par_1_19' title="bbox 538 1805 2120 1876">
     <span class='ocr_line' id='line_1_19' title="bbox 538 1805 2120 1876; baseline 0 -18"><span class='ocrx_word' id='word_1_118' title='bbox 538 1819 670 1858; x_wconf 92' lang='lat' dir='ltr'><strong>num</strong></span> <span class='ocrx_word' id='word_1_119' title='bbox 707 1805 982 1876; x_wconf 88' lang='lat' dir='ltr'><strong>congruit.</strong></span> <span class='ocrx_word' id='word_1_120' title='bbox 1034 1805 1304 1876; x_wconf 84' lang='lat' dir='ltr'><strong>Quodque</strong></span> <span class='ocrx_word' id='word_1_121' title='bbox 1335 1817 1766 1862; x_wconf 86' lang='lat' dir='ltr'><strong>consentaneum</strong></span> <span class='ocrx_word' id='word_1_122' title='bbox 1804 1806 1979 1859; x_wconf 86' lang='lat' dir='ltr'><strong>eidem</strong></span> <span class='ocrx_word' id='word_1_123' title='bbox 2013 1820 2120 1860; x_wconf 92' lang='lat' dir='ltr'><strong>non</strong></span> 
     </span>
    </p>
   </div>
   <div class='ocr_carea' id='block_1_20' title="bbox 2221 612 3807 686">
    <p class='ocr_par' dir='ltr' id='par_1_20' title="bbox 2221 612 3807 686">
     <span class='ocr_line' id='line_1_20' title="bbox 2221 612 3807 686; baseline -0.001 -19"><span class='ocrx_word' id='word_1_124' title='bbox 2221 614 2339 668; x_wconf 85' lang='grc' dir='ltr'><strong>κέτι</strong></span> <span class='ocrx_word' id='word_1_125' title='bbox 2353 612 2448 668; x_wconf 89' lang='grc' dir='ltr'><strong>τοῦ</strong></span> <span class='ocrx_word' id='word_1_126' title='bbox 2466 612 2603 667; x_wconf 83' lang='grc' dir='ltr'><strong>Θεοῦ</strong></span> <span class='ocrx_word' id='word_1_127' title='bbox 2623 614 2724 684; x_wconf 77' lang='grc' dir='ltr'><strong>τὴν</strong></span> <span class='ocrx_word' id='word_1_128' title='bbox 2743 614 2926 667; x_wconf 85' lang='grc' dir='ltr'><strong>εἰκόνα</strong></span> <span class='ocrx_word' id='word_1_129' title='bbox 2950 614 3009 667; x_wconf 69' lang='grc' dir='ltr'><strong>ὲν</strong></span> <span class='ocrx_word' id='word_1_130' title='bbox 3024 612 3104 685; x_wconf 67' lang='grc' dir='ltr'><strong>τῷ</strong></span> <span class='ocrx_word' id='word_1_131' title='bbox 3130 613 3440 686; x_wconf 76' lang='grc' dir='ltr'><strong>χαρακτῆρι</strong></span> <span class='ocrx_word' id='word_1_132' title='bbox 3467 613 3807 684; x_wconf 74' lang='grc' dir='ltr'><strong>καθορᾶσθαι</strong></span> 
     </span>
    </p>
   </div>
   <div class='ocr_carea' id='block_1_21' title="bbox 2219 699 3804 776">
    <p class='ocr_par' dir='ltr' id='par_1_21' title="bbox 2219 699 3804 776">
     <span class='ocr_line' id='line_1_21' title="bbox 2219 699 3804 776; baseline -0.002 -16"><span class='ocrx_word' id='word_1_133' title='bbox 2219 706 2313 760; x_wconf 78' lang='grc' dir='ltr'><strong>τοῦ</strong></span> <span class='ocrx_word' id='word_1_134' title='bbox 2345 705 2684 775; x_wconf 79' lang='grc' dir='ltr'><strong>πλάσματος.</strong></span> <span class='ocrx_word' id='word_1_135' title='bbox 2738 699 2864 759; x_wconf 78' lang='grc' dir='ltr'><strong>Οἷον</strong></span> <span class='ocrx_word' id='word_1_136' title='bbox 2890 705 3001 776; x_wconf 86' lang='grc' dir='ltr'><strong>γάρ</strong></span> <span class='ocrx_word' id='word_1_137' title='bbox 3037 722 3091 758; x_wconf 87' lang='grc' dir='ltr'><strong>τι</strong></span> <span class='ocrx_word' id='word_1_138' title='bbox 3125 706 3432 776; x_wconf 73' lang='grc' dir='ltr'><strong>κάτοπτρον</strong></span> <span class='ocrx_word' id='word_1_139' title='bbox 3461 703 3609 758; x_wconf 87' lang='grc' dir='ltr'><strong>κατά</strong></span> <span class='ocrx_word' id='word_1_140' title='bbox 3639 701 3804 757; x_wconf 70' lang='grc' dir='ltr'><strong>νώτου</strong></span> 
     </span>
    </p>
   </div>
   <div class='ocr_carea' id='block_1_22' title="bbox 2218 791 3806 868">
    <p class='ocr_par' dir='ltr' id='par_1_22' title="bbox 2218 791 3806 868">
     <span class='ocr_line' id='line_1_22' title="bbox 2218 791 3806 868; baseline -0.003 -18"><span class='ocrx_word' id='word_1_141' title='bbox 2218 796 2318 868; x_wconf 82' lang='grc' dir='ltr'><strong>τὴν</strong></span> <span class='ocrx_word' id='word_1_142' title='bbox 2346 796 2455 849; x_wconf 83' lang='grc' dir='ltr'><strong>τῶν</strong></span> <span class='ocrx_word' id='word_1_143' title='bbox 2483 795 2701 865; x_wconf 82' lang='grc' dir='ltr'><strong>ἀγαθῶν</strong></span> <span class='ocrx_word' id='word_1_144' title='bbox 2738 794 2885 847; x_wconf 81' lang='grc' dir='ltr'><strong>ἰδέαν</strong></span> <span class='ocrx_word' id='word_1_145' title='bbox 2914 796 2944 847; x_wconf 89' lang='grc' dir='ltr'><strong>ό</strong></span> <span class='ocrx_word' id='word_1_146' title='bbox 2966 794 3092 858; x_wconf 89' lang='grc' dir='ltr'><strong>νοῦς</strong></span> <span class='ocrx_word' id='word_1_147' title='bbox 3130 794 3520 865; x_wconf 79' lang='grc' dir='ltr'><strong>ποιησάμενος,</strong></span> <span class='ocrx_word' id='word_1_148' title='bbox 3551 791 3806 847; x_wconf 69' lang='grc' dir='ltr'><strong>ἐκϐάλλει</strong></span> 
     </span>
    </p>
   </div>
   <div class='ocr_carea' id='block_1_23' title="bbox 2225 880 3807 958">
    <p class='ocr_par' dir='ltr' id='par_1_23' title="bbox 2225 880 3807 958">
     <span class='ocr_line' id='line_1_23' title="bbox 2225 880 3807 958; baseline -0.004 -18"><span class='ocrx_word' id='word_1_149' title='bbox 2225 888 2322 958; x_wconf 79' lang='grc' dir='ltr'><strong>μὲν</strong></span> <span class='ocrx_word' id='word_1_150' title='bbox 2353 888 2452 957; x_wconf 84' lang='grc' dir='ltr'><strong>τῆς</strong></span> <span class='ocrx_word' id='word_1_151' title='bbox 2482 885 2806 956; x_wconf 74' lang='grc' dir='ltr'><strong>ὲκλάμψεως</strong></span> <span class='ocrx_word' id='word_1_152' title='bbox 2846 884 2938 938; x_wconf 91' lang='grc' dir='ltr'><strong>τοῦ</strong></span> <span class='ocrx_word' id='word_1_153' title='bbox 2988 883 3197 952; x_wconf 82' lang='grc' dir='ltr'><strong>ἀγαθοῦ</strong></span> <span class='ocrx_word' id='word_1_154' title='bbox 3229 882 3327 947; x_wconf 86' lang='grc' dir='ltr'><strong>τάς</strong></span> <span class='ocrx_word' id='word_1_155' title='bbox 3367 881 3665 953; x_wconf 72' lang='grc' dir='ltr'><strong>ἰμφάσεις,</strong></span> <span class='ocrx_word' id='word_1_156' title='bbox 3710 880 3807 950; x_wconf 85' lang='grc' dir='ltr'><strong>τῆς</strong></span> 
     </span>
    </p>
   </div>
   <div class='ocr_carea' id='block_1_24' title="bbox 2220 974 3809 1051">
    <p class='ocr_par' dir='ltr' id='par_1_24' title="bbox 2220 974 3809 1051">
     <span class='ocr_line' id='line_1_24' title="bbox 2220 974 3809 1051; baseline -0.005 -16"><span class='ocrx_word' id='word_1_157' title='bbox 2220 981 2277 1035; x_wconf 80' lang='grc' dir='ltr'><strong>δὲ</strong></span> <span class='ocrx_word' id='word_1_158' title='bbox 2318 981 2449 1051; x_wconf 82' lang='grc' dir='ltr'><strong>ὕλης</strong></span> <span class='ocrx_word' id='word_1_159' title='bbox 2479 979 2579 1049; x_wconf 79' lang='grc' dir='ltr'><strong>τὴν</strong></span> <span class='ocrx_word' id='word_1_160' title='bbox 2618 977 2895 1049; x_wconf 83' lang='grc' dir='ltr'><strong>ἀμορφίαν</strong></span> <span class='ocrx_word' id='word_1_161' title='bbox 2936 978 3016 1040; x_wconf 92' lang='grc' dir='ltr'><strong>εἰς</strong></span> <span class='ocrx_word' id='word_1_162' title='bbox 3048 977 3240 1031; x_wconf 77' lang='grc' dir='ltr'><strong>ἑαυτὸν</strong></span> <span class='ocrx_word' id='word_1_163' title='bbox 3270 974 3675 1046; x_wconf 83' lang='grc' dir='ltr'><strong>ἀναμάσσεται.</strong></span> <span class='ocrx_word' id='word_1_164' title='bbox 3701 976 3809 1029; x_wconf 75' lang='grc' dir='ltr'><strong>Καὶ</strong></span> 
     </span>
    </p>
   </div>
   <div class='ocr_carea' id='block_1_25' title="bbox 2220 1065 3811 1142">
    <p class='ocr_par' dir='ltr' id='par_1_25' title="bbox 2220 1065 3811 1142">
     <span class='ocr_line' id='line_1_25' title="bbox 2220 1065 3811 1142; baseline -0.004 -17"><span class='ocrx_word' id='word_1_165' title='bbox 2220 1071 2394 1142; x_wconf 85' lang='grc' dir='ltr'><strong>τούτῳ</strong></span> <span class='ocrx_word' id='word_1_166' title='bbox 2408 1073 2615 1140; x_wconf 89' lang='grc' dir='ltr'><strong>γίνεται</strong></span> <span class='ocrx_word' id='word_1_167' title='bbox 2639 1070 2716 1140; x_wconf 87' lang='grc' dir='ltr'><strong>τῷ</strong></span> <span class='ocrx_word' id='word_1_168' title='bbox 2734 1069 2922 1140; x_wconf 80' lang='grc' dir='ltr'><strong>τρόπῳ</strong></span> <span class='ocrx_word' id='word_1_169' title='bbox 2949 1068 3043 1122; x_wconf 87' lang='grc' dir='ltr'><strong>τοῦ</strong></span> <span class='ocrx_word' id='word_1_170' title='bbox 3063 1068 3234 1121; x_wconf 86' lang='grc' dir='ltr'><strong>κακοῦ</strong></span> <span class='ocrx_word' id='word_1_171' title='bbox 3264 1068 3298 1137; x_wconf 83' lang='grc' dir='ltr'><strong>ή</strong></span> <span class='ocrx_word' id='word_1_172' title='bbox 3330 1066 3567 1135; x_wconf 79' lang='grc' dir='ltr'><strong>γένεσις,</strong></span> <span class='ocrx_word' id='word_1_173' title='bbox 3597 1065 3691 1119; x_wconf 88' lang='grc' dir='ltr'><strong>διά</strong></span> <span class='ocrx_word' id='word_1_174' title='bbox 3713 1068 3811 1136; x_wconf 78' lang='grc' dir='ltr'><strong>τῆς</strong></span> 
     </span>
    </p>
   </div>
   <div class='ocr_carea' id='block_1_26' title="bbox 2223 1157 3812 1235">
    <p class='ocr_par' dir='ltr' id='par_1_26' title="bbox 2223 1157 3812 1235">
     <span class='ocr_line' id='line_1_26' title="bbox 2223 1157 3812 1235; baseline -0.006 -16"><span class='ocrx_word' id='word_1_175' title='bbox 2223 1163 2624 1235; x_wconf 78' lang='grc' dir='ltr'><strong>ὑπεξαιρέσεως</strong></span> <span class='ocrx_word' id='word_1_176' title='bbox 2663 1161 2757 1215; x_wconf 90' lang='grc' dir='ltr'><strong>τοῦ</strong></span> <span class='ocrx_word' id='word_1_177' title='bbox 2788 1160 2956 1214; x_wconf 89' lang='grc' dir='ltr'><strong>καλοῦ</strong></span> <span class='ocrx_word' id='word_1_178' title='bbox 2998 1159 3478 1232; x_wconf 79' lang='grc' dir='ltr'><strong>παρυφισταμένη.</strong></span> <span class='ocrx_word' id='word_1_179' title='bbox 3541 1157 3728 1211; x_wconf 60' lang='grc' dir='ltr'><strong>Καλὸν</strong></span> <span class='ocrx_word' id='word_1_180' title='bbox 3755 1158 3812 1211; x_wconf 67' lang='grc' dir='ltr'><strong>ἃ</strong></span> 
     </span>
    </p>
   </div>
   <div class='ocr_carea' id='block_1_27' title="bbox 2223 1246 3811 1323">
    <p class='ocr_par' dir='ltr' id='par_1_27' title="bbox 2223 1246 3811 1323">
     <span class='ocr_line' id='line_1_27' title="bbox 2223 1246 3811 1323; baseline -0.005 -17"><span class='ocrx_word' id='word_1_181' title='bbox 2223 1256 2354 1318; x_wconf 77' lang='grc' dir='ltr'><strong>πᾶν,</strong></span> <span class='ocrx_word' id='word_1_182' title='bbox 2387 1254 2523 1323; x_wconf 81' lang='grc' dir='ltr'><strong>ὅπερ</strong></span> <span class='ocrx_word' id='word_1_183' title='bbox 2564 1252 2629 1306; x_wconf 82' lang='grc' dir='ltr'><strong>ἂν</strong></span> <span class='ocrx_word' id='word_1_184' title='bbox 2670 1252 2810 1322; x_wconf 78' lang='grc' dir='ltr'><strong>τύχῃ</strong></span> <span class='ocrx_word' id='word_1_185' title='bbox 2844 1251 2980 1322; x_wconf 86' lang='grc' dir='ltr'><strong>πρὸς</strong></span> <span class='ocrx_word' id='word_1_186' title='bbox 3016 1250 3080 1303; x_wconf 87' lang='grc' dir='ltr'><strong>τὺ</strong></span> <span class='ocrx_word' id='word_1_187' title='bbox 3124 1249 3341 1321; x_wconf 75' lang='grc' dir='ltr'><strong>πρῶτον</strong></span> <span class='ocrx_word' id='word_1_188' title='bbox 3368 1248 3572 1318; x_wconf 80' lang='grc' dir='ltr'><strong>ἀγαθὸν</strong></span> <span class='ocrx_word' id='word_1_189' title='bbox 3595 1246 3811 1309; x_wconf 75' lang='grc' dir='ltr'><strong>οἰκείως</strong></span> 
     </span>
    </p>
   </div>
   <div class='ocr_carea' id='block_1_28' title="bbox 2223 1337 3813 1415">
    <p class='ocr_par' dir='ltr' id='par_1_28' title="bbox 2223 1337 3813 1415">
     <span class='ocr_line' id='line_1_28' title="bbox 2223 1337 3813 1415; baseline -0.004 -18"><span class='ocrx_word' id='word_1_190' title='bbox 2223 1346 2374 1415; x_wconf 72' lang='grc' dir='ltr'><strong>ἔχονο</strong></span> <span class='ocrx_word' id='word_1_191' title='bbox 2403 1344 2433 1399; x_wconf 83' lang='grc' dir='ltr'>ὅ</span> <span class='ocrx_word' id='word_1_192' title='bbox 2460 1361 2513 1397; x_wconf 87' lang='grc' dir='ltr'><strong>τι</strong></span> <span class='ocrx_word' id='word_1_193' title='bbox 2537 1343 2581 1397; x_wconf 84' lang='grc' dir='ltr'><strong>δ’</strong></span> <span class='ocrx_word' id='word_1_194' title='bbox 2613 1343 2679 1396; x_wconf 83' lang='grc' dir='ltr'><strong>ἂν</strong></span> <span class='ocrx_word' id='word_1_195' title='bbox 2704 1342 2811 1408; x_wconf 79' lang='grc' dir='ltr'><strong>ἔξω</strong></span> <span class='ocrx_word' id='word_1_196' title='bbox 2841 1341 3062 1412; x_wconf 83' lang='grc' dir='ltr'><strong>γένηται</strong></span> <span class='ocrx_word' id='word_1_197' title='bbox 3090 1340 3188 1411; x_wconf 84' lang='grc' dir='ltr'><strong>τῆς</strong></span> <span class='ocrx_word' id='word_1_198' title='bbox 3220 1340 3358 1411; x_wconf 72' lang='grc' dir='ltr'><strong>πρὸς</strong></span> <span class='ocrx_word' id='word_1_199' title='bbox 3385 1338 3543 1393; x_wconf 88' lang='grc' dir='ltr'><strong>τοῦτο</strong></span> <span class='ocrx_word' id='word_1_200' title='bbox 3573 1337 3813 1409; x_wconf 79' lang='grc' dir='ltr'><strong>σχέσεώς</strong></span> 
     </span>
    </p>
   </div>
   <div class='ocr_carea' id='block_1_29' title="bbox 2221 1433 3813 1507">
    <p class='ocr_par' dir='ltr' id='par_1_29' title="bbox 2221 1433 3813 1507">
     <span class='ocr_line' id='line_1_29' title="bbox 2221 1433 3813 1507; baseline -0.004 -16"><span class='ocrx_word' id='word_1_201' title='bbox 2221 1455 2281 1491; x_wconf 87' lang='grc' dir='ltr'><strong>τε</strong></span> <span class='ocrx_word' id='word_1_202' title='bbox 2306 1438 2401 1490; x_wconf 76' lang='grc' dir='ltr'><strong>καὶ</strong></span> <span class='ocrx_word' id='word_1_203' title='bbox 2434 1435 2767 1507; x_wconf 83' lang='grc' dir='ltr'><strong>ὁμοιώσεως,</strong></span> <span class='ocrx_word' id='word_1_204' title='bbox 2793 1436 3021 1505; x_wconf 76' lang='grc' dir='ltr'><strong>ἄμοιρον</strong></span> <span class='ocrx_word' id='word_1_205' title='bbox 3068 1433 3163 1487; x_wconf 90' lang='grc' dir='ltr'><strong>τοῦ</strong></span> <span class='ocrx_word' id='word_1_206' title='bbox 3203 1434 3368 1487; x_wconf 88' lang='grc' dir='ltr'><strong>καλοῦ</strong></span> <span class='ocrx_word' id='word_1_207' title='bbox 3393 1434 3616 1496; x_wconf 86' lang='grc' dir='ltr'><strong>πάντως</strong></span> <span class='ocrx_word' id='word_1_208' title='bbox 3644 1433 3813 1485; x_wconf 80' lang='grc' dir='ltr'><strong>ἐστίν.</strong></span> 
     </span>
    </p>
   </div>
   <div class='ocr_carea' id='block_1_30' title="bbox 2223 1525 3818 1600">
    <p class='ocr_par' dir='ltr' id='par_1_30' title="bbox 2223 1525 3818 1600">
     <span class='ocr_line' id='line_1_30' title="bbox 2223 1525 3818 1600; baseline -0.004 -16"><span class='ocrx_word' id='word_1_209' title='bbox 2223 1531 2287 1584; x_wconf 86' lang='grc' dir='ltr'><strong>Εἰ</strong></span> <span class='ocrx_word' id='word_1_210' title='bbox 2315 1525 2408 1584; x_wconf 84' lang='grc' dir='ltr'><strong>οὖν</strong></span> <span class='ocrx_word' id='word_1_211' title='bbox 2440 1530 2499 1584; x_wconf 75' lang='grc' dir='ltr'><strong>ἓν</strong></span> <span class='ocrx_word' id='word_1_212' title='bbox 2529 1529 2627 1600; x_wconf 82' lang='grc' dir='ltr'><strong>μὲν</strong></span> <span class='ocrx_word' id='word_1_213' title='bbox 2661 1527 2804 1582; x_wconf 85' lang='grc' dir='ltr'><strong>κατά</strong></span> <span class='ocrx_word' id='word_1_214' title='bbox 2842 1526 2932 1579; x_wconf 82' lang='grc' dir='ltr'><strong>τὸν</strong></span> <span class='ocrx_word' id='word_1_215' title='bbox 2975 1526 3321 1599; x_wconf 80' lang='grc' dir='ltr'><strong>θεωρηθέντα</strong></span> <span class='ocrx_word' id='word_1_216' title='bbox 3352 1527 3509 1595; x_wconf 90' lang='grc' dir='ltr'><strong>λόγον</strong></span> <span class='ocrx_word' id='word_1_217' title='bbox 3550 1526 3618 1579; x_wconf 83' lang='grc' dir='ltr'><strong>τὸ</strong></span> <span class='ocrx_word' id='word_1_218' title='bbox 3646 1525 3818 1587; x_wconf 77' lang='grc' dir='ltr'><strong>ὅντως</strong></span> 
     </span>
    </p>
   </div>
   <div class='ocr_carea' id='block_1_31' title="bbox 2223 1616 3819 1694">
    <p class='ocr_par' dir='ltr' id='par_1_31' title="bbox 2223 1616 3819 1694">
     <span class='ocr_line' id='line_1_31' title="bbox 2223 1616 3819 1694; baseline -0.009 -14"><span class='ocrx_word' id='word_1_219' title='bbox 2223 1625 2424 1694; x_wconf 85' lang='grc' dir='ltr'><strong>ἀγαθόν</strong></span> <span class='ocrx_word' id='word_1_220' title='bbox 2448 1640 2460 1652; x_wconf 93' lang='grc'><strong>·</strong></span> <span class='ocrx_word' id='word_1_221' title='bbox 2520 1626 2550 1678; x_wconf 85' lang='grc' dir='ltr'><strong>ό</strong></span> <span class='ocrx_word' id='word_1_222' title='bbox 2575 1624 2630 1676; x_wconf 84' lang='grc' dir='ltr'><strong>δὲ</strong></span> <span class='ocrx_word' id='word_1_223' title='bbox 2655 1623 2779 1685; x_wconf 88' lang='grc' dir='ltr'><strong>νοῦς</strong></span> <span class='ocrx_word' id='word_1_224' title='bbox 2803 1620 2884 1690; x_wconf 84' lang='grc' dir='ltr'><strong>τῷ</strong></span> <span class='ocrx_word' id='word_1_225' title='bbox 2913 1620 3035 1675; x_wconf 81' lang='grc' dir='ltr'><strong>κατ’</strong></span> <span class='ocrx_word' id='word_1_226' title='bbox 3058 1620 3244 1673; x_wconf 79' lang='grc' dir='ltr'><strong>εἰκόνα</strong></span> <span class='ocrx_word' id='word_1_227' title='bbox 3270 1617 3363 1672; x_wconf 79' lang='grc' dir='ltr'><strong>τοῦ</strong></span> <span class='ocrx_word' id='word_1_228' title='bbox 3395 1616 3563 1671; x_wconf 85' lang='grc' dir='ltr'><strong>καλοῦ</strong></span> <span class='ocrx_word' id='word_1_229' title='bbox 3592 1616 3819 1687; x_wconf 83' lang='grc' dir='ltr'><strong>γεγενῆ-</strong></span> 
     </span>
    </p>
   </div>
   <div class='ocr_carea' id='block_1_32' title="bbox 2226 1707 3821 1785">
    <p class='ocr_par' dir='ltr' id='par_1_32' title="bbox 2226 1707 3821 1785">
     <span class='ocr_line' id='line_1_32' title="bbox 2226 1707 3821 1785; baseline -0.008 -13"><span class='ocrx_word' id='word_1_230' title='bbox 2226 1719 2369 1779; x_wconf 90' lang='grc' dir='ltr'><strong>σθαι,</strong></span> <span class='ocrx_word' id='word_1_231' title='bbox 2403 1716 2498 1771; x_wconf 79' lang='grc' dir='ltr'><strong>καὶ</strong></span> <span class='ocrx_word' id='word_1_232' title='bbox 2529 1715 2690 1779; x_wconf 75' lang='grc' dir='ltr'><strong>αὐτὸς</strong></span> <span class='ocrx_word' id='word_1_233' title='bbox 2706 1714 2816 1785; x_wconf 67' lang='grc' dir='ltr'><strong>ἔχει</strong></span> <span class='ocrx_word' id='word_1_234' title='bbox 2836 1713 2896 1767; x_wconf 79' lang='grc' dir='ltr'><strong>τὸ</strong></span> <span class='ocrx_word' id='word_1_235' title='bbox 2925 1712 3088 1776; x_wconf 80' lang='grc' dir='ltr'><strong>καλὸς</strong></span> <span class='ocrx_word' id='word_1_236' title='bbox 3110 1707 3248 1765; x_wconf 77' lang='grc' dir='ltr'><strong>εἷναι</strong></span> <span class='ocrx_word' id='word_1_237' title='bbox 3271 1712 3341 1781; x_wconf 80' lang='grc' dir='ltr'><strong>’ἠ</strong></span> <span class='ocrx_word' id='word_1_238' title='bbox 3370 1710 3430 1763; x_wconf 81' lang='grc' dir='ltr'><strong>δὲ</strong></span> <span class='ocrx_word' id='word_1_239' title='bbox 3463 1709 3630 1777; x_wconf 80' lang='grc' dir='ltr'><strong>φύσις</strong></span> <span class='ocrx_word' id='word_1_240' title='bbox 3660 1708 3821 1780; x_wconf 77' lang='grc' dir='ltr'><strong>ἡύπδ</strong></span> 
     </span>
    </p>
   </div>
   <div class='ocr_carea' id='block_1_33' title="bbox 2223 1801 3817 1877">
    <p class='ocr_par' dir='ltr' id='par_1_33' title="bbox 2223 1801 3817 1877">
     <span class='ocr_line' id='line_1_33' title="bbox 2223 1801 3817 1877; baseline -0.006 -15"><span class='ocrx_word' id='word_1_241' title='bbox 2223 1808 2320 1863; x_wconf 84' lang='grc' dir='ltr'><strong>τοῦ</strong></span> <span class='ocrx_word' id='word_1_242' title='bbox 2350 1808 2443 1862; x_wconf 90' lang='grc' dir='ltr'><strong>νοῦ</strong></span> <span class='ocrx_word' id='word_1_243' title='bbox 2475 1806 2829 1877; x_wconf 85' lang='grc' dir='ltr'><strong>συνεχομένη,</strong></span> <span class='ocrx_word' id='word_1_244' title='bbox 2857 1805 3110 1875; x_wconf 86' lang='grc' dir='ltr'><strong>καθάπερ</strong></span> <span class='ocrx_word' id='word_1_245' title='bbox 3130 1821 3215 1866; x_wconf 90' lang='grc' dir='ltr'><strong>τις</strong></span> <span class='ocrx_word' id='word_1_246' title='bbox 3240 1801 3402 1856; x_wconf 87' lang='grc' dir='ltr'><strong>εἰκὼν</strong></span> <span class='ocrx_word' id='word_1_247' title='bbox 3423 1802 3636 1864; x_wconf 71' lang='grc' dir='ltr'><strong>εἰκόνος</strong></span> <span class='ocrx_word' id='word_1_248' title='bbox 3668 1802 3817 1855; x_wconf 73' lang='grc' dir='ltr'><strong>ἐστί·</strong></span> 
     </span>
    </p>
   </div>
   <div class='ocr_carea' id='block_1_34' title="bbox 536 1880 2128 1967">
    <p class='ocr_par' dir='ltr' id='par_1_34' title="bbox 536 1894 2121 1967">
     <span class='ocr_line' id='line_1_34' title="bbox 536 1894 2121 1967; baseline -0.001 -18"><span class='ocrx_word' id='word_1_249' title='bbox 536 1902 642 1957; x_wconf 84' lang='lat' dir='ltr'><strong>est,</strong></span> <span class='ocrx_word' id='word_1_250' title='bbox 673 1894 857 1950; x_wconf 90' lang='lat' dir='ltr'><strong>omnis</strong></span> <span class='ocrx_word' id='word_1_251' title='bbox 880 1903 966 1951; x_wconf 92' lang='lat' dir='ltr'><strong>est</strong></span> <span class='ocrx_word' id='word_1_252' title='bbox 984 1895 1411 1965; x_wconf 88' lang='lat' dir='ltr'><strong>pulchritudinis</strong></span> <span class='ocrx_word' id='word_1_253' title='bbox 1429 1912 1642 1967; x_wconf 80' lang='lat' dir='ltr'><strong>expers.</strong></span> <span class='ocrx_word' id='word_1_254' title='bbox 1679 1895 2046 1961; x_wconf 88' lang='lat' dir='ltr'><strong>Quamobrem</strong></span> <span class='ocrx_word' id='word_1_255' title='bbox 2075 1894 2121 1949; x_wconf 92' lang='lat' dir='ltr'><strong>si</strong></span> 
     </span>
    </p>
   </div>
   <div class='ocr_carea' id='block_1_35' title="bbox 2230 1880 3820 1967">
    <p class='ocr_par' dir='ltr' id='par_1_35' title="bbox 2230 1892 3820 1963">
     <span class='ocr_line' id='line_1_35' title="bbox 2230 1892 3820 1963; baseline -0.006 -10"><span class='ocrx_word' id='word_1_256' title='bbox 2230 1901 2501 1953; x_wconf 75' lang='grc' dir='ltr'><strong>δείκνυται</strong></span> <span class='ocrx_word' id='word_1_257' title='bbox 2533 1898 2622 1953; x_wconf 85' lang='grc' dir='ltr'><strong>διά</strong></span> <span class='ocrx_word' id='word_1_258' title='bbox 2653 1897 2880 1959; x_wconf 85' lang='grc' dir='ltr'><strong>τούτων,</strong></span> <span class='ocrx_word' id='word_1_259' title='bbox 2906 1895 2988 1949; x_wconf 79' lang='grc' dir='ltr'><strong>ὅτι</strong></span> <span class='ocrx_word' id='word_1_260' title='bbox 3023 1895 3086 1947; x_wconf 83' lang='grc' dir='ltr'><strong>τὸ</strong></span> <span class='ocrx_word' id='word_1_261' title='bbox 3111 1893 3294 1948; x_wconf 73' lang='grc' dir='ltr'><strong>ὑλικὸν</strong></span> <span class='ocrx_word' id='word_1_262' title='bbox 3324 1892 3482 1963; x_wconf 76' lang='grc' dir='ltr'><strong>ἡμῶν</strong></span> <span class='ocrx_word' id='word_1_263' title='bbox 3514 1892 3820 1961; x_wconf 80' lang='grc' dir='ltr'><strong>συνέστηκε</strong></span> 
     </span>
    </p>
   </div>
   <div class='ocr_carea' id='block_1_36' title="bbox 537 1985 2121 2059">
    <p class='ocr_par' dir='ltr' id='par_1_36' title="bbox 537 1985 2121 2059">
     <span class='ocr_line' id='line_1_36' title="bbox 537 1985 2121 2059; baseline -0.003 -18"><span class='ocrx_word' id='word_1_264' title='bbox 537 1987 607 2041; x_wconf 90' lang='lat' dir='ltr'><strong>de</strong></span> <span class='ocrx_word' id='word_1_265' title='bbox 637 1988 910 2053; x_wconf 79' lang='lat' dir='ltr'><strong>sententia</strong></span> <span class='ocrx_word' id='word_1_266' title='bbox 931 1988 1206 2041; x_wconf 86' lang='lat' dir='ltr'><strong>rationum</strong></span> <span class='ocrx_word' id='word_1_267' title='bbox 1236 1989 1632 2059; x_wconf 81' lang='lat' dir='ltr'><strong>expositarum,</strong></span> <span class='ocrx_word' id='word_1_268' title='bbox 1666 2002 1834 2041; x_wconf 89' lang='lat' dir='ltr'><strong>unum</strong></span> <span class='ocrx_word' id='word_1_269' title='bbox 1863 1985 2121 2055; x_wconf 88' lang='lat' dir='ltr'><strong>quiddam</strong></span> 
     </span>
    </p>
   </div>
   <div class='ocr_carea' id='block_1_37' title="bbox 535 2078 2123 2150">
    <p class='ocr_par' dir='ltr' id='par_1_37' title="bbox 535 2078 2123 2150">
     <span class='ocr_line' id='line_1_37' title="bbox 535 2078 2123 2150; baseline -0.003 -16"><span class='ocrx_word' id='word_1_270' title='bbox 535 2086 623 2134; x_wconf 92' lang='lat' dir='ltr'><strong>est</strong></span> <span class='ocrx_word' id='word_1_271' title='bbox 662 2094 790 2134; x_wconf 90' lang='lat' dir='ltr'><strong>vere</strong></span> <span class='ocrx_word' id='word_1_272' title='bbox 829 2080 1073 2135; x_wconf 87' lang='lat' dir='ltr'><strong>bonum:</strong></span> <span class='ocrx_word' id='word_1_273' title='bbox 1117 2095 1271 2135; x_wconf 91' lang='lat' dir='ltr'><strong>mens</strong></span> <span class='ocrx_word' id='word_1_274' title='bbox 1308 2092 1491 2135; x_wconf 86' lang='lat' dir='ltr'><strong>autem</strong></span> <span class='ocrx_word' id='word_1_275' title='bbox 1524 2080 1665 2145; x_wconf 91' lang='lat' dir='ltr'><strong>ideo,</strong></span> <span class='ocrx_word' id='word_1_276' title='bbox 1698 2078 1843 2150; x_wconf 93' lang='lat' dir='ltr'><strong>quod</strong></span> <span class='ocrx_word' id='word_1_277' title='bbox 1875 2078 1943 2133; x_wconf 89' lang='lat' dir='ltr'><strong>ad</strong></span> <span class='ocrx_word' id='word_1_278' title='bbox 1982 2078 2123 2132; x_wconf 88' lang='lat' dir='ltr'><strong>ima-</strong></span> 
     </span>
    </p>
   </div>
   <div class='ocr_carea' id='block_1_38' title="bbox 535 2169 2124 2241">
    <p class='ocr_par' dir='ltr' id='par_1_38' title="bbox 535 2169 2124 2241">
     <span class='ocr_line' id='line_1_38' title="bbox 535 2169 2124 2241; baseline 0.001 -18"><span class='ocrx_word' id='word_1_279' title='bbox 535 2169 716 2241; x_wconf 89' lang='lat' dir='ltr'><strong>ginem</strong></span> <span class='ocrx_word' id='word_1_280' title='bbox 743 2170 955 2239; x_wconf 89' lang='lat' dir='ltr'><strong>pulchri</strong></span> <span class='ocrx_word' id='word_1_281' title='bbox 984 2177 1070 2225; x_wconf 89' lang='lat' dir='ltr'><strong>est</strong></span> <span class='ocrx_word' id='word_1_282' title='bbox 1096 2170 1462 2234; x_wconf 80' lang='lat' dir='ltr'><strong>conformata,</strong></span> <span class='ocrx_word' id='word_1_283' title='bbox 1491 2180 1546 2225; x_wconf 94' lang='lat' dir='ltr'><strong>et</strong></span> <span class='ocrx_word' id='word_1_284' title='bbox 1568 2171 1684 2241; x_wconf 90' lang='lat' dir='ltr'><strong>ipsa</strong></span> <span class='ocrx_word' id='word_1_285' title='bbox 1719 2169 2124 2241; x_wconf 73' lang='lat' dir='ltr'><strong>pulchritudine</strong></span> 
     </span>
    </p>
   </div>
   <div class='ocr_carea' id='block_1_39' title="bbox 534 2262 2125 2332">
    <p class='ocr_par' dir='ltr' id='par_1_39' title="bbox 534 2262 2125 2332">
     <span class='ocr_line' id='line_1_39' title="bbox 534 2262 2125 2332; baseline 0.001 -18"><span class='ocrx_word' id='word_1_286' title='bbox 534 2262 773 2332; x_wconf 90' lang='lat' dir='ltr'><strong>quadam</strong></span> <span class='ocrx_word' id='word_1_287' title='bbox 807 2270 1003 2315; x_wconf 86' lang='lat' dir='ltr'><strong>ornata</strong></span> <span class='ocrx_word' id='word_1_288' title='bbox 1048 2271 1132 2316; x_wconf 89' lang='lat' dir='ltr'><strong>est</strong></span> <span class='ocrx_word' id='word_1_289' title='bbox 1166 2282 1179 2316; x_wconf 89' lang='lat'><strong>:</strong></span> <span class='ocrx_word' id='word_1_290' title='bbox 1217 2262 1457 2332; x_wconf 89' lang='lat' dir='ltr'><strong>denique</strong></span> <span class='ocrx_word' id='word_1_291' title='bbox 1501 2273 1717 2324; x_wconf 89' lang='lat' dir='ltr'><strong>natura,</strong></span> <span class='ocrx_word' id='word_1_292' title='bbox 1753 2277 1917 2331; x_wconf 88' lang='lat' dir='ltr'><strong>quam</strong></span> <span class='ocrx_word' id='word_1_293' title='bbox 1971 2276 2125 2315; x_wconf 84' lang='lat' dir='ltr'><strong>mens</strong></span> 
     </span>
    </p>
   </div>
   <div class='ocr_carea' id='block_1_40' title="bbox 537 2352 2127 2422">
    <p class='ocr_par' dir='ltr' id='par_1_40' title="bbox 537 2352 2127 2422">
     <span class='ocr_line' id='line_1_40' title="bbox 537 2352 2127 2422; baseline -0.003 -14"><span class='ocrx_word' id='word_1_294' title='bbox 537 2353 808 2415; x_wconf 84' lang='lat' dir='ltr'><strong>continet,</strong></span> <span class='ocrx_word' id='word_1_295' title='bbox 849 2352 895 2407; x_wconf 81' lang='lat' dir='ltr'><strong>si</strong></span> <span class='ocrx_word' id='word_1_296' title='bbox 928 2361 1011 2407; x_wconf 89' lang='lat' dir='ltr'><strong>est</strong></span> <span class='ocrx_word' id='word_1_297' title='bbox 1054 2352 1313 2421; x_wconf 81' lang='lat' dir='ltr'><strong>imaginis</strong></span> <span class='ocrx_word' id='word_1_298' title='bbox 1362 2353 1526 2422; x_wconf 84' lang='lat' dir='ltr'><strong>hujus</strong></span> <span class='ocrx_word' id='word_1_299' title='bbox 1556 2353 1662 2406; x_wconf 87' lang='lat' dir='ltr'><strong>alia</strong></span> <span class='ocrx_word' id='word_1_300' title='bbox 1702 2352 1950 2422; x_wconf 74' lang='lat' dir='ltr'><strong>quaedam</strong></span> <span class='ocrx_word' id='word_1_301' title='bbox 1993 2352 2127 2404; x_wconf 86' lang='lat' dir='ltr'><strong>ima-</strong></span> 
     </span>
    </p>
   </div>
   <div class='ocr_carea' id='block_1_41' title="bbox 538 2440 2127 2512">
    <p class='ocr_par' dir='ltr' id='par_1_41' title="bbox 538 2440 2127 2512">
     <span class='ocr_line' id='line_1_41' title="bbox 538 2440 2127 2512; baseline 0.003 -20"><span class='ocrx_word' id='word_1_302' title='bbox 538 2456 608 2512; x_wconf 88' lang='lat' dir='ltr'><strong>go</strong></span> <span class='ocrx_word' id='word_1_303' title='bbox 642 2440 791 2495; x_wconf 85' lang='lat' dir='ltr'><strong>:.erit</strong></span> <span class='ocrx_word' id='word_1_304' title='bbox 820 2450 1104 2496; x_wconf 88' lang='lat' dir='ltr'><strong>ostensum</strong></span> <span class='ocrx_word' id='word_1_305' title='bbox 1139 2440 1285 2494; x_wconf 90' lang='lat' dir='ltr'><strong>haud</strong></span> <span class='ocrx_word' id='word_1_306' title='bbox 1326 2441 1492 2496; x_wconf 87' lang='lat' dir='ltr'><strong>dubie</strong></span> <span class='ocrx_word' id='word_1_307' title='bbox 1529 2442 1810 2495; x_wconf 92' lang='lat' dir='ltr'><strong>rudiorem</strong></span> <span class='ocrx_word' id='word_1_308' title='bbox 1838 2442 1986 2494; x_wconf 71' lang='lat' dir='ltr'><strong>illam</strong></span> <span class='ocrx_word' id='word_1_309' title='bbox 2025 2456 2127 2496; x_wconf 89' lang='lat' dir='ltr'><strong>uo-</strong></span> 
     </span>
    </p>
   </div>
   <div class='ocr_carea' id='block_1_42' title="bbox 539 2528 2126 2599">
    <p class='ocr_par' dir='ltr' id='par_1_42' title="bbox 539 2528 2126 2599">
     <span class='ocr_line' id='line_1_42' title="bbox 539 2528 2126 2599; baseline -0.001 -14"><span class='ocrx_word' id='word_1_310' title='bbox 539 2529 641 2585; x_wconf 87' lang='lat' dir='ltr'><strong>stri</strong></span> <span class='ocrx_word' id='word_1_311' title='bbox 673 2528 954 2585; x_wconf 84' lang='lat' dir='ltr'><strong>materiem</strong></span> <span class='ocrx_word' id='word_1_312' title='bbox 1004 2537 1118 2583; x_wconf 90' lang='lat' dir='ltr'><strong>tum</strong></span> <span class='ocrx_word' id='word_1_313' title='bbox 1161 2530 1380 2584; x_wconf 90' lang='lat' dir='ltr'><strong>demum</strong></span> <span class='ocrx_word' id='word_1_314' title='bbox 1427 2539 1577 2584; x_wconf 89' lang='lat' dir='ltr'><strong>recte</strong></span> <span class='ocrx_word' id='word_1_315' title='bbox 1622 2530 1782 2599; x_wconf 87' lang='lat' dir='ltr'><strong>quasi</strong></span> <span class='ocrx_word' id='word_1_316' title='bbox 1825 2531 2126 2584; x_wconf 79' lang='lat' dir='ltr'><strong>slabilitam</strong></span> 
     </span>
    </p>
   </div>
   <div class='ocr_carea' id='block_1_43' title="bbox 538 2620 2129 2693">
    <p class='ocr_par' dir='ltr' id='par_1_43' title="bbox 538 2620 2129 2693">
     <span class='ocr_line' id='line_1_43' title="bbox 538 2620 2129 2693; baseline -0.001 -15"><span class='ocrx_word' id='word_1_317' title='bbox 538 2638 684 2686; x_wconf 90' lang='lat' dir='ltr'><strong>esse,</strong></span> <span class='ocrx_word' id='word_1_318' title='bbox 723 2622 947 2693; x_wconf 90' lang='lat' dir='ltr'><strong>quando</strong></span> <span class='ocrx_word' id='word_1_319' title='bbox 985 2637 1014 2676; x_wconf 90' lang='lat' dir='ltr'><strong>a</strong></span> <span class='ocrx_word' id='word_1_320' title='bbox 1052 2630 1244 2677; x_wconf 84' lang='lat' dir='ltr'><strong>natura</strong></span> <span class='ocrx_word' id='word_1_321' title='bbox 1277 2623 1640 2693; x_wconf 88' lang='lat' dir='ltr'><strong>gubernatur.</strong></span> <span class='ocrx_word' id='word_1_322' title='bbox 1673 2620 1944 2677; x_wconf 49' lang='lat' dir='ltr'><strong>Caeterum</strong></span> <span class='ocrx_word' id='word_1_323' title='bbox 1981 2637 2129 2677; x_wconf 88' lang='lat' dir='ltr'><strong>eam-</strong></span> 
     </span>
    </p>
   </div>
   <div class='ocr_carea' id='block_1_44' title="bbox 538 2715 2130 2787">
    <p class='ocr_par' dir='ltr' id='par_1_44' title="bbox 538 2715 2130 2787">
     <span class='ocr_line' id='line_1_44' title="bbox 538 2715 2130 2787; baseline 0 -16"><span class='ocrx_word' id='word_1_324' title='bbox 538 2717 662 2772; x_wconf 90' lang='lat' dir='ltr'><strong>dem</strong></span> <span class='ocrx_word' id='word_1_325' title='bbox 703 2716 940 2770; x_wconf 89' lang='lat' dir='ltr'><strong>solutam</strong></span> <span class='ocrx_word' id='word_1_326' title='bbox 982 2716 1203 2780; x_wconf 89' lang='lat' dir='ltr'><strong>collabi,</strong></span> <span class='ocrx_word' id='word_1_327' title='bbox 1252 2718 1472 2787; x_wconf 88' lang='lat' dir='ltr'><strong>quando</strong></span> <span class='ocrx_word' id='word_1_328' title='bbox 1518 2718 1587 2771; x_wconf 93' lang='lat' dir='ltr'><strong>ab</strong></span> <span class='ocrx_word' id='word_1_329' title='bbox 1630 2732 1717 2781; x_wconf 89' lang='lat' dir='ltr'><strong>eo,</strong></span> <span class='ocrx_word' id='word_1_330' title='bbox 1762 2731 1870 2786; x_wconf 91' lang='lat' dir='ltr'><strong>quo</strong></span> <span class='ocrx_word' id='word_1_331' title='bbox 1901 2715 2130 2771; x_wconf 92' lang='lat' dir='ltr'><strong>ﬁrmiter</strong></span> 
     </span>
    </p>
   </div>
   <div class='ocr_carea' id='block_1_45' title="bbox 539 2808 2132 2880">
    <p class='ocr_par' dir='ltr' id='par_1_45' title="bbox 539 2808 2132 2880">
     <span class='ocr_line' id='line_1_45' title="bbox 539 2808 2132 2880; baseline 0.001 -17"><span class='ocrx_word' id='word_1_332' title='bbox 539 2809 879 2872; x_wconf 89' lang='lat' dir='ltr'><strong>continetur,</strong></span> <span class='ocrx_word' id='word_1_333' title='bbox 920 2808 1280 2880; x_wconf 87' lang='lat' dir='ltr'><strong>disjungitur,</strong></span> <span class='ocrx_word' id='word_1_334' title='bbox 1313 2819 1367 2865; x_wconf 92' lang='lat' dir='ltr'><strong>et</strong></span> <span class='ocrx_word' id='word_1_335' title='bbox 1393 2825 1423 2864; x_wconf 90' lang='lat' dir='ltr'><strong>a</strong></span> <span class='ocrx_word' id='word_1_336' title='bbox 1455 2810 1668 2880; x_wconf 89' lang='lat' dir='ltr'><strong>pulchri</strong></span> <span class='ocrx_word' id='word_1_337' title='bbox 1695 2811 1958 2865; x_wconf 83' lang='lat' dir='ltr'><strong>societate</strong></span> <span class='ocrx_word' id='word_1_338' title='bbox 1984 2810 2132 2864; x_wconf 85' lang='lat' dir='ltr'><strong>avel-</strong></span> 
     </span>
    </p>
   </div>
   <div class='ocr_carea' id='block_1_46' title="bbox 542 2899 2130 2965">
    <p class='ocr_par' dir='ltr' id='par_1_46' title="bbox 542 2899 2130 2965">
     <span class='ocr_line' id='line_1_46' title="bbox 542 2899 2130 2965; baseline 0.001 -11"><span class='ocrx_word' id='word_1_339' title='bbox 542 2900 693 2954; x_wconf 91' lang='lat' dir='ltr'><strong>litur.</strong></span> <span class='ocrx_word' id='word_1_340' title='bbox 735 2899 879 2955; x_wconf 87' lang='lat' dir='ltr'><strong>Fieri</strong></span> <span class='ocrx_word' id='word_1_341' title='bbox 903 2901 1007 2954; x_wconf 85' lang='lat' dir='ltr'><strong>hoc</strong></span> <span class='ocrx_word' id='word_1_342' title='bbox 1035 2902 1343 2965; x_wconf 83' lang='lat' dir='ltr'><strong>consuevit,</strong></span> <span class='ocrx_word' id='word_1_343' title='bbox 1382 2917 1507 2956; x_wconf 91' lang='lat' dir='ltr'><strong>cum</strong></span> <span class='ocrx_word' id='word_1_344' title='bbox 1545 2911 1759 2956; x_wconf 73' lang='lat' dir='ltr'><strong>naturae</strong></span> <span class='ocrx_word' id='word_1_345' title='bbox 1787 2901 1926 2956; x_wconf 92' lang='lat' dir='ltr'><strong>ordo</strong></span> <span class='ocrx_word' id='word_1_346' title='bbox 1948 2904 2130 2956; x_wconf 78' lang='lat' dir='ltr'><strong>inver-</strong></span> 
     </span>
    </p>
   </div>
   <div class='ocr_carea' id='block_1_47' title="bbox 544 2991 2131 3061">
    <p class='ocr_par' dir='ltr' id='par_1_47' title="bbox 544 2991 2131 3061">
     <span class='ocr_line' id='line_1_47' title="bbox 544 2991 2131 3061; baseline 0.001 -15"><span class='ocrx_word' id='word_1_347' title='bbox 544 2992 700 3056; x_wconf 62' lang='lat' dir='ltr'><strong>titur,</strong></span> <span class='ocrx_word' id='word_1_348' title='bbox 734 2991 906 3045; x_wconf 90' lang='lat' dir='ltr'><strong>animi</strong></span> <span class='ocrx_word' id='word_1_349' title='bbox 950 2991 1180 3047; x_wconf 85' lang='lat' dir='ltr'><strong>libidine</strong></span> <span class='ocrx_word' id='word_1_350' title='bbox 1223 3007 1334 3047; x_wconf 90' lang='lat' dir='ltr'><strong>non</strong></span> <span class='ocrx_word' id='word_1_351' title='bbox 1384 2991 1453 3046; x_wconf 90' lang='lat' dir='ltr'><strong>ad</strong></span> <span class='ocrx_word' id='word_1_352' title='bbox 1495 2991 1918 3061; x_wconf 84' lang='lat' dir='ltr'><strong>pulchritudinis</strong></span> <span class='ocrx_word' id='word_1_353' title='bbox 1960 2992 2131 3047; x_wconf 90' lang='lat' dir='ltr'><strong>decus</strong></span> 
     </span>
    </p>
   </div>
   <div class='ocr_carea' id='block_1_48' title="bbox 547 3082 2134 3154">
    <p class='ocr_par' dir='ltr' id='par_1_48' title="bbox 547 3082 2134 3154">
     <span class='ocr_line' id='line_1_48' title="bbox 547 3082 2134 3154; baseline -0.001 -16"><span class='ocrx_word' id='word_1_354' title='bbox 547 3083 869 3150; x_wconf 83' lang='lat' dir='ltr'><strong>inclinante,</strong></span> <span class='ocrx_word' id='word_1_355' title='bbox 922 3083 1016 3137; x_wconf 90' lang='lat' dir='ltr'><strong>sed</strong></span> <span class='ocrx_word' id='word_1_356' title='bbox 1052 3082 1119 3138; x_wconf 86' lang='lat' dir='ltr'><strong>ad</strong></span> <span class='ocrx_word' id='word_1_357' title='bbox 1163 3083 1240 3147; x_wconf 91' lang='lat' dir='ltr'><strong>id,</strong></span> <span class='ocrx_word' id='word_1_358' title='bbox 1282 3083 1427 3153; x_wconf 91' lang='lat' dir='ltr'><strong>quod</strong></span> <span class='ocrx_word' id='word_1_359' title='bbox 1477 3083 1656 3153; x_wconf 86' lang='lat' dir='ltr'><strong>ipsum</strong></span> <span class='ocrx_word' id='word_1_360' title='bbox 1710 3098 2036 3154; x_wconf 86' lang='lat' dir='ltr'><strong>magnopere</strong></span> <span class='ocrx_word' id='word_1_361' title='bbox 2074 3091 2134 3137; x_wconf 94' lang='lat' dir='ltr'><strong>ut</strong></span> 
     </span>
    </p>
   </div>
   <div class='ocr_carea' id='block_1_49' title="bbox 546 3172 2130 3245">
    <p class='ocr_par' dir='ltr' id='par_1_49' title="bbox 546 3172 2130 3245">
     <span class='ocr_line' id='line_1_49' title="bbox 546 3172 2130 3245; baseline -0.001 -13"><span class='ocrx_word' id='word_1_362' title='bbox 546 3182 843 3232; x_wconf 74' lang='lat' dir='ltr'><strong>exornetur</strong></span> <span class='ocrx_word' id='word_1_363' title='bbox 869 3174 1093 3245; x_wconf 89' lang='lat' dir='ltr'><strong>indiget.</strong></span> <span class='ocrx_word' id='word_1_364' title='bbox 1120 3172 1237 3229; x_wconf 89' lang='lat' dir='ltr'><strong>Non</strong></span> <span class='ocrx_word' id='word_1_365' title='bbox 1269 3175 1415 3230; x_wconf 91' lang='lat' dir='ltr'><strong>enim</strong></span> <span class='ocrx_word' id='word_1_366' title='bbox 1446 3174 1561 3230; x_wconf 90' lang='lat' dir='ltr'><strong>ﬁeri</strong></span> <span class='ocrx_word' id='word_1_367' title='bbox 1585 3175 1743 3229; x_wconf 88' lang='lat' dir='ltr'><strong>aliter</strong></span> <span class='ocrx_word' id='word_1_368' title='bbox 1762 3185 1964 3245; x_wconf 85' lang='lat' dir='ltr'><strong>potest,</strong></span> <span class='ocrx_word' id='word_1_369' title='bbox 1999 3177 2130 3245; x_wconf 91' lang='lat' dir='ltr'><strong>quin</strong></span> 
     </span>
    </p>
   </div>
   <div class='ocr_carea' id='block_1_50' title="bbox 546 3266 2135 3340">
    <p class='ocr_par' dir='ltr' id='par_1_50' title="bbox 546 3266 2135 3340">
     <span class='ocr_line' id='line_1_50' title="bbox 546 3266 2135 3340; baseline -0.001 -17"><span class='ocrx_word' id='word_1_370' title='bbox 546 3266 694 3340; x_wconf 89' lang='lat' dir='ltr'><strong>quod</strong></span> <span class='ocrx_word' id='word_1_371' title='bbox 738 3267 983 3323; x_wconf 90' lang='lat' dir='ltr'><strong>materiei</strong></span> <span class='ocrx_word' id='word_1_372' title='bbox 1035 3268 1255 3337; x_wconf 88' lang='lat' dir='ltr'><strong>propria</strong></span> <span class='ocrx_word' id='word_1_373' title='bbox 1305 3266 1480 3321; x_wconf 91' lang='lat' dir='ltr'><strong>forma</strong></span> <span class='ocrx_word' id='word_1_374' title='bbox 1526 3266 1801 3321; x_wconf 63' lang='lat' dir='ltr'><strong>destitutae</strong></span> <span class='ocrx_word' id='word_1_375' title='bbox 1849 3267 2135 3322; x_wconf 89' lang='lat' dir='ltr'><strong>consimile</strong></span> 
     </span>
    </p>
   </div>
   <div class='ocr_carea' id='block_1_51' title="bbox 546 3356 2135 3429">
    <p class='ocr_par' dir='ltr' id='par_1_51' title="bbox 546 3356 2135 3429">
     <span class='ocr_line' id='line_1_51' title="bbox 546 3356 2135 3429; baseline -0.003 -13"><span class='ocrx_word' id='word_1_376' title='bbox 546 3358 781 3416; x_wconf 67' lang='lat' dir='ltr'><strong>edicitur</strong></span> <span class='ocrx_word' id='word_1_377' title='bbox 821 3358 1028 3414; x_wconf 87' lang='lat' dir='ltr'><strong>:etiam</strong></span> <span class='ocrx_word' id='word_1_378' title='bbox 1060 3358 1423 3414; x_wconf 89' lang='lat' dir='ltr'><strong>deformitatis</strong></span> <span class='ocrx_word' id='word_1_379' title='bbox 1470 3356 1845 3429; x_wconf 74' lang='lat' dir='ltr'><strong>fteditatisque</strong></span> <span class='ocrx_word' id='word_1_380' title='bbox 1889 3358 2135 3427; x_wconf 83' lang='lat' dir='ltr'><strong>ejusdem</strong></span> 
     </span>
    </p>
   </div>
   <div class='ocr_carea' id='block_1_52' title="bbox 549 3448 2137 3522">
    <p class='ocr_par' dir='ltr' id='par_1_52' title="bbox 549 3448 2137 3522">
     <span class='ocr_line' id='line_1_52' title="bbox 549 3448 2137 3522; baseline -0.002 -16"><span class='ocrx_word' id='word_1_381' title='bbox 549 3451 842 3522; x_wconf 85' lang='lat' dir='ltr'><strong>imaginem</strong></span> <span class='ocrx_word' id='word_1_382' title='bbox 872 3449 1085 3504; x_wconf 90' lang='lat' dir='ltr'><strong>induat.</strong></span> <span class='ocrx_word' id='word_1_383' title='bbox 1119 3448 1227 3505; x_wconf 87' lang='lat' dir='ltr'><strong>Sed</strong></span> <span class='ocrx_word' id='word_1_384' title='bbox 1273 3449 1390 3504; x_wconf 58' lang='lat' dir='ltr'><strong>haec</strong></span> <span class='ocrx_word' id='word_1_385' title='bbox 1416 3448 1638 3520; x_wconf 89' lang='lat' dir='ltr'><strong>quidem</strong></span> <span class='ocrx_word' id='word_1_386' title='bbox 1679 3449 1748 3504; x_wconf 91' lang='lat' dir='ltr'><strong>ab</strong></span> <span class='ocrx_word' id='word_1_387' title='bbox 1782 3450 1907 3505; x_wconf 91' lang='lat' dir='ltr'><strong>aliis</strong></span> <span class='ocrx_word' id='word_1_388' title='bbox 1935 3448 2002 3503; x_wconf 88' lang='lat' dir='ltr'><strong>ad</strong></span> <span class='ocrx_word' id='word_1_389' title='bbox 2030 3450 2137 3503; x_wconf 82' lang='lat' dir='ltr'><strong>alia</strong></span> 
     </span>
    </p>
   </div>
   <div class='ocr_carea' id='block_1_53' title="bbox 548 3538 2139 3613">
    <p class='ocr_par' dir='ltr' id='par_1_53' title="bbox 548 3538 2139 3613">
     <span class='ocr_line' id='line_1_53' title="bbox 548 3538 2139 3613; baseline -0.003 -15"><span class='ocrx_word' id='word_1_390' title='bbox 548 3542 782 3613; x_wconf 83' lang='lat' dir='ltr'><strong>delapsi,</strong></span> <span class='ocrx_word' id='word_1_391' title='bbox 817 3541 996 3597; x_wconf 87' lang='lat' dir='ltr'><strong>obiter</strong></span> <span class='ocrx_word' id='word_1_392' title='bbox 1021 3541 1234 3596; x_wconf 90' lang='lat' dir='ltr'><strong>scilicet</strong></span> <span class='ocrx_word' id='word_1_393' title='bbox 1267 3540 1594 3611; x_wconf 79' lang='lat' dir='ltr'><strong>explicando</strong></span> <span class='ocrx_word' id='word_1_394' title='bbox 1624 3538 2008 3603; x_wconf 84' lang='lat' dir='ltr'><strong>indicavimus,</strong></span> <span class='ocrx_word' id='word_1_395' title='bbox 2036 3542 2139 3594; x_wconf 89' lang='lat' dir='ltr'><strong>im-</strong></span> 
     </span>
    </p>
   </div>
   <div class='ocr_carea' id='block_1_54' title="bbox 550 3631 2137 3700">
    <p class='ocr_par' dir='ltr' id='par_1_54' title="bbox 550 3631 2137 3700">
     <span class='ocr_line' id='line_1_54' title="bbox 550 3631 2137 3700; baseline -0.002 -10"><span class='ocrx_word' id='word_1_396' title='bbox 550 3635 915 3690; x_wconf 89' lang='lat' dir='ltr'><strong>miscentihns</strong></span> <span class='ocrx_word' id='word_1_397' title='bbox 960 3649 1082 3690; x_wconf 89' lang='lat' dir='ltr'><strong>sese</strong></span> <span class='ocrx_word' id='word_1_398' title='bbox 1110 3634 1195 3689; x_wconf 91' lang='lat' dir='ltr'><strong>his</strong></span> <span class='ocrx_word' id='word_1_399' title='bbox 1222 3634 1274 3687; x_wconf 91' lang='lat' dir='ltr'><strong>ei</strong></span> <span class='ocrx_word' id='word_1_400' title='bbox 1318 3631 1774 3694; x_wconf 86' lang='lat' dir='ltr'><strong>considerationi,</strong></span> <span class='ocrx_word' id='word_1_401' title='bbox 1824 3647 1932 3700; x_wconf 88' lang='lat' dir='ltr'><strong>qua</strong></span> <span class='ocrx_word' id='word_1_402' title='bbox 1974 3632 2031 3686; x_wconf 86' lang='lat' dir='ltr'><strong>id</strong></span> <span class='ocrx_word' id='word_1_403' title='bbox 2069 3632 2137 3687; x_wconf 91' lang='lat' dir='ltr'><strong>de</strong></span> 
     </span>
    </p>
   </div>
   <div class='ocr_carea' id='block_1_55' title="bbox 549 3722 2140 3800">
    <p class='ocr_par' dir='ltr' id='par_1_55' title="bbox 549 3722 2140 3800">
     <span class='ocr_line' id='line_1_55' title="bbox 549 3722 2140 3800; baseline -0.002 -18"><span class='ocrx_word' id='word_1_404' title='bbox 549 3744 659 3799; x_wconf 89' lang='lat' dir='ltr'><strong>quo</strong></span> <span class='ocrx_word' id='word_1_405' title='bbox 689 3727 891 3800; x_wconf 89' lang='lat' dir='ltr'><strong>agitur,</strong></span> <span class='ocrx_word' id='word_1_406' title='bbox 923 3726 1216 3797; x_wconf 88' lang='lat' dir='ltr'><strong>complecti</strong></span> <span class='ocrx_word' id='word_1_407' title='bbox 1250 3734 1372 3783; x_wconf 91' lang='lat' dir='ltr'><strong>erat</strong></span> <span class='ocrx_word' id='word_1_408' title='bbox 1395 3726 1635 3780; x_wconf 86' lang='lat' dir='ltr'><strong>animus.</strong></span> <span class='ocrx_word' id='word_1_409' title='bbox 1662 3722 1782 3789; x_wconf 77' lang='lat' dir='ltr'><strong>Hoc</strong></span> <span class='ocrx_word' id='word_1_410' title='bbox 1811 3725 1958 3780; x_wconf 91' lang='lat' dir='ltr'><strong>enim</strong></span> <span class='ocrx_word' id='word_1_411' title='bbox 1995 3739 2140 3794; x_wconf 67' lang='lat' dir='ltr'><strong>quae-</strong></span> 
     </span>
    </p>
   </div>
   <div class='ocr_carea' id='block_1_56' title="bbox 549 3818 2139 3891">
    <p class='ocr_par' dir='ltr' id='par_1_56' title="bbox 549 3818 2139 3891">
     <span class='ocr_line' id='line_1_56' title="bbox 549 3818 2139 3891; baseline -0.004 -14"><span class='ocrx_word' id='word_1_412' title='bbox 549 3821 828 3885; x_wconf 87' lang='lat' dir='ltr'><strong>rebamus,</strong></span> <span class='ocrx_word' id='word_1_413' title='bbox 856 3836 1029 3890; x_wconf 89' lang='lat' dir='ltr'><strong>ecqua</strong></span> <span class='ocrx_word' id='word_1_414' title='bbox 1059 3822 1115 3875; x_wconf 91' lang='lat' dir='ltr'><strong>in</strong></span> <span class='ocrx_word' id='word_1_415' title='bbox 1157 3827 1313 3891; x_wconf 83' lang='lat' dir='ltr'><strong>parte</strong></span> <span class='ocrx_word' id='word_1_416' title='bbox 1353 3823 1527 3877; x_wconf 89' lang='lat' dir='ltr'><strong>nostri</strong></span> <span class='ocrx_word' id='word_1_417' title='bbox 1560 3819 1792 3876; x_wconf 87' lang='lat' dir='ltr'><strong>facultas</strong></span> <span class='ocrx_word' id='word_1_418' title='bbox 1832 3818 2139 3889; x_wconf 88' lang='lat' dir='ltr'><strong>intelligen-</strong></span> 
     </span>
    </p>
   </div>
   <div class='ocr_carea' id='block_1_57' title="bbox 553 3913 2139 3983">
    <p class='ocr_par' dir='ltr' id='par_1_57' title="bbox 553 3913 2139 3983">
     <span class='ocr_line' id='line_1_57' title="bbox 553 3913 2139 3983; baseline -0.002 -17"><span class='ocrx_word' id='word_1_419' title='bbox 553 3914 642 3967; x_wconf 66' lang='lat' dir='ltr'><strong>tia:</strong></span> <span class='ocrx_word' id='word_1_420' title='bbox 667 3914 850 3969; x_wconf 82' lang='lat' dir='ltr'><strong>sedem</strong></span> <span class='ocrx_word' id='word_1_421' title='bbox 881 3913 1176 3983; x_wconf 84' lang='lat' dir='ltr'><strong>quamdam</strong></span> <span class='ocrx_word' id='word_1_422' title='bbox 1204 3919 1411 3967; x_wconf 88' lang='lat' dir='ltr'><strong>certam</strong></span> <span class='ocrx_word' id='word_1_423' title='bbox 1435 3913 1708 3967; x_wconf 89' lang='lat' dir='ltr'><strong>obtineret</strong></span> <span class='ocrx_word' id='word_1_424' title='bbox 1740 3931 1754 3967; x_wconf 90' lang='lat'><strong>:</strong></span> <span class='ocrx_word' id='word_1_425' title='bbox 1787 3927 1855 3965; x_wconf 91' lang='lat' dir='ltr'><strong>an</strong></span> <span class='ocrx_word' id='word_1_426' title='bbox 1882 3926 2011 3965; x_wconf 82' lang='lat' dir='ltr'><strong>vero</strong></span> <span class='ocrx_word' id='word_1_427' title='bbox 2042 3924 2139 3980; x_wconf 89' lang='lat' dir='ltr'><strong>per</strong></span> 
     </span>
    </p>
   </div>
   <div class='ocr_carea' id='block_1_58' title="bbox 552 4002 2139 4074">
    <p class='ocr_par' dir='ltr' id='par_1_58' title="bbox 552 4002 2139 4074">
     <span class='ocr_line' id='line_1_58' title="bbox 552 4002 2139 4074; baseline -0.001 -14"><span class='ocrx_word' id='word_1_428' title='bbox 552 4007 739 4060; x_wconf 82' lang='lat' dir='ltr'><strong>omnia</strong></span> <span class='ocrx_word' id='word_1_429' title='bbox 770 4005 1028 4074; x_wconf 67' lang='lat' dir='ltr'><strong>aequabili</strong></span> <span class='ocrx_word' id='word_1_430' title='bbox 1070 4020 1132 4060; x_wconf 89' lang='lat' dir='ltr'><strong>se</strong></span> <span class='ocrx_word' id='word_1_431' title='bbox 1171 4005 1387 4060; x_wconf 84' lang='lat' dir='ltr'><strong>ratione</strong></span> <span class='ocrx_word' id='word_1_432' title='bbox 1430 4004 1601 4059; x_wconf 87' lang='lat' dir='ltr'><strong>didat.</strong></span> <span class='ocrx_word' id='word_1_433' title='bbox 1646 4009 1835 4074; x_wconf 88' lang='lat' dir='ltr'><strong>Itaque</strong></span> <span class='ocrx_word' id='word_1_434' title='bbox 1874 4002 2139 4058; x_wconf 86' lang='lat' dir='ltr'><strong>adversus</strong></span> 
     </span>
    </p>
   </div>
   <div class='ocr_carea' id='block_1_59' title="bbox 553 4095 2142 4168">
    <p class='ocr_par' dir='ltr' id='par_1_59' title="bbox 553 4095 2142 4168">
     <span class='ocr_line' id='line_1_59' title="bbox 553 4095 2142 4168; baseline -0.002 -14"><span class='ocrx_word' id='word_1_435' title='bbox 553 4112 652 4154; x_wconf 90' lang='lat' dir='ltr'><strong>eos</strong></span> <span class='ocrx_word' id='word_1_436' title='bbox 682 4100 774 4168; x_wconf 90' lang='lat' dir='ltr'><strong>qui</strong></span> <span class='ocrx_word' id='word_1_437' title='bbox 812 4097 981 4151; x_wconf 88' lang='lat' dir='ltr'><strong>certis</strong></span> <span class='ocrx_word' id='word_1_438' title='bbox 1009 4096 1249 4166; x_wconf 91' lang='lat' dir='ltr'><strong>partium</strong></span> <span class='ocrx_word' id='word_1_439' title='bbox 1288 4095 1426 4150; x_wconf 89' lang='lat' dir='ltr'><strong>locis</strong></span> <span class='ocrx_word' id='word_1_440' title='bbox 1457 4105 1696 4151; x_wconf 86' lang='lat' dir='ltr'><strong>mentem</strong></span> <span class='ocrx_word' id='word_1_441' title='bbox 1739 4095 2050 4160; x_wconf 91' lang='lat' dir='ltr'><strong>includunt,</strong></span> <span class='ocrx_word' id='word_1_442' title='bbox 2086 4102 2142 4151; x_wconf 93' lang='lat' dir='ltr'><strong>et</strong></span> 
     </span>
    </p>
   </div>
   <div class='ocr_carea' id='block_1_60' title="bbox 556 4186 2137 4256">
    <p class='ocr_par' dir='ltr' id='par_1_60' title="bbox 556 4186 2137 4256">
     <span class='ocr_line' id='line_1_60' title="bbox 556 4186 2137 4256; baseline -0.003 -12"><span class='ocrx_word' id='word_1_443' title='bbox 556 4189 624 4243; x_wconf 89' lang='lat' dir='ltr'><strong>ad</strong></span> <span class='ocrx_word' id='word_1_444' title='bbox 653 4186 1086 4243; x_wconf 87' lang='lat' dir='ltr'><strong>conﬁrmandam</strong></span> <span class='ocrx_word' id='word_1_445' title='bbox 1119 4186 1261 4241; x_wconf 90' lang='lat' dir='ltr'><strong>hanc</strong></span> <span class='ocrx_word' id='word_1_446' title='bbox 1290 4188 1663 4256; x_wconf 85' lang='lat' dir='ltr'><strong>conjecturam</strong></span> <span class='ocrx_word' id='word_1_447' title='bbox 1697 4203 1851 4243; x_wconf 85' lang='lat' dir='ltr'><strong>suam</strong></span> <span class='ocrx_word' id='word_1_448' title='bbox 1882 4186 2137 4252; x_wconf 73' lang='lat' dir='ltr'><strong>alierunt,</strong></span> 
     </span>
    </p>
   </div>
   <div class='ocr_carea' id='block_1_61' title="bbox 555 4278 2139 4351">
    <p class='ocr_par' dir='ltr' id='par_1_61' title="bbox 555 4278 2139 4351">
     <span class='ocr_line' id='line_1_61' title="bbox 555 4278 2139 4351; baseline -0.003 -15"><span class='ocrx_word' id='word_1_449' title='bbox 555 4297 679 4339; x_wconf 86' lang='lat' dir='ltr'><strong>esse</strong></span> <span class='ocrx_word' id='word_1_450' title='bbox 728 4284 783 4337; x_wconf 91' lang='lat' dir='ltr'><strong>in</strong></span> <span class='ocrx_word' id='word_1_451' title='bbox 825 4280 896 4336; x_wconf 92' lang='lat' dir='ltr'><strong>iis</strong></span> <span class='ocrx_word' id='word_1_452' title='bbox 936 4278 1317 4350; x_wconf 81' lang='lat' dir='ltr'><strong>intelligentiae</strong></span> <span class='ocrx_word' id='word_1_453' title='bbox 1361 4280 1471 4334; x_wconf 84' lang='lat' dir='ltr'><strong>vim</strong></span> <span class='ocrx_word' id='word_1_454' title='bbox 1520 4280 1858 4351; x_wconf 87' lang='lat' dir='ltr'><strong>languidam,</strong></span> <span class='ocrx_word' id='word_1_455' title='bbox 1906 4292 2139 4350; x_wconf 88' lang='lat' dir='ltr'><strong>quorum</strong></span> 
     </span>
    </p>
   </div>
   <div class='ocr_carea' id='block_1_62' title="bbox 555 4371 2137 4437">
    <p class='ocr_par' dir='ltr' id='par_1_62' title="bbox 555 4371 2137 4437">
     <span class='ocr_line' id='line_1_62' title="bbox 555 4371 2137 4437; baseline -0.004 -6"><span class='ocrx_word' id='word_1_456' title='bbox 555 4374 699 4431; x_wconf 89' lang='lat' dir='ltr'><strong>male</strong></span> <span class='ocrx_word' id='word_1_457' title='bbox 724 4373 934 4430; x_wconf 88' lang='lat' dir='ltr'><strong>cerebri</strong></span> <span class='ocrx_word' id='word_1_458' title='bbox 964 4371 1170 4428; x_wconf 60' lang='lat' dir='ltr'><strong>affectae</strong></span> <span class='ocrx_word' id='word_1_459' title='bbox 1190 4373 1302 4428; x_wconf 90' lang='lat' dir='ltr'><strong>sint</strong></span> <span class='ocrx_word' id='word_1_460' title='bbox 1326 4374 1662 4429; x_wconf 71' lang='lat' dir='ltr'><strong>membrana:</strong></span> <span class='ocrx_word' id='word_1_461' title='bbox 1687 4391 1700 4427; x_wconf 91' lang='lat'><strong>:</strong></span> <span class='ocrx_word' id='word_1_462' title='bbox 1726 4381 2007 4428; x_wconf 85' lang='lat' dir='ltr'><strong>ostensum</strong></span> <span class='ocrx_word' id='word_1_463' title='bbox 2031 4378 2137 4437; x_wconf 90' lang='lat' dir='ltr'><strong>est,</strong></span> 
     </span>
    </p>
   </div>
   <div class='ocr_carea' id='block_1_63' title="bbox 540 4462 2142 4536">
    <p class='ocr_par' dir='ltr' id='par_1_63' title="bbox 540 4462 2142 4536">
     <span class='ocr_line' id='line_1_63' title="bbox 540 4462 2142 4536; baseline -0.002 -15"><span class='ocrx_word' id='word_1_464' title='bbox 540 4470 613 4521; x_wconf 78' lang='lat' dir='ltr'><strong>jn</strong></span> <span class='ocrx_word' id='word_1_465' title='bbox 636 4466 785 4522; x_wconf 90' lang='lat' dir='ltr'><strong>omni</strong></span> <span class='ocrx_word' id='word_1_466' title='bbox 816 4465 1066 4536; x_wconf 89' lang='lat' dir='ltr'><strong>corporis</strong></span> <span class='ocrx_word' id='word_1_467' title='bbox 1094 4464 1365 4531; x_wconf 88' lang='lat' dir='ltr'><strong>membro,</strong></span> <span class='ocrx_word' id='word_1_468' title='bbox 1393 4464 1541 4535; x_wconf 88' lang='lat' dir='ltr'><strong>quod</strong></span> <span class='ocrx_word' id='word_1_469' title='bbox 1580 4465 1800 4535; x_wconf 88' lang='lat' dir='ltr'><strong>quidem</strong></span> <span class='ocrx_word' id='word_1_470' title='bbox 1836 4464 2030 4535; x_wconf 84' lang='lat' dir='ltr'><strong>agendi</strong></span> <span class='ocrx_word' id='word_1_471' title='bbox 2059 4462 2142 4518; x_wconf 84' lang='lat' dir='ltr'><strong>fa-</strong></span> 
     </span>
    </p>
   </div>
   <div class='ocr_carea' id='block_1_64' title="bbox 2227 1986 3824 2063">
    <p class='ocr_par' dir='ltr' id='par_1_64' title="bbox 2227 1986 3824 2063">
     <span class='ocr_line' id='line_1_64' title="bbox 2227 1986 3824 2063; baseline -0.005 -17"><span class='ocrx_word' id='word_1_472' title='bbox 2227 1992 2326 2063; x_wconf 84' lang='grc' dir='ltr'><strong>μὲν</strong></span> <span class='ocrx_word' id='word_1_473' title='bbox 2361 1992 2454 2045; x_wconf 77' lang='grc' dir='ltr'><strong>καὶ</strong></span> <span class='ocrx_word' id='word_1_474' title='bbox 2505 1990 2940 2061; x_wconf 88' lang='grc' dir='ltr'><strong>περικρατείται,</strong></span> <span class='ocrx_word' id='word_1_475' title='bbox 2987 1988 3116 2041; x_wconf 82' lang='grc' dir='ltr'><strong>ὅταν</strong></span> <span class='ocrx_word' id='word_1_476' title='bbox 3169 1986 3523 2056; x_wconf 84' lang='grc' dir='ltr'><strong>οἰκονομῆται</strong></span> <span class='ocrx_word' id='word_1_477' title='bbox 3565 1987 3676 2040; x_wconf 76' lang='grc' dir='ltr'><strong>ὑπὸ</strong></span> <span class='ocrx_word' id='word_1_478' title='bbox 3721 1989 3824 2056; x_wconf 74' lang='grc' dir='ltr'><strong>τῆς</strong></span> 
     </span>
    </p>
   </div>
   <div class='ocr_carea' id='block_1_65' title="bbox 2225 2076 3822 2152">
    <p class='ocr_par' dir='ltr' id='par_1_65' title="bbox 2225 2076 3822 2152">
     <span class='ocr_line' id='line_1_65' title="bbox 2225 2076 3822 2152; baseline -0.004 -17"><span class='ocrx_word' id='word_1_479' title='bbox 2225 2083 2441 2152; x_wconf 88' lang='grc' dir='ltr'><strong>φύσεως</strong></span> <span class='ocrx_word' id='word_1_480' title='bbox 2461 2098 2475 2112; x_wconf 73' lang='grc' dir='ltr'><strong>ο</strong></span> <span class='ocrx_word' id='word_1_481' title='bbox 2505 2080 2693 2134; x_wconf 86' lang='grc' dir='ltr'><strong>λύεται</strong></span> <span class='ocrx_word' id='word_1_482' title='bbox 2721 2080 2799 2143; x_wconf 88' lang='grc' dir='ltr'><strong>δὲ,</strong></span> <span class='ocrx_word' id='word_1_483' title='bbox 2850 2079 2946 2134; x_wconf 78' lang='grc' dir='ltr'><strong>καὶ</strong></span> <span class='ocrx_word' id='word_1_484' title='bbox 2972 2078 3254 2131; x_wconf 80' lang='grc' dir='ltr'>διαπίπτει</span> <span class='ocrx_word' id='word_1_485' title='bbox 3283 2076 3464 2141; x_wconf 86' lang='grc' dir='ltr'><strong>πάλιν,</strong></span> <span class='ocrx_word' id='word_1_486' title='bbox 3495 2076 3626 2130; x_wconf 83' lang='grc' dir='ltr'><strong>ὃταν</strong></span> <span class='ocrx_word' id='word_1_487' title='bbox 3650 2095 3822 2148; x_wconf 84' lang='grc' dir='ltr'><strong>χωρι-</strong></span> 
     </span>
    </p>
   </div>
   <div class='ocr_carea' id='block_1_66' title="bbox 2228 2168 3824 2245">
    <p class='ocr_par' dir='ltr' id='par_1_66' title="bbox 2228 2168 3824 2245">
     <span class='ocr_line' id='line_1_66' title="bbox 2228 2168 3824 2245; baseline -0.003 -19"><span class='ocrx_word' id='word_1_488' title='bbox 2228 2172 2328 2245; x_wconf 85' lang='grc' dir='ltr'><strong>σθῇ</strong></span> <span class='ocrx_word' id='word_1_489' title='bbox 2355 2172 2467 2243; x_wconf 41' lang='grc' dir='ltr'><strong>τοῦμ</strong></span> <span class='ocrx_word' id='word_1_490' title='bbox 2493 2169 2950 2244; x_wconf 85' lang='grc' dir='ltr'><strong>περικρατοῦντός</strong></span> <span class='ocrx_word' id='word_1_491' title='bbox 2982 2186 3044 2222; x_wconf 91' lang='grc' dir='ltr'><strong>τε</strong></span> <span class='ocrx_word' id='word_1_492' title='bbox 3083 2169 3177 2222; x_wconf 72' lang='grc' dir='ltr'><strong>καὶ</strong></span> <span class='ocrx_word' id='word_1_493' title='bbox 3206 2168 3543 2237; x_wconf 81' lang='grc' dir='ltr'><strong>συνέχοντος,</strong></span> <span class='ocrx_word' id='word_1_494' title='bbox 3577 2169 3676 2222; x_wconf 61' lang='grc' dir='ltr'><strong>καί⁵</strong></span> <span class='ocrx_word' id='word_1_495' title='bbox 3704 2168 3824 2221; x_wconf 75' lang='grc' dir='ltr'><strong>δια·</strong></span> 
     </span>
    </p>
   </div>
   <div class='ocr_carea' id='block_1_67' title="bbox 2228 2257 3826 2337">
    <p class='ocr_par' dir='ltr' id='par_1_67' title="bbox 2228 2257 3826 2337">
     <span class='ocr_line' id='line_1_67' title="bbox 2228 2257 3826 2337; baseline -0.008 -15"><span class='ocrx_word' id='word_1_496' title='bbox 2228 2267 2443 2337; x_wconf 84' lang='grc' dir='ltr'><strong>σπασθῇ</strong></span> <span class='ocrx_word' id='word_1_497' title='bbox 2473 2266 2570 2337; x_wconf 83' lang='grc' dir='ltr'><strong>τῆς</strong></span> <span class='ocrx_word' id='word_1_498' title='bbox 2599 2265 2735 2333; x_wconf 78' lang='grc' dir='ltr'><strong>πρὸς</strong></span> <span class='ocrx_word' id='word_1_499' title='bbox 2763 2263 2823 2316; x_wconf 80' lang='grc' dir='ltr'><strong>τὸ</strong></span> <span class='ocrx_word' id='word_1_500' title='bbox 2855 2261 3019 2314; x_wconf 79' lang='grc' dir='ltr'><strong>καλὸν</strong></span> <span class='ocrx_word' id='word_1_501' title='bbox 3051 2260 3349 2331; x_wconf 71' lang='grc' dir='ltr'><strong>συμφυΐας.</strong></span> <span class='ocrx_word' id='word_1_502' title='bbox 3379 2259 3454 2312; x_wconf 77' lang='grc' dir='ltr'><strong>Τὸ</strong></span> <span class='ocrx_word' id='word_1_503' title='bbox 3484 2258 3543 2311; x_wconf 81' lang='grc' dir='ltr'><strong>δὲ</strong></span> <span class='ocrx_word' id='word_1_504' title='bbox 3576 2257 3826 2311; x_wconf 83' lang='grc' dir='ltr'><strong>τοιοῦτον</strong></span> 
     </span>
    </p>
   </div>
   <div class='ocr_carea' id='block_1_68' title="bbox 2226 2347 3824 2423">
    <p class='ocr_par' dir='ltr' id='par_1_68' title="bbox 2226 2347 3824 2423">
     <span class='ocr_line' id='line_1_68' title="bbox 2226 2347 3824 2423; baseline -0.009 -10"><span class='ocrx_word' id='word_1_505' title='bbox 2226 2360 2329 2412; x_wconf 75' lang='grc' dir='ltr'><strong>οὐκ</strong></span> <span class='ocrx_word' id='word_1_506' title='bbox 2361 2357 2537 2419; x_wconf 84' lang='grc' dir='ltr'><strong>άλλως</strong></span> <span class='ocrx_word' id='word_1_507' title='bbox 2566 2355 2797 2423; x_wconf 84' lang='grc' dir='ltr'><strong>γίνεται,</strong></span> <span class='ocrx_word' id='word_1_508' title='bbox 2829 2352 2861 2423; x_wconf 74' lang='grc' dir='ltr'>ἢ</span> <span class='ocrx_word' id='word_1_509' title='bbox 2896 2353 3026 2405; x_wconf 82' lang='grc' dir='ltr'><strong>ὅταν</strong></span> <span class='ocrx_word' id='word_1_510' title='bbox 3054 2351 3153 2421; x_wconf 82' lang='grc' dir='ltr'><strong>τῆς</strong></span> <span class='ocrx_word' id='word_1_511' title='bbox 3198 2349 3412 2419; x_wconf 89' lang='grc' dir='ltr'><strong>φύσεως</strong></span> <span class='ocrx_word' id='word_1_512' title='bbox 3439 2348 3577 2420; x_wconf 78' lang='grc' dir='ltr'><strong>πρὸς</strong></span> <span class='ocrx_word' id='word_1_513' title='bbox 3611 2347 3675 2401; x_wconf 81' lang='grc' dir='ltr'><strong>τὸ</strong></span> <span class='ocrx_word' id='word_1_514' title='bbox 3724 2347 3824 2417; x_wconf 72' lang='grc' dir='ltr'><strong>ἐμ⁸</strong></span> 
     </span>
    </p>
   </div>
   <div class='ocr_carea' id='block_1_69' title="bbox 2227 2438 3827 2519">
    <p class='ocr_par' dir='ltr' id='par_1_69' title="bbox 2227 2438 3827 2519">
     <span class='ocr_line' id='line_1_69' title="bbox 2227 2438 3827 2519; baseline -0.008 -14"><span class='ocrx_word' id='word_1_515' title='bbox 2227 2451 2393 2505; x_wconf 81' lang='grc' dir='ltr'><strong>πάλιν</strong></span> <span class='ocrx_word' id='word_1_516' title='bbox 2425 2449 2647 2519; x_wconf 82' lang='grc' dir='ltr'><strong>γένηται</strong></span> <span class='ocrx_word' id='word_1_517' title='bbox 2690 2447 2724 2517; x_wconf 79' lang='grc' dir='ltr'>ἡ</span> <span class='ocrx_word' id='word_1_518' title='bbox 2763 2442 3088 2514; x_wconf 67' lang='grc' dir='ltr'><strong>ἐπιστροφὴ,</strong></span> <span class='ocrx_word' id='word_1_519' title='bbox 3121 2441 3197 2514; x_wconf 79' lang='grc' dir='ltr'><strong>μὴ</strong></span> <span class='ocrx_word' id='word_1_520' title='bbox 3220 2441 3372 2513; x_wconf 75' lang='grc' dir='ltr'><strong>’πρὸς</strong></span> <span class='ocrx_word' id='word_1_521' title='bbox 3406 2440 3468 2494; x_wconf 79' lang='grc' dir='ltr'><strong>τὸ</strong></span> <span class='ocrx_word' id='word_1_522' title='bbox 3509 2438 3680 2493; x_wconf 81' lang='grc' dir='ltr'><strong>καλὸν</strong></span> <span class='ocrx_word' id='word_1_523' title='bbox 3726 2440 3827 2509; x_wconf 72' lang='grc' dir='ltr'><strong>τῆς</strong></span> 
     </span>
    </p>
   </div>
   <div class='ocr_carea' id='block_1_70' title="bbox 2229 2531 3825 2613">
    <p class='ocr_par' dir='ltr' id='par_1_70' title="bbox 2229 2531 3825 2613">
     <span class='ocr_line' id='line_1_70' title="bbox 2229 2531 3825 2613; baseline -0.009 -15"><span class='ocrx_word' id='word_1_524' title='bbox 2229 2543 2523 2613; x_wconf 74' lang='grc' dir='ltr'><strong>ἐπιθυμίας</strong></span> <span class='ocrx_word' id='word_1_525' title='bbox 2553 2539 2833 2610; x_wconf 89' lang='grc' dir='ltr'><strong>νευούσης,</strong></span> <span class='ocrx_word' id='word_1_526' title='bbox 2860 2536 2996 2590; x_wconf 88' lang='grc' dir='ltr'><strong>ἀλλά</strong></span> <span class='ocrx_word' id='word_1_527' title='bbox 3016 2535 3152 2606; x_wconf 84' lang='grc' dir='ltr'><strong>πρὸς</strong></span> <span class='ocrx_word' id='word_1_528' title='bbox 3180 2534 3239 2587; x_wconf 80' lang='grc' dir='ltr'><strong>τὸ</strong></span> <span class='ocrx_word' id='word_1_529' title='bbox 3262 2533 3462 2605; x_wconf 70' lang='grc' dir='ltr'><strong>χρῇζον</strong></span> <span class='ocrx_word' id='word_1_530' title='bbox 3487 2531 3584 2586; x_wconf 83' lang='grc' dir='ltr'><strong>τοῦ</strong></span> <span class='ocrx_word' id='word_1_531' title='bbox 3611 2531 3825 2586; x_wconf 86' lang='grc' dir='ltr'><strong>καλλω-</strong></span> 
     </span>
    </p>
   </div>
   <div class='ocr_carea' id='block_1_71' title="bbox 2230 2625 3827 2703">
    <p class='ocr_par' dir='ltr' id='par_1_71' title="bbox 2230 2625 3827 2703">
     <span class='ocr_line' id='line_1_71' title="bbox 2230 2625 3827 2703; baseline -0.01 -11"><span class='ocrx_word' id='word_1_532' title='bbox 2230 2638 2496 2703; x_wconf 73' lang='grc' dir='ltr'><strong>πίζοντος.</strong></span> <span class='ocrx_word' id='word_1_533' title='bbox 2527 2634 2765 2703; x_wconf 81' lang='grc' dir='ltr'><strong>Ἀνάγκη</strong></span> <span class='ocrx_word' id='word_1_534' title='bbox 2782 2632 2890 2702; x_wconf 78' lang='grc' dir='ltr'><strong>γὰρ</strong></span> <span class='ocrx_word' id='word_1_535' title='bbox 2905 2632 3055 2684; x_wconf 80' lang='grc' dir='ltr'><strong>πᾶσα</strong></span> <span class='ocrx_word' id='word_1_536' title='bbox 3085 2631 3151 2699; x_wconf 78' lang='grc' dir='ltr'><strong>τῇ</strong></span> <span class='ocrx_word' id='word_1_537' title='bbox 3183 2625 3537 2697; x_wconf 81' lang='grc' dir='ltr'><strong>πτωχευούσῃ</strong></span> <span class='ocrx_word' id='word_1_538' title='bbox 3562 2625 3668 2694; x_wconf 82' lang='grc' dir='ltr'><strong>τῆς</strong></span> <span class='ocrx_word' id='word_1_539' title='bbox 3688 2625 3827 2687; x_wconf 84' lang='grc' dir='ltr'><strong>ἰδίας</strong></span> 
     </span>
    </p>
   </div>
   <div class='ocr_carea' id='block_1_72' title="bbox 2235 2717 3825 2803">
    <p class='ocr_par' dir='ltr' id='par_1_72' title="bbox 2235 2717 3825 2803">
     <span class='ocr_line' id='line_1_72' title="bbox 2235 2717 3825 2803; baseline -0.01 -19"><span class='ocrx_word' id='word_1_540' title='bbox 2235 2729 2449 2803; x_wconf 81' lang='grc' dir='ltr'><strong>μορφῆς</strong></span> <span class='ocrx_word' id='word_1_541' title='bbox 2478 2728 2576 2799; x_wconf 78' lang='grc' dir='ltr'><strong>ὕλῃ</strong></span> <span class='ocrx_word' id='word_1_542' title='bbox 2607 2724 2753 2781; x_wconf 85' lang='grc' dir='ltr'><strong>κατά</strong></span> <span class='ocrx_word' id='word_1_543' title='bbox 2778 2724 2841 2778; x_wconf 81' lang='grc' dir='ltr'><strong>τὸ</strong></span> <span class='ocrx_word' id='word_1_544' title='bbox 2869 2721 3118 2793; x_wconf 81' lang='grc' dir='ltr'><strong>ἀσχημόν</strong></span> <span class='ocrx_word' id='word_1_545' title='bbox 3134 2736 3194 2772; x_wconf 71' lang='grc' dir='ltr'><strong>τε</strong></span> <span class='ocrx_word' id='word_1_546' title='bbox 3225 2718 3319 2773; x_wconf 67' lang='grc' dir='ltr'><strong>καὶ</strong></span> <span class='ocrx_word' id='word_1_547' title='bbox 3345 2717 3580 2780; x_wconf 78' lang='grc' dir='ltr'><strong>ἀκαλλὲς</strong></span> <span class='ocrx_word' id='word_1_548' title='bbox 3606 2733 3825 2787; x_wconf 85' lang='grc' dir='ltr'><strong>συμμε-</strong></span> 
     </span>
    </p>
   </div>
   <div class='ocr_carea' id='block_1_73' title="bbox 2230 2809 3826 2893">
    <p class='ocr_par' dir='ltr' id='par_1_73' title="bbox 2230 2809 3826 2893">
     <span class='ocr_line' id='line_1_73' title="bbox 2230 2809 3826 2893; baseline -0.01 -17"><span class='ocrx_word' id='word_1_549' title='bbox 2230 2820 2641 2893; x_wconf 79' lang='grc' dir='ltr'><strong>ταμορφοῦσθαι</strong></span> <span class='ocrx_word' id='word_1_550' title='bbox 2668 2817 2728 2871; x_wconf 84' lang='grc' dir='ltr'><strong>τὸ</strong></span> <span class='ocrx_word' id='word_1_551' title='bbox 2756 2815 3128 2888; x_wconf 84' lang='grc' dir='ltr'><strong>ὁμοιούμενον,</strong></span> <span class='ocrx_word' id='word_1_552' title='bbox 3182 2811 3321 2866; x_wconf 90' lang='grc' dir='ltr'><strong>ἀλλά</strong></span> <span class='ocrx_word' id='word_1_553' title='bbox 3354 2809 3527 2864; x_wconf 89' lang='grc' dir='ltr'><strong>ταῦτα</strong></span> <span class='ocrx_word' id='word_1_554' title='bbox 3563 2810 3666 2880; x_wconf 73' lang='grc' dir='ltr'><strong>μὲν</strong></span> <span class='ocrx_word' id='word_1_555' title='bbox 3691 2812 3826 2881; x_wconf 74' lang='grc' dir='ltr'><strong>ἡμῖν</strong></span> 
     </span>
    </p>
   </div>
   <div class='ocr_carea' id='block_1_74' title="bbox 2232 2902 3826 2980">
    <p class='ocr_par' dir='ltr' id='par_1_74' title="bbox 2232 2902 3826 2980">
     <span class='ocr_line' id='line_1_74' title="bbox 2232 2902 3826 2980; baseline -0.008 -15"><span class='ocrx_word' id='word_1_556' title='bbox 2232 2912 2291 2980; x_wconf 75' lang='grc' dir='ltr'><strong>ἐξ</strong></span> <span class='ocrx_word' id='word_1_557' title='bbox 2312 2911 2633 2974; x_wconf 79' lang='grc' dir='ltr'><strong>ἀκολουθίας</strong></span> <span class='ocrx_word' id='word_1_558' title='bbox 2660 2909 2806 2971; x_wconf 82' lang='grc' dir='ltr'><strong>τινὸς</strong></span> <span class='ocrx_word' id='word_1_559' title='bbox 2831 2904 3242 2978; x_wconf 80' lang='grc' dir='ltr'><strong>παρεξητάσθη,</strong></span> <span class='ocrx_word' id='word_1_560' title='bbox 3259 2902 3349 2957; x_wconf 83' lang='grc' dir='ltr'><strong>διὰ</strong></span> <span class='ocrx_word' id='word_1_561' title='bbox 3377 2904 3476 2974; x_wconf 82' lang='grc' dir='ltr'><strong>τῆς</strong></span> <span class='ocrx_word' id='word_1_562' title='bbox 3507 2903 3591 2963; x_wconf 91' lang='grc' dir='ltr'><strong>εἰς</strong></span> <span class='ocrx_word' id='word_1_563' title='bbox 3611 2902 3674 2955; x_wconf 77' lang='grc' dir='ltr'><strong>τὸ</strong></span> <span class='ocrx_word' id='word_1_564' title='bbox 3691 2919 3826 2973; x_wconf 85' lang='grc' dir='ltr'><strong>προ-</strong></span> 
     </span>
    </p>
   </div>
   <div class='ocr_carea' id='block_1_75' title="bbox 2233 2990 3828 3072">
    <p class='ocr_par' dir='ltr' id='par_1_75' title="bbox 2233 2990 3828 3072">
     <span class='ocr_line' id='line_1_75' title="bbox 2233 2990 3828 3072; baseline -0.01 -16"><span class='ocrx_word' id='word_1_565' title='bbox 2233 3002 2486 3072; x_wconf 85' lang='grc' dir='ltr'><strong>κείμενον</strong></span> <span class='ocrx_word' id='word_1_566' title='bbox 2527 2999 2763 3071; x_wconf 86' lang='grc' dir='ltr'><strong>θεωρίας</strong></span> <span class='ocrx_word' id='word_1_567' title='bbox 2791 2995 3194 3050; x_wconf 68' lang='grc' dir='ltr'><strong>ἐπεισελθόντα.</strong></span> <span class='ocrx_word' id='word_1_568' title='bbox 3235 2992 3309 3046; x_wconf 75' lang='lat' dir='ltr'><strong>To</strong></span> <span class='ocrx_word' id='word_1_569' title='bbox 3337 2991 3448 3063; x_wconf 77' lang='grc' dir='ltr'><strong>γὰρ</strong></span> <span class='ocrx_word' id='word_1_570' title='bbox 3490 2990 3828 3062; x_wconf 76' lang='grc' dir='ltr'><strong>ζητούμενον</strong></span> 
     </span>
    </p>
   </div>
   <div class='ocr_carea' id='block_1_76' title="bbox 2232 3083 3830 3164">
    <p class='ocr_par' dir='ltr' id='par_1_76' title="bbox 2232 3083 3830 3164">
     <span class='ocr_line' id='line_1_76' title="bbox 2232 3083 3830 3164; baseline -0.007 -20"><span class='ocrx_word' id='word_1_571' title='bbox 2232 3088 2323 3164; x_wconf 83' lang='grc' dir='ltr'><strong>ἦν,</strong></span> <span class='ocrx_word' id='word_1_572' title='bbox 2356 3094 2404 3146; x_wconf 86' lang='grc' dir='ltr'><strong>εἰ</strong></span> <span class='ocrx_word' id='word_1_573' title='bbox 2433 3095 2491 3145; x_wconf 77' lang='grc' dir='ltr'><strong>ὲν</strong></span> <span class='ocrx_word' id='word_1_574' title='bbox 2532 3091 2689 3162; x_wconf 81' lang='grc' dir='ltr'><strong>μέρει</strong></span> <span class='ocrx_word' id='word_1_575' title='bbox 2724 3089 2831 3143; x_wconf 71' lang='grc' dir='ltr'><strong>τινὶ</strong></span> <span class='ocrx_word' id='word_1_576' title='bbox 2865 3087 2976 3143; x_wconf 82' lang='grc' dir='ltr'><strong>τῶν</strong></span> <span class='ocrx_word' id='word_1_577' title='bbox 3000 3088 3058 3140; x_wconf 82' lang='grc' dir='ltr'><strong>ὲν</strong></span> <span class='ocrx_word' id='word_1_578' title='bbox 3082 3087 3215 3157; x_wconf 76' lang='grc' dir='ltr'><strong>ἡμῖν</strong></span> <span class='ocrx_word' id='word_1_579' title='bbox 3243 3088 3277 3157; x_wconf 81' lang='grc' dir='ltr'>ἠ</span> <span class='ocrx_word' id='word_1_580' title='bbox 3311 3085 3475 3156; x_wconf 88' lang='grc' dir='ltr'><strong>νοερά</strong></span> <span class='ocrx_word' id='word_1_581' title='bbox 3503 3083 3830 3154; x_wconf 80' lang='grc' dir='ltr'><strong>καθίδρυται</strong></span> 
     </span>
    </p>
   </div>
   <div class='ocr_carea' id='block_1_77' title="bbox 2234 3174 3829 3256">
    <p class='ocr_par' dir='ltr' id='par_1_77' title="bbox 2234 3174 3829 3256">
     <span class='ocr_line' id='line_1_77' title="bbox 2234 3174 3829 3256; baseline -0.008 -17"><span class='ocrx_word' id='word_1_582' title='bbox 2234 3184 2481 3256; x_wconf 86' lang='grc' dir='ltr'><strong>δύναμις,</strong></span> <span class='ocrx_word' id='word_1_583' title='bbox 2507 3184 2540 3255; x_wconf 80' lang='grc' dir='ltr'>ἢ</span> <span class='ocrx_word' id='word_1_584' title='bbox 2574 3182 2663 3235; x_wconf 90' lang='grc' dir='ltr'><strong>διά</strong></span> <span class='ocrx_word' id='word_1_585' title='bbox 2690 3182 2909 3236; x_wconf 88' lang='grc' dir='ltr'><strong>πάντων</strong></span> <span class='ocrx_word' id='word_1_586' title='bbox 2941 3178 3084 3234; x_wconf 87' lang='grc' dir='ltr'><strong>κατά</strong></span> <span class='ocrx_word' id='word_1_587' title='bbox 3108 3179 3170 3231; x_wconf 84' lang='grc' dir='ltr'><strong>τὸ</strong></span> <span class='ocrx_word' id='word_1_588' title='bbox 3204 3179 3317 3232; x_wconf 71' lang='grc' dir='ltr'><strong>ἴσον</strong></span> <span class='ocrx_word' id='word_1_589' title='bbox 3341 3176 3538 3248; x_wconf 86' lang='grc' dir='ltr'><strong>διήκει.</strong></span> <span class='ocrx_word' id='word_1_590' title='bbox 3573 3174 3701 3229; x_wconf 83' lang='grc' dir='ltr'><strong>Τῶν</strong></span> <span class='ocrx_word' id='word_1_591' title='bbox 3724 3175 3829 3245; x_wconf 76' lang='grc' dir='ltr'><strong>γὰρ</strong></span> 
     </span>
    </p>
   </div>
   <div class='ocr_carea' id='block_1_78' title="bbox 2236 3267 3831 3347">
    <p class='ocr_par' dir='ltr' id='par_1_78' title="bbox 2236 3267 3831 3347">
     <span class='ocr_line' id='line_1_78' title="bbox 2236 3267 3831 3347; baseline -0.01 -14"><span class='ocrx_word' id='word_1_592' title='bbox 2236 3280 2482 3341; x_wconf 82' lang='grc' dir='ltr'><strong>τοπικοῖς</strong></span> <span class='ocrx_word' id='word_1_593' title='bbox 2531 3276 2720 3347; x_wconf 81' lang='grc' dir='ltr'><strong>μέρεσι</strong></span> <span class='ocrx_word' id='word_1_594' title='bbox 2752 3271 3178 3344; x_wconf 85' lang='grc' dir='ltr'><strong>περιειργόντων</strong></span> <span class='ocrx_word' id='word_1_595' title='bbox 3208 3269 3298 3323; x_wconf 80' lang='grc' dir='ltr'><strong>τὸν</strong></span> <span class='ocrx_word' id='word_1_596' title='bbox 3327 3268 3473 3331; x_wconf 82' lang='grc' dir='ltr'><strong>νοῦν,</strong></span> <span class='ocrx_word' id='word_1_597' title='bbox 3505 3268 3602 3321; x_wconf 71' lang='grc' dir='ltr'><strong>καὶ</strong></span> <span class='ocrx_word' id='word_1_598' title='bbox 3630 3269 3712 3330; x_wconf 90' lang='grc' dir='ltr'><strong>εἰς</strong></span> <span class='ocrx_word' id='word_1_599' title='bbox 3739 3267 3831 3319; x_wconf 80' lang='grc' dir='ltr'><strong>σύ-</strong></span> 
     </span>
    </p>
   </div>
   <div class='ocr_carea' id='block_1_79' title="bbox 2239 3357 3828 3438">
    <p class='ocr_par' dir='ltr' id='par_1_79' title="bbox 2239 3357 3828 3438">
     <span class='ocr_line' id='line_1_79' title="bbox 2239 3357 3828 3438; baseline -0.01 -15"><span class='ocrx_word' id='word_1_600' title='bbox 2239 3385 2427 3424; x_wconf 89' lang='grc' dir='ltr'><strong>στασιν</strong></span> <span class='ocrx_word' id='word_1_601' title='bbox 2453 3369 2551 3438; x_wconf 81' lang='grc' dir='ltr'><strong>τῆς</strong></span> <span class='ocrx_word' id='word_1_602' title='bbox 2578 3366 2834 3435; x_wconf 85' lang='grc' dir='ltr'><strong>τοιαύτης</strong></span> <span class='ocrx_word' id='word_1_603' title='bbox 2858 3362 3039 3417; x_wconf 78' lang='grc' dir='ltr'><strong>αὐτῶν</strong></span> <span class='ocrx_word' id='word_1_604' title='bbox 3064 3359 3388 3431; x_wconf 77' lang='grc' dir='ltr'><strong>ὑπολήψεως</strong></span> <span class='ocrx_word' id='word_1_605' title='bbox 3413 3357 3828 3429; x_wconf 78' lang='grc' dir='ltr'><strong>προφερόντων,</strong></span> 
     </span>
    </p>
   </div>
   <div class='ocr_carea' id='block_1_80' title="bbox 2235 3447 3829 3532">
    <p class='ocr_par' dir='ltr' id='par_1_80' title="bbox 2235 3447 3829 3532">
     <span class='ocr_line' id='line_1_80' title="bbox 2235 3447 3829 3532; baseline -0.009 -19"><span class='ocrx_word' id='word_1_606' title='bbox 2235 3462 2300 3515; x_wconf 74' lang='grc' dir='ltr'><strong>τὸ</strong></span> <span class='ocrx_word' id='word_1_607' title='bbox 2334 3460 2409 3532; x_wconf 84' lang='grc' dir='ltr'><strong>μὴ</strong></span> <span class='ocrx_word' id='word_1_608' title='bbox 2434 3458 2747 3513; x_wconf 78' lang='grc' dir='ltr'><strong>εὐοδοῦσθαι</strong></span> <span class='ocrx_word' id='word_1_609' title='bbox 2778 3458 2879 3528; x_wconf 79' lang='grc' dir='ltr'><strong>τὴν</strong></span> <span class='ocrx_word' id='word_1_610' title='bbox 2918 3456 3157 3509; x_wconf 85' lang='grc' dir='ltr'><strong>διάνοιαν</strong></span> <span class='ocrx_word' id='word_1_611' title='bbox 3190 3451 3284 3506; x_wconf 68' lang='grc' dir='ltr'><strong>ἐπὶ</strong></span> <span class='ocrx_word' id='word_1_612' title='bbox 3314 3450 3421 3503; x_wconf 82' lang='grc' dir='ltr'><strong>τῶν</strong></span> <span class='ocrx_word' id='word_1_613' title='bbox 3471 3450 3628 3519; x_wconf 87' lang='grc' dir='ltr'><strong>παρά</strong></span> <span class='ocrx_word' id='word_1_614' title='bbox 3664 3447 3829 3518; x_wconf 64' lang='lat' dir='ltr'><strong>qui:er</strong></span> 
     </span>
    </p>
   </div>
   <div class='ocr_carea' id='block_1_81' title="bbox 2237 3540 3831 3623">
    <p class='ocr_par' dir='ltr' id='par_1_81' title="bbox 2237 3540 3831 3623">
     <span class='ocr_line' id='line_1_81' title="bbox 2237 3540 3831 3623; baseline -0.01 -16"><span class='ocrx_word' id='word_1_615' title='bbox 2237 3552 2599 3623; x_wconf 84' lang='grc' dir='ltr'><strong>διακειμένων</strong></span> <span class='ocrx_word' id='word_1_616' title='bbox 2646 3551 2747 3614; x_wconf 91' lang='grc' dir='ltr'><strong>τάς</strong></span> <span class='ocrx_word' id='word_1_617' title='bbox 2797 3551 3105 3620; x_wconf 78' lang='grc' dir='ltr'><strong>μήνιγγας’</strong></span> <span class='ocrx_word' id='word_1_618' title='bbox 3142 3542 3421 3607; x_wconf 80' lang='grc' dir='ltr'><strong>ἀπέδειξεν</strong></span> <span class='ocrx_word' id='word_1_619' title='bbox 3453 3542 3481 3593; x_wconf 88' lang='grc' dir='ltr'><strong>ό</strong></span> <span class='ocrx_word' id='word_1_620' title='bbox 3531 3540 3717 3610; x_wconf 85' lang='grc' dir='ltr'><strong>λόγος,</strong></span> <span class='ocrx_word' id='word_1_621' title='bbox 3753 3542 3831 3594; x_wconf 71' lang='grc' dir='ltr'><strong>εὸτι</strong></span> 
     </span>
    </p>
   </div>
   <div class='ocr_carea' id='block_1_82' title="bbox 2239 3630 3833 3712">
    <p class='ocr_par' dir='ltr' id='par_1_82' title="bbox 2239 3630 3833 3712">
     <span class='ocr_line' id='line_1_82' title="bbox 2239 3630 3833 3712; baseline -0.009 -16"><span class='ocrx_word' id='word_1_622' title='bbox 2239 3643 2381 3696; x_wconf 87' lang='grc' dir='ltr'><strong>κατά</strong></span> <span class='ocrx_word' id='word_1_623' title='bbox 2410 3644 2519 3695; x_wconf 79' lang='grc' dir='ltr'><strong>πᾶν</strong></span> <span class='ocrx_word' id='word_1_624' title='bbox 2564 3640 2728 3712; x_wconf 85' lang='grc' dir='ltr'><strong>μέρος</strong></span> <span class='ocrx_word' id='word_1_625' title='bbox 2763 3637 2857 3691; x_wconf 87' lang='grc' dir='ltr'><strong>τοῦ</strong></span> <span class='ocrx_word' id='word_1_626' title='bbox 2894 3636 3233 3707; x_wconf 78' lang='grc' dir='ltr'><strong>ἀνθρωπίνου</strong></span> <span class='ocrx_word' id='word_1_627' title='bbox 3275 3631 3673 3702; x_wconf 85' lang='grc' dir='ltr'><strong>συγκρίματος,</strong></span> <span class='ocrx_word' id='word_1_628' title='bbox 3711 3630 3833 3685; x_wconf 73' lang='grc' dir='ltr'><strong>καθ’</strong></span> 
     </span>
    </p>
   </div>
   <div class='ocr_carea' id='block_1_83' title="bbox 2238 3726 3833 3805">
    <p class='ocr_par' dir='ltr' id='par_1_83' title="bbox 2238 3726 3833 3805">
     <span class='ocr_line' id='line_1_83' title="bbox 2238 3726 3833 3805; baseline -0.007 -15"><span class='ocrx_word' id='word_1_629' title='bbox 2238 3736 2267 3790; x_wconf 87' lang='grc' dir='ltr'><strong>ὃ</strong></span> <span class='ocrx_word' id='word_1_630' title='bbox 2295 3736 2540 3804; x_wconf 84' lang='grc' dir='ltr'><strong>πέφυκεν</strong></span> <span class='ocrx_word' id='word_1_631' title='bbox 2564 3735 2794 3805; x_wconf 58' lang='grc' dir='ltr'><strong>ἕκαστος</strong></span> <span class='ocrx_word' id='word_1_632' title='bbox 2819 3734 3083 3804; x_wconf 76' lang='grc' dir='ltr'><strong>ἐνεργεῖν,</strong></span> <span class='ocrx_word' id='word_1_633' title='bbox 3116 3731 3246 3793; x_wconf 84' lang='grc' dir='ltr'><strong>ίσως</strong></span> <span class='ocrx_word' id='word_1_634' title='bbox 3272 3731 3307 3800; x_wconf 83' lang='grc' dir='ltr'>ἠ</span> <span class='ocrx_word' id='word_1_635' title='bbox 3333 3729 3431 3799; x_wconf 77' lang='grc' dir='ltr'><strong>τῆς</strong></span> <span class='ocrx_word' id='word_1_636' title='bbox 3455 3726 3645 3797; x_wconf 79' lang='grc' dir='ltr'><strong>ψυχῆς</strong></span> <span class='ocrx_word' id='word_1_637' title='bbox 3670 3726 3833 3781; x_wconf 76' lang='grc' dir='ltr'><strong>δύνα-</strong></span> 
     </span>
    </p>
   </div>
   <div class='ocr_carea' id='block_1_84' title="bbox 2243 3820 3832 3901">
    <p class='ocr_par' dir='ltr' id='par_1_84' title="bbox 2243 3820 3832 3901">
     <span class='ocr_line' id='line_1_84' title="bbox 2243 3820 3832 3901; baseline -0.006 -19"><span class='ocrx_word' id='word_1_638' title='bbox 2243 3846 2336 3901; x_wconf 92' lang='grc' dir='ltr'><strong>μις</strong></span> <span class='ocrx_word' id='word_1_639' title='bbox 2363 3828 2723 3900; x_wconf 88' lang='grc' dir='ltr'><strong>ἀνενέργητος</strong></span> <span class='ocrx_word' id='word_1_640' title='bbox 2754 3825 2925 3895; x_wconf 86' lang='grc' dir='ltr'><strong>μένει,</strong></span> <span class='ocrx_word' id='word_1_641' title='bbox 2973 3824 3046 3893; x_wconf 82' lang='grc' dir='ltr'><strong>μὴ</strong></span> <span class='ocrx_word' id='word_1_642' title='bbox 3085 3822 3432 3893; x_wconf 84' lang='grc' dir='ltr'><strong>διαμένοντος</strong></span> <span class='ocrx_word' id='word_1_643' title='bbox 3467 3821 3528 3874; x_wconf 78' lang='grc' dir='ltr'><strong>ἐν</strong></span> <span class='ocrx_word' id='word_1_644' title='bbox 3565 3822 3636 3891; x_wconf 79' lang='grc' dir='ltr'><strong>τῇ</strong></span> <span class='ocrx_word' id='word_1_645' title='bbox 3675 3820 3832 3887; x_wconf 77' lang='grc' dir='ltr'><strong>φύσει</strong></span> 
     </span>
    </p>
   </div>
   <div class='ocr_carea' id='block_1_85' title="bbox 2238 3911 3834 3992">
    <p class='ocr_par' dir='ltr' id='par_1_85' title="bbox 2238 3911 3834 3992">
     <span class='ocr_line' id='line_1_85' title="bbox 2238 3911 3834 3992; baseline -0.008 -17"><span class='ocrx_word' id='word_1_646' title='bbox 2238 3921 2333 3976; x_wconf 84' lang='grc' dir='ltr'><strong>τοῦ</strong></span> <span class='ocrx_word' id='word_1_647' title='bbox 2368 3920 2587 3992; x_wconf 85' lang='grc' dir='ltr'><strong>μέρους.</strong></span> <span class='ocrx_word' id='word_1_648' title='bbox 2619 3918 2730 3971; x_wconf 74' lang='grc' dir='ltr'><strong>Καὶ</strong></span> <span class='ocrx_word' id='word_1_649' title='bbox 2753 3916 2843 3970; x_wconf 85' lang='grc' dir='ltr'><strong>διά</strong></span> <span class='ocrx_word' id='word_1_650' title='bbox 2865 3915 3025 3969; x_wconf 87' lang='grc' dir='ltr'><strong>τοῦτο</strong></span> <span class='ocrx_word' id='word_1_651' title='bbox 3049 3914 3106 3981; x_wconf 78' lang='grc' dir='ltr'><strong>ἐξ</strong></span> <span class='ocrx_word' id='word_1_652' title='bbox 3136 3912 3458 3976; x_wconf 86' lang='grc' dir='ltr'><strong>ἀκολουθίας</strong></span> <span class='ocrx_word' id='word_1_653' title='bbox 3480 3911 3543 3964; x_wconf 86' lang='grc' dir='ltr'><strong>τὸ</strong></span> <span class='ocrx_word' id='word_1_654' title='bbox 3568 3912 3834 3983; x_wconf 75' lang='grc' dir='ltr'><strong>προτεθὲν</strong></span> 
     </span>
    </p>
   </div>
   <div class='ocr_carea' id='block_1_86' title="bbox 2241 3995 3833 4081">
    <p class='ocr_par' dir='ltr' id='par_1_86' title="bbox 2241 3995 3833 4081">
     <span class='ocr_line' id='line_1_86' title="bbox 2241 3995 3833 4081; baseline -0.008 -16"><span class='ocrx_word' id='word_1_655' title='bbox 2241 4010 2582 4081; x_wconf 88' lang='grc' dir='ltr'><strong>παρενέπεσε</strong></span> <span class='ocrx_word' id='word_1_656' title='bbox 2608 4006 2688 4078; x_wconf 77' lang='grc' dir='ltr'><strong>τῷ</strong></span> <span class='ocrx_word' id='word_1_657' title='bbox 2713 4006 2856 4075; x_wconf 88' lang='grc' dir='ltr'><strong>λόγῳ</strong></span> <span class='ocrx_word' id='word_1_658' title='bbox 2888 4003 3172 4076; x_wconf 84' lang='grc' dir='ltr'><strong>θεώρημα,</strong></span> <span class='ocrx_word' id='word_1_659' title='bbox 3205 4002 3273 4056; x_wconf 82' lang='grc' dir='ltr'><strong>δι’</strong></span> <span class='ocrx_word' id='word_1_660' title='bbox 3292 3995 3354 4056; x_wconf 75' lang='grc' dir='ltr'><strong>οὗ</strong></span> <span class='ocrx_word' id='word_1_661' title='bbox 3384 4001 3755 4074; x_wconf 86' lang='grc' dir='ltr'><strong>μανθάνομεν,</strong></span> <span class='ocrx_word' id='word_1_662' title='bbox 3777 4002 3833 4053; x_wconf 85' lang='grc' dir='ltr'><strong>ὲν</strong></span> 
     </span>
    </p>
   </div>
   <div class='ocr_carea' id='block_1_87' title="bbox 2240 4092 3831 4173">
    <p class='ocr_par' dir='ltr' id='par_1_87' title="bbox 2240 4092 3831 4173">
     <span class='ocr_line' id='line_1_87' title="bbox 2240 4092 3831 4173; baseline -0.008 -16"><span class='ocrx_word' id='word_1_663' title='bbox 2240 4101 2318 4173; x_wconf 85' lang='grc' dir='ltr'><strong>τῷ</strong></span> <span class='ocrx_word' id='word_1_664' title='bbox 2355 4098 2681 4171; x_wconf 82' lang='grc' dir='ltr'><strong>ἀνθρωπίνῳ</strong></span> <span class='ocrx_word' id='word_1_665' title='bbox 2711 4097 3045 4169; x_wconf 86' lang='grc' dir='ltr'><strong>συγκρίματι</strong></span> <span class='ocrx_word' id='word_1_666' title='bbox 3073 4095 3178 4149; x_wconf 78' lang='grc' dir='ltr'><strong>ὑπὸ</strong></span> <span class='ocrx_word' id='word_1_667' title='bbox 3208 4094 3346 4149; x_wconf 86' lang='grc' dir='ltr'><strong>Θεοῦ</strong></span> <span class='ocrx_word' id='word_1_668' title='bbox 3384 4093 3482 4164; x_wconf 76' lang='grc' dir='ltr'><strong>μὲν</strong></span> <span class='ocrx_word' id='word_1_669' title='bbox 3508 4092 3831 4147; x_wconf 78' lang='grc' dir='ltr'><strong>διοικεῖσθαι</strong></span> 
     </span>
    </p>
   </div>
   <div class='ocr_carea' id='block_1_88' title="bbox 2238 4184 3829 4258">
    <p class='ocr_par' dir='ltr' id='par_1_88' title="bbox 2238 4184 3829 4258">
     <span class='ocr_line' id='line_1_88' title="bbox 2238 4184 3829 4258; baseline -0.007 -11"><span class='ocrx_word' id='word_1_670' title='bbox 2238 4193 2333 4247; x_wconf 81' lang='grc' dir='ltr'><strong>τὸν</strong></span> <span class='ocrx_word' id='word_1_671' title='bbox 2378 4192 2524 4256; x_wconf 81' lang='grc' dir='ltr'><strong>νοῦν,</strong></span> <span class='ocrx_word' id='word_1_672' title='bbox 2574 4189 2668 4243; x_wconf 80' lang='grc' dir='ltr'><strong>ὑπ’</strong></span> <span class='ocrx_word' id='word_1_673' title='bbox 2696 4189 2907 4241; x_wconf 73' lang='grc' dir='ltr'><strong>ἐκείνου</strong></span> <span class='ocrx_word' id='word_1_674' title='bbox 2952 4187 3011 4241; x_wconf 79' lang='grc' dir='ltr'><strong>δὲ</strong></span> <span class='ocrx_word' id='word_1_675' title='bbox 3066 4188 3166 4257; x_wconf 85' lang='grc' dir='ltr'><strong>τὴν</strong></span> <span class='ocrx_word' id='word_1_676' title='bbox 3210 4187 3403 4258; x_wconf 83' lang='grc' dir='ltr'><strong>ὑλικὴν</strong></span> <span class='ocrx_word' id='word_1_677' title='bbox 3446 4184 3612 4256; x_wconf 84' lang='grc' dir='ltr'><strong>ήμῶν</strong></span> <span class='ocrx_word' id='word_1_678' title='bbox 3664 4184 3829 4256; x_wconf 62' lang='grc' dir='ltr'><strong>ζωὴν,</strong></span> 
     </span>
    </p>
   </div>
   <div class='ocr_carea' id='block_1_89' title="bbox 2239 4275 3830 4353">
    <p class='ocr_par' dir='ltr' id='par_1_89' title="bbox 2239 4275 3830 4353">
     <span class='ocr_line' id='line_1_89' title="bbox 2239 4275 3830 4353; baseline -0.007 -14"><span class='ocrx_word' id='word_1_679' title='bbox 2239 4285 2368 4339; x_wconf 81' lang='grc' dir='ltr'><strong>ὅταν</strong></span> <span class='ocrx_word' id='word_1_680' title='bbox 2401 4285 2458 4337; x_wconf 83' lang='grc' dir='ltr'><strong>ὲν</strong></span> <span class='ocrx_word' id='word_1_681' title='bbox 2493 4284 2558 4353; x_wconf 78' lang='grc' dir='ltr'><strong>τῇ</strong></span> <span class='ocrx_word' id='word_1_682' title='bbox 2590 4280 2751 4350; x_wconf 87' lang='grc' dir='ltr'><strong>φύσει</strong></span> <span class='ocrx_word' id='word_1_683' title='bbox 2798 4279 2955 4353; x_wconf 84' lang='grc' dir='ltr'><strong>μένῃ,</strong></span> <span class='ocrx_word' id='word_1_684' title='bbox 2987 4279 3037 4331; x_wconf 91' lang='grc' dir='ltr'><strong>εἰ</strong></span> <span class='ocrx_word' id='word_1_685' title='bbox 3078 4278 3136 4331; x_wconf 77' lang='grc' dir='ltr'><strong>δὲ</strong></span> <span class='ocrx_word' id='word_1_686' title='bbox 3165 4275 3555 4349; x_wconf 85' lang='grc' dir='ltr'><strong>παρατραπείη</strong></span> <span class='ocrx_word' id='word_1_687' title='bbox 3595 4278 3702 4347; x_wconf 82' lang='grc' dir='ltr'><strong>τῆς</strong></span> <span class='ocrx_word' id='word_1_688' title='bbox 3734 4276 3830 4345; x_wconf 80' lang='grc' dir='ltr'><strong>φύ-</strong></span> 
     </span>
    </p>
   </div>
   <div class='ocr_carea' id='block_1_90' title="bbox 2243 4366 3832 4443">
    <p class='ocr_par' dir='ltr' id='par_1_90' title="bbox 2243 4366 3832 4443">
     <span class='ocr_line' id='line_1_90' title="bbox 2243 4366 3832 4443; baseline -0.006 -15"><span class='ocrx_word' id='word_1_689' title='bbox 2243 4391 2402 4438; x_wconf 85' lang='grc' dir='ltr'><strong>σεως,</strong></span> <span class='ocrx_word' id='word_1_690' title='bbox 2432 4374 2528 4427; x_wconf 79' lang='grc' dir='ltr'><strong>καὶ</strong></span> <span class='ocrx_word' id='word_1_691' title='bbox 2572 4372 2675 4443; x_wconf 83' lang='grc' dir='ltr'><strong>τῆς</strong></span> <span class='ocrx_word' id='word_1_692' title='bbox 2720 4371 2860 4425; x_wconf 87' lang='grc' dir='ltr'><strong>κατά</strong></span> <span class='ocrx_word' id='word_1_693' title='bbox 2900 4371 2993 4425; x_wconf 83' lang='grc' dir='ltr'><strong>τὸν</strong></span> <span class='ocrx_word' id='word_1_694' title='bbox 3033 4369 3159 4424; x_wconf 90' lang='grc' dir='ltr'><strong>νοῦν</strong></span> <span class='ocrx_word' id='word_1_695' title='bbox 3192 4369 3477 4440; x_wconf 72' lang='grc' dir='ltr'><strong>ἐνεργείας</strong></span> <span class='ocrx_word' id='word_1_696' title='bbox 3517 4366 3832 4439; x_wconf 76' lang='grc' dir='ltr'><strong>ἀλλοτριοῦ-</strong></span> 
     </span>
    </p>
   </div>
   <div class='ocr_carea' id='block_1_91' title="bbox 2243 4460 3832 4534">
    <p class='ocr_par' dir='ltr' id='par_1_91' title="bbox 2243 4460 3832 4534">
     <span class='ocr_line' id='line_1_91' title="bbox 2243 4460 3832 4534; baseline -0.006 -13"><span class='ocrx_word' id='word_1_697' title='bbox 2243 4467 2389 4521; x_wconf 88' lang='grc' dir='ltr'><strong>σθαι.</strong></span> <span class='ocrx_word' id='word_1_698' title='bbox 2436 4464 2575 4519; x_wconf 72' lang='grc' dir='ltr'><strong>Ἀλλ’</strong></span> <span class='ocrx_word' id='word_1_699' title='bbox 2615 4464 3002 4534; x_wconf 75' lang='grc' dir='ltr'><strong>ἐπανέλθωμεν</strong></span> <span class='ocrx_word' id='word_1_700' title='bbox 3046 4463 3209 4517; x_wconf 85' lang='grc' dir='ltr'><strong>πάλιν</strong></span> <span class='ocrx_word' id='word_1_701' title='bbox 3253 4462 3377 4515; x_wconf 83' lang='grc' dir='ltr'><strong>ὅθεν</strong></span> <span class='ocrx_word' id='word_1_702' title='bbox 3422 4460 3713 4531; x_wconf 75' lang='grc' dir='ltr'><strong>ἐξέϐημεν,</strong></span> <span class='ocrx_word' id='word_1_703' title='bbox 3753 4462 3832 4513; x_wconf 69' lang='lat' dir='ltr'><strong>Et:</strong></span> 
     </span>
    </p>
   </div>
   <div class='ocr_carea' id='block_1_92' title="bbox 555 4552 2128 4629">
    <p class='ocr_par' dir='ltr' id='par_1_92' title="bbox 555 4556 2128 4627">
     <span class='ocr_line' id='line_1_92' title="bbox 555 4556 2128 4627; baseline -0.001 -15"><span class='ocrx_word' id='word_1_704' title='bbox 555 4557 762 4613; x_wconf 89' lang='lat' dir='ltr'><strong>cultate</strong></span> <span class='ocrx_word' id='word_1_705' title='bbox 813 4556 1102 4627; x_wconf 66' lang='lat' dir='ltr'><strong>praeditum</strong></span> <span class='ocrx_word' id='word_1_706' title='bbox 1135 4563 1240 4623; x_wconf 91' lang='lat' dir='ltr'><strong>est,</strong></span> <span class='ocrx_word' id='word_1_707' title='bbox 1290 4571 1401 4612; x_wconf 90' lang='lat' dir='ltr'><strong>non</strong></span> <span class='ocrx_word' id='word_1_708' title='bbox 1450 4557 1647 4611; x_wconf 90' lang='lat' dir='ltr'><strong>mirum</strong></span> <span class='ocrx_word' id='word_1_709' title='bbox 1695 4571 1842 4619; x_wconf 86' lang='lat' dir='ltr'><strong>esse.</strong></span> <span class='ocrx_word' id='word_1_710' title='bbox 1905 4557 1952 4612; x_wconf 85' lang='lat' dir='ltr'><strong>si</strong></span> <span class='ocrx_word' id='word_1_711' title='bbox 1982 4556 2128 4610; x_wconf 86' lang='lat' dir='ltr'><strong>&#39;nihil</strong></span> 
     </span>
    </p>
   </div>
   <div class='ocr_carea' id='block_1_93' title="bbox 2230 4552 3834 4629">
    <p class='ocr_par' dir='ltr' id='par_1_93' title="bbox 2242 4552 3834 4629">
     <span class='ocr_line' id='line_1_93' title="bbox 2242 4552 3834 4629; baseline -0.004 -17"><span class='ocrx_word' id='word_1_712' title='bbox 2242 4559 2335 4613; x_wconf 73' lang='grc' dir='ltr'><strong>ἐπὶ</strong></span> <span class='ocrx_word' id='word_1_713' title='bbox 2381 4557 2491 4611; x_wconf 84' lang='grc' dir='ltr'><strong>τῶν</strong></span> <span class='ocrx_word' id='word_1_714' title='bbox 2525 4557 2599 4629; x_wconf 77' lang='grc' dir='ltr'><strong>μὴ</strong></span> <span class='ocrx_word' id='word_1_715' title='bbox 2647 4556 3118 4628; x_wconf 88' lang='grc' dir='ltr'><strong>παρατραπέντων</strong></span> <span class='ocrx_word' id='word_1_716' title='bbox 3163 4555 3230 4609; x_wconf 80' lang='grc' dir='ltr'><strong>ἐκ</strong></span> <span class='ocrx_word' id='word_1_717' title='bbox 3283 4553 3490 4616; x_wconf 86' lang='grc' dir='ltr'><strong>πάθους</strong></span> <span class='ocrx_word' id='word_1_718' title='bbox 3538 4552 3687 4616; x_wconf 76' lang='grc' dir='ltr'><strong>τινος</strong></span> <span class='ocrx_word' id='word_1_719' title='bbox 3734 4552 3834 4622; x_wconf 56' lang='grc' dir='ltr'><strong>τῆς</strong></span> 
     </span>
    </p>
   </div>
   <div class='ocr_carea' id='block_1_94' title="bbox 524 4644 2128 4722">
    <p class='ocr_par' dir='ltr' id='par_1_94' title="bbox 524 4644 2128 4722">
     <span class='ocr_line' id='line_1_94' title="bbox 524 4644 2128 4722; baseline 0.001 -22"><span class='ocrx_word' id='word_1_720' title='bbox 524 4646 778 4722; x_wconf 31' lang='lat' dir='ltr'><strong>‘animus</strong></span> <span class='ocrx_word' id='word_1_721' title='bbox 820 4644 1041 4709; x_wconf 84' lang='lat' dir='ltr'><strong>efﬁciat,</strong></span> <span class='ocrx_word' id='word_1_722' title='bbox 1077 4662 1201 4701; x_wconf 86' lang='lat' dir='ltr'><strong>cum</strong></span> <span class='ocrx_word' id='word_1_723' title='bbox 1238 4646 1541 4701; x_wconf 89' lang='lat' dir='ltr'><strong>membrum</strong></span> <span class='ocrx_word' id='word_1_724' title='bbox 1581 4646 1763 4719; x_wconf 87' lang='lat' dir='ltr'><strong>ipsum</strong></span> <span class='ocrx_word' id='word_1_725' title='bbox 1812 4647 1891 4703; x_wconf 78' lang='lat' dir='ltr'><strong>ita</strong></span> <span class='ocrx_word' id='word_1_726' title='bbox 1927 4656 1986 4703; x_wconf 93' lang='lat' dir='ltr'><strong>ut</strong></span> <span class='ocrx_word' id='word_1_727' title='bbox 2017 4661 2128 4704; x_wconf 69' lang='lat' dir='ltr'><strong>esse</strong></span> 
     </span>
    </p>
   </div>
   <div class='ocr_carea' id='block_1_95' title="bbox 2230 4644 3833 4722">
    <p class='ocr_par' dir='ltr' id='par_1_95' title="bbox 2240 4646 3833 4722">
     <span class='ocr_line' id='line_1_95' title="bbox 2240 4646 3833 4722; baseline -0.005 -16"><span class='ocrx_word' id='word_1_728' title='bbox 2240 4652 2473 4722; x_wconf 81' lang='grc' dir='ltr'><strong>φυσικῆς</strong></span> <span class='ocrx_word' id='word_1_729' title='bbox 2522 4649 2912 4713; x_wconf 87' lang='grc' dir='ltr'><strong>καταστάσεως</strong></span> <span class='ocrx_word' id='word_1_730' title='bbox 2957 4649 3056 4719; x_wconf 77' lang='grc' dir='ltr'><strong>τὴν</strong></span> <span class='ocrx_word' id='word_1_731' title='bbox 3107 4647 3319 4702; x_wconf 85' lang='grc' dir='ltr'><strong>οίκείαν</strong></span> <span class='ocrx_word' id='word_1_732' title='bbox 3368 4646 3600 4717; x_wconf 88' lang='grc' dir='ltr'><strong>δύναμιν</strong></span> <span class='ocrx_word' id='word_1_733' title='bbox 3645 4648 3677 4699; x_wconf 85' lang='grc' dir='ltr'><strong>ό</strong></span> <span class='ocrx_word' id='word_1_734' title='bbox 3710 4646 3833 4708; x_wconf 75' lang='grc' dir='ltr'><strong>νοῦς</strong></span> 
     </span>
    </p>
   </div>
   <div class='ocr_carea' id='block_1_96' title="bbox 559 4737 2128 4816">
    <p class='ocr_par' dir='ltr' id='par_1_96' title="bbox 559 4737 2128 4811">
     <span class='ocr_line' id='line_1_96' title="bbox 559 4737 2128 4811; baseline 0.003 -19"><span class='ocrx_word' id='word_1_735' title='bbox 559 4744 937 4806; x_wconf 87' lang='lat' dir='ltr'><strong>comparatum</strong></span> <span class='ocrx_word' id='word_1_736' title='bbox 971 4750 1001 4791; x_wconf 89' lang='lat' dir='ltr'><strong>a</strong></span> <span class='ocrx_word' id='word_1_737' title='bbox 1033 4745 1228 4792; x_wconf 84' lang='lat' dir='ltr'><strong>natura</strong></span> <span class='ocrx_word' id='word_1_738' title='bbox 1264 4737 1517 4803; x_wconf 87' lang='lat' dir='ltr'><strong>debebat,</strong></span> <span class='ocrx_word' id='word_1_739' title='bbox 1554 4754 1664 4795; x_wconf 90' lang='lat' dir='ltr'><strong>non</strong></span> <span class='ocrx_word' id='word_1_740' title='bbox 1711 4744 1927 4797; x_wconf 79' lang='lat' dir='ltr'><strong>existat.</strong></span> <span class='ocrx_word' id='word_1_741' title='bbox 1966 4739 2128 4811; x_wconf 66' lang='lat' dir='ltr'><strong>Atque</strong></span> 
     </span>
    </p>
   </div>
   <div class='ocr_carea' id='block_1_97' title="bbox 2230 4737 3835 4816">
    <p class='ocr_par' dir='ltr' id='par_1_97' title="bbox 2239 4737 3835 4816">
     <span class='ocr_line' id='line_1_97' title="bbox 2239 4737 3835 4816; baseline -0.006 -16"><span class='ocrx_word' id='word_1_742' title='bbox 2239 4747 2475 4816; x_wconf 74' lang='grc' dir='ltr'><strong>ἐνεργεῖ,</strong></span> <span class='ocrx_word' id='word_1_743' title='bbox 2510 4744 2606 4797; x_wconf 78' lang='grc' dir='ltr'><strong>καὶ</strong></span> <span class='ocrx_word' id='word_1_744' title='bbox 2631 4742 2868 4814; x_wconf 77' lang='grc' dir='ltr'><strong>ἔρρωται</strong></span> <span class='ocrx_word' id='word_1_745' title='bbox 2904 4740 3003 4811; x_wconf 80' lang='grc' dir='ltr'><strong>μὲν</strong></span> <span class='ocrx_word' id='word_1_746' title='bbox 3035 4740 3129 4794; x_wconf 75' lang='grc' dir='ltr'><strong>ἐπὶ</strong></span> <span class='ocrx_word' id='word_1_747' title='bbox 3162 4740 3274 4793; x_wconf 84' lang='grc' dir='ltr'><strong>τῶν</strong></span> <span class='ocrx_word' id='word_1_748' title='bbox 3309 4737 3683 4801; x_wconf 81' lang='grc' dir='ltr'><strong>συνεστώτων,</strong></span> <span class='ocrx_word' id='word_1_749' title='bbox 3710 4738 3835 4791; x_wconf 52' lang='lat' dir='ltr'><strong>diiu-</strong></span> 
     </span>
    </p>
   </div>
   <div class='ocr_carea' id='block_1_98' title="bbox 560 4827 2128 4903">
    <p class='ocr_par' dir='ltr' id='par_1_98' title="bbox 560 4828 2128 4901">
     <span class='ocr_line' id='line_1_98' title="bbox 560 4828 2128 4901; baseline 0.003 -18"><span class='ocrx_word' id='word_1_750' title='bbox 560 4829 666 4883; x_wconf 90' lang='lat' dir='ltr'><strong>hoc</strong></span> <span class='ocrx_word' id='word_1_751' title='bbox 691 4828 809 4883; x_wconf 81' lang='lat' dir='ltr'><strong>loco</strong></span> <span class='ocrx_word' id='word_1_752' title='bbox 835 4844 945 4884; x_wconf 91' lang='lat' dir='ltr'><strong>non</strong></span> <span class='ocrx_word' id='word_1_753' title='bbox 974 4830 1449 4896; x_wconf 85' lang='lat' dir='ltr'><strong>inconvenienter,</strong></span> <span class='ocrx_word' id='word_1_754' title='bbox 1481 4832 1699 4901; x_wconf 89' lang='lat' dir='ltr'><strong>opinor,</strong></span> <span class='ocrx_word' id='word_1_755' title='bbox 1731 4832 2066 4888; x_wconf 85' lang='lat' dir='ltr'><strong>intexuimus</strong></span> <span class='ocrx_word' id='word_1_756' title='bbox 2087 4832 2128 4887; x_wconf 86' lang='lat' dir='ltr'><strong>il</strong></span> 
     </span>
    </p>
   </div>
   <div class='ocr_carea' id='block_1_99' title="bbox 2230 4827 3833 4903">
    <p class='ocr_par' dir='ltr' id='par_1_99' title="bbox 2238 4827 3833 4903">
     <span class='ocr_line' id='line_1_99' title="bbox 2238 4827 3833 4903; baseline -0.008 -13"><span class='ocrx_word' id='word_1_757' title='bbox 2238 4837 2390 4891; x_wconf 82' lang='grc' dir='ltr'><strong>νατεῖ</strong></span> <span class='ocrx_word' id='word_1_758' title='bbox 2429 4834 2488 4888; x_wconf 83' lang='grc' dir='ltr'><strong>δὲ</strong></span> <span class='ocrx_word' id='word_1_759' title='bbox 2541 4833 2705 4886; x_wconf 85' lang='grc' dir='ltr'><strong>πάλιν</strong></span> <span class='ocrx_word' id='word_1_760' title='bbox 2738 4833 2833 4886; x_wconf 69' lang='grc' dir='ltr'><strong>ἐπὶ</strong></span> <span class='ocrx_word' id='word_1_761' title='bbox 2872 4830 2982 4884; x_wconf 83' lang='grc' dir='ltr'><strong>τῶν</strong></span> <span class='ocrx_word' id='word_1_762' title='bbox 3030 4832 3105 4902; x_wconf 84' lang='grc' dir='ltr'><strong>μὴ</strong></span> <span class='ocrx_word' id='word_1_763' title='bbox 3148 4830 3471 4903; x_wconf 81' lang='grc' dir='ltr'><strong>χωρούντων</strong></span> <span class='ocrx_word' id='word_1_764' title='bbox 3517 4827 3688 4882; x_wconf 79' lang='grc' dir='ltr'><strong>αὐτοῦ</strong></span> <span class='ocrx_word' id='word_1_765' title='bbox 3738 4829 3833 4898; x_wconf 61' lang='grc' dir='ltr'><strong>τὴν</strong></span> 
     </span>
    </p>
   </div>
   <div class='ocr_carea' id='block_1_100' title="bbox 560 4918 2128 4997">
    <p class='ocr_par' dir='ltr' id='par_1_100' title="bbox 560 4918 2128 4993">
     <span class='ocr_line' id='line_1_100' title="bbox 560 4918 2128 4993; baseline 0.005 -21"><span class='ocrx_word' id='word_1_766' title='bbox 560 4918 655 4973; x_wconf 86' lang='lat' dir='ltr'><strong>lnd</strong></span> <span class='ocrx_word' id='word_1_767' title='bbox 685 4919 989 4985; x_wconf 87' lang='lat' dir='ltr'><strong>theorema,</strong></span> <span class='ocrx_word' id='word_1_768' title='bbox 1019 4921 1090 4976; x_wconf 91' lang='lat' dir='ltr'><strong>de</strong></span> <span class='ocrx_word' id='word_1_769' title='bbox 1117 4937 1226 4990; x_wconf 91' lang='lat' dir='ltr'><strong>quo</strong></span> <span class='ocrx_word' id='word_1_770' title='bbox 1259 4922 1562 4993; x_wconf 87' lang='lat' dir='ltr'><strong>intelligere</strong></span> <span class='ocrx_word' id='word_1_771' title='bbox 1589 4931 1697 4985; x_wconf 90' lang='lat' dir='ltr'><strong>est,</strong></span> <span class='ocrx_word' id='word_1_772' title='bbox 1730 4923 1785 4977; x_wconf 92' lang='lat' dir='ltr'><strong>in</strong></span> <span class='ocrx_word' id='word_1_773' title='bbox 1818 4931 1932 4979; x_wconf 86' lang='lat' dir='ltr'><strong>tota</strong></span> <span class='ocrx_word' id='word_1_774' title='bbox 1965 4925 2128 4980; x_wconf 89' lang='lat' dir='ltr'><strong>homi-</strong></span> 
     </span>
    </p>
   </div>
   <div class='ocr_carea' id='block_1_101' title="bbox 2230 4918 3834 4997">
    <p class='ocr_par' dir='ltr' id='par_1_101' title="bbox 2242 4920 3834 4997">
     <span class='ocr_line' id='line_1_101' title="bbox 2242 4920 3834 4997; baseline -0.004 -18"><span class='ocrx_word' id='word_1_775' title='bbox 2242 4926 2543 4997; x_wconf 72' lang='grc' dir='ltr'><strong>ἐνέργειαν.</strong></span> <span class='ocrx_word' id='word_1_776' title='bbox 2579 4923 2737 4977; x_wconf 86' lang='grc' dir='ltr'><strong>Ἔστι</strong></span> <span class='ocrx_word' id='word_1_777' title='bbox 2763 4923 2873 4995; x_wconf 89' lang='grc' dir='ltr'><strong>γάρ</strong></span> <span class='ocrx_word' id='word_1_778' title='bbox 2903 4922 3000 4976; x_wconf 74' lang='grc' dir='ltr'><strong>καὶ</strong></span> <span class='ocrx_word' id='word_1_779' title='bbox 3029 4923 3097 4976; x_wconf 83' lang='grc' dir='ltr'><strong>δι’</strong></span> <span class='ocrx_word' id='word_1_780' title='bbox 3129 4922 3333 4993; x_wconf 78' lang='grc' dir='ltr'><strong>ἑτέρων</strong></span> <span class='ocrx_word' id='word_1_781' title='bbox 3364 4922 3427 4975; x_wconf 82' lang='grc' dir='ltr'><strong>τὸ</strong></span> <span class='ocrx_word' id='word_1_782' title='bbox 3460 4920 3589 4992; x_wconf 78' lang='grc' dir='ltr'><strong>περὶ</strong></span> <span class='ocrx_word' id='word_1_783' title='bbox 3626 4920 3834 4973; x_wconf 81' lang='grc' dir='ltr'><strong>τούτων</strong></span> 
     </span>
    </p>
   </div>
   <div class='ocr_carea' id='block_1_102' title="bbox 558 5012 2128 5088">
    <p class='ocr_par' dir='ltr' id='par_1_102' title="bbox 558 5012 2128 5084">
     <span class='ocr_line' id='line_1_102' title="bbox 558 5012 2128 5084; baseline 0.002 -17"><span class='ocrx_word' id='word_1_784' title='bbox 558 5012 648 5067; x_wconf 86' lang='lat' dir='ltr'><strong>nis</strong></span> <span class='ocrx_word' id='word_1_785' title='bbox 672 5026 931 5083; x_wconf 90' lang='lat' dir='ltr'><strong>compage</strong></span> <span class='ocrx_word' id='word_1_786' title='bbox 955 5021 1193 5068; x_wconf 89' lang='lat' dir='ltr'><strong>mentem</strong></span> <span class='ocrx_word' id='word_1_787' title='bbox 1220 5013 1441 5084; x_wconf 89' lang='lat' dir='ltr'><strong>quidem</strong></span> <span class='ocrx_word' id='word_1_788' title='bbox 1466 5015 1726 5071; x_wconf 90' lang='lat' dir='ltr'><strong>divinitus</strong></span> <span class='ocrx_word' id='word_1_789' title='bbox 1756 5015 2071 5084; x_wconf 81' lang='lat' dir='ltr'><strong>gubernari,</strong></span> <span class='ocrx_word' id='word_1_790' title='bbox 2107 5031 2128 5071; x_wconf 87' lang='lat' dir='ltr'><strong>a</strong></span> 
     </span>
    </p>
   </div>
   <div class='ocr_carea' id='block_1_103' title="bbox 2230 5012 3833 5088">
    <p class='ocr_par' dir='ltr' id='par_1_103' title="bbox 2244 5012 3833 5088">
     <span class='ocr_line' id='line_1_103' title="bbox 2244 5012 3833 5088; baseline -0.004 -17"><span class='ocrx_word' id='word_1_791' title='bbox 2244 5017 2422 5088; x_wconf 84' lang='grc' dir='ltr'><strong>δόγμα</strong></span> <span class='ocrx_word' id='word_1_792' title='bbox 2465 5014 2872 5069; x_wconf 76' lang='grc' dir='ltr'><strong>πιστώσασθαιο</strong></span> <span class='ocrx_word' id='word_1_793' title='bbox 2916 5015 3013 5068; x_wconf 80' lang='grc' dir='ltr'><strong>καὶ</strong></span> <span class='ocrx_word' id='word_1_794' title='bbox 3041 5015 3090 5066; x_wconf 90' lang='grc' dir='ltr'><strong>εἰ</strong></span> <span class='ocrx_word' id='word_1_795' title='bbox 3137 5014 3212 5085; x_wconf 84' lang='grc' dir='ltr'><strong>μὴ</strong></span> <span class='ocrx_word' id='word_1_796' title='bbox 3257 5013 3395 5085; x_wconf 81' lang='grc' dir='ltr'><strong>βαρὺ</strong></span> <span class='ocrx_word' id='word_1_797' title='bbox 3433 5015 3499 5084; x_wconf 78' lang='grc' dir='ltr'><strong>τῇ</strong></span> <span class='ocrx_word' id='word_1_798' title='bbox 3548 5013 3689 5083; x_wconf 78' lang='grc' dir='ltr'><strong>ἀκοῇ</strong></span> <span class='ocrx_word' id='word_1_799' title='bbox 3726 5012 3833 5065; x_wconf 78' lang='grc' dir='ltr'><strong>τῶν</strong></span> 
     </span>
    </p>
   </div>
   <div class='ocr_carea' id='block_1_104' title="bbox 560 5102 2128 5181">
    <p class='ocr_par' dir='ltr' id='par_1_104' title="bbox 560 5103 2128 5172">
     <span class='ocr_line' id='line_1_104' title="bbox 560 5103 2128 5172; baseline 0.004 -15"><span class='ocrx_word' id='word_1_800' title='bbox 560 5112 744 5157; x_wconf 84' lang='lat' dir='ltr'><strong>tuente</strong></span> <span class='ocrx_word' id='word_1_801' title='bbox 776 5118 904 5158; x_wconf 88' lang='lat' dir='ltr'><strong>vero</strong></span> <span class='ocrx_word' id='word_1_802' title='bbox 935 5103 1103 5160; x_wconf 83' lang='lat' dir='ltr'><strong>vitam</strong></span> <span class='ocrx_word' id='word_1_803' title='bbox 1133 5104 1376 5161; x_wconf 91' lang='lat' dir='ltr'><strong>rudioris</strong></span> <span class='ocrx_word' id='word_1_804' title='bbox 1405 5106 1460 5159; x_wconf 91' lang='lat' dir='ltr'><strong>in</strong></span> <span class='ocrx_word' id='word_1_805' title='bbox 1487 5106 1647 5161; x_wconf 91' lang='lat' dir='ltr'><strong>nobis</strong></span> <span class='ocrx_word' id='word_1_806' title='bbox 1687 5108 1957 5172; x_wconf 88' lang='lat' dir='ltr'><strong>materiei,</strong></span> <span class='ocrx_word' id='word_1_807' title='bbox 1988 5108 2034 5163; x_wconf 92' lang='lat' dir='ltr'><strong>si</strong></span> <span class='ocrx_word' id='word_1_808' title='bbox 2072 5122 2128 5163; x_wconf 81' lang='lat' dir='ltr'><strong>ea</strong></span> 
     </span>
    </p>
   </div>
   <div class='ocr_carea' id='block_1_105' title="bbox 2230 5102 3835 5181">
    <p class='ocr_par' dir='ltr' id='par_1_105' title="bbox 2248 5102 3835 5181">
     <span class='ocr_line' id='line_1_105' title="bbox 2248 5102 3835 5181; baseline -0.004 -19"><span class='ocrx_word' id='word_1_809' title='bbox 2248 5107 2716 5181; x_wconf 84' lang='grc' dir='ltr'><strong>προκεκμηκότων</strong></span> <span class='ocrx_word' id='word_1_810' title='bbox 2744 5106 2843 5179; x_wconf 78' lang='grc' dir='ltr'><strong>ἠδη</strong></span> <span class='ocrx_word' id='word_1_811' title='bbox 2874 5106 2952 5177; x_wconf 84' lang='grc' dir='ltr'><strong>τῷ</strong></span> <span class='ocrx_word' id='word_1_812' title='bbox 2999 5105 3163 5176; x_wconf 85' lang='grc' dir='ltr'><strong>λόγῳ,</strong></span> <span class='ocrx_word' id='word_1_813' title='bbox 3198 5106 3293 5160; x_wconf 62' lang='grc' dir='ltr'><strong>καὶ⁵</strong></span> <span class='ocrx_word' id='word_1_814' title='bbox 3336 5105 3465 5176; x_wconf 73' lang='grc' dir='ltr'><strong>περὶ</strong></span> <span class='ocrx_word' id='word_1_815' title='bbox 3490 5102 3722 5171; x_wconf 87' lang='grc' dir='ltr'><strong>τούτων,</strong></span> <span class='ocrx_word' id='word_1_816' title='bbox 3762 5104 3835 5165; x_wconf 83' lang='grc' dir='ltr'><strong>ὡς</strong></span> 
     </span>
    </p>
   </div>
   <div class='ocr_carea' id='block_1_106' title="bbox 555 5191 2128 5272">
    <p class='ocr_par' dir='ltr' id='par_1_106' title="bbox 555 5196 2128 5255">
     <span class='ocr_line' id='line_1_106' title="bbox 555 5196 2128 5255; baseline 0.003 -5"><span class='ocrx_word' id='word_1_817' title='bbox 555 5204 712 5250; x_wconf 84' lang='lat' dir='ltr'><strong>extra</strong></span> <span class='ocrx_word' id='word_1_818' title='bbox 742 5205 993 5250; x_wconf 89' lang='lat' dir='ltr'><strong>naturam</strong></span> <span class='ocrx_word' id='word_1_819' title='bbox 1022 5210 1132 5250; x_wconf 92' lang='lat' dir='ltr'><strong>non</strong></span> <span class='ocrx_word' id='word_1_820' title='bbox 1162 5197 1454 5253; x_wconf 78' lang='lat' dir='ltr'><strong>cxorbitet.</strong></span> <span class='ocrx_word' id='word_1_821' title='bbox 1493 5196 1626 5252; x_wconf 87' lang='lat' dir='ltr'><strong>Nam</strong></span> <span class='ocrx_word' id='word_1_822' title='bbox 1667 5199 1713 5253; x_wconf 86' lang='lat' dir='ltr'><strong>si</strong></span> <span class='ocrx_word' id='word_1_823' title='bbox 1749 5214 1779 5252; x_wconf 89' lang='lat' dir='ltr'><strong>a</strong></span> <span class='ocrx_word' id='word_1_824' title='bbox 1820 5209 2016 5253; x_wconf 88' lang='lat' dir='ltr'><strong>natura</strong></span> <span class='ocrx_word' id='word_1_825' title='bbox 2045 5214 2128 5255; x_wconf 83' lang='lat' dir='ltr'><strong>re-</strong></span> 
     </span>
    </p>
   </div>
   <div class='ocr_carea' id='block_1_107' title="bbox 2230 5191 3486 5272">
    <p class='ocr_par' dir='ltr' id='par_1_107' title="bbox 2249 5191 3486 5272">
     <span class='ocr_line' id='line_1_107' title="bbox 2249 5191 3486 5272; baseline -0.002 -19"><span class='ocrx_word' id='word_1_826' title='bbox 2249 5200 2316 5254; x_wconf 78' lang='grc' dir='ltr'><strong>ἂν</strong></span> <span class='ocrx_word' id='word_1_827' title='bbox 2338 5194 2440 5252; x_wconf 74' lang='grc' dir='ltr'><strong>οἷοί</strong></span> <span class='ocrx_word' id='word_1_828' title='bbox 2468 5215 2528 5252; x_wconf 89' lang='grc' dir='ltr'><strong>τε</strong></span> <span class='ocrx_word' id='word_1_829' title='bbox 2551 5191 2726 5269; x_wconf 76' lang='grc' dir='ltr'><strong>ὦμεν,</strong></span> <span class='ocrx_word' id='word_1_830' title='bbox 2754 5197 2822 5251; x_wconf 84' lang='grc' dir='ltr'><strong>δι’</strong></span> <span class='ocrx_word' id='word_1_831' title='bbox 2859 5197 3056 5266; x_wconf 87' lang='grc' dir='ltr'><strong>ὀλίγων</strong></span> <span class='ocrx_word' id='word_1_832' title='bbox 3074 5195 3486 5272; x_wconf 76' lang='grc' dir='ltr'><strong>διαληψώμεθα.</strong></span> 
     </span>
    </p>
   </div>
   <div class='ocr_carea' id='block_1_108' title="bbox 557 5285 3832 5360">
    <p class='ocr_par' dir='ltr' id='par_1_108' title="bbox 557 5285 3832 5360">
     <span class='ocr_line' id='line_1_108' title="bbox 557 5285 3832 5360; baseline 0 -21"><span class='ocrx_word' id='word_1_833' title='bbox 557 5285 751 5349; x_wconf 87' lang='lat' dir='ltr'><strong>cedat,</strong></span> <span class='ocrx_word' id='word_1_834' title='bbox 796 5285 989 5357; x_wconf 90' lang='lat' dir='ltr'><strong>agendi</strong></span> <span class='ocrx_word' id='word_1_835' title='bbox 1042 5285 1397 5353; x_wconf 85' lang='lat' dir='ltr'><strong>facultatem,</strong></span> <span class='ocrx_word' id='word_1_836' title='bbox 1440 5304 1604 5359; x_wconf 88' lang='lat' dir='ltr'><strong>quam</strong></span> <span class='ocrx_word' id='word_1_837' title='bbox 1654 5289 1852 5345; x_wconf 86' lang='lat' dir='ltr'><strong>habeat</strong></span> <span class='ocrx_word' id='word_1_838' title='bbox 1895 5305 1924 5343; x_wconf 91' lang='lat' dir='ltr'><strong>a</strong></span> <span class='ocrx_word' id='word_1_839' title='bbox 1968 5297 2179 5355; x_wconf 89' lang='lat' dir='ltr'><strong>mente,</strong></span> <span class='ocrx_word' id='word_1_840' title='bbox 2229 5306 2458 5360; x_wconf 87' lang='lat' dir='ltr'><strong>prorsus</strong></span> <span class='ocrx_word' id='word_1_841' title='bbox 2506 5292 2776 5345; x_wconf 88' lang='lat' dir='ltr'><strong>amittere.</strong></span> <span class='ocrx_word' id='word_1_842' title='bbox 2822 5288 3118 5344; x_wconf 85' lang='lat' dir='ltr'><strong>Enimvero</strong></span> <span class='ocrx_word' id='word_1_843' title='bbox 3163 5295 3471 5344; x_wconf 84' lang='lat' dir='ltr'><strong>revertatur</strong></span> <span class='ocrx_word' id='word_1_844' title='bbox 3506 5301 3574 5342; x_wconf 90' lang='lat' dir='ltr'><strong>eo</strong></span> <span class='ocrx_word' id='word_1_845' title='bbox 3615 5285 3832 5341; x_wconf 75' lang='lat' dir='ltr'><strong>tandem</strong></span> 
     </span>
    </p>
   </div>
   <div class='ocr_carea' id='block_1_109' title="bbox 560 5378 3831 5455">
    <p class='ocr_par' dir='ltr' id='par_1_109' title="bbox 560 5378 3831 5455">
     <span class='ocr_line' id='line_1_109' title="bbox 560 5378 3831 5455; baseline -0 -24"><span class='ocrx_word' id='word_1_846' title='bbox 560 5379 761 5442; x_wconf 88' lang='lat' dir='ltr'><strong>oratio,</strong></span> <span class='ocrx_word' id='word_1_847' title='bbox 792 5380 934 5436; x_wconf 90' lang='lat' dir='ltr'><strong>unde</strong></span> <span class='ocrx_word' id='word_1_848' title='bbox 959 5380 1199 5447; x_wconf 81' lang='lat' dir='ltr'><strong>deﬂexit,</strong></span> <span class='ocrx_word' id='word_1_849' title='bbox 1231 5392 1467 5438; x_wconf 89' lang='lat' dir='ltr'><strong>mentem</strong></span> <span class='ocrx_word' id='word_1_850' title='bbox 1508 5383 1758 5439; x_wconf 78' lang='lat' dir='ltr'><strong>videlicet</strong></span> <span class='ocrx_word' id='word_1_851' title='bbox 1790 5384 1846 5437; x_wconf 90' lang='lat' dir='ltr'><strong>in</strong></span> <span class='ocrx_word' id='word_1_852' title='bbox 1888 5385 1956 5438; x_wconf 84' lang='lat' dir='ltr'><strong>iis</strong></span> <span class='ocrx_word' id='word_1_853' title='bbox 1988 5385 2264 5455; x_wconf 86' lang='lat' dir='ltr'><strong>partibus,</strong></span> <span class='ocrx_word' id='word_1_854' title='bbox 2310 5400 2544 5454; x_wconf 90' lang='lat' dir='ltr'><strong>quarum</strong></span> <span class='ocrx_word' id='word_1_855' title='bbox 2585 5384 2829 5439; x_wconf 89' lang='lat' dir='ltr'><strong>conditio</strong></span> <span class='ocrx_word' id='word_1_856' title='bbox 2875 5382 3146 5447; x_wconf 80' lang='lat' dir='ltr'><strong>naturalis</strong></span> <span class='ocrx_word' id='word_1_857' title='bbox 3199 5382 3390 5437; x_wconf 91' lang='lat' dir='ltr'><strong>morbo</strong></span> <span class='ocrx_word' id='word_1_858' title='bbox 3419 5381 3606 5450; x_wconf 89' lang='lat' dir='ltr'><strong>aliquo</strong></span> <span class='ocrx_word' id='word_1_859' title='bbox 3646 5378 3831 5432; x_wconf 70' lang='lat' dir='ltr'><strong>vitiata</strong></span> 
     </span>
    </p>
   </div>
   <div class='ocr_carea' id='block_1_110' title="bbox 562 5470 3832 5545">
    <p class='ocr_par' dir='ltr' id='par_1_110' title="bbox 562 5470 3832 5545">
     <span class='ocr_line' id='line_1_110' title="bbox 562 5470 3832 5545; baseline 0.003 -24"><span class='ocrx_word' id='word_1_860' title='bbox 562 5484 671 5522; x_wconf 91' lang='lat' dir='ltr'><strong>non</strong></span> <span class='ocrx_word' id='word_1_861' title='bbox 706 5471 797 5533; x_wconf 88' lang='lat' dir='ltr'><strong>sit,</strong></span> <span class='ocrx_word' id='word_1_862' title='bbox 823 5470 1195 5527; x_wconf 78' lang='lat' dir='ltr'><strong>eﬂicacitatem</strong></span> <span class='ocrx_word' id='word_1_863' title='bbox 1221 5487 1376 5527; x_wconf 89' lang='lat' dir='ltr'><strong>suam</strong></span> <span class='ocrx_word' id='word_1_864' title='bbox 1399 5474 1668 5537; x_wconf 86' lang='lat' dir='ltr'><strong>obtinere,</strong></span> <span class='ocrx_word' id='word_1_865' title='bbox 1709 5474 1763 5528; x_wconf 93' lang='lat' dir='ltr'><strong>in</strong></span> <span class='ocrx_word' id='word_1_866' title='bbox 1810 5475 2116 5530; x_wconf 87' lang='lat' dir='ltr'><strong>valentibus</strong></span> <span class='ocrx_word' id='word_1_867' title='bbox 2144 5476 2408 5533; x_wconf 89' lang='lat' dir='ltr'><strong>membris</strong></span> <span class='ocrx_word' id='word_1_868' title='bbox 2436 5477 2728 5543; x_wconf 88' lang='lat' dir='ltr'><strong>valentem,</strong></span> <span class='ocrx_word' id='word_1_869' title='bbox 2765 5477 2819 5530; x_wconf 94' lang='lat' dir='ltr'><strong>in</strong></span> <span class='ocrx_word' id='word_1_870' title='bbox 2869 5476 2936 5531; x_wconf 91' lang='lat' dir='ltr'><strong>iis</strong></span> <span class='ocrx_word' id='word_1_871' title='bbox 2981 5482 3163 5531; x_wconf 87' lang='lat' dir='ltr'><strong>autem</strong></span> <span class='ocrx_word' id='word_1_872' title='bbox 3200 5489 3321 5545; x_wconf 67' lang='lat' dir='ltr'><strong>quae</strong></span> <span class='ocrx_word' id='word_1_873' title='bbox 3346 5474 3629 5529; x_wconf 87' lang='lat' dir='ltr'><strong>actionum</strong></span> <span class='ocrx_word' id='word_1_874' title='bbox 3664 5472 3832 5542; x_wconf 89' lang='lat' dir='ltr'><strong>ipsius</strong></span> 
     </span>
    </p>
   </div>
   <div class='ocr_carea' id='block_1_111' title="bbox 561 5560 3833 5638">
    <p class='ocr_par' dir='ltr' id='par_1_111' title="bbox 561 5560 3833 5638">
     <span class='ocr_line' id='line_1_111' title="bbox 561 5560 3833 5638; baseline 0.002 -26"><span class='ocrx_word' id='word_1_875' title='bbox 561 5560 785 5626; x_wconf 86' lang='lat' dir='ltr'><strong>capacia</strong></span> <span class='ocrx_word' id='word_1_876' title='bbox 804 5576 912 5617; x_wconf 91' lang='lat' dir='ltr'><strong>non</strong></span> <span class='ocrx_word' id='word_1_877' title='bbox 939 5571 1089 5629; x_wconf 91' lang='lat' dir='ltr'><strong>sunt,</strong></span> <span class='ocrx_word' id='word_1_878' title='bbox 1119 5563 1455 5635; x_wconf 88' lang='lat' dir='ltr'><strong>languidam.</strong></span> <span class='ocrx_word' id='word_1_879' title='bbox 1501 5564 1677 5634; x_wconf 84' lang='lat' dir='ltr'><strong>Atque</strong></span> <span class='ocrx_word' id='word_1_880' title='bbox 1721 5566 1847 5621; x_wconf 86' lang='lat' dir='ltr'><strong>huic</strong></span> <span class='ocrx_word' id='word_1_881' title='bbox 1888 5567 2108 5638; x_wconf 89' lang='lat' dir='ltr'><strong>quidem</strong></span> <span class='ocrx_word' id='word_1_882' title='bbox 2157 5571 2440 5625; x_wconf 69' lang='lat' dir='ltr'><strong>sententia:</strong></span> <span class='ocrx_word' id='word_1_883' title='bbox 2472 5584 2580 5624; x_wconf 92' lang='lat' dir='ltr'><strong>non</strong></span> <span class='ocrx_word' id='word_1_884' title='bbox 2619 5576 2706 5624; x_wconf 90' lang='lat' dir='ltr'><strong>est</strong></span> <span class='ocrx_word' id='word_1_885' title='bbox 2731 5566 2949 5624; x_wconf 76' lang='lat' dir='ltr'><strong>difﬁcile</strong></span> <span class='ocrx_word' id='word_1_886' title='bbox 2973 5567 3278 5623; x_wconf 90' lang='lat' dir='ltr'><strong>rationibus</strong></span> <span class='ocrx_word' id='word_1_887' title='bbox 3306 5567 3471 5621; x_wconf 85' lang='lat' dir='ltr'><strong>etiam</strong></span> <span class='ocrx_word' id='word_1_888' title='bbox 3521 5564 3646 5621; x_wconf 88' lang='lat' dir='ltr'><strong>aliis</strong></span> <span class='ocrx_word' id='word_1_889' title='bbox 3679 5565 3833 5622; x_wconf 86' lang='lat' dir='ltr'><strong>ﬁdem</strong></span> 
     </span>
    </p>
   </div>
   <div class='ocr_carea' id='block_1_112' title="bbox 564 5649 3831 5732">
    <p class='ocr_par' dir='ltr' id='par_1_112' title="bbox 564 5649 3831 5732">
     <span class='ocr_line' id='line_1_112' title="bbox 564 5649 3831 5732; baseline 0.002 -27"><span class='ocrx_word' id='word_1_890' title='bbox 564 5649 764 5705; x_wconf 76' lang='lat' dir='ltr'><strong>lucere.</strong></span> <span class='ocrx_word' id='word_1_891' title='bbox 794 5649 950 5717; x_wconf 84' lang='lat' dir='ltr'><strong>Quod</strong></span> <span class='ocrx_word' id='word_1_892' title='bbox 990 5654 1037 5709; x_wconf 84' lang='lat' dir='ltr'><strong>si</strong></span> <span class='ocrx_word' id='word_1_893' title='bbox 1081 5655 1373 5711; x_wconf 88' lang='lat' dir='ltr'><strong>molestum</strong></span> <span class='ocrx_word' id='word_1_894' title='bbox 1404 5670 1513 5710; x_wconf 90' lang='lat' dir='ltr'><strong>non</strong></span> <span class='ocrx_word' id='word_1_895' title='bbox 1546 5656 1652 5711; x_wconf 89' lang='lat' dir='ltr'><strong>erit</strong></span> <span class='ocrx_word' id='word_1_896' title='bbox 1677 5656 1767 5720; x_wconf 88' lang='lat' dir='ltr'><strong>iis,</strong></span> <span class='ocrx_word' id='word_1_897' title='bbox 1798 5659 1892 5728; x_wconf 87' lang='lat' dir='ltr'><strong>qui</strong></span> <span class='ocrx_word' id='word_1_898' title='bbox 1933 5659 2183 5716; x_wconf 89' lang='lat' dir='ltr'><strong>oratione</strong></span> <span class='ocrx_word' id='word_1_899' title='bbox 2223 5661 2506 5732; x_wconf 90' lang='lat' dir='ltr'><strong>superiore</strong></span> <span class='ocrx_word' id='word_1_900' title='bbox 2535 5667 2747 5717; x_wconf 79' lang='lat' dir='ltr'><strong>tantum</strong></span> <span class='ocrx_word' id='word_1_901' title='bbox 2777 5676 2887 5716; x_wconf 92' lang='lat' dir='ltr'><strong>non</strong></span> <span class='ocrx_word' id='word_1_902' title='bbox 2917 5658 3199 5730; x_wconf 86' lang='lat' dir='ltr'><strong>defatigati</strong></span> <span class='ocrx_word' id='word_1_903' title='bbox 3239 5667 3387 5725; x_wconf 77' lang='lat' dir='ltr'><strong>sunt,</strong></span> <span class='ocrx_word' id='word_1_904' title='bbox 3423 5656 3605 5726; x_wconf 87' lang='lat' dir='ltr'><strong>placet</strong></span> <span class='ocrx_word' id='word_1_905' title='bbox 3647 5665 3703 5713; x_wconf 89' lang='lat' dir='ltr'><strong>et</strong></span> <span class='ocrx_word' id='word_1_906' title='bbox 3727 5658 3831 5725; x_wconf 82' lang='lat' dir='ltr'><strong>ila,</strong></span> 
     </span>
    </p>
   </div>
   <div class='ocr_carea' id='block_1_113' title="bbox 564 5743 2274 5828">
    <p class='ocr_par' dir='ltr' id='par_1_113' title="bbox 564 5743 2274 5828">
     <span class='ocr_line' id='line_1_113' title="bbox 564 5743 2274 5828; baseline 0.008 -32"><span class='ocrx_word' id='word_1_907' title='bbox 564 5743 743 5814; x_wconf 69' lang='lat' dir='ltr'><strong>quoad</strong></span> <span class='ocrx_word' id='word_1_908' title='bbox 775 5745 894 5814; x_wconf 88' lang='lat' dir='ltr'><strong>ejus</strong></span> <span class='ocrx_word' id='word_1_909' title='bbox 922 5745 1039 5802; x_wconf 87' lang='lat' dir='ltr'><strong>ﬁeri</strong></span> <span class='ocrx_word' id='word_1_910' title='bbox 1073 5751 1291 5820; x_wconf 86' lang='lat' dir='ltr'><strong>poterit,</strong></span> <span class='ocrx_word' id='word_1_911' title='bbox 1329 5767 1493 5821; x_wconf 84' lang='lat' dir='ltr'><strong>quam</strong></span> <span class='ocrx_word' id='word_1_912' title='bbox 1534 5751 1855 5810; x_wconf 87' lang='lat' dir='ltr'><strong>brevissime</strong></span> <span class='ocrx_word' id='word_1_913' title='bbox 1890 5756 2274 5828; x_wconf 84' lang='lat' dir='ltr'><strong>perstringere.</strong></span> 
     </span>
    </p>
   </div>
  </div>
