3890 6350
97 416 182 477 ίθδ
1356 415 1442 471 DE
1485 411 1768 470 HOMINIS
1806 411 2117 469 OPIFICIO.

581 524 997 580 ΚΕΦΑΑΑΙΟΝ.
1042 524 1140 578 II".

3248 415 3353 471 1θὸ

2367 520 2596 581 CAPUT
2636 522 2775 578 XIII.

96 620 215 690 Περὶ
240 618 456 682 ὕπνου,
484 616 586 671 καὶ
611 616 870 687 χάσμης,
901 615 999 668 καὶ
1022 614 1289 682 ὀνείρων,
1313 615 1663 686 αἰτιολογία.

1791 613 1984 679 30mm“,
2015 614 2388 681 oscitationis,
2424 615 2816 668 insomniorum
2860 630 3040 671 causa
3077 613 3351 671 indicum.

166 712 225 766 Ἡ
264 709 421 780 ὑλικὴ
471 710 572 763 καὶ
617 709 823 780 ῥοώδης
868 707 1005 779 αὕτη
1064 706 1174 760 τῶν
1207 709 1475 779 σωμάτων
1524 709 1659 782 ζωὴ,

98 804 305 861 πάντοτε
346 803 435 856 διά
467 803 744 872 κινήσεως
786 801 1071 871 προϊοῦσα,
1103 801 1162 853 ἐν
1209 801 1384 873 τούτῳ
1409 801 1521 872 ἔχει
1566 802 1663 857 τοῦ

100 892 221 949 εἶναι
249 895 344 966 τὴν
373 893 632 965 δύναμιν,
669 894 726 948 ἐν
752 891 832 963 τῷ
878 891 953 964 μὴ
988 892 1180 964 στῆναί
1220 911 1350 947 ποτε
1378 897 1477 966 τῆς
1506 896 1663 966 κινή-

102 999 237 1046 σεως.
266 980 536 1053 Καθάπερ
565 981 627 1035 δέ
660 999 745 1045 τις
790 982 1035 1053 ποταμὸς
1055 980 1197 1035 κατὰ
1236 982 1335 1055 τὴν
1362 983 1496 1038 ίδίαν
1525 984 1665 1054 ρέων

103 1075 275 1147 ὁρμὴν,
299 1073 482 1146 πλήρη
518 1074 624 1143 μὲν
651 1073 889 1127 δείκνυσι
928 1073 1028 1143 τὴν
1056 1074 1366 1145 κοιλότητα,
1397 1075 1465 1129 δι’
1491 1072 1560 1148 ἦς
1598 1076 1665 1131 ἂν

104 1165 223 1238 τύχῃ
246 1166 563 1236 φερόμενος,
605 1166 663 1218 οὐ
704 1165 810 1236 μὴν
851 1166 908 1217 ἐν
939 1164 1018 1236 τῷ
1048 1164 1197 1237 αύτῷ
1237 1165 1387 1220 ὖδατι
1419 1168 1548 1238 περὶ
1573 1168 1664 1221 τὸν

106 1259 247 1312 αὑτὸν
272 1260 355 1312 ἀεὶ
380 1259 547 1313 τόπον
577 1258 795 1329 ὁρᾶται,
826 1256 961 1311 ἀλλά
988 1256 1049 1311 τὸ
1090 1259 1188 1330 μὲν
1220 1259 1536 1331 ύπέδραμεν
1569 1260 1667 1313 αύ-

107 1350 205 1413 τοῦ,
235 1350 293 1404 τὸ
329 1350 384 1404 δέ
430 1349 730 1422 ὑπερρέει“
765 1348 911 1404 οὕτω
956 1350 1051 1404 κα)⁸
1079 1349 1140 1403 τὸ
1173 1351 1355 1405 ὑλικὸν
1404 1351 1506 1422 τῆς
1539 1352 1667 1423 τῇδε

109 1436 235 1510 ζωῆς
263 1437 349 1492 διά
386 1455 535 1502 τινος
573 1441 842 1509 κινήσεως
872 1440 968 1492 καὶ
1017 1440 1148 1512 ῥοῆς
1172 1442 1237 1511 τῇ
1289 1441 1541 1513 συνεχείᾳ
1569 1441 1671 1512 τῆς

110 1529 202 1585 τῶν
241 1529 491 1583 ἐναντίων
534 1528 789 1600 διαδοχῆς
835 1528 1139 1599 ἀμείϐεται,
1187 1530 1263 1593 ὡς
1290 1530 1358 1585 ἂν
1400 1532 1671 1603 μηδέποτε

114 1619 282 1691 στῆναι
301 1620 559 1676 δύνασθαι
581 1620 682 1691 τῆς
711 1621 1034 1693 μεταϐολῆς,
1064 1622 1197 1677 ἀλλά
1224 1626 1290 1696 τῇ
1318 1624 1548 1696 δυνάμει
1576 1624 1671 1679 τοῦ

115 1712 342 1782 ἀτρεμεῖν
385 1713 671 1767 ἄπαυστον
701 1711 847 1783 ἔχειν
887 1712 975 1766 διὰ
1003 1713 1112 1767 τῶν
1149 1714 1352 1786 ὁμοίων
1386 1717 1674 1789 ὲναμειϐο-

120 1804 261 1875 μένην
287 1803 380 1876 τὴν
418 1803 753 1877 κίνησιν.Ἐί
778 1806 835 1859 δέ
867 1823 999 1860 ποτε
1028 1806 1344 1879 κινούμενον
1387 1809 1670 1877 παύσοιτο,

1842 706 2099 761 Crassior
2130 706 2222 760 illa
2259 706 2513 777 lluxaque
2546 721 2837 776 corporum
2870 715 3185 762 nostrorum
3220 708 3351 773 vita,

1770 810 1894 864 qua:
1945 811 2163 865 semper
2207 805 2479 860 movetur,
2526 810 2593 850 ex
2626 810 2692 850 eo
2741 797 2862 866 ipso
2907 796 3014 850 vim
3050 794 3354 851 exsistendi

1772 886 1958 953 habet,
1993 888 2142 958 quod
2186 895 2338 943 motu
2369 888 2596 959 praedita
2645 890 2717 945 sit
2747 888 2948 959 quietis
2990 897 3232 957 experte.
3276 887 3357 942 Ac

1773 979 1939 1034 veluti
1967 978 2167 1037 fluvius
2197 980 2401 1052 impetu
2433 996 2535 1035 suo
2558 982 2856 1045 volutatus,
2883 981 3096 1034 alveum
3132 978 3354 1048 quidem

1774 1088 1935 1129 suum
1967 1087 2183 1143 semper
2215 1073 2427 1143 implet,
2453 1090 2550 1145 per
2581 1089 2741 1143 quem
2773 1074 2994 1139 labitur,
3028 1086 3138 1127 non
3174 1083 3357 1126 tamen

1772 1164 1964 1219 eadem
1992 1179 2133 1234 aqua
2159 1165 2348 1220 eodem
2378 1164 2432 1219 iu
2464 1166 2587 1220 loco
2614 1173 2876 1235 perpetuo
2902 1165 3093 1230 haeret,
3126 1162 3221 1218 sed
3252 1161 3358 1216 alia

1773 1256 2123 1321 decurrente,
2170 1255 2341 1311 aﬂluit
2382 1257 2488 1310 alia
2532 1274 2547 1311 :
2589 1257 2670 1312 sic
2717 1256 2961 1310 crassior
3002 1255 3093 1309 illa
3147 1255 3252 1307 vita
3302 1253 3359 1307 in

1776 1347 1940 1402 terris
1989 1355 2184 1403 nostra
2236 1355 2386 1402 motu
2416 1347 2657 1418 quodam
2706 1363 2770 1402 ac
2820 1347 3059 1402 ﬂuxione
3097 1346 3361 1399 continua

1776 1438 2010 1495 diversis
2031 1439 2196 1495 rebus
2217 1439 2645 1496 succedentibus
2676 1440 2803 1503 sibi,
2828 1440 2881 1493 in
2911 1447 3170 1509 perpetua
3196 1434 3360 1492 vicis-

1777 1531 2020 1588 situdine
2049 1548 2330 1601 nunquam
2366 1532 2767 1603 interquiescit,
2787 1531 2882 1587 sed
2921 1547 3028 1585 una
3057 1545 3181 1585 cum
3208 1529 3364 1599 quie-

1778 1624 1966 1680 scendi
2000 1624 2260 1680 facultate
2291 1640 2589 1695 perennem
2621 1624 2786 1679 etiam
2814 1631 3022 1679 motum
3053 1622 3252 1677 similia
3281 1618 3365 1674 vi-

1778 1715 1965 1770 cissim
2012 1717 2376 1771 alternantem
2410 1716 2596 1772 habet.
2640 1715 2796 1781 Quod
2829 1716 2875 1770 si
2917 1716 3007 1769 hic
3031 1715 3150 1785 ejus
3181 1719 3364 1768 motus

1778 1808 2075 1877 aliquando
2103 1809 2375 1878 quiescat,
2402 1807 2574 1879 ipsam
2596 1821 2815 1877 quoque
2837 1805 3112 1874 exstingui
3138 1818 3366 1860 necesse

118 1895 197 1946 καὶ
237 1893 325 1947 τοῦ
369 1889 510 1949 εῖναι
558 1894 781 1959 πάντως
821 1895 919 1967 τὴν
962 1895 1175 1951 παῦλαν
1214 1897 1323 1963 ἕξει
1347 1914 1359 1927 ·
1404 1896 1537 1965 οἷον,
1598 1899 1676 1953 δι-

1791 1907 1882 1955 est.
1910 1899 2231 1964 Evacuatio,
2273 1901 2425 1956 verbi
2471 1901 2675 1971 gratia,
2721 1899 3078 1969 repletionem
3123 1896 3363 1966 excipit;

119 1981 309 2049 εδέξατο
328 1984 388 2037 τὸ
420 1984 634 2057 πλῆρες
666 1985 701 2056 ἡ
734 1985 982 2052 κένωσις,
1008 1986 1103 2040 καὶ
1134 1987 1296 2041 πάλιν
1325 1989 1675 2061 ἀντεισῆλθεν

1791 2000 2082 2063 :ontraque
2108 1994 2335 2064 repletio
2360 1993 2619 2049 vacuitati
2658 1992 2926 2047 succedit.
2957 1989 3198 2045 Somnus
3231 2003 3368 2043 con-

120 2077 149 2146 η
189 2077 448 2149 πλήρωσις
499 2079 568 2148 τῇ
623 2076 893 2148 κενότητι.
937 2076 1143 2142 ’Υπνος
1192 2078 1254 2132 τὸ
1303 2079 1551 2135 σύντονον
1576 2081 1677 2151 τῆς

122 2169 471 2238 ἐγρηγόρσεως
523 2167 891 2239 ὑπεχάλασεν,
925 2165 1044 2223 εἶτα
1077 2172 1405 2244 ἐγρήγορσις
1441 2173 1503 2226 τὸ
1533 2175 1679 2228 ἀνει-

126 2258 264 2327 μένον
291 2259 535 2313 ἐτόνωσε.
566 2259 681 2313 Καὶ
720 2260 997 2333 οὐδέτερον
1021 2261 1225 2317 τούτων
1252 2267 1311 2318 ἐν
1337 2264 1416 2336 τῷ
1440 2266 1681 2337 διηνεκεῖ

125 2350 380 2420 συμμένει,
425 2351 544 2406 ἀλλ’
580 2353 858 2425 ὑποχωρεί
894 2356 1015 2417 ταῖς
1063 2356 1387 2426 παρουσίαις
1432 2356 1679 2428 ἀλλήλων

125 2441 397 2514 ἀμφότερα,
423 2442 569 2499 οὕτω
596 2444 699 2516 τῆς
719 2444 934 2515 φύσεως
962 2446 1159 2519 ἑαυτὴν
1186 2450 1306 2512 ταῖς
1341 2449 1682 2519 ὑπαλλαγαῖς

126 2532 568 2608 ἀνακαινιζούσης,
606 2536 684 2601 ὡς
714 2536 991 2609 ἑκατέρων
1012 2538 1070 2591 ἐν
1100 2537 1177 2609 τῷ
1224 2538 1381 2612 μέρει
1413 2541 1682 2611 μεταλαγ-

126 2626 362 2696 χάνουσαν
404 2629 793 2694 ἀδιασπάστως
820 2629 927 2684 ἀπὺ
963 2629 1057 2684 τοῦ
1100 2630 1291 2701 ³ἐτέρου
1337 2633 1683 2703 μεταϐαίνειν

127 2719 207 2771 ἐπὶ
228 2721 284 2773 τὸ
311 2721 513 2795 ἕτερον.
546 2722 626 2777 Τό
649 2740 709 2776 τε
732 2721 841 2794 γὰρ
863 2722 1155 2787 διαπαντὸς
1179 2725 1536 2779 συντετάσθαι
1564 2729 1685 2789 ταῖς

128 2809 392 2880 ἐνεργείαις
420 2813 481 2866 τὸ
518 2812 685 2878 ζῶον,
722 2812 876 2884 ῥῆξιν
911 2830 1033 2867 τινα
1076 2814 1170 2866 καὶ
1206 2814 1548 2886 διασπασμὸν
1575 2815 1685 2869 τῶν

130 2902 568 2977 ύπερτεινομένων
619 2905 853 2958 ποιεῖται
901 2905 1085 2977 μερῶν
1106 2923 1120 2936 ·
1152 2906 1187 2977 ἦ
1209 2923 1268 2959 τε
1294 2906 1548 2979 διηνεκὴς
1582 2905 1685 2960 τοῦ

133 2991 350 3064 σώματος
390 2997 577 3061 ἄνεσις
620 2996 914 3051 διάπτωσιν
951 3015 1070 3051 τινα
1098 2997 1191 3051 τοῦ
1228 2998 1560 3063 συνεστῶτος
1594 3000 1688 3054 καὶ

132 3084 263 3139 λύσιν
294 3089 602 3158 ἐργάζεται.
636 3086 710 3142 Τὸ
735 3088 791 3141 δὲ
822 3089 964 3143 κατά
989 3090 1182 3161 καιρὸν
1218 3090 1457 3162 μετρίως
1493 3092 1687 3146 ἐκατέ-

136 3195 228 3248 ρων
253 3181 649 3253 ἐπιτυγχάνειν,
692 3180 923 3253 δύναμις
969 3183 1106 3254 πρὸς
1134 3183 1396 3255 διαμονήν
1436 3186 1553 3238 ἐστι
1586 3184 1688 3255 τῆς

137 3270 340 3338 φύσεως,
360 3273 445 3328 διά
466 3276 583 3347 ’τῆς
617 3274 898 3346 διηνεκοῦς
928 3274 1065 3346 πρὸς
1101 3274 1171 3330 τά
1212 3276 1563 3348 ἀντικείμενα
1596 3294 1692 3348 με·
1718 3257 1762 3316 c

137 3361 385 3430 ταϐἀσεως
416 3367 473 3421 ἐν
504 3367 794 3439 ἐκατέροις
818 3366 1016 3439 ἑαυτὴν
1048 3368 1157 3421 ἀπὸ
1189 3368 1297 3423 τῶν
1331 3369 1533 3441 ἐτέρων
1568 3371 1695 3423 ἀνα·

140 3457 404 3531 παυούσης.
438 3460 600 3515 Οὖτω
636 3460 814 3513 τοίνυν
851 3460 1214 3531 τετονωμένον
1250 3461 1340 3515 διά
1391 3462 1493 3533 τῆς
1530 3464 1696 3535 ἐγρη-

141 3546 351 3619 γόρσεως
396 3551 456 3604 τὸ
504 3550 669 3623 σῶμα
714 3551 975 3620 λαϐοῦσα,
1017 3552 1173 3607 λύσιν
1219 3556 1436 3624 ἐμποιεῖ
1477 3555 1565 3608 διά
1598 3553 1692 3608 τοῦ

145 3636 288 3694 ὕπνου
314 3642 384 3714 τῷ
407 3643 568 3715 τόνῳ,
599 3644 698 3707 τάς
720 3643 1039 3715 αἱσθητικάς
1060 3645 1317 3718 δυνάμεις
1347 3647 1481 3717 πρὸς
1504 3648 1692 3720 καιρὸν

145 3728 198 3782 ἐκ
219 3731 313 3786 τῶν
327 3735 615 3808 ἐνεργειῶν
633 3735 1013 3803 ἀναπαύσασα,
1036 3731 1147 3790 οἷόν
1166 3755 1318 3802 τινας
1339 3739 1537 3803 ἵππους
1558 3738 1698 3809 μετὰ

145 3820 251 3885 τοὺς
277 3824 480 3892 ἀγῶνας
513 3826 627 3880 τῶν
670 3826 929 3898 ἁρμάτων
968 3827 1264 3883 ἐκλύσασα.
1309 3830 1607 3898 Ἀναγκαία
1635 3827 1695 3883 δὲ

145 3917 201 3986 τῇ
229 3919 463 3974 συστάσει
502 3918 604 3973 τοῦ
640 3919 893 3991 σώματος
933 3922 968 3991 ἡ
998 3919 1254 3992 εὔκαιρος
1290 3921 1495 3984 ἄνεσις,
1522 3921 1597 3987 ὡς
1630 3920 1696 3974 ἂν

148 4006 405 4075 ἀκωλύτως
434 4015 519 4083 ἐφ’
549 4012 698 4067 ἀπαν
721 4012 781 4066 τὸ
815 4012 973 4083 σῶμα
1003 4012 1093 4068 διά
1118 4013 1228 4066 τῶν
1259 4016 1316 4068 ἐν
1341 4014 1488 4085 αὐτῷ
1516 4015 1697 4086 πόρων

150 4098 358 4175 ήτροφὴ
398 4104 686 4176 διαχέοιτο,
735 4104 962 4176 μηδενὸς
993 4104 1148 4159 τόνου
1186 4108 1253 4177 τῇ
1296 4105 1452 4177 διόδῳ
1478 4123 1697 4178 παρεμ-

147 4191 439 4260 ποδίζοντος.
491 4195 762 4268 Καθάπερ
798 4195 907 4268 γὰρ
953 4196 1019 4249 ὲκ
1075 4195 1175 4266 τῆς
1236 4196 1524 4268 διαδράκοι)
1570 4199 1693 4269 Υῆςν

149 4280 256 4339 ὅταν
291 4287 569 4361 ἐπιλάμψῃ
612 4286 968 4361 θερμοτέραις
1007 4290 1221 4342 ἀκτῖσιν
1258 4291 1286 4343 ὁ
1326 4289 1498 4360 ἥλιος,
1535 4291 1697 4362 ἀτμοί

150 4391 269 4442 τινες
300 4379 618 4452 ὁμιχλώδεις
648 4379 756 4433 ἀπὸ
783 4379 877 4433 τοῦ
909 4380 1107 4452 βάθους
1150 4381 1486 4436 ἀνέλκονται’
1513 4383 1698 4454 ὅμοιόν

150 4482 194 4521 τι
219 4470 406 4538 γίνεται
436 4473 533 4528 καὶ
553 4472 613 4525 ἐν
636 4474 704 4542 τῇ
735 4471 857 4525 καθ’
894 4474 1042 4543 ἡμᾶς
1070 4475 1164 4544 γῇ,
1193 4474 1292 4544 τῆς
1325 4474 1530 4546 τροφῆς
1564 4475 1699 4528 ἐσω-

1778 2086 1964 2140 tinuas
1988 2084 2204 2155 vigilias
2228 2084 2461 2140 remittit
2492 2102 2505 2139 :
2533 2083 2755 2155 vigiliae,
2808 2082 2955 2153 quod
2985 2083 3222 2135 laxatum
3256 2090 3362 2146 est,

1778 2177 2023 2233 vicissim
2054 2176 2306 2231 tendunt.
2340 2174 2607 2231 Neutrum
2638 2176 2835 2229 horum
2878 2175 3143 2228 continuo
3182 2174 3363 2236 durat,

1781 2269 1875 2325 sed
1913 2269 2146 2324 alterum
2182 2270 2340 2324 alteri
2378 2271 2586 2323 mutuis
2616 2267 2833 2323 vicibus
2862 2268 3131 2329 succedit,
3167 2274 3365 2330 natura

1782 2361 2017 2428 seipsam
2056 2358 2375 2429 huiusmodi
2405 2358 2884 2415 vicissitudinibus
2910 2359 3276 2418 instaurante.
3309 2365 3370 2411 ut

1783 2450 1947 2505 modo
1974 2451 2101 2515 hoc,
2131 2449 2293 2505 modo
2324 2450 2419 2504 illo
2465 2464 2587 2514 usa,
2615 2456 2880 2520 perpetuo
2910 2450 2978 2503 ab
3004 2464 3114 2503 uno
3144 2450 3211 2503 ad
3243 2450 3374 2504 alto-

1784 2558 1906 2596 rum
1950 2550 2219 2598 transeat.
2253 2541 2388 2597 Nam
2421 2542 2470 2597 si
2508 2556 2727 2612 semper
2753 2543 2900 2597 vires
2946 2542 3201 2597 animalis
3244 2556 3374 2595 con-

1784 2642 1947 2689 tentae
1970 2634 2102 2699 sint,
2140 2633 2315 2704 frangi
2344 2648 2410 2687 ac
2431 2633 2698 2703 disrumpi
2731 2633 2948 2688 tandem
2984 2632 3231 2686 membra
3273 2646 3373 2686 su-

1787 2741 1885 2797 pra
1913 2726 2134 2780 modum
2172 2736 2321 2780 tenta
2359 2740 2591 2780 necesse
2620 2732 2740 2791 est;
2774 2731 3079 2793 contraque
3106 2723 3371 2777 continua

1786 2819 2040 2889 corporis
2067 2819 2357 2884 relaxatio,
2391 2818 2467 2872 rei
2499 2819 2651 2886 quasi
2675 2816 2954 2871 corruenti
2990 2831 3054 2870 ac
3090 2816 3375 2871 dissiilutae

1789 2910 2073 2975 interitum
2114 2909 2293 2965 atlert.
2336 2908 2479 2964 Usus
2526 2916 2709 2963 autem
2755 2908 3043 2978 utriusque
3090 2909 3375 2979 tempesti-

1789 3018 1891 3057 vus
1918 3009 2174 3058 naturam
2208 3008 2522 3066 conservat,
2556 3015 2677 3070 quas
2705 3001 2760 3055 in
2794 3009 3052 3070 perpetua
3086 3016 3267 3056 rerum
3301 3001 3378 3057 si-

1788 3095 1958 3150 bimet
1992 3094 2402 3150 adversantium
2451 3094 2855 3164 permutatione
2901 3110 3047 3149 nunc
3077 3095 3199 3159 hac,
3227 3110 3378 3150 nunc

1795 3187 1887 3241 illa
1937 3202 1997 3242 se
2046 3194 2283 3242 recreat.
2320 3186 2491 3256 Igitur
2528 3202 2651 3242 cum
2704 3202 2801 3257 per
2840 3188 3053 3258 vigilias
3100 3188 3379 3243 contentio

1795 3278 1996 3333 virium
2049 3292 2252 3347 corpus
2298 3277 2552 3332 nonnihil
2599 3276 2933 3342 debilitavit,
2983 3292 3179 3333 somno
3222 3278 3377 3332 laxa-

1795 3376 1913 3423 tum
1951 3369 2219 3424 reficitur.
2256 3367 2323 3421 Et
2360 3378 2420 3422 ut
2441 3370 2569 3439 equi
2601 3379 2726 3440 post
2759 3370 3059 3424 certamina
3094 3368 3380 3439 quadrigis

1795 3464 2136 3526 eximuntur,
2159 3462 2240 3515 sic
2262 3460 2553 3517 facultates
2588 3463 2892 3517 sentientes
2915 3461 3126 3531 agendo
3161 3461 3382 3517 lassatae

1797 3554 2110 3625 aliquandiu
2156 3569 2185 3607 a
2224 3562 2424 3607 natura
2474 3552 2720 3608 vicissim
2770 3560 3115 3608 recreantur.
3161 3551 3381 3607 Etenim

1796 3657 1883 3702 est
1933 3647 2249 3701 necessaria
2303 3661 2394 3701 res
2446 3645 2516 3699 ad
2572 3645 3047 3700 conservationem
3102 3644 3377 3713 corporis,

1796 3738 2121 3807 tempestiva
2171 3736 2451 3800 remissio,
2492 3744 2550 3789 ut
2582 3744 2697 3789 toto
2737 3735 2792 3789 in
2839 3750 3073 3805 corpore
3113 3750 3213 3805 per
3248 3750 3381 3791 suos

1798 3836 2013 3884 meatus
2044 3828 2164 3884 sine
2190 3829 2341 3883 omni
2379 3826 2770 3897 impedimento
2794 3826 2903 3880 cibi
2935 3825 3225 3889 didantur,
3257 3825 3381 3880 nul-

1797 3922 1851 3976 la
1883 3921 2124 3992 partium
2172 3920 2487 3975 iutensione
2535 3920 2639 3973 hoc
2678 3919 2841 3988 quasi
2887 3920 2991 3973 iter
3029 3917 3378 3974 obstruente.

1798 4013 2274 4081 Quemadmodum
2303 4014 2447 4068 enim
2485 4028 2549 4068 ex
2590 4021 2734 4067 terra
2766 4012 2975 4083 irrigua
3006 4026 3239 4082 vapores
3285 4025 3381 4064 ca-

1798 4106 2024 4177 liginosi
2075 4106 2144 4160 ah
2196 4105 2310 4160 imo
2337 4105 2712 4171 attrahuntur,
2754 4108 3100 4173 maximeque
3141 4119 3267 4158 cum
3299 4104 3382 4159 sol

1799 4197 1988 4252 radios
2024 4196 2321 4251 calidiores
2347 4196 2557 4265 spargit
2589 4213 2603 4250 :
2647 4194 2835 4249 itidem
2873 4195 3046 4248 nostri
3088 4193 3143 4247 in
3177 4192 3382 4262 opificii

1797 4289 1917 4344 solo
1946 4289 2225 4353 usuvenit,
2258 4286 2398 4342 cibis
2436 4288 2579 4340 intra
2617 4299 2722 4339 nos
2754 4300 2852 4353 per
2879 4283 3118 4338 calorem
3159 4294 3383 4338 natura-

1799 4383 1906 4438 lem
1937 4381 2357 4437 ebullieutibus.
2408 4380 2656 4448 Cumque
2684 4391 2920 4446 vapores
2967 4391 2997 4429 a
3028 4383 3225 4429 natura
3254 4392 3382 4431 sur-

1800 4490 1920 4531 sum
1951 4475 2201 4538 tendant,
2236 4481 2291 4528 et
2335 4472 2480 4528 aerei
2528 4473 2664 4537 sint,
2716 4473 2775 4525 lit
2804 4477 2866 4524 ut
2904 4471 2958 4524 in
2998 4470 3134 4525 locis
3186 4471 3382 4540 capitis

153 4558 227 4613 θεν
258 4563 353 4617 ὑπὸ
376 4565 473 4635 τῆς
504 4563 743 4635 φυσικῆς
772 4563 1104 4635 θερμότητος
1132 4564 1485 4637 ἀναζεούσης.
1531 4567 1687 4621 Ἀνω·

1801 4566 2116 4631 considant,
2158 4573 2209 4620 et
2241 4565 2468 4637 perinde
2499 4573 2665 4633 atque
2699 4564 2883 4619 fumus
2913 4579 3009 4633 per
3043 4565 3191 4633 ipsas
3217 4564 3379 4619 etiam

154 4655 309 4723 φερεῖς
332 4654 385 4707 δὲ
416 4656 571 4719 ὄντες
600 4657 649 4709 oi
690 4655 854 4726 ἀτμοὶ
889 4657 1032 4710 κα.τά
1074 4656 1253 4726 φύσιν,
1296 4658 1388 4711 καὶ
1420 4657 1698 4729 ἀερώδεις,

154 4744 231 4796 καὶ
257 4745 382 4817 πρὸς
404 4748 464 4801 τὸ
495 4747 893 4818 ὑπερκείμενον
920 4747 1301 4813 ἀναπνέοντες,
1329 4751 1387 4803 ἐν
1420 4753 1532 4813 τοῖς
1568 4756 1703 4804 κατὰ

154 4831 235 4903 τὴν
264 4838 499 4910 κεφαλὴν
540 4838 779 4907 γίνονται
828 4838 1071 4909 χωρίοις,
1102 4835 1213 4893 οἷόν
1252 4857 1335 4904 τις
1378 4842 1584 4906 καπνὸς
1624 4843 1703 4905 εἰς

154 4922 385 4994 ἁρμονίαν
417 4929 602 5001 τοίχου
630 4929 974 5002 διαδυόμενος
993 4948 1007 4962 ο
1045 4927 1165 4986 εἶτα
1187 4932 1436 4987 ἐντεῦθεν
1464 4935 1556 4987 ἐπὶ
1577 4935 1704 4997 τοὺς

156 5012 244 5067 τῶν
271 5019 629 5092 αἰσθητηρίων
670 5020 868 5093 πόρους
920 5020 1335 5095 ἐξατμιζόμενοι
1382 5002 1703 5097 διαφοροῦν-

156 5119 248 5169 ται,
268 5107 328 5161 δι’
357 5107 431 5165 ὦν
462 5114 629 5183 ἀργεῖ
663 5112 783 5166 κατ’
819 5113 1121 5186 ἀνάγκηνὴ
1155 5114 1426 5186 αἴσθησις,
1460 5119 1524 5187 τῇ
1560 5134 1703 5188 παρ-

158 5193 242 5266 ὁδῳ
260 5197 359 5252 τῶν
393 5202 581 5273 ἀτμῶν
606 5202 829 5257 ἐκείνων
852 5204 1166 5270 ύπεξιοῦσα.
1195 5208 1260 5260 Ai
1287 5206 1388 5278 μὲν
1409 5206 1518 5279 γὰρ
1551 5208 1705 5278 ὄψεις

159 5290 248 5351 τοῖς
289 5290 568 5366 βλεφάροις
609 5294 1089 5366 ἐπιλαμϐάνονται,
1129 5292 1240 5350 οἷόν
1282 5314 1423 5361 τινος
1460 5299 1706 5369 μηχανῆς

164 5377 470 5455 μολυϐδίνης,
512 5383 605 5438 τοῦ
649 5386 887 5440 τοιούτου
930 5388 1073 5457 λέγω
1113 5389 1335 5463 βάρους,
1369 5393 1482 5455 τοῖς
1510 5392 1707 5461 ὀφθαλ-

166 5472 265 5534 μοῖς
300 5474 635 5547 ἐπιχαλώσης
678 5477 739 5531 τὸ
789 5478 1076 5552 βλέφαρον.
1115 5481 1459 5551 Παχυνθεῖσα
1505 5482 1562 5535 δὲ
1593 5485 1705 5546 τοῖς

165 5557 317 5624 αὐτοῖς
339 5564 542 5631 τούτοις
577 5568 771 5637 ἀτμοῖς
797 5569 830 5639 ή
857 5568 1014 5639 ἀκοὴ,
1055 5572 1306 5643 καθάπερ
1348 5571 1517 5644 θύρας
1562 5571 1706 5635 τινὸς

172 5650 255 5713 =01:
289 5654 619 5723 ἀκουστικοῖς
666 5660 877 5730 μορίοις
925 5662 1288 5734 ἐπιτεθείσης,
1331 5664 1561 5736 ἡσυχίαν
1599 5663 1708 5719 ἀπὸ

168 5737 244 5807 τῆς
260 5747 392 5800 κατά
418 5749 573 5818 φύσιν
607 5751 887 5823 ἐνεργείας
924 5752 1047 5823 ἄγει
1067 5769 1081 5783 ⁸
1118 5754 1214 5807 καὶ
1253 5754 1312 5808 τὸ
1339 5754 1575 5808 τοιοῦτον
1603 5754 1707 5808 πά-

170 5827 240 5895 θος
267 5832 419 5905 ὕπνος
462 5843 630 5908 ἐστὶν,
661 5844 1004 5916 ἀτρεμούσης
1033 5847 1090 5898 ἐν
1121 5845 1199 5916 τῷ
1240 5847 1451 5917 σώματι
1487 5845 1585 5917 τῆς
1626 5848 1705 5900 αί-

1802 4657 1964 4728 quasi
2020 4657 2248 4727 parietis
2300 4655 2700 4711 commissuras
2761 4662 3067 4724 penetrent.
3129 4654 3261 4710 Inde
3314 4655 3382 4709 ad

1801 4756 2016 4803 meatus
2077 4762 2411 4818 organorum
2466 4760 2666 4801 sensus
2716 4746 2979 4815 paulatim
3033 4745 3384 4815 evaporando

1802 4837 1988 4903 delati,
2023 4838 2233 4908 passim
2264 4851 2388 4892 sese
2419 4834 2777 4905 permiscent,
2813 4845 2873 4888 ut
2908 4851 3131 4891 sensum
3163 4850 3381 4890 onmem

1804 4930 2045 4984 otiosum
2084 4927 2242 4983 reddi
2283 4942 2514 4983 necesse
2556 4926 2647 4989 sit,
2690 4925 2973 4981 cedentem
3016 4926 3280 4982 halitibus
3318 4927 3386 4980 il-

1804 5021 1874 5076 lis
1907 5033 2117 5090 organa
2148 5033 2213 5073 ea
2240 5019 2666 5089 occupantibus.
2710 5016 2867 5074 Oculi
2911 5031 2942 5071 a
2993 5017 3275 5088 palpebris
3305 5025 3387 5071 te-

1805 5111 2347 5184 guntur,lmjusmodi
2370 5126 2633 5182 vaporum
2659 5112 2903 5181 pondere
2925 5118 3186 5180 tanquam
3210 5109 3387 5178 plum-

1804 5202 1907 5257 bea
1947 5202 2203 5257 machina
2236 5201 2474 5273 quadam
2516 5202 2806 5273 palpebras
2836 5202 3015 5257 oculis
3058 5200 3382 5255 obducente.

1804 5292 2043 5348 Auditus
2085 5292 2155 5347 ab
2186 5293 2384 5348 iisdem
2435 5292 3089 5357 οὺεινιιοιυεκιιειίιίιηιε,
3121 5290 3387 5360 quasdam

1806 5386 1964 5455 quasi
1996 5384 2147 5442 fores
2184 5386 2436 5457 partibus
2474 5386 2686 5441 auditui
2719 5385 3009 5441 destinatis
3035 5382 3207 5446 obdit,
3241 5391 3295 5438 et
3319 5381 3389 5436 ab

1808 5477 2028 5533 actione
2058 5493 2158 5534 sua
2194 5479 2434 5533 naturali
2475 5489 2675 5535 cessat.
2714 5478 2895 5547 Atque
2926 5472 3391 5545 hujusmodiqui-

1806 5567 1929 5623 dem
1981 5568 2198 5626 affectio
2253 5570 2506 5639 corporis
2557 5585 2784 5625 somnus
2823 5567 3048 5633 dicitur,
3107 5580 3273 5621 sensu
3332 5566 3389 5621 in

1807 5677 2043 5733 corpore
2088 5664 2429 5733 quiescente,
2462 5674 2516 5720 et
2562 5663 2631 5717 ab
2667 5661 2818 5716 omni
2868 5670 3021 5715 motu
3057 5660 3387 5723 abstinente,

1809 5762 1870 5807 ut
1901 5753 2052 5809 facili
2085 5755 2302 5811 ratione
2332 5756 2490 5810 cibus
2518 5754 2763 5819 didatur,
2791 5760 2846 5808 et
2875 5766 2986 5807 una
3014 5768 3141 5809 cum
3170 5752 3392 5825 vapori-

1810 5843 1916 5903 bus
1950 5846 2061 5903 illis
2095 5863 2190 5917 per
2223 5856 2436 5903 meatus
2468 5846 2715 5918 singulos
2755 5853 3023 5918 penetret.
