3890 6354
459 417 563 472 167

1692 411 1746 466 S.
1790 409 2118 466 CllEGOllll
2156 406 2444 464 NYSSE'NI

3628 407 3729 465 '68

462 538 727 607 σθήσεως.
752 537 845 588 καὶ
868 534 1206 588 παντάπασιν
1230 534 1294 585 ἐκ
1329 534 1427 603 τῆς
1464 533 1605 586 κατά
1646 533 1806 602 φύσιν
1843 535 2108 601 κινήσεως
2147 531 2555 601 ἀπρακτούσης,
2590 529 2663 592 ὼς
2704 528 2768 581 ἂν
2802 528 3118 597 εὐπόρευειοι
3154 530 3417 596 γένωνται
3455 524 3559 597 τῆς
3611 543 3733 599 τρο.

458 634 567 705 φῆς
597 633 650 686 αἱ
685 631 981 694 ἀναδόσεις,
1009 631 1076 683 δι’
1106 630 1338 682 ἐκάστου
1367 628 1478 682 τῶν
1505 629 1685 699 πόρων
1709 631 1819 691 τοῖς
1844 629 2039 697 ἀτμοῖς
2067 625 2479 694 συνδιεξιούσης.

530 722 660 775 Eam
675 722 744 774 ob
766 736 878 775 rem
896 735 1019 775 cum
1045 720 1161 773 loca
1178 722 1380 789 passim
1402 724 1548 774 circa
1572 733 1832 773 sensuum
1845 733 2047 788 organa

2222 718 2330 771 Καὶ
2357 715 2548 768 τούτου
2592 716 2752 786 χάριν
2794 715 2843 768 εί
2896 715 3278 783 στενοχωροῖτο
3325 713 3424 782 μέν
3475 712 3586 765 ὑπὸ
3636 712 3737 782 τῆς

457 827 556 882 per
592 811 968 866 exbalationes
996 811 1299 867 ~interiores
1348 811 1735 875 obstruuntur,
1788 823 2041 865 somnum

460 911 642 956 autent
670 901 834 956 rebus
875 901 949 954 ita
982 902 1337 970 poscentibus
1375 900 1626 970 impediri
1666 907 1751 954 est
1781 913 2039 954 necesse:

462 1000 575 1048 tum
608 1009 737 1063 ergo
780 1001 962 1063 partes
989 1008 1201 1048 nerveae
1240 1008 1271 1046 a
1296 992 1589 1062 vaporibus
1619 998 1921 1061 occupatae,
1946 1004 2045 1045 na-

460 1092 586 1140 tura
620 1101 719 1141 sua
765 1087 977 1155 seipsas
1015 1084 1376 1146 contendunt,
1414 1092 1472 1137 nt
1512 1083 1614 1137 hac
1640 1082 1959 1137 extensione
1991 1080 2047 1134 id

462 1177 612 1248 quod
645 1193 739 1246 per
765 1176 1145 1231 exbalationes
1174 1175 1420 1230 crassius
1443 1183 1561 1247 erat
1590 1173 1887 1236 redditum,
1921 1186 2048 1226 rur-

462 1287 558 1327 sus
590 1278 928 1324 attenuetur.
972 1268 1095 1324 Non
1139 1268 1299 1323 aliter
1338 1278 1501 1338 atque
1534 1267 1649 1322 ﬁeri
1680 1267 1951 1329 videmus,
1991 1273 2067 1319 ut-

461 1362 815 1416 vebementcr
842 1358 1283 1428 contorquendo,
1312 1358 1560 1412 vestibus
1585 1357 1707 1411 udis
1740 1355 1938 1409 humor
1954 1369 2050 1407 ex-

464 1454 757 1520 primatur.
807 1450 952 1505 Idem
988 1450 1194 1506 halitus
1227 1450 1272 1504 si
1300 1450 1521 1518 quando
1570 1448 1678 1503 illis
1706 1462 1771 1501 ex
1804 1444 2050 1516 partibus

462 1541 768 1611 expellendi
796 1550 946 1604 sunt,
982 1556 1105 1612 qua:
1135 1548 1318 1609 partes
1342 1539 1408 1593 ad
1433 1540 1619 1595 fauces
1651 1540 1787 1604 sitae,
1821 1546 1875 1592 et
1901 1535 2052 1591 orbis

466 1634 717 1703 ﬁguram,
751 1645 805 1687 et
830 1647 1082 1702 magnam
1112 1646 1405 1686 nervorum
1426 1631 1640 1701 copiam
1660 1630 1894 1684 habent:
1925 1641 2051 1681 cum

466 1725 582 1778 ﬁeri
607 1739 715 1777 non
741 1724 936 1791 possit.
966 1732 1025 1776 ut
1046 1722 1351 1777 membrum
1373 1721 1519 1792 quod
1546 1722 1836 1775 rotundum
1859 1726 1966 1783 est,
1997 1718 2054 1772 in

464 1824 677 1869 rectum
698 1814 1045 1878 extendatur,
1071 1814 1407 1883 omninoque
1432 1812 1566 1867 illud
1590 1812 1806 1867 dilatari
1832 1825 2057 1865 necesse

468 1905 543 1963 sit
576 1906 629 1960 in
660 1905 950 1960 circularis
982 1905 1170 1975 ﬁgura:
1215 1905 1482 1971 formam;
1531 1904 1740 1958 idcirco
1767 1902 1965 1972 spiritu
2000 1902 2055 1956 in

465 1998 799 2053 oscitatione
850 2006 1093 2068 recepto,
1129 2005 1421 2066 intentoque
1461 1996 1641 2064 gulam
1674 1994 1813 2047 infra
1853 1994 1932 2046 sic
1959 1993 2053 2047 dc-

476 2105 691 2161 presso,
745 2096 803 2143 ut
854 2090 1143 2144 caritatem
1184 2086 1398 2152 efﬁciat,
1440 2087 1698 2142 omnibus
1751 2084 1914 2140 etiam
1974 2084 2061 2138 in-

465 2183 764 2239 terioribus
822 2182 876 2235 in
927 2181 1121 2236 circuli
1164 2180 1390 2249 ﬁguram
1436 2177 1819 2240 conformatis,
1878 2174 2058 2228 fumea

469 2273 662 2328 istliwc
706 2273 1011 2336 crassities,
1049 2286 1172 2339 quae
1205 2270 1258 2323 in
1298 2268 1560 2322 membris
1612 2266 1914 2329 resederat,
1952 2279 2060 2319 una

470 2378 598 2417 cum
634 2363 841 2430 spiritu
897 2360 1241 2431 propellitur.
1298 2359 1599 2413 Usuveuire
1637 2367 1822 2411 autem
1874 2356 2064 2424 hujus-

473 2454 619 2509 ιιιοιιί
645 2451 904 2521 quiddam
933 2451 1090 2503 nobis
1125 2449 1438 2520 frequenter
1477 2456 1531 2502 et
1557 2463 1587 2501 a
1611 2461 1805 2502 somno
1828 2448 2065 2515 plerum-

473 2561 580 2615 que
613 2546 773 2607 solet,
813 2559 939 2596 cum
973 2558 1163 2597 eorum
1217 2543 1487 2596 halituunt
1520 2541 1726 2610 aliquid
1763 2541 1898 2594 locis
1936 2539 2064 2607 qui-

474 2637 706 2693 busdam
739 2644 984 2705 superat,
1022 2633 1265 2688 nondum
1314 2634 1451 2688 satis
1485 2640 1832 2697 concoctum,
1885 2646 2064 2699 neque

473 2730 824 2799 dissipatum.
860 2727 937 2781 Ex
966 2728 1050 2781 bis
1081 2727 1372 2796 perspicue
1400 2733 1568 2795 patet,
1601 2732 1837 2779 mentem
1870 2724 2065 2779 huma-

474 2837 602 2876 nam
644 2828 929 2890 perpetuo,
983 2820 1028 2873 si
1069 2827 1123 2873 et
1152 2820 1362 2887 integra
1402 2827 1594 2871 natura
1627 2817 1721 2877 sit,
1771 2823 1826 2870 et
1857 2817 2062 2887 vigilet,

476 2913 752 2968 efficacem
784 2927 927 2976 esse,
959 2925 1023 2963 ac
1050 2910 1283 2962 moveri.
1317 2907 1412 2962 Sin
1442 2924 1504 2962 ea
1536 2922 1729 2961 somno
1761 2908 1831 2961 sit
1862 2907 2064 2971 laxata,

479 3014 633 3061 motu
665 3012 717 3061 et
754 3005 928 3075 ipsam
953 3020 1054 3058 suo
1084 3018 1293 3058 carere.
1328 3001 1441 3055 Nisi
1478 3004 1602 3071 quis
1639 3000 1777 3056 forte
1806 3000 1877 3055 sit
1914 3015 1981 3055 ca
2011 3000 2065 3054 in

481 3097 779 3161 sententia,
810 3104 868 3150 ut
893 3094 1338 3166 imaginationem
1372 3093 1429 3147 in
1466 3092 1702 3149 somniis
1728 3092 1925 3147 mentis
1946 3106 2070 3147 esse

478 3201 713 3251 motum,
735 3187 827 3257 qui
862 3187 1082 3241 homine
1110 3186 1272 3241 etiam
1306 3185 1614 3239 dormiente
1649 3200 1757 3240 non
1793 3184 2066 3254 quiescat,

482 3282 759 3351 opinetur.
796 3277 1061 3348 Equidem
1106 3278 1185 3331 sic
1232 3283 1435 3339 statuo,
1477 3283 1688 3329 tantum
1741 3274 2067 3345 prudentem

2144 806 2357 860 ἔνδοθεν
2405 806 2821 877 ἀναθυμιάσεως
2868 808 2902 878 ὴ
2945 806 3072 877 περ)⁵
3123 804 3192 859 τὰ
3238 805 3568 875 αἰσθητήρια
3613 804 3738 858 δια-

2147 900 2351 969 σκευὴ,
2402 898 2663 953 κωλύοιτο
2715 898 2772 951 δέ
2827 897 2971 951 κατά
3010 913 3135 950 τινα
3195 897 3385 967 χρείαν
3432 898 3463 950 ὁ
3523 894 3735 958 ὕπνος·

2148 991 2353 1062 πλῆρες
2382 991 2671 1059 γενόμενον
2708 987 2817 1040 τῶν
2841 986 3030 1057 ἀτμῶν
3062 986 3122 1039 τὸ
3155 985 3441 1057 νευρῶδες,
3475 985 3613 1038 αὐτὸ
3647 984 3741 1052 ὑφ’

2148 1083 2341 1136 ἐαυτοῦ
2369 1080 2611 1151 φυσικῶς
2645 1079 2987 1141 διατείνεται,
3020 1066 3093 1142 ῶς
3128 1078 3215 1130 διὰ
3241 1078 3342 1148 τῆς
3364 1076 3648 1139 ἐκτάσεως
3681 1073 3745 1127 τὸ

2150 1172 2417 1243 παχυνθὲν
2449 1172 2552 1224 ὑπὸ
2580 1170 2685 1224 τῶν
2719 1169 2905 1240 ἀτμῶν
2943 1172 3106 1241 μέρος
3133 1169 3593 1238 ἐκλεπτυνθῆναυ
3629 1164 3747 1222 οἶόν

2151 1284 2203 1320 τι
2230 1264 2475 1319 ποιοῦσιν
2507 1267 2555 1318 οἱ
2582 1265 2669 1318 διὰ
2706 1265 2805 1335 τῆς
2850 1261 3213 1333 σφοδροτέρας
3257 1258 3653 1331 στρεϐλώσεως
3686 1257 3748 1309 τὸ

2152 1357 2293 1427 ὕδωρ
2318 1356 2423 1408 τῶν
2452 1355 2680 1426 ἱματίων
2704 1355 3064 1415 ἐκθλίόοντες.
3093 1352 3197 1405 Καὶ
3222 1350 3409 1421 ἐπειδὴ
3432 1348 3749 1420 κυκλοτερῆ

2150 1449 2218 1501 τὰ
2245 1449 2373 1519 περὶ
2400 1450 2493 1501 τὸν
2523 1447 2777 1517 φάρυγγα
2802 1446 2964 1517 μέρη,
2992 1444 3277 1510 πλεονάζει
3303 1443 3360 1496 δὲ
3384 1442 3444 1495 τὺ
3471 1440 3752 1514 νευρῶδες

2154 1543 2210 1592 ἐν
2241 1540 2479 1601 τούτοις*
2512 1539 2641 1591 ὅταν
2671 1538 2764 1591 καὶ
2792 1537 2899 1591 ἀπὸ
2940 1538 3144 1590 τούτων
3170 1535 3473 1607 ἐξωσθῆναι
3501 1533 3617 1589 δέοι
3649 1533 3752 1603 τὴν

2102 1688 2107 1693 _
2155 1630 2264 1683 τῶν
2301 1629 2491 1700 ἀτμῶν
2532 1629 2909 1700 παχυμέρειαν
2945 1628 3154 1698 (ἐπειδὴ
3200 1626 3480 1697 ἀμήχανόν
3527 1628 3652 1678 ἐστι
3684 1623 3754 1676 δι’

2156 1722 2366 1786 εύθείας
2391 1725 2671 1777 ἀποτεῖναι
2691 1722 2750 1774 τὸ
2778 1721 3082 1784 κυκλοειδές
3114 1720 3301 1791 μέρος.
3332 1719 3380 1771 εί
3416 1718 3493 1788 μὴ
3520 1717 3672 1771 κατά
3694 1715 3758 1768 τὸ

2158 1815 2454 1887 περιφερὲς
2498 1815 2681 1887 σχῆμα
2717 1813 3051 1885 διαταθείη)⁶
3105 1813 3296 1865 τούτου
3326 1809 3487 1883 χάριν
3534 1809 3756 1879 ἀπολη-

2160 1909 2384 1977 φθέντος
2415 1910 2470 1959 ἐν
2496 1911 2561 1978 τῇ
2598 1908 2783 1980 χάσμῃ
2815 1906 2909 1959 τοῦ
2940 1903 3267 1977 πνεύματος,
3299 1905 3388 1956 ὅτε
3416 1904 3445 1955 ὁ
3474 1900 3759 1972 άνθερεὼν

2162 2001 2253 2054 ἐπὶ
2283 1999 2342 2052 τὸ
2392 1999 2539 2052 κάτω
2570 2000 2682 2062 τοῖς
2722 1997 3106 2069 γαργαρεῶσιν
3151 1994 3617 2057 ὑποκοιλαίνεται,
3662 1994 3761 2046 καὶ

2160 2092 2267 2145 τῶν
2298 2091 2447 2153 ἐντὸς
2476 2091 2693 2144 πάντων
2732 2091 2812 2151 εἰς
2841 2089 3043 2142 κύκλου
3075 2088 3259 2158 σχῆμα
3303 2085 3696 2147 διαταθέντων,
3730 2090 3761 2158 ἡ

2160 2183 2459 2252 λιγνυώδης
2509 2181 2690 2252 ἐκείνη
2747 2180 2994 2252 παχύτης
3045 2182 3078 2251 ἠ
3136 2180 3584 2250 ἐναπειλημμένη
3645 2181 3763 2240 τοῖς

2165 2278 2356 2349 μέρεσι
2416 2275 2818 2327 συνδιαπνεῖται
2877 2276 2943 2345 τῇ
2994 2272 3212 2343 διεξόδῳ
3263 2271 3357 2325 τοῦ
3415 2269 3759 2341 πνεύματος.

2164 2368 2431 2429 Πολλάκις
2451 2366 2529 2430 δέ,
2557 2365 2649 2418 καὶ
2676 2364 2813 2435 μετὰ
2832 2364 2921 2417 τὸν
2949 2363 3114 2417 ὕπνον
3139 2359 3245 2417 οἶδε
3266 2361 3326 2415 τὸ
3345 2361 3593 2415 τοιοῦτον
3623 2378 3689 2414 συ
3700 2380 3763 2430 μ·-

2164 2461 2392 2522 ὁαίνειν.
2428 2461 2555 2513 ὅταν
2600 2475 2649 2511 τι
2702 2458 2812 2510 τῶν
2856 2457 3047 2526 ἀτμῶν
3090 2455 3313 2510 ἐκείνων
3372 2454 3761 2526 περιλειφθείη

2164 2554 2277 2613 τοῖς
2302 2551 2485 2613 τόποις
2514 2549 2800 2620 ἀπεμπτόν
2831 2565 2890 2601 τε
2926 2549 3020 2601 καὶ
3052 2547 3462 2601 ἀδιάπνευστον.
3513 2547 3614 2599 Ἐκ
3639 2545 3764 2598 τού·

2166 2661 2273 2697 των
2297 2643 2475 2695 τοίνυν
2500 2644 2527 2696 ὁ
2556 2641 2892 2713 ἀνθρώπινος
2929 2640 3053 2703 νοῦς
3079 2639 3351 2693 δείκνυσιν
3374 2638 3651 2711 ἐναργῶς,
3680 2638 3763 2691 ὅτι

2164 2736 2266 2806 τῆς
2290 2736 2504 2804 φύσεως
2530 2733 2732 2803 ἔχεται.
2764 2733 3106 2804 συνεστώσης
3133 2734 3231 2801 μὲν
3252 2732 3344 2785 καὶ
3365 2730 3761 2802 ἐγρηγορυίας,

2168 2826 2264 2880 καὶ
2297 2825 2459 2888 αὐτὸς
2486 2825 2761 2896 συνεργῶν
2802 2824 2894 2877 καὶ
2934 2824 3281 2894 κινούμενος’
3326 2822 3673 2893 παρεθείσης
3709 2822 3764 2875 δέ

2167 2916 2244 2986 τῷ
2290 2915 2462 2986 ὕπνῳ,
2500 2915 2678 2985 μένων
2708 2913 2980 2985 ἀκίνητος,
3013 2917 3061 2967 εἰ
3114 2915 3187 2986 μή
3221 2932 3304 2978 τις
3333 2913 3442 2984 ἄρα
3480 2913 3585 2983 τὴν
3622 2913 3764 2966 ὀνει-

2170 3007 2316 3080 ρώδη
2342 3008 2642 3077 φαντασίαν
2665 3005 2755 3058 νοῦ
2787 3005 2995 3077 κίνησιν
3020 3004 3280 3058 ὑπολάϐοι
3307 3003 3446 3058 κατά
3473 3004 3568 3076 τδν
3594 3003 3765 3057 ὕπνον

2168 3101 2592 3173 ἐνεργουμένην.
2634 3099 2821 3169 Ἡμεῖς
2862 3097 2919 3151 δέ
2966 3114 3147 3168 φαμεν
3188 3097 3356 3168 μόνην
3396 3096 3506 3148 δεῖν
3534 3095 3640 3166 τὴν
3666 3095 3760 3166 έμ-

2171 3194 2345 3266 φρονά
2375 3210 2433 3244 τε
2463 3193 2553 3244 καὶ
2586 3190 2926 3244 συνεστῶσαν
2955 3190 3057 3259 τῆς
3091 3189 3331 3252 διανοίας
3359 3188 3653 3259 ἐνέργειαν
3678 3190 3769 3242 ἐπὶ

2169 3285 2261 3339 τὸν
2310 3284 2433 3337 νοῦν
2473 3283 2792 3353 ἀναφέρειν·
2825 3282 2923 3345 τὰς
2951 3281 3006 3334 δὲ
3050 3281 3188 3334 κατά
3225 3282 3315 3334 τὸν
3357 3280 3527 3335 ὕπνον
3558 3298 3771 3350 φαντα-

480 3382 537 3428 et
568 3375 832 3441 integram
891 3369 1166 3440 cogitandi
1225 3368 1540 3422 facultatem
1591 3369 1761 3421 menti
1798 3382 1923 3422 esse
1956 3367 2060 3420 tri-

2173 3376 2381 3439 σιώδεις
2408 3375 2676 3447 φλυαρίας
2709 3373 3005 3443 ἰνδάλματά
3040 3390 3159 3426 τινα
3202 3375 3299 3444 τῆς
3340 3373 3482 3427 κατά
3518 3372 3616 3426 τὸν
3646 3371 3772 3424 νοῦν

482 3464 781 3519 buendam.
810 3462 944 3527 Quae
969 3469 1078 3515 autt
1099 3477 1150 3514 tn
1178 3475 1273 3532 per
1299 3474 1552 3513 somnum
1585 3475 1643 3513 se
1666 3458 1901 3513 oﬁerunt
1936 3460 2072 3512 ima—

483 3556 709 3628 ginaria:
762 3569 941 3625 nugae.
1001 3567 1102 3607 ceu
1155 3552 1451 3607 simulacra
1501 3551 1747 3621 quaedam
1796 3552 2071 3605 actionum

483 3647 707 3707 mentis,
763 3645 861 3698 bas
897 3644 967 3697 ab
1012 3643 1181 3696 animi
1227 3657 1289 3696 ea
1318 3642 1500 3713 specie
1531 3657 1654 3712 qum
1702 3643 1918 3697 ratione
1966 3658 2075 3697 non

483 3737 677 3800 utitur,
727 3745 931 3791 temere
975 3735 1102 3804 ﬁngi
1141 3733 1543 3797 existimamus.
1594 3734 1730 3788 Nam
1767 3735 1823 3788 in
1863 3734 2070 3798 animo,

482 3831 577 3901 qui
612 3844 806 3884 somno
851 3828 1183 3897 praepeditus
1218 3843 1313 3897 per
1356 3843 1553 3881 sensus
1586 3842 1692 3881 non
1724 3827 1857 3896 agit,
1909 3828 2073 3881 etiam

487 3922 691 3976 mentis
725 3920 972 3973 actiones
1018 3934 1240 3973 cessare
1290 3932 1517 3973 necesse
1564 3927 1669 3972 est.
1723 3916 1827 3971 Per
1878 3932 2077 3972 sensus

485 4012 632 4067 enim
679 4025 837 4065 mens
872 4010 1117 4062 humano
1169 4009 1388 4076 corpori
1441 4015 1807 4077 temperatura
1837 4009 2074 4078 quadam

486 4101 768 4172 jungitur:
802 4100 1009 4153 idcirco
1039 4100 1451 4168 quiescentibus
1482 4100 1534 4152 in
1562 4100 1772 4168 agendo
1795 4100 2073 4163 sensibus,

488 4196 651 4247 etiam
703 4199 940 4244 mentem
987 4191 1221 4244 otiosam
1269 4205 1410 4253 eSsc,
1465 4204 1596 4243 vero
1643 4198 2075 4244 consentaneum

489 4283 728 4339 maxime
778 4282 962 4338 fuerit.
1004 4281 1157 4337 Licet
1197 4282 1298 4335 hoc
1348 4283 1441 4337 illo
1487 4297 1706 4352 quoque
1753 4292 2079 4352 argumento

490 4373 918 4444 deprehendere,
964 4372 1107 4443 quod
1130 4373 1382 4427 absurdis
1421 4373 1474 4426 itt
1500 4373 1686 4436 rebus,
1723 4380 1888 4441 atque
1919 4373 2078 4427 etiam

492 4464 787 4535 aliquan‘do
845 4465 900 4518 in
947 4465 1015 4516 iis
1066 4478 1189 4532 qua:
1227 4461 1342 4516 ﬁeri
1398 4470 1694 4531 nequeunt,
1748 4462 2082 4517 dormientes

495 4554 848 4625 imaginando
887 4554 993 4609 sibi
1025 4553 1232 4607 versari
1267 4552 1551 4606 videntur.
1599 4551 1759 4606 Nullo
1787 4552 1932 4607 enim
1966 4552 2081 4608 ﬁeri

2175 3468 2452 3537 ἐνεργείας
2507 3464 2731 3535 οἰόμεθα
2779 3463 2855 3534 τῷ
2886 3465 3212 3535 ἀλογωτέρῳ
3257 3465 3358 3534 τῆς
3404 3463 3589 3534 ψυχῆς
3640 3464 3773 3517 εἴδει

2176 3560 2320 3614 κατά
2348 3558 2409 3612 τὸ
2448 3557 2663 3627 συμϐὰν
2694 3555 3132 3611 διαπλάττεσθαι.
3163 3556 3284 3608 Τῶν
3317 3555 3425 3626 γὰρ
3457 3555 3772 3626 αἰσθήσεων

2174 3652 2274 3721 τὴν
2301 3650 2479 3720 ψυχὴν
2509 3647 2870 3701 ἀπολυθεῖσαν
2898 3646 2984 3700 διά
3011 3648 3106 3701 τοῦ
3133 3646 3325 3708 ὕπνου,
3365 3647 3459 3700 καὶ
3484 3645 3598 3699 τῶν
3630 3647 3776 3701 κατά

2177 3741 2301 3796 νοῦν
2340 3740 2630 3811 ἐνεργειῶν
2665 3738 2820 3802 ἐκτὸς
2846 3734 2985 3815 εἶναι
3023 3740 3144 3791 κατ’
3177 3738 3423 3809 ἀνάγκην
3450 3737 3773 3808 συμϐαίνει.

2176 3832 2277 3887 Διά
2309 3830 2416 3901 γὰρ
2445 3829 2652 3882 τούτων
2703 3827 2839 3898 πρὸς
2880 3826 2971 3880 τὸν
3002 3826 3290 3899 ἄνθρωπον
3325 3827 3358 3897 ἡ
3388 3823 3480 3877 τοῦ
3522 3823 3619 3877 νοῦ
3651 3842 3775 3877 συν-

2177 3925 2479 3994 ανάκρασις
2503 3920 2737 3989 γίνεται·
2767 3919 2875 3972 τῶν
2904 3914 2995 3972 οὖν
3033 3918 3338 3988 αἰσθήσεων
3377 3916 3773 3987 παυσαμένων,

2178 4017 2370 4087 ἀργεῖν
2402 4014 2613 4081 ἀνάγκη
2645 4011 2737 4064 καὶ
2757 4010 2855 4082 τὴν
2876 4010 3136 4063 διάνοιαν.
3169 4007 3480 4079 Τεκμήριον
3509 4006 3567 4059 δὲ
3594 4007 3659 4059 τὸ
3681 4008 3774 4062 καὶ

2180 4110 2238 4161 ἐν
2269 4107 2492 4168 ἀτόποις
2534 4106 2628 4158 καὶ
2658 4107 2717 4157 ἐν
2744 4102 3046 4173 ἀμηχάνοις
3096 4100 3357 4164 πολλάκις
3402 4099 3580 4153 δοκεῖν
3635 4095 3776 4153 εἶναι

2178 4201 2271 4254 τὸν
2319 4197 2752 4269 φανταζόμενον
2802 4195 2939 4265 ὅπερ
2983 4194 3083 4246 οὐκ
3131 4191 3197 4245 ἂν
3244 4189 3479 4258 ἐγένετο,
3525 4187 3778 4259 λογισμῷ

2181 4294 2275 4348 καὶ
2302 4290 2511 4360 διανοίᾳ
2532 4290 2630 4359 τῆς
2652 4286 2830 4357 ψυχῆς
2851 4282 3150 4356 τηνικαῦτα
3175 4280 3568 4351 διοικουμένης.
3617 4278 3781 4332 Ἀλλά

2186 4402 2275 4456 μοι
2299 4382 2447 4436 δοκεῖ
2477 4382 2595 4443 ταῖς
2639 4375 3060 4449 προτιμοτέραις
3096 4373 3205 4427 τῶν
3233 4372 3517 4441 δυνάμεων
3541 4368 3645 4438 τῆς
3676 4368 3781 4436 ψυ-

2184 4478 2281 4550 χῆς
2316 4473 2629 4546 ἠρεμούσης
2665 4472 2831 4540 (φημὶ
2859 4469 2916 4522 δέ
2942 4471 3064 4531 ταῖς
3102 4464 3245 4520 κατά
3268 4464 3360 4516 τὸν
3399 4461 3522 4515 νοῦν
3552 4461 3650 4514 καὶ
3681 4459 3782 4529 τὴν

2184 4564 2438 4633 αἴσθησιν
2468 4560 2790 4632 ἐνεργείαις)
2822 4558 2980 4629 μόνον
3006 4558 3067 4609 τὸ
3095 4553 3385 4626 θρεπτικὸν
3411 4551 3583 4621 αὐτῆς
3612 4552 3783 4621 μέρος

495 4647 604 4702 hoc
641 4654 801 4717 Ρθυιο
831 4653 1039 4717 Ροδδειν
1089 4647 1137 4701 εί
1178 4644 1397 4699 animus
1428 4660 1496 4700 θο
1534 4653 1778 4715 ιεηιροτθ
1808 4661 1841 4699 ³
1871 4647 2085 4701 ratione
2118 4719 2151 4727 _
2186 4656 2411 4727 ἐνεργὸν
2436 4652 2576 4707 κατά
2607 4651 2697 4705 τὸν
2735 4650 2902 4703 ὕπνον
2941 4645 3102 4711 εἶναι,
3132 4650 3190 4700 ἐν
3221 4647 3274 4699 δὲ
3320 4644 3492 4715 τούτῳ
3518 4642 3630 4695 τῶν
3658 4642 3783 4696 καθ’

497 4749 553 4794 et
588 4748 769 4793 mente
795 4737 1214 4808 gubernaretur.
1251 4737 1438 4806 Itaque
1474 4737 1605 4791 mihi
1634 4737 1869 4803 videtur,
1897 4736 2067 4791 animt

2193 4719 2342 4817 ὕπαρ
2384 4742 2693 4814 γενομένων
2740 4741 2935 4795 εἴδωλά
2979 4756 3125 4803 τινα,
3159 4739 3254 4791 καὶ
3288 4737 3631 4807 ἀπηχήματα
3673 4734 3784 4785 τῶν

498 4832 802 4888 secundum
859 4829 1154 4886 facultates
1202 4831 1692 4899 praestantissimas
1739 4832 2082 4900 quiescente,

498 4921 802 4980 secundum
852 4929 1088 4977 mentem
1127 4932 1183 4977 et
1221 4937 1467 4988 sensum,
1528 4923 1643 4978 sola
1692 4938 1822 4992 pars
1866 4938 1930 4978 ea
1963 4939 2087 4993 qua:

497 5014 779 5072 nutriendi
820 5015 931 5069 vim
977 5014 1164 5075 habet.
1199 5014 1363 5068 nobis
1407 5013 1810 5068 dormientibus
1846 5013 2083 5069 ofﬁcium

501 5109 715 5164 facere:
771 5108 825 5160 in
874 5106 975 5161 hac
1007 5107 1266 5161 nimirum
1311 5105 1578 5176 imagines
1609 5106 1856 5175 quasdam
1893 5121 2085 5161 eorum

497 5217 622 5273 quae
647 5201 806 5257 nobis
830 5200 1182 5270 vigilantibus
1212 5208 1531 5261 occurrunt,
1565 5206 1620 5252 et
1643 5198 1803 5268 quasi
1827 5214 1892 5253 ex
1922 5199 2086 5269 longo

2192 4855 2250 4893 τε
2284 4832 2404 4889 κατ’
2432 4834 2703 4903 αἴσθησιν,
2744 4830 2970 4885 καὶτῶν
3013 4827 3155 4883 κατά
3181 4827 3419 4881 διάνοιαν
3458 4823 3787 4897 ἐνεργουμέ-

2193 4944 2318 4992 νων,
2357 4926 2501 4997 άπερ
2545 4922 2694 4995 αὐτῷ
2737 4923 2827 4976 διὰ
2851 4920 2947 4975 τοῦ
2994 4915 3429 4991 μνημονευτικοῦ
3474 4916 3572 4986 τῆς
3604 4913 3785 4983 ψυχῆς

2194 5021 2368 5082 εἴδους
2412 5015 2753 5087 ἐνετυκώθη·
2796 5013 2967 5067 ταῦτα
3004 5012 3185 5076 καθὼς
3230 5011 3419 5080 ἔτυχεν
3462 5008 3785 5076 ἀναζωγρα-

2196 5109 2436 5180 ιρεῖσθαι,
2480 5105 2843 5178 ἀπηχήματός
2873 5122 3020 5168 τινος
3057 5102 3394 5175 μνημονικοῦ
3435 5099 3513 5172 τῷ
3557 5097 3787 5166 τοιούτῳ

2198 5198 2329 5252 εἴδει
2351 5197 2453 5265 τῆς
2481 5196 2656 5266 ψυχῆς
2684 5192 3138 5264 παραμείναντος.

501 5291 789 5347 intervallo
821 5289 1241 5346 obscuriuscule
1264 5287 1430 5342 delati
1473 5304 1656 5344 rerum
1707 5304 1805 5357 per
1853 5304 2049 5344 sensus
2083 5298 2140 5345 et
2176 5289 2540 5359 cogitationes
2578 5295 2823 5339 actarum
2861 5284 3004 5345 soni,
3041 5297 3139 5354 per
3179 5282 3287 5335 vim
3323 5281 3519 5334 anima:
3560 5277 3788 5331 remini-

505 5395 745 5442 scentem
771 5384 1047 5455 impressi,
1079 5391 1286 5438 temere
1311 5380 1650 5437 formantur:
1683 5382 1786 5437 hac
1817 5384 1964 5437 velut
1990 5393 2234 5439 extrema
2274 5382 2588 5438 resonantia
2623 5396 2691 5435 ex
2720 5378 2983 5434 memoria
3018 5376 3285 5448 profecta,
3319 5373 3584 5430 nutrienti
3620 5372 3785 5427 animt

507 5478 646 5548 parti
671 5480 905 5546 quodam
934 5476 1099 5532 modo
1123 5475 1535 5530 inbazrescente.

583 5569 902 5635 Huiusmodi
946 5583 1079 5640 ergo
1130 5568 1187 5622 in
1242 5566 1722 5636 imaginationibus
1753 5565 1917 5619 homo
1965 5564 2095 5619 dor-

512 5663 691 5716 miens
715 5668 990 5725 versatur,
1021 5674 1200 5728 neque
1232 5665 1381 5710 recta
1413 5654 1820 5725 progressionis
1853 5654 1994 5708 serie
2027 5655 2094 5707 ad

511 5768 605 5809 res
632 5766 755 5821 quae
785 5758 1070 5819 apparent,
1115 5748 1429 5811 deducitur,
1482 5746 1580 5801 sed
1625 5743 1875 5800 confusis
1905 5756 1962 5798 et
1987 5759 2097 5797 non

515 5841 900 5899 consentaneis
946 5839 1230 5895 erroribus
1258 5839 1581 5906 obvagatur.
1626 5834 2098 5905 Quemadmodum

2283 5559 2373 5611 Ἐν
2395 5558 2600 5618 τούτοις
2617 5550 2713 5609 οῦν
2728 5554 3112 5623 φαντασιοῦται
3130 5554 3267 5609 ὀάνο
3275 5564 3473 5626 ρωπος,
3495 5554 3596 5625 οὐχ
3618 5556 3791 5628 εἱρμῷ

2201 5667 2308 5703 τινι
2324 5649 2462 5719 πρὸς
2484 5648 2582 5718 τὴν
2605 5646 2715 5700 τῶν
2745 5646 3086 5716 φαινομένων
3103 5645 3320 5716 ὀμιλιαν
3348 5647 3642 5716 ἀγόμενος,
3663 5647 3790 5701 ἀλλὰ

2206 5740 2580 5810 πεᾳυρμέναις
2601 5739 2712 5791 τισὶ
2737 5740 2831 5791 καὶ
2857 5736 3501 5802 ἀνακολούθοιςάπάταις
3529 5741 3793 5814 περιπλα-

2206 5831 2465 5901 νώμενος.
2495 5830 2763 5911 ἰςαθάπερ
2787 5829 2842 5882 δὲ
2869 5829 3010 5884 κατὰ
3035 5829 3134 5893 τὰς
3158 5829 3475 5901 σωματικὰς
3497 5831 3793 5903 ἐνεργείας.
