3890 6392
122 510 210 566 {69
1342 499 1431 553 DE
1472 497 1760 554 llOMlNlS
1802 495 2116 553 OPIFICIO.

3261 490 3364 546 570

125 623 219 678 τῶν
247 620 422 693 μερῶν
454 610 767 681 ἰδιαζόντως
803 632 855 668 τι
892 612 1033 670 κατὰ
1056 612 1153 685 τὴν
1182 612 1510 685 ὲγκειμένην
1540 612 1686 683 αὐτῷ

1792 621 1975 668 autem
2008 611 2066 667 in
2100 608 2351 681 corporis
2399 605 2781 664 eﬂcctionibus
2833 605 2912 671 fit,
2963 613 3022 659 ut
3053 618 3367 676 quanquam

125 710 343 785 φυσικῶς
369 711 603 782 δύναμιν
647 707 1013 779 ἐνεργοῦντος,
1053 706 1261 775 γίνεταί
1307 723 1391 769 τις
1438 706 1535 759 καὶ
1584 702 1681 759 τοῦ

126 803 429 877 ἠρεμοῦντος
455 801 830 874 μέρους·πρδς
854 800 917 854 τὸ
948 800 1266 871 κινούμενον
1314 798 1680 863 συνδιάθεσιςο

125 896 371 965 ἀναλόγως
403 894 497 949 καὶ
523 894 616 947 ἐπὶ
638 894 737 964 τῆς
762 892 966 965 ψυχῆς,
991 892 1097 946 κᾶν
1129 891 1190 945 τὸ
1218 892 1320 963 μὲν
1350 891 1521 962 αὐτῆς
1554 892 1684 963 ἡρε-

128 989 263 1058 μοῦν,
294 989 350 1041 τὸ
377 988 434 1040 δὲ
474 985 790 1056 κινούμενον
830 986 990 1057 τύχῃ,
1016 984 1078 1037 τὸ
1106 985 1225 1037 ὅλον
1370 984 1524 1056 μέρει
1561 1001 1685 1037 συν-

124 1079 404 1133 διατίθεται.
422 1078 560 1133 Οὐδὲ
576 1079 646 1147 γά
653 1096 684 1149 ρ
700 1062 973 1148 ἐνδέχεται
994 1076 1489 1147 συνδιασπασθῆναι
1508 1076 1682 1148 πάντη

125 1170 207 1241 τὴν
233 1170 366 1224 κατά
407 1169 570 1240 φύσιν
611 1171 857 1240 ἑνότητα,
893 1169 1213 1241 κρατούσης
1243 1170 1302 1222 ὲν
1336 1169 1492 1240 μέρει
1539 1171 1684 1234 τινὸς

126 1264 219 1316 τῶν
248 1264 360 1316 κατ’
399 1262 570 1333 αὐτὴν
606 1262 888 1333 δυνάμεων
932 1262 1018 1316 διὰ
1052 1262 1156 1331 τῆς
1200 1262 1496 1334 ἐνεργείας.
1546 1262 1684 1316 Ἀλλ’

127 1354 291 1425 ῶσπερ
319 1355 697 1426 ἐγρηγορότων
731 1372 788 1407 τε
826 1355 919 1408 καὶ
949 1352 1360 1418 σπουδαζόντων
1399 1356 1688 1425 ἐπικρατεῖ

131 1445 215 1515 μὲν
239 1446 265 1498 ὁ
288 1444 426 1508 νοῦς,
457 1445 723 1516 ὑπηρετεῖ
744 1445 800 1498 δὲ
833 1447 867 1517 ὴ
902 1444 1174 1516 αἴσθησις,
1205 1446 1305 1499 οὐκ
1331 1445 1685 1499 ἀπολείπεται

125 1536 176 1589 δὲ
202 1536 388 1590 τούτων
414 1538 446 1606 ἡ
477 1535 780 1607 διοικητικὴ
805 1536 899 1589 τοῦ
938 1534 1188 1607 σώματος
1214 1535 1444 1606 δύναμις
1473 1538 1542 1606 (ὁ
1587 1535 1687 1605 μὲν

130 1626 223 1698 γὰρ
257 1627 372 1691 νοῦς
400 1625 614 1699 πορίζει
651 1627 748 1698 τὴν
770 1627 978 1699 τροφὴν
1011 1630 1074 1696 τῇ
1109 1626 1289 1698 χρείᾳ,
1324 1628 1358 1696 ἡ
1394 1626 1453 1680 δὲ
1491 1625 1686 1697 αἴσθη-

130 1738 201 1785 σις
219 1721 276 1775 τὸ
298 1721 552 1792 πορισθὲν
582 1718 897 1786 ὑπεδέξατο,
936 1723 970 1792 ἡ
998 1720 1055 1774 δὲ
1080 1720 1346 1791 θρεπτικὴ
1379 1718 1473 1772 τοῦ
1502 1717 1688 1789 σώμα-

128 1831 206 1878 τος
244 1813 461 1885 δύναμις
511 1814 679 1885 ἑαυτῇ
732 1813 793 1866 τὸ
833 1812 985 1867 δοθὲν
1033 1810 1500 1884 προσῳκείωσενΥ
1544 1809 1689 1863 οὕτω

130 1906 207 1959 καὶ
245 1904 377 1959 κατά
403 1905 494 1959 τὸν
550 1905 717 1959 ὕπνον
753 1903 1200 1974 ἀντιμεθίσταταί
1241 1921 1356 1967 πως
1388 1905 1445 1957 ἐν
1487 1904 1618 1973 ἡμῖν
1651 1903 1685 1973 ή

129 1998 220 2052 τῶν
248 1999 517 2069 δυνάμεων
545 1997 750 2051 τούτων
783 1996 1050 2069 ἡγεμονία
1068 2014 1082 2029 ο
1117 1997 1211 2049 καὶ
1240 1994 1569 2067 κρατοῦντος
1590 1994 1684 2047 τοῦ

129 2090 458 2164 ἀλογωτέρου,
491 2087 725 2143 παύεται
758 2088 856 2156 μὲν
889 2088 922 2158 ἡ
949 2084 1057 2140 τῶν
1084 2085 1289 2156 ἑτέρων
1321 2084 1593 2154 ἐνέργεια,
1624 2083 1685 2136 οὕ

133 2180 222 2251 μὴν
253 2179 522 2242 παντελῶς
558 2176 974 2232 ἀποσϐέννυται.
1020 2173 1415 2245 Ἐπειγομένης
1443 2174 1501 2226 δὲ
1532 2190 1687 2244 τηνι-

129 2271 284 2325 καῦτα
311 2272 394 2325 διὰ
417 2271 512 2325 τοῦ
550 2270 718 2324 ὕπνου
752 2269 890 2341 πρὸς
924 2267 1022 2339 τὴν
1051 2267 1214 2338 πέψιν
1257 2268 1358 2337 τῆς
1387 2265 1687 2338 ορεπτικῆς

131 2360 403 2435 δυνάμεως,
427 2363 523 2416 καὶ
549 2363 733 2414 πᾶσαν
767 2358 863 2430 τὴν
902 2357 1066 2427 φύσιν
1108 2357 1244 2429 πρὸς
1285 2355 1484 2426 ἑαυτὴν
1530 2356 1689 2427 ἀσχο-

128 2453 320 2525 λούσης,
369 2451 493 2506 οὕτε
549 2450 828 2515 παντελῶς
887 2451 1183 2504 διασπᾶται
1221 2448 1427 2520 ταύτης
1478 2451 1511 2521 ἡ
1564 2448 1686 2501 κατ’

130 2546 351 2617 αἴσθησιν
391 2545 620 2616 δύναμις
665 2544 747 2614 (οὐ
782 2543 892 2615 γὰρ
947 2543 1223 2613 ἐνδέχεται
1254 2542 1315 2596 τὸ
1353 2542 1497 2609 ἅπαξ
1546 2559 1689 2615 συμ-

129 2636 345 2705 πεφυκὸς
380 2634 831 2708 διατέμνεσθαι),
863 2630 987 2687 οὕτε
1038 2634 1378 2706 ἁναλάμπειν
1427 2637 1461 2706 ἡ
1515 2635 1690 2708 αὐτῆς

126 2727 349 2797 ἐνέργεια
392 2728 637 2792 δύναται,
686 2728 752 2798 τῇ
789 2725 899 2779 τῶν
940 2726 1310 2801 αἰσθητηρίων
1355 2728 1522 2801 ἀργίᾳ
1547 2728 1690 2782 κατὰ

125 2819 202 2873 τόν
244 2819 401 2875 ὕπνον
449 2821 841 2894 ἐμπεδηθεῖσα.
874 2821 1032 2875 Κατὰ
1078 2822 1171 2875 τὸν
1220 2822 1382 2876 αὑτὸν
1435 2823 1492 2876 δὲ
1531 2823 1689 2892 λόγον

128 2912 208 2965 καὶ
262 2912 350 2966 τοῦ
408 2913 504 2968 νοῦ
555 2913 694 2985 πρὸς
747 2914 809 2967 τὸ
868 2914 1186 2986 αἰσθητικὸν
1234 2910 1374 2979 εἶδος
1425 2916 1528 2986 τῆς
1579 2915 1688 2986 ψυ-

125 3005 213 3077 χῆς
232 3006 623 3080 οἰκειουμένου,
658 3008 951 3063 ἀκόλουθον
987 3008 1053 3062 ἂν
1094 3008 1178 3079 εἴη
1229 3008 1325 3061 καὶ
1364 3008 1687 3079 κινουμένου

124 3096 315 3163 τούτου,
347 3099 724 3166 συγκινεῖσθαι
762 3100 942 3168 λέγειν
985 3100 1148 3154 αὐτὸν
1176 3141 1190 3166 ,
1221 3100 1316 3154 καὶ
1353 3099 1689 3172 ἠρεμοῦντος

123 3191 640 3259 συγκαταπαύεσθαι.
676 3185 800 3245 Οῒον
846 3192 902 3246 δέ
942 3210 994 3246 τι
1036 3194 1165 3263 περὶ
1205 3192 1266 3246 τὸ
1305 3189 1416 3264 πῦρ
1443 3192 1690 3262 γίνεσθαι

125 3280 361 3349 πέφυκεν,
387 3285 520 3337 ὅταν
556 3282 656 3354 μὲν
694 3283 1016 3355 ὑποκρυφθῇ
1043 3286 1156 3347 τοῖς
1189 3283 1413 3355 ἀχύροις
1447 3286 1688 3339 ἅπαντα-
1714 3324 1756 3383 C

123 3372 280 3443 χόθεν,
304 3376 575 3446 μηδεμιᾶς
590 3376 865 3447 ἀναπνοῆς
880 3379 979 3429 ἀνα
987 3376 1345 3448 ρριπιζούσης
1359 3378 1459 3449 τὴν
1488 3378 1681 3447 φλόγα,

124 3463 232 3518 οὕτε
259 3466 326 3520 τὰ
371 3466 905 3539 προσπαρακείμενα
954 3467 1199 3537 νέμεται,
1230 3468 1355 3523 οὕτε
1407 3469 1687 3534 παντελῶς

124 3556 566 3625 κατασϐέννυται,
600 3558 717 3612 ἀλλ’
749 3559 870 3613 ἀντὶ
910 3559 1106 3630 φλογὸς
1134 3550 1313 3632 ἀτμός¹
1332 3578 1416 3625 τις
1450 3562 1536 3615 διὰ
1576 3560 1686 3616 τῶν

124 3646 319 3717 ἀχύρων
340 3650 433 3703 ἐπὶ
464 3650 559 3703 τὸν
597 3649 736 3719 ἀέρα
783 3648 1055 3718 διέξεισιν,
1101 3652 1150 3705 εί
1179 3652 1236 3705 δέ
1281 3670 1427 3717 τινος
1470 3653 1688 3709 λάϐοιτο

124 3737 377 3814 διαπνοῆς,
425 3743 602 3815 φλόγα
654 3743 745 3797 τὸν
777 3744 1001 3798 καπνὸν
1030 3746 1405 3818 ἀπεργάζεται
1426 3764 1441 3780 ο
1465 3747 1558 3801 τὸν
1590 3749 1689 3801 αὐ-

118 3832 201 3885 τὸν
226 3835 415 3905 τρόπον
462 3837 613 3890 καὶὸ
642 3834 766 3900 νοῦς
802 3839 868 3908 τῇ
926 3836 1172 3909 ἀπραξίᾳ
1222 3838 1331 3891 τῶν
1379 3838 1687 3909 αἰσθήσεων

125 3926 249 3981 κατά
285 3929 372 3983 τὸν
404 3930 577 3986 ὕπνον
629 3930 1029 4001 συγκαλυφθεὶς
1052 3973 1067 3997 ,
1103 3929 1225 3984 οὕτε
1276 3931 1583 4003 ἐκλάμπειν
1615 3931 1684 3985 δι’

122 4019 285 4075 αὐτῶν
312 4021 557 4086 δυνατῶς
581 4021 724 4092 ἔχει,
755 4021 876 4075 οὕτε
912 4022 1019 4093 μὴν
1068 4022 1348 4086 παντελῶς
1378 4023 1684 4078 κατασϐέν-

122 4124 288 4164 νυται’
319 4111 432 4165 ἀλλ’
467 4106 580 4165 οἷον
606 4111 937 4175 καπνοειδῶς
960 4114 1211 4177 κινεῖται,
1235 4112 1299 4166 τὸ
1325 4113 1431 4185 μέν
1451 4132 1502 4168 τι
1535 4115 1688 4188 ἐνερ-

120 4198 239 4266 γῶν,
273 4202 333 4256 τὸ
371 4204 430 4261 δὲ
473 4204 539 4257 οὕ
589 4202 903 4274 δυνάμενος.
939 4205 1052 4258 Καὶ
1086 4204 1274 4277 ὥσπερ
1293 4223 1377 4269 τις
1428 4206 1686 4277 μουσικὸς

122 4293 541 4365 κεχαλασμέναις
570 4296 692 4359 ταῖς
740 4294 960 4367 χορδαῖς
1001 4294 1102 4366 τῆς
1134 4295 1303 4369 λύρας
1340 4296 1595 4368 ἐμϐαλὼν
1625 4298 1687 4352 τὺ

120 4381 397 4457 πλῆκτρον,
427 4387 490 4441 οὐ
520 4387 662 4441 κατά
692 4387 897 4457 ῥυθμὸν
926 4388 1160 4458 προάγει
1183 4389 1245 4443 τὸ
1260 4389 1457 4454 μέλος*
1485 4390 1546 4443 οὕ
1577 4390 1686 4462 γὰρ

123 4471 179 4527 ἂν
206 4475 265 4528 τὸ
312 4477 385 4549 μὴ
445 4479 840 4549 συντεταμένον
868 4479 1121 4551 ἡχήσειεν
1154 4495 1167 4509 ·
1204 4478 1372 4551 mw;
1416 4480 1515 4551 μὲν
1565 4482 1687 4553 χεὶρ

117 4569 361 4638 τεχνικῶς
405 4569 669 4634 πολλάκις
698 4572 947 4634 κινεῖται,
986 4572 1123 4642 πρὸς
1148 4571 1245 4643 τὴν
1272 4572 1504 4644 τοπικὴν
1536 4572 1686 4627 θέσιν

1654 1960 1762 2020 ἐκ

1784 702 2031 758 membra
2073 700 2294 771 singula
2340 698 2602 769 quiddam
2649 696 3006 768 peculiariter
3047 709 3147 765 pro
3196 693 3371 749 indita

1786 796 1926 868 ipsis
1946 810 1978 849 a
2002 800 2201 850 natura
2229 792 2488 849 facultate
2515 800 2715 862 agant:
2748 797 2932 845 tamen
2955 789 3137 860 aliqua
3167 788 3372 844 existat

1785 888 1959 967 partis
1998 886 2355 957 quiescentis,
2394 882 2462 939 ad
2497 897 2616 939 eam
2654 897 2776 952 quae
2803 890 3074 950 movetur,
3109 880 3366 937 affectio:

1785 981 1975 1037 eadem
2024 979 2237 1033 ratione
2289 979 2344 1032 in
2378 976 2567 1031 animo
2602 976 2766 1031 etiam
2814 974 3093 1038 usuvenit,
3144 982 3199 1027 ut
3242 973 3370 1029 licet

1787 1088 1916 1144 pars
1941 1073 2062 1141 ejus
2088 1072 2201 1126 haec
2231 1070 2503 1140 quiescat,
2539 1070 2713 1123 altera
2744 1075 3060 1123 moveatur:
3097 1065 3264 1123 totius
3288 1075 3371 1119 ta-

1786 1180 1910 1219 men
1960 1164 2027 1219 ad
2068 1172 2277 1234 partem
2318 1162 2534 1218 affectio
2583 1161 2829 1232 quaedam
2878 1170 3114 1216 maneat.
3156 1159 3372 1230 Nequa-

1785 1270 1953 1326 quam
1987 1256 2134 1311 enim
2172 1256 2286 1310 ﬁeri
2318 1263 2516 1325 potest,
2555 1262 2613 1307 ut
2644 1253 2912 1309 naturalis
2938 1253 3114 1307 unitio
3143 1267 3372 1322 prorsus

1786 1347 2143 1412 dissolvatur,
2183 1347 2399 1402 etiamsi
2439 1346 2690 1417 quaedam
2731 1346 2784 1400 in
2816 1346 2978 1402 nobis
3007 1344 3240 1401 facultas
3268 1345 3372 1399 ali-

1785 1440 2008 1510 quando
2046 1440 2261 1495 cmteris
2309 1439 2504 1510 agendi
2555 1434 2607 1494 vl
2657 1447 2713 1496 et
2750 1437 3073 1495 efficacitate
3126 1446 3369 1508 prmstet.

1788 1532 2082 1587 Enimvero
2126 1540 2187 1587 ut
2234 1532 2396 1588 nobis
2438 1531 2796 1603 vigilantibus
2842 1539 2897 1587 ct
2945 1529 3157 1602 agendo
3206 1543 3374 1584 occu-

1792 1624 1934 1693 patis
1964 1624 2241 1694 praecipua
2269 1624 2473 1680 mentis
2496 1635 2580 1680 est
2608 1632 2875 1695 potestas,
2905 1624 3160 1681 minister
3185 1633 3371 1679 autem

1789 1716 1991 1771 mentis
2019 1724 2104 1770 est
2143 1731 2375 1772 sensus:
2422 1732 2601 1786 neque
2627 1716 3018 1787 facultasquae
3038 1730 3241 1786 corpus
3271 1730 3376 1770 nu-

1788 1807 1904 1871 trit,
1945 1807 2275 1863 excluditur.
2299 1807 2453 1865 Mens
2478 1809 2623 1864 enim
2655 1808 3242 1879 rationem‘apiseeudi
3276 1824 3375 1864 nco

1789 1899 2016 1955 eessarii
2063 1900 2304 1956 alimenti
2333 1901 2594 1967 ostendit,
2630 1917 2830 1958 sensus
2859 1901 3007 1972 quod
3046 1909 3131 1958 est
3152 1915 3375 1972 compa-

1787 1999 1971 2055 ,ratum
2001 1991 2219 2061 recipit,
2268 1992 2503 2048 facultas
2535 1993 2774 2064 denique
2811 1993 3064 2050 nutriens
3110 2009 3271 2050 suum
3317 1994 3374 2049 in

1790 2098 1951 2137 usum
1997 2085 2178 2139 vertit.
2219 2082 2309 2139 Sic
2341 2100 2439 2156 per
2471 2100 2727 2141 somnum
2777 2087 3123 2156 principatus
3152 2085 3377 2143 faculta-

1791 2178 1906 2225 tum
1936 2170 1990 2225 in
2023 2173 2183 2228 nobis
2208 2174 2447 2244 quodam
2477 2175 2638 2231 modo
2678 2186 3042 2246 permutatur.
3076 2177 3210 2231 Nam
3244 2193 3372 2233 cum

1792 2275 1959 2331 penes
2015 2269 2225 2331 partem
2271 2264 2484 2319 ratione
2520 2280 2630 2320 non
2683 2274 2926 2322 utentem
2984 2274 3227 2337 potestas
3278 2270 3373 2331 sit,

1792 2351 2115 2410 facultatum
2158 2355 2367 2411 scilicet
2396 2356 2566 2411 animi
2600 2357 2936 2427 reliquarum
2977 2360 3225 2416 actiones
3255 2376 3380 2417 ces-

1792 2453 1918 2501 sant
1966 2447 2209 2517 quidem,
2259 2457 2315 2503 at
2367 2463 2477 2503 non
2529 2463 2758 2519 prorsus
2807 2451 3257 2522 exstinguuntur.
3314 2451 3380 2506 Et

1791 2540 2045 2610 quamvis
2073 2556 2139 2596 eo
2181 2549 2425 2612 tempore
2465 2540 2700 2599 facultas
2738 2543 2991 2599 nutriens
3032 2548 3378 2602 concoctioni

1791 2633 2038 2688 ciborum
2074 2634 2281 2689 intenta
2309 2637 2402 2700 sit,
2426 2636 2755 2706 adjumento
2781 2640 2962 2695 somni
2998 2639 3371 2711 perficiendae,

1791 2725 2039 2796 adeoque
2070 2726 2125 2780 in
2166 2726 2269 2781 bac
2304 2727 2561 2782 universa
2590 2739 2785 2784 natura
2819 2738 3160 2800 occupetur:
3192 2739 3376 2787 tamen

1792 2826 1852 2871 ut
1878 2817 2036 2888 plane
2065 2818 2135 2873 ab
2163 2817 2267 2873 hac
2300 2819 2546 2876 sentiens
2577 2819 2808 2878 facultas
2840 2829 2955 2876 tum
2990 2839 3095 2878 non
3122 2825 3381 2881 avellitur

1795 2909 2039 2981 (quando
2061 2926 2183 2980 qua:
2212 2921 2403 2965 natura
2434 2912 2779 2978 coaluerunt,
2820 2913 3056 2986 disjungi
3087 2931 3198 2971 non
3231 2932 3380 2987 .pos-

1793 3003 1966 3074 sunt),
2003 3002 2079 3057 ita
2119 3018 2298 3074 neque
2338 3012 2450 3059 tota
2486 3005 2661 3074 ipsius
2700 3005 2780 3060 vis
2807 3006 3008 3070 elucet,
3052 3008 3121 3063 ab
3153 3011 3380 3081 organis

1792 3110 2054 3151 sensuum
2096 3110 2193 3166 per
2224 3111 2478 3152 somnum
2515 3098 2673 3167 quasi
2717 3097 3046 3157 ferientibus
3096 3102 3377 3173 impedita.

1792 3186 1995 3243 Eadem
2044 3189 2259 3245 ratione
2305 3196 2360 3244 ct
2417 3189 2553 3245 illud
2593 3199 2985 3261 consequetur,
3042 3192 3191 3262 quod
3246 3208 3374 3248 cum

1794 3280 1994 3334 mentis
2040 3288 2095 3334 et
2134 3280 2308 3350 partis
2357 3282 2525 3335 animi
2571 3284 2863 3338 sentientis
2907 3290 3095 3338 mutua
3127 3285 3377 3355 quaedam

1791 3369 1861 3424 sit
1891 3371 2248 3441 conjunctio:
2300 3380 2449 3427 mota
2495 3373 2619 3437 hac,
2663 3375 2828 3429 simul
2864 3382 3102 3431 mentem
3145 3377 3377 3442 moveri,

1788 3468 1843 3514 et
1892 3468 2085 3515 contra
2134 3462 2483 3532 quiescente,
2542 3466 2846 3535 quiescere.
2895 3467 3079 3536 Ignem
3129 3468 3378 3526 videmus

1789 3552 1963 3620 paleis
2009 3568 2074 3607 ex
2123 3555 2272 3608 omni
2329 3564 2483 3627 parte
2540 3563 2884 3626 coopertum,
2946 3557 2993 3612 si
3044 3559 3196 3614 nullo
3243 3559 3378 3616 ﬂatu

1788 3643 2006 3719 flamma
2022 3647 2311 3713 excitetur,
2330 3664 2509 3719 neque
2525 3651 2771 3719 proxima
2789 3665 3018 3721 qumque
3034 3652 3378 3709 absumendo

1791 3733 2108 3804 depascere,
2164 3747 2221 3791 et
2278 3753 2509 3808 prorsus
2567 3740 2733 3794 etiam
2790 3756 2899 3795 non
2952 3742 3221 3815 extingui,
3273 3759 3375 3814 pro

1789 3824 2007 3878 flamma
2037 3842 2240 3897 vapore
2272 3828 2510 3898 quodam
2560 3846 2658 3900 per
2705 3833 2853 3901 ipsas
2887 3832 3070 3901 paleas
3103 3834 3158 3888 in
3190 3849 3373 3891 aerem

1788 3922 2128 3982 penetrante.
2180 3916 2339 3983 Quod
2388 3918 2434 3973 si
2475 3928 2659 3974 autem
2689 3920 2849 3978 flatus
2892 3921 3094 3993 aliquis
3124 3922 3373 3988 accedat,

1790 4022 1889 4077 pro
1919 4007 2071 4064 fumo
2100 4010 2316 4065 flamma
2346 4013 2686 4068 accenditur.
2726 4013 2820 4069 Sic
2853 4031 3008 4072 mens
3033 4016 3289 4074 sensibus
3321 4018 3378 4073 in

1789 4116 1985 4157 somno
2046 4103 2460 4173 quiescentibus
2511 4107 2674 4177 quasi
2727 4115 3004 4173 contecta,
3055 4125 3234 4180 neque
3280 4125 3380 4182 per

1788 4209 1888 4251 eos
1909 4195 2129 4251 elucere
2158 4205 2360 4268 potest,
2385 4207 2440 4254 et
2468 4200 2697 4255 omnino
2731 4201 2896 4257 etiam
2931 4218 3041 4258 non
3073 4205 3377 4275 exstingui-

1790 4295 1899 4353 tur,
1949 4288 2045 4345 sed
2090 4296 2151 4345 ut
2176 4291 2339 4367 ignis
2372 4291 2605 4358 fumum,
2639 4294 2867 4363 sic‘ipsa
2898 4302 3106 4350 motum
3138 4296 3377 4366 aliquem

1789 4381 2010 4448 retinet,
2048 4383 2244 4452 partim
2300 4390 2507 4456 agens,"
2537 4387 2738 4457 partim
2769 4389 2824 4442 in
2853 4389 3062 4458 agendo
3090 4389 3378 4451 deficiens.

1789 4472 1968 4544 Atque
2000 4475 2081 4529 uti
2128 4476 2375 4532 musicus
2410 4478 2620 4547 plectro
2669 4479 2908 4536 chordas
2953 4479 3084 4551 lyrae
3112 4483 3379 4541 remissas

1791 4575 2047 4637 tangens,
2073 4583 2183 4623 non
2206 4569 2484 4640 eleganter
2503 4581 2557 4625 et
2577 4586 2867 4629 numerose
2888 4573 3185 4645 quidquam
3203 4576 3376 4641 canit,

120 4657 217 4709 τῶν
252 4659 419 4714 τόνων
464 4662 530 4713 τὸ
576 4660 850 4731 πλῆκτρον
898 4661 1107 4729 ἄγουσα
1130 4701 1144 4725 ,
1178 4661 1239 4716 τὸ
1271 4662 1328 4715 δὲ
1368 4664 1535 4734 ἡχοῦν
1586 4664 1686 4717 οὐκ

1794 4662 2017 4730 quando
2044 4662 2189 4732 quod
2224 4673 2436 4719 tensum
2465 4679 2572 4719 non
2605 4672 2709 4727 est,
2740 4665 2901 4722 cdere
2926 4683 3124 4724 sonum
3150 4673 3376 4742 nequit;
3424 4674 3427 4675 ⁷

116 4742 267 4812 ἔστιν,
292 4750 340 4802 εἱ
374 4748 451 4819 μὴ
489 4749 615 4803 ὅσον
643 4749 854 4821 ἄσημόν
887 4767 1009 4805 τινα
1040 4752 1136 4806 καὶ
1171 4752 1506 4809 ἀσύντακτον
1535 4757 1594 4809 ἐν
1619 4758 1686 4827 τῇ

119 4838 312 4908 κινήσει
343 4841 457 4895 τῶν
485 4840 695 4913 χορδῶν
710 4842 910 4914 ὑπηχεῖ
939 4842 1030 4896 τὸν
1058 4843 1282 4914 βόμϐον·
1303 4845 1447 4899 οὕτω
1478 4846 1566 4901 διά
1593 4845 1687 4900 τοῦ

116 4926 270 4984 ὕπνου
327 4935 431 5004 τῆς
487 4934 785 5006 ὀργανικῆς
812 4935 920 4990 τῶν
946 4937 1317 5009 αἰσθητηρίων
1343 4930 1689 5012 κατασκευῆς

115 5018 491 5092 χαλασθείσης,
533 5022 566 5093 ἢ
617 5021 846 5077 καθόλου
892 5026 1091 5097 ἠρεμεῖ
1133 5028 1164 5080 ὁ
1206 5029 1453 5100 τεχνίτης
1477 5070 1491 5096 ,
1529 5030 1689 5103 εἴπερ

110 5108 307 5165 τελείαν
335 5113 494 5166 λύσιν
525 5114 591 5167 ὲκ
639 5113 932 5188 πληθώρας
968 5117 1112 5181 τινὸς
1146 5118 1240 5172 καὶ
1273 5119 1473 5195 βάρους
1526 5122 1688 5178 πάθοι

111 5200 167 5253 τὸ
187 5201 494 5276 ὅργανον,ἢ
523 5205 728 5270 ἁτόνως
746 5224 807 5260 τε
840 5209 935 5262 καὶ
968 5209 1228 5281 ἀμυδρῶς
1256 5212 1563 5284 ἐνεργήσει,
1590 5217 1689 5288 οὐχ

111 5289 496 5365 ὑποδεχομένου
525 5295 620 5349 τοῦ
667 5297 983 5368 αἰσθητικοῦ
1021 5300 1254 5373 ὀργάνου
1286 5302 1355 5356 δι’
1404 5305 1689 5376 ἀκριϐείας

110 5382 200 5453 τὴν
222 5385 441 5457 τέχνην.
478 5387 576 5441 Διά
598 5386 758 5441 τοῦτο
781 5389 815 5460 ἦ
841 5408 900 5443 τε
933 5392 1121 5463 μνήμη
1152 5395 1555 5467 συγκεχυμένη,
1593 5396 1688 5451 καὶ

109 5473 140 5544 ἡ
180 5477 489 5547 πρόγνωσις
538 5479 967 5553 προκαλύμμασί
1015 5499 1158 5537 τισιν
1207 5485 1529 5556 ἀμφιϐόλοις
1567 5491 1688 5541 ἐπι-

110 5569 460 5634 νυστάζουσα,
490 5573 550 5625 ὲν
572 5571 808 5636 εἰδώλοις
834 5574 943 5627 τῶν
983 5576 1105 5629 καθ’
1134 5575 1279 5651 ὕπαρ
1318 5580 1688 5651 σπουδαζομέ-

107 5674 205 5713 ἰων
234 5662 626 5731 φαντασιοῦται
648 5704 664 5730 ,
692 5664 785 5718 καί
811 5682 863 5720 τι
894 5666 1002 5721 τῶν
1031 5669 1389 5727 ἐκϐαινόντων
1427 5672 1687 5737 πολλάκις

108 5749 354 5821 ἐμήνυσε.
389 5753 477 5824 Τῷ
508 5753 616 5825 γὰρ
661 5754 843 5827 λεπτῷ
880 5759 979 5829 τῆς
1011 5756 1246 5828 φύσεως,
1288 5761 1401 5834 ἔχει
1430 5780 1482 5816 τι
1523 5763 1687 5817 πλέον

107 5843 247 5913 παρά
269 5844 372 5916 τὴν
398 5845 717 5918 σωματικὴν
742 5849 1120 5921 παχυμέρειαν
1154 5854 1235 5917 εἰς
1270 5854 1331 5907 τὸ
1372 5855 1611 5927 καθορᾷν
1635 5874 1686 5910 τι

104 5935 203 5988 τῶν
225 5937 401 5991 ὄντων
426 5939 705 5993 δύνασθαι.
740 5941 815 5994 Οὐ
867 5943 975 6012 μὴν
1002 5943 1065 5996 δι’
1101 5944 1318 6011 εὐθείας
1349 5947 1493 6011 τινὸς
1530 5947 1686 6002 δύνα-

429 6030 699 6092 Parnm.
749 6032 866 6093 Gn.
914 6033 1137 6121 XIJY.

1795 4768 2018 4808 manum
2059 4755 2150 4811 ille
2177 4756 2395 4826 quidem
2429 4758 2726 4814 artificiose
2775 4768 2974 4824 movet,
3012 4763 3219 4832 plectro
3250 4768 3376 4836 qui-

1794 4844 1900 4899 bus
1924 4846 2185 4900 convenit
2211 4847 2350 4902 locis
2389 4849 2686 4919 applicato,
2718 4865 2889 4907 sonus
2918 4860 3099 4909 tamen
3140 4857 3224 4911 vel
3255 4858 3380 4912 nul-

1793 4936 1902 5003 lus,
1933 4938 2014 4992 vel
2040 4920 2259 5008 ign'otus
2282 4951 2339 4994 ct
2361 4941 2762 5012 incompositus
2785 4944 2852 5001 de
2875 4946 2969 5001 tali
3002 4946 3187 5004 fidium
3215 4951 3381 5020 pulsu

1794 5029 2164 5099 exprimitur:
2201 5031 2273 5085 ita
2325 5040 2379 5086 et
2435 5037 2693 5104 organica
2753 5052 3017 5094 sensuum
3069 5048 3373 5112 structura,

1794 5122 2013 5191 quoties
2038 5137 2133 5192 per
2161 5138 2413 5178 somnum
2443 5125 2621 5180 laxata
2647 5136 2753 5190 est,
2781 5131 2864 5186 vel
2885 5146 3113 5201 prorsus
3140 5135 3377 5204 quiescit

1794 5211 2014 5277 artifex,
2050 5214 2216 5269 veluti
2251 5230 2376 5269 cum
2403 5232 2468 5271 ex
2507 5218 2674 5273 nimia
2706 5222 3008 5292 repletione
3046 5240 3109 5278 ac
3130 5225 3373 5294 pondere

1794 5304 2007 5374 integra
2056 5305 2406 5362 instrumenti
2446 5315 2534 5363 est
2577 5308 2721 5364 facta
2767 5314 2935 5369 totius
2971 5315 3251 5377 relaxatio,
3288 5318 3370 5372 vel
3442 5376 3451 5383 θ

1792 5395 2048 5466 languide
2064 5404 2115 5450 et
2145 5398 2382 5453 obscure
2411 5398 2544 5469 agit,
2575 5399 2943 5459 instrumento
2971 5419 3168 5460 sensus
3197 5414 3370 5462 artem

1772 5489 1993 5544 mentis
2027 5500 2343 5545 accuratam
2392 5507 2500 5546 non
2544 5495 2813 5563 capiente.
2864 5494 3075 5551 Idcirco
3108 5502 3373 5555 memoria

1792 5579 2044 5645 confusa,
2076 5590 2131 5635 et
2164 5582 2245 5637 vis
2276 5583 2632 5653 praasagiendt
2665 5584 2935 5655 ambiguis
2967 5586 3021 5639 in
3044 5587 3370 5654 quibusdam
3463 5592 3471 5599 '

1791 5672 2332 5744 velamentisquasi
2386 5676 2733 5731 dormitando
2791 5684 3014 5742 nutans,
3075 5680 3370 5737 simulacra

1791 5778 2002 5828 rerum,
2034 5764 2235 5834 quibus
2262 5766 2494 5837 vigilans
2523 5778 2845 5837 occupatur,
2883 5769 3233 5841 imaginando
3263 5773 3367 5828 sibi

1789 5855 2091 5912 informare
2145 5857 2385 5913 videtur:
2436 5874 2616 5930 neque
2657 5876 2767 5915 non
2803 5862 3099 5934 aliquando
3131 5882 3195 5921 ea
3244 5882 3369 5937 quae

1789 5947 1990 6006 deinde
2014 5951 2394 6022 comprobaret
2426 5961 2677 6023 eventus,
2706 5955 2985 6012 indicavit.
3011 5954 3141 6011 Nam
3170 5967 3363 6025 prmter

3042 6049 3081 6110 6
