3890 6416
471 495 571 548 171

1751 489 1810 544 S.
1845 486 2173 546 CREGORII
2213 490 2511 548 NYSSENI

3649 503 3744 559 179.

469 623 614 671 eam,
640 621 760 676 qua:
781 606 834 660 in
861 604 1109 676 corporis
1131 611 1216 660 est
1242 610 1694 674 temperamento,
1719 601 2055 666 crassitiem,

2163 605 2553 676 ταιδιασαφεϊν
2581 607 2641 661 τὸ
2675 607 2988 679 λεγόμενον,
3021 609 3097 674 ὡς
3130 612 3372 685 τηλαυγῆ
3402 631 3460 668 τε
3497 616 3594 672 καὶ
3617 621 3742 690 πρό-

477 701 640 755 habet
683 697 942 769 quiddam
993 712 1087 767 per
1136 704 1345 751 naturae
1390 694 1772 760 subtilitatem,
1827 709 1936 766 quo
1968 709 2058 750 res

473 791 785 864 perspicere
825 789 1019 860 possit.
1059 788 1245 860 Neque
1281 796 1463 844 tamen
1494 788 1585 842 illa
1611 794 1697 843 est
1737 787 1842 853 vis,
1875 795 1936 842 ttt
1969 787 2057 842 di-

468 893 621 938 recto
681 881 866 936 futura
922 881 1183 947 declaret,
1248 880 1427 953 deque
1487 881 1554 936 iis
1603 878 1844 934 dilucide
1895 889 2058 949 atque

469 979 656 1041 aperte
686 986 788 1026 nos
817 970 1042 1026 doceat:
1088 972 1183 1027 sed
1206 979 1290 1027 est
1319 980 1528 1026 tantum
1555 970 1804 1042 quaedam
1831 970 2055 1040 obliqua

468 1072 522 1117 et
542 1063 796 1135 ambigua
823 1062 991 1118 futuri
1014 1073 1242 1120 eventus
1269 1063 1618 1135 significatio,
1645 1077 1807 1133 quam
1826 1062 2054 1132 aenigma

470 1169 693 1223 vocant,
745 1159 840 1228 qui
892 1158 946 1213 in
989 1158 1074 1213 his
1127 1156 1552 1228 interpretandis
1600 1141 1910 1212 versantur.
1964 1152 2056 1209 Sic

471 1251 564 1321 qui
608 1265 636 1304 a
671 1251 885 1321 poculis
921 1258 1036 1305 erat
1071 1248 1364 1312 Pharaoni,
1409 1263 1506 1320 per
1533 1261 1788 1303 somnum
1826 1246 1880 1299 in
1913 1245 2054 1316 regis

474 1344 702 1398 calicem
741 1344 958 1397 botrum
986 1341 1276 1411 exprimit:
1320 1341 1400 1394 sic
1434 1341 1611 1410 pistor
1649 1337 1915 1408 ejusdem,
1962 1350 2050 1390 ca-

476 1436 710 1491 nistrum
747 1435 850 1490 sibi
894 1442 1107 1506 gestare
1133 1433 1348 1487 videtur
1369 1432 1438 1488 ⁸³.
1472 1431 1610 1498 Quia
1645 1430 1788 1484 enim
1830 1437 2059 1499 uterque

475 1528 706 1598 vigilans
765 1527 849 1581 his
900 1525 1066 1580 rebus
1109 1523 1368 1593 occupari
1423 1536 1756 1593 magnopere
1815 1527 2056 1589 cuperet,

474 1621 640 1674 etiam
697 1635 794 1690 per
849 1633 1099 1673 somnum
1157 1631 1220 1672 ea
1276 1615 1390 1671 fieri
1448 1615 1694 1686 putabat.
1752 1613 2059 1668 Simulacra

2161 697 2320 768 δηλον
2345 693 2605 770 εἶναιτὴν
2644 699 2753 753 τῶν
2786 701 3164 773 προκειμένων
3197 704 3547 760 διδασκαλίαν
3567 726 3581 739 ·
3608 709 3746 764 ἀλλὰ

2160 785 2290 858 λοξὴ
2317 787 2412 840 καὶ
2442 786 2742 858 ἀμφίϐολος
2773 787 2870 841 τοῦ
2899 789 3186 860 μέλλοντος
3204 793 3237 861 ή
3261 791 3492 861 δήλωσις
3517 794 3742 862 γίνεται,

2159 880 2296 951 ὅπερ
2326 879 2556 951 αἴνιγμα
2581 881 2831 950 λέγουσιν
2862 884 2910 936 οἱ
2935 883 3004 937 τά
3032 883 3259 938 τοιαῦτα
3307 887 3742 960 ὑποκρινόμενοι.

2165 969 2351 1034 Οὕτως
2379 973 2408 1024 6
2435 972 2671 1042 οἰνοχόος
2720 972 2958 1027 ἐκθλίϐει
3006 974 3104 1046 τὴν
3132 974 3328 1049 βότρυν
3356 981 3422 1050 τῇ
3447 979 3632 1034 κύλικι
3656 980 3744 1033 τοῦ

2162 1063 2363 1136 Φαραώ
2387 1081 2400 1095 ·
2425 1065 2566 1118 οὕτω
2592 1069 2921 1137 κανηφορεῖν
2954 1068 2984 1120 6
3023 1068 3294 1132 σιτοποιὸς
3326 1069 3661 1141 ἐφαντάσθη.
3691 1074 3747 1126 ἐν

2161 1152 2244 1221 οἷς
2273 1156 2394 1211 καθ’
2419 1156 2568 1228 ὕπαρ
2596 1157 2856 1230 ἑκάτερος
2881 1160 2979 1232 τὴν
3006 1160 3239 1231 σπουδὴν
3265 1155 3431 1232 εἶχεν,
3460 1165 3518 1216 ἐν
3539 1163 3746 1227 τούτοις

2161 1243 2300 1302 εῖναι
2333 1249 2428 1303 καί
2448 1248 2543 1309 διὰ,
2565 1249 2671 1302 τῶν
2692 1249 2916 1322 ὀνείρων
2945 1252 3209 1322 οἰόμενος.
3230 1253 3350 1308 Τῶν
3366 1255 3474 1326 7&9
3502 1257 3746 1327 συνήθων

2162 1339 2344 1402 αὐτοῖς
2369 1340 2817 1411 ἐπιτηδευμάτων
2833 1341 2900 1396 τὰ
2927 1342 3119 1396 εἴδωλα
3143 1343 3222 1414 τῷ
3236 1346 3630 1417 προγνωστικῷ
3654 1347 3747 1417 τῆς

2161 1432 2340 1503 ψυχῆς
2372 1432 2778 1500 ἐντυπωθέντα,
2809 1434 3083 1506 παρέσχεν
3123 1438 3216 1490 ἐπὶ
3259 1437 3453 1509 καιροῦ
3497 1439 3608 1492 τῶν
3655 1443 3747 1494 ἐκ·

2166 1523 2486 1594 θησομένων
2533 1524 2622 1578 διὰ
2673 1525 2773 1598 τῆς
2819 1527 3074 1598 τοιαύτης
3129 1529 3224 1582 τοῦ
3268 1529 3360 1585 νοῦ
3413 1533 3746 1602 προφητείας

2166 1613 2742 1684 καταμαντεύσασθαι.

476 1727 712 1782 namque
753 1711 1061 1767 studiorum
1090 1723 1154 1763 ac
1183 1709 1327 1772 vitae,
1359 1708 1447 1762 cui
1473 1714 1854 1763 assueverant.
1889 1705 2027 1776 parti
2055 1704 2224 1758 animi
2256 1705 2324 1761 de
2349 1706 2550 1763 futuris
2590 1707 2902 1779 dispicienti
2933 1710 3225 1780 impressa,
3263 1712 3534 1772 faciebant
3571 1726 3630 1771 ut
3658 1734 3748 1788 per

476 1803 614 1857 lzanc
653 1802 852 1858 mentis
897 1800 1334 1872 przesagitionem
1365 1797 1650 1870 quiddam,
1699 1799 1786 1852 cui
1854 1795 2210 1867 responderet
2238 1805 2487 1863 eventus,
2523 1799 2628 1854 sibi
2660 1800 3103 1857 vaticinarentur.

548 1895 684 1950 Illud
707 1896 949 1966 quidem,
977 1896 1127 1966 quod
1160 1894 1352 1949 Daniel
1383 1901 1437 1949 et
1461 1892 1739 1966 Josephus
1767 1900 1822 1948 et
1856 1893 1942 1948 his
1969 1891 2059 1946 alii

2235 1890 2298 1947 El
2327 1893 2383 1947 δὲ
2412 1895 2609 1966 Δανιὴλ
2643 1897 2738 1950 καὶ
2756 1895 2985 1969 Ἰωσὴφ,
3020 1899 3115 1951 καὶ
3144 1901 3193 1953 οἰ
3226 1905 3347 1956 κατ’
3366 1902 3610 1971 ἐκείνους
3633 1907 3750 1979 θείᾳ

476 1987 810 2050 consimiles,
873 1986 1130 2042 facultate
1152 1983 1387 2057 quadam
1415 1984 1622 2048 divina,
1659 1983 1916 2039 sensibus
1949 1983 2054 2036 mi-

475 2081 623 2135 nime
649 2080 1003 2148 perturbatis,
1046 2093 1230 2133 rerum
1285 2077 1598 2132 futurarum
1629 2075 1940 2146 cognitione
1970 2075 2056 2128 in-

474 2172 668 2227 structi
705 2171 945 2238 fuerunt,
997 2171 1133 2225 nihil
1173 2169 1240 2224 ad
1276 2169 1330 2224 id
1362 2170 1430 2225 dc
1485 2185 1593 2240 quo
1619 2170 1800 2240 agitur
1840 2167 2054 2222 attinet.

472 2264 594 2319 Non
630 2264 775 2318 enim
811 2263 1102 2334 quisquam
1135 2261 1252 2317 haec
1277 2269 1427 2317 recte
1461 2261 1528 2316 ad
1557 2260 1898 2317 somniorum
1929 2257 2060 2315 effe-

477 2365 564 2409 cta
595 2355 864 2422 retulerit,
915 2355 1019 2409 nisi
1053 2354 1196 2409 forte
1231 2354 1445 2410 ratione
1475 2353 1664 2409 eadem
1704 2353 1918 2408 divinas
1962 2367 2058 2423 ap-

471 2447 800 2517 paritiones,
842 2462 965 2517 quae
1005 2445 1286 2501 nonnullis
1316 2445 1670 2517 vigilantibus
1701 2460 1761 2500 se
1797 2443 2054 2509 offerunt,

473 2551 584 2591 non
619 2537 909 2606 peculiaria
930 2535 1067 2601 visa,
1091 2536 1187 2592 sed
1206 2541 1637 2591 consentaneum
1659 2549 1798 2605 opus
1821 2542 2052 2598 naturae,

477 2635 668 2697 suapte
693 2627 740 2680 vi
769 2625 1004 2697 quadam
1032 2626 1085 2681 id
1113 2624 1420 2688 efﬁcientis,
1449 2639 1572 2680 esse
1601 2631 1824 2680 statuat.
1851 2623 2056 2690 Quent-

407 2765 419 2777 .
475 2719 772 2774 admodum
813 2734 964 2790 ergo,
1009 2734 1135 2774 cum
1197 2717 1447 2774 homines
1488 2716 1730 2773 universi
1797 2730 1828 2768 a
1877 2721 2060 2768 mente

475 2811 695 2881 propria
742 2818 1024 2882 regantur,
1066 2811 1228 2882 pauci
1275 2818 1458 2866 tamen
1488 2808 1712 2880 quidam
1759 2808 2056 2873 exsistunt,

475 2903 802 2971 quibuscum
833 2902 976 2959 Deus
1014 2902 1310 2958 manifesto
1336 2918 1474 2973 pene
1501 2900 1824 2956 familiarem
1860 2901 1915 2954 in
1942 2915 2062 2953 mo-

476 2996 606 3050 dum
632 3004 916 3050 versatur:
953 2995 1032 3051 sic
1054 3010 1178 3050 cum
1203 2992 1651 3064 visimaginandi
1683 3007 1779 3062 per
1805 3004 2060 3046 somnum

477 3087 733 3144 omnibus
766 3102 922 3158 aeque
967 3100 1031 3141 ac
1060 3086 1180 3142 sine
1215 3086 1530 3142 discrimine
1575 3100 1605 3139 a
1643 3095 1839 3140 natura
1876 3084 1948 3139 sit
1981 3083 2063 3138 in-

476 3179 611 3245 dita,
655 3179 811 3250 pauci
849 3195 916 3235 ex
949 3178 1334 3234 universorum
1380 3187 1524 3234 coetu
1570 3186 1719 3244 sunt,
1753 3176 1954 3246 quibus
1983 3175 2064 3229 di-

477 3271 692 3327 viniora
718 3286 779 3326 se
811 3269 1152 3326 somniorum
1186 3269 1300 3324 visa
1329 3269 1586 3324 offerunt.
1627 3265 1822 3322 Cateri
1855 3265 1900 3322 si
1931 3264 2060 3335 quid
2089 3251 2130 3309 (ἒ

479 3362 549 3416 de
593 3361 933 3417 somniorum
968 3358 1303 3427 coniecturis
1337 3358 1413 3413 rei
1455 3357 1652 3411 futura:
1680 3364 2057 3425 cognoscunt:

477 3453 531 3509 id
565 3461 740 3509 totum
773 3453 889 3509 fieri
924 3469 1010 3518 eo,
1057 3469 1166 3524 quo
1196 3452 1495 3506 indicatum
1524 3456 1630 3513 est,
1673 3446 1837 3501 modo
1864 3452 2063 3516 putan-

479 3546 606 3601 dum
641 3547 763 3602 erit.
800 3545 957 3613 Quod
991 3553 1170 3601 autem
1198 3552 1252 3599 et
1279 3541 1571 3613 IEgyptius
1609 3549 1664 3596 et
1687 3538 1947 3610 Assyrius
1975 3544 2062 3608 ty-

478 3654 686 3696 rannus
726 3637 819 3695 Dei
866 3646 1003 3694 nutu
1051 3638 1118 3694 ad
1155 3636 1466 3692 futurorum
1519 3634 1806 3691 scientiam
1841 3629 2062 3686 deducti

478 3739 627 3797 sunt,
681 3732 783 3787 hoc
830 3746 1048 3803 quoque
1087 3730 1196 3785 alio
1248 3727 1581 3798 respiciente
1621 3724 1733 3780 Deo
1781 3723 2058 3779 usuvenit.

475 3824 613 3881 Nam
643 3840 708 3880 eo
736 3835 896 3896 pacto
919 3832 1236 3880 sanctorum
1269 3819 1633 3891 quorumdam
1661 3817 1945 3873 hominum
1975 3829 2066 3870 sa-

479 3918 741 3988 pientiam
773 3917 1030 3973 omnibus
1075 3916 1422 3970 innotescere
1451 3911 1718 3982 oportuit,
1756 3921 1815 3964 ut
1845 3923 1908 3964 ea
1939 3908 2063 3963 vitae

480 4010 765 4065 hominum
809 4007 961 4062 utilis
1005 4015 1168 4062 esset.
1212 4005 1315 4070 Qui
1345 4003 1492 4059 enim
1523 4001 1640 4056 fieri
1675 4003 1968 4072 potuisset,
2003 4007 2063 4056 ut

483 4104 537 4156 in
566 4099 787 4154 Daniele
817 4097 1048 4152 facultas
1079 4111 1202 4152 esse
1239 4092 1578 4151 vaticinandi
1622 4091 2061 4162 deprehendere-

481 4205 594 4256 tur,
625 4191 732 4247 nisi
779 4196 1163 4245 excantatores
1192 4195 1248 4244 et
1297 4185 1439 4255 magi
1490 4183 1765 4238 somnium
1835 4181 1980 4252 regis
2007 4185 2062 4234 et

483 4284 727 4339 invenire
793 4290 849 4337 et
924 4277 1279 4350 interpretari
1357 4273 1723 4345 nequissent?
1785 4269 2060 4342 quomodo

481 4375 863 4448 :Egyptiorum
889 4371 1206 4428 conservari
1235 4369 1387 4425 natio
1419 4365 1708 4439 potuisset,
1735 4362 1974 4433 Joscpho
2003 4362 2057 4416 in

481 4488 702 4528 carcere
726 4471 912 4526 abdito
935 4476 988 4525 et
1013 4468 1300 4530 concluso,
1334 4467 1380 4521 si
1409 4481 1517 4519 non
1554 4463 1753 4519 somnii
1795 4461 2057 4531 explana-

481 4566 560 4620 tio
611 4563 934 4634 praebuisset
966 4559 1334 4621 occasionem,
1393 4572 1497 4627 qua
1551 4558 1605 4610 in
1635 4562 1837 4610 emtum
1889 4552 2059 4606 totius

483 4655 664 4724 gentis
688 4652 1101 4710 accerseretur?
1127 4651 1340 4706 Idcirco
1375 4648 1723 4705 statuendum
1745 4655 1852 4712 est,
1881 4644 2060 4700 diver-

483 4761 601 4801 sam
642 4746 837 4800 horum
885 4743 1153 4798 rationem
1177 4757 1320 4809 esse,
1363 4757 1484 4812 qua:
1525 4741 1593 4795 ad
1627 4754 1948 4795 communes
1976 4738 2059 4792 vi-

483 4837 670 4894 siones
699 4849 808 4890 non
838 4843 1124 4905 congruat.
1163 4831 1374 4888 Usitata
1403 4847 1529 4887 vero
1553 4829 1888 4887 somniorum
1921 4828 2058 4893 visa,

453 4927 738 4983 -0mnibus
759 4925 940 4988 obvia,
975 4939 1234 4995 perquam
1275 4923 1442 4978 variis
1468 4921 1643 4976 modis
1673 4919 2058 4975 informantur.

479 5019 592 5074 Aut
620 5017 788 5080 enim,
827 5015 1287 5086 quemadmodum
1330 5021 1416 5069 est
1446 5013 1775 5082 expositum,
1829 5009 2058 5066 extremi

481 5107 644 5179 quasi
691 5107 812 5162 soni
857 5106 1182 5162 diurnarum
1211 5104 1556 5160 effectionum
1597 5103 1652 5156 in
1703 5111 1858 5173 parte
1891 5100 2060 5155 animi

483 5199 872 5257 reminiscente
899 5197 1093 5266 reliqui
1125 5196 1387 5260 tinniunt,
1419 5201 1514 5248 aut
1535 5209 1634 5263 pro
1654 5209 1721 5248 eo
1751 5201 1916 5262 atque
1944 5199 2064 5247 cor-

485 5311 587 5364 pus
626 5292 877 5349 affectum
909 5298 1016 5354 cst,
1074 5288 1285 5344 somnia
1314 5302 1532 5358 quoque
1572 5286 1868 5357 finguntur.
1909 5285 2066 5338 Patet

486 5385 590 5441 hoc
633 5403 698 5442 ex
744 5401 833 5450 eo,
878 5383 1022 5455 quod
1071 5383 1164 5452 qui
1209 5381 1446 5452 sitiunt,“
1481 5395 1603 5434 esse
1632 5381 1698 5433 ad
1734 5377 1912 5432 fontes
1942 5391 2066 5432 sese

487 5474 840 5528 existimant:
889 5473 983 5544 qui
1014 5471 1289 5534 esuriunt,
1335 5468 1390 5522 in
1414 5467 1706 5533 conviviis,
1741 5465 2064 5521 adolescens

492 5581 585 5630 per
629 5573 841 5621 atlatem
887 5565 1204 5628 lasciviens,
1261 5570 1631 5618 consentanea
1683 5557 1894 5615 libidini
1951 5571 2065 5613 sua:

491 5657 836 5726 imaginatur.
866 5658 1128 5728 Equidem
1157 5665 1212 5713 et
1239 5657 1402 5712 aliam
1429 5652 1718 5726 quamdam
1742 5659 1942 5723 praeter
1964 5652 2063 5707 has

491 5745 822 5801 somniorum
850 5764 1074 5804 causam
1100 5747 1287 5813 didici,
1327 5761 1452 5801 cum
1481 5743 1852 5800 necessarium
1877 5757 2066 5812 quem-

557 5895 599 5926 ⁸³
632 5900 763 5956 Cen.
791 5917 881 5970 ιιι,
922 5904 940 5956 ι
982 5919 1135 5972 seqq.

2163 1982 2415 2056 δυνάμει,
2442 1987 2710 2060 μηδεμιᾶς
2723 1989 2923 2054 αὐτοὺς
2942 1992 3294 2064 ἐπιθολούσης
3311 1995 3637 2067 αἰσθήσεως,
3653 2001 3750 2072 τὴν

2165 2075 2276 2130 τῶν
2325 2077 2628 2148 μελλόντων
2661 2081 2861 2150 γνῶσιν
2889 2085 3364 2155 προεπαιδεύοντο,
3395 2089 3549 2143 οὐδὲν
3594 2090 3750 2145 τοῦτο

2165 2167 2302 2238 πρὸς
2323 2169 2415 2223 τὸν
2440 2171 2800 2243 προκείμενον
2819 2173 2994 2242 λόγον.
3017 2175 3152 2230 Οὐδὲ
3175 2177 3283 2249 7&9
3300 2179 3364 2233 ἄν
3381 2198 3462 2243 τις
3478 2181 3652 2236 ταῦτα
3685 2186 3749 2254 τῇ

2163 2255 2389 2328 δυνάμει
2409 2259 2518 2314 τῶν
2543 2262 2811 2316 ἐνυπνίων
2833 2263 3124 2334 λογίσαιτο,
3159 2269 3280 2322 ἐπεὶ
3307 2271 3525 2336 πάντως
3553 2273 3619 2324 ἐκ
3658 2274 3749 2326 τοῦ

2163 2349 2458 2404 ἀκολούθου
2483 2353 2690 2418 καὶτὰς
2712 2355 2834 2409 καθ’
2848 2356 2994 2430 ὕπαρ
3007 2360 3298 2431 γινομένας
3315 2362 3638 2434 θεοφανείας
3653 2367 3752 2421 οὐκ

2164 2442 2451 2508 ὀπτασίαν,
2471 2445 2607 2499 ἀλλὰ
2633 2446 2847 2515 φύσεως
2861 2449 3182 2505 ἀκολουθίαν
3210 2453 3348 2507 κατὰ
3365 2454 3426 2508 τὸ
3447 2457 3751 2527 αὐτόματον

2164 2533 2562 2606 ἐνεργουμένην
2581 2538 2840 2610 οἰήσεται.
2869 2541 3078 2613 Ὠσπερ
3097 2543 3274 2598 τοίνυν
3295 2546 3514 2599 πάντων
3541 2546 3751 2616 ἀνθρώ-

2163 2641 2281 2678 πων
2297 2626 2438 2680 κατὰ
2453 2628 2543 2681 τὸν
2566 2628 2694 2682 ῐδιον
2718 2631 2843 2684 νοῦν
2865 2632 3268 2704 διοικουμένων,
3285 2635 3454 2705 ὀλίγοι
3500 2644 3643 2703 τινές
3670 2639 3752 2692 εἰ-

2166 2731 2248 2768 σιν
2276 2717 2324 2768 οἱ
2353 2715 2453 2788 τῆς
2482 2717 2630 2782 θείας
2654 2720 2869 2790 ὀμιλίας
2895 2722 2960 2776 ἐκ
2992 2722 3086 2776 τοῦ
3112 2725 3386 2795 ἐμφανοῦς
3415 2726 3747 2798 ἀξιούμενον

2163 2803 2308 2859 οὕτω
2345 2807 2542 2872 κοινῶς
2569 2811 2704 2863 πᾶσι
2743 2813 2836 2865 καὶ
2865 2811 3144 2884 ὀμοτίμως
3173 2814 3274 2884 τῆς
3317 2815 3374 2867 ἐν
3399 2815 3589 2880 ὕπνοις
3619 2835 3750 2887 φανο

2162 2899 2357 2963 τασίας
2405 2901 2546 2956 κατὰ
2604 2902 2766 2972 φύσιν
2815 2906 3210 2977 ἐγγινομένης,
3247 2909 3535 2980 μετέχουσι
3580 2928 3746 2975 τινες,

2163 2991 2285 3060 οὐχὶ
2322 2992 2542 3057 πάντες,
2588 2993 2864 3066 θειοτέρας
2896 2997 3038 3060 τινὸς
3084 2998 3170 3052 διὰ
3217 2999 3324 3054 τῶν
3375 3001 3603 3073 ὀνείρων
3646 3003 3748 3074 τῆς

2164 3083 2484 3154 ἐμφανείας.
2528 3087 2654 3151 Τοῖς
2699 3087 2743 3142 δ’
2773 3089 2953 3154 ἄλλοις
2995 3092 3129 3144 πᾶσι
3172 3090 3276 3144 κᾶν
3324 3093 3551 3165 γένηταί
3579 3111 3671 3159 τις
3692 3095 3748 3160 ἐξ

2165 3177 2432 3230 ἐνυπνίων
2469 3179 2597 3250 περί
2641 3197 2693 3233 τι
2742 3180 3086 3250 πρόγνωσις,
3123 3181 3265 3236 κατὰ
3310 3183 3400 3237 τὸν
3456 3186 3748 3257 εἰρημένον

2164 3266 2374 3336 γίνεται
2401 3270 2620 3339 τρόπον.
2653 3271 2715 3324 Εἰ
2745 3271 2801 3323 δὲ
2834 3273 2928 3325 καὶ
2959 3275 2989 3327 6
3033 3275 3332 3343 Αἰγύπτιος
3366 3276 3460 3328 καὶ
3488 3278 3518 3329 ὀ
3553 3278 3747 3332 Ἀσσύ-

2165 3376 2279 3432 ριος
2314 3359 2576 3432 τύραννος
2610 3360 2794 3416 θεόθεν
2831 3364 2969 3446 πρὸς
2995 3365 3095 3436 τὴν
3134 3366 3242 3419 τῶν
3277 3367 3578 3438 μελλόντων
3608 3370 3743 3442 ὡδηο

2163 3449 2359 3520 γοῦντο
2387 3452 2614 3521 γνῶσιν,
2641 3453 2829 3525 ’ἐτερόν
2853 3456 2970 3508 ἐστι
3007 3456 3070 3510 τὸ
3093 3457 3181 3510 διὰ
3207 3457 3412 3512 τούτων
3435 3461 3750 3531 οἰκονομού-

2167 3561 2358 3615 μενον-
2389 3533 2768 3617 φανέρωθῆναι
2802 3545 2910 3618 7&9
2948 3547 3054 3601 ἔδει
3091 3553 3479 3624 κεκρυμμένην
3506 3554 3610 3623 τὴν
3641 3555 3749 3608 τῶν

2164 3638 2338 3708 ἁγίων
2366 3639 2579 3709 σοφίαν,
2609 3639 2685 3703 ὡς
2728 3639 2796 3692 ἂν
2828 3639 2902 3711 μὴ
2937 3640 3210 3712 ἄχρηστος
3255 3643 3332 3714 τῷ
3360 3644 3524 3716 κοινῷ
3569 3663 3749 3718 παρα-

2161 3733 2347 3806 δράμῃ
2371 3732 2460 3786 τὸν
2513 3732 2647 3802 βίον.
2689 3733 2815 3796 Πῶς
2841 3732 2950 3804 7&9
2986 3732 3234 3804 ἐγνώσθη
3269 3733 3507 3798 τοιοῦτος
3535 3735 3615 3789 ὣν
3643 3740 3747 3790 Δα-

2161 3828 2303 3900 νιὴλ,
2345 3827 2420 3899 μὴ
2449 3825 2554 3880 τῶν
2599 3824 2866 3879 ἐπαοιδῶν
2901 3825 3010 3878 καὶ
3046 3825 3238 3896 μάγων
3271 3826 3407 3896 πρὸς
3437 3827 3536 3898 τὴν
3592 3829 3749 3900 εὓρε.

2165 3939 2248 3976 σιν
2286 3923 2386 3992 τῆς
2433 3919 2732 3992 φαντασίας
2773 3916 3152 3989 ἀτονησόιντων
3181 3935 3196 3984 ;
3228 3917 3354 3982 Πῶς
3387 3918 3431 3971 δ’
3465 3920 3532 3972 ἂν
3594 3938 3752 3992 περι.

2165 4008 2346 4078 ἐσώθη
2361 4009 2422 4062 τὸ
2443 4008 2736 4076 Αἰγύπτιον
2753 4008 2924 4070 ἔθνος,
2945 4008 3003 4059 ἐν
3027 4006 3390 4076 δεσμωτηρίῳ
3409 4009 3750 4076 καθειργμέ-

2163 4117 2256 4155 νου
2289 4100 2382 4154 τοῦ
2427 4099 2660 4170 Ἰωσὴφ,
2685 4101 2732 4152 εἰ
2770 4097 2844 4170 μὴ
2891 4098 3213 4168 παρήγαγεν
3243 4099 3323 4162 εἰς
3356 4099 3552 4168 μέσους
3582 4099 3751 4152 αὑτὸν

2162 4195 2198 4261 ἡ
2233 4191 2327 4248 τοῦ
2373 4193 2622 4246 ἐνυπνίου
2669 4191 2881 4262 κρίσις-ς
2929 4189 3139 4247 Οὐκοῦν
3164 4190 3292 4244 ἄλλο
3334 4207 3386 4243 τι
3424 4193 3621 4256 ταῦτα,
3655 4195 3750 4246 καὶ

2161 4284 2282 4355 οὕχί
2316 4282 2458 4338 κατὰ
2487 4282 2586 4348 τάς
2630 4280 2816 4344 κοινὰς
2844 4279 3144 4350 φαντασίας
3185 4278 3491 4348 λογίζεσθαι
3518 4281 3648 4350 χρή.
3683 4281 3748 4332 'll

2160 4376 2218 4429 δέ
2256 4374 2490 4446 συνήθης
2539 4373 2681 4442 αὕτη
2717 4371 2826 4425 τῶν
2871 4371 3094 4442 ὀνείρων
3139 4369 3262 4439 ὄψις
3315 4368 3468 4440 κοινὴ
3523 4369 3748 4422 πάντων

2161 4468 2310 4533 ἐστὶ,
2339 4466 2691 4538 πολυτρόπως
2718 4465 2841 4539 ,καὶ
2901 4461 3196 4526 πολυειδῶς
3246 4464 3368 4526 ταῖς
3420 4461 3746 4532 φαντασίαις

2162 4560 2506 4631 ἐγγινομένη.
2539 4554 2611 4611 ’Ἠ
2640 4556 2751 4630 7&9
2790 4555 3125 4627 παραμένει,
3157 4553 3339 4618 καθὼς
3379 4553 3633 4626 εἴρηται,
3666 4554 3748 4625 τῷ

2168 4650 2486 4724 μνημονικῷ
2532 4649 2633 4719 τῆς
2659 4648 2835 4718 ψυχῆς
2864 4647 2971 4701 τῶν
3030 4645 3411 4717 μεθημερινῶν
3459 4644 3747 4715 ἐπιτηδευ-

2167 4745 2352 4815 μάτων
2380 4741 2447 4797 τὰ
2490 4741 2830 4811 άπηχήματα
2867 4736 2943 4807 ’ἢ
2999 4736 3260 4798 πολλάκις
3310 4735 3405 4789 καὶ
3455 4735 3596 4806 πρὸς
3645 4735 3748 4798 τὰς

2165 4836 2324 4900 ποιὰς
2351 4835 2445 4889 τοῦ
2478 4833 2728 4904 σώματος
2763 4831 3082 4901 διαθέσειςή
3112 4828 3221 4882 τῶν
3257 4829 3522 4882 ἐνυπνίων
3569 4828 3747 4882 κατά-

2166 4943 2353 4990 στασις
2375 4923 2766 4979 άνατυποῦται.
2800 4921 2956 4975 Οὕτω
2984 4920 3095 4992 7&9
3122 4922 3152 4973 6
3179 4919 3415 4990 διψώδης
3448 4921 3505 4972 ἐν
3538 4921 3750 4989 πηγαῖς

2163 5013 2304 5071 εἶναι
2331 5017 2497 5079 δοκεῖ,
2527 5016 2621 5069 καὶ
2660 5017 2717 5067 ἐν
2748 5013 3001 5084 εὐωχίαις
3034 5015 3063 5064 6
3091 5012 3296 5084 τροφῆς
3324 5010 3745 5080 προσδεόμενος,

2165 5109 2258 5162 καὶ
2285 5109 2313 5160 6
2342 5107 2481 5172 νέος,
2518 5103 2836 5175 σφριγὼσης
2859 5101 3007 5172 αύτῷ
3033 5102 3132 5172 τῆς
3159 5101 3394 5172 ἡλικίας,
3423 5099 3748 5170 καταλλήλῳ

2163 5199 2242 5270 τῷ
2291 5198 2452 5252 πάθει
2506 5194 2913 5266 φαντασιοῦται.
2954 5194 3165 5262 Ἔγνων
3198 5191 3255 5244 δὲ
3295 5193 3389 5245 καὶ
3434 5191 3604 5262 ἄλλην
3633 5191 3748 5259 ἐγὼ

2163 5290 2273 5344 τῶν
2309 5288 2428 5343 καθ’
2467 5287 2638 5341 ὕπνου
2681 5285 2988 5357 γενομένων
3025 5285 3234 5350 αἰτίαν,
3269 5283 3589 5354 θεραπεύων
3625 5285 3748 5337 τινά

2163 5381 2272 5434 τῶν
2319 5379 2636 5448 ἐπιτηδείων
2668 5379 2945 5433 ἐαλωκότα
2984 5377 3274 5449 φρενίτιδι,
3315 5375 3372 5438 ὃς
3411 5374 3750 5446 βαρούμενος

2164 5476 2228 5544 τῇ
2253 5475 2426 5542 τροφῇ
2453 5471 2653 5526 πλείονι
2677 5472 2776 5540 τῆς
2805 5469 3086 5541 δυνάμεως
3107 5467 3271 5522 αὐτοῦ
3294 5466 3747 5538 προσενεχθείσῃ,

2164 5565 2332 5630 ἐϐόα,
2374 5564 2500 5627 τοὺς
2561 5562 2930 5634 περιεστῶτας
2980 5560 3367 5631 μεμφόμενος,
3415 5559 3500 5611 ὃτι
3556 5558 3745 5630 ἔντερα

2166 5657 2370 5711 κόποου
2406 5654 2792 5726 πληρώσαντες
2827 5649 2937 5708 εἶεν
2962 5651 3360 5714 ἐπιτεθεικότες
3391 5648 3567 5720 αὐτῷ.
