3890 6350
105 544 196 606 ιπ

1342 536 1430 592 οε
1474 534 1758 592 noums
1795 500 2110 591 omnem.

3262 531 3364 588 Hb

110 661 218 716 dam
255 657 597 718 laborantem
638 670 703 712 ex
750 653 1056 727 phrenitide
1102 665 1375 708 curarem.
1410 652 1549 709 Cibo
1582 652 1731 708 enim
1772 650 2030 722 largiore,
2075 662 2237 721 quam
2270 650 2445 721 ipsius
2490 649 2698 706 viribus
2732 650 3067 714 conveniret,
3102 656 3365 718 gravatus

112 754 384 819 clamabat,
420 760 477 808 et
510 757 758 807 astantes
787 748 1131 821 obiurgabat,
1161 747 1518 818 quamobrem
1546 746 1806 803 intestina
1839 759 1999 801 emno
2037 745 2244 815 repleta
2276 745 2382 801 sibi
2421 744 2831 816 imposuissent.

170 867 268 920 Καὶ
292 864 389 937 ήδη
449 863 547 918 τοῦ
576 861 823 935 σώματος
868 860 1015 932 αὐτῷ
1076 860 1214 933 πρὸς
1258 857 1459 932 ἱδρῶτα
1508 857 1676 912 σπεύ-

1849 858 2099 928 Cumque
2132 856 2246 927 jam
2275 869 2478 926 corpus
2502 855 2737 927 quodam
2768 868 2893 910 cum
2946 856 3149 925 impetu
3191 855 3363 913 sudo-

111 958 289 1023 δοντος.
336 958 529 1029 ᾑτιᾶτο
576 956 702 1020 τοὺς
749 955 1024 1025 παρόντας
1071 953 1215 1024 ὕδωρ
1265 952 1410 1024 ἔχειν
1451 944 1679 1022 ἡτοιμαὲ

119 1050 313 1121 σμένον,
335 1050 419 1118 ἐφ’
440 1042 487 1117 ᾧ
512 1066 573 1101 τε
596 1046 929 1117 καταϐρέξαι
964 1044 1237 1116 κείμενον,
1264 1045 1357 1098 καὶ¹
1382 1044 1484 1098 οὐκ
1514 1040 1678 1096 ἐνεδί-

114 1141 194 1194 δου
217 1141 363 1211 βοῶν,
380 1140 485 1203 ἕως
509 1140 544 1210 ἡ
568 1137 792 1201 ἔκϐασις
806 1137 914 1190 τῶν
931 1136 1186 1189 τοιούτων
1209 1134 1470 1206 μέμψεων
1483 1131 1582 1197 τὰς
1593 1134 1681 1186 αἱ·

120 1231 587 1303 τίαςήρμήνευσεν.
615 1228 854 1301 Ἀθρόως
868 1227 940 1297 γά
946 1245 978 1300 ρ
998 1225 1158 1298 ἱδρώς
1175 1243 1233 1280 τε
1254 1224 1421 1289 πολὺς
1436 1223 1679 1296 ὲπερῤύη

119 1320 187 1391 τῷ
200 1321 418 1391 σώματι,
439 1321 534 1374 καὶ
555 1322 590 1391 ἡ
614 1319 826 1391 γαστὴρ
855 1318 1231 1387 ὑποφθαρεῖσα
1248 1317 1346 1389 τὴν
1375 1318 1432 1371 ὲν
1463 1318 1577 1380 τοῖς
1596 1316 1682 1369 ὲν-

122 1412 279 1482 τέροις
307 1410 588 1481 βαρύτητα
615 1411 964 1481 διεσήμανεν.
995 1410 1182 1482 Ὅπερ
1204 1409 1407 1474 τοίνυν,
1443 1406 1686 1479 ἀμϐλυν-

125 1501 285 1573 θείσης
328 1503 430 1557 ὑπὸ
467 1502 570 1572 τῆς
602 1501 758 1555 νόσου
797 1499 896 1571 τῆς
925 1500 1161 1573 νήψεως,
1192 1499 1430 1571 ἔπασχεν
1457 1501 1491 1571 ή
1524 1497 1684 1568 φύσις

130 1597 546 1670 συνδιατιθεμένη
604 1596 684 1667 τῷ
735 1595 898 1651 πάθει
945 1593 1040 1649 τοῦ
1106 1593 1377 1666 σώματος,
1430 1592 1527 1647 τοῦ
1588 1593 1684 1661 μὲν

126 1687 376 1759 ὀχλοῦντος
411 1690 512 1743 οὐκ
566 1688 914 1759 ἀναισθήτως
942 1678 1162 1758 ἔχουσα,
1183 1686 1515 1756 διασαφῆναι
1541 1685 1599 1738 δὲ
1623 1685 1685 1739 τὸ

128 1778 304 1833 λυποῦν
345 1780 612 1853 ἐναργῶς,
643 1778 731 1833 διὰ
778 1779 878 1851 τὴν
909 1781 973 1833 ἐκ
1015 1779 1115 1851 τῆς
1153 1779 1310 1833 νόσου
1336 1778 1684 1852 παραφορὰν,

130 1872 213 1925 οὐκ
257 1871 534 1944 ἰσχύουσαθ
581 1871 743 1926 τοῦτο
771 1872 919 1926 κατὰ
952 1872 1014 1926 τὸ
1053 1872 1222 1937 εἰκὸς,
1251 1873 1299 1925 εἰ
1329 1871 1403 1944 μὴ
1432 1872 1492 1938 ἐξ
1510 1874 1687 1945 άρῥωο

134 1963 279 2027 στίας,
316 1965 444 2018 ἀλλὰ
470 1962 547 2036 τῷ
573 1965 717 2018 κατὰ
744 1963 905 2035 φύσιν
935 1964 1089 2037 ὕπνῳ
1122 1964 1183 2018 τὸ
1210 1964 1554 2036 διανοητικδν
1585 1965 1695 2037 τῆς

138 2050 292 2124 ψυχῆς
331 2054 703 2127 κατηυνάσθη,
730 2055 979 2109 ἐνύπνιον
1010 2055 1076 2109 ἂν
1129 2054 1206 2126 τῷ
1258 2054 1432 2119 οὕτως
1484 2055 1687 2109 διακει-

139 2145 259 2215 μένῳ
297 2147 518 2214 ἐγίνετο,
554 2146 710 2203 ὕδατι
747 2148 845 2219 μὲν
890 2147 989 2218 τῆς
1014 2147 1107 2200 τοῦ
1145 2147 1368 2218 ἱδρῶτος
1398 2147 1683 2219 ἐπιρροῆς,

1779 964 1894 1006 rem
1922 962 2313 1021 expressurum
2341 954 2481 1011 erat,
2506 947 2799 1003 accusabat
2822 961 2919 1003 eos
2949 947 3043 1018 qui
3083 946 3363 1014 adessent,

1781 1037 1939 1111 quasi
1967 1053 2164 1111 aquam
2210 1039 2278 1095 ad
2312 1054 2508 1095 manus
2537 1038 2828 1105 baberent,
2883 1054 2990 1110 qua
3043 1039 3223 1109 ipsum
3279 1038 3371 1111 ja-‘

1782 1141 1997 1189 ceutem
2062 1138 2466 1203 respergerent.
2518 1128 2844 1202 Hujusmodi
2908 1131 3178 1189 clamores
3248 1146 3363 1188 non

1784 1222 2205 1286 intermittebat,
2238 1220 2417 1277 donec
2442 1230 2676 1277 eventus
2704 1222 2845 1292 ipse,
2878 1236 3002 1292 quae
3038 1222 3233 1277 harum
3279 1222 3370 1278 in-

1782 1314 2162 1386 crepationum
2227 1328 2408 1369 causae
2458 1312 2666 1379 essent,
2702 1313 3041 1369 .declararet.
3088 1313 3365 1370 Continuo

1785 1407 1933 1463 enim
1963 1406 2139 1462 sudor
2170 1408 2430 1476 copiosus
2452 1420 2483 1460 e
2516 1421 2746 1475 corpore
2780 1407 3055 1466 manabat.
3091 1415 3147 1463 et
3178 1415 3368 1464 venter

1790 1496 2009 1552 solutus
2053 1495 2202 1567 quod
2252 1496 2435 1552 isthuc
2508 1505 2659 1551 esset
2709 1496 2765 1551 in
2819 1497 3104 1553 intestinis
3154 1500 3369 1568 pondus

1792 1586 2167 1658 signiﬁcabat.
2202 1587 2361 1654 Quod
2399 1586 2566 1658 igitur
2596 1588 2802 1642 accidit
2834 1588 3100 1644 hebetatae
3133 1605 3231 1660 per
3257 1590 3368 1645 vim

1786 1679 1966 1736 morbi
2005 1687 2234 1745 naturae,
2268 1696 2390 1751 quae
2410 1680 2602 1735 morbo
2637 1681 2888 1750 corporis
2917 1681 3278 1746 afﬁciebatur,
3309 1691 3372 1738 ut

1785 1772 1920 1844 quid
1972 1788 2139 1843 grave
2179 1773 2583 1843 molestumque
2628 1774 2733 1830 sibi
2773 1783 2944 1838 esset,
2989 1787 3103 1828 non
3145 1774 3373 1831 omnino

1787 1867 2089 1937 ignoraret,
2142 1864 2389 1920 indicare
2442 1874 2628 1921 tamen
2680 1880 2780 1936 per
2835 1874 3012 1920 ortam
3057 1880 3123 1921 ex
3176 1865 3372 1922 morbo

1787 1951 2170 2008 delirationem
2204 1951 2350 2007 unde
2392 1951 2709 2017 laederetur,
2742 1953 3039 2024 perspicue
3070 1969 3182 2010 non
3225 1956 3379 2011 vale-

1788 2053 1901 2102 ret:
1919 2045 1972 2101 id
1996 2051 2429 2101 consentaneum
2454 2054 2561 2111 est,
2600 2048 2647 2103 si
2672 2046 2816 2103 forte
2840 2065 2946 2103 non
2973 2064 3040 2104 ex
3060 2049 3376 2105 invalitudi-

1789 2151 1878 2202 ne,
1924 2137 2020 2191 sed
2058 2137 2299 2192 naturali
2326 2152 2529 2193 somno
2566 2139 2881 2211 intelligens
2931 2142 3100 2196 animi
3135 2142 3371 2198 facultas

135 2238 335 2311 ἐντέρων
377 2239 431 2294 δὲ
459 2239 619 2312 βάρει
659 2241 758 2311 τῆς
804 2239 947 2294 κατὰ
993 2240 1091 2311 τὴν
1126 2240 1333 2312 τροφὴν
1387 2240 1685 2311 ἀχθηδόνος

1800 2229 1964 2299 sopita
1990 2228 2270 2293 fuisset,in
2307 2230 2531 2285 homine
2562 2231 2643 2285 sic
2671 2230 2868 2287 affecto
2894 2234 3168 2289 somnium
3196 2234 3373 2305 quod-

141 2330 527 2405 σημαινομένης.
559 2329 734 2386 Τοῦτο
778 2333 872 2386 καὶ
898 2332 1113 2396 τωλλοῖς
1150 2331 1260 2386 τῶν
1289 2333 1389 2404 τὴν
1433 2333 1689 2406 ἰατρικὴν

141 2418 546 2495 πεπαιδευμένων
596 2425 765 2489 δοκεῖ,
798 2425 962 2498 παρὰ
1019 2426 1118 2491 τὰς
1176 2423 1287 2479 τῶν
1340 2425 1689 2496 παθημάτων

140 2510 486 2584 διαοορὰςμαὶ
519 2515 623 2580 τὰς
654 2515 759 2570 τῶν
791 2516 1060 2570 ἐνυπνίων
1096 2514 1246 2586 ὄψεις
1260 2517 1389 2579 ,τοῖς
1419 2515 1689 2583 κάμνουσι

142 2602 387 2671 γίνεσθαι·
420 2606 586 2671 ἄλλοις
643 2610 742 2678 μὲν
786 2607 895 2661 τῶν
937 2606 1371 2679 στομαχούντων,
1398 2606 1594 2679 ἐτέρας
1632 2606 1691 2661 δὲ

144 2696 234 2749 τῶν
258 2699 649 2771 κεκακωμένων
695 2700 795 2764 τάς
841 2700 1134 2772 μήνιγγας.
1170 2700 1266 2755 καὶ
1298 2698 1407 2753 τῶν
1435 2701 1494 2752 ὲν
1523 2715 1692 2769 πυρε-

143 2790 236 2854 toi;
269 2791 418 2847 πάλιν
455 2792 674 2862 ἑτέρας,
707 2791 815 2845 τῶν
856 2809 916 2846 τε
972 2792 1115 2847 κατὰ
1142 2792 1325 2865 χολὴν,
1362 2792 1455 2846 κατι¹
1500 2790 1607 2844 τῶν
1632 2791 1692 2844 ὲν

147 2879 384 2953 φλέγματι
406 2884 766 2957 κακουμένων
807 2882 868 2938 οὐ
909 2868 1007 2947 τὰς
1042 2884 1241 2947 αὑτὰς,
1287 2881 1519 2936 καὶτῶν
1556 2880 1693 2952 πλη-

144 2968 381 3042 θωρικῶν,
402 2976 629 3029 καὶτῶν
656 2974 1026 3048 ὲκτετηκότων
1063 2973 1225 3029 πάλιν
1272 2972 1458 3037 ἄλλας.
1505 2971 1596 3037 Ἐξ
1617 2966 1693 3028 ὧν

150 3061 271 3118 ἔστιν
295 3065 428 3131 ἰδεῖν,
452 3068 533 3122 ὅτι
570 3068 606 3139 ἡ
643 3066 911 3139 θρεπτική
941 3083 1006 3121 τι
1038 3068 1132 3120 καὶ
1160 3064 1429 3136 αὐξητικὴ
1463 3062 1695 3135 δύναμις

150 3154 230 3227 τῆς
256 3156 416 3229 ψυχῆς
435 3158 533 3233 ἔχῃ
564 3178 620 3214 τι
656 3159 752 3213 καὶ
778 3158 871 3213 τοῦ
901 3156 1093 3231 νοεροῦ
1133 3156 1696 3229 συγκατεσπαρμένον

152 3245 265 3318 αὐτῇ
290 3247 371 3303 διὰ
416 3249 512 3321 τῆς
543 3249 934 3322 ἀνακράσεως,
971 3249 1001 3303 δ
1027 3251 1094 3321 τῇ
1142 3249 1277 3320 ποιᾷ
1325 3248 1563 3303 διαθέσει
1599 3246 1696 3303 τοῦ

154 3333 368 3406 σώματος
396 3340 593 3412 τρόπον
640 3340 764 3394 τινὰ
801 3338 1166 3412 ἐξομοιοῦται,
1199 3340 1296 3394 καὶ¹
1348 3340 1411 3394 τὸ
1460 3341 1697 3413 ἐπικρα-

153 3425 256 3480 τοῦν
279 3428 433 3496 πάθος
475 3435 599 3496 ταῖς
648 3432 967 3502 φαντασίαις
1023 3425 1527 3504 μθαρμοζὸμενον.
1574 3431 1697 3485 Ἔτι

153 3515 199 3568 δὲ
235 3520 316 3573 καὶ
356 3523 484 3593 πρὸς
522 3522 627 3587 τὰς
672 3522 780 3579 τῶν
827 3524 972 3594 ἠθῶν
1011 3524 1378 3588 καταστάσεις
1423 3525 1695 3580 τυποῦται

1790 2320 1916 2375 dam
1961 2319 2206 2376 futurum
2255 2320 2449 2388 fuisse,
2496 2323 2552 2377 in
2591 2338 2702 2394 quo
2762 2339 2859 2395 per
2902 2340 3099 2397 aquam
3156 2327 3377 2384 sudoris

1791 2409 1983 2476 ﬂuxio,
2026 2427 2124 2482 per
2156 2411 2544 2469 intestinorum
2569 2415 2787 2485 pondus
2818 2416 2925 2472 cibi
2959 2428 3108 2473 esset
3135 2420 3378 2491 gravitas

1793 2505 2127 2574 significata.
2165 2505 2315 2562 ldem
2353 2507 2603 2578 plerique
2632 2508 2827 2565 medici
2865 2520 3132 2578 statuunt,
3165 2514 3257 2584 qui
3289 2529 3378 2569 se—

1791 2597 2031 2651 cundum
2085 2599 2399 2655 morborum
2450 2599 2772 2657 discrimina
2823 2603 3165 2659 somniorum
3207 2605 3374 2661 etiam

1794 2688 2009 2759 species
2050 2688 2300 2746 diversas
2343 2690 2507 2761 aegris
2544 2691 2796 2748 accidere
2840 2691 3112 2748 allirmant
3165 2709 3183 2748 :
3238 2695 3377 2752 alias

1793 2780 2057 2834 nimirum
2098 2781 2168 2836 iis
2206 2781 2301 2851 qui
2335 2783 2608 2838 stomachi
2651 2784 2787 2839 vitio
2823 2785 3099 2852 laborent,
3135 2786 3279 2844 alias
3312 2790 3379 2844 iis

1794 2872 1996 2943 quibus
2038 2873 2249 2928 cerebri
2297 2874 2630 2930 membrana:
2679 2876 2791 2931 siut
2840 2876 3003 2943 lzesze,
3052 2879 3189 2936 alias
3242 2879 3381 2936 febri

1796 2964 2103 3034 correptis,
2171 2965 2309 3021 alias
2358 2964 2426 3021 iis
2469 2968 2671 3037 quibus
2723 2968 2932 3024 nimius
2980 2969 3107 3026 bilis
3161 2971 3380 3039 humor,

1797 3055 1934 3110 alias
1966 3054 2167 3125 quibus
2197 3055 2389 3124 pituita
2420 3057 2494 3112 sit
2527 3058 2756 3113 molesta
2784 3074 2799 3113 :
2830 3057 3067 3131 denique
3097 3060 3201 3116 alia
3234 3078 3385 3119 som-

1797 3146 2013 3202 niorum
2055 3147 2172 3204 visa
2219 3150 2368 3205 succi
2403 3149 2582 3221 plenis
2611 3154 2960 3224 corporibus,
2998 3155 3104 3209 alia
3141 3171 3386 3214 marces-

1796 3239 2051 3294 centibus
2105 3240 2297 3309 objici.
2361 3239 2436 3297 De
2489 3243 2695 3312 quibus
2738 3246 2997 3302 omnibus
3037 3247 3222 3304 videre
3274 3258 3383 3311 est,

1798 3334 2131 3390 uutrientem
2170 3344 2697 3408 accrescentemque
2737 3337 3048 3407 facultatem
3081 3341 3383 3400 animinon

1800 3425 1938 3481 nihil
1968 3427 2131 3481 etiam
2184 3421 2277 3483 de.
2308 3427 2363 3482 vi
2421 3427 2761 3500 intelligente
2810 3431 2916 3487 sibi
2964 3432 3280 3504 inspersum
3316 3451 3386 3492 ex

1800 3526 2170 3591 temperatura
2200 3528 2391 3575 mutua
2422 3523 2727 3587 continere,
2777 3525 2922 3594 quod
2973 3526 3221 3596 corporis
3263 3526 3391 3583 affe-

156 3606 334 3674 πολλοῖς
354 3587 419 3666 τά
442 3614 692 3670 ἐνύπνια.
711 3587 879 3669 Ἀλλά
900 3613 996 3668 τοῦ
1025 3614 1294 3687 ἀνδρείου,
1313 3587 1408 3669 καὶ
1438 3614 1575 3671 ἄλλα
1601 3615 1696 3669 τοῦ

1802 3587 1972 3669 ctioni
2001 3616 2236 3686 quodam
2259 3616 2423 3671 modo
2442 3618 2732 3675 consimile
2755 3619 3037 3683 reddatur,
3057 3587 3113 3677 et
3137 3622 3389 3679 diversas

156 3695 299 3754 δειλοῦ
318 3703 380 3756 τὰ
409 3706 772 3777 φαντάσματα
796 3722 810 3736 °
847 3705 995 3770 ἄλλοι
1023 3705 1118 3760 τοῦ
1146 3706 1448 3762 ἀκολάστου
1470 3706 1695 3778 ὄνειροι,

159 3791 235 3844 καὶ
258 3792 390 3849 ἄλλοι
432 3798 523 3853 τοῦ
573 3797 876 3869 σώφρονος
900 3800 958 3853 ὲν
1005 3797 1214 3870 ἑτέροις
1242 3799 1271 3851 ὁ
1310 3797 1659 3870 μεταδοτικὸς
1680 3837 1695 3859 ,

162 3882 235 3936 καὶ
275 3887 326 3940 ὲν
376 3888 585 3962 ἑτέροις
624 3889 1013 3960 φαντασιοῦται
1052 3891 1082 3943 ὁ
1114 3887 1423 3960 ἄπληστος,
1459 3886 1696 3959 οὐδαμοῦ

161 3972 240 4043 τῆς
266 3977 480 4047 διανοίας
499 4020 514 4045 ,
549 3980 691 4035 ἀλλὰ
722 3980 822 4051 τῆς
859 3980 1209 4052 ἁλογωτέρας
1236 3978 1528 4044 διαθέσεως
1548 3981 1606 4033 ὲν
1629 3981 1696 4051 τῇ

162 4064 279 4139 ψυχῇ
312 4071 399 4133 τὰς
419 4072 678 4137 τοιαύτας
706 4074 1008 4143 φαντασίας
1029 4071 1433 4144 ἀνατυπούσης,
1455 4067 1537 4137 οἷς
1569 4089 1702 4144 προ-

163 4156 337 4234 ιιθίσθη
361 4162 445 4220 διὰ
476 4165 579 4236 τῆς
608 4164 730 4218 καθ’
763 4164 914 4236 ὕπαρ
949 4164 1201 4236 μελέτης,
1248 4163 1456 4219 τούτων
1487 4163 1588 4228 τὰς
1623 4165 1702 4218 εί-

163 4247 297 4316 κόνιις
321 4254 408 4308 καὶ
438 4257 493 4311 ὲν
521 4258 635 4320 τοῖς
668 4256 943 4320 ἐνυπνίοις
977 4255 1450 4326 ἀναπλαττούσης.

1805 3705 2235 3777 imaginationes
2265 3714 2567 3763 nocturnas
2595 3722 2695 3779 pro
2727 3710 2902 3765 morbi
2925 3709 3246 3767 diversitate
3272 3712 3390 3768 elli-

1807 3794 1942 3849 ciat.
2000 3795 2099 3851 Est
2148 3804 2202 3851 et
2252 3796 2399 3851 aliud
2446 3797 2789 3853 somniorum
2850 3794 3125 3869 quoddam
3182 3817 3387 3872 genus,

1803 3884 1950 3957 quod
2013 3900 2112 3954 pro
2169 3901 2383 3941 morum
2447 3887 2716 3958 cujusque
2775 3889 3039 3944 varietate
3097 3888 3387 3946 formatur.

1808 3975 1949 4031 Sunt
1984 3977 2131 4032 enim
2162 3977 2282 4032 alite
2320 3978 2559 4034 hominis
2600 3978 2779 4047 fortis,
2818 3981 2938 4034 aliae
2982 3980 3153 4036 timidi
3196 3981 3392 4053 imagi-

1805 4069 2055 4125 nationes
2093 4080 2376 4126 nocturnae
2419 4090 2432 4126 :
2469 4071 2574 4126 alia
2613 4074 2999 4144 temperantis,
3042 4074 3258 4146 aliaque
3301 4075 3391 4130 iu,-

1806 4163 2163 4231 temperautis
2191 4165 2437 4232 somnia;
2487 4165 2590 4219 alia
2635 4163 2843 4219 homini
2884 4166 3112 4221 avaritia
3148 4167 3392 4237 inexple-

1808 4252 1935 4317 bili,
1973 4254 2078 4308 alia
2117 4255 2326 4311 liberali
2373 4270 2472 4325 per
2512 4270 2767 4312 somnum
2813 4256 3171 4327 objiciuntur.
3213 4259 3393 4329 Atque

165 4342 259 4397 Visa
285 4344 388 4403 haec
412 4364 757 4423 nequaquam
792 4365 969 4417 mens,
998 4350 1098 4408 sed
1132 4365 1330 4422 expers
1358 4351 1451 4406 illa
1479 4348 1712 4406 rationis
1746 4347 1811 4403 in
1833 4351 2013 4404 anima
2033 4349 2248 4405 affectio
2278 4348 2555 4407 informat.
2595 4348 2729 4406 Nam
2758 4350 2960 4423 quibus
2988 4352 3112 4423 quis
3149 4354 3393 4410 assuevit

164 4430 331 4488 diurno
358 4442 553 4511 studio,
599 4457 786 4498 eorum
828 4442 885 4497 in
925 4443 1135 4500 somnis
1171 4444 1336 4499 etiam
1380 4443 1675 4499 simulacra
1723 4440 1896 4512 lingit.

643 4584 1040 4639 ΚΕΦΑΛΑΙΟΝ
1086 4585 1185 4642 lA'.

172 4663 275 4757 ὀξι
290 4672 394 4757 ρύκ
416 4675 483 4728 ἐν
502 4674 669 4757 μέρει
696 4676 802 4731 τοῦ
830 4675 1101 4756 σώματος
1139 4680 1172 4731 ό
1210 4675 1374 4757 νρῦς.
1411 4676 1508 4729 Ἐν
1521 4667 1581 4756 ᾧ
1603 4673 1700 4728 καὶ

2218 4658 2223 4663 η
2392 4579 2623 4637 carur
2669 4580 2814 4636 xw.

1814 4671 2040 4728 Mentem
2067 4682 2211 4729 certa
2231 4674 2460 4745 quadam
2508 4676 2563 4729 iu
2584 4677 2819 4743 corporis
2841 4686 2993 4743 parte
3015 4693 3119 4732 non
3146 4680 3394 4743 existere,

225 4736 650 4828 tildxpzmg'tér
677 4763 741 4800 τε
788 4736 1141 4817 σωματικῶν
1179 4748 1277 4802 καὶ
1316 4736 1595 4815 ψυχικῶν
1624 4761 1698 4799 κισ

1882 4745 2215 4828 declariitum
2243 4736 2263 4798 ἒ
2288 4755 2551 4828 ρναιιετεα
2572 4736 2814 4814 corporis
2841 4736 2893 4801 et
2942 4749 3110 4802 animi
3157 4736 3395 4806 motuum

225 4812 490 4877 ηιμάτων.

241 4919 379 4977 Ἀλλὰ
438 4928 571 4982 πολῦ
624 4928 732 4983 τῶν
786 4929 1160 5001 προκειμένων
1217 4925 1705 5000 ἁπεπλανήθημεν.

176 5008 320 5077 Δεῖξαι
347 5016 448 5090 γὰρ
485 5021 618 5091 ἡμῖν
645 5021 673 5073 ὁ
693 5019 851 5089 λόγος
884 5020 1145 5092 προέθετο
1175 5020 1256 5086 τὸ,
1304 5019 1379 5092 μὴ
1416 5019 1570 5091 μέρει
1601 5019 1710 5072 τινὶ
1750 5044 1753 5055 ·

177 5096 249 5152 τοῦ
283 5103 513 5175 σώματος
544 5107 846 5163 ἐνδεδέσθαι
872 5111 963 5165 τὸν
986 5111 1110 5166 νοῦν
1139 5128 1154 5142 ·
1182 5110 1319 5165 ἀλλὰ
1344 5110 1546 5174 παντὸς
1568 5108 1709 5164 κατὰ

178 5187 226 5240 τὸ
248 5192 344 5247 ἴσον
374 5200 702 5269 ἐφάπτεσθαι
726 5244 743 5270 ,
774 5204 1123 5277 καταλλήλως
1159 5206 1225 5276 τῇ
1258 5202 1419 5274 φύσει
1450 5200 1543 5256 τοῦ
1573 5202 1711 5255 ὕπο-

179 5284 389 5351 κεεμένου
423 5291 617 5364 μέρους
660 5294 985 5368 ἐνεργοῦντα
1037 5295 1136 5367 τὴν
1192 5295 1428 5367 κίνησιν.
1457 5292 1615 5348 Ἔστι
1655 5292 1712 5346 δὲ

182 5368 284 5458 53m
322 5382 408 5434 καὶ
436 5385 791 5439 ἐπακολουθεῖ
826 5390 945 5451 ταῖς
975 5390 1234 5457 φυσικαῖς
1276 5387 1472 5458 ὁρμαῖς
1495 5387 1525 5438 ὁ
1563 5384 1709 5452 νοῦς,
1769 5399 1775 5403 ·

182 5453 270 5519 οἷον
299 5467 562 5548 ὑπηρέτης
601 5479 909 5550 γενόμενος.
944 5453 1422 5552 καθηγεῖται
1453 5479 1715 5544 πολλάκις

184 5552 304 5621 ἡτοῦ
339 5562 577 5635 σώματος
620 5569 803 5640 φύσις,
839 5572 933 5625 καὶ
978 5571 1072 5625 τοῦ
1123 5570 1420 5635 λυποῦντος
1462 5570 1713 5642 αἴσθησιν

188 5641 439 5721 ἑντιθεῖσα,
482 5660 574 5712 καὶ
617 5659 711 5713 τοῦ
770 5661 1151 5733 εὐφραίνοντος
1202 5659 1529 5733 ἐπιθυμίαν,
1573 5641 1715 5714 ὥστε

188 5737 350 5825 fair-qv
374 5748 467 5814 μὲν
499 5750 597 5814 τὰς
626 5751 846 5824 πρώτας
879 5753 1139 5825 παρέχειν
1167 5753 1363 5825 ἀρχὰς,
1389 5752 1423 5825 ἢ
1456 5750 1717 5825 βρώσεως

190 5824 424 5908 δρεξιν,ῆ
463 5857 603 5908 τινος
654 5843 793 5907 ὂλως
837 5824 1102 5898 τῶνκαθ’
1152 5824 1344 5917 ἡδονὴν
1396 5824 1494 5917 τὴν
1540 5842 1718 5916 ὁρμὴν

194 5918 492 6013 ξμποιοῦσαν,
518 5937 606 5990 τὸν
644 5938 703 5993 δὲ
744 5938 871 5994 νοῦν
916 5939 1268 6013 ἐκδεχόμενον
1305 5939 1406 6004 τὰς
1460 5937 1719 6003 τοιαύτας

195 6009 350 6085 δρμάς,
368 6026 482 6090 ταῖς
520 6028 746 6095 οἰκείαις
788 6009 1225 6103 περινοίαιςδτὰς
1266 6028 1401 6100 πρὸς
1429 6029 1491 6083 τὸ
1520 6028 1719 6083 ποθού-

1881 4816 2168 4869 discrimen
2198 4817 2518 4886 expositum.

1886 4925 2082 4981 Verum
2115 4926 2394 4984 enimvero
2442 4929 2602 5001 longe
2658 4930 2726 4985 ab
2767 4946 2854 4998 eo,
2913 4947 3023 5002 quo
3061 4932 3129 4987 de
3166 4934 3251 5006 agi
3281 4949 3396 4991 οω-

1811 5026 1965 5089 ptum
2015 5027 2157 5083 erat,
2224 5020 2459 5093 digressi
2510 5037 2726 5079 sumus.
2777 5022 3201 5082 lnstitueramus
3246 5026 3392 5082 enim

1811 5112 2210 5177 demonstrare,
2244 5122 2481 5169 mentem
2521 5115 2665 5185 parti
2714 5116 2968 5188 corporis
2994 5116 3157 5171 alicui
3199 5116 3390 5187 alliga-

1787 5216 1994 5275 'galam
2024 5218 2130 5258 non
2164 5219 2327 5260 esse:
2360 5205 2453 5261 sed
2495 5220 2619 5261 cum
2668 5209 2957 5279 toto.pari
3002 5207 3218 5262 ratione
3261 5221 3397 5263 con-

1808 5295 1989 5367 juugi,
2010 5294 2331 5352 eﬂicientem
2361 5307 2570 5352 motum
2596 5298 2649 5353 iu
2684 5300 2944 5354 membris
2969 5300 3142 5369 partis
3170 5298 3397 5368 cujusli-

1814 5386 1907 5441 bet
1964 5394 2173 5443 naturm
2230 5399 2681 5445 consentaneum.
2748 5388 2835 5443 Fit
2889 5396 3072 5443 autem
3119 5388 3394 5443 interdum

1815 5476 2005 5542 etiam,
2039 5484 2100 5531 ut
2134 5493 2289 5535 mens
2324 5484 2584 5550 tanquam
2618 5479 2894 5542 minister,
2924 5487 3141 5533 natura:
3167 5478 3400 5535 libidini-

1816 5568 1918 5623 bus
1950 5568 2304 5640 obtemperet.
2345 5568 2500 5641 Saepe
2530 5570 2676 5626 enim
2707 5569 2960 5641 corporis
2998 5578 3199 5625 natura
3240 5568 3400 5626 ducis

1815 5659 2058 5717 officium
2092 5670 2342 5732 usurpat,
2382 5662 2456 5717 ita
2480 5671 2539 5717 ut
2574 5670 2631 5719 et
2660 5663 2912 5719 nocentis
2940 5662 3019 5718 rei
3063 5678 3314 5728 sensum,
3346 5651 3405 5718 ct

1813 5750 2069 5822 jucundae
2093 5768 2157 5807 ac
2188 5761 2355 5825 gratae
2373 5753 2705 5811 desiderium
2728 5754 2951 5811 excitet.
2970 5755 3232 5827 Adeoque
3261 5757 3319 5810 lit
3342 5763 3405 5809 ut

1818 5843 2137 5915 expetendis
2159 5845 2325 5901 rebus
2349 5848 2695 5903 occasionem
2719 5861 2918 5920 corpus
2944 5848 3204 5921 praebeat,
3235 5862 3301 5903 ac
3320 5847 3403 5903 vel

1820 5933 1928 5990 cibi
1964 5935 2048 5992 vel
2091 5936 2392 6008 voluptatis
2427 5937 2663 6011 alicujus
2708 5939 2993 5996 libidinem
3027 5940 3187 5997 nobis
3216 5939 3402 6007 indnt;

1822 6041 1979 6083 mens
2006 6037 2188 6085 autem
2230 6029 2547 6102 bujusmodi
2576 6031 2906 6104 cupiditates
2942 6031 3234 6100 excipiens,
3281 6043 3398 6083 out-
