3890 6352
990 404 1020 426 Ι

517 532 621 587 Πῦ

1796 524 1853 579 S.
1888 520 2215 578 GREGORII
2252 519 2549 578 NYSSENI

3694 518 3794 572 176

520 660 617 704 nes
668 643 908 699 rationes
943 647 999 696 et
1039 639 1275 695 consilia
1313 637 1532 709 corpori
1580 636 1982 701 accommodet,
2031 645 2090 691 ut

2199 650 2361 705 μενον
2415 634 2672 709 ἀφορμὰς
2736 636 3145 708 συνεκπορίζειν
3192 633 3273 706 τῷ
3311 630 3552 705 σώματι.
3608 631 3688 688 Τδ
3735 632 3793 687 δέ

518 736 793 793 industria
840 750 940 791 sua
989 732 1135 804 quod
1184 731 1462 800 expetitur
1510 729 1774 785 inveniat.
1825 727 1946 783 Non
1994 728 2100 785 hoc

515 827 656 898 apud
686 843 879 883 omnes
905 826 1161 881 homines
1193 826 1375 879 locum
1400 822 1601 878 habet:
1624 820 1720 875 sed
1749 820 1968 874 illorum
1991 829 2097 885 est,

459 944 471 956 ε
515 920 669 989 quia
701 927 901 975 natura
947 915 1241 987 mancipiis
1282 928 1449 983 quam
1494 910 1763 968 simillimi
1796 911 2091 973 exsistunt,

512 1012 595 1068 Illi
641 1013 812 1076 enim,
863 1026 986 1067 eum
1030 1017 1243 1064 natura:
1293 1005 1613 1062 libidinibus
1663 1003 1932 1059 rationem
1977 1009 2100 1056 tan—

512 1120 680 1175 quam
720 1119 833 1159 rem
883 1102 1123 1171 mancipi
1178 1100 1452 1156 addictam
1510 1096 1844 1166 subjiciunt,
1895 1093 2098 1151 mentis

512 1195 724 1251 scilicet
760 1208 929 1264 opera
976 1193 1035 1246 in
1080 1188 1357 1245 adulando
1408 1201 1676 1244 sensuum
1718 1185 2097 1255 voluptatibus

472 1286 769 1342 -servilem
814 1286 869 1339 iu
914 1282 1137 1338 modum
1187 1281 1509 1336 abutuntur.
1552 1278 1635 1332 Ab
1668 1276 1738 1333 iis
1788 1284 1971 1331 autem
2002 1275 2096 1346 qui

514 1378 877 1450 perfectiores
906 1385 1059 1443 sunt,
1080 1377 1185 1429 hoc
1215 1385 1563 1443 nequaquam
1588 1368 1917 1425 admittitur.
1942 1366 2097 1423 Mens

513 1468 661 1523 enim
692 1467 749 1522 in
774 1468 862 1522 bis
889 1466 1053 1522 ducis
1080 1465 1259 1520 oﬂicio
1293 1463 1538 1535 fungitur
1567 1480 1580 1515 :
1605 1460 1864 1531 quodque
1892 1475 1960 1516 ex
1989 1474 2097 1514 usu

512 1568 623 1625 est,
674 1559 743 1615 de
788 1558 1019 1615 rationis
1061 1556 1285 1627 iudicio,
1328 1568 1436 1610 non
1469 1552 1697 1608 libidine
1745 1551 1918 1607 ullius
1961 1549 2095 1607 ail‘e-

512 1651 715 1708 ctionis
745 1650 920 1721 eligit.
977 1648 1151 1720 Atque
1186 1647 1354 1717 hujus
1388 1646 1550 1702 ducis
1599 1642 1850 1714 vestigiis
1897 1649 2096 1697 natura

514 1744 799 1810 insistens,
833 1722 1235 1812 praecedentem
1274 1738 1548 1809 sequitur.
1581 1723 1850 1792 Caeterum
1874 1734 1976 1789 etsi
2004 1749 2098 1789 su-

502 1839 729 1909 ,periore
770 1835 1024 1891 oratione
1070 1832 1412 1887 declaratum
1454 1836 1561 1894 est,
1610 1826 1811 1897 triplex
1869 1839 1992 1881 esse
2039 1823 2095 1878 in

2200 727 2442 782 τοιοῦτον
2468 731 2571 782 οὐκ
2605 728 2700 783 ἐπὶ
2730 728 2946 782 πάντων
2972 729 3139 794 ἐστὶν,
3174 726 3311 781 ἀλλὰ
3344 726 3524 798 μόνων
3550 724 3663 779 τῶν
3696 725 3793 780 ἁν-

2200 817 2705 890 δραποδωδέστερον
2749 818 3138 890 διακειμένων,
3186 818 3236 872 οἶ
3279 816 3651 882 δουλώσαντες
3704 816 3796 869 τὸν

2200 912 2358 982 λόγον
2412 914 2532 976 ταῖς
2585 913 2783 985 ὁρμαῖς
2833 914 2930 984 τῆς
2986 912 3224 983 φύσεως,
3271 912 3360 968 διὰ
3401 913 3502 983 τῆς
3554 909 3654 965 τοῦ
3700 907 3794 965 νοῦ

2201 1003 2516 1075 συμμαχίας
2569 1003 2632 1057 τὸ
2670 1003 2811 1058 κατὰ
2860 990 2960 1068 τάς
3005 1005 3288 1075 αἰσθήσεις
3339 1002 3439 1075 ἡδὺ
3495 999 3795 1072 δουλοπρε-

2201 1097 2320 1160 πῶς
2384 1094 2795 1151 κολακεύουσιν.
2867 1096 2992 1150 Ἐπὶ
3044 1095 3101 1150 δὲ
3144 1094 3254 1150 τῶν
3292 1091 3647 1165 τελειοτέρων
3697 1092 3796 1162 οὑχ

2199 1186 2373 1252 οὕτως
2420 1186 2650 1256 γίνεται.
2697 1186 3036 1257 Καθηγείται
3078 1186 3188 1259 γὰρ
3237 1187 3267 1239 ὁ
3319 1184 3475 1250 νοῦς,
3508 1183 3659 1254 λόγῳ
3701 1184 3797 1236 καὶ

2198 1279 2321 1351 οὑχὶ
2374 1279 2538 1334 πάθει
2565 1278 2628 1332 τὸ
2660 1278 2936 1344 λυσιτελὲς
2985 1279 3457 1351 προαιρούμενος*
3479 1278 3514 1348 ἡ
3540 1275 3600 1330 δέ
3631 1275 3797 1345 φύσις

2200 1371 2320 1425 κατ’
2354 1370 2499 1441 τινος
2548 1370 2744 1425 ἐπεται
2790 1371 2870 1442 τῷ
2910 1369 3437 1442 προκαθηγουμένῳ.
3479 1362 3704 1433 Ἐπειδὴ
3739 1367 3797 1420 δέ

2197 1465 2351 1531 τρεῖς
2395 1461 2539 1516 κατὰ
2577 1461 2677 1535 τὴν
2721 1462 2957 1534 ζωτικὴν
3002 1462 3231 1533 δύναμιν
3281 1459 3549 1532 διαφορὰς
3580 1461 3612 1513 ὁ
3640 1459 3798 1527 λόγος

2199 1543 2365 1621 εὗρε,
2394 1551 2493 1622 τὴν
2539 1552 2637 1623 μὲν
2686 1553 3027 1625 τρεφομένην
3084 1552 3251 1626 χωρὶς
3297 1552 3649 1623 αίσοήσεως,
3697 1549 3796 1618 τὴν

2197 1641 2256 1696 δὲ
2317 1643 2663 1714 τρεφομένην
2733 1642 2832 1715 μέν
2897 1644 2993 1697 καὶ
3053 1642 3428 1715 αὐξανομένην
3458 1681 3475 1707 ,
3530 1638 3799 1713 ἀμοιροῦ-

2200 1746 2298 1784 σαν
2358 1730 2415 1784 δέ
2473 1732 2573 1801 τῆς
2625 1731 2850 1802 λογικῆς
2909 1732 3226 1804 ἐνεργείας,
3282 1731 3382 1804 τὴν
3446 1730 3504 1783 δέ
3566 1728 3798 1799 λογικὴν

2198 1822 2293 1875 καὶ
2316 1821 2525 1877 τελείαν
2550 1822 2617 1876 δι’
2654 1823 2872 1894 ἁπάσης
2900 1823 3193 1897 διήκουσαν
3220 1824 3321 1895 τῆς
3365 1824 3680 1894 δυνάμεως,
3719 1824 3796 1887 ὼς

509 1928 730 1984 vivendi
765 1925 1027 1982 facultate
1070 1923 1395 1986 discrimen,
1429 1929 1490 1976 ut
1533 1920 1640 1974 alia
1690 1918 1765 1975 sit
1810 1918 1922 1971 vita
1974 1930 2090 1986 qua:

2199 1915 2292 1968 καὶ
2320 1916 2378 1969 ἐν
2411 1915 2651 1980 ἐκείναις
2681 1911 2821 1971 εἶναι
2854 1919 2947 1971 καὶ
2971 1917 3073 1988 τῆς
3098 1918 3292 1989 νοερᾶς
3321 1918 3382 1971 τὸ
3408 1915 3571 1970 πλέον
3608 1916 3759 1987 ἐχειν
3782 1931 3797 1944 °

507 2024 728 2094 quidem
764 2019 1064 2081 nutriatur,
1104 2030 1305 2086 expers
1348 2021 1532 2069 tamen
1584 2010 1659 2067 sit
1702 2024 1901 2066 sensus
1941 2028 1955 2064 :
1988 2008 2090 2063 alia

2200 2004 2391 2076 μηδεὶς
2418 2005 2506 2059 διὰ
2545 2004 2748 2061 τούτων
2793 1984 3088 2061 ὑπονοείτω
3119 1984 3269 2079 τρεῖς
3315 1984 3799 2079 συγκεκροτῆσθαι

498 2123 563 2170 et
616 2113 920 2177 nutriatur,
969 2116 1026 2164 et
1073 2106 1297 2170 sentiat,
1354 2111 1540 2160 careat
1595 2109 1780 2158 autem
1833 2100 2098 2155 facultate

508 2208 740 2262 rationis
776 2224 790 2260 :
843 2204 950 2257 alia
988 2200 1230 2271 denique
1264 2210 1326 2255 et
1361 2196 1577 2252 ratione
1608 2202 1823 2259 utatur,
1868 2200 1925 2248 et
1965 2207 2096 2263 per-

504 2301 653 2354 .t'ecta
692 2296 787 2361 sit,
818 2306 1027 2364 perque
1063 2290 1356 2344 facultates
1388 2293 1617 2342 caeteras
1648 2299 1841 2340 omnes
1872 2282 2096 2348 diffusa,

508 2398 572 2446 ut
606 2400 661 2445 et
691 2388 748 2441 in
778 2386 847 2441 iis
880 2385 1131 2447 exsistat,
1165 2391 1221 2437 et
1254 2391 1515 2450 tauquam
1544 2377 1809 2435 eximium
1838 2375 2095 2447 quiddam

509 2477 877 2549 intelligentiae
907 2474 1015 2528 vim
1052 2472 1251 2551 habeat
1281 2489 1294 2525 :
1326 2484 1489 2525 nemo
1518 2478 1698 2523 tamen
1739 2465 1946 2522 idcirco
1978 2464 2098 2521 exi-

504 2572 693 2628 stimet
736 2576 851 2623 tres
904 2567 961 2621 in
1013 2565 1255 2619 humano
1303 2559 1525 2632 opiﬁcio
1572 2558 1787 2614 animas
1832 2557 2094 2622 existere,

2196 2096 2375 2169 ψυχὰς
2411 2098 2468 2152 ἐν
2507 2098 2584 2170 τῷ
2609 2097 2934 2171 ἀνθρωπίνῳ
2965 2099 3323 2172 συγκρίματι,
3353 2100 3411 2154 ἐν
3440 2099 3605 2164 ἰδίαις
3639 2116 3799 2170 περι-

2198 2192 2437 2260 γραφαῖς
2472 2189 2873 2261 θεωρουμένας,
2908 2191 3049 2245 ὥστε
3092 2191 3455 2263 συγκρότημά
3493 2210 3546 2246 τι
3580 2191 3799 2245 πολλῶν

2198 2280 2387 2352 ψυχῶν
2430 2283 2528 2354 τὴν
2580 2283 2928 2356 ἀνθρωπίνην
2977 2283 3140 2355 φύσιν
3180 2281 3319 2339 εἶναι
3350 2284 3616 2356 νομίζειν.
3653 2284 3795 2339 Ἀλλ’

2199 2375 2231 2444 ἡ
2264 2374 2364 2445 μὲν
2385 2362 2593 2446 ἄληθής
2613 2392 2672 2428 τε
2698 2375 2792 2429 καὶ
2813 2375 2994 2429 τελεία
3022 2375 3191 2447 ψυχὴ,
3217 2376 3316 2448 μία
3342 2378 3408 2448 τῇ
3433 2377 3597 2446 φύσει
3620 2376 3795 2442 ἐστὶν,

2195 2468 2229 2538 ἡ
2259 2462 2428 2537 νοερά
2449 2483 2508 2519 τε
2533 2467 2627 2519 καὶ
2652 2466 2833 2532 ἆῦλος,
2869 2468 2902 2538 ἡ
2932 2466 3018 2521 διὰ
3043 2467 3152 2522 τῶν
3181 2467 3491 2539 αἰσθήσεων
3527 2471 3596 2540 τῇ
3632 2468 3795 2540 ὑλικῇ

2195 2542 2647 2629 καταμιγνυμένη
2691 2557 2872 2627 φύσει.
2916 2559 2990 2613 Τὸ
3021 2558 3079 2613 δὲ
3114 2559 3314 2624 ὑλῶδες
3345 2558 3492 2613 ἅπαν
3525 2561 3587 2614 ἐν
3613 2564 3795 2632 τροπῇ

507 2677 757 2719 seorsum
784 2660 954 2716 certis
996 2656 1156 2728 quasi
1207 2652 1472 2708 limitibus
1518 2649 1992 2719 circumscriptas,
2039 2655 2090 2701 ut

2199 2663 2253 2699 τε
2299 2647 2394 2701 καὶ
2438 2636 2721 2702 ἀλλοιώσει
2751 2650 3032 2721 κείμενον,
3074 2650 3125 2704 εί
3176 2651 3276 2720 μέν
3310 2650 3528 2722 μετέχοι
3547 2651 3652 2721 τῆς
3692 2653 3799 2722 ψυο

508 2765 764 2812 naturam
825 2751 1064 2808 hominis
1120 2764 1184 2803 ex
1239 2746 1492 2817 pluribus
1546 2742 1749 2799 animis
1802 2740 2090 2797 conﬂatam

2199 2739 2399 2812 χούσης
2436 2740 2749 2813 δυνάμεως,
2787 2743 2928 2797 κατὰ
2959 2741 3187 2814 αὔξησιν
3230 2741 3586 2815 κινηθήσεται
3608 2759 3624 2773 ο
3655 2744 3707 2796 εί
3737 2743 3797 2797 δέ

507 2858 700 2921 putare
746 2846 1066 2902 debeamus.
1133 2840 1270 2894 Nam
1325 2853 1459 2895 vera
1499 2846 1554 2893 et
1613 2834 1856 2908 perfecta
1911 2832 2090 2888 anima

2199 2832 2466 2888 ἁποπέσοι
2485 2834 2847 2906 τῆς“ζωτικῆς
2871 2836 3173 2907 ἐνεργείας,
3198 2837 3279 2900 είς
3305 2836 3510 2909 φθορὰν
3529 2836 3797 2891 ἀναλύσει

512 2956 700 3013 reapse
724 2940 886 2995 unica
916 2935 1166 3008 quaedam
1198 2943 1302 2998 est,
1329 2932 1667 3001 intelligens,
1700 2928 1850 2984 nulla
1883 2943 1949 2984 ex
1975 2940 2090 2980 ma-

2199 2921 2299 2995 τὴν
2323 2923 2558 2995 κίνησιν.
2593 2925 2730 2980 Οὔτε
2762 2922 2855 2981 οὖν
2885 2927 3137 2999 αἴσθησις
3163 2928 3333 3001 χωρὶς
3361 2928 3555 2999 ὑλικῆς
3579 2929 3795 2993 οὐσίας,

508 3033 645 3089 terie
687 3043 879 3087 crassa
930 3032 1212 3088 constans,
1268 3023 1362 3078 sed
1400 3037 1497 3094 per
1534 3034 1734 3076 sensus
1773 3025 1984 3072 natura:
2016 3017 2090 3072 illi

2201 3014 2323 3069 οὔτε
2349 3019 2448 3088 τῆς
2493 3020 2688 3089 νοερᾶς
2733 3019 3016 3094 δυνάμεως
3053 3022 3256 3093 χωρὶς,
3302 3021 3611 3093 αἰσθήσεως
3639 3021 3799 3094 ἐνέρ-

506 3138 709 3180 crassre
751 3120 934 3175 mista.
981 3115 1258 3187 Quidquid
1298 3123 1482 3170 autem
1520 3111 1740 3168 exsistit
1765 3126 1833 3165 ex
1868 3109 2090 3164 materie

2202 3124 2328 3176 γεια
2358 3109 2590 3177 γίνεται.

505 3229 726 3280 classa,
772 3211 1170 3268 mutationibus
1221 3215 1274 3265 et
1336 3207 1564 3263 alternis
1614 3203 2067 3262 conversionibus
2119 3200 2458 3270 obnoxium,
2494 3204 2541 3260 si
2590 3204 2809 3276 quidem
2860 3203 3139 3264 facultatis
3181 3205 3457 3278 particeps
3509 3205 3620 3261 erit
3670 3205 3796 3276 ejus

506 3328 628 3384 quae
680 3310 917 3366 animam
976 3306 1381 3376 complectitur,
1419 3303 1751 3359 accretionis
1795 3309 2003 3357 motum
2043 3297 2307 3369 habebit;
2371 3300 2457 3356 sin
2518 3307 2703 3358 autem
2751 3301 2968 3359 vivendi
3012 3302 3327 3358 facultatem
3384 3303 3622 3371 amittat,
3678 3312 3796 3359 tum

504 3399 702 3456 deinde
755 3398 967 3454 scilicet
996 3406 1178 3452 motus
1226 3394 1347 3460 ejus
1393 3393 1460 3449 ad
1510 3401 1812 3449 extremum
1874 3393 2153 3448 interitum
2211 3400 2418 3463 verget.
2467 3393 2675 3448 Idcirco
2715 3409 2893 3464 neque
2922 3409 3119 3452 sensus
3147 3405 3303 3451 extra
3339 3394 3586 3451 maleﬁci
3630 3401 3799 3450 natu-

510 3509 621 3549 ram
647 3492 902 3549 exsistit:
933 3506 1110 3563 neque
1134 3488 1367 3543 facultas
1393 3488 1705 3560 intelligens
1735 3488 1855 3544 sine
1884 3503 2051 3544 sensu
2105 3487 2353 3543 actiones
2398 3504 2529 3543 suas
2554 3496 2796 3543 exercet.

1106 3582 1329 3640 CAPUT
1379 3581 1496 3640 XV.

404 3686 410 3693 ‘
504 3677 753 3733 Animam
800 3676 1008 3744 proprie
1054 3683 1104 3729 et
1132 3690 1245 3729 esse
1289 3689 1417 3744 eam,
1457 3681 1509 3728 et
1556 3672 1685 3737 dici,
1726 3674 2118 3744 quwiratione‘

571 3750 776 3812 utitur;
804 3743 1009 3802 ueteris
1033 3753 1242 3799 tantum
1266 3743 1677 3814 appellationem
1702 3760 1821 3798 cum
1853 3743 1954 3798 hac
1978 3760 2094 3799 esse

568 3833 924 3874 communem.
956 3814 1221 3869 Pra'terea
1256 3829 1349 3883 per
1385 3816 1690 3869 universum
1718 3829 1912 3881 corpus
1948 3830 2094 3867 men-

578 3890 650 3943 tis
688 3903 743 3941 se
779 3887 1092 3954 facultatem
1124 3885 1327 3949 didere,
1359 3885 1693 3939 conveniente
1721 3885 1957 3954 quadam
1999 3899 2093 3937 ra-

575 3960 715 4011 tione
758 3954 1008 4010 membris
1055 3954 1282 4023 singulis
1333 3954 1700 4023 conjunctam.

578 4045 637 4101 Si
676 4044 803 4115 quis
849 4051 1033 4098 autem
1084 4041 1293 4097 idcirco
1337 4041 1525 4112 plures
1572 4056 1698 4098 esse
1730 4043 1942 4097 animas
1973 4040 2095 4112 opi-

510 4146 702 4201 natur,
748 4134 897 4207 quod
948 4142 1135 4190 creata
1186 4134 1451 4189 nonnulla
1505 4133 1763 4189 facultate
1814 4134 2093 4190 nutriente

506 4234 638 4284 sunt
658 4226 914 4298 _pra:dita,
956 4224 1218 4280 nonnulla
1256 4224 1557 4292 sentiente;
1609 4239 1736 4280 cum
1771 4225 1864 4280 illa
1898 4240 2089 4292 sensu,

505 4319 622 4375 haec
659 4317 1021 4388 intelligentia
1072 4322 1324 4382 careant;
1358 4316 1407 4370 is
1446 4315 1753 4370 animarum
1789 4315 2091 4373 discrimen

504 4427 617 4467 non
650 4411 788 4467 satis
818 4409 1091 4482 explicate
1125 4407 1395 4463 declarat.
1428 4406 1705 4479 Quidquid
1731 4408 1881 4464 enim
1912 4409 1968 4464 in
1999 4424 2089 4466 re-

503 4519 628 4560 rum
655 4511 854 4559 natura
890 4502 1131 4569 exsistit,
1158 4502 1207 4558 si
1233 4501 1455 4574 quidem
1484 4500 1727 4572 perfecte
1748 4512 1833 4558 est
1852 4502 1904 4557 id
1933 4504 2081 4573 quod

503 4608 628 4649 esse
677 4593 881 4648 debet:
925 4598 1077 4648 recte
1114 4593 1279 4647 etiam
1318 4606 1384 4646 ac
1416 4591 1640 4663 proprie
1682 4608 1883 4648 nomen
1924 4610 2086 4650 suum

501 4682 737 4749 obtinet,
788 4697 901 4754 quo
935 4682 1151 4739 scilicet
1202 4683 1546 4754 appellatur;
1596 4683 1689 4739 sin
1732 4683 1941 4755 aliquid
1976 4698 2088 4740 non

502 4786 734 4843 prorsus
758 4780 813 4829 et
856 4774 1071 4843 integre
1101 4780 1187 4829 est
1217 4773 1298 4839 id,
1331 4774 1480 4844 quod
1517 4788 1642 4830 esse
1674 4774 1881 4829 dicitur
1909 4789 1928 4829 :
1957 4774 2087 4830 huic

503 4862 804 4933 improprie
850 4878 1052 4920 nomen
1098 4863 1281 4934 ipsum
1324 4863 1605 4919 tribuitur.
1641 4861 1700 4918 Si
1743 4865 1890 4935 quis,
1930 4867 2084 4922 verbi

2714 3584 3112 3639 ΚΕΦΑΛΛΙΟΝ
3162 3585 3262 3639 ΙΕ’.

2195 3671 2323 3730 Ὀτι
2371 3672 2836 3745 κυρίωςᾼψιιχὴ,
2880 3673 2920 3740 ἡ
2958 3673 3175 3744 lorarii
3226 3673 3325 3728 καί
3366 3675 3497 3729 ἐστι
3540 3674 3644 3745 reg!
3692 3676 3792 3730 λέ-

2263 3760 2453 3836 τιςταξ·
2486 3742 2857 3836 abdidi)?
2893 3742 3216 3836 ὀμίυῖέύμως
3255 3742 3787 3836 κᾳτοιηιιάξοῖται.

2287 3816 2375 3867 Ἐν
2394 3806 2441 3879 ᾧ
2469 3812 2569 3867 καὶ
2597 3814 2694 3877 τὸ,
2722 3813 2821 3867 διὰ
2845 3806 3073 3881 παντὸς
3090 3806 3208 3867 ’τοῦ
3239 3806 3514 3881 σώματος
3549 3813 3792 3880 διήκειν

2262 3883 2379 3952 τὴν
2427 3882 2535 3937 τοῦ
2573 3885 2685 3939 νοῦ
2729 3882 3008 3952 δύναμιν,
3056 3882 3459 3952 καταλλήλως
3516 3882 3791 3939 ἑκάστου
3852 3938 3855 3943 .

2262 3902 2379 3952 την
2427 3902 2535 3937 του
2573 3902 2685 3939 νου
2729 3902 2886 3939 avra
2931 3902 3008 3948 ιν,

2257 3954 2482 4024 μέρους
2507 3902 3038 4025 προσαπτομὲην.

2261 4045 2326 4098 El
2359 4044 2422 4098 δέ
2448 4062 2568 4098 τινα
2618 4048 2716 4116 τῆς
2764 4047 2996 4111 κτίσεως
3035 4044 3137 4117 τὴν
3165 4044 3467 4118 θρεπτικὴν
3499 4043 3789 4117 ἐνέργειαν

2190 4136 2340 4209 ἔχει,
2371 4137 2405 4208 ἢ
2454 4137 2618 4192 πάλιν
2649 4138 2815 4205 ἐτερα
2856 4140 2924 4210 τῇ
2968 4138 3261 4210 αἰσθητικῇ
3300 4137 3589 4192 διοικεῖται
3621 4138 3788 4194 δυνά-

2195 4245 2306 4301 μει,
2335 4230 2473 4300 μήτε
2498 4230 2683 4284 ἐκεῖνα
2713 4229 3050 4300 αἰσθήσεως,
3084 4230 3222 4301 μήτε
3253 4227 3428 4283 ταῦτα
3456 4229 3558 4299 τῆς
3587 4232 3788 4301 νοερᾶς

2193 4317 2492 4390 μετέχοντα
2526 4317 2773 4387 φύσεως,
2813 4320 2909 4373 καὶ
2939 4320 3028 4373 διὰ
3053 4318 3214 4374 τοῦτό
3239 4336 3324 4383 τις
3354 4318 3543 4389 ψυχῶν
3578 4319 3787 4390 πλῆθος

2190 4406 2625 4462 καθυποπτεύει·
2675 4408 2738 4478 οὑ
2801 4407 2945 4462 κατὰ
3002 4407 3095 4463 τὸν
3152 4407 3467 4481 διαιροῦντα
3526 4408 3692 4475 λόγον
3758 4411 3786 4463 ὁ

2190 4493 2433 4560 τοιοῦτος
2461 4496 2560 4567 τὴν
2599 4496 2708 4551 τῶν
2734 4496 2923 4569 ψυχῶν
2955 4499 3221 4571 διαφορὰν
3254 4499 3572 4570 δογματίσει
3597 4519 3611 4532 ·
3645 4501 3785 4556 διότι

2189 4587 2298 4639 πᾶν
2317 4586 2377 4639 τὸ
2396 4587 2452 4640 ἐν
2471 4589 2584 4649 τοῖς
2601 4583 2720 4641 οὖσι
2745 4587 3056 4659 νοούμενον,
3086 4591 3134 4643 εἰ
3158 4589 3258 4660 μὲν
3282 4590 3503 4655 τελείως
3529 4591 3617 4663 εῖη
3645 4592 3785 4663 ὅπερ

2189 4677 2334 4743 ἐστὶ,
2365 4678 2569 4750 κυρίως
2606 4680 2700 4733 καὶ
2728 4679 3052 4752 ὀνομάζεται
3080 4681 3217 4754 ὅπερ
3242 4681 3489 4751 λέγεται·
3521 4683 3586 4736 τὸ
3614 4684 3675 4737 δέ
3710 4685 3785 4755 μὴ

2188 4769 2278 4824 διὰ
2300 4769 2519 4823 πάντων
2558 4771 2617 4825 δν
2647 4773 2852 4838 ἐκεῖνο,
2881 4772 2911 4826 δ
2939 4774 3382 4845 κατωνόμασται,
3410 4775 3651 4845 ματαίαν
3687 4779 3783 4830 καὶ

2187 4863 2288 4931 τὴν
2320 4862 2688 4933 προσηγορίαν
2718 4862 2852 4935 ἔχει.
2889 4859 3015 4918 Οἷον
3045 4866 3099 4918 εί
3122 4883 3206 4931 τις
3229 4865 3320 4920 τὸν
3346 4865 3524 4937 ἀληθῆ
3551 4866 3783 4932 δείξειεν

500 4952 703 5023 gratia,
744 4967 937 5023 panem
979 4969 1175 5009 verum
1204 4954 1459 5010 ostendat
1492 4971 1509 5009 :
1543 4970 1669 5011 eum
1707 4955 1925 5027 proprie
1954 4971 2072 5014 rem

2199 4927 2383 5024 Ξρτον,
2442 4927 2625 5024 φαμέν
2680 4927 2780 5010 τδζὶ
2820 4954 3061 5009 τοιοῦτον
3116 4927 3323 5029 κυρίως
3375 4927 3666 5025 ἐπιλέγειν⁷
3706 4958 3783 5029 τῷ

500 5043 801 5100 indicatam
835 5059 939 5100 suo
974 5045 1199 5101 nomine
1227 5046 1538 5118 appellasse
1566 5046 1823 5104 dicimus.
1858 5046 1955 5102 Sin
1984 5062 2086 5102 au-

499 5145 609 5192 tem
657 5149 765 5190 una
807 5148 935 5190 cum
988 5133 1097 5190 hoc
1150 5135 1316 5189 alium
1370 5134 1664 5206 quemdam
1720 5135 2084 5203 demonstret,

498 5233 619 5280 arte
667 5224 873 5279 factum
915 5222 982 5280 de
1028 5225 1262 5279 materie
1305 5222 1541 5293 lapidea,
1582 5224 1829 5293 ejusdem
1871 5226 2081 5291 formae,

501 5315 770 5385 aequalem
807 5314 1209 5384 maguitudine,
1241 5315 1425 5369 colore
1456 5315 1819 5382 consimilem,
1855 5323 1915 5370 ut
1942 5317 2083 5370 mul-

498 5406 573 5459 tis
596 5419 663 5459 ex
692 5409 859 5461 rebus
892 5405 1035 5460 idem
1071 5419 1194 5460 esse
1226 5418 1352 5459 cum
1378 5419 1464 5469 eo,
1500 5405 1567 5458 ad
1612 5403 1772 5474 cujus
1804 5406 2088 5479 exemplar

503 5492 682 5548 factus
709 5503 813 5561 est,
843 5501 1103 5565 appareat
1131 5511 1146 5548 :
1193 5509 1363 5548 unum
1395 5495 1559 5549 modo
1585 5494 1751 5557 desit,
1786 5494 1932 5565 quod
1967 5495 2086 5550 ido-

503 5598 640 5638 neus
668 5600 791 5640 esse
816 5586 1013 5641 alendo
1049 5585 1257 5640 homini
1293 5598 1403 5638 non
1448 5584 1624 5655 possit
1659 5593 1815 5639 :tum
1851 5600 1981 5641 vero
2017 5585 2084 5643 de

502 5673 606 5728 hoc
633 5674 753 5743 ipso
798 5690 908 5728 non
940 5685 1089 5731 recte
1127 5675 1292 5745 lapidi
1326 5675 1482 5744 panis
1529 5675 1953 5745 appellationem
1994 5677 2079 5731 iu-

484 5763 695 5826 .ditam,
720 5762 815 5816 sed
844 5778 939 5831 per
967 5764 1118 5819 vocis
1139 5767 1391 5829 abusum,
1425 5763 1837 5821 aflirmabimus.
1875 5764 2075 5821 Eodem

501 5852 661 5908 modo
688 5852 955 5922 quidquid
983 5868 1091 5908 non
1138 5854 1289 5909 omni
1319 5869 1385 5909 ex
1423 5862 1580 5925 parte
1603 5854 1656 5908 id
1688 5865 1773 5911 est
1801 5858 1948 5927 quod
1987 5859 2074 5913 di-

499 5947 663 6013 citur,
687 5944 745 6001 in
775 5959 840 6000 eo
870 5943 1195 6015 appellando
1227 5945 1509 6002 vocabulis
1538 5946 1831 6005 abutimur.
1867 5949 2075 6016 Quam-

2192 5042 2538 5115 ὑποκειμένῳ
2563 5043 2624 5098 τὸ
2647 5043 2838 5116 ὄνομα.
2866 5046 2928 5100 Εἰ
2955 5046 3017 5099 δέ
3034 5063 3119 5111 τις
3142 5047 3237 5101 τὸν
3268 5046 3377 5103 ἀπὸ
3411 5047 3561 5101 λίθου
3584 5065 3783 5120 τεχνηο

2191 5134 2351 5188 θέντα
2395 5134 2472 5207 τῷ
2513 5136 2653 5190 κατὰ
2701 5136 2862 5206 φύσιν
2915 5139 3449 5211 ἀντιπαραδείξειεν,
3496 5132 3542 5209 ᾧ
3592 5140 3783 5212 σχῆμα

2191 5226 2291 5298 μὲν
2329 5227 2389 5280 τὸ
2431 5228 2597 5293 αὐτὸ,
2634 5229 2729 5283 καὶ
2759 5230 2822 5283 τὸ
2870 5229 3094 5300 μέγεθος
3138 5227 3276 5298 ἴσον,
3306 5231 3404 5285 καὶ
3441 5233 3476 5303 ἡ
3504 5229 3601 5284 τοῦ
3631 5235 3779 5303 χρώ-

2186 5335 2352 5386 ματος
2393 5320 2681 5391 ὁμοιότης,
2724 5319 2865 5374 ὥστε
2903 5322 2991 5376 διὰ
3030 5322 3140 5377 τῶν
3179 5322 3449 5377 πλείστων
3493 5322 3589 5376 τὸν
3614 5323 3778 5377 αὐτὸν

2183 5406 2321 5464 εἶναι
2357 5411 2436 5483 τῷ
2479 5413 2817 5483 πρωτοτύπῳ
2860 5415 3073 5481 δοκεῖν,
3126 5415 3402 5470 ἐπιλείπει
3430 5416 3490 5470 δὲ
3529 5416 3687 5487 αὐτῷ
3723 5415 3779 5469 τὸ

2183 5501 2279 5555 καὶ
2316 5503 2517 5575 τροφὴν
2564 5503 2825 5559 δύνασθαι
2854 5501 2994 5560 εἶναι
3019 5524 3032 5538 ·
3070 5509 3221 5578 παρὰ
3248 5507 3405 5561 τοῦτο
3443 5508 3505 5561 οὑ
3544 5508 3775 5579 κυρίως,

2182 5587 2296 5640 ἀλλ’
2331 5590 2395 5642 ἐκ
2434 5592 2826 5664 κχταχρήσεως
2872 5595 2971 5666 τῆς
3014 5597 3333 5667 ἐπωνυμίας
3362 5595 3456 5649 τοῦ
3489 5596 3660 5666 ἄρτου
3692 5615 3775 5650 τε-

2182 5680 2481 5751 τυχηκέναι
2532 5680 2622 5735 τὸν
2667 5684 2815 5738 λίθον
2860 5686 3129 5757 λέγωμεν.
3178 5690 3289 5742 Καὶ
3323 5687 3503 5742 πάντα
3536 5689 3611 5742 τὰ
3635 5686 3773 5743 κατᾶ

2182 5769 2276 5822 τὸν
2320 5770 2482 5824 αὑτὸν
2525 5773 2703 5844 λόγον,
2734 5775 2770 5829 ἃ
2813 5778 2886 5848 μὴ
2929 5778 2996 5831 δι’
3024 5779 3160 5832 ὅλων
3190 5780 3337 5832 ἐστὶν
3359 5781 3500 5851 ὅπερ
3520 5779 3773 5849 λέγεται,

2183 5861 2248 5913 ἐκ
2291 5865 2681 5934 καταχρήσεως
2720 5866 2833 5938 ἔχει
2866 5872 2965 5941 τὴν
3008 5870 3224 5942 κλῆσιν.
3267 5870 3427 5935 Οῗύτω
3464 5872 3648 5926 τοίνυν
3683 5865 3773 5921 καὶ

2182 5950 2280 6022 τῆς
2324 5952 2508 6032 ,ψυχῆς
2555 5956 2608 6010 ἐν
2657 5957 2734 6031 τῷ
2781 5961 2952 6033 νοερῷ
2994 5979 3049 6016 τε
3098 5964 3190 6019 καὶ
3226 5962 3431 6036 λογικῷ
3474 5962 3539 6018 τὸ
3571 5963 3771 6019 τέλειον
