3890 6382
130 304 226 367 ιη

1429 309 1519 365 DE
1557 308 1846 366 llOMlNlS
1883 309 2199 369 OPllt‘lClO.

3342 315 3443 372 178

130 419 396 493 ἐχούσης,
432 421 558 476 πᾶν
593 422 630 475 ὃ
665 421 741 499 μὴ
765 419 925 476 τοῦτό
954 421 1139 488 ἐστιν,
1168 418 1459 492 ὁμώνυμον
1492 421 1593 493 μὲν
1615 418 1757 482 εἶναι

1870 423 2052 479 obrem
2103 437 2231 478 cum
2278 436 2343 478 ea
2391 420 2612 477 demum
2682 418 2926 493 perfecta
2967 420 3040 477 sit
3086 421 3286 491 anima,
3325 440 3446 495 qua:

131 511 352 566 δύναται
385 511 462 582 τῇ
503 511 676 585 ψυχῇ
698 550 715 578 ,
742 513 803 565 οὐ
840 511 946 583 μὴν
969 512 1065 567 καὶ
1098 511 1268 575 ὅντως
1295 510 1478 585 ψυχὴ,
1514 511 1653 567 ἀλλά
1672 529 1758 579 τις

134 600 388 673 ἐνέργεια
434 601 706 674 ζωτικὴ,
750 603 816 673 τῇ
861 601 961 673 τῆς
1006 599 1185 673 ψυχῆς
1233 600 1426 671 κλήσει
1463 618 1758 673 συγκεκρι-

138 692 290 764 μένη.
323 690 425 745 Διὸ
465 692 576 746 καὶ
608 694 716 765 τὴν
746 692 856 746 τῶν
891 692 1102 761 ἀλόγων
1132 691 1330 761 φύσιν,
1362 692 1440 755 ὡς
1470 693 1532 746 οὺ
1564 693 1757 765 πόρρω

138 784 231 855 τῆς
257 783 512 854 φυσικῆς
540 784 761 856 ταύτης
784 782 929 854 ζωῆς
951 780 1234 853 κειμένην,
1264 782 1464 853 ὁμοίως
1495 780 1666 836 ἔδωκε
1689 784 1756 855 τῇ

138 877 333 947 χρήσει
373 874 479 930 τοῦ
524 873 862 949 ἀνθρώπου,
908 876 939 928 ό
981 872 1052 927 τά
1094 872 1218 927 καθ’
1260 872 1493 928 ἕκαστον
1536 873 1760 945 νομοθε-

139 969 329 1039 τήσας,
353 966 437 1032 ὡς
457 967 597 1022 ἀντὶ
627 968 863 1039 λαχάνου
894 968 1006 1030 τοῖς
1031 966 1350 1037 μετέχουσιν
1377 961 1538 1020 εἶναι.
1572 967 1760 1022 Πάντα

140 1059 269 1133 γὰρ,
305 1058 473 1132 φησι,
496 1059 578 1114 τά
601 1059 746 1131 κρέα
772 1057 1031 1129 φάγεσθε,
1060 1059 1138 1122 ὡς
1163 1058 1372 1128 λάχανα
1394 1057 1609 1128 χόρτου.
1653 1058 1760 1112 Μι-

143 1150 273 1223 κρὸν
292 1150 413 1222 γάρ
440 1167 503 1204 τι
540 1150 894 1204 πλεονεκτεῖν
916 1149 1066 1204 δοκεῖ
1089 1152 1156 1221 τῇ
1187 1149 1477 1222 αἰσθητικῇ
1508 1149 1761 1222 ἐνεργείᾳ

142 1240 238 1296 τοῦ
274 1240 407 1312 δίχα
466 1241 694 1313 ταύτης
737 1241 1072 1314 τρεφομένου
1117 1258 1177 1296 τε
1226 1240 1323 1296 καὶ
1365 1240 1756 1313 αὐξανομένου.

148 1332 513 1387 Παιδευσάτω
543 1332 717 1388 τοῦτο
746 1333 870 1397 τοὺς
900 1332 1263 1405 φιλοσάρκους
1283 1371 1299 1397 ,
1348 1333 1426 1406 μὴ
1460 1333 1597 1388 πολὺ
1645 1334 1761 1398 τοῖς

150 1424 267 1475 κατ’
297 1422 571 1495 αἴσθησιν
608 1423 956 1495 φαινομένοις
976 1423 1351 1496 προσδραμεῖν
1378 1423 1478 1495 τὴν
1497 1423 1761 1494 διάνοιαν,

151 1514 261 1568 ἀλλ’
287 1517 346 1569 έν
376 1517 501 1579 τοῖς
530 1516 795 1587 ψυχικοῖς
831 1517 1209 1587 προτερήμασι
1244 1515 1760 1591 προσασχολεῖσθαι,

154 1605 226 1670 ὡς
251 1606 352 1679 τῆς
380 1607 640 1680 ἀληθοῦς
676 1607 856 1678 ψυχῆς
884 1608 944 1661 ὲν
979 1606 1192 1671 τούτοις
1224 1607 1630 1679 θεωρουμένης,
1660 1608 1761 1680 τῆς

155 1698 211 1753 δὲ
251 1700 577 1771 αἰσθήσεως
624 1702 720 1755 καὶ
755 1703 812 1754 ὲν
851 1702 966 1763 τοῖς
1010 1699 1225 1770 ἀλόγοις
1252 1699 1314 1753 τὸ
1349 1700 1465 1754 ῐσον
1505 1699 1756 1771 ἐχούσης.

1861 524 1915 571 et
1946 514 2327 586 intelligentiae
2349 524 2404 570 et
2434 513 2667 569 rationis
2692 520 2780 569 est
2810 512 2865 569 vi
2892 512 3158 584 praedita:
3183 514 3443 585 quidquid

1861 604 2076 663 scilicet
2111 606 2222 661 tale
2249 621 2358 661 non
2406 614 2511 670 est,
2543 605 2594 662 ei
2627 620 2754 661 cum
2788 605 2970 660 anima
2996 606 3218 676 quidem
3246 622 3444 663 nomen

1859 711 1986 753 esse
2026 711 2322 752 commune
2346 704 2554 768 potest,
2587 711 2785 767 reapse
2814 710 2942 752 vero
2970 711 3082 752 non
3113 697 3318 762 anima,
3346 700 3444 756 sed

1861 786 2077 843 vivendi
2112 787 2346 843 facultas
2370 788 2619 858 quaedam
2653 787 2781 853 erit,
2814 802 2936 858 quae
2982 803 3136 844 more
3157 788 3442 845 hominum

1860 879 2057 934 animae
2086 879 2447 950 appellatione
2478 885 2793 936 censeatur.
2816 878 3028 963 Idcirco
3058 878 3202 935 Deus
3234 881 3442 936 homini

1861 970 2178 1026 animalium
2220 971 2482 1028 carnibus
2510 973 2678 1036 vesci,
2713 972 2940 1043 perinde
2976 979 3137 1044 atque
3178 972 3441 1040 oleribus,

1860 1063 2126 1133 permittit
2173 1064 2369 1134 :quod
2420 1078 2613 1119 eorum
2658 1073 2855 1118 natura
2903 1070 3083 1135 prope‘
3120 1079 3150 1118 a
3190 1065 3301 1118 vita
3352 1065 3443 1119 illa

1860 1168 2049 1209 rerum
2084 1154 2418 1209 naturalium
2454 1156 2614 1211 absit.
2648 1154 2742 1211 Est
2763 1155 2908 1210 enim
2940 1155 3014 1209 ita
3043 1156 3444 1227 perscriptum:

1861 1243 2054 1304 Omnis
2102 1246 2322 1318 generis
2354 1248 2616 1303 carnibus
2660 1254 2921 1317 tanquam
2970 1246 3215 1302 oleribus
3241 1261 3436 1317 grami-

1861 1338 1981 1393 neis
1998 1337 2314 1395 vescemini.
2337 1338 2533 1393 Parum
2557 1340 2767 1394 scilicet
2794 1337 3055 1408 quiddam
3073 1354 3196 1395 esse
3227 1338 3445 1393 videtur

1862 1428 1921 1484 in
1970 1428 2306 1485 animalibus
2337 1431 2552 1486 caeteris
2579 1429 2813 1486 facultas
2863 1432 3130 1498 sentiens,
3176 1445 3284 1501 qua
3336 1444 3443 1484 una

1864 1524 2032 1579 rebus
2071 1522 2218 1588 aliis,
2263 1538 2387 1594 quae
2420 1524 2627 1593 absque
2683 1524 2786 1580 hac
2841 1531 2895 1579 et
2926 1523 3150 1578 aluntur
3182 1530 3237 1579 et
3261 1539 3440 1579 accre-

1864 1621 2050 1679 scunt,
2099 1623 2384 1686 pracstant.
2423 1615 2498 1672 De
2527 1631 2637 1687 quo
2682 1615 3021 1687 voluptarios
3052 1615 3304 1671 homines
3342 1616 3444 1670 hoc

1864 1717 2061 1773 capere
2087 1703 2351 1759 doctrinae
2378 1712 2435 1759 et
2474 1704 2865 1761 admonitionis
2897 1712 3131 1775 oportet,
3166 1712 3227 1761 ut
3273 1705 3443 1759 animi

168 1790 302 1844 Ἀλλ’
330 1793 423 1861 ἐφ’
474 1791 676 1863 ἕτερον
720 1793 754 1862 ἡ
782 1791 1073 1845 ἀκολουθία
1109 1791 1427 1863 παρηνέχθη
1452 1790 1546 1846 τοῦ
1570 1791 1753 1860 λόγου.

1870 1795 2243 1864 cogitationem
2270 1796 2336 1850 ad
2373 1811 2461 1852 res
2490 1811 2612 1867 qua}
2640 1795 2828 1852 sensui
2859 1796 3129 1861 arrident,
3178 1811 3289 1851 non
3316 1811 3447 1851 con—

160 1880 232 1934 Οὐ
263 1881 373 1953 γὰρ
416 1880 589 1936 τοῦτο
641 1885 708 1955 τῇ
750 1882 954 1954 θεωρίᾳ
991 1882 1309 1954 προέκειτο,
1347 1884 1431 1937 ὅτι
1478 1881 1759 1954 προτιμώ-

161 1990 313 2046 τερον
334 1974 452 2028 τῶν
499 1977 566 2029 ὲν
609 1974 691 2045 τῷ
724 1973 997 2046 ἀνθρώπῳ
1033 1975 1340 2046 νοουμένων
1371 1974 1584 2046 ἐστὶνὴ
1616 1972 1760 2027 κατά

165 2065 282 2119 νοῦν
320 2068 587 2140 ἐνέργεια
617 2066 652 2137 ἦ
682 2066 744 2119 τὸ
771 2067 955 2121 ὑλικὸν
983 2066 1085 2137 τῆς
1110 2067 1464 2130 ὑποστάσεως
1481 2084 1496 2097 ’
1532 2065 1647 2119 ἀλλ’
1674 2065 1757 2118 ὅτι

164 2160 278 2230 οὕχὶ
313 2161 476 2234 μέρει
502 2162 619 2216 τινὶ
643 2160 754 2216 τῶν
794 2162 854 2215 ὲν
889 2160 1021 2232 ἡμῖν
1061 2161 1091 2213 ό
1116 2159 1241 2224 νοῦς
1266 2157 1581 2229 περιέχεται
1598 2198 1612 2222 ,
1639 2156 1759 2212 ἀλλ’

166 2252 354 2325 ἐπίσης
383 2255 445 2308 ὲν
496 2256 641 2309 πᾶσι
684 2255 779 2308 καὶ
806 2252 894 2307 διὰ
935 2253 1154 2308 πάντων
1178 2251 1361 2305 ἐστίν·
1394 2249 1520 2305 οὔτε
1558 2249 1760 2318 ἔξωθεν

167 2344 624 2414 περιλαμϐάνων,
676 2343 800 2399 οὔτε
861 2343 1075 2398 ἔνδοθεν
1128 2336 1521 2417 κρατούμενος.
1572 2340 1762 2396 Ταῦτα

168 2434 268 2506 γὰρ
315 2436 410 2490 ἐπὶ
454 2438 646 2494 κάδων
696 2436 730 2508 ἢ
777 2435 952 2490 ἄλλων
992 2434 1154 2489 τινῶν
1188 2434 1460 2505 σωμάτων
1506 2432 1760 2505 ἀλλήλοις

167 2525 520 2598 ἐντιθεμένων
567 2526 776 2598 κυρίως
817 2526 1056 2596 λέγεται.
1097 2525 1162 2580 Ἦ
1201 2526 1258 2579 δὲ
1282 2524 1377 2579 τοῦ
1407 2523 1499 2580 νοῦ
1534 2524 1672 2596 πρὸς
1699 2523 1761 2578 τὸ

170 2619 473 2687 σωματικὸν
526 2618 789 2673 κοινωνία
840 2616 1119 2687 άφραστόν
1162 2634 1224 2670 τε
1264 2617 1362 2671 καὶ
1403 2616 1759 2688 ἀνεπινόητον

168 2703 257 2777 τὴν
276 2708 584 2776 συνάφειαν
608 2708 740 2781 ἔχει,
762 2708 886 2762 οὔτε
908 2707 1058 2772 ὲντὸς
1075 2703 1212 2762 οὖσα
1236 2706 1394 2778 (οὔτε
1420 2705 1532 2779 γάρ
1553 2709 1762 2778 ὲγκρα-

170 2799 333 2850 τεῖται
394 2798 621 2870 σώματι
669 2798 732 2851 τὸ
758 2796 1147 2868 ιὰσώματον),
1194 2794 1317 2849 οὔτε
1373 2793 1530 2861 ἐκτὸς
1571 2794 1758 2864 περιέ-

170 2906 332 2959 χουσα
358 2892 451 2961 (οὐ
494 2890 614 2963 γὰρ
646 2888 1060 2961 περιλαμϐάνει,
1080 2907 1133 2943 τι
1160 2888 1231 2943 τὰ
1257 2887 1557 2959 ἀσώματα)
1578 2903 1592 2919 ο
1623 2886 1761 2943 ἀλλά

176 2982 307 3036 κατά
345 3000 466 3037 τινα
495 2983 705 3055 τρόπον
744 2982 1028 3053 ἀμήχανόν
1051 2998 1112 3034 τε
1140 2981 1235 3034 καὶ
1268 2980 1637 3051 ἀκατανόητον
1664 2981 1761 3049 ὲγο

176 3073 334 3140 γὶζων
357 3077 386 3129 ό
416 3076 553 3139 νοῦς
592 3078 659 3148 τῇ
695 3074 901 3145 φύσει,
934 3075 1030 3129 καὶ
1058 3073 1536 3146 προσαπτόμενος,
1572 3072 1666 3127 καὶ
1702 3072 1761 3126 ὲν

179 3164 306 3237 αὐτῇ
346 3167 440 3220 καὶ
469 3166 606 3237 περὶ
637 3165 806 3238 αὐτὴν
838 3164 1155 3237 θεωρεῖται,
1192 3164 1754 3236 οὕτεαὲγκαθήμενος,

179 3254 292 3311 οὔτε
324 3259 865 3332 περιπτυσσόμενοςο
918 3258 1054 3313 ἀλλὰ
1085 3258 1160 3322 ὡς
1189 3257 1290 3310 οὐκ
1332 3255 1480 3310 ἔστιν
1511 3258 1684 3310 εἰπεῖν
1721 3256 1754 3327 ἢ

182 3349 379 3421 νοῆσαι,
408 3353 558 3424 πλὴν
583 3353 664 3407 ᾶτι
684 3352 825 3406 κατὰ
844 3352 936 3406 τὸν
967 3352 1100 3405 ῐδιον
1130 3349 1303 3421 αὐτῆς
1328 3349 1520 3421 εἱρμὸν
1543 3348 1757 3403 εὐοδου-

187 3441 339 3514 μένης
378 3445 475 3515 τῆς
525 3443 772 3516 φύσεως,
805 3444 898 3498 καὶ
924 3446 953 3498 ό
991 3442 1120 3506 νοῦς
1159 3441 1383 3513 ἐνεργὸς
1428 3442 1656 3511 γίνεται.
1693 3440 1759 3494 Εἰ

185 3531 239 3584 δέ
277 3550 327 3587 τι
364 3535 748 3608 πλημμέλημα
791 3535 921 3606 περὶ
952 3533 1156 3603 ταύτην
1204 3531 1508 3603 συμπέσοι,
1570 3530 1757 3594 σκάζει

189 3627 298 3676 κατ’
323 3626 501 3681 ἐκεῖνο
536 3628 633 3681 καὶ
654 3627 755 3697 τῆς
779 3626 1018 3689 διανοίας
1043 3627 1076 3696 ἡ
1107 3625 1341 3695 κίνησις.

1860 1895 2098 1952 vertant,
2125 1888 2220 1944 sed
2247 1902 2463 1944 omnem
2494 1904 2715 1960 operam
2738 1889 3092 1961 studiumque
3114 1890 3167 1944 in
3191 1890 3446 1945 excolen-

1862 1978 1952 2035 dis
2001 1979 2169 2034 animi
2220 1995 2350 2035 vere
2395 1980 2735 2051 principibus
2779 1982 2940 2037 bonis
2985 1982 3277 2050 collocent,
3302 1983 3444 2037 circa

1858 2085 1982 2141 quae
2003 2085 2132 2127 vere
2162 2070 2424 2126 nimirum
2454 2073 2635 2126 anima
2662 2077 2935 2142 versatur,
2977 2090 3146 2145 quum
3177 2073 3444 2130 sentiendi

1861 2160 2127 2217 facultate
2150 2162 2407 2216 animalia
2440 2162 2666 2218 rationis
2686 2164 2933 2235 expertia
2964 2180 3074 2233 non
3097 2179 3442 2234 superemus.

1861 2254 1970 2311 Sed
2028 2256 2098 2311 ab
2146 2255 2269 2311 aliis
2312 2254 2380 2309 ad
2427 2256 2534 2310 alia
2596 2270 2891 2328 progressa
2940 2265 3025 2313 est
3070 2256 3265 2312 oratio.
3327 2255 3445 2312 Non

1859 2345 2006 2403 enim
2049 2345 2393 2401 instituimus
2425 2346 2715 2403 ostendere
2739 2354 2978 2403 mentem
3009 2348 3066 2401 in
3096 2347 3318 2402 homine
3346 2362 3446 2401 na«

1860 2445 1985 2493 tura
2013 2452 2215 2497 crassae
2241 2438 2489 2492 materiei
2513 2439 2951 2509 praestantiorem
2989 2453 3113 2494 esse
3136 2457 3150 2493 :
3177 2438 3273 2494 sed
3296 2438 3447 2492 nulla

1860 2533 2015 2582 certa
2034 2533 2187 2597 parte
2216 2528 2466 2599 corporis
2488 2529 2667 2584 nostri
2703 2536 2943 2585 mentem
2964 2528 3257 2585 contineri.
3285 2527 3448 2585 Exsi-

1861 2627 2007 2676 sterc
2035 2619 2248 2677 scilicet
2290 2634 2410 2676 eam
2453 2620 2668 2676 ratione
2718 2619 2838 2690 pari
2869 2619 2925 2674 in
2954 2620 3232 2685 omnibus,
3268 2625 3323 2675 et
3351 2634 3449 2691 per

1861 2708 2067 2773 omnia,
2107 2716 2272 2779 atque
2323 2716 2383 2764 ut
2427 2709 2671 2765 exterius
2711 2708 2851 2764 nihil
2897 2710 3312 2779 complectatur,
3366 2710 3447 2764 sic

1865 2800 2098 2856 interius
2131 2816 2252 2855 eam
2286 2815 2397 2855 non
2446 2800 2703 2855 concludi
2737 2818 2752 2855 :
2794 2798 3252 2870 quemadmodum
3279 2800 3448 2856 cados

1863 2893 2085 2963 aliaque
2143 2908 2377 2964 corpora
2430 2894 2651 2963 proprie
2706 2909 2766 2949 se
2833 2894 3122 2964 complecti
3169 2894 3442 2954 dicimus,

1864 2997 2035 3053 quum
2067 2981 2122 3037 in
2153 2981 2276 3037 aliis
2310 2980 2416 3036 alia
2466 2981 2827 3037 collocantur.
2870 2980 3069 3036 Mentis
3103 2988 3283 3036 autem
3320 2995 3445 3037 cor-

1864 3075 2130 3143 porisque
2154 3086 2330 3127 nexus
2357 3078 2411 3127 et
2435 3071 2696 3135 societas,
2722 3071 2989 3126 rationem
3019 3072 3291 3142 quandam
3316 3087 3444 3128 con«

1860 3164 2172 3236 junctionis
2201 3164 2385 3231 habet,
2434 3179 2555 3234 quae
2582 3164 2863 3234 explanari
2903 3165 3158 3230 dicendo,
3199 3171 3255 3218 et
3289 3164 3446 3219 intel‘

1865 3257 1960 3329 ligi
2004 3256 2301 3328 cogitando
2334 3271 2445 3311 non
2476 3262 2677 3326 potest.
2729 3254 2918 3325 Neque
2943 3256 3087 3310 enim
3121 3271 3274 3310 mens
3303 3256 3444 3309 intra

1865 3365 2068 3420 corpus
2102 3357 2210 3415 est,
2241 3346 2464 3419 quando
2498 3362 2615 3402 rem
2644 3348 2896 3417 corporis
2918 3354 3192 3416 expertem
3217 3362 3445 3417 corpore

1865 3439 2140 3496 contineri
2194 3438 2278 3494 las
2330 3453 2441 3493 non
2493 3446 2599 3493 est.
2644 3436 2819 3491 Etiam
2876 3437 3120 3493 exterius
3167 3454 3275 3494 nos
3337 3454 3444 3492 non

1865 3529 2269 3599 complectitur,
2312 3527 2532 3599 quando
2570 3529 2638 3581 ah
2689 3528 2755 3582 iis
2795 3542 2919 3597 qua:
2962 3542 3209 3598 corpore.
3235 3537 3443 3594 carent,

1871 3622 2009 3677 nihil
2035 3620 2289 3677 concludi
2320 3626 2523 3691 potest.
2560 3619 2721 3675 Enim
2757 3636 2889 3676 vero
2934 3636 3086 3675 mens
3117 3619 3279 3673 modo
3313 3634 3444 3689 quo-

191 3716 302 3772 dam
341 3723 598 3777 oratione
650 3719 1063 3790 inexplicabili,
1107 3731 1163 3774 ct
1225 3718 1321 3788 qui
1376 3716 1446 3772 ab
1490 3713 1851 3785 intelligentia
1884 3721 2075 3771 nostra
2113 3713 2503 3785 comprehendi
2552 3728 2662 3768 non
2713 3719 2925 3783 potest,
2990 3722 3201 3765 naturae
3260 3710 3444 3766 adest.

191 3805 456 3883 eidemque
476 3812 788 3882 copulatur,
813 3811 976 3881 inque
1008 3826 1073 3866 ea
1125 3806 1195 3865 et'
1230 3810 1377 3864 circa
1407 3822 1528 3863 eam
1578 3806 1816 3861 exsistit.
1870 3804 1941 3861 Ut
1986 3806 2036 3862 ei
2072 3820 2181 3861 non
2234 3806 2456 3869 insidet,
2506 3804 2583 3859 ita
2626 3819 2748 3859 eam
2795 3820 2903 3858 non
2954 3802 3444 3871 circumplectitur,

154 3900 157 3905 “
194 3903 278 3957 sed
314 3904 735 3969 adest'ratione,
770 3919 891 3975 qua:
932 3920 1108 3975 neque
1151 3903 1386 3973 exponi,
1420 3886 1599 3972 neque
1645 3898 2051 3955 considerando
2094 3898 2377 3955 exhauriri
2407 3905 2605 3969 potest.
2669 3895 2849 3951 Unum
2906 3896 3011 3950 hoc
3068 3893 3442 3963 intelligimus,

192 4003 369 4055 natura
411 4000 567 4057 salva
608 4005 664 4054 et
728 3997 1021 4064 incolumi,
1086 4006 1325 4052 mentem
1368 3996 1533 4050 etiam
1579 3992 1957 4049 ellicacitatcm
2012 4008 2172 4049 suam
2220 3992 2489 4050 obtinere.
2551 3991 2649 4047 Sin
2697 3988 2922 4060 aliquod
2960 4003 3025 4044 ea
3054 3984 3441 4042 detrimentum

192 4090 372 4160 capiat,
414 4093 621 4149 mentis
644 4107 861 4163 quoque
891 4099 1097 4147 motum
1130 4092 1340 4148 scilicet
1361 4091 1455 4146 illa
1482 4091 1538 4146 in
1568 4097 1724 4161 parte
1745 4087 2081 4146 claudicare.

667 4230 1058 4285 ΚΕΦΔΛΑΙΟΝ
1104 4232 1223 4299 ις’.

198 4338 393 4411 Θεωρία
418 4345 534 4400 τοῦ
573 4344 735 4400 θείου
769 4344 959 4411 ρητοῦ
985 4345 1280 4408 εἰπόντος,
1329 4359 1350 4394 ι
1395 4339 1750 4411 Ποιήσωμεν

2436 4222 2670 4291 CAPUT
2711 4222 2854 4278 xw.

1855 4339 2125 4395 Accurata
2168 4337 2300 4392 dicti
2329 4338 2476 4392 illius
2508 4337 2671 4392 divini
2692 4336 3068 4401 consideratio,
3107 4336 3443 4392 tFaciamus

255 4406 559 4484 ᾅὶοθρῳπον
575 4417 702 4484 κατ’
725 4406 928 4468 εἰκόνα
951 4413 1051 4469 καὶ
1071 4406 1356 4483 ὁμοίωσιν
1374 4406 1686 4484 ἡμετέρακ.
1721 4427 1742 4484 ι

1920 4410 2181 4463 hominem
2214 4408 2282 4462 ad
2314 4407 3131 4484 imaginemsimilitudinemqne
3174 4408 3378 4472 nostri,
3416 4427 3435 4459 ι

266 4479 425 4553 Ἐ’κῷ
447 4482 779 4549 ἐξετάζεται
794 4523 809 4548 ,
836 4485 929 4551 τίς
952 4487 985 4537 ὁ
1016 4479 1126 4552 τῆς
1148 4483 1384 4553 εἰκόνος
1404 4479 1621 4553 ,λόγοςἈ
1650 4479 1751 4553 καί

255 4553 302 4606 ει
324 4549 628 4625 όμὸιοῦται
663 4553 745 4620 τῷ
774 4549 1044 4625 μακαρίῳ
1076 4549 1140 4607 τε
1175 4551 1292 4625 ξιαὶΔ
1311 4549 1525 4625 ἀπαθεῖ
1562 4549 1628 4625 τὸ
1653 4549 1754 4625 ἐμτ

255 4617 433 4691 παὸἐς
466 4625 566 4679 καὶ
606 4617 1055 4691 ἐπίᾶιήρονίκαὶ
1115 4621 1242 4689 πῶς
1268 4622 1339 4676 ἐν
1360 4621 1435 4690 τῇ
1468 4619 1655 4691 εικόνι
1684 4617 1749 4672 τὸ

257 4690 430 4761 dapes?
468 4695 567 4749 καὶ
597 4694 662 4749 τὸ
696 4690 850 4764 θῆλυ
870 4735 885 4761 ,
910 4695 980 4748 ἐν
1023 4692 1103 4761 τῷ
1130 4694 1493 4763 πρωτοτύπῳ
1524 4690 1753 4745 τούτων

257 4765 354 4817 οὐκ
382 4766 599 4817 ὄντων.

256 4766 354 4819 οὐκ
382 4766 599 4823 ὄντων.

267 4941 396 4999 Ἀλλ’
457 4904 886 5013 ἐπαναλάόωμεν
946 4940 1111 4995 πάλιν
1159 4939 1262 5012 τὴν
1312 4938 1463 4993 θείαν
1530 4935 1712 5008 φωνὴν
1736 4975 1751 5001 ,

1928 4488 2040 4533 ιιιηι
2068 4494 2243 4548 ecqua:
2286 4479 2358 4541 sit
2394 4479 2643 4548 imaginis
2677 4478 2838 4539 ratio,
2887 4478 3277 4547 investigatum,
3304 4493 3444 4548 ipos-

1927 4547 2242 4617 βίαια-(μιαί
2270 4547 2465 4603 morbis
2506 4564 2567 4601 ac
2601 4549 2761 4601 morti
2793 4548 3079 4600 obnoxium
3107 4555 3205 4612 est,
3243 4547 3312 4617 ad
3345 4564 3445 4600 na-

1928 4627 2063 4673 tura:
2100 4616 2268 4672 beatae
2313 4618 2717 4686 morborumque
2758 4618 2984 4684 expertis
3042 4616 3444 4671 similitudinem

1926 4688 2130 4758 factum
2168 4687 2276 4741 dici
2306 4704 2325 4742 :
2355 4704 2454 4758 quo
2479 4688 2700 4757 denique
2727 4688 2881 4743 modo
2915 4688 2972 4740 in
3017 4688 3248 4758 imagine
3285 4703 3442 4758 sexus

1926 4757 2153 4813 masculi
2185 4758 2496 4829 femineique
2522 4758 2807 4812 discrimen
2835 4759 2927 4822 sit,
2956 4757 3093 4829 quod
3123 4759 3178 4811 in
3204 4757 3442 4827 exemplo

1925 4829 2160 4898 principe
2185 4845 2289 4883 non
2312 4827 2542 4882 exsistit.

1924 4940 2219 4997 Enimvero
2278 4939 2569 4996 redeamus
2611 4939 2834 4995 tandem
2884 4939 2953 4995 ad
3005 4939 3246 4995 divinam
3292 4939 3438 4993 illam

203 5048 220 5083 ι
246 5035 553 5109 Ποιήσωμεν
605 5036 887 5109 ἄνθρωπον
942 5037 1064 5091 κατ’
1116 5035 1297 5088 εἰκόνα
1350 5033 1445 5087 καὶ
1495 5032 1755 5102 ὁμοίωσιν

1870 5052 2038 5092 ποθοίη
2072 5054 2086 5090 :
2125 5053 2143 5087 ι
2183 5033 2451 5089 Creemus
2488 5032 2764 5086 hominem
2809 5032 2875 5087 ad
2918 5033 3210 5104 imaginem
3248 5029 3440 5087 simili-

200 5124 466 5201 ήμετέραν.
505 5148 524 5181 ι
568 5129 657 5192 Ὡς
680 5129 853 5200 μικρά
871 5144 932 5181 τε
961 5127 1054 5181 καὶ
1078 5123 1274 5191 ἀνάξια
1297 5125 1397 5197 τῆς
1423 5123 1521 5179 τοῦ
1545 5121 1757 5195 ἀνθρώ-

1870 5127 2213 5196 udinemque
2250 5124 2427 5179 nostri
2450 5122 2518 5177 “.
2558 5142 2577 5176 ι
2614 5122 2790 5179 Fuere
2828 5123 3082 5178 nonnulli
3127 5120 3438 5192 phil050phi

199 5231 286 5270 που
324 5221 689 5292 μεγαλοφυϊας
732 5220 842 5275 τῶν
888 5218 1085 5284 ἔξωθέν
1118 5235 1261 5282 τινες
1315 5214 1753 5286 ὲφαντὰσθησαν,

201 5307 255 5379 τῇ
283 5313 409 5385 πρὸς
437 5313 528 5367 τὸν
560 5313 765 5383 κόσμον
792 5312 982 5367 τοῦτον
1013 5310 1298 5381 συγκρίσει
1335 5307 1750 5381 μεγαλύνοντες,

1854 5219 2051 5287 exteri,
2081 5217 2175 5289 qui
2211 5232 2270 5273 se
2292 5215 2572 5270 hominem
2602 5231 2704 5271 sua
2746 5215 2969 5285 quidem
3000 5213 3265 5285 opinione
3304 5227 3438 5282 prae-

1859 5311 2140 5367 dicaturos
2173 5307 2372 5364 eximie
2403 5307 2690 5376 putabant,
2717 5306 2765 5361 si
2800 5320 2924 5359 eum
2958 5303 3024 5358 ad
3053 5302 3240 5357 mundi
3271 5302 3437 5372 hujus

202 5393 265 5462 ὡς
299 5402 568 5475 ᾧοντο,τδ
611 5404 971 5476 ἀνθρώπινον.
1012 5406 1149 5459 Φασὶ
1202 5404 1311 5476 γὰρ
1366 5401 1562 5474 μικρὸν
1611 5395 1751 5454 εἶναι

1870 5401 2171 5458 machinam
2230 5396 2545 5454 conferrent
2591 5417 2604 5453 :
2656 5412 2780 5453 cum
2830 5397 2997 5452 nimis
3049 5394 3250 5461 exilia,
3291 5410 3435 5466 pra:-

204 5488 376 5565 κόσμον
411 5487 504 5552 τὸν
533 5497 848 5566 ἄνθρωπον,
876 5500 941 5553 ὲκ
973 5497 1079 5553 τῶν
1115 5495 1294 5551 αὐτῶν
1314 5493 1392 5566 τῷ
1417 5490 1577 5547 παντὶ
1612 5509 1752 5546 στοι-

1859 5492 2309 5560 stantissimaque
2338 5488 2581 5545 hominis
2621 5486 2943 5544 excellentia
2975 5482 3201 5555 indigna
3243 5485 3438 5557 imagi-

204 5582 338 5650 λείων
363 5589 755 5660 συνεστηκότα.
789 5591 851 5645 Ol
879 5588 997 5661 γὰρ
1018 5588 1097 5662 τῷ
1132 5588 1330 5660 κόμπῳ
1361 5585 1457 5641 τοῦ
1487 5586 1752 5658 ὀνόματος

1870 5591 2143 5644 narentur.
2184 5580 2418 5639 Aiebam
2455 5581 2600 5638 enim
2648 5577 2924 5635 hominem
2972 5591 3201 5649 parvum
3240 5591 3436 5650 quemv-

270 5762 311 5798 “
333 5764 462 5828 Gen.
497 5785 537 5838 ι,
568 5769 657 5824 26.
