3890 6376
404 271 508 329 179

1681 286 1737 341 S.
1780 286 2113 346 GREGORII
2150 290 2449 350 NYSSENI

3590 295 3696 351 [80

399 385 524 441 dam
558 385 824 440 mundum
849 401 993 454 esse,
1019 389 1109 460 qui
1134 407 1198 446 ex
1229 393 1512 452 elementis
1535 396 1750 466 iisdcm,
1776 403 1978 473 quibus

2088 407 2320 464 τοιοῦτον
2367 407 2588 462 ἔπαινον
2625 410 2693 480 τῇ
2739 407 3054 478 ἀνθρωπίνῃ
3085 407 3445 480 χαριζόμενοι
3477 408 3651 478 φύσει
3671 448 3690 476 ,

401 491 587 534 rerum
646 478 1018 549 universitas,
1081 485 1426 554 compositus
1469 497 1636 545 esset.
1694 489 1990 563 Splendido

401 569 510 626 isto
539 570 759 625 nomine
792 586 915 626 cum
955 587 1208 644 magnam
1260 584 1474 633 natura:
1500 579 1740 638 hominis
1771 583 1986 641 laudem

401 659 645 717 tribuere
711 663 928 728 vellent,
984 666 1314 734 ignorabant
1380 684 1442 724 se
1500 670 1654 726 illum
1707 689 1819 730 non
1865 675 1990 731 aliis

399 771 566 824 quam
599 770 719 826 quae
742 756 789 810 ei
819 765 872 811 et
894 771 1019 810 cum
1052 759 1232 815 culice
1253 769 1307 816 et
1337 776 1461 816 cum
1494 780 1649 820 mure
1675 768 1987 822 communia

399 856 604 911 essent,
651 849 994 906 ornamentis
1039 851 1430 909 condecorare.
1483 855 1617 910 Nam
1663 866 1718 912 et
1765 859 1880 914 haec
1917 875 1982 916 ex

395 947 634 1008 quatuor
657 939 1056 995 elementorum
1089 951 1528 1015 temperamento
1556 958 1834 1016 constant,
1859 967 1983 1008 cum

395 1029 584 1084 multa?
616 1046 686 1084 an
726 1032 936 1103 exiguae
978 1033 1089 1088 siut.
1123 1037 1178 1090 in
1216 1052 1276 1092 re
1315 1039 1559 1108 qualibet
1587 1040 1983 1099 elementorum

395 1129 606 1190 partes,
644 1137 710 1176 ex
751 1124 1200 1183 consideratione
1228 1130 1594 1186 animatorum
1627 1133 1980 1206 intelligatur.

394 1212 659 1270 Constare
689 1216 838 1270 enim
874 1233 984 1272 non
1019 1228 1202 1289 potest
1245 1230 1399 1276 extra
1436 1239 1600 1294 quam
1628 1241 1694 1281 ex
1740 1228 1984 1283 elemen-

393 1306 488 1369 tis,
524 1306 671 1376 quod
721 1323 886 1364 sensu
936 1312 1008 1366 sit
1041 1313 1350 1381 praeditum.
1389 1314 1548 1382 Quod
1593 1333 1724 1388 ergo
1763 1330 1848 1377 est
1876 1336 1985 1376 am-

392 1398 542 1468 plum
599 1400 654 1453 in
713 1415 817 1466 eo,
877 1403 923 1457 si
977 1405 1214 1460 maxime
1274 1407 1551 1467 hominem
1605 1411 1983 1470 existimemus

391 1505 711 1562 expressam
771 1496 960 1550 mundi
1020 1508 1072 1552 et
1117 1499 1411 1571 imaginem
1459 1511 1513 1557 et
1558 1503 1974 1560 similitudinem

391 1583 559 1637 esse?
621 1599 744 1638 cum
803 1585 1047 1641 futurum
1096 1589 1206 1653 sit,
1261 1597 1320 1643 ut
1368 1591 1573 1660 pariter
1623 1594 1822 1648 caelum
1875 1594 1981 1649 hoc

390 1671 654 1736 volubile,
692 1681 839 1729 terra
867 1676 1277 1733 mutationibus
1307 1679 1566 1746 obnoxia,
1595 1690 1794 1738 cuncta
1826 1683 1981 1738 deni-

2091 498 2376 570 λελήθασιν
2423 498 2647 562 ἑαυτοὺς
2699 499 2812 561 τοῖς
2855 499 2983 567 περὶ
3033 499 3124 551 τὸν
3172 496 3414 552 κώνωπα
3448 499 3549 552 καὶ
3591 499 3692 552 τὸν

2094 591 2200 662 μῦν
2251 591 2504 661 ἰδιώμασι
2557 590 3005 661 σεμνοποιοῦντες
3059 589 3148 644 rbv
3199 590 3510 661 ἄνθρωπον.
3571 591 3690 645 Καὶ

2089 685 2198 755 γάρ
2231 685 2505 746 κάκείνοις
2553 685 2617 735 ὲκ
2671 681 2778 735 τῶν
2817 681 3099 752 τεσσάρων
3147 679 3354 734 τούτων
3400 683 3434 749 ἡ
3479 680 3688 752 κρᾶσίς

2089 778 2234 838 ἐστι,
2287 777 2420 830 διότι
2466 776 2684 837 πάντως
2721 774 2952 827 ἑκάστου
2992 773 3100 826 τῶν
3127 773 3293 826 ὄντων
3326 773 3359 843 ἢ
3403 773 3612 826 πλείων
3647 773 3683 844 ἢ

2090 866 2328 920 ἐλάττων
2374 884 2458 929 τις
2503 869 2664 936 μοῖρα
2704 865 2834 935 περὶ
2880 865 2941 917 rb
2970 863 3212 934 ἔμψυχον
3250 862 3564 934 θεωρεῖται,
3607 857 3687 918 ὧν

2089 960 2218 1016 ἄνευ
2252 960 2513 1030 συστῆναί
2560 977 2612 1012 τι
2641 958 2749 1012 τῶν
2782 957 3091 1030 αἰσθήσεως
3125 957 3486 1028 μετεχόντων,
3515 957 3685 1026 φύσιν

2087 1052 2187 1106 οὐκ
2237 1052 2370 1122 ἔχει.
2430 1053 2495 1105 Τί
2541 1049 2634 1106 οὖν
2681 1051 2856 1122 μέγα,
2919 1051 3126 1120 κόσμου
3188 1049 3522 1120 χαρακτῆρα
3583 1049 3686 1102 καὶ

2088 1143 2337 1213 ὁμοίωμα
2375 1143 2694 1213 νομισθῆναι
2725 1142 2817 1195 τὸν
2847 1140 3167 1212 ἂνθρωπον;
3199 1139 3430 1209 οὐρανοῦ
3455 1138 3556 1192 τοῦ
3585 1156 3686 1192 πε-

2089 1232 2440 1304 ριερχομένου
2461 1275 2474 1299 ,
2506 1233 2608 1303 γῆς
2640 1233 2738 1303 τῆς
2787 1231 3197 1301 ἀλλοιουμένης,
3233 1231 3450 1283 πάντων
3479 1230 3594 1282 τῶν
3624 1231 3686 1282 ὲν

2085 1324 2292 1388 τούτοις
2316 1326 2828 1397 περικρατουμένων
2847 1327 2913 1396 τῇ
2948 1323 3166 1394 παρόδῳ
3193 1323 3284 1376 τοῦ
3318 1322 3681 1393 περιέχοντος

2089 1415 2657 1487 συμπαρερχομένωνς
2719 1414 2856 1467 Ἀλλ’
2910 1416 2968 1468 ὲν
3015 1413 3122 1466 τίνι
3169 1413 3310 1466 κατά
3353 1413 3444 1465 τὸν
3476 1412 3684 1482 ἐκκλη-

2088 1507 2361 1559 σιαστικὸν
2400 1506 2557 1576 λόγον
2596 1507 2657 1560 rb
2696 1506 3036 1578 ἀνθρώπινον
3075 1504 3341 1576 μέγεθοςς
3376 1505 3492 1558 Οὐκ
3525 1505 3588 1556 ὲν
3613 1507 3682 1575 τῇ

2088 1597 2224 1669 πρὸς
2254 1598 2343 1650 τὸν
2377 1598 2592 1651 κτιστὺν
2630 1597 2834 1670 κόσμον
2863 1596 3162 1668 ὁμοιότητι,
3193 1595 3309 1649 ἀλλ’
3349 1597 3406 1648 ὲν
3433 1594 3514 1665 τῷ
3555 1595 3684 1648 κατ’

2087 1689 2268 1742 εἰκόνα
2306 1689 2557 1756 γενέσθαι
2588 1690 2685 1760 τῆς
2717 1688 2810 1742 τοῦ
2850 1691 3137 1753 κτίσαντος
3170 1689 3406 1757 φύσεως.
3453 1689 3553 1752 Τίς
3587 1684 3682 1742 οὖν

391 1780 501 1833 que
556 1765 640 1819 his
702 1768 1122 1837 comprehensa,
1171 1783 1296 1825 cum
1349 1787 1415 1826 eo
1467 1773 1588 1843 ipso
1625 1775 1770 1844 quod
1815 1777 1984 1831 ambit

2088 1782 2112 1834 ὁ
2144 1782 2243 1851 τῆς
2285 1755 2490 1845 εἰκόνος
2530 1755 2716 1850 λόγοςς
2755 1781 2884 1844 ἴσως
2928 1783 3072 1852 ἐρεῖς
3093 1797 3107 1812 ·
3142 1755 3260 1844 πῶς
3289 1781 3575 1850 ὡμοίωται
3601 1779 3680 1848 τῷ

392 1859 670 1923 universa,
705 1858 996 1916 intereant.
1029 1860 1203 1928 Quam
1231 1872 1434 1927 autem,
1472 1867 1707 1936 inquies,
1735 1869 1980 1924 doctrina

390 1949 650 2007 Ecclesia:
686 1955 1056 2023 praestantiam
1087 1956 1293 2012 homini
1322 1961 1555 2014 tribuit?
1582 1961 1710 2016 Eam
1747 1965 1978 2031 scilicet,

391 2058 515 2111 quae
567 2045 621 2099 in
658 2044 1020 2102 similitudine
1063 2050 1252 2104 mundi
1293 2050 1458 2120 hujus
1493 2054 1664 2109 creati
1709 2070 1820 2110 nou
1859 2072 1986 2111 con-

391 2135 564 2198 sistit,
625 2137 723 2192 sed
777 2138 925 2208 quod
987 2141 1156 2195 tradit
1219 2143 1496 2199 hominem
1560 2146 1626 2202 ad
1688 2147 1983 2216 imaginem

389 2237 607 2283 natura:
632 2227 914 2285 Creatoris
937 2247 1061 2288 esse
1085 2233 1309 2290 factum.
1343 2238 1409 2290 At
1433 2237 1584 2295 dices
1616 2238 1986 2312 forte,l£equae

389 2319 582 2374 istha'c
610 2330 694 2376 est
720 2323 979 2392 imaginis
1011 2327 1187 2381 ratio?
1211 2343 1322 2397 quo
1359 2337 1522 2399 pacto
1555 2331 1986 2407 referrenatura:

392 2426 628 2481 corpore
661 2416 903 2471 carentis
936 2416 1227 2487 imaginem
1255 2430 1452 2489 potest.
1487 2424 1630 2492 quod
1661 2439 1985 2495 corporeum

390 2504 520 2564 est?
575 2505 857 2574 quomodo
925 2507 1104 2563 simile
1157 2518 1239 2564 est
1301 2520 1509 2567 κιαι-[ιο
1558 2515 1987 2584 temporarium?

393 2595 748 2662 immutabili,
776 2599 922 2665 quod
951 2603 1358 2657 commutatur?
1385 2604 1553 2660 nullis
1582 2605 1821 2662 obnoxio
1847 2623 1989 2662 mor-

391 2686 480 2743 bis
510 2695 564 2744 et
598 2688 855 2746 interitus
884 2695 1115 2762 experti,
1141 2695 1284 2765 quod
1310 2697 1516 2753 morbis
1556 2699 1863 2769 subjectum
1896 2711 1982 2757 est

390 2789 444 2832 cl.
485 2781 710 2838 interit?
749 2799 885 2851 puro
913 2785 1053 2851 vitii,
1093 2786 1238 2856 quod
1291 2787 1345 2842 in
1383 2789 1637 2844 vitiorum
1665 2794 1821 2862 quasi
1856 2808 1985 2848 con-

391 2873 650 2928 tubernio
700 2881 806 2939 est,
862 2883 918 2931 et
963 2876 1018 2931 in
1069 2878 1152 2933 eis
1202 2879 1510 2934 educatur?
1556 2880 1695 2937 Nam
1756 2883 1984 2940 interest

394 2964 725 3032 permultum
761 2966 906 3021 inter
945 2966 997 3020 id
1046 2967 1191 3035 quod
1234 2969 1422 3025 formae
1467 2972 1702 3042 principi
1755 2988 1986 3045 respon-

391 3058 523 3111 dere
548 3057 929 3129 intelligimus,
961 3069 1015 3114 et
1043 3059 1190 3129 quod
1221 3061 1289 3116 ad
1320 3062 1613 3131 imaginem
1649 3063 1852 3120 factum
1877 3075 1979 3122 est.

392 3146 578 3219 Imago
627 3149 797 3215 enim,
858 3150 905 3206 si
969 3152 1233 3222 principis
1276 3155 1511 3225 exempli
1569 3157 1984 3214 similitudinem

393 3237 579 3304 refert,
611 3255 743 3294 vere
781 3229 964 3311 imago
1004 3242 1211 3296 dicitur
1239 3261 1254 3310 ;
1298 3245 1381 3298 sin
1429 3246 1499 3300 ab
1529 3263 1595 3302 eo
1625 3250 1772 3318 quod
1804 3252 1990 3320 expri-

393 3331 650 3386 mendum
690 3341 831 3397 erat,
878 3334 1112 3391 imitatio
1151 3337 1378 3405 recedit,
1426 3355 1534 3394 non
1563 3340 1676 3411 jam
1709 3342 1830 3412 ejus
1869 3359 1988 3400 esse

395 3423 577 3494 imago
616 3424 919 3494 putandum
953 3427 1058 3482 hoc
1096 3429 1222 3495 erit,
1260 3429 1356 3485 sed
1387 3431 1666 3488 diversum
1703 3436 1986 3504 quiddam.

393 3513 516 3578 Quo
563 3524 730 3586 pacto
779 3517 946 3588 igitur
1005 3519 1192 3583 homo,
1236 3521 1330 3591 qui
1387 3529 1441 3577 et
1495 3525 1745 3596 mortalis
1788 3535 1890 3589 est,
1934 3533 1989 3580 et

394 3607 603 3665 morbis
661 3611 951 3677 obnoxius,
1013 3619 1068 3666 et
1117 3613 1244 3668 vitat
1295 3614 1518 3672 brevis:
1557 3617 1644 3671 hic
1699 3635 1830 3689 ergo
1877 3635 1988 3689 quo

394 3709 559 3770 pacto
581 3709 790 3758 naturae
817 3704 1176 3776 incorruptae,
1209 3723 1384 3778 purae,
1413 3717 1634 3765 aeterna
1657 3711 1837 3780 imago
1865 3712 1990 3766 est?

397 3790 694 3850 Enimvero
743 3794 878 3865 qttid
919 3797 1023 3851 hac
1071 3799 1124 3852 in
1162 3807 1318 3870 parte
1373 3801 1610 3857 maxime
1652 3803 1868 3857 veritati
1915 3804 1987 3860 sit

396 3895 851 3953 consentaneum,
907 3890 1022 3945 sola
1074 3891 1219 3947 haud
1271 3894 1436 3950 dubie
1462 3896 1680 3952 Veritas
1731 3908 1987 3952 accurate

399 3975 567 4030 novit.
610 3972 722 4030 Nos
748 3977 1086 4046 conjecturis
1117 3980 1448 4048 quibusdam
1485 3991 1539 4036 et
1561 3983 1987 4052 cogitationibus

397 4066 568 4119 animi
597 4067 884 4123 veritatem
929 4070 1342 4141 investigantes,
1379 4080 1644 4141 quantum
1677 4075 1875 4144 ingenii
1906 4076 1987 4128 vis

397 4173 594 4227 capere
623 4168 820 4229 potest,
847 4161 1162 4230 ltujusmodi
1195 4162 1454 4232 quiddam
1475 4163 1542 4218 de
1563 4164 1666 4218 hoc
1686 4165 1984 4220 credimus.

397 4249 534 4302 Nam
572 4257 626 4305 et
669 4250 912 4305 divinum
946 4252 1250 4318 oraculum,
1288 4266 1398 4322 quo
1434 4253 1708 4322 prodilum
1741 4261 1846 4316 est,
1886 4255 1986 4307 lto-

400 4342 603 4398 minem
636 4343 703 4397 ad
745 4343 840 4398 Dei
875 4343 1167 4414 imaginem
1204 4345 1430 4408 factum,
1467 4343 1664 4401 falsum
1713 4360 1823 4399 non
1863 4360 1986 4401 esse

2087 1873 2300 1944 σώματι
2325 1874 2387 1927 rb
2418 1873 2740 1944 ἀσώματον;
2770 1873 2886 1937 πῶς
2912 1872 2990 1943 τῷ
3025 1873 3182 1944 ἀϊδίῳ
3216 1873 3275 1925 rb
3305 1873 3678 1942 πρόσκαιρον;

2084 1963 2162 2033 τῷ
2221 1963 2564 2034 ἀναλλοιώτῳ
2617 1963 2679 2017 rb
2734 1964 2822 2017 διὰ
2870 1963 3080 2035 τροπῆς
3131 1962 3545 2034 ἀλλοιούμενον;
3600 1961 3681 2033 τῷ

2085 2055 2288 2110 ἀπαθεῖ
2316 2073 2380 2109 τε
2411 2057 2510 2109 καὶ
2552 2055 2815 2127 ἀφθάρτῳ
2857 2055 2920 2108 rb
2962 2053 3208 2126 ἐμπαθὲς
3240 2055 3335 2107 καὶ
3383 2053 3679 2124 φθειρόμε-

2085 2161 2208 2210 νον;
2241 2145 2320 2216 τῷ
2361 2147 2554 2216 ἀμιγεῖ
2581 2145 2761 2216 πάσης
2795 2143 2995 2207 κακίας
3032 2144 3093 2197 rb
3124 2145 3354 2197 πάντοτε
3389 2143 3676 2197 συνοικοῦν

2083 2237 2254 2310 ταύτῃ
2294 2237 2390 2290 καὶ
2424 2237 2883 2308 συντρεφόμενονς
2919 2235 3060 2289 Πολῦ
3092 2235 3201 2307 γὰρ
3237 2236 3296 2289 rb
3327 2237 3496 2306 μέσον
3524 2237 3675 2300 ἔστι,

2083 2327 2179 2382 τοῦ
2220 2345 2278 2381 τε
2320 2327 2464 2382 κατὰ
2495 2329 2555 2382 rb
2592 2328 2900 2400 ἀρχέτυπον
2930 2327 3219 2398 νοουμένου
3240 2366 3254 2390 ,
3300 2329 3395 2380 καὶ
3423 2327 3518 2380 τοῦ
3550 2327 3673 2381 κατ’

2087 2422 2269 2474 εἰκόνα
2296 2419 2686 2489 γεγενημένου.
2733 2419 2796 2472 Ἦ
2823 2419 2933 2488 γὰρ
2963 2416 3146 2482 εἰκὼν,
3188 2419 3235 2469 εἰ
3277 2417 3376 2487 μὲν
3423 2416 3538 2486 ἔχει
3574 2415 3674 2488 τὴν

2085 2513 2222 2585 πρὸς
2261 2513 2321 2565 τὸ
2353 2511 2708 2584 πρωτότυπον
2747 2511 3041 2581 ὁμοιότητα
3062 2550 3076 2573 ,
3115 2509 3316 2579 κυρίως
3348 2508 3507 2562 τοῦτο
3534 2527 3671 2561 κατ-

2084 2604 2427 2675 ονομάζεται.
2476 2603 2539 2656 Εἰ
2569 2602 2628 2655 δὲ
2673 2601 3034 2672 παρενεχθείη
3075 2600 3168 2653 τοῦ
3219 2600 3586 2671 πῳκειμένου
3634 2604 3667 2672 ἡ

2089 2693 2356 2764 μίμησις,
2389 2691 2516 2747 ἄλλο
2548 2710 2623 2756 τι,
2656 2691 2750 2745 καὶ
2778 2691 2877 2744 οὐκ
2918 2691 3081 2744 εἰκὼν
3107 2691 3314 2744 ἐκείνου
3340 2693 3402 2744 rb
3431 2692 3670 2745 τοιοῦτόν

2085 2787 2220 2838 ἐστι.
2280 2783 2406 2846 Πῶς
2450 2778 2543 2837 οῦν
2589 2783 2618 2834 ό
2662 2780 2943 2851 ἄνθρωπος
3001 2782 3062 2834 rb
3114 2782 3308 2853 θνητὸν
3361 2781 3521 2834 τοῦτο
3580 2785 3672 2836 καὶ

2084 2877 2329 2948 ἐμπαθὲς
2374 2878 2468 2930 καὶ
2493 2875 2812 2946 ὠκύμορον,
2842 2876 2941 2945 τῆς
2977 2875 3256 2946 ἀκηράτου
3297 2876 3391 2928 καὶ
3419 2874 3669 2946 καθαρᾶς

2086 2970 2181 3024 καὶ
2213 2969 2300 3022 ἀεὶ
2333 2967 2497 3039 οὔσης
2541 2966 2754 3036 φύσεώς
2788 2969 2936 3021 ἐστιν
2975 2965 3176 3032 εἰκὼν;
3230 2966 3390 3020 Ἀλλὰ
3438 2966 3530 3020 τὸν
3569 2967 3670 3038 μὲν

2086 3059 2259 3130 ἀληθῆ
2299 3060 2426 3130 περὶ
2469 3058 2659 3112 τούτου
2705 3058 2862 3127 λόγον
2917 3057 3051 3128 μόνη
3100 3058 3166 3111 ἂν
3213 3057 3377 3128 εἰδείη
3413 3059 3601 3126 σαφῶς
3634 3058 3669 3126 ἡ

2089 3151 2254 3215 ὅντως
2301 3148 2766 3221 ’Δλήθεια.Ἥμεῖς
2800 3150 2855 3204 δὲ
2901 3149 3024 3204 καθ’
3046 3150 3169 3204 ὅσον
3199 3149 3506 3220 χωροῦμεν,
3543 3165 3669 3203 στο-

2089 3245 2318 3313 χασμοῖς
2354 3259 2464 3295 τισι
2502 3243 2596 3295 καὶ
2625 3241 2900 3306 ὑπονοίαις
2940 3242 3000 3294 rb
3039 3241 3236 3312 ἀληθὲς
3260 3241 3668 3312 ἀνιχνεύοντες,

2087 3333 2260 3387 ταῦτα
2285 3335 2413 3403 περὶ
2451 3334 2557 3386 τῶν
2589 3334 2933 3404 ζητουμένων
2967 3334 3446 3404 ὑπολαμϐάνομεν.
3481 3333 3619 3387 Οὔτε
3640 3335 3672 3387 ὁ

2091 3425 2230 3490 θεῖος
2263 3426 2518 3495 ψεύδεται
2560 3426 2747 3493 λόγος,
2776 3427 2895 3478 κατ’
2926 3427 3108 3480 εἰκόνα
3151 3426 3285 3480 Θεοῦ
3312 3425 3485 3480 εἰπὼν
3507 3442 3669 3493 γεγε-

2089 3517 2282 3586 νῆσθαι
2314 3518 2403 3570 τὸν
2427 3517 2710 3588 ἄνθρωπον
2728 3535 2741 3547 ο
2766 3517 2889 3571 οὔτε
2918 3519 2951 3588 ἡ
2975 3517 3179 3588 ἐλεεινὴ
3201 3517 3300 3586 τῆς
3325 3516 3670 3588 ἀνθρωπίνης

2091 3610 2305 3679 φύσεως
2349 3611 2692 3683 ταλαιπωρία
2741 3614 2806 3682 τῇ
2858 3611 3224 3682 μακαριότητι
3277 3610 3372 3680 τῆς
3426 3607 3671 3670 ἀπαθοῦς

2089 3702 2236 3774 ζωῆς
2263 3703 2666 3774 καθωμοίωται.
2720 3705 2956 3774 ’Λνάγκη
2989 3706 3097 3773 γάρ
3122 3703 3229 3755 τῶν
3271 3702 3364 3756 δύο
3395 3701 3454 3754 rb
3483 3700 3669 3770 ἓτερον

2087 3795 2497 3866 ὁμολογεῖσθαι,
2531 3796 2583 3848 εί
2607 3813 2690 3859 τις
2722 3796 3000 3866 συγκρίνοι
3034 3793 3110 3863 τῷ
3139 3793 3258 3863 Θεῷ
3283 3792 3344 3845 rb
3370 3790 3668 3861 ἡμέτερον,

2088 3888 2122 3957 ἢ
2160 3887 2400 3959 παθητὸν
2439 3882 2578 3940 εἶναι
2612 3886 2672 3939 τὸ
2686 3887 2862 3948 Θείον,
2906 3887 2939 3955 ἢ
2972 3884 3181 3946 ἀπαθὲς
3205 3884 3266 3936 rb
3299 3881 3669 3953 ἀνθρώπινον,

2087 3981 2164 4044 ὡς
2209 3981 2276 4035 ἂν
2314 3981 2403 4034 διά
2430 3979 2537 4033 τῶν
2571 3979 2702 4032 ἴσων
2730 3981 2758 4032 ὁ
2790 3980 2888 4049 τῆς
2912 3979 3227 4047 ὁμοιότητος
3255 3977 3411 4044 λόγος
3446 3975 3534 4028 ἐπ’
3559 3975 3662 4044 ἀμ-

2091 4075 2351 4146 φοτέρους
2387 4071 2881 4142 καταλαμϐάνοιτο.
2909 4072 2970 4124 Εἰ
2991 4070 3048 4124 δὲ
3069 4068 3191 4123 οὔτε
3221 4069 3283 4123 rb
3299 4071 3451 4126 Θεῖον
3485 4069 3670 4136 ἐμπα-

2091 4165 2214 4228 θὲς,
2244 4165 2366 4217 οὗτε
2413 4163 2470 4217 rb
2503 4162 2622 4216 καθ’
2661 4163 2808 4232 ἡμᾶς
2850 4161 2954 4225 ἔξω
2999 4160 3199 4222 πάθους
3242 4159 3408 4219 ἐστὶν,
3453 4157 3562 4227 ἄρα
3588 4174 3672 4220 τις

2089 4257 2274 4326 ἕτερος
2313 4255 2696 4308 ὑπολέλειπται
2731 4253 2907 4322 λόγος,
2942 4253 3064 4305 καθ’
3093 4251 3151 4304 ὃν
3181 4249 3463 4322 ἀληθεύειν
3492 4249 3672 4318 φαμὲν

2087 4349 2185 4421 τὴν
2211 4349 2362 4402 θείαν
2396 4346 2606 4418 φωνὴν,
2640 4347 2739 4417 τὴν
2767 4347 2824 4400 ὲν
2861 4345 3028 4399 εἰκόνι
3051 4343 3183 4397 Θεοῦ
3223 4341 3550 4412 γεγενῆσθαι
3579 4341 3672 4395 τὸν

401 4435 698 4490 statuimus
734 4443 828 4491 :et
870 4435 1261 4505 deplorandam
1310 4436 1451 4491 hanc
1498 4447 1707 4492 naturae
1737 4436 1985 4492 humanm

2091 4442 2378 4513 ἄνθρωπον
2429 4441 2710 4508 λέγουσαν.
2773 4437 2981 4494 Οὐκοῦν
3041 4435 3211 4507 αὐτὴν
3262 4433 3672 4504 ἐπαναληπτέον

401 4540 703 4581 arumnam
744 4526 991 4583 bcatitati
1021 4527 1146 4582 vitae
1173 4528 1378 4582 doloris
1406 4529 1615 4597 experti
1642 4545 1986 4598 nequaquam

401 4620 754 4687 respondere.
791 4620 884 4674 Est
906 4620 1050 4674 enim
1087 4634 1333 4681 necesse,
1363 4621 1407 4676 si
1436 4636 1559 4674 cum
1591 4621 1700 4675 Deo
1734 4629 1986 4675 naturam

401 4721 650 4764 nostram
699 4710 952 4784 conferre
991 4713 1244 4776 velimus,
1281 4713 1513 4768 alterum
1556 4714 1624 4768 de
1669 4714 1755 4770 his
1784 4714 1939 4769 fateri
1971 4731 1985 4766 :

403 4810 500 4855 aut
559 4801 836 4857 hominem
910 4804 1078 4858 nullis
1123 4803 1502 4860 all‘ectionibus
1553 4806 1828 4860 morbisve
1891 4804 1991 4857 ob-

405 4893 632 4948 noxium
662 4907 807 4957 esse,
840 4901 935 4948 aut
979 4893 1169 4948 eadem
1216 4894 1272 4948 in
1311 4893 1479 4949 Deum
1519 4910 1738 4965 quoque
1768 4897 1985 4952 cadere.

403 4985 708 5054 Caeteroqui
752 4985 899 5038 nulla
934 4984 1118 5040 futura
1162 4995 1244 5041 est
1276 4987 1530 5057 imaginis
1582 4987 1902 5052 similitudo,
1943 4988 1988 5042 si

404 5094 513 5134 non
557 5078 674 5134 haec
714 5079 918 5148 pariter
944 5080 1159 5149 utrique
1198 5087 1408 5136 natura:
1445 5081 1795 5135 conveniant.
1832 5081 1988 5147 Quod

403 5176 449 5228 si
492 5187 672 5244 neque
709 5171 893 5227 divina
943 5181 1136 5226 natura
1187 5173 1312 5228 ullis
1355 5185 1441 5228 est
1480 5172 1861 5229 affectionibus
1889 5175 1988 5229 ob-

405 5265 590 5333 noxia,
613 5282 794 5338 neque
817 5266 1058 5322 humana
1078 5264 1147 5320 ab
1171 5265 1366 5322 iisdem
1397 5267 1657 5324 immunis
1687 5283 1750 5322 ac
1777 5268 1945 5323 libera
1973 5286 1985 5321 :

409 5355 676 5425 reliquam
723 5373 848 5414 esse
886 5359 1049 5413 aliam
1099 5358 1391 5428 quamdam
1432 5359 1700 5413 rationem
1753 5368 1987 5427 oportet,

409 5448 713 5504 secundant
756 5465 921 5519 quam
973 5465 1078 5505 vox
1151 5449 1242 5504 illa
1308 5449 1492 5503 divina
1548 5466 1674 5504 vera
1726 5451 1818 5512 sit,
1873 5465 1993 5519 quae

409 5533 654 5593 e‘reatum
703 5557 827 5598 esse
865 5543 1140 5598 hominem
1182 5543 1250 5598 ad
1280 5542 1572 5612 imaginem
1610 5543 1702 5597 Dei
1739 5543 1989 5598 allirmat.

415 5629 626 5687 Idcirco
667 5649 860 5690 rursus
894 5636 1043 5705 ipsas
1070 5635 1312 5694 Litteras
1360 5649 1551 5690 sacras
1591 5635 1873 5698 adeamus,
1922 5651 1990 5690 an

416 5735 484 5776 ne
515 5723 732 5779 illarum
763 5725 926 5780 verba
951 5742 1050 5784 nos
1089 5729 1271 5804 aliqua
1303 5725 1442 5782 forte
1477 5727 1690 5782 ratione
1721 5727 1786 5780 ad
1819 5727 1992 5797 explica

2093 4537 2224 4606 ἡμῖν
2243 4536 2340 4604 τὴν
2370 4533 2521 4587 θείαν
2547 4533 2790 4604 Γραφὴν,
2815 4531 2972 4595 εἴτις
2992 4531 3099 4603 ἄρα
3120 4529 3330 4599 γένοιτο
3350 4526 3440 4580 διὰ
3458 4525 3566 4578 τῶν
3588 4543 3676 4594 γε-

2091 4627 2427 4700 γραμμένων
2451 4623 2585 4695 πρὸς
2610 4624 2670 4676 rb
2703 4622 3033 4694 ζητούμενον
3055 4619 3412 4692 χειραγωγία.
3439 4616 3592 4671 Μετὰ
3613 4617 3674 4669 rb

2091 4720 2288 4780 εἰπεῖν,
2312 4719 2394 4769 ὅτι
2427 4734 2445 4767 ι
2486 4717 2806 4787 Ποιήσωμεν
2831 4713 3116 4784 ἄνθρωπον
3143 4712 3263 4764 κατ’
3291 4709 3492 4770 εἰκόνα,
3527 4726 3545 4757 ι
3577 4707 3674 4759 καὶ

2093 4808 2186 4861 ἐπὶ
2207 4807 2317 4860 τίσι
2345 4808 2682 4876 ποιήσωμεν,
2708 4805 2904 4872 ἐπάγει
2937 4802 3122 4856 τοῦτον
3150 4801 3240 4854 rbv
3259 4801 3437 4868 λόγον,
3468 4799 3550 4850 ὅτι
3580 4797 3674 4850 καὶ

2090 4899 2347 4970 ἐποίησεν
2373 4900 2401 4952 ὁ
2427 4898 2559 4962 Θεὸς
2586 4897 2676 4951 τὸν
2707 4895 3020 4966 ἄνθρωπον,
3053 4894 3147 4947 καὶ
3182 4894 3300 4945 κατ’
3328 4890 3509 4943 εἰκόνα
3533 4887 3670 4941 Θεοῦ

2089 4991 2344 5060 ἐποίησεν
2388 4990 2569 5044 αὐτόν.
2613 5011 2629 5038 ι
2661 4987 2859 5057 Ἀρσεν
2874 4982 3109 5052 καὶθῆλυ
3128 4979 3380 5050 ἐποίησεν
3399 4976 3616 5039 αὐτούς.
3650 5001 3667 5031 ι

2095 5083 2320 5154 Εἴρηται
2349 5081 2446 5152 μὲν
2472 5077 2563 5136 οὖν
2586 5079 2687 5149 ἤδη
2721 5077 2814 5129 καὶ
2843 5077 2900 5128 ὲν
2929 5076 3040 5136 τοῖς
3062 5068 3368 5141 ἔμπροσθεν
3387 5105 3402 5128 ,
3430 5067 3511 5117 ὅτι
3539 5063 3676 5131 πρὸς

2092 5171 2411 5241 καθαίρεσιν
2439 5169 2538 5239 τῆς
2551 5165 2833 5234 αἰρετικῆς
2850 5162 3100 5224 ἀσεϐείας
3121 5163 3148 5213 ὁ
3169 5157 3405 5217 τοιοῦτος
3437 5168 3676 5224 προανα-

2096 5261 2412 5332 πεφώνηται
2457 5259 2632 5328 λόγος,
2670 5258 2755 5313 ῐνα
2801 5253 3138 5326 διδαχθέντες
3185 5252 3266 5303 ὅτι
3317 5245 3540 5316 ἐποίησε
3586 5244 3676 5296 τὸν

2094 5355 2380 5426 ἄνθρωπον
2407 5354 2434 5406 ὀ
2467 5349 2756 5421 μονογενὴς
2781 5346 2911 5410 Θεὸς
2940 5346 3060 5398 κατ’
3086 5343 3268 5395 εἰκόνα
3296 5336 3453 5398 Θεοῦ,
3490 5334 3676 5426 μηδενὶ

2095 5423 2237 5516 λόγω
2263 5444 2359 5515 τὴν
2386 5443 2618 5514 θεότητα
2657 5438 2748 5492 τοῦ
2780 5436 2992 5508 Πατρδς
3031 5434 3125 5487 καὶ
3173 5432 3265 5486 τοῦ
3303 5426 3434 5481 Υἱοῦ
3467 5423 3675 5494 διακρί-

2095 5554 2296 5608 νωμεν,
2352 5534 2547 5605 ἐπίσης
2598 5533 2698 5602 τῆς
2750 5529 2911 5599 ἁγίας
2961 5525 3185 5597 Γραφῆς
3233 5521 3365 5575 Θεὸν
3419 5517 3675 5588 ἑκάτερον

2095 5607 2490 5700 ὀνομαζοῦσης,
2522 5623 2611 5677 τόν
2645 5639 2705 5676 τε
2747 5619 3086 5689 πεποιηκότα
3113 5617 3203 5669 τὸν
3239 5612 3546 5683 ἄνθρωπον,
3590 5607 3677 5660 καὶ

2097 5718 2156 5778 οῦ
2187 5723 2303 5775 κατ’
2343 5718 2527 5771 εἰκόνα
2567 5715 2804 5786 ἐγένετο.
