3890 6358
201 279 301 338 181
1485 286 1577 342 DE
1615 286 1898 345 HOMINIS
1935 283 2249 347 OPIFICIO.
3398 283 3501 341 I83

204 394 495 455 cationem
538 398 671 472 ejus
704 403 856 475 quod
903 404 1222 476 quaerimus,
1273 404 1546 464 deducere
1577 409 1811 480 possint.
1876 406 1986 464 Illae
2031 406 2197 479 igitur
2245 418 2370 461 cum
2408 402 2796 475 exposuissent
2838 401 2953 458 haec
2991 400 3085 459 Dei
3119 402 3305 469 verba,
3345 421 3362 455 ι
3396 401 3504 457 Fa-

204 488 437 545 ciamus
464 489 751 549 hominem
794 494 864 551 ad
910 495 1204 568 imaginem
1240 505 1524 555 nostram:
1571 518 1591 553 ι
1629 499 1812 556 addita
1850 501 2016 559 etiam
2057 516 2122 558 ea
2174 499 2527 562 indicatione,
2579 512 2740 568 quem
2774 496 2985 553 scilicet
3028 495 3098 551 ad
3135 495 3297 552 tinem
3339 495 3506 550 homo

200 585 497 643 creandos
563 597 736 655 esset,
798 597 914 645 tum
983 589 1183 648 deinde
1222 591 1539 663 hujusmodi
1579 595 1885 652 orationem
1933 596 2255 667 subjiciunt:
2342 593 2531 664 Itaque
2559 590 2702 647 Deus
2734 590 3009 647 hominem
3049 590 3316 657 condidit,
3345 599 3399 647 et
3436 589 3506 644 ad

195 677 514 748 imaginem
565 695 693 737 eum
738 680 834 737 Dei
879 684 1191 749 condidit“
1210 697 1416 740 marem
1448 694 1503 743 et
1552 686 1811 744 feminam
1848 688 1976 745 fecit
2017 703 2115 744 eos
2158 688 2228 742 ".
2287 706 2307 739 ι
2362 683 2502 741 Illud
2546 684 2767 756 quidem
2815 698 2979 754 supra
3023 691 3109 740 est
3176 683 3504 745 indicatum,

201 770 392 824 verba
438 770 558 828 haec
602 772 872 831 divinitus
909 791 1035 832 esse
1078 778 1309 847 prolata,
1350 779 1419 835 ad
1464 782 1815 839 evertendam
1880 782 2214 854 impietatem
2268 779 2686 841 haereticorum,
2729 792 2869 849 quos
2916 776 3209 832 Anomteos
3257 775 3502 847 appella-

202 861 433 929 vimus,
482 873 545 921 ut
592 867 796 933 edocti,
856 868 1026 925 Deum
1074 869 1228 926 illum
1289 874 1584 945 unigenam
1632 889 1852 933 creasse
1907 876 2187 932 hominem
2236 874 2306 930 ad
2345 872 2439 928 I)ei
2480 873 2813 944 imaginem,
2846 871 2996 928 nullo
3025 871 3187 926 modo
3224 863 3513 922 PatrisFi-

140 1036 153 1039 _
198 955 395 1026 liique
426 958 768 1015 divinitatem
792 977 1134 1034 separemus,
1155 967 1378 1037 quando
1406 965 1627 1022 Litterae
1655 982 1829 1023 sacrae
1870 975 2165 1039 utrumque
2200 964 2484 1037 aequaliter
2532 962 2703 1019 Deum
2752 962 3029 1035 appellant
3058 1001 3074 1027 ,
3113 972 3167 1019 et
3212 962 3366 1017 illum
3404 961 3500 1030 qui

205 1048 507 1105 hominem
537 1052 762 1118 creavit,
798 1064 853 1109 et
879 1053 1045 1125 cujus
1079 1056 1149 1111 ad
1178 1057 1475 1129 imaginem
1505 1056 1692 1115 factus
1719 1065 1828 1115 est.

310 1186 459 1240 Ἀλλ’
486 1188 516 1240 ὁ
540 1187 637 1259 μὲν
667 1190 795 1262 περὶ
819 1190 1024 1247 τούτων
1041 1191 1198 1262 λόγος
1219 1193 1484 1264 ἀφείσθω,
1510 1195 1646 1267 πρὸς
1671 1186 1735 1249 δὲ’
1757 1193 1818 1248 τὸ

1996 1193 2197 1251 Verum
2238 1193 2500 1265 prolixior
2540 1192 2610 1249 de
2662 1191 2750 1248 his
2794 1193 2970 1248 oratio
3016 1192 3352 1250 instituenda
3395 1209 3507 1250 non

205 1280 592 1352 προκείμενον
624 1282 1015 1371 ἑπιστρετττέον
1045 1284 1143 1357 τὴν
1182 1285 1439 1357 ζήτησιψ
1473 1286 1590 1351 πῶς
1624 1285 1718 1340 καὶ
1754 1286 1816 1341 τὸ

1936 1295 2042 1351 :st.
2098 1287 2390 1358 petiusque
2431 1284 2500 1340 ad
2552 1285 2605 1340 id
2645 1299 2754 1356 quo
2810 1284 2878 1339 de
2916 1299 3074 1356 agere
3122 1294 3364 1355 coeptum
3424 1294 3511 1342 est

208 1371 370 1425 Θεῖον
394 1372 685 1445 μακάριον,
705 1376 798 1429 καὶ
814 1374 1048 1431 ἐλεεινὸν
1063 1377 1126 1430 τὸ
1140 1376 1238 1431 ἀνθ
1247 1376 1499 1450 ρώπινον,
1518 1379 1613 1433 καὶ
1632 1378 1816 1450 ὅμοιον

1936 1387 2304 1444 'evertamur,
2362 1375 2723 1448 quamobrem
2776 1374 2993 1430 scilicet
3036 1373 3237 1430 divina:
3298 1383 3511 1431 natura:

206 1465 426 1535 ἐκείνῳ
465 1464 624 1520 τοῦτο
651 1466 803 1539 παρὰ
828 1469 929 1539 τῆς
960 1468 1188 1540 Γραφῆς
1218 1469 1564 1540 ὀνομάζεται.
1607 1468 1815 1524 Οὐκοῦν

211 1556 545 1624 ἐξεταστέον
564 1557 978 1631 μετ’ἀκριϐείας
1000 1559 1068 1613 τὰ
1087 1562 1326 1633 ῥήματα.
1347 1562 1668 1635 Εὑρήσομεν
1683 1560 1812 1631 γὰρ,

212 1648 311 1701 ὅτι
330 1647 422 1701 ἒτε
433 1666 523 1720 ρον
544 1649 641 1721 μέν
656 1667 709 1703 τι
726 1650 786 1704 τὸ
811 1653 931 1705 κατ’
945 1651 1128 1706 εἰκόνα
1144 1654 1460 1726 γενόμενον,
1480 1655 1666 1727 ἕτερον
1681 1654 1737 1708 δὲ
1753 1654 1815 1708 τὸ

216 1728 323 1794 νῦν
343 1742 405 1795 ὲν
432 1740 773 1814 ταλαιπωρίᾳ
798 1742 1164 1815 δεικνύμενον.
1201 1766 1219 1798 t
1253 1747 1542 1819 Ἐποίησεν
1571 1750 1599 1802 ό
1616 1746 1768 1815 Θεὸς,
1790 1766 1809 1800 ι

223 1831 387 1904 φησι,
431 1850 450 1884 t
487 1832 580 1886 τὸν
629 1833 936 1905 ἄνθρωπον,
990 1839 1109 1889 κατ’
1143 1837 1327 1892 εἰκόνα
1377 1838 1514 1893 Θεοῦ
1560 1839 1816 1912 εποίησεν

225 1924 418 1977 αὐτόν.
457 1943 477 1975 ι
520 1924 682 1988 Τέλος
712 1923 823 1996 ἔχει
858 1928 890 1998 ἡ
931 1928 1025 1981 τοῦ
1073 1929 1193 1983 κατ’
1222 1929 1405 1985 εἰκόνα
1445 1932 1814 2004 γεγενημένου

226 2015 431 2080 κτίσις.
496 2013 629 2070 Εἶτα
682 2017 1020 2090 ἐπανάληψιν
1076 2020 1308 2075 ποιεῖταί
1373 2021 1469 2076 τοῦ
1522 2021 1665 2076 κατά
1717 2023 1817 2094 τὴν

229 2108 581 2178 κατασκευὴν
626 2107 808 2177 λόγου,
861 2111 953 2165 καί
998 2129 1186 2184 φησιν,
1245 2132 1265 2166 t
1319 2114 1518 2187 Ἀρσεν
1550 2114 1647 2168 καὶ
1679 2115 1813 2187 θῆλυ

232 2198 491 2289 εποίησεν
525 2200 777 2266 αὐτούς.)
802 2202 970 2259 Παντὶ
994 2204 1104 2277 γὰρ
1149 2200 1299 2277 οἶμαι
1331 2205 1612 2278 γνώριμον
1654 2202 1814 2272 εἶναι,

234 2292 314 2346 ὅτι
346 2292 456 2357 ἔξω
498 2291 656 2345 τοῦτο
688 2292 784 2347 τοῦ
832 2295 1187 2365 πρωτοτύπου
1233 2298 1465 2352 νοεῖται⁶
1508 2316 1526 2351 t
1584 2298 1673 2353 Ἑν
1710 2296 1820 2369 γὰρ

238 2381 461 2454 Χριστῷ
502 2381 698 2453 Ἰησοῦ,
739 2401 759 2435 ›
803 2383 984 2448 καθώς
1013 2402 1177 2457 φησιν
1201 2385 1230 2439 ὁ
1266 2386 1608 2452 Ἀπόστολος,
1639 2406 1658 2440 t
1694 2386 1819 2441 οὔτε

241 2474 406 2546 ἄρρεν
433 2472 558 2526 οὔτε
589 2472 725 2543 θῆλύ
752 2476 917 2529 ἐστιν.
960 2495 978 2527 ι
1033 2476 1193 2530 Ἀλλὰ
1234 2478 1343 2550 μὴν
1385 2480 1467 2543 εἰς
1500 2476 1671 2533 ταῦτα
1704 2477 1821 2550 διῃ-

1919 1469 2160 1527 similem
2206 1485 2331 1526 esse
2389 1470 2690 1525 humanam
2757 1465 2934 1523 sacris
2995 1466 3068 1522 sit
3114 1464 3339 1523 Litteris
3380 1482 3511 1538 pro-

1917 1563 2093 1619 ditum
2142 1582 2155 1619 :
2206 1578 2331 1618 cum
2386 1562 2503 1617 haec
2567 1558 2815 1633 profecto
2861 1560 2934 1617 sit
2979 1558 3202 1622 misera,
3242 1558 3334 1613 illa
3382 1576 3514 1617 vero

1918 1654 2102 1711 heata.
2137 1655 2327 1724 Itaque
2356 1652 2517 1707 nobis
2561 1657 2819 1706 accurate
2864 1648 3086 1721 singula
3121 1650 3179 1704 in
3219 1648 3385 1705 verba
3427 1659 3515 1707 est

1919 1745 2331 1817 inquirendum.
2382 1742 2731 1799 Inveniemus
2783 1741 2933 1797 enim
2984 1740 3136 1796 aliud
3195 1756 3319 1797 esse
3366 1740 3513 1815 quod

1918 1838 2015 1894 Dei
2045 1837 2336 1907 imaginem
2370 1835 2593 1901 referat,
2631 1834 2699 1891 ab
2747 1848 2813 1890 eo
2840 1833 2988 1904 quod
3026 1833 3129 1887 hac
3160 1833 3216 1889 in
3259 1844 3507 1889 aerumna

1919 1928 2319 2001 conspicimus.
2353 1945 2372 1979 ί
2405 1925 2558 1982 Fecit
2596 1924 2762 1987 Deus,
2802 1944 2822 1978 ι
2862 1923 3124 1995 inquiunt
3163 1924 3385 1979 Litterae
3425 1939 3514 1979 sa-

1919 2036 2048 2086 crae,
2104 2038 2124 2072 ι
2165 2018 2440 2074 hominem
2485 2036 2499 2073 :
2547 2024 2603 2072 et
2656 2015 2878 2087 quidem
2928 2029 3052 2070 eum
3109 2014 3177 2069 ad
3219 2014 3513 2086 imaginem

1919 2113 2014 2168 Dei
2043 2111 2173 2167 fecit
2201 2111 2269 2165 ".
2310 2129 2329 2163 ι
2366 2107 2505 2182 Ergo
2529 2107 2644 2179 jam
2675 2106 2978 2179 perfectum
3005 2106 3331 2176 intelligitur
3375 2104 3515 2159 illud

1920 2215 2188 2273 creatum,
2241 2202 2390 2275 quod
2439 2201 2508 2258 ad
2552 2200 2794 2258 divinam
2828 2201 3119 2273 imaginem
3169 2197 3516 2255 conformari

1920 2296 2185 2367 oportuit.
2233 2293 2390 2361 Quod
2445 2300 2626 2349 autem
2664 2300 2788 2363 post
2836 2293 2952 2347 hcce
3007 2291 3149 2345 redit
3184 2289 3249 2345 ad
3296 2289 3520 2359 exposi-

1922 2388 2127 2442 tionem
2168 2385 2371 2456 opiﬁcii
2406 2384 2598 2450 divini,
2634 2399 2759 2439 cum
2798 2384 2897 2447 ait,
2944 2401 2963 2435 ‹
3000 2381 3152 2437 Fecit
3178 2396 3274 2437 eos
3306 2396 3517 2436 marem

1925 2494 1991 2534 ac
2029 2476 2331 2534 feminam:
2389 2496 2409 2531 ι
2468 2477 2522 2533 id
2567 2477 2761 2547 opinor
2788 2492 2979 2533 omnes
3012 2475 3261 2531 homines
3306 2472 3519 2545 perspio

244 2564 440 2635 ρῆσθαι
486 2565 515 2617 ό
540 2565 697 2634 λόγος
748 2567 881 2637 φησί
925 2566 1019 2621 τὸν
1052 2548 1369 2642 ἄνθρωπον.
1411 2570 1624 2625 Οὐκοῦν
1660 2548 1823 2640 διπλῆ

1936 2584 2076 2634 cere,
2127 2569 2195 2623 ab
2224 2569 2475 2639 exemplo
2502 2568 2749 2639 principe
2785 2566 3173 2625 removendum
3224 2581 3365 2622 esse.
3404 2584 3423 2618 ι
3460 2564 3518 2619 In

244 2656 321 2713 τίς
351 2658 502 2710 ἐστιν
529 2659 561 2729 ἠ
595 2657 698 2729 τῆς
727 2657 942 2728 φύσεως
983 2660 1143 2732 ἡμῶν
1174 2654 1510 2735 κατασκευὴ,
1535 2663 1570 2734 ἦ
1594 2681 1652 2717 τε
1690 2663 1826 2735 πρὸς

245 2747 300 2801 eo
329 2748 480 2803 Θείον
510 2748 859 2822 ώμοιωμένη,
880 2750 913 2820 ἦ
932 2766 991 2803 τε
1026 2752 1163 2824 πρὸς
1194 2754 1291 2826 τὴν
1327 2755 1593 2827 διαφορὰν
1622 2754 1828 2826 ταύτην

247 2837 569 2912 διῃρημένη.
620 2839 871 2895 Τοιοῦτον
924 2845 1035 2914 γάρ
1075 2860 1127 2896 τι
1174 2845 1202 2897 ὁ
1247 2845 1405 2915 λόγος
1450 2847 1515 2900 ἐκ
1564 2847 1665 2917 τῆς
1712 2862 1830 2899 συν-

249 2932 454 2996 τάξεως
505 2932 614 2987 τῶν
662 2936 1060 3006 γεγραμμένων
1101 2938 1418 3007 αἰνίττεται,
1459 2939 1675 3013 πρῶτον
1732 2938 1831 3011 μὲν

251 3023 436 3091 εἰπὼν,
470 3025 553 3079 ὅτι
588 3045 609 3077 ς
671 3027 959 3099 Ἐποίησεν
996 3031 1025 3083 ό
1064 3029 1197 3095 Θεὸς
1227 3031 1319 3086 τὸν
1353 3030 1659 3104 ἄνθρωπον,
1709 3035 1831 3088 κατ’

252 3116 430 3171 εἰκόνα
488 3116 624 3171 Θεοῦ
684 3119 940 3193 ἐποίησεν
997 3122 1192 3179 αὐτόν’
1263 3142 1283 3178 ι
1356 3174 1368 3186 ,
1413 3126 1531 3180 άλιν
1598 3126 1656 3181 δὲ
1722 3128 1833 3193 τοίς

254 3208 561 3281 εἰρημένοις
592 3211 909 3281 ἐπαγαγὼν,
948 3213 1030 3267 ὅτι
1067 3230 1087 3266 t
1137 3215 1337 3286 Ἀρσεν
1376 3218 1472 3271 καὶ¹
1517 3217 1650 3289 θῆλυ
1687 3219 1836 3273 ὲποί-

253 3316 379 3371 ησεν
428 3300 656 3365 αὐτοὺς,
720 3320 740 3354 ι
805 3303 943 3377 ὅπερ
1002 3304 1281 3377 ἀλλότριον
1340 3306 1454 3362 τῶν
1502 3310 1632 3381 περὶ
1698 3307 1834 3364 Θεοῦ

253 3391 557 3463 νοουμένων
606 3393 776 3448 ἐστίν.
834 3390 1003 3466 Οἶμαι
1048 3396 1156 3469 γὰρ
1215 3396 1326 3467 ἐγὼ
1368 3398 1547 3471 δόγμα
1595 3417 1649 3454 τι
1694 3402 1837 3472 μέγα

258 3484 349 3537 καὶ
411 3483 613 3556 ὑψηλὸν
681 3483 769 3538 διὰ
826 3485 935 3539 τῶν
999 3487 1308 3559 εἰρημένων
1367 3488 1472 3543 ὑπὸ
1534 3490 1633 3561 τῆς
1688 3489 1839 3554 θείας

258 3572 476 3643 Γραφῇ
526 3573 929 3645 παραδίδοσθαι.
962 3575 1037 3630 Τὸ
1079 3578 1138 3632 δὲ
1181 3578 1357 3650 δόγμα
1389 3580 1631 3634 τοιοῦτόν
1684 3583 1837 3636 ἐστι*

258 3664 358 3719 Δύο
399 3665 561 3720 τινῶν
593 3667 731 3721 κατὰ
771 3667 833 3721 τὸ
875 3669 1175 3741 ἀκρότατον
1214 3671 1352 3741 πρὸς
1382 3670 1589 3741 ἄλληλα
1620 3672 1840 3745 διεστη-

258 3753 447 3821 κότων,
487 3756 650 3827 μέσον
686 3758 802 3811 ἐστὶ
827 3758 889 3812 τὸ
936 3758 1299 3832 ἀνθρώπινον,
1322 3761 1423 3832 τῆς
1469 3779 1528 3815 τε
1568 3762 1716 3826 θείας
1746 3763 1841 3816 καὶ

1928 2661 2153 2719 Christo
2181 2661 2334 2719 enim
2366 2659 2519 2726 Jesu,
2552 2680 2570 2714 ι
2610 2668 2671 2715 ιιι
2717 2661 3019 2731 Apostolus
3061 2659 3258 2731 inquit,
3294 2678 3313 2712 ι
3341 2673 3522 2728 neque

1932 2771 2055 2812 mas
2087 2772 2267 2827 neque
2307 2754 2517 2809 femina
2558 2761 2644 2809 est
2663 2754 2731 2808 ⁸⁷.
2766 2774 2785 2808 ι
2828 2753 2897 2808 At
2926 2768 3056 2809 vero
3096 2753 3319 2808 Litterae
3347 2765 3522 2806 sacrae

1930 2846 2137 2903 diserte
2165 2846 2459 2911 aﬂirmant,
2494 2845 2771 2901 hominem
2807 2847 2862 2900 in
2903 2861 3110 2900 marem
3154 2844 3522 2913 feminamque

1931 2937 2168 2993 divisum
2198 2952 2343 2993 esse.
2385 2935 2574 3007 Itaque
2602 2936 2873 3006 duplicem
2906 2951 3027 2991 esse
3072 2936 3271 2989 factam
3310 2943 3521 2989 natura:

1932 3036 2138 3083 nostrae
2178 3033 2516 3083 structuram
2562 3040 2795 3082 necesse
2824 3034 2933 3091 est,
2981 3040 3217 3096 quarum
3256 3025 3426 3079 altera
3454 3024 3523 3079 ad

1934 3117 2175 3173 divinam
2248 3118 2542 3190 imaginem
2599 3117 3014 3188 exprimendam
3068 3115 3277 3170 directa
3325 3114 3523 3176 fuerit.

1936 3210 2110 3265 altera
2145 3207 2213 3277 ad
2265 3208 2610 3266 eiiiciendum
2650 3209 2781 3263 illud
2835 3223 3002 3265 sexus
3044 3206 3364 3263 discrimen.
3412 3203 3526 3261 Huc

1930 3301 2177 3372 jusmodi
2217 3303 2362 3358 enim
2399 3301 2662 3372 quiddam
2717 3300 2948 3355 indicari
2986 3298 3235 3368 videtur,
3298 3299 3346 3356 si
3397 3314 3526 3353 ver-

1936 3395 2131 3451 borum
2162 3394 2494 3465 compositio
2527 3401 2581 3450 et
2624 3394 2802 3450 series
2836 3390 3240 3459 consideretur,
3289 3393 3525 3463 primum

1937 3485 2086 3542 enim
2130 3483 2333 3540 dicitur
2396 3504 2415 3538 σ
2450 3483 2604 3541 Fecit
2653 3484 2930 3539 hominem
2976 3485 3142 3549 Deus,
3199 3491 3254 3539 et
3303 3483 3527 3555 quidem

1939 3593 2067 3635 eum
2099 3577 2167 3632 ad
2193 3570 2487 3649 imaginem
2512 3574 2605 3631 Dei
2635 3572 2783 3631 fecit.
2825 3592 2844 3627 ι
2886 3575 3092 3631 Deinde
3124 3574 3211 3630 his
3235 3574 3326 3629 illa
3352 3574 3530 3645 subji-

1940 3670 2185 3734 ciuntur,
2235 3686 2256 3721 ι
2292 3667 2497 3724 Marem
2548 3682 2612 3722 ac
2674 3666 2931 3722 feminam
2974 3680 3071 3724 eos
3124 3666 3290 3723 fecit:
3324 3686 3343 3719 ι
3408 3681 3531 3737 qua

1941 3760 2189 3833 profecto
2213 3760 2277 3814 ad
2302 3759 2592 3829 imaginem
2615 3757 2709 3814 Dei
2734 3773 2843 3813 non
2876 3766 3005 3813 sunt
3030 3757 3336 3813 referenda.
3361 3757 3532 3830 Equi-

259 3851 551 3922 ἁσωμάτου
580 3850 816 3921 φύσεως,
854 3854 950 3907 καὶ
986 3854 1086 3924 τῆς
1136 3852 1334 3923 ἀλόγου
1384 3857 1480 3909 καὶ
1533 3856 1833 3927 κτηνώδους

1943 3851 2066 3906 dem
2116 3850 2351 3921 amplam
2399 3856 2582 3904 statuo
2624 3858 2679 3904 et
2722 3849 2949 3904 arduam
2994 3848 3304 3904 doctrinam
3354 3848 3412 3904 in
3444 3848 3532 3904 his

260 3941 426 4014 ζωῆς.
467 3942 685 4008 Ἔξεστι
718 3945 827 4017 γὰρ
864 3946 1125 4018 ἑκατέρου
1171 3945 1280 4000 τῶν
1328 3945 1632 4020 εἰρημένων
1672 3947 1731 4001 ὲν
1764 3946 1843 4018 τῷ

262 4033 582 4107 ἀνθρωπίνῳ
621 4037 953 4109 συγκρίματι
1003 4038 1279 4111 θεωρῆσαι
1323 4040 1424 4110 τὴν
1468 4041 1700 4111 μοῖραν·
1748 4037 1843 4093 τοῦ

264 4126 363 4197 μὲν
392 4126 537 4180 θείου
564 4128 624 4181 τὸ
655 4127 870 4198 λογικόν
901 4144 959 4183 τε
996 4130 1092 4184 καὶ
1121 4131 1483 4203 διανοητικδν,
1514 4130 1543 4184 δ
1569 4132 1669 4202 τὴν
1704 4130 1847 4185 κατὰ

259 4216 320 4269 τὸ
351 4217 520 4289 ἇρρεν
560 4219 654 4272 καὶ
699 4219 834 4292 θῆλυ
880 4220 1144 4293 διαφορὰν
1189 4221 1251 4274 οὐ
1293 4220 1576 4293 προσίεται
1601 4238 1614 4252 ο
1661 4219 1756 4275 τοῦ
1787 4220 1847 4274 δὲ

261 4305 455 4374 ἀλόγου
483 4307 582 4377 τὴν
612 4310 930 4379 σωματικὴν
958 4310 1303 4381 κατασκευὴν
1331 4314 1427 4364 καὶ
1451 4309 1738 4365 διάπλασιν
1766 4312 1847 4376 εἰς

262 4398 430 4471 ἄρρεν
474 4415 534 4451 τε
582 4400 676 4452 καὶ
727 4400 861 4472 θῆλυ
911 4402 1342 4473 μεμερισμένην.
1406 4403 1696 4476 Ἑκάτερον
1740 4403 1847 4476 γὰρ

260 4486 465 4542 τούτων
495 4489 612 4542 ἐστὶ
644 4491 861 4555 πάντως
898 4492 956 4545 ὲν
987 4493 1153 4547 παντὶ
1184 4492 1264 4563 τῷ
1305 4492 1585 4564 μετέχοντι
1617 4494 1718 4564 τῆς
1752 4495 1849 4548 ἁν-

263 4577 544 4650 θρωπίνης
565 4578 729 4651 ζωῆς.
775 4580 1320 4655 Ἀλλὰιπροτερεύειν
1347 4582 1409 4635 τὸ
1438 4583 1643 4654 νοερὸν,
1668 4582 1851 4647 καθὼς

263 4669 417 4742 παρὰ
453 4669 552 4724 τοῦ
594 4670 692 4743 τὴν
735 4671 1179 4744 ἀνθρωπογονίαν
1212 4675 1270 4727 ὲν
1311 4673 1462 4739 τάξει
1491 4673 1852 4740 διεξελθόντος

263 4761 564 4833 ἐμάθομεν,
618 4763 1116 4836 ὲπιγεννηματικὴν
1162 4765 1220 4820 δὲ
1270 4761 1411 4822 εἶναι
1461 4765 1539 4837 τῷ
1579 4765 1851 4838 ἀνθρώπῳ

260 4854 363 4925 τὴν
404 4852 544 4926 πρὸς
590 4854 653 4907 τὸ
685 4854 886 4925 ἄλογον
934 4856 1222 4911 κοινωνίαν
1257 4872 1318 4910 τε
1363 4857 1460 4910 καὶ
1508 4858 1848 4927 συγγένειαν.

261 4943 492 5015 Πρῶτον
517 4946 615 5016 μὲν
640 4942 753 5017 γάρ
777 4963 962 5018 φησιν,
993 4949 1075 5001 ὅτι
1133 4965 1154 5000 t
1200 4947 1486 5020 Ἐποίησεν
1515 4949 1544 5001 δ
1568 4947 1701 5014 Θεὸς
1727 4949 1851 5003 κατ’

263 5035 453 5090 εἰκόνα
497 5035 592 5089 τοῦ
634 5035 771 5091 Θεοῦ
817 5038 911 5093 τὸν
941 5039 1250 5110 ἄνθρωπον,
1294 5060 1313 5093 ι
1350 5040 1564 5105 δεικνὺς
1607 5039 1698 5095 διὰ
1740 5039 1853 5094 τῶν

263 5127 593 5200 εἰρημένων,
639 5128 824 5195 καθώς
867 5146 1031 5201 φησιν
1076 5132 1105 5185 ό
1161 5131 1503 5195 Ἀπόστολος,
1542 5131 1623 5185 ὅτι
1672 5132 1734 5185 ἐν
1772 5129 1853 5203 τῷ

1949 3940 2120 4005 tradi,
2170 3939 2434 3994 nimirum
2496 3937 2813 4010 huiusmodi
2861 3937 3174 4009 quamdam:
3232 3935 3376 3991 Inter
3423 3936 3534 3992 duo

1948 4040 2191 4089 extreme
2247 4030 2607 4097 dissidentia,
2662 4042 2916 4086 naturam
2985 4030 3236 4088 videlicet
3291 4030 3533 4086 divinam

1948 4131 2343 4197 expertemque
2367 4124 2640 4195 corporis,
2670 4133 2726 4180 et
2755 4126 2983 4181 alteram
3010 4133 3289 4180 carentem
3319 4128 3536 4180 ratione
3646 4110 3649 4113 ’

1950 4231 2016 4273 ac
2076 4217 2397 4280 helluinam,
2455 4215 2695 4270 medium
2745 4214 3021 4271 hominem
3074 4231 3217 4272 esse.
3268 4212 3403 4269 Nam
3468 4214 3536 4271 de

1951 4316 2187 4376 utroque
2221 4305 2276 4360 in
2306 4304 2474 4375 hujus
2507 4303 2730 4375 opiﬁcio
2770 4305 3036 4360 exsistere
3068 4305 3347 4375 quiddam,
3381 4320 3539 4375 pror-

1953 4414 2049 4455 sus
2086 4405 2173 4454 est
2213 4396 2670 4453 animadvertere.
2718 4394 2793 4451 De
2830 4404 3028 4451 natura
3058 4397 3263 4460 divina,
3305 4397 3415 4451 vim
3449 4412 3541 4451 ra-

1953 4489 2120 4545 tionis
2149 4497 2203 4544 et
2232 4487 2626 4559 intelligentiae,
2660 4500 2783 4557 qua:
2812 4500 2976 4541 sexus
3007 4485 3236 4541 masculi
3277 4500 3341 4542 ac
3379 4484 3541 4541 femi-

1954 4581 2045 4638 nei
2096 4580 2397 4638 discrimen
2447 4579 2660 4634 nullum
2708 4577 2924 4647 recipit,
2965 4577 3035 4632 de
3070 4584 3263 4631 natura
3309 4574 3538 4634 rationis

1955 4683 2201 4745 experte,
2234 4679 2572 4729 structuram
2602 4671 2747 4725 hanc
2777 4668 3027 4741 corporis
3051 4676 3105 4725 et
3144 4669 3373 4723 formam
3401 4683 3541 4727 sexu

1954 4764 2296 4821 distinctam.
2349 4762 2658 4834 Utrumque
2709 4762 2906 4817 horum
2951 4762 3007 4816 in
3042 4762 3285 4833 quolibet
3319 4760 3541 4818 homine

1953 4864 2057 4912 est.
2098 4853 2207 4911 Sed
2253 4855 2493 4926 priorem
2543 4853 2715 4910 fuisse
2769 4854 2825 4908 in
2874 4869 2941 4909 eo
2974 4852 3290 4908 facultatem
3339 4851 3543 4907 intelli-

1954 4948 2138 5021 gendi,
2170 4948 2370 5005 deinde
2396 4948 2716 5003 societatem
2751 4948 3243 5017 cognationemque
3279 4959 3406 5001 cum
3439 4960 3542 4999 na-

1957 5049 2081 5095 tura
2119 5039 2334 5096 ratione
2376 5047 2601 5095 carcnte
2630 5040 2934 5096 accessisse
2968 5057 2983 5095 :
3014 5054 3082 5095 ex
3114 5045 3340 5093 auctore
3371 5036 3542 5091 histo-

1956 5133 2053 5188 riae
2104 5132 2174 5188 de
2223 5141 2349 5188 ortu
2409 5132 2670 5199 hominis,
2732 5133 2929 5189 ordine
2985 5132 3199 5205 singula
3258 5135 3537 5197 narrante,

263 5218 494 5290 τοιούτῳ
527 5222 698 5294 ἄρρεν
739 5222 833 5276 καὶ
870 5222 1002 5293 θῆλυ
1038 5224 1139 5278 οὐκ
1165 5222 1333 5278 ἔστιν.
1360 5218 1496 5277 Εἶτα
1524 5222 1721 5290 ἐπάγει
1753 5222 1833 5293 τῆς

1959 5224 2251 5281 discimus.
2287 5223 2534 5278 Primum
2562 5224 2709 5279 enim
2760 5222 2952 5289 tradit,
2986 5222 3153 5279 Deum
3185 5234 3403 5277 creasse
3439 5219 3538 5273 ho-

267 5311 615 5385 ἀνθρωπίνης
651 5312 869 5385 φύσεως
898 5315 969 5370 τὰ
1000 5314 1304 5389 ἰδιώματα,
1340 5314 1424 5368 ὅτι
1460 5332 1479 5366 ι
1520 5316 1726 5389 Ἀρῤεν
1757 5314 1833 5368 καὶ

1958 5317 2164 5372 minem
2210 5314 2279 5370 ad
2337 5315 2632 5386 imaginem
2689 5329 2847 5372 suam
2897 5334 2910 5372 :
2953 5315 3012 5369 in
3065 5325 3175 5383 quo
3233 5309 3378 5365 idem
3430 5308 3540 5364 vult

267 5402 401 5479 θῆλυ
434 5406 691 5479 ἐποίησεν
729 5406 948 5474 αὐτούς.
994 5428 1012 5461 ›
1053 5408 1118 5461 Τί
1164 5401 1259 5462 οὖν
1288 5406 1376 5461 διὰ
1415 5404 1606 5461 τούτου
1643 5404 1833 5477 μανθά-

1958 5405 2192 5470 docere,
2247 5404 2394 5476 quod
2447 5412 2504 5461 et
2548 5403 2850 5475 Apostolus
2901 5401 3123 5472 scripsit
3142 5399 3227 5467 ",
3267 5406 3540 5471 quatenus

267 5512 465 5570 νομενς
505 5499 617 5553 Καί
664 5516 757 5570 μοι
810 5499 999 5571 μηδεὶς
1025 5499 1310 5571 νεμεσάτω
1356 5498 1640 5570 πόρρωθεν
1688 5512 1833 5569 προσ¹

1963 5497 2143 5569 imago
2178 5495 2274 5554 Dei
2299 5498 2374 5555 sit
2403 5498 2589 5567 homo,
2620 5509 2786 5554 sexus
2824 5495 2881 5550 in
2903 5508 2973 5551 eo
2998 5492 3297 5549 discrimen
3333 5490 3539 5546 nullum

334 5722 382 5759 ⁵⁶
411 5725 546 5781 Gen.
568 5739 613 5791 ι,
652 5722 744 5779 27.
823 5723 866 5755 ⁵⁷
890 5722 1063 5778 Colat.
1090 5739 1172 5790 ιιι,
1201 5723 1290 5779 28.
1345 5723 1388 5755 ⁸⁸
1416 5721 1546 5778 ibid.
1575 5720 1645 5777 26
1669 5736 1787 5793 sqq.
