3890 6378
413 282 519 337 185

1648 285 1704 341 S.
1735 282 2069 342 GREGORII
2128 285 2423 346 NYSSENI

3593 291 3701 349 184

310 474 323 495 Ι
409 408 558 453 esse.
591 396 800 455 Deinde
829 407 1042 455 natura:
1069 399 1308 456 hominis
1333 400 1593 455 attributa
1616 402 1840 473 propria
1865 402 1997 460 sub-

2103 405 2285 475 ἀγοντι
2313 410 2407 463 τὸν
2434 408 2591 479 λόγον
2636 407 2715 480 τῷ
2761 406 3111 480 προκειμένῳ
3141 408 3399 480 νοήματι.
3448 408 3588 472 Θεὸς
3624 410 3693 480 τῇ

409 490 529 559 jicit
558 508 574 546 :
608 490 809 547 Marem
849 491 1219 563 feminamque
1264 492 1391 548 fecit
1432 508 1551 550 eos.
1582 492 1725 561 Quid
1766 510 1899 566 ergo
1932 496 2002 553 de

415 582 518 636 hoc
543 579 864 636 discendum
897 581 1056 636 nobis
1084 580 1208 637 est?
1240 580 1511 653 Equidem
1548 582 1683 636 mibi
1722 584 1998 641 nemiuem

415 673 579 729 irasci
630 673 775 733 volo.
832 673 1001 729 altius
1048 689 1165 729 rem
1196 690 1336 749 ,ηυδε
1388 675 1443 729 in
1501 675 1998 732 considerationem

414 765 581 826 venit,
621 764 907 834 repetenti.
955 763 1098 820 Deus
1143 772 1339 820 natura
1387 780 1489 821 sua
1529 767 1636 821 tale
1685 781 1749 821 ac
1789 774 1999 822 tantum

410 855 683 925 quoddam
713 856 916 912 bonum
940 867 1047 922 est,
1068 865 1335 928 quantum
1362 857 1473 912 ulla
1496 858 1828 928 cogitatione
1855 873 2001 914 eom-

412 946 676 1016 prehendi
732 949 1061 1019 potestzvel
1120 950 1303 1019 potius
1352 950 1522 1029 etiam
1577 965 1741 1006 omne
1790 951 1998 1006 bonum

409 1039 555 1109 quod
624 1039 982 1111 intelligendo
1041 1040 1404 1111 cogitandove
1469 1042 1994 1112 comprehenditur,

410 1140 726 1202 exsuperat.
773 1132 963 1204 Itaque
1003 1140 1256 1191 naturam
1290 1134 1589 1191 humanam
1632 1151 1739 1191 non
1793 1138 1900 1192 alia
1929 1136 1999 1193 de

410 1239 574 1281 causa
617 1224 884 1290 condidit,
930 1241 1094 1298 quam
1129 1226 1275 1297 quod
1320 1227 1502 1284 bonus
1552 1237 1719 1285 esset.
1753 1229 2000 1301 Cumque

408 1318 537 1373 talis
584 1326 753 1385 esset,
803 1325 860 1375 et
900 1334 1064 1373 unam
1116 1319 1259 1375 hanc
1309 1319 1380 1374 ob
1430 1335 1654 1377 causam
1703 1320 1771 1375 ad
1827 1321 1997 1376 fabri-

410 1410 682 1467 cationem
733 1410 985 1467 humanae
1027 1420 1236 1467 naturae
1269 1411 1621 1478 accessisset,
1655 1428 1770 1467 non
1807 1429 1875 1469 ex
1908 1428 1999 1469 se-

410 1501 579 1557 misse
631 1502 738 1556 vim
788 1502 1052 1560 bonitatis
1124 1519 1238 1559 sure
1299 1504 1583 1561 declarare
1642 1506 1856 1573 voluit,
1921 1507 1997 1561 ita

412 1598 472 1644 ut
517 1576 768 1647 nonnihil
814 1593 1023 1649 homini
1078 1611 1304 1651 suorum
1347 1597 1617 1653 bonorum
1666 1599 1996 1670 largiretur,

412 1682 661 1738 nonnihil
699 1699 824 1740 cum
873 1701 939 1741 eo
993 1701 1062 1742 ne
1099 1690 1554 1755 communicaret,
1606 1689 1812 1745 invidia
1857 1708 1997 1762 prte-

410 1774 710 1848 pediretur.
758 1776 1006 1835 Perfecte
1045 1779 1309 1836 nimirum
1365 1799 1426 1838 se
1476 1782 1682 1838 bonum
1737 1755 1998 1851 ostendit,
2032 1755 2075 1810 Β

408 1883 535 1921 eum
613 1868 887 1927 hominem
974 1872 1043 1928 de
1122 1873 1298 1929 nihilo
1356 1876 1659 1943 conderet,
1740 1878 2003 1948 omnique

411 1957 680 2014 honorum
729 1963 885 2032 copia
936 1963 1254 2021 instrueret.
1294 1966 1425 2034 Quae
1473 1981 1598 2022 cum
1649 1967 1786 2024 adeo
1832 1968 2002 2023 multa

406 2050 520 2112 sint
562 2067 812 2118 numero,
852 2062 914 2109 ut
958 2056 1232 2113 recenseri
1266 2058 1481 2130 singula
1520 2060 2002 2117 commemorando

408 2141 696 2201 dillicultcr
746 2147 1005 2216 possint:
1038 2149 1247 2205 idcirco
1305 2150 1546 2207 breviter
1600 2152 1861 2208 universa
1911 2152 2003 2207 bis

406 2234 588 2291 verbis
636 2239 1201 2309 comprehenduntur,
1237 2242 1441 2312 quibus
1492 2242 1656 2299 homo
1686 2243 1754 2298 ad
1804 2244 2003 2315 imagi-

410 2341 531 2382 netn
570 2327 666 2384 Dei
693 2328 873 2387 fat-tus
904 2347 1029 2387 esse
1074 2333 1299 2388 dicitur.
1326 2333 1523 2391 Valent
1564 2336 1710 2391 enim
1743 2336 1835 2390 illa
1880 2345 2005 2391 tan-

411 2418 676 2484 tumdem,
709 2435 774 2475 ac
813 2424 858 2476 si
885 2420 1184 2488 diceretur,
1222 2434 1476 2479 naturam
1501 2425 1800 2480 humanam
1828 2442 1858 2480 a
1895 2426 2005 2483 Deo

411 2512 464 2566 in
495 2512 740 2570 omnium
765 2512 1041 2570 honorum
1072 2515 1392 2571 societatem
1416 2523 1665 2572 vocatam
1694 2533 1837 2573 esse.
1866 2517 2005 2574 Nam

408 2603 453 2658 si
491 2601 585 2659 Dei
619 2614 811 2661 natura
844 2607 1088 2678 perfecta
1118 2607 1366 2680 quaedam
1406 2610 1562 2683 copia
1602 2618 1689 2667 est
1729 2611 2002 2667 bonorum

407 2697 692 2764 omnium,
760 2699 924 2755 homo
983 2709 1165 2757 autem
1219 2702 1340 2772 ejus
1396 2712 1482 2760 est
1549 2705 1729 2777 imago
1785 2723 1799 2759 :
1858 2705 2004 2761 haud

407 2794 571 2850 dubie
625 2796 983 2851 simulacrum
1047 2797 1152 2853 hoc
1219 2796 1315 2852 Dei
1380 2798 1637 2870 princeps
1692 2801 2001 2871 exemplum

408 2886 482 2938 ita
535 2885 772 2952 referet,
830 2895 892 2942 ut
956 2896 1011 2942 et
1067 2887 1249 2958 ipsum
1300 2888 1461 2946 bonis
1515 2890 1771 2947 omnibus
1825 2892 2005 2947 abun-

407 2973 519 3029 det.
579 2971 770 3043 Itaque
831 2975 888 3029 in
952 2975 1115 3050 nobis
1181 2985 1267 3033 est
1319 2993 1584 3048 expressa
1652 2980 1835 3036 omnis
1900 2980 2003 3037 ho-

407 3064 553 3119 nesti
582 3064 820 3135 species,
851 3067 1033 3124 omnis
1071 3069 1271 3133 virtus,
1307 3070 1489 3126 omnis
1513 3071 1803 3139 sapientia,
1837 3072 1999 3144 quid-
2027 3091 2075 3153 ρ

407 3152 543 3224 quid
608 3154 848 3227 denique
906 3159 1427 3229 prmstantissimum
1491 3162 1887 3232 comprehendi
1948 3163 2003 3219 vi

408 3246 789 3319 intelligentiae
857 3258 1058 3321 potest.
1123 3251 1303 3322 Atque
1351 3253 1495 3309 inter
1556 3260 1753 3309 cmtera
1808 3263 1893 3310 est
1947 3253 2004 3308 in

408 3337 569 3395 nobis
599 3339 851 3407 libertas,
890 3358 1011 3414 quae
1044 3343 1192 3398 nulla
1237 3346 1584 3401 necessitatis
1620 3347 1736 3417 lege
1766 3354 2001 3410 tenetur,

407 3432 613 3489 nullius
644 3433 701 3493 in
730 3445 924 3490 natura
959 3436 1425 3509 dominatusjugo
1450 3438 1725 3509 subjecta,
1760 3440 1854 3494 sed
1880 3456 2004 3509 qua:

404 3524 614 3595 judicio
640 3534 792 3582 certo
818 3535 872 3583 et
902 3528 1187 3584 liberrimo
1209 3530 1358 3601 quod
1390 3532 1507 3585 vult
1544 3532 1713 3603 eligit.
1737 3529 1831 3587 Est
1856 3533 2002 3586 enim

406 3618 584 3676 virtus
640 3633 755 3675 suae.
805 3622 1050 3695 spontis,
1109 3623 1318 3681 nullius
1378 3622 1609 3693 imperio
1666 3624 1998 3701 mancipata.

407 3713 564 3782 Quod
593 3721 775 3771 autem
802 3730 833 3769 a
859 3715 1189 3772 necessitate
1216 3714 1451 3787 quadam
1493 3716 1824 3771 violentiave
1850 3715 2002 3787 cogi-

407 3814 516 3871 tur,
557 3804 748 3862 virtuti
798 3804 1231 3865 consentaneum
1289 3823 1415 3865 esse
1471 3808 1684 3879 nequit.
1743 3808 1899 3874 Quod
1952 3807 2001 3863 si

406 3910 573 3965 porro
600 3895 781 3967 imago
810 3912 1130 3967 expressam
1177 3899 1610 3969 pulchritudinis
1660 3902 1716 3956 in
1748 3903 2003 3974 exemplo

407 3988 655 4058 principe
708 3988 941 4059 ﬁguram
1003 3990 1077 4045 ita
1113 4000 1490 4059 repraesentet,
1547 4000 1608 4047 ut
1662 3994 1801 4051 nihil
1833 3995 1902 4049 ab
1934 4008 2001 4067 ea

408 4095 638 4151 prorsus
670 4080 907 4144 dili‘erat,
933 4097 1041 4137 non
1072 4080 1186 4151 jam
1219 4082 1365 4138 illam
1392 4084 1687 4155 imaginem
1719 4084 1858 4150 fore,
1893 4086 1991 4142 sed

410 4171 583 4245 ipsam
618 4171 976 4244 eamdemque
1019 4189 1155 4238 rem,
1221 4190 1343 4245 quae
1396 4177 1544 4231 nulla
1580 4177 1665 4233 sui
1723 4186 1880 4249 parte
1912 4179 1999 4236 di-

410 4264 592 4319 seerni
627 4278 658 4318 a
685 4266 866 4336 seipsa
898 4266 1095 4336 possit.
1133 4266 1275 4334 Quid
1310 4267 1478 4339 igitur
1512 4278 1616 4337 est,
1666 4272 1905 4344 inquies,
1942 4273 2001 4329 in

410 4371 519 4425 quo
551 4364 761 4413 natura:
790 4356 1012 4422 divinae,
1072 4371 1129 4415 et
1187 4360 1309 4430 ejus
1361 4376 1485 4431 qua:
1535 4363 1604 4418 ad
1634 4364 1876 4421 divinam
1913 4373 2000 4421 est

2104 496 2302 550 ἑαυτοῦ
2334 497 2497 569 φύσει
2530 500 2641 553 πᾶν
2678 499 2762 553 ὅτι
2794 515 2902 569 περ
2940 498 3060 552 εστι
3107 501 3228 552 κατ’
3257 498 3467 554 ἔννοιαν
3507 499 3698 554 λαϐεῖν

2100 587 2322 657 ἀγαθὸν,
2373 589 2553 643 ἐκεῖνό
2597 590 2746 644 ἔστι·
2786 589 2986 661 μᾶλλον
3019 589 3078 642 δὲ
3108 588 3310 653 παντὸς
3337 588 3555 658 ἀγαθοῦ
3596 589 3696 644 τοῦ

2101 675 2392 748 νοουμένου
2441 695 2500 732 τε
2546 680 2642 734 καὶ
2686 677 3239 749 κατώαμόανομένου
3279 678 3545 732 ἐπέκεινα
3588 678 3695 743 ὢν,

2100 770 2163 824 οὐ
2189 770 2258 824 δι’
2285 770 2414 826 ἀλλο
2451 790 2504 825 τι
2532 772 2705 838 κτίζει
2736 773 2836 844 τὴν
2869 772 3221 843 ἀνθρωπίνην
3249 770 3415 843 ζωὴν,
3453 771 3488 843 ἢ
3519 771 3613 824 διὰ
3634 771 3698 825 τὸ

2099 860 2303 931 ἀγαθὸς
2349 858 2507 917 εἶναι.
2557 863 2810 928 Τοιοῦτος
2852 862 2909 916 δὲ
2947 862 3044 926 ῶν,
3080 862 3178 916 καὶ
3210 861 3301 919 διὰ
3350 861 3512 915 τοῦτο
3556 860 3697 933 πρὸς

2098 952 2199 1025 τὴν
2226 954 2585 1026 δημιουργίαν
2614 956 2715 1026 τῆς
2761 955 3114 1028 ἀνθρωπίνης
3157 953 3374 1024 φύσεως
3413 954 3694 1025 ὁρμήσας,

2100 1047 2199 1099 οὐκ
2220 1044 2286 1100 ἂν
2313 1047 2546 1119 ἡμιτελῆ
2573 1048 2671 1119 τὴν
2698 1048 2798 1119 τῆς
2831 1046 3168 1118 ἀγαθότητος
3197 1046 3501 1112 ἐνεδείξατο
3527 1046 3695 1099 δύνα-

2102 1156 2217 1210 μιν,
2253 1138 2315 1191 τὸ
2359 1138 2459 1209 μέν
2494 1157 2546 1193 τι
2572 1138 2695 1202 δοὺς
2734 1140 2799 1191 ὲκ
2824 1138 2934 1191 τῶν
2966 1137 3278 1209 προσόντων
3304 1134 3473 1207 αὐτῷ,
3506 1133 3605 1189 τοῦ
3639 1135 3698 1188 δὲ

2101 1229 2375 1304 φθονήσας
2398 1231 2499 1302 τῆς
2544 1230 2862 1302 μετουσίάςο
2909 1227 3047 1282 ἀλλά
3082 1227 3145 1281 τὸ
3176 1226 3384 1281 τέλειον
3416 1226 3520 1296 τῆς
3552 1227 3696 1294 ἀγαο

2102 1322 2324 1395 θότητος
2354 1322 2490 1387 εἶδος
2528 1325 2585 1375 ἐν
2611 1321 2787 1394 τούτῳ
2817 1322 2989 1385 ἐστὶν,
3016 1322 3081 1375 ὲκ
3109 1319 3204 1373 τοῦ
3234 1320 3329 1374 καί
3350 1320 3698 1390 παραγαγεῖν

2098 1415 2191 1470 τὸν
2220 1415 2507 1487 ἄνθρωπον
2533 1418 2596 1469 ἐκ
2622 1414 2715 1468 τοῦ
2743 1415 2817 1487 μὴ
2843 1414 2994 1478 ὄντος
3027 1414 3109 1477 είς
3145 1412 3382 1483 γένεσιν,
3419 1412 3516 1465 καὶ
3540 1412 3698 1464 ἀνεν-

2099 1505 2193 1579 δεῆ
2222 1506 2330 1579 τῶν
2353 1505 2573 1574 ἀγαθῶν
2602 1505 3043 1577 ἀπεργάσασθαι.
3116 1504 3271 1558 Ἐπεὶ
3298 1504 3355 1557 δὲ
3389 1502 3561 1566 πολὺς
3586 1502 3696 1555 τῶν

2101 1597 2223 1653 καθ’
2252 1576 2484 1652 ἕκαστον
2527 1597 2745 1667 ἀγαθῶν
2790 1598 2819 1650 ό
2848 1596 3171 1666 κατάλογος,
3202 1596 3262 1648 οὐ
3299 1595 3397 1666 μὲν
3425 1589 3519 1648 οὖν
3548 1594 3700 1647 ἐστιν

2103 1689 2319 1763 ἀριθμῷ
2354 1690 2551 1763 ῥᾳδίως
2597 1688 2786 1743 τοῦτον
2832 1688 3124 1743 διαλαϐεῖν.
3180 1687 3279 1741 Διά
3329 1685 3493 1749 τοῦτο
3543 1703 3700 1757 περι-

2103 1784 2342 1855 ληπτικῇ
2371 1785 2439 1853 τῇ
2479 1785 2628 1854 φωνῇ
2660 1783 2876 1836 ἅπαντα
2909 1780 3189 1834 συλλαϐὼν
3230 1782 3259 1833 ό
3292 1779 3451 1849 λόγος
3485 1779 3701 1850 ἐσήμα-

2105 1894 2213 1942 νεν,
2246 1877 2302 1929 ὲν
2327 1873 2405 1946 τῷ
2456 1877 2651 1933 εἰπεῖν,
2687 1874 2808 1927 κατ’
2834 1873 3017 1927 εἰκόνα
3056 1872 3192 1927 Θεοῦ
3227 1871 3563 1942 γεγενῆσθαι
3607 1872 3699 1925 τὸν

2104 1967 2410 2041 ἄνθρωπον.
2442 1962 2592 2020 Ἶσον
2630 1966 2741 2038 γάρ
2775 1968 2891 2019 ἐστι
2916 1965 3077 2019 τοῦτο
3106 1964 3184 2037 τῷ
3213 1965 3409 2023 εἰπεῖν.
3444 1964 3529 2017 ὅτι
3558 1979 3698 2016 παν-

2104 2059 2195 2124 τὸς
2227 2058 2433 2130 ἀγαθοῦ
2470 2057 2695 2131 μέτοχον
2724 2058 2823 2130 τὴν
2853 2056 3204 2129 ἀνθρωπίνην
3230 2056 3390 2126 φύσιν
3415 2055 3695 2127 ἐποίησεν.

2106 2153 2169 2206 Et
2207 2152 2316 2223 γὰρ
2363 2151 2636 2222 πλήρωμα
2681 2148 2780 2220 μὲν
2814 2148 3035 2218 ἀγαθῶν
3079 2147 3141 2203 τὸ
3170 2150 3343 2211 Θεῖον,
3396 2146 3610 2201 ἐκείνου
3644 2146 3699 2200 δὲ

2105 2243 2264 2298 τοῦτο
2295 2242 2459 2297 εἰκών
2479 2260 2491 2273 ·
2523 2243 2609 2314 ἄρ’
2635 2224 2692 2294 ἐν
2721 2240 2803 2311 τῷ
2831 2240 3038 2312 πλῆρες
3067 2235 3208 2293 εἶναι
3242 2240 3443 2302 παντὸς
3464 2237 3696 2307 ἀγαθοῦ,

2106 2336 2243 2407 πρὸς
2287 2335 2350 2389 τδ
2403 2335 2715 2407 ἀρχέτυπον
2765 2335 2800 2405 ἡ
2846 2332 3011 2386 εἰκὼν
3064 2330 3177 2403 ἔχει
3237 2330 3331 2402 τὴν
3378 2330 3696 2401 ὁμοιότητα.

2107 2426 2317 2480 Οὐκοῦν
2359 2426 2510 2479 ἐστιν
2543 2427 2599 2479 ὲν
2625 2428 2658 2497 ἡ
2670 2427 2759 2496 μίν
2797 2424 2999 2488 παντὸς
3031 2424 3130 2495 μὲν
3171 2423 3340 2478 καλοῦ
3375 2423 3507 2489 ἰδέα,
3548 2426 3700 2477 πᾶσα

2105 2517 2162 2571 δὲ
2209 2517 2379 2590 ἀρετὴ
2433 2518 2527 2572 καὶ
2576 2516 2757 2586 σοφία,
2800 2516 2893 2571 καὶ
2939 2519 3047 2569 πᾶν
3091 2516 3281 2588 ὅτιπερ
3313 2518 3429 2570 ἐστι
3467 2516 3609 2588 πρὸς
3640 2515 3702 2569 τὸ

2107 2614 2353 2682 κρεῖττον
2393 2602 2705 2681 νοούμενον.
2753 2610 2849 2663 Ἓν
2876 2608 2931 2663 δὲ
2961 2609 3069 2662 τῶν
3097 2609 3313 2664 πάντων
3339 2608 3433 2662 καὶ
3463 2608 3524 2661 τὸ
3551 2606 3701 2661 ἐλεύ-

2108 2704 2265 2775 θερον
2295 2703 2540 2773 ἀνάγκης
2567 2697 2726 2769 εἶναι,
2758 2703 2851 2755 καὶ
2886 2701 2962 2773 μὴ
2996 2700 3332 2772 ὑπεζεῦχθαί
3361 2718 3469 2754 τινι
3494 2702 3698 2772 φυσικῇ

2105 2795 2435 2866 δυναστείαν
2487 2795 2601 2849 ἀλλ’
2646 2793 2997 2860 αὐτεξούσιον
3044 2793 3181 2864 προς
3218 2793 3280 2846 τὸ
3321 2790 3515 2845 δοκοῦν
3555 2792 3701 2863 ἔχειν

2105 2883 2203 2955 τὴν
2232 2882 2480 2954 γνώμην.
2528 2882 2849 2936 Ἀὂέσποτον
2880 2885 2989 2954 γάρ
3024 2901 3076 2935 τι
3111 2883 3297 2953 χρῆμα
3327 2884 3361 2954 ή
3392 2882 3567 2953 ἀρετὴ
3612 2882 3704 2936 καὶ

2107 2974 2375 3040 ἑκούσιον,
2420 2974 2483 3027 τὸ
2527 2974 2583 3029 δὲ
2632 2973 3157 3045 κατηναγκασμένον
3200 2973 3295 3027 καὶ
3342 2972 3702 3043 βεϐιασμένον

2107 3067 2276 3140 ἀρετὴ
2298 3064 2439 3121 εἶναι
2464 3068 2524 3120 οὐ
2553 3065 2797 3123 δύναται.
2845 3068 2935 3121 Ἑν
2970 3069 3104 3121 πᾶσι
3136 3068 3315 3120 τοίνυν
3346 3067 3448 3137 τῆς
3491 3067 3703 3132 είκόνος

2105 3157 2199 3213 τοῦ
2231 3157 2586 3230 πρωτοτύπου
2621 3159 2849 3224 κάλλους
2898 3160 2989 3213 τὸν
3022 3160 3351 3231 χαρακτῆρα
3398 3158 3696 3232 φερούσης,

2106 3250 2154 3302 εί
2191 3250 2267 3320 μὴ
2299 3248 2441 3303 κατὰ
2474 3251 2529 3303 τὶ
2548 3248 2647 3320 τὴν
2676 3249 2940 3322 διαφορὰν
2971 3250 3092 3323 ἔχῃ,
3128 3251 3311 3303 οὐκέτι
3344 3251 3410 3304 ἂν
3444 3250 3532 3321 εἴη
3563 3251 3703 3305 πᾶν·

2105 3357 2213 3403 τως
2257 3341 2531 3411 ὁμοίωμα,
2567 3341 2703 3395 ἀλλὰ
2749 3342 2945 3396 ταύτὸν
2980 3343 3159 3396 ἐκεῖνο
3190 3342 3278 3395 διὰ
3312 3343 3532 3397 πάντων
3566 3343 3703 3396 ἀνα-

2105 3432 2468 3503 δειχθήσεται,
2498 3433 2557 3487 τὸ
2589 3436 2645 3486 ὲν
2684 3435 2848 3487 παντὶ
2878 3434 3318 3504 ἀπαράλλακτον.
3353 3435 3488 3488 Τὲνα
3518 3435 3703 3490 τοίνυν

2105 3524 2272 3578 αὑτοῦ
2306 3542 2365 3578 τε
2397 3525 2490 3578 τοῦ
2520 3525 2701 3591 Θείου,
2746 3525 2839 3579 καὶ
2870 3524 2964 3578 τοῦ
3015 3524 3151 3595 πρὸς
3197 3525 3257 3578 τὸ
3283 3526 3438 3579 Θεῖον
3482 3525 3703 3595 ὡμοιω-

2109 3618 2272 3689 μένου
2327 3617 2424 3689 τὴν
2473 3617 2733 3690 διαφορὰν
2782 3617 3136 3689 καθορῶμεν;
3189 3616 3277 3671 Ἐν
3325 3618 3423 3697 τῷ,
3470 3617 3533 3670 τὸ
3598 3620 3700 3688 μὲν

2103 3711 2373 3775 ἀκτίστως
2401 3707 2562 3775 εἶναι,
2595 3712 2656 3765 τὸ
2691 3711 2748 3765 δὲ
2778 3711 2865 3765 διὰ
2904 3713 3135 3776 κτίσεως
3172 3712 3497 3780 ὑποστῆναι.
3547 3711 3615 3764 Ἡ
3642 3711 3699 3765 δὲ

2102 3804 2203 3876 τῆς
2225 3805 2482 3876 τοιαύτης
2507 3804 2765 3876 ἰδιότητος
2796 3805 3030 3876 διαφορὰ
3062 3804 3221 3859 πάλιν
3253 3804 3455 3875 ἐτέρων
3481 3803 3704 3874 ἰδιωμάο

2103 3913 2212 3950 των
2239 3894 2567 3950 ἀκολουθίαν
2600 3895 2846 3967 ἐποίησε.
2895 3894 3345 3967 Συνομολογείται
3375 3896 3485 3964 γὰρ
3518 3894 3702 3966 πάντη

2104 4004 2164 4041 τε
2207 3987 2302 4041 xei.
2347 3986 2583 4054 πάντως,
2631 3987 2730 4059 τὴν
2773 3988 2873 4059 μὲν
2907 3987 3161 4042 ἀκτιστον
3198 3987 3360 4057 φύσιν
3404 3987 3497 4039 καὶ
3539 3986 3704 4058 ἀτρε-

2105 4097 2240 4134 πτον
2283 4075 2445 4144 εἴναι,
2480 4082 2575 4133 καὶ
2618 4081 2705 4133 ἀεὶ
2743 4078 3007 4143 ὡσαύτως
3043 4079 3211 4151 ἔχειν,
3245 4079 3343 4151 τὴν
3375 4079 3432 4134 δὲ
3469 4079 3701 4150 κτιστὴν

2104 4174 2365 4230 ἀδύνατον
2395 4174 2522 4228 ἄνευ
2551 4170 2891 4237 ἀλλοιώσεως
2924 4172 3207 4244 συστῆναι.
3243 4173 3390 4237 Αὐτὴ
3420 4172 3526 4244 γὰρ
3554 4172 3588 4243 ὴ
3631 4174 3698 4226 ἐκ

2102 4267 2195 4323 τοῦ
2235 4267 2312 4340 μὴ
2344 4266 2497 4331 ὄντος
2524 4269 2605 4331 είς
2636 4265 2696 4321 τὸ
2722 4262 2862 4321 εἶναι
2905 4265 3157 4340 πάροδος,
3189 4263 3404 4335 κίνησίς
3435 4265 3517 4327 τίς
3551 4267 3696 4329 ἐστι,

2102 4361 2197 4415 καὶ
2244 4360 2529 4424 ἀλλοίωσις
2569 4358 2665 4413 τοῦ
2721 4359 2797 4431 μὴ
2847 4359 3000 4423 ὄντος
3033 4360 3113 4422 είς
3144 4358 3205 4411 τὸ
3237 4355 3400 4424 εἶναι,
3443 4358 3586 4413 κατά
3633 4360 3696 4413 τὸ

407 4448 776 4518 conformata,
812 4451 1113 4507 discrimen
1148 4454 1390 4524 perspici
1446 4458 1663 4527 possit?
1699 4459 1831 4515 illud
1867 4476 1997 4529 vero

2103 4456 2245 4511 θεῖον
2282 4455 2530 4526 βούλημα
2585 4452 3008 4524 μεθισταμένου.
3061 4454 3172 4506 Καὶ
3222 4452 3412 4522 ὥσπερ
3459 4451 3550 4503 τὸν
3602 4452 3698 4506 ἐπὶ

410 4540 464 4599 in
497 4555 563 4595 eo
593 4541 915 4612 perspicies,
949 4545 1096 4613 quod
1130 4544 1224 4599 Dei
1264 4555 1461 4602 natura
1482 4547 1692 4605 exsistit
1713 4550 1994 4608 increata:

410 4631 692 4688 hominum
728 4622 985 4705 vero'per
1026 4637 1362 4693 creationem
1400 4646 1486 4694 est
1548 4648 1689 4695 orta.
1750 4641 1867 4697 lloc
1902 4643 2001 4699 de-

410 4722 538 4780 inde
597 4723 897 4785 discrimen
955 4726 1062 4783 alia
1120 4726 1371 4798 quaedam
1421 4745 1857 4802 consequuntur.
1899 4734 2000 4790 Est

408 4812 556 4867 enim
598 4810 757 4881 plane
780 4812 923 4883 apud
957 4828 1149 4877 omnes
1203 4816 1260 4878 in
1297 4818 1575 4884 confesso,
1626 4828 1879 4877 naturam
1913 4822 1998 4878 in-

408 4910 655 4960 creatam
706 4905 1126 4971 immutabilem,
1183 4907 1543 4978 eamdemque
1591 4926 1806 4981 semper
1841 4927 2004 4979 esse;

2113 4546 2196 4601 τοῦ
2254 4545 2457 4617 χαλκοῦ
2507 4544 2831 4616 χαρακτῆρα
2886 4543 3166 4615 Καίσαρος
3210 4544 3396 4601 εἰκόνα
3438 4540 3588 4610 λέγει
3637 4540 3699 4595 τὸ

2102 4638 2456 4708 Εὐαγγέλιον,
2506 4638 2574 4692 δι’
2621 4631 2683 4691 οἶ)
2731 4635 3074 4707 μανθάνομεν
3116 4634 3257 4689 κατὰ
3312 4634 3411 4705 μὲν
3456 4633 3520 4687 τὸ
3565 4635 3700 4707 πρό-
3728 4704 3739 4713 ο

2102 4749 2292 4803 σχημα
2340 4731 2440 4803 τὴν
2469 4729 2730 4803 ὁμοίωσιν
2768 4724 2908 4782 εἶναι
2942 4726 3035 4781 τοῦ
3076 4726 3512 4799 μεμορφωμένου
3555 4726 3697 4798 πρὸς

2101 4824 2380 4894 Καίσαρα,
2411 4824 2470 4875 ὲν
2497 4822 2553 4875 δὲ
2575 4820 2654 4892 τῷ
2679 4820 3025 4890 ὑποκειμένῳ
3061 4819 3159 4889 τὴν
3192 4819 3460 4891 διαφορὰν
3503 4818 3593 4888 ἔχε
3605 4835 3652 4871 ιν
3677 4835 3694 4849 ·

2098 4918 2241 4972 οὕτω
2263 4915 2521 4970 καὶκατὰ
2567 4913 2654 4968 τὸν
2695 4913 2939 4985 παρόντα
2967 4912 3146 4982 λόγον,
3175 4910 3299 4965 ἀντὶ
3325 4912 3695 4982 χαρακτήρων

409 5004 694 5061 creatam,
749 4998 872 5053 sine
935 5009 1197 5069 perpetua
1251 5002 1639 5061 vicissitudine
1694 5004 2000 5060 consistere

2103 5009 2166 5061 τὰ
2200 5006 2646 5077 ὲπιθεωρούμενα
2677 5007 2742 5077 τῇ
2773 5022 2831 5056 τε
2861 5003 2980 5076 θείᾳ
3024 5003 3184 5073 φύσει
3231 5002 3326 5056 καὶ
3369 5004 3435 5073 τῇ
3480 5002 3697 5074 ἀνθρω-

408 5091 565 5145 nullo
596 5090 759 5146 modo
794 5107 976 5161 posse.
1012 5092 1147 5147 Nam
1181 5094 1297 5165 ipse
1332 5096 1602 5153 transitus
1627 5112 1697 5151 ex
1727 5097 1899 5152 nihilo
1932 5097 2001 5152 ad

406 5198 615 5249 ortum,
644 5191 828 5241 motus
849 5185 1072 5255 quidam
1105 5195 1208 5253 est,
1242 5197 1296 5244 et
1324 5190 1577 5257 mutatio,
1615 5206 1723 5261 qua
1770 5191 1824 5246 id
1851 5192 2000 5261 quod

411 5271 592 5329 rerum
629 5275 683 5330 in
722 5286 921 5335 natura
960 5294 1072 5334 non
1108 5292 1257 5345 erat,
1291 5281 1358 5337 de
1395 5284 1664 5340 sententia
1693 5285 1995 5343 voluntatis

411 5367 609 5423 divina:
632 5372 901 5428 exsistere
936 5373 1147 5444 incipit.
1168 5376 1476 5448 Atqueutin
1490 5372 1994 5451 EvangeliOWnota‘

413 5458 467 5513 in
499 5476 605 5515 :ere
633 5477 891 5533 expressa
909 5467 1144 5525 Caesaris
1169 5466 1347 5538 imago
1385 5468 1610 5535 dicitur,
1647 5470 1716 5524 de
1752 5486 1862 5541 quo
1907 5472 1995 5526 in-

416 5551 675 5621 tciligitur
709 5559 1012 5613 secundum
1048 5572 1327 5615 esternam
1358 5561 1593 5629 speciem
1634 5560 1808 5619 fuisse
1844 5564 1990 5619 illam

492 5726 536 5757 ⁶⁰
571 5726 741 5801 litare.
799 5744 893 5795 xu,
945 5730 1021 5783 lii.

2100 5089 2230 5171 πίνῃ
2262 5100 2721 5169 κατανοήσαντες,
2747 5098 2804 5149 ὲν
2833 5092 2914 5157 οἷς
2958 5098 2991 5167 ἠ
3027 5096 3284 5166 ὁμοιότης
3324 5096 3490 5160 ἐστὶν,
3530 5095 3591 5147 ἐν
3616 5094 3695 5165 τῷ

2099 5193 2451 5265 ὑποκειμένῳ
2492 5191 2590 5263 τὴν
2611 5189 2875 5261 διαφορὰν
2924 5187 3336 5259 ὲξευρίσκομεν,
3370 5187 3491 5257 ἥτις
3534 5187 3694 5258 ἐντῷ

2101 5287 2343 5359 ἀκτκίστῳ
2389 5285 2485 5338 καὶ
2517 5282 2595 5354 τῷ
2635 5280 2836 5351 κτιστῷ
2884 5280 3206 5351 καθορᾶται.
3261 5277 3478 5350 Ἐπειδὴ
3509 5278 3693 5333 τοίνυν

2101 5379 2163 5433 τὸ
2195 5379 2295 5450 μὲν
2324 5376 2584 5439 ὡσαύτως
2617 5374 2749 5444 ἔχει,
2781 5374 2873 5427 καὶ
2911 5374 3017 5436 ἀεὶ,
3049 5373 3110 5426 τὸ
3141 5373 3197 5427 δὲ
3230 5372 3315 5426 διὰ
3342 5371 3576 5435 κτίσεως
3605 5388 3695 5441 τεο

2102 5470 2405 5542 γενημένον
2454 5468 2548 5521 ἀπ’
2601 5462 2937 5526 ἀλλοιώσεως
2981 5462 3075 5516 τοῦ
3122 5458 3259 5515 εἶναι
3307 5459 3547 5532 ἤρξατο,
3596 5458 3694 5514 καὶ

2105 5560 2382 5630 ο.δγγει)ιτ)ς
2454 5559 2593 5630 πρὸς
2655 5557 2754 5628 τὴν
2794 5556 3073 5625 ’τοιαύτην
3127 5554 3237 5623 ἔχει
3294 5552 3538 5624 τροπήν·
3603 5550 3695 5610 δια
