3890 6364
119 336 204 399 183
1017 386 1022 396 .
1400 341 1490 397 DE
1526 341 1812 399 HOMINIS
1848 342 2164 403 OPIFICIO.

3317 347 3418 407 186

127 455 266 510 τοῦτο
283 455 314 511 6
344 453 518 522 εῑδὼς
541 455 624 512 τὰ
655 457 836 513 πάντα
865 457 996 531 πρὶν
1029 458 1301 525 γενέσεως
1321 459 1525 524 αὐτῶν,
1549 459 1732 524 καθώς

1847 463 2252 520 similitudinem
2280 462 2362 520 rei
2397 461 2754 520 conformatae
2783 461 2850 518 ad
2897 459 3128 534 effigiem
3169 460 3415 534 Cesaris,

135 564 280 618 φησιν
310 547 349 618 ἡ
375 549 734 620 προφητεία.
772 549 1236 622 ἐπακολουθήσας,
1271 551 1473 622 μᾶλλον
1499 550 1556 604 δὲ
1591 569 1730 626 προ-ι

137 641 472 708 κατανοήσας
495 643 569 711 τῇ
599 643 986 712 προγνωστικῇ
1030 639 1278 712 δυνάμει,
1307 641 1446 712 πρὸς
1481 645 1509 698 6
1553 659 1604 696 τι
1639 640 1732 711 ρέ-

137 748 217 784 πει
253 728 400 783 κατὰ
428 729 496 783 τὸ
527 729 869 802 αὐτοκρατές
899 747 961 784 τε
991 731 1086 784 καὶ
1115 730 1464 798 αὐτεξούσιον
1498 731 1600 802 τῆς
1637 733 1732 785 ἀν⁸

139 821 414 894 θρωπίνης
439 824 823 894 προαιρέσεως
851 825 886 894 ή
909 822 1146 894 κίνησις,
1174 823 1362 895 ἐπειδὴ
1393 824 1456 876 τὸ
1474 825 1731 894 ἐσόμενον

137 909 293 980 εἶδεν,
345 913 710 983 ἐπιτεχνᾶται
753 915 820 984 τῇ
850 912 1020 966 εἰκόνι
1056 911 1155 983 τὴν
1185 913 1316 980 περ).
1343 911 1404 965 τὸ
1441 913 1608 983 ἄρρεν
1635 913 1731 965 καὶ

138 1001 272 1072 θῆλυ
309 1001 605 1074 διαφορὰν,
635 1003 757 1074 ἥτις
784 1003 970 1056 οὐκέτι
998 1001 1136 1074 πρὸς
1165 1002 1227 1056 τὸ
1253 1001 1396 1057 θεῖον
1427 1003 1732 1075 ἀρχέτυπον

138 1093 348 1165 βλέπει,
407 1093 549 1148 ἀλλὰ
587 1093 768 1157 καθὼς
819 1094 1052 1166 εἴρηται,
1100 1097 1166 1166 τῇ
1211 1095 1528 1166 ἀλογωτέρα
1565 1111 1734 1167 προσ-

137 1186 417 1255 ῳκείωται
450 1185 633 1256 φύσει.
665 1186 777 1258 Τὴν
816 1185 873 1238 δὲ
917 1185 1094 1240 αἰτίαν
1120 1185 1220 1256 τῆς
1259 1185 1520 1258 τοιαύτης
1547 1187 1734 1240 ἐπιτε-

136 1277 390 1350 χνήσεως
427 1278 581 1350 μόνοι
611 1277 714 1350 μὲν
753 1276 818 1331 ἂν
845 1277 1037 1332 είδεῖεν
1071 1278 1122 1332 οἱ
1149 1277 1250 1348 τῆς
1283 1277 1544 1348 ἀληθείας
1568 1277 1734 1330 αὐτό-

137 1388 300 1438 πται,
323 1372 422 1426 καὶ
441 1372 712 1443 ὑπηρέται
737 1370 830 1425 τοῦ
860 1370 1042 1440 λόγου.
1085 1371 1280 1444 Ἡμεῖς
1307 1371 1385 1437 δὲ,
1411 1370 1594 1436 καθώς
1615 1374 1734 1426 ἐστι

137 1467 393 1530 δυνατὸν,
406 1465 496 1520 διὰ
519 1465 842 1537 στοχασμῶν
861 1483 1027 1520 τινων
1049 1466 1142 1519 καὶ
1158 1465 1382 1519 εἰκόνων
1403 1465 1736 1536 φαντασθέν-

135 1573 234 1622 τες
258 1557 362 1624 τὴν
381 1555 661 1628 ἀλήθειαν,
685 1555 744 1609 τὺ
773 1557 865 1610 ἐπὶ
894 1553 1018 1610 νοῦν
1040 1555 1196 1610 ἐλθὸν
1224 1557 1325 1610 οὐκ
1345 1557 1736 1628 ἀποφαντικῶς

136 1648 500 1718 ἐκτιθέμεθα,
531 1646 646 1701 ἀλλ’
673 1647 747 1712 ὡς
787 1649 844 1700 ἐν
873 1648 1182 1720 γυμνασίας
1217 1647 1348 1702 εῖδει
1378 1651 1490 1714 τοῖς
1532 1648 1738 1718 εὐγνώ-

142 1757 275 1811 μοσι
297 1739 415 1793 τῶν
441 1739 807 1812 ἀκροωμένων
836 1739 1240 1812 προσθήσομεν.
1265 1741 1332 1794 Τί
1356 1741 1536 1796 τοίνυν
1565 1743 1733 1808 ἐστὶν,

138 1833 171 1886 6
195 1833 333 1904 περὶ
362 1831 570 1886 τούτων
599 1831 988 1904 διενοήθημεν;
1015 1830 1200 1886 Εἰπὼν
1231 1835 1260 1887 ό
1295 1832 1452 1903 λόγος
1479 1835 1560 1888 ὅτι
1583 1834 1736 1888 ἐποίε-

137 1942 278 1996 ησεν
305 1927 335 1979 ό
362 1924 496 1988 Θεὸς
521 1923 612 1978 τὸν
632 1923 940 1995 ἄνθρωπον,
971 1922 1051 1994 τῷ
1073 1923 1309 1996 ἀορίστῳ
1333 1925 1432 1994 τῆς
1460 1925 1738 1998 σημασίας

142 2022 293 2076 Ξπαν
330 2017 668 2072 ἐνδείκνυται
694 2017 758 2070 τὸ
787 2014 1151 2089 ἀνθρώπινον.
1187 2017 1262 2070 Οὐ
1289 2017 1398 2088 γὰρ
1423 2017 1738 2088 συνωνομά-

143 2112 251 2184 σ’ὶη
273 2111 358 2182 τῷ
381 2110 641 2182 κτίσματι
679 2109 774 2164 νῦν
797 2112 826 2165 6
859 2109 1050 2180 Ἀδὰμ,
1086 2107 1272 2174 καθὼς
1307 2111 1366 2162 ὲν
1401 2111 1515 2172 τοῖς
1539 2094 1738 2180 ἐφεξῆς

140 2207 177 2278 ἦ
209 2205 430 2278 ἱστορία
466 2203 666 2274 φησίν·
709 2202 823 2258 ἀλλ’
850 2202 1023 2273 δνομα
1059 2200 1138 2274 τῷ
1169 2199 1445 2256 κτισθέντι
1465 2198 1738 2272 ἀνθρώπῳ

142 2297 246 2368 οὐχ
264 2299 294 2350 6
319 2296 428 2360 τὶς,
458 2294 575 2350 ἀλλ’
597 2293 625 2348 6
661 2293 891 2349 καθόλου
930 2292 1102 2348 ἐστίν.
1127 2288 1336 2346 Οὐκοῦν
1365 2294 1433 2364 τῇ
1475 2289 1736 2363 καθολικῇ

142 2391 246 2460 τῆς
287 2389 504 2460 φύσεως
535 2387 724 2459 κλήσει
759 2385 1016 2460 τοιοῦτόν,
1029 2401 1082 2438 τι
1125 2384 1375 2437 ὑπονοεῖν
1407 2382 1736 2456 ὲναγόμεθα,

144 2455 227 2536 ὅτι
375 2479 496 2553 θεία
537 2455 844 2551 προγνώσει
881 2495 941 2532 τε
981 2455 1076 2532 καὶ
1116 2475 1346 2547 δυνάμει
1387 2479 1537 2532 πᾶσα
1651 2479 1742 2532 άν-

147 2572 444 2646 θρωπότης
491 2575 550 2627 ἐν
593 2575 662 2645 τῇ
720 2569 915 2643 πρώτῃ
957 2573 1274 2644 κατασκευῇ
1330 2569 1736 2643 περιείληπται.

145 2667 269 2738 Χρὴ
295 2665 406 2738 γὰρ
445 2664 566 2736 Θεῷ
615 2659 781 2736 εἴηδὲν
823 2663 1076 2733 ἀόριστον
1099 2665 1158 2718 ὲν
1201 2667 1314 2728 τοῖς
1349 2662 1741 2734 γεγενημένοις

146 2761 280 2830 παρ’
317 2757 483 2812 αὑτοῦ
516 2756 760 2828 νομίζειν
781 2775 792 2786 ·
825 2757 940 2810 ἀλλ’
988 2757 1218 2812 ἑκάστου
1253 2757 1364 2810 τῶν
1402 2755 1572 2810 ὄντων
1601 2751 1740 2808 εἷναί

144 2867 200 2902 τι
251 2849 430 2921 πέρας
482 2848 578 2930 καὶ
629 2848 850 2920 μέτρον,
897 2850 964 2920 τῇ
1015 2847 1112 2902 τοῦ
1158 2848 1523 2920 πεποιηκότος
1575 2847 1742 2918 σοφίᾳ

145 2941 677 3016 περιμετρούμενον.
705 2941 914 3013 Ὥσπερ
940 2941 1120 2994 τοίνυν
1145 2943 1173 2994 6
1209 2941 1296 3005 τὶς
1336 2941 1622 3013 ἄνθρωπος
1663 2937 1741 3011 τῷ

147 3036 292 3089 κατὰ
326 3035 386 3088 τὸ
417 3035 578 3106 σῶμα
605 3033 756 3106 ποσῷ
797 3033 1189 3106 περιείργεται,
1223 3034 1316 3088 καὶ
1353 3033 1552 3105 μέτρον
1589 3031 1740 3103 αὐτῷ

1832 569 1958 610 cum
1985 569 2098 610 non
2145 553 2371 610 dubium
2427 554 2483 608 in
2529 555 2760 609 materia
2813 553 3060 624 subjecta
3117 552 3419 609 discrimen

1833 652 2018 702 esset:
2048 647 2131 702 sic
2163 646 2332 702 etiam
2363 645 2468 700 hac
2495 645 2549 700 in
2582 645 2982 716 disputatione,
3013 645 3061 698 si
3116 659 3214 716 pro
3271 645 3419 701 notis

1831 752 1896 794 ea
1916 753 2038 808 qua:
2071 738 2129 793 in
2155 745 2354 792 natura
2382 736 2570 792 divina
2597 745 2652 792 et
2674 737 2910 791 humana
2938 747 3086 802 sunt,
3126 736 3182 790 in
3213 735 3418 807 quibus

1833 829 2137 886 similitudo
2169 830 2445 895 consistit,
2473 829 2944 885 considerabimus
2971 849 2984 861 ·
3011 843 3137 886 esse
3163 842 3415 899 magnam

1832 923 1890 978 in
1941 922 2109 978 rebus
2167 921 2434 992 subjectis
2491 921 2866 978 diversitatem
2903 919 3416 992 deprehcmlemus,

1833 1029 1998 1085 quam
2061 1013 2355 1085 perspicue
2407 1013 2576 1068 estin
2633 1028 2700 1069 eo
2756 1013 3226 1076 animadvertere,
3271 1010 3419 1082 quod

1836 1111 2084 1160 creatum
2120 1111 2176 1159 et
2205 1104 2512 1160 increatum
2541 1103 2837 1174 plurimum
2864 1103 3012 1158 inter
3039 1117 3100 1156 se
3134 1100 3418 1161 dili‘erunt.

1839 1199 2208 1266 Quamobrem
2242 1213 2367 1254 cum
2395 1196 2543 1270 quod
2570 1197 2870 1261 increatum
2902 1206 3005 1260 est,
3037 1210 3254 1264 semper
3276 1193 3418 1250 idem

1837 1295 2110 1351 exsistat:
2148 1299 2394 1347 creatum
2431 1304 2564 1347 vero
2595 1305 2694 1360 per
2734 1285 3175 1344 vicissitudinem
3227 1300 3421 1357 qnam-

1835 1387 1960 1443 dam
1993 1401 2116 1442 esse
2141 1385 2394 1456 cmperit,
2421 1391 2476 1440 et
2505 1381 2798 1438 mutationi
2829 1395 3057 1452 prorsus
3091 1378 3248 1434 aliine
3305 1377 3418 1442 sit,

1834 1479 2044 1535 idcirco
2081 1479 2130 1536 is
2164 1479 2259 1550 qui
2317 1475 2626 1533 secundum
2674 1483 2853 1529 vatem
2892 1487 2982 1529 res
3046 1484 3238 1526 omnes
3295 1476 3423 1524 ante

1835 1573 2078 1644 ipsarum
2109 1577 2291 1627 ortum
2321 1569 2576 1640 cognitas
2626 1567 2810 1632 habet,
2845 1579 2971 1621 cum
3005 1579 3189 1620 rerum
3243 1561 3422 1618 ordini

1834 1665 2136 1732 insisteret,
2171 1663 2254 1718 vel
2288 1662 2470 1733 potius
2505 1659 2692 1716 divina
2735 1671 2836 1714 sua
2869 1653 3238 1728 prospiciendi
3275 1651 3425 1708 futu-

1837 1770 1928 1812 ros
1955 1761 2188 1811 eventus
2226 1751 2488 1807 facultate
2521 1748 2891 1822 praecepisset,
2925 1759 3088 1817 quam
3118 1743 3173 1798 in
3210 1749 3423 1813 partem

1839 1855 2022 1904 motus
2054 1845 2341 1902 electionis
2370 1845 2624 1898 humana:
2653 1856 2754 1913 pro
2777 1838 2992 1895 arbitrii
3017 1835 3426 1906 voluntatisque

1839 1958 1954 2000 sua:
2012 1941 2269 1996 libertate
2326 1938 2656 2013 inclinaret:
2717 1933 3012 2006 imaginem
3069 1939 3310 1987 creatam
3367 1929 3424 1982 in

1839 2034 2147 2092 masculum
2176 2040 2232 2088 et
2261 2029 2521 2086 feminam
2553 2028 2756 2083 divisit.
2791 2025 2919 2080 Haec
2957 2023 3158 2079 divisio
3202 2036 3312 2076 non
3355 2019 3423 2074 ad

1839 2126 1934 2183 Dei
1957 2127 2214 2197 princeps
2246 2123 2382 2178 illud
2417 2120 2725 2190 exemplum
2765 2117 2906 2172 facta
2953 2131 3075 2171 esse
3123 2113 3302 2197 putari
3328 2110 3428 2166 de-

1839 2195 1973 2282 bet;
1993 2215 2090 2273 sed
2149 2212 2609 2286 quemadmodum
2645 2217 2730 2265 est
2789 2207 3024 2264 antehac
3084 2195 3382 2285 indicatum
3409 2228 3464 2266 ,-

1841 2309 2222 2382 cognationem
2259 2307 2422 2362 habet
2469 2311 2828 2360 cum'natura
2881 2299 3113 2354 rationis
3175 2281 3422 2366 experte.

1840 2403 2077 2460 Causam
2117 2399 2337 2472 quidem
2378 2399 2544 2468 hujus
2567 2394 2920 2452 discretionis
2952 2408 3118 2450 sexus
3148 2389 3252 2445 soli
3283 2386 3429 2445 haud

1841 2494 2007 2551 dubie
2053 2493 2365 2562 intelligunt
2397 2489 2499 2554 illi,
2533 2487 2630 2556 qui
2687 2484 2936 2541 veritatis
2988 2479 3194 2536 oculati
3253 2485 3428 2533 testes

1842 2595 1992 2650 sunt,
2034 2593 2087 2640 et
2139 2573 2362 2638 harum'
2392 2595 2581 2636 rerum
2630 2577 2792 2633 nobis
2845 2574 3165 2630 memoriam
3229 2569 3432 2625 litteris

1842 2677 2112 2749 proditam
2139 2675 2506 2730 tradiderunt.
2540 2669 2652 2726 Nos
2705 2684 2837 2725 vero
2877 2682 2977 2738 pro
3030 2665 3176 2720 virili
3237 2671 3430 2718 nostra

1842 2787 1938 2844 per
1968 2769 2318 2838 conjecturas
2342 2773 2397 2820 et
2423 2764 2722 2819 simulacra
2749 2759 2997 2833 quaedam
3032 2757 3316 2812 veritatem
3351 2754 3434 2808 in-

1842 2843 2168 2924 iorntantes,
2201 2857 2347 2930 quod
2385 2857 2546 2912 nobis
2577 2853 2646 2909 ad
2679 2854 2920 2908 animum
2960 2849 3160 2904 accidit
3201 2843 3430 2916 exponi-

1842 2971 1988 3017 mus,
2022 2968 2135 3008 non
2178 2949 2314 3006 illud
2348 2949 2569 3020 quidem
2605 2954 2664 3000 ut
2697 2959 2886 3000 verum
2946 2949 3278 2998 asserentes,
3337 2932 3434 2989 sed

1844 3045 2200 3116 subjicientes
2239 3043 2295 3098 in
2345 3041 2576 3112 gratiam
2631 3035 2968 3099 auditorum,
3031 3029 3268 3096 benigne
3319 3025 3435 3078 lucc

149 3127 249 3196 τῆς
273 3126 630 3189 ὑποστάσεως
662 3128 696 3196 ἡ
733 3125 1032 3197 πηλικότης
1060 3125 1230 3188 ἐστὶν,
1275 3127 1309 3198 ἡ
1356 3125 1743 3197 συναπαρτιζο-

1847 3135 2005 3208 quasi
2037 3131 2284 3190 exercitii
2311 3145 2478 3186 causa
2507 3129 2563 3182 in
2589 3126 2828 3182 medimn
2869 3121 3032 3175 allata
3065 3117 3460 3186 interpretan-o

153 3219 291 3290 μένη
319 3220 390 3288 τῇ
416 3209 709 3288 ἐπιφανείᾳ
743 3213 838 3268 τοῦ
863 3213 1116 3286 σώματος
1140 3231 1154 3244 ⁸
1185 3214 1360 3278 οὕτως
1383 3211 1538 3286 οἶμαι
1572 3214 1744 3270 καθά-

150 3328 258 3383 περ
281 3312 342 3363 ὲν
362 3309 443 3362 ἑνὶ
469 3308 682 3379 σώματι
705 3307 824 3361 ὂλον
838 3307 1008 3378 τὸτῆς
1032 3309 1128 3362 ἀνθ
1138 3307 1448 3380 ρωπότητος
1471 3307 1746 3380 πλήρωμα

151 3406 218 3476 τῇ
257 3403 645 3475 προγνωστικῇ
679 3399 905 3472 δυνάμει
948 3401 1100 3473 παρὰ
1141 3400 1234 3454 τοῦ
1279 3399 1413 3454 Θεοῦ
1463 3400 1573 3455 τῶν
1608 3399 1746 3454 ὅλων

153 3493 571 3567 περισχεθῆναι,
607 3493 701 3546 καὶ
729 3493 888 3546 τοῦτο
933 3492 1205 3546 διδάσκειν
1237 3492 1330 3546 τὸν
1359 3493 1518 3562 λόγον
1549 3493 1641 3548 τὸν
1669 3494 1747 3546 εί-

154 3584 350 3645 πὸντα,
399 3583 482 3635 δτι
523 3579 616 3634 καὶ
645 3581 900 3652 ἐποίησεν
943 3581 972 3634 6
1004 3579 1136 3646 Θεὸς
1178 3581 1270 3634 τὸν
1304 3581 1613 3654 ἄνθρωπον,
1651 3583 1748 3636 καὶ

155 3678 278 3732 κατ’
314 3674 502 3728 εἰκόνα
538 3672 672 3727 Θεοῦ
711 3675 966 3750 ἐποίησεν
1006 3673 1188 3729 αὐτόν.
1222 3676 1296 3728 Ού
1337 3675 1448 3748 γὰρ
1485 3677 1544 3730 ὲν
1589 3673 1747 3746 μέρει

153 3768 257 3840 τῆς
297 3766 518 3837 φύσεως
561 3766 594 3836 ἡ
647 3765 831 3832 εἰκὼν,
881 3765 1003 3818 οὐδὲ
1048 3763 1106 3819 ἐν
1133 3782 1240 3820 τινι
1279 3765 1389 3819 τῶν
1429 3765 1552 3820 καθ’
1583 3766 1748 3820 αὑτὸν

156 3861 560 3934 θεωρουμένων
600 3861 634 3930 η
663 3859 856 3930 χάρις·
892 3857 1006 3912 ἀλλ’
1037 3861 1122 3928 ἐφ’
1159 3859 1304 3914 ἆπαν
1339 3859 1400 3912 τὸ
1441 3859 1598 3930 γένος
1625 3857 1748 3913 ἐπί-

155 3969 258 4025 σης
292 3955 329 4024 ἠ
370 3950 595 4022 τοιαύτη
631 3949 810 4022 διήκει
853 3949 1105 4021 δύναμις.
1146 3951 1378 4022 Σημεῖον
1409 3951 1484 4015 δὲ,
1520 3951 1602 4004 ὅτι
1647 3949 1751 4003 πᾶ-

153 4063 244 4101 σιν
301 4043 570 4106 ὡσαύτως
625 4045 654 4097 6
723 4042 846 4106 νοῦς
905 4042 1330 4115 ἐγκαθίδρυται·
1398 4045 1602 4108 πάντες
1654 4039 1748 4095 τοῦ

155 4136 494 4194 διανοεῖσθαι
530 4135 624 4190 καὶ
649 4133 1038 4207 προϐουλεύειν
1060 4134 1160 4206 τὴν
1179 4134 1408 4206 δύναμιν
1433 4134 1634 4205 ἔχουσι,
1657 4134 1753 4188 καὶ

153 4231 224 4285 τὰ
249 4228 388 4285 ἄλλα
419 4227 618 4292 πάντα,
645 4226 711 4280 δι’
731 4215 808 4278 ὧν
839 4228 872 4297 ἡ
906 4224 1027 4278 θεία
1047 4224 1209 4293 φύσις
1245 4225 1303 4276 ὲν
1323 4224 1400 4296 τῷ
1431 4225 1550 4278 κατ’
1581 4225 1752 4296 αὐτὴν

155 4321 412 4394 γεγονότι
442 4317 864 4383 άπεικονίζεται.
910 4316 1142 4389 Ὁμοίως
1173 4316 1284 4388 ἔχει
1317 4317 1344 4370 δ
1373 4334 1432 4370 τε
1465 4320 1530 4389 τῇ
1561 4317 1752 4389 πρώτῃ

155 4414 254 4468 τοῦ
314 4413 528 4484 κόσμου
576 4413 894 4482 κατασκευῇ
954 4409 1390 4482 συναναδειχθεὶς
1435 4410 1750 4482 ἄνθρωπος,

1852 3203 2013 3284 tium.
2076 3223 2220 3294 Quid
2247 3222 2416 3294 igitur
2453 3219 2520 3274 de
2565 3219 2650 3273 his
2693 3217 2748 3270 in
2783 3221 3019 3268 mentem
3053 3207 3213 3263 nobis
3236 3203 3436 3260 venit?

1852 3321 1957 3376 hoc
1983 3319 2266 3374 nimirum:
2291 3314 2427 3370 Cum
2453 3311 2678 3376 dicitur,
2700 3307 2868 3362 Deum
2895 3317 3116 3358 creasse
3136 3297 3431 3361 hominem,

1851 3429 1950 3486 per
1979 3409 2319 3467 indelinitam
2358 3403 2612 3460 vocabuli
2643 3399 2884 3457 hominis
2926 3394 3290 3456 notationem,
3333 3402 3436 3442 na-

1855 3485 2034 3562 turam
2064 3503 2357 3557 humanam
2387 3499 2700 3552 universam
2731 3489 2983 3559 intelligi.
3021 3485 3156 3540 Nam
3189 3488 3436 3536 creatum

1851 3600 1980 3664 hoc,
2017 3595 2166 3667 quod
2201 3593 2268 3648 ad
2296 3590 2390 3646 Dei
2427 3589 2630 3644 factum
2676 3583 2971 3654 imaginem
3029 3577 3286 3638 traditur,
3325 3588 3434 3626 nou

1853 3691 1945 3746 hic
1973 3663 2166 3742 Adami
2196 3699 2398 3739 nomen
2427 3680 2701 3748 adjectum
2727 3677 2907 3739 habet,
2935 3672 3078 3728 sicut
3111 3671 3166 3722 in
3197 3663 3439 3720 historiae

1854 3775 2268 3837 narrationibus
2325 3770 2721 3842 sequentibus:
2785 3761 2884 3820 sed
2945 3774 3145 3816 nomen
3195 3753 3436 3810 hominis

1855 3869 2028 3926 creati
2062 3863 2302 3921 universi
2345 3863 2584 3934 positum
2615 3865 2723 3923 est,
2770 3869 2883 3911 non
2918 3862 2975 3908 ut
3033 3851 3099 3907 de
3133 3847 3436 3903 individuo.

1857 3964 2068 4021 Idcirco
2096 3975 2192 4032 per
2225 3959 2368 4013 hanc
2391 3953 2630 4010 hominis
2656 3947 3099 4022 appellationem,
3129 3957 3237 4012 qua
3265 3947 3438 3994 totum

1859 4072 2032 4130 genus
2059 4055 2314 4109 universe
2346 4043 2856 4118 comprehenditur,
2884 4041 3004 4111 ejus
3042 4037 3440 4092 admonemur:

1859 4125 2005 4222 quod
2033 4143 2375 4218 providentia
2407 4145 2764 4210 potestasque
2798 4133 2895 4187 Dei
2931 4137 3102 4184 totam
3158 4125 3443 4180 hominum

1860 4212 2113 4294 naturam
2147 4234 2202 4288 in
2260 4231 2437 4303 prima
2472 4228 2562 4282 illa
2596 4225 2874 4280 creatione
2931 4219 3212 4288 complexa
3258 4216 3346 4271 sit.
3385 4212 3444 4267 in

1861 4331 2026 4386 rebus
2055 4327 2201 4382 enim
2234 4339 2263 4377 a
2299 4321 2412 4375 Deo
2465 4317 2627 4373 factis
2668 4317 2806 4370 nihil
2849 4329 2971 4368 esse
3005 4309 3302 4382 putandum
3338 4313 3444 4370 est,

1861 4415 2010 4490 quod
2041 4415 2112 4470 sit
2142 4412 2246 4484 ipsi
2273 4409 2544 4465 infinitum
2571 4425 2586 4461 :
2621 4420 2743 4460 cum
2771 4403 2956 4459 omnia
2979 4415 3102 4471 quae
3129 4399 3405 4454 exsistunt
3429 4436 3444 4460 ,

157 4508 256 4562 καὶ
288 4508 319 4560 6
349 4504 495 4559 tta/1:3;
523 4502 624 4575 τὴν
657 4501 753 4558 τσῦ
785 4503 982 4567 παντὸς
1013 4503 1325 4557 συντέλειαν
1359 4503 1743 4574 γενησόμενος,

1858 4489 2019 4568 linem
2063 4503 2355 4577 quemdam
2389 4511 2445 4556 et
2500 4512 2790 4555 numerum
2827 4495 3087 4557 habeant,
3144 4489 3447 4545 conditoris

155 4601 366 4670 ἐπίσης
409 4599 496 4667 ἐφ’
541 4597 751 4651 ἑαυτῶν
793 4597 1024 4669 φέρουσι
1063 4597 1164 4669 τὴν
1209 4597 1361 4652 θείαν
1405 4599 1606 4653 εἰκόνα.
1655 4597 1756 4652 Διὰ

155 4691 327 4745 τοῦτο
354 4684 440 4754 εἷς
473 4689 759 4762 ἄνθρωπος
785 4689 1188 4760 κατωνομάσθη
1215 4690 1277 4742 τὸ
1301 4691 1429 4752 πᾶν,
1465 4691 1546 4744 ὅτι
1569 4692 1636 4761 τῇ
1669 4691 1756 4744 δυο

73 4788 76 4790 ⁷
156 4787 329 4858 νὰμει
367 4783 466 4838 τοῦ
513 4783 650 4837 Θεοῦ
683 4782 809 4837 οὔτε
851 4801 905 4836 τι
959 4782 1327 4854 παρῴχηκεν,
1380 4783 1506 4837 οὔτε
1547 4784 1754 4856 μέλλει,

155 4881 304 4938 ἀλλὰ,
350 4879 447 4933 καὶ
489 4879 552 4932 τὸ
594 4876 1046 4949 προσδοκώμενον
1076 4876 1272 4948 ἐπίσης
1310 4877 1388 4948 τῷ
1422 4879 1651 4949 παρόντι
1691 4879 1756 4948 τῇ

161 4973 496 5045 περιεκτικῇ
563 4968 656 5022 τοῦ
725 4969 926 5034 παντὸς
993 4969 1248 5041 ἐνεργείᾳ
1318 4971 1756 5041 περικρατείται.

161 5064 328 5118 Πᾶσα
358 5060 541 5114 τοίνυν
569 5061 601 5131 ἡ
635 5057 796 5128 φύσις
825 5061 858 5131 ἡ
886 5059 994 5112 ἀπὸ
1043 5058 1151 5112 τῶν
1187 5057 1420 5130 πρώτων
1463 5059 1625 5132 μέχρι
1655 5059 1764 5112 τῶν

160 5155 418 5226 ἐσχάτων
451 5151 716 5223 διήκουσα
737 5193 750 5216 ,
795 5151 890 5222 μία
919 5169 1005 5215 τις
1045 5150 1140 5204 τοῦ
1182 5151 1334 5214 ὄντος
1363 5152 1513 5205 ἐστὶν
1562 5151 1726 5205 εἰκών
1749 5167 1762 5182 ’

161 5251 198 5321 ἡ
229 5247 291 5301 δὲ
324 5245 464 5316 7:96;
503 5243 567 5297 τὸ
593 5245 762 5316 ἄρρεν
809 5245 902 5298 καὶ
942 5243 1076 5314 θῆλυ
1109 5241 1203 5297 τοῦ
1245 5243 1436 5312 γένους
1527 5240 1762 5316 διαφορᾶ

166 5334 735 5411 πφσκατεσκευάσθη
778 5336 1086 5389 τελευταῖον
1102 5335 1181 5406 τῷ
1211 5335 1516 5405 πλάσματι,
1549 5335 1640 5390 διὰ
1663 5333 1763 5406 τὴν

167 5433 374 5497 αἰτίαν,
411 5429 488 5493 ὡς
521 5424 700 5499 οἶμαι,
733 5426 956 5500 ταύτην.

1859 4599 2132 4671 sapientia
2169 4593 2556 4650 constitutum.
2586 4586 3064 4660 Quemadmodum
3092 4585 3258 4652 igitur
3285 4582 3449 4635 homo

1861 4691 2154 4766 (intelligo
2188 4695 2370 4742 autem
2430 4681 2775 4738 individuum
2827 4674 3144 4748 quoddam)
3203 4675 3463 4751 corporis

1862 4781 2300 4856 magnitudinem
2326 4777 2535 4832 ﬁnitam
2560 4774 2741 4837 habet,
2776 4771 3254 4839 substantiatnque
3278 4768 3450 4836 ipsius

1861 4875 2174 4949 quantitate
2205 4871 2486 4933 metimur,
2520 4881 2644 4938 quae
2667 4865 2919 4935 corporis
2953 4861 3244 4934 superﬁcie
3273 4859 3450 4915 conti-

1862 4984 2022 5026 netur
2051 4987 2066 5024 :
2099 4969 2181 5024 sic
2215 4964 2458 5020 arbitror
2490 4961 2650 5016 initio
2681 4975 2864 5016 rerum
2891 4973 3000 5012 uno
3031 4970 3260 5026 corpore
3281 4960 3448 5008 totam

1863 5071 2117 5119 naturam
2167 5059 2468 5113 humanam
2513 5054 2682 5108 Deum
2722 5059 2991 5122 potestate
3019 5049 3140 5108 sua,
3173 5049 3280 5117 q'ua
3321 5058 3458 5098 cun-

1865 5165 1956 5210 cta
1992 5151 2272 5224 praevidet,
2303 5148 2648 5219 complexum
2685 5157 2828 5207 esse,
2875 5143 3040 5212 idque
3080 5140 3215 5194 adeo
3273 5133 3452 5189 verbis

1863 5243 2016 5300 hisce
2049 5240 2192 5297 tradi
2221 5259 2236 5296 :
2275 5258 2294 5290 ι
2333 5237 2488 5294 Fecit
2524 5237 2668 5292 Deus
2699 5236 3000 5297 hominem,
3025 5239 3077 5286 et
3104 5228 3169 5281 ad
3198 5226 3291 5280 Dci
3319 5226 3452 5277 ima-

1871 5337 2052 5408 ginem
2086 5348 2210 5390 eum
2249 5331 2396 5387 fecit.
2425 5350 2444 5382 ι
2479 5329 2598 5383 Non
2629 5329 2773 5383 enim
2807 5329 2984 5395 imago
3017 5336 3066 5376 et
3102 5319 3274 5390 gratia
3302 5315 3456 5371 beni-

1871 5429 1966 5502 gni
1999 5428 2092 5483 Dei
2124 5427 2208 5482 vel
2238 5427 2377 5496 parti
2443 5434 2672 5486 naturae,
2715 5423 2796 5477 vel
2833 5421 2924 5474 ttni
2961 5415 3126 5470 alicui
3188 5425 3456 5468 concessa

170 5536 255 5588 est
293 5523 506 5581 homini
541 5521 916 5593 peculiariter,
957 5519 1055 5577 sed
1099 5491 1335 5575 facultas
1390 5518 1480 5572 illa
1540 5518 1607 5573 ad
1639 5535 1813 5590 genus
1854 5521 2173 5576 universum
2225 5516 2510 5588 aequaliter
2541 5517 2822 5587 pertinuit.
2873 5509 3028 5576 Quod
3061 5509 3131 5560 ita
3163 5521 3306 5569 esse,
3353 5504 3458 5560 hoc

176 5619 343 5676 etiam
382 5622 717 5686 argumento
745 5619 850 5678 est,
909 5613 1055 5683 quod
1095 5629 1248 5668 mens
1282 5611 1585 5682 pariter'in
1624 5614 1885 5671 omnibus
1943 5613 2156 5668 habitat
2205 5627 2218 5665 :

2267 5624 2457 5664 omnes
2521 5605 2818 5679 cegitandi,
2857 5604 3037 5672 deque
3069 5599 3284 5654 ‘futnris
3321 5611 3457 5652 con-

173 5707 416 5768 sultandi
451 5704 740 5766 facultate,
779 5705 1108 5774 ueterisque
1169 5703 1335 5759 rebus
1363 5703 1643 5770 omnibus,
1679 5720 1776 5774 per
1809 5721 1949 5776 quas
1983 5720 2072 5760 res
2103 5701 2288 5758 divina
2322 5707 2522 5755 natura
2577 5700 2632 5754 in
2668 5695 2906 5768 imagine
2952 5708 3051 5749 sua
3108 5691 3458 5762 exprimitur,

170 5805 381 5884 νιπάὲιὶ
421 5808 578 5860 sunt.
613 5797 762 5854 Nihil
790 5799 1240 5886 interhominem
1273 5808 1515 5857 creatum
1548 5803 1603 5860 in
1645 5805 1821 5875 prima
1878 5817 2062 5861 rerum
2115 5799 2498 5878 fabricatione,
2553 5804 2608 5854 ct
2663 5809 2787 5852 emn
2823 5792 2916 5866 qui
2950 5793 3004 5848 in
3071 5799 3322 5848 extremo
3362 5799 3454 5840 uno
