3890 6350
402 378 407 381 1
492 287 588 344 187
1690 303 1750 360 S.
1779 305 2069 367 GREGORJ

2175 312 2434 370 IYSSENI
3639 323 3739 380 188

489 412 882 511 sceiufgncum
919 408 1032 480 iam
1094 412 1280 511 omnia
1317 427 1698 511 consummata
1751 436 1939 492 erunt,
1972 428 2222 487 interest.
2274 429 2497 501 Equali
2535 431 2681 488 enim
2737 432 2951 491 ratione
3009 433 3305 507 imaginem
3355 435 3448 493 Dei
3509 444 3747 511 uterque

491 508 687 602 (restat.
714 498 1009 602 Propterea
1068 507 1231 602 unius
1267 508 1509 567 hominis
1536 515 1757 573 nomine
1806 518 1926 590 ipsa
1969 525 2187 595 generis
2223 498 2553 582 universitas
2611 526 3008 597 comprehensa
3058 498 3196 595 fuit,
3229 528 3452 599 quando
3485 498 3745 602 potesttati

491 589 690 647 divina:
716 595 853 695 nihil
896 607 980 652 est
1015 600 1099 654 vel
1127 604 1480 695 praeteritum,
1514 608 1599 662 vel
1636 589 1901 669 futurum.
1933 589 2080 682 Quin
2130 626 2185 675 et
2232 632 2295 674 ea
2343 634 2466 689 quae
2523 589 2905 689 expectantur,
2963 634 3074 675 non
3118 589 3280 677 aliter
3316 589 3503 693 atque.
3535 623 3585 679 si
3631 624 3765 695 janr

494 687 781 753 Praesentia
819 683 1019 755 forent,
1074 708 1176 749 sua
1234 694 1288 749 in
1347 707 1644 767 potestate.
1706 720 1809 774 qua
1855 709 2108 765 universa
2161 683 2564 782 complectitur,
2595 683 2797 768 habet.
2848 683 2945 769 Est
2979 712 3148 785 igitur
3177 720 3292 769 tota
3336 683 3532 770 natura
3562 683 3746 771 ho'mi-

494 797 702 886 llum}
735 785 1045 886 P'i'Pi5_ad
1071 798 1350 886 ἐιιτθηιοε
1402 813 1599 869 "sque.
1642 817 1750 856 una
1801 806 2099 879 eademque
2154 812 2267 868 veri
2319 813 2410 869 Dei
2443 815 2642 884 imago.
2680 813 2858 871 Sexus
2902 825 3083 872 autem
3138 817 3368 873 masculi
3412 816 3749 886 femineique

492 962 615 1021 fuit.

1060 1109 1292 1169 CAPUT
1334 1115 1498 1172 XVII.

494 1216 647 1301 Quid
660 1221 1080 1301 respondendum
1114 1225 1516 1301 dubitantibus,
1581 1233 1840 1301 quomodo
1898 1236 2066 1292 animi

564 1290 1002 1371 oriturifuisgent
1032 1294 1340 1371 sihomines
1387 1299 1471 1353 illi
1499 1290 1773 1371 principes
1812 1305 1963 1360 nulla
2013 1290 2069 1362 se

563 1362 766 1443 peccati
825 1362 1345 1443 (obepolluiuent:
1398 1362 1610 1439 quando
1663 1362 1897 1442 primum
1952 1386 2070 1443 post

563 1429 715 1511 lianc.
733 1429 1146 1511 inquinatiouem
1170 1506 1179 1511 _
1201 1429 1421 1507 cperant
1465 1429 1820 1511 procreittioni
1866 1429 2067 1503 οοὸόίίε

568 1498 829 1555 hominem
865 1502 1071 1559 dedisse
1097 1498 1347 1563 videmus.

567 1587 727 1646 Prius
757 1608 884 1648 vero
911 1610 1072 1664 quant
1106 1595 1160 1650 id
1216 1608 1641 1668 perscrutemur,
1679 1601 1822 1661 forte
1865 1606 2071 1662 rectius

498 1676 812 1745 fecerimus,
845 1683 890 1739 si
920 1685 1197 1754 quiddam,
1232 1690 1377 1759 quod
1412 1692 1480 1747 ab
1511 1693 1838 1751 adversariis
1877 1696 2072 1766 objici-

499 1776 610 1835 tnr,
642 1772 993 1842 explicemus.
1023 1777 1189 1834 Aiunt
1215 1782 1379 1847 enim,
1412 1794 1537 1840 ante
1564 1794 1841 1856 peccatum
1866 1789 2069 1843 nullam

497 1876 677 1933 neque
701 1868 1121 1936 procreationis,
1165 1889 1340 1945 neque
1368 1880 1744 1950 parturiginis,
1775 1895 1839 1937 ac
1870 1898 1937 1937 ne
1970 1898 2069 1953 ap-

495 1957 701 2025 petitus
731 1960 957 2029 quidem
982 1964 1039 2019 in
1068 1964 1289 2024 homine
1308 1970 1374 2023 ad
1407 1972 1804 2039 procreandum
1836 1975 2070 2031 mentio-

496 2062 623 2103 nem
655 2048 791 2105 fieri.
821 2049 1119 2125 Postquam
1160 2066 1340 2114 autem
1376 2060 1624 2119 homines
1666 2064 1823 2133 primi
1854 2080 2072 2136 peccas-

448 2202 453 2207 η
495 2147 640 2206 sent,
670 2141 846 2213 deque
874 2147 1128 2215 paradiso
1151 2150 1312 2221 ejecti
1337 2161 1541 2222 essent,
1570 2170 1633 2209 ac
1665 2154 1879 2212 femina:
1906 2173 2070 2230 poma

494 2231 746 2288 dolorum
777 2236 833 2290 in
864 2246 1023 2307 partu
1057 2250 1205 2297 esset
1245 2242 1522 2314 imposita,
1586 2254 1702 2301 tum
1738 2250 1948 2305 scilicet
2003 2250 2070 2307 ad

496 2324 549 2378 id
572 2340 925 2396 progressum
953 2345 1074 2388 esse
1104 2333 1397 2400 Adamum,
1423 2344 1483 2391 ut
1512 2341 1907 2397 consuetudine
1939 2358 2071 2398 con-

2134 1440 2135 1443 η
2237 1390 2366 1442 Ψυχ

493 872 789 981 discrimen
836 878 892 933 in
956 881 1176 939 homine
1224 885 1339 956 jam
1397 900 1585 948 creato
1612 894 1681 950 de
1707 912 1894 967 causa,
1931 872 2139 974 ut'ego
2192 905 2413 975 quidem
2445 872 2736 973 exisiimo,
2801 906 3415 981 hujusmodiquadam
3468 872 3748 980 adjectum

2680 1119 3075 1176 ΚΕΦΑΛΛΙΟΝ
3117 1124 3216 1178 ΙΖ’.

2174 1234 2237 1289 Τί
2258 1232 2375 1302 χρὴ
2405 1235 2608 1303 λέγειν
2640 1233 2784 1301 πρὸς
2812 1233 2962 1298 τοὺς
2991 1233 3451 1303 ἐπαποροῦντας
3469 1275 3484 1295 .
3517 1238 3570 1291 ει
3594 1237 3749 1306 μετὰ
3778 1281 3788 1288 .

2254 1305 2365 1361 τὴν
2378 1302 2673 1361 ἁμαρτίαν
2696 1304 2734 1361 ’ἡ
2765 1302 3127 1361 παιδοποιΐα.
3151 1303 3278 1361 πῶς
3289 1304 3367 1359 ἂν
3386 1305 3672 1361 ἐγένοντο
3687 1310 3748 1361 αι

2254 1304 2673 1425 τὴνέίιαρτίαν
2696 1304 2734 1369 ἡ
2765 1304 3127 1367 παιδοποιΐα,
3151 1304 3278 1370 πῶς
3289 1304 3367 1359 ἂν
3386 1304 3672 1375 ἐγένοντο
3683 1310 3745 1388 gi

2239 1372 2963 1498 ﬁdrapdptnmt
3003 1373 3309 1443 διέμειναν
3346 1377 3402 1430 οἱ
3450 1376 3522 1442 ἐξ
3545 1378 3745 1448 ἀρχης

2282 1458 2558 1511 raporum.

2238 1601 2455 1657 Μᾶλλον
2476 1599 2555 1661 δὲ.
2573 1600 2702 1672 πρὶν
2719 1598 2780 1652 τὺ
2801 1598 3157 1671 προκείμενον
3175 1599 3542 1672 διερευνῆσαι,
3572 1604 3752 1673 κρεῖτ-

2168 1709 2261 1747 τον
2303 1692 2432 1755 ἴσως
2473 1690 2564 1743 τοῦ
2600 1690 3009 1763 προφερομένου
3059 1692 3214 1762 παρά
3256 1692 3367 1747 τῶν
3416 1695 3749 1765 μαχομένων

2169 1785 2300 1855 ἡμῖν
2341 1781 2671 1854 ἐπιζητῆσαι
2716 1782 2815 1854 τὴν
2848 1782 3022 1838 λύσιν.
3071 1783 3305 1853 Λέγουσι
3339 1784 3450 1855 γὰρ
3490 1784 3601 1856 πρὸ
3649 1786 3749 1857 τῆς

2168 1876 2446 1947 ἁμαρτίας
2478 1875 2615 1946 μήτε
2647 1874 2807 1928 τόκον
2840 1875 3193 1947 ἱστορεῖσθαι,
3223 1876 3362 1947 μήτε
3387 1875 3576 1942 ὠδῖνα,
3607 1878 3746 1950 μήτε

2168 1968 2268 2039 τὴν
2296 1967 2433 2042 πρὸς
2482 1966 2823 2021 παιδοποιΐαν
2861 1969 3037 2040 ὁρμήν
3061 1986 3075 1999 ·
3106 1970 3536 2025 ἀποικισθέντων
3565 1970 3624 2024 δέ
3651 1966 3744 2025 τοῦ

2168 2060 2498 2131 παραδείσου
2528 2060 2666 2130 μετά
2689 2060 2787 2132 τὴν
2814 2060 3109 2132 ἁμαρτίαν,
3138 2062 3233 2116 καὶ
3264 2063 3364 2133 τῆς
3391 2062 3655 2132 γυναικὸς
3680 2067 3746 2135 τῇ

2167 2152 2408 2225 τιμωρία
2442 2151 2552 2205 τῶν
2589 2150 2796 2207 ὠδίνων
2847 2152 3308 2225 κατακριθείσης,
3349 2152 3526 2219 οὕτως
3574 2155 3748 2210 ἐλθεῖν

2167 2244 2260 2299 τὸν
2286 2243 2478 2315 ι’Δδάμ
2502 2245 2582 2306 είς
2606 2242 2669 2297 τὸ
2689 2242 2891 2312 γνῶναι
2920 2244 3178 2316 γαμικῶς
3203 2246 3302 2318 τὴν
3329 2246 3624 2317 ὁμόζυγον,
3655 2247 3749 2301 καὶ

2167 2337 2292 2390 τότε
2337 2336 2437 2407 τῆς
2477 2335 2800 2399 παιδοποϊας
2838 2336 2939 2405 τὴν
2988 2336 3164 2409 ἀρχὴν
3211 2337 3487 2406 γενέσθαι.
3543 2338 3609 2393 Ei
3655 2335 3748 2394 οὖν

493 2417 641 2488 iugis
679 2418 749 2473 ad
806 2426 1237 2490 procreationem
1296 2428 1373 2481 uti
1410 2429 1693 2500 inciperet.
1757 2432 1814 2487 Si
1882 2436 2065 2507 igitur,

2175 2428 2346 2499 γάμος
2374 2427 2433 2482 ἐν
2456 2426 2535 2498 τῷ
2566 2427 3010 2499 παραδείσῳόύκ
3036 2424 3126 2499 ἦν,
3161 2427 3283 2482 οὔτε
3311 2429 3459 2496 ὠδὶς,
3501 2429 3629 2484 οὔτε
3660 2431 3748 2485 τό-

497 2510 772 2581 inquiunt,
801 2528 979 2584 neque
1006 2514 1074 2570 ad
1104 2518 1345 2591 nuptias,
1379 2535 1558 2590 neque
1608 2526 2065 2593 procreationem,

495 2603 917 2675 neque‘partum
950 2607 1006 2662 in
1034 2609 1292 2678 paradiso
1317 2619 1641 2682 perventum
1678 2624 1784 2683 est,
1815 2632 2071 2675 necessa-

493 2692 638 2746 rium
669 2702 750 2749 est
783 2694 889 2751 hoc
919 2712 1141 2769 quoque
1165 2709 1453 2770 sequatur,
1485 2704 1791 2760 animorum
1829 2708 2073 2764 multitu-

492 2784 675 2842 dinem
706 2788 925 2847 nullam
966 2789 1139 2847 fuisse
1196 2792 1472 2863 futuram,
1526 2799 1634 2853 nisi
1674 2799 1874 2854 donum
1936 2800 2070 2857 illud

493 2878 925 2935 immortalitatis
958 2881 1013 2934 in
1046 2884 1434 2942 mortalitatem
1467 2897 1862 2945 commutatum
1900 2902 2066 2960 esset,

495 2984 559 3024 ac
588 2985 688 3039 per
724 2972 1044 3042 conjugium
1077 2977 1314 3031 excitata
1346 2980 1639 3048 posteritas
1664 2996 1764 3051 pro
1789 2982 2074 3053 migranti-

447 3109 459 3121 .
494 3061 603 3116 bus
637 3063 705 3119 de
736 3063 842 3119 hac
868 3064 981 3119 vita
1004 3067 1358 3124 substitueret
1410 3070 1568 3137 alios,
1621 3081 1675 3127 et
1699 3074 1801 3128 hac
1859 3077 2073 3133 ratione

497 3162 749 3211 naturam
799 3167 1173 3215 conservaret.
1207 3160 1465 3232 Adeoque
1496 3172 1778 3235 peccatum
1832 3169 2071 3237 quodam

498 3247 660 3304 modo
700 3248 985 3304 hominum
1011 3251 1132 3306 vita:
1156 3252 1319 3306 etiam
1355 3253 1497 3308 bono
1535 3269 1661 3310 esse
1687 3255 1857 3311 videri
1888 3273 2069 3328 posse.

495 3337 632 3393 Nam
668 3355 842 3411 genus
882 3340 1184 3397 humanum
1248 3358 1415 3413 supra
1473 3344 1705 3399 duorum
1760 3362 2070 3413 numerum,

495 3433 591 3501 qui
625 3432 788 3503 primi
817 3435 1102 3502 exstitere,
1129 3442 1352 3491 auctum
1380 3452 1489 3491 non
1522 3436 1716 3493 fuisset
1741 3457 1753 3491 :
1792 3439 1900 3494 nisi
1929 3454 2075 3493 mor-

497 3526 570 3582 tis
625 3532 806 3583 metus
860 3534 1137 3592 naturam,
1203 3534 1264 3582 ut
1302 3528 1370 3583 de
1424 3530 1776 3586 successione
1814 3539 2073 3601 perpetua

496 3620 797 3691 Cogitaret,
855 3621 1238 3691 permovisset.
1299 3619 1565 3691 Equidem
1625 3621 1728 3678 hac
1799 3622 1961 3677 etiam
2016 3621 2072 3678 in

483 3723 653 3789 (parte
681 3721 871 3770 statuo
901 3713 1211 3781 veritatem,
1243 3729 1584 3785 quaecunque
1618 3714 1839 3795 tandem
1871 3715 1964 3782 sit,
2004 3716 2073 3772 iis

2172 2538 2291 2586 κος,
2317 2519 2565 2591 ἀνάγκην
2599 2515 2740 2575 εἷναί
2768 2536 2931 2588 φασιν
2966 2521 3031 2573 ἐκ
3064 2520 3159 2573 τοῦ
3202 2520 3500 2575 ἀκολούθου
3535 2523 3748 2591 λογίξε·

2174 2612 2318 2676 σθαι,
2362 2611 2439 2684 μὴ
2466 2611 2533 2665 ἂν
2563 2612 2621 2664 ἐν
2649 2610 2846 2682 πλήθει
2872 2611 3129 2680 γενέσθαι
3167 2612 3265 2675 τὰς
3297 2612 3405 2666 τῶν
3444 2613 3749 2685 ἀνθρώπων

2170 2702 2367 2773 ψυχὰς,
2396 2703 2445 2756 εί
2477 2700 2552 2774 μὴ
2581 2699 2717 2773 πρὸς
2745 2701 2807 2753 τὸ
2838 2699 3030 2772 θνητὸν
3059 2704 3092 2772 ὴ
3130 2703 3231 2773 τῆς
3258 2702 3563 2767 ἀθανασίας
3594 2705 3751 2777 χάρις

2176 2796 2442 2868 μετέπεσε
2462 2834 2477 2858 ,
2506 2795 2599 2847 καὶ⁸
2630 2796 2658 2847 ό
2696 2793 2873 2864 γάμος
2901 2793 2988 2847 διὰ
3025 2794 3133 2849 τῶν
3162 2797 3560 2866 ἐπιγινομένων
3596 2813 3752 2850 συνε-

2172 2890 2329 2959 τήρει
2348 2884 2447 2957 τὴν
2479 2885 2662 2956 φύσιν,
2690 2885 2812 2938 ἀντὶ¹
2836 2884 2945 2938 τῶν
2976 2884 3304 2948 ύπεξιόντων
3336 2886 3463 2950 τοὺς
3484 2886 3545 2951 ἐξ
3570 2887 3752 2940 αὐτῶν

2172 2977 2530 3047 ἀντεισάγων,
2549 2977 2688 3030 ὥστε
2703 2976 3051 3046 λυσιτελῆσαι
3076 2977 3274 3048 ⁸ορόπον
3285 2977 3427 3045 τινὰ,
3448 2978 3547 3047 τὴν
3571 2979 3755 3052 ἀμαρ-

2172 3070 2294 3124 τίαν
2319 3068 2738 3123 ἐπεισελθοῦσαν
2768 3070 2834 3139 τῇ
2872 3066 2985 3138 ζωῇ
3014 3067 3122 3121 τῶν
3160 3068 3486 3140 ἀνθρώπων.
3525 3070 3755 3140 Ἔμεινε

2173 3162 2284 3235 γὰρ
2313 3162 2380 3218 ἂν
2416 3165 2474 3216 ἐν
2502 3165 2568 3234 τῇ
2598 3162 2708 3216 τῶν
2737 3162 3176 3234 πρωτοπλάστων
3203 3161 3354 3216 δυάδι
3387 3161 3448 3215 τὸ
3471 3162 3754 3233 ἀνθρώπι-

2172 3272 2263 3310 νον
2287 3255 2464 3324 γένος,
2498 3252 2574 3325 μὴ
2596 3252 2691 3307 τοῦ
2721 3254 2863 3308 κατά
2884 3253 2975 3308 τὸν
3004 3254 3233 3308 θάνατον
3268 3251 3434 3321 φόϐου
3469 3252 3612 3320 πρὸς
3638 3252 3756 3307 δια-

2173 3345 2335 3416 δοχὴν
2384 3346 2482 3416 τὴν
2522 3346 2683 3415 φύσιν
2742 3347 3190 3417 ἀνακινήσανιος.
3251 3345 3390 3397 Ἀλλ’
3425 3347 3483 3398 ἐν
3533 3344 3753 3411 τούτοις

2174 3435 2335 3490 πάλιν
2362 3437 2391 3489 ό
2424 3436 2530 3508 μὴν
2566 3435 2771 3507 ἀληθὴς
2802 3435 2978 3506 λόγος,
3009 3438 3157 3500 ὅστις
3187 3436 3317 3489 ποτέ
3345 3434 3420 3489 ὢν
3452 3437 3752 3507 τυγχάνει,

2177 3528 2360 3599 μόνοις
2387 3528 2453 3583 ἂν
2479 3528 2567 3599 εἴη
2592 3528 2750 3600 δῆλος
2777 3531 2887 3592 τοῖς
2916 3528 3057 3582 κατὰ
3082 3528 3291 3582 Παῦλον
3323 3529 3395 3582 τὰ
3429 3529 3522 3582 τοῦ
3572 3547 3756 3601 παρα-

2172 3618 2349 3672 δείσου
2379 3617 2665 3689 μυηθεῖσιν
2690 3617 2999 3689 ἀπόρρητα.
3049 3619 3106 3671 Ὀ
3135 3618 3191 3671 δὲ
3222 3618 3487 3688 ἡμέτερος
3513 3618 3755 3683 τοιοῦτός

2175 3712 2347 3764 ἐστιν’
2377 3709 2790 3778 Ἀντιλεγόντων
2818 3711 2947 3764 ποτέ
2966 3709 3074 3763 τῶν
3105 3709 3478 3763 Σαδδουκαίων
3506 3709 3585 3780 τῷ
3612 3710 3754 3764 κατά

495 3804 630 3860 solis
675 3812 863 3858 notam
919 3813 973 3860 et
1022 3813 1361 3874 perspectam
1407 3820 1562 3870 esse,
1604 3805 1698 3875 qui
1759 3821 1867 3862 non
1915 3807 2069 3862 aliter

2175 3802 2274 3873 τὴν
2319 3802 2615 3856 ἀνάστασιν
2669 3801 2844 3873 λόγῳ,
2892 3803 2987 3855 καὶ
3032 3800 3130 3873 τὴν
3178 3801 3495 3872 πολύγαμον
3535 3802 3755 3875 ἐκείνην

495 3902 661 3965 atque
692 3893 898 3949 Paulus
928 3895 1168 3964 paradisi
1202 3895 1479 3965 mysteriis
1509 3896 1706 3951 initiati
1753 3904 1903 3963 sunt,
1951 3913 2074 3968 quae

495 3986 809 4040 cnarrando
848 3984 933 4040 fas
966 4000 1077 4045 non
1107 3993 1190 4041 est
1215 3987 1544 4055 exprimere.
1566 3985 1763 4042 Nostra
1793 4003 1925 4043 sane
1958 3990 2072 4044 haec

496 4087 583 4137 est
616 4079 925 4148 responsio:
958 4079 1099 4135 Cum
1128 4077 1414 4135 Sadducazi
1437 4080 1701 4136 doctrina:
1727 4082 1795 4136 de
1826 4091 2074 4137 mortuo-

498 4186 622 4226 rum
658 4169 1080 4228 resuscitatione
1108 4172 1553 4236 adversarentur,
1602 4180 1656 4226 et
1689 4182 1873 4242 nuptae
1928 4174 2072 4230 illius

497 4278 625 4318 cum
688 4261 900 4326 multis,
955 4259 1205 4331 adeoque
1269 4271 1474 4331 septem
1526 4260 1789 4318 fratribus
1831 4264 2073 4321 mulieris

499 4353 831 4409 mentionem
858 4351 931 4407 ad
964 4352 1369 4407 conciliandam
1432 4351 1590 4408 fidem
1622 4353 1927 4424 disciplinae
1960 4369 2074 4409 suae

497 4445 763 4509 facerent,
792 4451 849 4499 et
875 4430 1064 4515 ecquis
1095 4444 1288 4497 horum
1315 4458 1436 4498 eam
1484 4458 1514 4497 a
1547 4445 1948 4500 resurrectione
1977 4444 2074 4500 ha-

490 4534 717 4592 ‘biturus
746 4545 891 4591 esset
930 4541 1261 4606 quaererent,
1300 4535 1374 4588 ita
1431 4533 1725 4603 respondet
1788 4532 2068 4599 Dominus,

500 4640 560 4685 ut
591 4636 645 4685 et
671 4628 796 4682 illos
828 4627 1078 4696 castiget,
1109 4640 1172 4680 ac
1209 4626 1354 4688 vitae,
1386 4639 1552 4694 quam
1588 4625 1642 4678 in
1670 4625 2074 4681 resurrectione

497 4703 831 4790 apisccmur,
862 4718 1183 4790 mysterium
1212 4716 1527 4773 hominibus
1564 4717 1823 4787 deinceps
1860 4718 2074 4773 univer-

498 4815 577 4869 sis
627 4812 902 4882 cxplanet.
948 4829 966 4863 ι
1009 4811 1069 4865 ln
1122 4810 1544 4876 resurrectione,
1583 4827 1601 4860 ι
1669 4809 1765 4873 ait,
1827 4828 1847 4861 ι
1895 4825 2073 4880 neque

497 4903 719 4973 nuptias
736 4902 1081 4966 eontrahent,
1102 4916 1277 4971 neque
1293 4900 1359 4954 ad
1383 4907 1616 4971 nuptum
1638 4898 1922 4953 tradentur
1941 4900 2019 4955 ‘°:
2048 4919 2066 4951 ι

495 4997 699 5067 quippe
733 5009 857 5050 cum
883 4995 1117 5065 amplius
1150 4994 1288 5048 mori
1315 4999 1610 5063 nequeant.
1646 4990 1786 5046 Sunt
1809 4993 1954 5047 enim
1986 5008 2075 5063 pa-

494 5105 587 5145 res
625 5085 860 5157 angelis,
887 5093 940 5143 et
975 5085 1069 5141 Dei
1102 5084 1220 5152 filii,
1269 5085 1359 5140 ubi
1383 5084 1496 5153 jam
1552 5085 1971 5139 resurrexerint.
2004 5085 2073 5137 At

2174 3895 2423 3958 γυναῖκα,
2452 3894 2550 3965 τὴν
2577 3896 2688 3957 τοῖς
2721 3892 2859 3946 ἐπτά
2897 3892 3195 3964 γενομένην
3226 3892 3497 3965 ἀδελφοῖς,
3540 3895 3624 3958 είς
3654 3892 3742 3948 σύσ

2177 4000 2365 4038 στασιν
2387 3984 2479 4038 τοῦ
2510 3983 2629 4037 καθ’
2656 3985 2883 4047 ἑαυτοὺς
2907 3984 3175 4054 δόγματος
3203 3984 3609 4056 προφερόντων,
3634 3980 3753 4040 εἶτα

2171 4075 2317 4139 τίνος
2353 4075 2493 4146 μετά
2519 4075 2618 4148 τὴν
2646 4076 2942 4130 ἀνάστασιν
2965 4074 3117 4129 ἔσται
3149 4073 3589 4145 πυνθανομένων,
3617 4077 3755 4130 ἀπο-

2174 4167 2419 4237 κρίνεται
2474 4167 2612 4237 πρὸς
2655 4168 2745 4221 τὸν
2777 4167 2933 4236 λόγον
2978 4167 3007 4219 ό
3050 4165 3284 4238 Κύριος,
3315 4167 3375 4220 ού
3413 4167 3572 4238 μόνον
3627 4169 3756 4233 τοὺς

2174 4258 2567 4323 Σαδδουκαίους
2606 4257 2892 4325 παιδεύων,
2945 4258 3082 4312 ἀλλά
3122 4258 3218 4312 καὶ
3265 4259 3402 4311 πᾶσι
3448 4261 3562 4323 τοῖς
3614 4259 3755 4331 μετά

2171 4349 2345 4404 ταῦτα
2373 4351 2473 4420 τῆς
2500 4352 2558 4403 ἐν
2586 4353 2652 4422 τῇ
2684 4351 2975 4405 ἀναστάσει
3003 4350 3147 4420 ζωῆς
3176 4349 3428 4423 φανερῶν
3455 4351 3516 4404 τὸ
3549 4355 3759 4425 μυστή-
3828 4411 3839 4421 ε

2175 4459 2309 4514 ριον.
2344 4458 2363 4491 ι
2387 4443 2476 4498 Ἐν
2497 4441 2608 4513 γὰρ
2624 4446 2689 4514 τῇ
2723 4444 3038 4509 ἀναστάσει,
3081 4443 3268 4526 φησιν,
3301 4443 3425 4496 οὔτε
3457 4445 3753 4513 γαμοῦσιν,

2173 4532 2296 4586 οὔτε
2329 4533 2898 4604 γαμίσκοντωποῦτε
2958 4534 3069 4606 γὰρ
3107 4534 3400 4589 ἀποθανεῖν
3446 4535 3526 4588 ἐτι
3563 4535 3759 4592 δύναν-

2172 4642 2297 4678 ται·
2355 4624 2635 4694 ἰσάγγελοι
2678 4624 2788 4697 γάρ
2839 4626 2967 4688 εἱσι,
3004 4625 3099 4680 καὶ
3146 4626 3251 4680 υἱοὶ
3289 4625 3425 4681 Θεοῦ
3481 4627 3629 4692 είσι,
3657 4630 3759 4700 τῆς

2172 4713 2520 4778 ἀναστάσεως
2544 4713 2651 4768 υἱοὶ
2681 4714 2854 4779 ὄντες,
2902 4714 2965 4769 Ἦ
2996 4715 3053 4769 δὲ
3084 4716 3184 4787 τῆς
3216 4716 3568 4781 ἀναστάσεως
3592 4718 3758 4790 χάρις

2174 4803 2326 4856 οὐδὲν
2347 4803 2533 4873 ἕτερον
2557 4804 2689 4875 ἡμῖν
2715 4804 3133 4873 ἐπαγγέλλεται,
3154 4805 3187 4876 ἢ
3218 4806 3315 4877 τὴν
3338 4806 3418 4870 εἰς
3444 4806 3504 4860 τὸ
3527 4808 3759 4878 ἀρχαῖον

2171 4893 2280 4948 τῶν
2308 4895 2675 4950 πεπτωκότων
2700 4896 3164 4951 ἀποκατάστασιν.
3210 4897 3499 4960 Ἐπάνοδος
3523 4901 3638 4969 γάρ
3671 4901 3758 4965 τίς

2173 4985 2319 5039 ἐστιν
2347 4987 2439 5038 ἐπὶ
2460 4987 2560 5058 τὴν
2594 4985 2817 5058 πρώτην
2858 4987 3003 5059 ζωὴν
3032 4990 3066 5059 ἡ
3100 4989 3526 5061 προσδοκωμένη
3553 4991 3755 5062 χάρις,

2171 5080 2265 5133 τὸν
2311 5079 2687 5149 ἀποϐληθέντα
2736 5078 2833 5133 τοῦ
2882 5079 3212 5153 παραδείσου
3256 5080 3417 5134 πάλιν
3461 5082 3542 5144 είς
3589 5082 3759 5135 αὑτὸν

490 5193 625 5235 vero
660 5153 1084 5232 resurrectionis
1135 5175 1340 5230 donum
1377 5175 1513 5229 nihil
1541 5173 1687 5228 aliud
1719 5174 1879 5228 nobis
1915 5173 2069 5243 polli-

2178 5171 2548 5240 ἐπανάγουσα.
2584 5172 2649 5226 Ei
2680 5172 2860 5226 τοίνυν
2883 5175 2917 5244 ἡ
2951 5171 3062 5225 τῶν
3091 5171 3618 5243 ἀποκαθισταμένων
3641 5172 3756 5259 ςωὴ

490 5280 669 5335 cetur,
697 5282 862 5340 quam
890 5269 1170 5339 lapsorum
1210 5268 1265 5323 in
1320 5268 1593 5336 integrum
1638 5265 2069 5321 restitutionem.

492 5359 630 5415 Nam
658 5374 721 5416 ca
754 5359 950 5430 gratia,
982 5374 1145 5428 quam
1176 5365 1585 5427 exspectamus,
1616 5354 1824 5410 reditus
1853 5355 1956 5408 erit
2003 5352 2069 5407 ad

494 5451 661 5505 vitam
691 5451 944 5520 primam,
983 5465 1092 5521 qua
1150 5451 1315 5502 homo
1343 5449 1411 5502 de
1458 5447 1714 5516 paradiso
1751 5446 1962 5515 ejectus
2014 5444 2069 5499 in

492 5538 748 5592 eumdem
773 5538 1085 5595 reducetur.
1114 5537 1483 5605 Quamobrem
1547 5540 1594 5595 si
1628 5537 1736 5594 vita
1783 5538 2068 5594 restituto-

567 5720 610 5749 ⁶⁰
654 5719 842 5774 Matth.
893 5735 1021 5787 xm,
1066 5721 1164 5789 50;
1220 5719 1385 5774 Marc.
1422 5736 1518 5790 xu,
1549 5718 1653 5791 273;
1679 5716 1813 5775 Luc.
1847 5735 1900 5786 κ,
1935 5719 2027 5775 53.

2178 5263 2315 5334 πρὸς
2348 5263 2447 5335 τὴν
2472 5262 2581 5317 τῶν
2624 5263 2871 5333 ἀγγέλων
2903 5262 3118 5328 οἰκείως
3143 5262 3256 5335 ἔχει
3275 5305 3290 5330 ,
3323 5262 3567 5335 δηλονότι
3595 5266 3626 5318 ό
3653 5265 3757 5336 πρὸ

2174 5354 2276 5427 τῆς
2306 5357 2670 5428 παραϐάσεως
2716 5357 2829 5427 βίος
2877 5357 3171 5427 ἀγγελικὸς
3200 5375 3284 5422 τις
3312 5353 3413 5429 ἦν’
3458 5357 3541 5411 διδ
3586 5359 3683 5413 καὶ
3722 5360 3753 5427 ἡ

2178 5448 2315 5518 πρὸς
2342 5446 2402 5500 τὸ
2423 5448 2647 5519 ἀρχαῖον
2676 5448 2776 5518 τῆς
2806 5445 2951 5519 ζωῆς
2974 5446 3131 5519 ἡμῶν
3157 5448 3416 5512 ἐπάνοδος
3444 5450 3560 5512 τοῖς
3586 5449 3753 5518 ἀγγέ-

2174 5539 2288 5606 λοις
2335 5538 2635 5613 ὡμοίωται.
2696 5537 2857 5593 Ἀλλὰ
2891 5538 3016 5611 μὴν,
3064 5537 3248 5605 καθὼς
3290 5539 3541 5608 εἴρηται,
3573 5541 3756 5612 γάμου
