3890 6368
120 317 217 376 (80

1420 328 1511 383 DE
1548 326 1834 385 IiOMlNlS
1871 327 2184 386 OPIFICIO.

3323 323 3425 383 190

126 437 250 509 παρ’
274 436 471 503 αὐτοῖς
499 439 610 493 οὐκ
642 439 820 507 ὄντος,
850 443 908 496 ὲν
935 441 1195 516 μυριάσιν
1218 443 1468 517 ἀπείροις
1491 446 1550 499 αἱ
1573 461 1735 518 στρα-

1842 460 1959 500 rum
1988 447 2037 501 ei
2063 445 2259 503 similis
2292 444 2418 513 erit,
2459 460 2567 514 qua
2603 430 2863 500 fruuhtur
2905 441 3128 515 angeli:
3163 441 3422 497 nimirum

132 529 238 584 τιαὶ
266 528 379 582 τῶν
404 530 677 599 ἀγγέλων
707 533 846 586 εἰσίν
872 550 885 562 ν
918 533 1060 595 οὕτω
1082 536 1190 608 γὰρ
1211 538 1268 591 ὲν
1298 539 1419 601 ταῖς
1447 535 1737 600 όπτασίαις

143 624 170 677 6
198 621 395 699 Δανιὴλ
420 622 757 695 διηγήσατο.
792 625 1004 680 Οὐκοῦν
1039 627 1181 682 κατὰ
1208 628 1297 681 τὸν
1324 629 1485 683 αὐτὸν
1509 628 1735 700 τρόπον,

151 713 296 786 εἰπερ
321 715 574 785 μηδεμία
612 719 940 789 παρατροπή
973 736 1032 772 τε
1073 719 1168 773 καὶ
1193 718 1451 784 ἔκστασις
1484 720 1592 774 άπὸ
1633 720 1737 792 τῆς

152 804 442 875 ἀγγελικῆς
475 806 774 877 ὁμοτιμίας
801 806 861 872 ἐξ
891 809 1164 880 ἁμαρτίας
1196 810 1327 880 ἡμῖν
1362 810 1604 880 ἐγένετο,
1635 810 1735 863 οὐκ

152 895 213 950 ἂν
234 895 355 950 οὐδὲ
390 898 557 968 ἡμεῖς
577 882 683 951 ’τοῦ
717 900 897 971 γάμου
929 901 1065 970 πρὸς
1094 902 1185 955 τὸν
1221 902 1541 972 πληθυσμδν
1576 901 1735 972 ἐδεή-

153 990 339 1060 θημεν.
397 990 541 1043 Ἀλλ’
569 992 720 1055 ὅστις
754 992 900 1046 ἐστὶν
949 994 1008 1046 ἐν
1037 994 1102 1064 τῇ
1138 993 1298 1063 φύσει
1337 992 1446 1047 τῶν
1477 993 1729 1062 ἀγγέλων

151 1081 243 1136 τοῦ
275 1081 628 1152 πλεονασμοῦ
653 1083 874 1154 τρόπος,
910 1084 1150 1155 ἀρῤητος
1180 1085 1279 1154 μὲν
1319 1085 1411 1138 καὶ
1444 1084 1734 1157 ἀνεπινόηο

150 1189 236 1236 τος
251 1176 583 1244 σωχασμοῖς
598 1173 984 1245 ἀνθρωπίνοις,
1008 1175 1146 1248 πλὴν
1167 1175 1304 1250 ἀλλά
1326 1176 1545 1240 πάντως
1561 1174 1730 1229 ἐστίν·

159 1260 312 1330 οὗτος
342 1264 410 1319 ἂν
444 1266 539 1319 καὶ
574 1266 664 1320 ἐπὶ
690 1266 800 1321 τῶν
826 1264 999 1339 βραχύ
1032 1286 1084 1321 τι
1110 1270 1243 1341 παρ’
1271 1268 1537 1339 ἀγγέλους
1569 1267 1735 1338 ἠλατ-

151 1358 414 1428 τωμένων
442 1357 745 1428 ἀνθρώπων
771 1360 1095 1432 ἐνήργησεν,
1120 1365 1200 1427 εἰς
1227 1362 1287 1415 τὸ
1307 1360 1607 1432 ὡρισμένον
1630 1358 1734 1414 ὑπὸ

150 1448 246 1517 τῆς
286 1446 489 1519 βουλῆς
528 1447 624 1501 τοῦ
657 1450 1019 1521 πεποιηκότος
1061 1451 1259 1522 μέτρον
1304 1452 1365 1504 τὸ
1395 1450 1733 1522 ἀνθρώπινον

152 1537 348 1605 αὔξων.
394 1540 460 1592 Εἰ
489 1538 546 1592 δὲ
591 1540 1005 1611 στενοχωρείταί
1050 1559 1134 1606 τις
1180 1540 1453 1613 ἐπιζητῶν
1498 1541 1589 1595 τὸν
1633 1541 1733 1611 τῆς

154 1630 423 1696 γενέσεως
458 1630 568 1684 τῶν
605 1630 906 1699 ἀνθρώπων
934 1634 1152 1704 τρόπον,
1192 1635 1241 1687 εἰ
1289 1631 1362 1705 μὴ
1399 1631 1733 1704 προσεδεήθη

152 1718 245 1787 τῆς
266 1717 355 1771 διὰ
383 1719 479 1772 τοῦ
507 1719 686 1791 γάμου
722 1722 1009 1794 συνεργίας
1034 1726 1063 1778 6
1088 1722 1393 1796 ἄνθρωπος,
1424 1723 1733 1794 ἀντερωτήι

1838 543 1893 590 et
1919 534 2162 591 hominis
2197 542 2324 589 ante
2377 534 2587 605 lapsum
2618 534 2728 589 vita
2760 533 3081 605 angelorum
3143 531 3250 588 fuit
3300 533 3426 589 vitae

1816 633 2230 688 consentanea,
2270 641 2500 697 eamque
2532 628 2676 683 haud
2718 628 2884 684 dubie
2912 628 2982 682 ob
3022 642 3250 684 causam
3303 627 3426 702 vitm

1838 724 2044 772 nostrae
2074 718 2128 771 in
2166 718 2439 786 integrum
2473 718 2749 774 restitutio
2775 719 3188 789 comparatione
3224 717 3290 772 ad
3323 733 3425 772 an-

1836 810 1987 878 gelos
2020 807 2168 862 facta
2206 807 2539 864 declaratur.
2583 810 2874 873 Enimvero
2926 825 3241 881 quanquam
3275 810 3424 864 inter

1837 902 2060 971 angelos
2092 901 2241 954 nulla
2275 901 2348 956 sit
2402 904 2755 972 propagatio,
2813 900 3276 972 quemadmodum
3336 907 3423 955 est

1837 993 2164 1059 indicatum,
2210 1001 2391 1047 tamen
2442 1009 2632 1048 eorum
2675 993 2846 1063 copiae
2897 1008 3130 1048 numero
3167 992 3417 1062 quaedam

1836 1082 2062 1138 inﬁnitae
2100 1092 2251 1139 sunt.
2280 1082 2370 1137 Sic
2409 1085 2552 1139 enim
2580 1085 2695 1139 suis
2730 1085 2837 1140 illis
2860 1101 2915 1139 in
2957 1084 3094 1139 visis
3155 1083 3415 1139 Danielus

1835 1184 2250 1231 commemorat:
2277 1175 2484 1230 Idcirco
2509 1176 2554 1231 si
2591 1186 2812 1248 prepter
2848 1188 3131 1247 peccatum
3160 1176 3227 1231 de
3267 1184 3413 1233 statu

1834 1275 1890 1322 et
1920 1267 2259 1335 conditione,
2291 1282 2401 1338 qua
2427 1282 2587 1338 pares
2616 1268 2825 1340 angelis
2848 1283 3088 1332 eramus,
3127 1282 3235 1322 non
3267 1267 3445 1322 emi--

1836 1357 2135 1424 dissemus,
2170 1373 2239 1415 ne
2268 1358 2430 1414 nobis
2483 1358 2706 1429 quidem
2756 1358 3016 1429 conjugio
3071 1357 3138 1412 ad
3198 1358 3419 1428 generis

1833 1451 2010 1507 nostri
2039 1452 2517 1523 ampliﬁcationem
2547 1467 2687 1520 opus
2722 1451 2938 1508 fuisset.
2978 1450 3114 1505 Nam
3159 1466 3423 1522 quacun-

1835 1559 1941 1615 que
1968 1542 2188 1599 tandem
2213 1545 2538 1601 incrementi
2566 1544 2812 1615 angelica
2832 1545 2887 1599 in
2912 1552 3109 1598 natura
3129 1543 3231 1598 fuit
3257 1544 3420 1608 ratio.

1834 1649 1998 1705 quam
2028 1632 2264 1689 dicendo
2288 1649 2585 1705 exponere,
2629 1633 2715 1689 vel
2771 1633 3067 1705 cogitando
3114 1633 3425 1703 intelligere

1836 1742 1932 1798 per
1959 1724 2227 1796 quasdam
2277 1726 2627 1797 conjecturas
2678 1725 2952 1781 humanas
3007 1739 3117 1779 non
3172 1723 3260 1803 fas
3313 1731 3422 1784 est.

154 1825 317 1880 σομεν
351 1812 449 1864 καὶ
476 1813 637 1881 ἡμεῖς
665 1811 758 1866 τὸν
781 1814 879 1882 τῆς
903 1812 1202 1885 ἀγγελικῆς
1225 1811 1574 1875 ὑποστάσεως
1600 1811 1728 1884 τρό-

1842 1817 1943 1874 nisi
1978 1817 2124 1889 quod
2165 1817 2393 1873 omnino
2450 1818 2688 1889 aliquam
2724 1816 2898 1872 fuisse
2946 1818 3261 1872 necessario
3309 1822 3424 1892 sta-

152 1916 269 1966 πον,
302 1900 423 1965 πῶς
458 1902 517 1955 ἐν
543 1901 793 1974 ἀπείροις
828 1904 1087 1975 μυριάσιν
1121 1904 1340 1969 ἐκεῖνοι,
1377 1903 1471 1957 καὶ
1504 1900 1601 1973 μία
1634 1903 1722 1955 οὑ-

153 1986 239 2040 σία
266 1991 430 2056 ⁸ὅντες
449 2030 465 2055 ,
499 1990 591 2043 καὶ
624 1993 681 2044 ὲν
707 1990 921 2055 πολλοῖς
951 1993 1367 2066 ἀριθμούμενοι.

1839 1911 2098 1967 tuendum
2126 1919 2210 1966 est
2235 1929 2248 1966 :
2276 1911 2466 1966 eadem
2504 1911 2671 1981 igitur
2705 1910 2849 1965 ratio
2876 1910 2931 1964 in
2961 1909 3205 1964 humano
3256 1906 3421 1962 etiam

1835 2016 2055 2072 genere,
2088 2001 2233 2071 quod
2256 2018 2427 2073 prope
2480 2003 2550 2057 ab
2585 2002 2795 2074 angelis
2830 2001 3004 2063 abest,
3069 1999 3424 2072 propagando

151 2077 447 2141 valuisset,
498 2078 673 2134 donec
732 2081 798 2135 ad
847 2098 1138 2138 numerum
1197 2087 1434 2144 consilio
1482 2080 1758 2147 Creatoris
1814 2090 2099 2146 deﬁnitum
2156 2101 2475 2163 perventum
2502 2101 2670 2148 esset.
2706 2091 2861 2158 Quod
2927 2092 2972 2147 si
3004 2092 3164 2160 cujus
3213 2090 3301 2143 hic
3361 2088 3417 2141 in

150 2177 444 2238 angustum
476 2171 742 2241 redigitur
768 2173 1143 2245 intelligentia.
1179 2185 1239 2232 ut
1274 2194 1343 2234 ex
1388 2181 1548 2237 nobis
1581 2182 1725 2237 scire
1752 2182 1903 2248 velit,
1936 2198 2112 2254 ecquo
2164 2182 2382 2239 tandem
2425 2185 2589 2239 modo
2631 2182 2881 2239 homines
2911 2182 3108 2237 orituri
3150 2181 3403 2239 fuissent,

151 2256 198 2312 si
224 2261 473 2332 conjugii
517 2262 833 2334 adjumento
867 2282 976 2321 non
1008 2269 1328 2339 eguissent:
1358 2288 1485 2328 eum
1513 2274 1750 2330 vicissim
1789 2274 2129 2347 rogabimus,
2169 2277 2449 2346 quomodo
2494 2277 2675 2348 angeli
2717 2277 2829 2332 sint
2872 2275 3002 2341 orti,
3036 2289 3215 2346 quove
3263 2282 3425 2344 pacto

150 2368 293 2435 cum‘
323 2355 394 2410 ad
432 2354 642 2410 inﬁnita
671 2371 840 2430 pr0pe
875 2360 1044 2415 millia
1074 2362 1187 2418 sint
1242 2356 1458 2430 dimisi,
1492 2374 1546 2421 et
1580 2380 1689 2421 una
1723 2377 1921 2423 natura
1958 2374 2012 2422 et
2047 2367 2204 2423 multi
2231 2383 2356 2424 esse
2386 2382 2616 2424 numero
2634 2369 2868 2438 possint.

185 2540 361 2596 Τοῦτο
374 2540 484 2611 γάρ
495 2543 819 2615 προσφόρως
834 2544 977 2598 ἀποκ
986 2544 1130 2615 ρινού
1138 2545 1277 2618 μεθα
1292 2547 1368 2620 τῷ
1387 2551 1739 2624 προφέροντι,

153 2632 277 2700 Πῶς
290 2633 360 2688 ἂν
373 2629 442 2708 ἦν
450 2634 573 2708 δίχα
583 2634 677 2691 τοῦ
692 2634 870 2708 γάμου
886 2636 915 2689 6
927 2633 1022 2690 ἄνθ
1029 2653 1211 2708 ρωπος
1227 2656 1242 2707 ;
1267 2640 1530 2707 εἰπόντες,
1549 2644 1629 2697 ὅτι
1646 2661 1739 2699 κα-

153 2724 257 2788 θώς
280 2726 388 2778 εἰσι
409 2725 587 2795 γάμου
599 2726 766 2798 χωρὶς
781 2725 832 2781 οἱ
846 2724 1066 2799 ἄγγελοι
1082 2745 1096 2759 ⁸
1118 2729 1178 2783 τδ
1193 2730 1299 2803 γὰρ
1313 2732 1496 2804 ὅμοιον
1507 2736 1738 2801 ἐκείνοις

152 2816 240 2870 τὸν
266 2816 556 2888 ἄνθρωπον
579 2814 719 2874 εἶναι
748 2823 884 2893 πρὸς
913 2823 1010 2895 τῆς
1035 2822 1426 2898 παραϐάσεως,
1455 2825 1728 2884 δείκνυσιν

152 2912 183 2979 ή
208 2912 290 2975 εἰς
314 2914 493 2966 ἐκεῖνο
521 2912 682 2968 πάλιν
713 2914 1177 2981 ἀποκατάστασις.
1216 2919 1435 2975 Τούτων
1474 2916 1567 2975 οὖν
1599 2923 1731 2995 ἡμῖν

152 2999 295 3054 οὕτω
328 3001 837 3075 διευκρινηθὲντων,
872 3007 1156 3062 ἐπανιτέον
1197 3010 1291 3063 ἐπὶ
1326 3010 1420 3065 τὸν
1467 3014 1731 3086 πρότερον

152 3091 308 3161 λόγον
334 3109 348 3122 ⁸
388 3092 506 3156 πῶς
544 3092 682 3163 μετά
715 3095 813 3166 τὴν
845 3096 1190 3169 κατασκευὴν
1236 3100 1339 3171 τῆς
1369 3102 1597 3166 εἰκόνος,
1634 3100 1733 3173 τὴν

1912 2547 2029 2608 Hoc
2055 2552 2199 2609 enim
2229 2550 2513 2623 aptissime
2558 2548 3014 2621 respondebimus
3064 2549 3299 2620 roganti,
3332 2547 3429 2619 qni

1841 2656 1962 2697 esse
1993 2641 2155 2696 homo
2186 2642 2306 2697 sine
2337 2641 2597 2712 conjugio
2645 2641 2917 2711 potuisset
2945 2656 2961 2693 :
2999 2640 3045 2694 si
3094 2639 3343 2694 dicamus
3371 2639 3427 2693 in

1839 2733 1999 2789 nobis
2034 2733 2136 2789 hoc
2172 2732 2286 2787 ﬁeri
2317 2732 2542 2802 perinde
2573 2732 2836 2803 potuisse,
2861 2738 3040 2800 .atque
3100 2729 3154 2783 in
3192 2729 3425 2798 angelis,

1839 2825 2014 2897 quiet
2049 2824 2154 2897 ipsi
2205 2823 2469 2896 conjugio
2511 2840 2620 2879 non
2674 2831 2923 2879 utuntur.
2977 2820 3200 2891 Angelis
3243 2828 3425 2874 autem

1838 2927 2260 2977 consentaueam
2288 2917 2523 2973 hominis
2545 2924 2796 2972 naturam
2834 2922 2961 2969 ante
2987 2914 3200 2983 lapsum
3230 2910 3423 2975 fuisse,

1840 3010 1907 3066 de
1933 3011 2035 3065 hoc
2065 3016 2234 3080 patet,
2268 3008 2414 3079 quod
2446 3019 2499 3063 et
2527 3008 2581 3062 in
2618 3008 2889 3078 integrum
2926 3005 3202 3068 restituta,
3234 3002 3424 3058 consi-

1842 3100 1990 3157 milis
2022 3099 2226 3155 eisdem
2261 3098 2387 3154 erit.
2416 3096 2512 3154 llis
2538 3096 2607 3153 ad
2634 3098 2780 3152 hunc
2809 3095 3027 3149 modum
3055 3092 3423 3163 invesdgatis,

152 3189 292 3240 λατά
319 3188 382 3241 τὸ
420 3188 587 3261 ἄρρεν
616 3190 710 3243 καὶ
735 3189 867 3263 θῆλυ
890 3192 1155 3264 διαφορὰν
1184 3195 1213 3246 ὁ
1234 3191 1366 3257 Θεὸς
1383 3193 1733 3265 ἐπιτεχνᾶται

1842 3190 1911 3246 ad
1967 3191 2021 3246 id
2054 3188 2200 3254 unde
2266 3187 2501 3258 digressi
2552 3202 2767 3249 sumus,
2821 3196 3197 3240 revertamur:
3236 3197 3431 3252 quam-

150 3278 228 3350 τῷ
256 3278 562 3348 πλάσματι.
611 3281 753 3352 Πρὸς
787 3279 945 3337 τοῦτο
968 3281 1079 3354 γάρ
1121 3299 1264 3354 φημι
1285 3283 1556 3355 χρήσιμον
1595 3277 1736 3337 εἶναι

151 3371 210 3424 τὺ
241 3371 709 3444 προδιηνυσμένον
734 3374 863 3444 ἡμῖν
895 3370 1178 3444 θεώρημα.
1227 3373 1285 3426 '0
1311 3372 1421 3445 γάρ
1454 3372 1521 3427 τά
1557 3373 1738 3427 πάντα

150 3461 496 3534 παραγαγὼν
526 3464 606 3527 εἰς
635 3464 696 3517 τὸ
730 3459 872 3519 εῖναι
898 3506 913 3532 ,
945 3465 1041 3518 καί
1081 3465 1201 3525 ὅλον
1228 3465 1284 3518 ὲν
1314 3464 1391 3537 τῷ
1424 3465 1540 3537 ἰδίῳ
1574 3466 1736 3537 θελή-

156 3569 289 3623 ματι
318 3555 412 3608 τὸν
441 3554 727 3627 ἄνθρωπον
757 3558 893 3630 πρὸς
913 3558 1011 3630 τὴν
1044 3557 1197 3612 θείαν
1223 3556 1407 3611 εἰκόνα
1429 3557 1740 3631 διαμορφῶ-

152 3664 273 3711 σας,
306 3647 370 3700 οὐ
402 3650 522 3713 ταῖς
549 3649 668 3702 κατ’
691 3649 868 3719 ὀλίγον
893 3649 1231 3723 προσθήκαις
1263 3648 1372 3704 τῶν
1405 3650 1736 3721 ἐπιγινομέ-

152 3757 259 3793 νων
274 3738 561 3810 ἀνέμεινεν
587 3740 714 3794 ίδείν
735 3740 828 3793 ὲπί
852 3741 913 3795 τὸ
933 3741 1065 3795 ἴδιον
1090 3741 1194 3811 πλή
1205 3757 1365 3813 ρωμα
1387 3741 1479 3795 τὸν
1505 3740 1738 3814 ἀριθμὸν

152 3830 261 3885 τῶν
280 3830 473 3902 ψυχῶν
504 3832 876 3904 τελειούμενον
900 3852 915 3865 '
955 3833 1072 3888 ἀλλ’
1107 3834 1319 3906 ἀθρόως
1353 3833 1503 3906 αὐτῷ
1528 3832 1740 3906 πληρώο

156 3940 291 3995 ματι
330 3926 513 3977 πᾶσαν
544 3924 643 3996 τὴν
669 3925 1014 3998 ἀνθρωπίνην
1044 3924 1204 3995 φύσιν
1240 3925 1328 3979 διὰ
1361 3926 1462 3996 τῆς
1491 3941 1740 3998 προγνω-

156 4012 356 4082 πικῆς
389 4014 669 4084 ἐνεργείας
699 4017 1072 4087 κατανοήσας,
1110 4015 1204 4069 καὶ
1237 4018 1303 4087 τῇ
1347 4016 1526 4088 ὑψηλῇ
1560 4034 1621 4070 τε
1645 4018 1742 4072 καὶ

159 4104 435 4177 ἶσα-(γέλῳ
475 4105 625 4177 λήξει
662 4109 917 4178 τιμήσας,
953 4108 1139 4180 ἐπειδὴ
1169 4108 1386 4181 προεῖδε
1409 4110 1476 4180 τῇ
1509 4109 1739 4179 ὁρατικῇ

155 4195 385 4267 δυνάμει
417 4197 493 4268 μὴ
519 4196 935 4269 εὐθυποροῦσαν
968 4199 1107 4271 πρὸς
1137 4198 1201 4253 τὸ
1228 4198 1393 4254 καλὸν
1419 4200 1519 4272 τὴν
1547 4199 1741 4271 προαίο

162 4304 332 4358 ρεσιν,
366 4287 461 4340 καὶ
488 4286 576 4342 διὰ
596 4287 755 4341 τοῦτο
777 4288 878 4358 τῆς
904 4289 1203 4361 άγγελικῆς
1228 4288 1376 4360 ζωῆς
1409 4289 1744 4346 ἀποπίπτου-

159 4396 259 4439 σαν
279 4395 294 4407 ·
323 4378 400 4442 ὡς
427 4377 493 4432 ἂν
518 4377 593 4450 μὴ
614 4375 944 4449 κολοϐωθείη
969 4380 1029 4434 τὸ
1056 4380 1166 4433 τῶν
1191 4380 1376 4453 ψυχῶν
1404 4382 1513 4436 τῶν
1536 4382 1745 4454 ἀνθρω-

158 4469 333 4523 πίνων
363 4469 600 4540 πλῆθος,
633 4470 863 4523 ἐκπεσὸν
890 4472 1099 4525 ἐκείνου
1133 4471 1229 4525 τοῦ
1264 4473 1490 4544 τρόπου,
1526 4474 1650 4531 καθ’
1683 4474 1743 4529 ὃν

158 4568 206 4620 οἱ
233 4536 472 4635 ἄγγελοι
492 4565 626 4634 πρὸς
644 4564 705 4618 τὸ
735 4565 937 4636 πλῆθος
967 4536 1320 4640 ηὐξήθησανἰ
1345 4568 1433 4623 διὰ
1461 4536 1620 4626 τοῦτο
1643 4571 1744 4642 τὴν
1776 4536 1822 4592 D

159 4657 501 4728 κατάλληλον
548 4660 660 4722 τοῖς
701 4661 781 4722 εἰς
833 4659 1112 4731 ἁμαρτίαν
1164 4661 1590 4733 κατολισθὴσασι
1638 4662 1742 4734 τῆς

160 4749 447 4821 αὐξήσεως
483 4749 724 4802 ἐπίνοιαν
768 4751 1230 4818 ὲγκατασκευάζει
1273 4755 1339 4824 τῇ
1392 4753 1592 4823 φύσει,
1624 4754 1747 4808 ἀντὶ

157 4843 257 4913 τῆς
285 4840 583 4912 ἀηελικῆς
612 4841 981 4912 μεγαλορυῖας
1013 4843 1101 4897 τὸν
1129 4843 1375 4916 κτηνώδη
1402 4863 1462 4898 τε
1488 4847 1584 4899 καὶ
1616 4844 1741 4900 ἀλο-

157 4951 256 5005 γον
299 4935 400 5004 τῆς
425 4930 486 4999 ἐξ
513 4932 756 5004 ἀλλήλων
780 4934 1027 5005 διαδοχῆς
1058 4935 1258 5008 τρόπον
1298 4937 1642 5008 ὲμιρυτεύσας
1674 4940 1743 5011 τῇ

158 5027 569 5100 ἀνθρωπότητι.
615 5026 898 5081 Ἐντεῦθεν
936 5037 1027 5099 μοι
1065 5029 1213 5084 δοκεῖ
1245 5032 1339 5084 καί
1368 5034 1396 5085 ὁ
1439 5033 1617 5104 μέγας
1648 5033 1747 5086 Act-

161 5118 249 5172 ὗίδ
288 5114 768 5186 κατοικτιζόμενος
799 5117 894 5171 τοῦ
941 5117 1230 5190 ἀνθρώπου
1276 5122 1381 5194 τὴν
1411 5122 1705 5195 ἀθλιότητα
1725 5163 1741 5189 ,

160 5211 424 5273 τοιούτοις
442 5208 619 5278 λόγοις
632 5209 804 5263 καταθ
814 5209 1044 5281 ρηνῆσαι
1061 5209 1158 5283 τὴν
1173 5209 1352 5280 φύσιν·
1374 5212 1457 5267 ὅτι
1475 5229 1493 5264 ι
1508 5211 1750 5283 Ἀνθρω-

164 5320 265 5368 πος
298 5303 360 5355 ἐν
384 5304 519 5372 τιμῇ
554 5301 628 5354 ὢν
655 5302 716 5353 οὺ
750 5302 947 5371 συνῆκε
967 5319 982 5333 ·
1012 5320 1032 5354 ›
1062 5302 1227 5375 τιμὴν
1256 5302 1450 5373 λέγων,
1485 5301 1585 5361 τὴν
1609 5302 1747 5376 πρὸς

159 5384 287 5444 τοὺς
312 5380 582 5450 ἀγγέλους
605 5383 917 5461 ὁμοτιμίαν.
940 5386 1039 5440 Διά
1063 5386 1239 5454 τοῦτο,
1274 5389 1431 5458 φησὶ,
1463 5408 1750 5463 παρασυν-

159 5463 365 5536 εσλήθη
416 5468 530 5529 τοῖς
569 5467 795 5537 κτήνεσι
851 5472 967 5534 τοῖς
1021 5471 1300 5545 ἀνοήτοις,
1362 5477 1455 5529 καὶ
1491 5476 1747 5553 ὡμοιώθη

163 5556 369 5622 αὐτοῖς.
407 5557 618 5644 Ι’Ὧντως
650 5558 764 5630 γάρ
806 5562 1084 5636 κτηνώδης
1126 5566 1343 5635 ἐγένετο
1377 5570 1405 5624 ὁ
1438 5568 1537 5642 τὴν
1575 5569 1749 5645 ῥοώδη

233 5736 272 5769 ⁸⁸
302 5737 447 5795 Psal.
482 5754 672 5799 sum.
696 5737 790 5792 2|.

1838 3283 2027 3337 obrem
2046 3279 2294 3336 videlicet
2316 3279 2480 3344 Deus,
2495 3293 2620 3335 cum
2646 3276 2937 3347 imaginem
2964 3275 3047 3331 sui
3066 3274 3425 3339 condidisset,

1837 3388 2004 3430 sexus
2082 3372 2313 3427 masculi
2371 3370 2698 3441 femineique
2758 3367 3055 3423 discrimen
3126 3364 3423 3421 addiderit.

1839 3465 2100 3536 Equidem
2133 3464 2201 3519 ad
2245 3462 2665 3534 explicationem
2715 3460 2882 3530 hujus
2911 3458 3231 3529 quaestionis
3281 3457 3418 3512 utile

1839 3557 1956 3613 fore
1982 3554 2256 3618 existimo,
2291 3552 2435 3624 quod
2472 3552 2632 3623 paulo
2662 3558 2788 3605 ante
2821 3548 3228 3605 considerando
3257 3547 3416 3618 quasi

1838 3647 2234 3711 cohclusimus,
2264 3643 2457 3710 Deum,
2490 3642 2588 3714 qui
2620 3651 2770 3697 creat
2800 3641 3004 3704 omnia,
3039 3640 3218 3709 deque
3246 3637 3421 3692 animi

1839 3740 1925 3795 sui
1964 3737 2234 3794 sententia
2262 3735 2540 3789 hominem
2566 3741 2741 3788 totum
2779 3731 2845 3785 ad
2871 3730 3159 3801 imaginem
3183 3727 3427 3782 divinam

1839 3829 2248 3892 conformavit,
2305 3825 2552 3880 noluisse
2619 3823 2932 3877 animorum
2997 3834 3285 3875 numerum
3346 3818 3423 3872 ita

1839 3919 2124 3991 compleri,
2160 3926 2219 3973 ut
2249 3933 2399 3973 nunc
2430 3917 2519 3971 his
2555 3929 2702 3970 nunc
2733 3913 2841 3969 illis
2880 3913 2937 3968 in
2971 3913 3148 3967 lucem
3183 3910 3422 3981 posteris

1840 4010 2001 4068 editis
2026 4009 2412 4080 adaugeretur,
2445 4006 2541 4062 sed
2570 4020 2693 4060 cum
2723 4003 2915 4063 eodem
2968 4009 3270 4065 momento,
3321 4015 3433 4074 quo

1840 4110 2096 4158 naturam
2144 4100 2440 4155 humanam
2494 4095 2762 4159 condidit,
2816 4110 2937 4150 eam
3008 4094 3320 4149 universam
3378 4101 3434 4146 et

1843 4193 2123 4261 integram
2147 4188 2406 4245 facultate
2436 4201 2535 4241 sua
2586 4185 2772 4240 futura
2826 4184 3192 4254 prospiciente
3244 4183 3427 4238 intue—

1841 4292 2020 4347 retur,
2078 4281 2408 4350 excelsoque
2459 4278 2516 4332 in
2581 4276 2867 4348 dignitatis
2929 4276 3144 4347 gradu,
3213 4282 3267 4331 et
3332 4274 3430 4345 qui

1843 4376 2159 4445 angelorum
2185 4370 2484 4427 conditioni
2508 4385 2607 4440 par
2632 4377 2798 4433 esset,
2823 4368 3121 4422 collocaret
3146 4386 3159 4423 :
3183 4367 3433 4421 animad-

1844 4468 2076 4523 vertisse
2116 4465 2169 4519 vi
2216 4464 2442 4527 divina,
2490 4463 2718 4519 liberam
2774 4461 3014 4516 hominis
3062 4462 3117 4515 in
3179 4460 3433 4531 eligendo

1849 4559 2187 4614 voluntatem
2217 4571 2327 4611 non
2359 4554 2462 4627 (uti
2491 4552 2744 4625 debebat)
2769 4553 2989 4607 virtutis
3012 4552 3159 4605 viam
3197 4551 3431 4623 ingredi.

1852 4654 2041 4722 Itaque
2075 4649 2167 4703 ubi
2193 4649 2260 4704 de
2294 4648 2454 4704 beato
2495 4646 2621 4702 vitae
2649 4645 2911 4717 angelicae
2940 4651 3088 4699 statu
3123 4644 3437 4699 exorliitas-

1853 4752 1957 4808 set,
2007 4757 2077 4796 ne
2126 4741 2491 4795 humanorum
2529 4739 2837 4793 animorum
2874 4737 3024 4792 natio
3078 4737 3200 4792 sine
3250 4737 3431 4792 incre-

1852 4840 2040 4889 mento
2102 4841 2270 4897 esset,
2327 4832 2536 4887 amisso
2608 4829 3022 4901 propagationis
3093 4828 3281 4894 modo,
3322 4842 3433 4899 quo

1851 4926 2169 4998 angelorum
2198 4931 2357 4979 erant
2386 4932 2562 4977 auctae
2595 4919 2786 4990 copiae,
2839 4914 3110 4975 rationem
3135 4919 3430 4990 quamdam

1850 5019 2097 5081 invenit,
2165 5032 2271 5091 qua
2344 5030 2519 5087 genus
2586 5012 2882 5068 humanum
2966 5011 3430 5082 ampliﬁcaretur,

1850 5119 2279 5167 consentaneam
2317 5118 2525 5163 naturae
2576 5114 2800 5170 nostrai,
2832 5104 2926 5175 qui
2964 5103 3018 5158 in
3076 5102 3268 5156 vitium
3305 5116 3433 5170 pro-

1854 5203 1996 5274 lapsi
2047 5217 2289 5257 eramus.
2336 5198 2473 5255 Nam
2528 5214 2630 5270 pro
2681 5205 2978 5268 praestante
3024 5196 3117 5251 iilo
3175 5193 3433 5264 angelica:

1855 5305 2071 5353 natum
2102 5294 2264 5349 modo
2297 5292 2465 5347 alium
2503 5289 2795 5362 quemdam
2829 5287 2989 5345 nobis
3030 5287 3330 5350 concessit,
3375 5294 3431 5340 ut

1855 5385 2145 5442 brutorum
2174 5382 2513 5452 rationisque
2544 5381 2850 5455 expertium
2907 5376 3227 5432 animalium
3284 5390 3437 5435 more

1857 5483 2077 5534 nosmet
2109 5472 2464 5547 propagando
2496 5477 2967 5542 perpetuaremus.
3004 5465 3154 5521 Hanc
3184 5466 3255 5520 ob
3307 5481 3437 5520 can-

1858 5585 1975 5628 sam
2031 5582 2262 5642 magnus
2311 5564 2401 5622 ille
2443 5556 3303 5626 Davides“,hominismiseriam
3350 5558 3435 5614 his
