3890 6356
419 342 519 401 191
1592 340 1649 396 S.
1691 336 2021 398 GREGORII
2066 342 2361 402 NYSSENI
3606 342 3711 396 £92

424 460 557 515 mihi
589 457 772 514 verbis
794 457 1113 530 deplorasse
1135 456 1353 512 videtur
1381 474 1393 510 :
1434 476 1451 506 ι
1493 455 1667 510 llomo
1695 472 1823 512 cum
1853 465 2002 515 esset

2125 459 2308 532 ταύτην
2349 459 2563 531 γένεσιν
2604 464 2670 533 τῇ
2717 461 2879 531 φύσει
2934 458 3381 533 παραδεξάμενος
3409 501 3424 527 ,
3480 458 3572 514 διά
3608 456 3711 529 τὴν

425 555 489 607 in
511 550 797 619 dignitate,
823 551 1066 603 animum
1090 562 1200 602 non
1230 547 1468 602 advertit
1497 565 1510 601 :
1550 566 1569 600 ι
1624 548 1883 603 nimirum
1910 564 2008 619 per

2125 552 2254 623 πρὸς
2278 552 2340 607 τδ
2371 552 2573 618 ὑλῶδες
2597 554 2789 626 ῥοπήν.

425 642 702 711 dignitatis
733 649 934 695 statum
976 638 1263 703 intellexit,
1302 639 1513 708 angelis
1562 638 1843 695 hominem
1889 640 2206 698 conditione
2256 659 2444 715 parem
2506 644 2700 711 fuisse,
2760 644 2986 716 subjicit
3039 654 3273 703 autem:
3322 644 3538 703 idcirco
3568 644 3706 699 bru-

427 736 496 788 tis
542 743 627 789 est
669 732 1047 789 animantibus
1077 738 1453 800 comparatus,
1486 738 1541 786 et
1586 731 1779 788 iisdem
1825 730 2059 790 ell‘ectus
2093 736 2315 793 similis.
2372 736 2630 794 Profecto
2681 739 2828 794 enim
2862 738 3168 804 obbrutuit,
3209 748 3500 810 postquam
3554 753 3712 793 more

423 827 708 882 brutorum
770 827 1064 899 propagari
1123 826 1331 897 cmpit,
1390 826 1758 899 degenerante
1814 828 1991 899 ipsius
2044 832 2386 902 prmstautia,
2435 848 2608 905 seque
2654 833 2980 890 demittente
3020 833 3089 889 ad
3132 843 3348 891 natura:
3400 833 3708 891 crassioris

424 918 816 974 conditionem.

996 1034 1228 1094 CAPUT
1268 1034 1453 1094 XVIII.

423 1126 859 1185 Perturbationes
890 1130 945 1183 in
976 1130 1127 1185 nobis
1163 1130 1353 1193 animi,
1385 1129 1592 1184 alienas
1622 1147 1654 1184 α
1679 1130 1909 1196 ratione,
1945 1144 2014 1185 ea:

553 1200 650 1253 hac
678 1216 797 1255 cum
825 1200 1102 1255 brutarum
1131 1209 1328 1255 natura
1358 1202 1673 1272 cognatione
1703 1201 1858 1255 oriri.

495 1289 633 1345 Nam
689 1291 943 1362 equidem
998 1292 1278 1357 existimo,
1334 1292 1403 1348 de
1450 1292 1555 1347 hac
1611 1293 1731 1364 ipsa
1792 1291 2010 1361 origine

424 1382 874 1452 perturbationes
912 1384 1082 1439 animi
1115 1398 1307 1441 omnes
1332 1392 1388 1440 et
1419 1385 1688 1456 singulas,
1738 1392 2005 1455 tanquam

426 1474 577 1530 fonte
605 1477 991 1541 scaturientes,
1019 1476 1075 1531 in
1107 1475 1350 1531 hominis
1376 1484 1629 1531 naturam
1660 1474 2002 1531 redundare.

425 1569 608 1636 Atque
637 1567 745 1623 hoc
774 1576 925 1623 recte
972 1568 1049 1623 ita
1093 1570 1283 1634 statui,
1319 1577 1648 1640 argumento
1674 1577 1799 1635 est,
1857 1567 2007 1639 quod

427 1661 873 1732 perturbationes
904 1663 1059 1734 ipsae,
1104 1677 1226 1731 qua:
1254 1660 1462 1732 pariter
1492 1667 1549 1717 et
1594 1660 1652 1715 in
1679 1658 1843 1716 nobis
1867 1667 1922 1714 et
1950 1657 2007 1713 in

428 1751 613 1809 brutis
641 1753 939 1819 exsistunt,
973 1762 1218 1823 cognata:
1243 1753 1480 1823 quodam
1507 1751 1671 1807 modo
1702 1758 1852 1807 sunt.
1884 1749 2005 1806 Non

2636 1037 3043 1094 ΚΕΦΑΛΑῙΟΝ
3072 1039 3182 1095 ΙΗ’.

2110 1125 2254 1203 ’Ότι⁸
2282 1126 2357 1182 τὰ
2614 1127 2684 1182 ἐν
2730 1127 2876 1197 ἡμῖν
2911 1128 3070 1203 πάθη
3092 1129 3347 1203 ,ἐκᾼτῆς
3378 1130 3535 1203 πρὸς
3583 1131 3707 1203 τὴν

2177 1197 2405 1267 ἄλογον
2423 1198 2614 1268 φύσιν
2645 1200 3007 1269 συγγενείας
3044 1197 3151 1265 τὰς
3183 1197 3459 1271 ἀφορμὰς
3479 1197 3633 1273 ἔχει.

2174 1280 2345 1359 Οἶμαι
2369 1288 2479 1360 γὰρ
2514 1289 2580 1343 ἐκ
2617 1289 2717 1360 τῆς
2742 1289 2917 1360 ἀρχῆς
2944 1288 3149 1359 ταύτης
3177 1291 3272 1344 καὶ
3314 1290 3382 1345 τά
3418 1293 3544 1346 καθ’
3569 1293 3705 1347 ἓκα-
3724 1280 3737 1295 “

2112 1395 2236 1433 στον
2269 1379 2439 1451 πάθη,
2462 1376 2573 1435 οἷον
2602 1380 2667 1434 ἐκ
2702 1397 2846 1445 τινος
2870 1382 3053 1452 πηγῆς
3090 1382 3406 1438 συνδοθέντα
3435 1386 3707 1458 πλημμυ-

2113 1474 2229 1544 ρεῖν
2257 1473 2315 1527 ὲν
2342 1476 2412 1545 τῇ
2433 1472 2749 1546 ἀνθρωπίνη
2777 1474 2917 1547 ζωῇ.
2947 1474 3258 1547 Τεκμήριον
3282 1476 3338 1530 δὲ
3363 1476 3473 1531 τῶν
3504 1478 3703 1547 λόγων,

2112 1567 2146 1638 ἡ
2181 1566 2289 1621 τῶν
2322 1566 2662 1638 παθημάτων
2692 1565 3017 1637 συγγένεια,
3051 1567 3194 1621 κατά
3216 1568 3278 1621 τὸ
3309 1564 3428 1624 ἴσον
3459 1572 3597 1641 ήμίν
3639 1588 3704 1625 τε

2111 1658 2208 1713 καὶ
2236 1660 2346 1724 τοῖς
2384 1659 2599 1729 ἀλόγοις
2636 1660 3036 1731 ἐμφαινομένη.
3076 1659 3150 1715 οὐ
3190 1661 3302 1733 γὰρ
3336 1661 3401 1733 δὴ
3432 1661 3596 1734 θέμις
3630 1664 3701 1736 τῇ

2112 1751 2431 1825 ἀνθρωπίνῃ
2457 1750 2637 1821 φύσει,
2682 1754 2747 1824 τῇ
2790 1752 2932 1806 κατά
2954 1751 3014 1805 τὸ
3044 1753 3187 1805 θεῖον
3218 1749 3358 1818 εἶδος
3394 1772 3706 1828 μεμορφω-

426 1845 574 1900 enim
602 1851 751 1900 certe
778 1843 860 1900 fas
891 1853 977 1901 est
1004 1843 1210 1912 dicere,
1235 1845 1505 1915 originem
1532 1844 2007 1915 perturbationum

2125 1846 2290 1919 μένῃ,
2318 1824 2418 1916 τῆς
2462 1844 2741 1915 ἐμπαθοῦς
2784 1844 3078 1910 διαθέσεως
3111 1824 3561 1920 προσμαρτυρεῖν
3600 1824 3706 1915 τὰς

427 1937 627 2010 quibus
657 1934 946 2001 aﬂicimur,
978 1937 1043 1992 ad
1076 1936 1374 1992 humanam
1409 1943 1665 1990 naturam
1712 1949 1836 1991 esse
1867 1933 2011 1990 refe-

426 2030 677 2095 rendam,
706 2044 833 2084 cum
884 2043 948 2084 ea
993 2028 1068 2084 sit
1124 2028 1191 2084 ad
1239 2026 1335 2084 Dei
1396 2028 1753 2085 simulacrum
1788 2024 2013 2081 confor-

426 2130 625 2189 mata;
692 2121 789 2177 sed
861 2121 991 2192 quia
1058 2120 1213 2191 prius
1278 2119 1385 2175 hoc
1450 2121 1508 2174 in
1578 2119 1785 2174 mundo
1847 2119 2015 2174 bruta

426 2215 779 2280 exstiterunt,
803 2228 928 2269 cum
949 2214 1152 2284 quibus
1174 2212 1428 2268 nonnihil
1451 2220 1537 2268 est
1557 2211 1766 2267 homini
1799 2211 2015 2283 (quem-

426 2304 722 2361 admodum
808 2305 1123 2374 expositum
1205 2304 1326 2374 est)
1411 2317 1750 2367 commune,
1814 2299 2015 2355 modus

427 2396 682 2451 videlicet
711 2402 870 2451 ortus
897 2412 911 2448 :
944 2393 1154 2449 idcirco
1183 2400 1238 2469 et
1275 2392 1382 2447 alia
1431 2390 1686 2463 quaedam
1720 2390 2014 2445 brutorum

430 2497 645 2543 natura)
689 2501 753 2541 ac
809 2486 1094 2541 hominum
1149 2484 1468 2539 communia
1518 2498 1643 2539 esse
1702 2489 2013 2554 coeperunt.

427 2579 617 2651 Neque
650 2579 796 2635 enim
832 2578 996 2632 homo
1030 2575 1125 2633 Dei
1176 2574 1346 2631 refert
1391 2575 1712 2646 imaginem,
1750 2588 1860 2645 qua
1901 2575 2015 2628 ira-

428 2670 632 2727 cundia
661 2670 927 2741 praeditus
957 2678 1042 2725 est
1069 2686 1084 2736 ;
1119 2684 1299 2738 neque
1329 2667 1584 2738 voluptas
1617 2665 2016 2738 praestantissi-

428 2778 532 2819 mre
563 2772 774 2818 natium
813 2770 945 2817 nota
981 2761 1162 2831 putari
1190 2760 1375 2824 debet,
1405 2760 1549 2815 sicut
1574 2768 1629 2816 et
1651 2759 1939 2824 timiditas,
1963 2765 2020 2813 ct

430 2853 687 2920 audacia,
735 2863 793 2910 et
832 2854 1100 2922 majorum
1157 2847 1453 2922 cupiditas,
1501 2861 1557 2907 et
1603 2851 1791 2906 odium
1840 2858 2019 2905 status

431 2945 743 3013 deterioris,
776 2954 1080 3015 caeteraque
1109 2945 1196 3000 his
1231 2944 1544 2999 consimilia
1575 2944 1737 3013 longe
1771 2957 1802 2996 a
1832 2942 2020 2997 divino

432 3037 529 3091 illo
564 3036 883 3091 charactere
912 3035 1136 3090 absunt.
1175 3033 1527 3105 Quapropter
1555 3033 1673 3087 haec
1699 3040 1925 3102 accepta
1952 3030 2022 3087 de

434 3127 635 3191 brutis,
690 3125 931 3180 hominis
993 3139 1265 3195 usurpare
1320 3133 1520 3179 natura
1573 3124 1762 3193 coepit.
1802 3120 2021 3188 Quibus

2113 1935 2339 2007 πρώτας
2384 1934 2584 2006 ἀρχάς.
2642 1933 2785 1987 Ἀλλ’
2830 1935 3022 2008 ἐπειδὴ
3077 1936 3439 2008 προεισῆλθεν
3486 1940 3571 2004 εἰς
3612 1940 3704 1995 τὸν

2111 2018 2315 2091 κόσμον
2336 2018 2523 2073 τοῦτον
2546 2021 2581 2091 ή
2611 2018 2723 2072 τῶν
2751 2019 2962 2088 ἀλόγων
2995 2018 3132 2092 ζωὴ,
3156 2019 3285 2091 ἔσχε
3310 2020 3367 2074 δέ
3399 2038 3461 2075 τιι
3479 2021 3572 2077 διὰ
3598 2023 3697 2095 τὴν

2112 2113 2410 2186 εἰρημένην
2433 2111 2613 2167 αἰτίαν
2633 2114 2732 2185 τῆς
2748 2113 2958 2167 ἐκεῖθεν
2982 2113 3197 2184 φύσεως
3221 2117 3317 2169 καὶ
3344 2116 3373 2168 ό
3392 2114 3702 2188 ἄνθρωπος,

2112 2203 2176 2261 τὸ
2202 2204 2342 2260 κατά
2363 2204 2460 2276 τὴν
2480 2204 2692 2274 γένεσιν
2715 2203 2881 2274 λέγω,
2907 2203 3253 2276 συμμετεσχε
3281 2205 3368 2259 διά
3388 2206 3582 2261 τούτου
3612 2207 3704 2266 καὶ

2112 2296 2223 2351 τῶν
2261 2295 2466 2350 λοιπῶν
2500 2296 2611 2350 τῶν
2657 2297 2715 2349 ὲν
2751 2297 2938 2369 ὲκείνῃ
2981 2296 3372 2368 θεωρουμένων
3412 2302 3479 2370 τῇ
3522 2301 3703 2370 φύσει.

2116 2389 2192 2441 Οὐ
2231 2386 2340 2461 γάρ
2369 2388 2511 2442 κατὰ
2550 2387 2642 2442 τὸν
2672 2386 2844 2459 θυμόν
2890 2390 3009 2441 ἐστι
3035 2388 3130 2441 τοῦ
3167 2388 3458 2461 ἀνθρώπου
3494 2393 3529 2462 ή
3570 2392 3706 2464 πρὸς

2116 2479 2178 2533 τὸ
2192 2478 2343 2534 Θεῖον
2372 2480 2653 2552 ὁμοίωσις,
2686 2477 2810 2533 οὔτε
2836 2478 2926 2532 διὰ
2957 2479 3058 2551 τῆς
3084 2481 3274 2552 ἡδονῆς
3298 2483 3331 2553 ή
3363 2478 3706 2554 ὑπερέχουσα

2119 2574 2583 2647 χαρακτηρίζεται
2619 2572 2798 2644 φύσις,
2838 2572 3010 2628 δειλία
3043 2592 3102 2629 τε
3142 2574 3230 2629 καὶ
3274 2574 3497 2647 θράσος,
3542 2578 3701 2648 καὶή

2117 2659 2210 2713 τοῦ
2236 2659 2478 2723 πλείονος
2502 2658 2707 2728 ἔφεσις,
2738 2658 2833 2712 καὶ
2861 2658 2921 2712 τὸ
2946 2659 3084 2730 πρὸς
3125 2659 3185 2712 τὸ
3214 2659 3574 2713 ἐλαττοῦσθαι
3617 2665 3704 2733 μῖ-

2121 2767 2239 2815 σος,
2270 2751 2364 2803 καὶ
2400 2749 2577 2803 πάντα
2618 2748 2689 2803 τά
2724 2747 2950 2802 τοιαῦτα
2997 2749 3185 2822 πόρρω
3228 2749 3320 2803 τοῦ
3365 2750 3705 2822 θεοπρεποῦς

2118 2842 2461 2914 χαρακτῆρός
2482 2844 2619 2896 ἐστι.
2652 2840 2836 2895 Ταῦτα
2865 2842 3045 2896 τοίνυν
3072 2843 3136 2894 ἐκ
3160 2840 3253 2894 τοῦ
3280 2840 3475 2911 ἀλόγου
3506 2845 3705 2916 μέρους

2117 2937 2151 3005 ὴ
2192 2933 2508 3005 ἀνθρωπίνη
2554 2932 2716 3003 φύσις
2753 2933 2892 3005 πρὸς
2932 2933 3129 3005 ἑαυτὴν
3177 2932 3559 3003 ἐφειλκύσατο.
3614 2930 3708 2992 οἷς

2119 3026 2229 3098 γάρ
2249 3028 2282 3097 ὴ
2304 3025 2493 3095 ἄλογος
2515 3025 2627 3097 ζωὴ
2644 3025 2781 3097 πρὸς
2800 3026 3128 3098 συντήρησιν
3146 3024 3343 3096 ἑαυτῆς
3368 3024 3708 3098 ἡσφαλίσθη,

2121 3115 2291 3171 ταῦτα
2323 3118 2461 3190 πρὸς
2481 3120 2572 3174 τὸν
2612 3116 2952 3191 ἀνθρώπινον
2980 3116 3370 3188 μετενεχθέντα
3398 3117 3535 3187 βίον,
3559 3118 3707 3190 πάθη

433 3218 578 3272 enim
615 3206 784 3271 rebus
837 3215 951 3270 vita
986 3215 1275 3270 brutorum
1340 3214 1410 3269 ad
1467 3229 1527 3269 se
1578 3213 2018 3268 conservandum

2125 3181 2379 3269 ἐγένετο..
2416 3200 2588 3273 Θυμῷ
2638 3181 2874 3273 μὲνγὰρ
2924 3181 3269 3272 σῦντηρεῖται
3312 3181 3707 3274 τάὧμόὸόραί

434 3306 648 3361 munita
698 3312 804 3370 est,
852 3323 930 3361 ea:
961 3322 1048 3362 res
1101 3307 1169 3362 ad
1214 3307 1455 3362 hominis
1504 3308 1668 3360 vitam
1720 3306 2019 3370 translatae,

436 3410 566 3458 sunt
598 3402 682 3456 hac
713 3401 846 3471 ipsae
877 3402 946 3457 de
976 3402 1177 3471 quibus
1218 3399 1517 3469 loquimur,
1548 3397 1717 3451 animi
1753 3399 1869 3452 sive
1901 3411 2024 3467 per-

436 3493 819 3558 turbationes,
871 3493 986 3548 sive
1044 3490 1419 3546 aﬂ‘ectiones.‘
1470 3488 1755 3543 lracundia
1811 3488 2023 3544 belluas

435 3579 760 3635 crudivoras
792 3587 977 3635 tuetur
1001 3579 1070 3633 ab
1111 3580 1379 3634 interitu:
1415 3578 1680 3634 fecundas
1728 3578 2024 3647 voluptatis

437 3675 732 3744 appetitus,
767 3673 1013 3729 imbelles
1037 3673 1333 3744 trepidatio
1357 3691 1371 3728 :
1396 3687 1520 3742 quae
1549 3687 1578 3726 a
1604 3670 2023 3727 robustioribus

437 3782 499 3823 se
563 3765 705 3821 tueri
769 3772 1088 3835 nequeunt,
1151 3775 1372 3821 metus:
1441 3764 1679 3836 grandes
1748 3771 2025 3821 sustentat

438 3860 731 3930 ingluvies.
767 3859 1106 3930 Contraque,
1160 3858 1208 3914 si
1261 3874 1374 3929 quo
1426 3858 1590 3928 potiri
1626 3858 1772 3927 quod
1825 3858 2026 3928 volupe

440 3949 513 4004 sit
540 3956 838 4019 nequeant,
876 3948 931 4002 id
958 3948 1207 4002 dolorem
1237 3947 1292 4001 in
1324 3948 1404 4002 eis
1434 3949 1660 4002 excitat.
1691 3946 1817 4002 Hmc
1842 3947 2026 4001 omnia

440 4048 499 4095 et
528 4039 616 4094 his
650 4039 759 4093 alia
815 4038 1129 4092 consimilia
1160 4037 1410 4108 quaedam
1448 4051 1556 4091 una
1588 4052 1714 4092 cum
1769 4052 2031 4108 procrea-

443 4133 593 4188 tione
615 4134 780 4187 bruta
809 4131 1051 4187 hominis
1077 4130 1355 4202 epilicium
1380 4141 1808 4200 occupaverunt.
1839 4129 2029 4186 Liceat

443 4233 627 4280 autem
679 4224 815 4279 mihi
846 4224 951 4279 hoc
983 4224 1103 4279 loco
1152 4223 1220 4279 dc
1252 4223 1597 4295 sculptorum
1645 4224 2026 4295 praestantium

443 4330 617 4386 more,
648 4317 887 4372 hominis
934 4316 1228 4385 imaginem
1263 4315 1319 4369 vi
1372 4316 1645 4373 orationis
1691 4316 2025 4386 exprimere.

443 4408 914 4476 Quemadmodum
947 4408 1095 4463 enim
1136 4407 1328 4461 videre
1357 4413 1440 4461 est
1487 4404 1753 4476 quasdam
1799 4404 2026 4475 elligies,

2124 3288 2407 3359 φιληδονία
2433 3289 2491 3343 δὲ
2522 3290 2593 3342 τὰ
2630 3288 3027 3359 πολυγονοῦντα
3061 3290 3171 3343 τῶν
3204 3286 3358 3353 ζώων
3384 3289 3550 3355 σώζει
3577 3308 3591 3322 ·
3620 3291 3710 3345 τὸν

2124 3381 2349 3436 ἄναλκιν
2379 3384 2412 3454 ή
2435 3382 2627 3449 δειλία,
2657 3383 2749 3436 καὶ
2784 3383 2876 3436 τὸν
2902 3382 3172 3437 εὐάλωτον
3200 3386 3314 3446 τοῖς
3340 3380 3711 3458 ἰσχυροτέροις

2124 3477 2153 3530 ὁ
2195 3476 2389 3545 φόϐος,
2424 3476 2514 3529 τὸν
2550 3475 2608 3528 δὲ
2659 3475 3002 3547 πολύσαρκον
3036 3477 3070 3547 ἡ
3120 3475 3444 3547 λαιμαργία.
3488 3477 3598 3531 Καὶ
3651 3477 3712 3531 τδ

2124 3568 2443 3639 διαμαρτεῖν
2470 3567 2780 3622 οὑτινοσοῦν
2827 3569 2936 3621 τῶν
2966 3566 3089 3621 καθ’
3122 3567 3337 3639 ἡδονὴν,
3378 3567 3557 3638 λύπης
3586 3569 3715 3623 ὑπό-

2127 3657 2277 3722 θεσις
2320 3661 2378 3712 ὲν
2427 3662 2540 3724 τοῖς
2594 3658 2814 3728 ἀλόγοις
2860 3659 2997 3715 ἐστί.
3043 3659 3231 3712 Ταῦτα
3278 3659 3457 3715 πάντα
3502 3660 3602 3714 καὶ
3644 3660 3715 3714 τά

2124 3748 2350 3803 τοιαῦτα
2391 3748 2477 3802 διὰ
2521 3749 2621 3820 τῆς
2656 3747 2961 3819 κτηνὼδους
2998 3749 3268 3818 γενέσεως
3298 3751 3616 3822 συνεισῆλθε
3645 3756 3715 3824 τῇ

2124 3837 2222 3893 τοῦ
2266 3837 2556 3911 ἀνθρώπου
2603 3841 2940 3910 κατασκευῇ.
2975 3838 3086 3892 Καί
3128 3857 3216 3911 μοι
3268 3841 3716 3912 συγκεχωρήσθω

2128 3932 2270 3987 κατά
2309 3950 2431 3986 τινα
2473 3932 2777 4004 πλαστικὴν
2821 3932 3259 4003 θαυματοποιῒαν
3302 3932 3604 4005 διαγράψαι
3638 3935 3717 4007 τῷ

2127 4024 2271 4097 λόγῳ
2312 4024 2413 4096 τὴν
2461 4025 2810 4097 ἀνθρωπίνην
2840 4025 3045 4079 εἰκόνα.
3094 4025 3362 4097 Καθάπερ
3407 4025 3516 4097 γάρ
3565 4026 3719 4081 ἐστιν

2134 4116 2261 4171 ἰδεῖν
2313 4117 2372 4171 έν
2436 4119 2550 4181 τοῖς
2608 4116 2893 4188 πλάσμασι
2942 4115 3042 4181 τὰς
3093 4116 3387 4186 διγλύφους
3453 4118 3712 4191 μορφὰς,

2128 4208 2196 4274 ἃς
2223 4209 2568 4282 μηχανῶνται
2597 4210 2733 4282 πρὸς
2761 4209 3021 4281 ἔκπληξιν
3051 4208 3160 4263 τῶν
3195 4211 3635 4281 ἐντυγχανόντων
3660 4213 3714 4268 οἱ

2129 4301 2199 4357 τά
2243 4303 2471 4356 τοιαῦτα
2513 4301 2976 4373 φιλοτεχνοῦντες,
3005 4303 3103 4373 μιᾷ
3146 4304 3355 4375 κεφαλῇ
3383 4303 3475 4357 δύο
3503 4306 3724 4379 μορφὰς

2131 4394 2442 4467 προσώπων
2482 4393 2987 4465 ὑπχαράσσοντεςυ
3028 4391 3170 4446 οὓτω
3206 4411 3296 4465 μοι
3336 4393 3483 4449 δοκεί
3523 4394 3723 4469 διπλῆν

444 4502 501 4557 in
532 4502 733 4572 quibus
756 4499 958 4571 duplex
1013 4506 1098 4555 est
1143 4513 1409 4569 expressa
1444 4497 1642 4563 forma,
1693 4497 2022 4567 ﬁngentibus

2133 4489 2321 4560 φέρειν
2347 4488 2377 4541 ό
2406 4485 2692 4559 ἄνθρωπος
2719 4485 2855 4558 πρὸς
2902 4483 2973 4539 τά
3004 4485 3220 4539 ἐναντία
3246 4486 3346 4556 τὴν
3388 4488 3721 4560 ὁμοιότηταο

446 4594 549 4650 has
596 4592 905 4649 artificibus
963 4608 1161 4663 magno
1209 4592 1423 4657 studio,
1487 4599 1655 4662 atque
1710 4592 1805 4645 uui
1860 4591 2028 4663 capiti

447 4684 694 4754 geminas
743 4682 996 4736 vultuum
1054 4681 1260 4738 formas
1297 4681 1875 4751 insculpentibusﬂut
1934 4697 2030 4738 eas

448 4785 793 4849 spectatores
836 4775 1073 4844 quodam
1123 4790 1248 4829 cum
1289 4784 1514 4844 stupore
1560 4772 1899 4839 intueantur,
1949 4772 2031 4828 sic

446 4870 584 4926 mihi
611 4878 668 4924 et
713 4868 768 4923 in
801 4867 1024 4923 homine
1055 4866 1252 4938 duplex
1291 4872 1417 4922 esse
1448 4865 1758 4921 similitudo
1786 4865 2028 4934 videtur,

448 4976 680 5033 quarum
716 4960 888 5014 altera
920 4961 1079 5030 longe
1107 4959 1176 5014 ab
1229 4958 1402 5013 altera
1453 4956 1738 5013 dissideat.
1773 4957 2029 5013 Divinum

446 5055 592 5108 enim
621 5050 822 5107 mentis
851 5049 1057 5105 donum
1098 5050 1247 5120 quod
1293 5050 1509 5115 attinet,
1562 5048 2033 5120 pulchritudinem

450 5145 564 5199 haec
603 5159 748 5209 eam,
789 5159 912 5214 quae
945 5144 1003 5198 in
1049 5141 1162 5199 Deo
1200 5150 1307 5205 est,
1356 5142 1566 5210 refert;
1611 5149 1873 5197 caeterum
1923 5156 2035 5213 qua

447 5238 782 5309 cupiditates
831 5237 883 5293 ei
938 5236 1191 5308 quaedam
1254 5239 1479 5303 insunt,
1539 5244 1679 5290 orta:
1742 5251 1805 5291 ex
1866 5234 2035 5290 animi

447 5328 686 5396 morbis,
730 5328 895 5384 etiam
927 5335 1141 5382 naturas
1173 5328 1351 5383 brutae
1405 5328 1741 5399 cognatione
1791 5334 2031 5383 tenetur.

449 5419 642 5491 Itaque
669 5436 1064 5491 nonnunquam
1104 5427 1160 5476 et
1194 5420 1311 5489 ipsa
1339 5419 1481 5475 ratio
1536 5420 1618 5475 sic
1664 5420 2034 5485 obbrutescit,

451 5520 514 5565 ut
559 5514 627 5567 ab
658 5513 946 5569 all'ectionc
987 5526 1120 5582 erga
1174 5511 1394 5565 brutam
1435 5519 1646 5581 partem
1689 5511 1855 5573 vieta,
1889 5508 2040 5578 quod

454 5610 540 5658 est
598 5604 654 5658 in
715 5604 934 5660 homine
992 5604 1557 5674 praestantissimum,
1625 5602 1681 5657 vi
1743 5602 2039 5660 deterioris

457 5695 674 5749 obruat.
698 5692 833 5748 Nam
855 5695 901 5751 si
929 5696 1055 5764 quis
1075 5711 1141 5752 eo
1162 5695 1373 5753 mentis
1392 5692 1709 5749 facultatem
1742 5693 2035 5765 pertrahit,

463 5792 525 5841 ut
559 5788 825 5842 rationem
867 5786 1075 5842 servire
1108 5785 1316 5843 morbis
1348 5786 1519 5843 animi
1551 5793 1711 5859 cogat
1739 5804 1752 5844 :
1785 5802 1869 5842 me
1915 5796 2031 5842 tum

2133 4579 2213 4651 τῷ
2263 4577 2362 4649 μὲν
2409 4575 2633 4630 θεοειδεῖ
2672 4577 2771 4648 τῆς
2801 4575 3041 4640 διανοίας
3085 4575 3223 4648 πρὸς
3265 4576 3325 4629 τὸ
3359 4577 3500 4631 θεῖον
3527 4578 3727 4644 κάλλος

2139 4668 2571 4749 μεμορφωμένος
2596 4707 2612 4733 ,
2664 4670 2784 4731 ταῖς
2835 4667 2894 4720 δὲ
2947 4665 3090 4720 κατά
3141 4667 3313 4730 πάθος
3345 4668 3727 4738 ὲγγινομέναις

2135 4763 2335 4835 ὁρμαῖς
2384 4759 2522 4831 πρὸς
2565 4757 2629 4812 τὸ
2680 4756 2954 4830 κτηνῶδες
3004 4755 3184 4827 φέρων
3243 4756 3341 4828 τὴν
3390 4757 3724 4828 οἰκειότητα.

2137 4852 2407 4916 Πολλάκις
2448 4849 2513 4905 δὲ
2539 4848 2634 4903 καὶ
2662 4850 2690 4904 ὁ
2721 4849 2878 4918 λόγος
2909 4846 3310 4919 ἀποκτηνοῦται
3347 4847 3437 4901 διά
3460 4850 3561 4920 τῆς
3590 4849 3729 4921 πρὸς

2136 4947 2198 5002 τὸ
2225 4946 2418 5014 ἄλογον
2451 4943 2625 5016 ῥοπῆς
2655 4959 2715 4997 τε
2751 4941 2847 4996 καὶ
2883 4939 3199 5005 διαθέσεως,
3233 4940 3634 5008 συγκαλύπτων
3667 4940 3733 4993 τὺ

2134 5040 2380 5110 κρεῖττον
2406 5034 2486 5107 τῷ
2513 5034 2735 5107 χείρονι.
2800 5032 3054 5088 Ἐπειδὰν
3101 5032 3209 5105 γάρ
3251 5049 3337 5095 τις
3383 5031 3521 5102 πρὸς
3551 5031 3732 5085 ταῦτα

2133 5131 2233 5202 τὴν
2256 5128 2601 5200 διανοητικὴν
2628 5127 2907 5199 ἐνέργειαν
2934 5124 3265 5197 καθελκύσῃ,
3319 5125 3413 5178 καὶ
3443 5124 3729 5196 ὑπηρέτην

2135 5222 2390 5295 γενέσθαι
2414 5221 2523 5275 τῶν
2555 5219 2745 5273 παθῶν
2767 5219 2859 5272 τὸν
2886 5217 3146 5289 λογισμὸν
3175 5216 3519 5287 ὲκὸιάσηται,
3547 5234 3731 5288 παραο

2134 5319 2310 5392 τροπή
2344 5335 2429 5382 τις
2459 5317 2668 5387 γίνεται
2695 5314 2790 5369 τοῦ
2835 5312 3041 5384 ἀγαθοῦ
3084 5312 3432 5385 χαρακτῆρος
3462 5312 3601 5383 πρὸς
3630 5312 3731 5384 τὴν

2143 5413 2336 5483 ἄλογον
2365 5411 2577 5475 εἰκόνα,
2623 5408 2804 5479 πάσης
2830 5407 2964 5479 πρὸς
2989 5404 3147 5460 τοῦτο
3174 5404 3735 5477 μεταχαρασσομένης

2143 5508 2243 5580 τῆς
2272 5505 2507 5576 φύσεως,
2537 5501 2789 5572 καθάπερ
2813 5498 3185 5571 γεωργοῦντος
3215 5497 3310 5551 τοῦ
3343 5496 3607 5568 λογισμοῦ
3632 5496 3734 5560 τὰς

2141 5599 2252 5654 τῶν
2283 5596 2623 5669 παθημάτων
2669 5594 2845 5666 ἀρχὰς
2865 5633 2881 5659 ,
2927 5594 3021 5647 καὶ
3062 5592 3130 5646 δι’
3162 5591 3356 5659 ὀλίγων
3399 5594 3479 5654 είς
3528 5590 3736 5661 πλῆθος

2141 5690 2485 5756 ὲπαύξοντος.
2541 5687 2653 5758 Τὴν
2678 5687 2787 5756 γάρ
2812 5687 2943 5758 παρ’
2970 5684 3167 5739 ἑαυτοῦ
3199 5682 3491 5755 συνεργίαν
3521 5685 3738 5754 χρήσας

2142 5784 2221 5858 τῷ
2251 5783 2433 5849 πάθει,
2480 5781 2744 5854 πολύχουν
2789 5780 2881 5835 καὶ
2927 5778 3213 5850 ἀμφιλαφῆ
3244 5778 3341 5850 τὴν
3371 5777 3479 5833 τῶν
3513 5777 3735 5834 ἀτόπων
