  <div class='ocr_page' id='page_1' title='image "/cluster/home/n/w/nwhite01/storage/ocr_20150623/44:no.1/coo.31924054869445/104.png"; bbox 0 0 3890 6394; ppageno 0'>
   <div class='ocr_carea' id='block_1_1' title="bbox 160 479 1778 551">
    <p class='ocr_par' dir='ltr' id='par_1_1' title="bbox 160 479 1776 542">
     <span class='ocr_line' id='line_1_1' title="bbox 160 479 1776 542; baseline -0.002 0"><span class='ocrx_word' id='word_1_1' title='bbox 160 484 259 542; x_wconf 73' lang='grc'><strong>195</strong></span> <span class='ocrx_word' id='word_1_2' title='bbox 1422 479 1511 539; x_wconf 79' lang='lat' dir='ltr'><strong>DF.</strong></span> <span class='ocrx_word' id='word_1_3' title='bbox 1560 482 1776 539; x_wconf 73' lang='lat' dir='ltr'><strong>HOMIN</strong></span> 
     </span>
    </p>
   </div>
   <div class='ocr_carea' id='block_1_2' title="bbox 1882 479 3467 551">
    <p class='ocr_par' dir='ltr' id='par_1_2' title="bbox 1887 480 3467 551">
     <span class='ocr_line' id='line_1_2' title="bbox 1887 480 3467 551; baseline 0.006 -12"><span class='ocrx_word' id='word_1_4' title='bbox 1887 480 2200 540; x_wconf 82' lang='lat' dir='ltr'><strong>OPlFlClO.</strong></span> <span class='ocrx_word' id='word_1_5' title='bbox 2612 514 2621 519; x_wconf 67' lang='grc' dir='ltr'><strong><em>σ</em></strong></span> <span class='ocrx_word' id='word_1_6' title='bbox 3359 489 3467 551; x_wconf 69' lang='grc' dir='ltr'>ιρι</span> 
     </span>
    </p>
   </div>
   <div class='ocr_carea' id='block_1_3' title="bbox 164 593 1778 675">
    <p class='ocr_par' dir='ltr' id='par_1_3' title="bbox 164 593 1778 675">
     <span class='ocr_line' id='line_1_3' title="bbox 164 593 1778 675; baseline 0 -19"><span class='ocrx_word' id='word_1_7' title='bbox 164 603 375 670; x_wconf 74' lang='grc' dir='ltr'>γένεσιν</span> <span class='ocrx_word' id='word_1_8' title='bbox 425 593 840 673; x_wconf 82' lang='grc' dir='ltr'>ἀπειργάσατο.</span> <span class='ocrx_word' id='word_1_9' title='bbox 888 600 1076 664; x_wconf 76' lang='grc' dir='ltr'>Οὕτως</span> <span class='ocrx_word' id='word_1_10' title='bbox 1120 600 1155 671; x_wconf 85' lang='grc' dir='ltr'><strong>ἡ</strong></span> <span class='ocrx_word' id='word_1_11' title='bbox 1210 598 1492 672; x_wconf 78' lang='grc' dir='ltr'><strong>φιληδονία</strong></span> <span class='ocrx_word' id='word_1_12' title='bbox 1537 603 1639 675; x_wconf 78' lang='grc' dir='ltr'><strong>τὴν</strong></span> <span class='ocrx_word' id='word_1_13' title='bbox 1684 600 1778 671; x_wconf 82' lang='grc' dir='ltr'><strong>μὲν</strong></span> 
     </span>
    </p>
   </div>
   <div class='ocr_carea' id='block_1_4' title="bbox 1882 593 3467 675">
    <p class='ocr_par' dir='ltr' id='par_1_4' title="bbox 1888 600 3467 675">
     <span class='ocr_line' id='line_1_4' title="bbox 1888 600 3467 675; baseline 0.004 -19"><span class='ocrx_word' id='word_1_14' title='bbox 1888 601 2145 657; x_wconf 82' lang='lat' dir='ltr'><strong>universa</strong></span> <span class='ocrx_word' id='word_1_15' title='bbox 2195 607 2393 655; x_wconf 88' lang='lat' dir='ltr'><strong>natura</strong></span> <span class='ocrx_word' id='word_1_16' title='bbox 2440 600 2498 656; x_wconf 94' lang='lat' dir='ltr'><strong>in</strong></span> <span class='ocrx_word' id='word_1_17' title='bbox 2551 601 2714 656; x_wconf 77' lang='lat' dir='ltr'><strong>altam</strong></span> <span class='ocrx_word' id='word_1_18' title='bbox 2754 602 2915 672; x_wconf 90' lang='lat' dir='ltr'><strong>quasi</strong></span> <span class='ocrx_word' id='word_1_19' title='bbox 2963 602 3194 675; x_wconf 98' lang='lat' dir='ltr'><strong>ﬁguram</strong></span> <span class='ocrx_word' id='word_1_20' title='bbox 3223 608 3467 669; x_wconf 85' lang='lat' dir='ltr'><strong>redacta,</strong></span> 
     </span>
    </p>
   </div>
   <div class='ocr_carea' id='block_1_5' title="bbox 162 691 1778 767">
    <p class='ocr_par' dir='ltr' id='par_1_5' title="bbox 162 691 1778 767">
     <span class='ocr_line' id='line_1_5' title="bbox 162 691 1778 767; baseline 0.001 -22"><span class='ocrx_word' id='word_1_21' title='bbox 162 691 329 765; x_wconf 82' lang='grc' dir='ltr'>ἀρχὴν</span> <span class='ocrx_word' id='word_1_22' title='bbox 360 692 533 764; x_wconf 67' lang='grc' dir='ltr'>ἔσχεν</span> <span class='ocrx_word' id='word_1_23' title='bbox 565 695 640 748; x_wconf 79' lang='grc' dir='ltr'>ἐκ</span> <span class='ocrx_word' id='word_1_24' title='bbox 666 694 764 765; x_wconf 80' lang='grc' dir='ltr'>τῆς</span> <span class='ocrx_word' id='word_1_25' title='bbox 798 693 936 767; x_wconf 79' lang='grc' dir='ltr'>πρὸς</span> <span class='ocrx_word' id='word_1_26' title='bbox 966 692 1029 746; x_wconf 80' lang='grc' dir='ltr'>τὺ</span> <span class='ocrx_word' id='word_1_27' title='bbox 1071 692 1266 761; x_wconf 79' lang='grc' dir='ltr'>ἄλογον</span> <span class='ocrx_word' id='word_1_28' title='bbox 1292 691 1626 763; x_wconf 85' lang='grc' dir='ltr'>ὁμοιώσεως,</span> <span class='ocrx_word' id='word_1_29' title='bbox 1663 691 1778 746; x_wconf 81' lang='grc' dir='ltr'>ἀλλ’</span> 
     </span>
    </p>
   </div>
   <div class='ocr_carea' id='block_1_6' title="bbox 1882 691 3467 767">
    <p class='ocr_par' dir='ltr' id='par_1_6' title="bbox 1888 691 3467 765">
     <span class='ocr_line' id='line_1_6' title="bbox 1888 691 3467 765; baseline 0.005 -18"><span class='ocrx_word' id='word_1_30' title='bbox 1888 694 2104 749; x_wconf 67' lang='lat' dir='ltr'><strong>eximiae</strong></span> <span class='ocrx_word' id='word_1_31' title='bbox 2136 691 2324 748; x_wconf 82' lang='lat' dir='ltr'><strong>formae</strong></span> <span class='ocrx_word' id='word_1_32' title='bbox 2354 694 2408 746; x_wconf 93' lang='lat' dir='ltr'><strong>in</strong></span> <span class='ocrx_word' id='word_1_33' title='bbox 2440 693 2736 764; x_wconf 80' lang='lat' dir='ltr'><strong>imaginem</strong></span> <span class='ocrx_word' id='word_1_34' title='bbox 2760 694 2980 750; x_wconf 90' lang='lat' dir='ltr'><strong>brutam</strong></span> <span class='ocrx_word' id='word_1_35' title='bbox 3002 695 3061 750; x_wconf 87' lang='lat' dir='ltr'><strong>ﬁt</strong></span> <span class='ocrx_word' id='word_1_36' title='bbox 3086 701 3467 765; x_wconf 89' lang='lat' dir='ltr'><strong>commutatio,</strong></span> 
     </span>
    </p>
   </div>
   <div class='ocr_carea' id='block_1_7' title="bbox 164 782 1778 858">
    <p class='ocr_par' dir='ltr' id='par_1_7' title="bbox 164 784 1776 858">
     <span class='ocr_line' id='line_1_7' title="bbox 164 784 1776 858; baseline -0.001 -20"><span class='ocrx_word' id='word_1_37' title='bbox 164 786 218 839; x_wconf 75' lang='grc' dir='ltr'>ὲν</span> <span class='ocrx_word' id='word_1_38' title='bbox 265 787 383 849; x_wconf 78' lang='grc' dir='ltr'>τοῖς</span> <span class='ocrx_word' id='word_1_39' title='bbox 445 785 829 857; x_wconf 77' lang='grc' dir='ltr'>ἀνθρωπίνοις</span> <span class='ocrx_word' id='word_1_40' title='bbox 885 784 1323 858; x_wconf 88' lang='grc' dir='ltr'>πλημμελήμασι</span> <span class='ocrx_word' id='word_1_41' title='bbox 1383 784 1734 856; x_wconf 84' lang='grc' dir='ltr'>προσηυξήθη</span> <span class='ocrx_word' id='word_1_42' title='bbox 1761 825 1776 848; x_wconf 94' lang='grc'><strong>,</strong></span> 
     </span>
    </p>
   </div>
   <div class='ocr_carea' id='block_1_8' title="bbox 1882 782 3471 858">
    <p class='ocr_par' dir='ltr' id='par_1_8' title="bbox 1885 782 3471 853">
     <span class='ocr_line' id='line_1_8' title="bbox 1885 782 3471 853; baseline 0.004 -15"><span class='ocrx_word' id='word_1_43' title='bbox 1885 782 2101 838; x_wconf 75' lang='lat' dir='ltr'><strong>ratione</strong></span> <span class='ocrx_word' id='word_1_44' title='bbox 2132 783 2360 838; x_wconf 84' lang='lat' dir='ltr'><strong>morbos</strong></span> <span class='ocrx_word' id='word_1_45' title='bbox 2391 783 2517 837; x_wconf 91' lang='lat' dir='ltr'><strong>illos</strong></span> <span class='ocrx_word' id='word_1_46' title='bbox 2550 783 2704 853; x_wconf 87' lang='lat' dir='ltr'><strong>ipsos</strong></span> <span class='ocrx_word' id='word_1_47' title='bbox 2758 785 3063 849; x_wconf 82' lang='lat' dir='ltr'><strong>excolente,</strong></span> <span class='ocrx_word' id='word_1_48' title='bbox 3099 801 3163 842; x_wconf 92' lang='lat' dir='ltr'><strong>ac</strong></span> <span class='ocrx_word' id='word_1_49' title='bbox 3196 787 3353 844; x_wconf 82' lang='lat' dir='ltr'><strong>brevi</strong></span> <span class='ocrx_word' id='word_1_50' title='bbox 3400 788 3471 845; x_wconf 88' lang='lat' dir='ltr'><strong>de</strong></span> 
     </span>
    </p>
   </div>
   <div class='ocr_carea' id='block_1_9' title="bbox 162 874 1778 950">
    <p class='ocr_par' dir='ltr' id='par_1_9' title="bbox 162 875 1778 950">
     <span class='ocr_line' id='line_1_9' title="bbox 162 875 1778 950; baseline 0.001 -21"><span class='ocrx_word' id='word_1_51' title='bbox 162 875 428 942; x_wconf 79' lang='grc' dir='ltr'><strong>τοσαύτας</strong></span> <span class='ocrx_word' id='word_1_52' title='bbox 473 878 756 950; x_wconf 82' lang='grc' dir='ltr'>διαφορὰς</span> <span class='ocrx_word' id='word_1_53' title='bbox 803 878 913 932; x_wconf 86' lang='grc' dir='ltr'>τῶν</span> <span class='ocrx_word' id='word_1_54' title='bbox 958 877 1103 934; x_wconf 86' lang='grc' dir='ltr'><strong>κατά</strong></span> <span class='ocrx_word' id='word_1_55' title='bbox 1142 877 1241 948; x_wconf 79' lang='grc' dir='ltr'><strong>τὴν</strong></span> <span class='ocrx_word' id='word_1_56' title='bbox 1293 877 1483 948; x_wconf 83' lang='grc' dir='ltr'>ἡδονὴν</span> <span class='ocrx_word' id='word_1_57' title='bbox 1528 878 1778 949; x_wconf 84' lang='grc' dir='ltr'>ἁμαρτα-</span> 
     </span>
    </p>
   </div>
   <div class='ocr_carea' id='block_1_10' title="bbox 1882 874 3468 950">
    <p class='ocr_par' dir='ltr' id='par_1_10' title="bbox 1886 874 3468 945">
     <span class='ocr_line' id='line_1_10' title="bbox 1886 874 3468 945; baseline 0.004 -18"><span class='ocrx_word' id='word_1_58' title='bbox 1886 875 2081 944; x_wconf 91' lang='lat' dir='ltr'><strong>paucis</strong></span> <span class='ocrx_word' id='word_1_59' title='bbox 2110 889 2364 944; x_wconf 86' lang='lat' dir='ltr'><strong>magnam</strong></span> <span class='ocrx_word' id='word_1_60' title='bbox 2396 888 2587 929; x_wconf 88' lang='lat' dir='ltr'><strong>eorum</strong></span> <span class='ocrx_word' id='word_1_61' title='bbox 2637 874 2851 945; x_wconf 90' lang='lat' dir='ltr'><strong>c0piam</strong></span> <span class='ocrx_word' id='word_1_62' title='bbox 2885 875 3176 932; x_wconf 77' lang='lat' dir='ltr'><strong>efﬁciente.</strong></span> <span class='ocrx_word' id='word_1_63' title='bbox 3235 877 3468 935; x_wconf 90' lang='lat' dir='ltr'><strong>Omnem</strong></span> 
     </span>
    </p>
   </div>
   <div class='ocr_carea' id='block_1_11' title="bbox 164 966 1778 1042">
    <p class='ocr_par' dir='ltr' id='par_1_11' title="bbox 164 968 1778 1042">
     <span class='ocr_line' id='line_1_11' title="bbox 164 968 1778 1042; baseline 0 -21"><span class='ocrx_word' id='word_1_64' title='bbox 164 968 400 1041; x_wconf 81' lang='grc' dir='ltr'><strong>νομένων</strong></span> <span class='ocrx_word' id='word_1_65' title='bbox 442 973 797 1042; x_wconf 82' lang='grc' dir='ltr'><strong>γεννήσασα,</strong></span> <span class='ocrx_word' id='word_1_66' title='bbox 831 971 963 1034; x_wconf 85' lang='grc' dir='ltr'>ὅσας</span> <span class='ocrx_word' id='word_1_67' title='bbox 1008 971 1066 1023; x_wconf 80' lang='grc' dir='ltr'><strong>ὲν</strong></span> <span class='ocrx_word' id='word_1_68' title='bbox 1094 971 1208 1032; x_wconf 88' lang='grc' dir='ltr'>τοῖς</span> <span class='ocrx_word' id='word_1_69' title='bbox 1254 968 1468 1037; x_wconf 79' lang='grc' dir='ltr'><strong>ἀλόγοις</strong></span> <span class='ocrx_word' id='word_1_70' title='bbox 1499 969 1600 1022; x_wconf 78' lang='grc' dir='ltr'>οὐκ</span> <span class='ocrx_word' id='word_1_71' title='bbox 1632 968 1778 1022; x_wconf 81' lang='grc' dir='ltr'>ἔστιν</span> 
     </span>
    </p>
   </div>
   <div class='ocr_carea' id='block_1_12' title="bbox 1882 966 3471 1042">
    <p class='ocr_par' dir='ltr' id='par_1_12' title="bbox 1884 966 3471 1042">
     <span class='ocr_line' id='line_1_12' title="bbox 1884 966 3471 1042; baseline 0.004 -21"><span class='ocrx_word' id='word_1_72' title='bbox 1884 967 2029 1021; x_wconf 91' lang='lat' dir='ltr'><strong>enim</strong></span> <span class='ocrx_word' id='word_1_73' title='bbox 2062 981 2285 1037; x_wconf 85' lang='lat' dir='ltr'><strong>operam</strong></span> <span class='ocrx_word' id='word_1_74' title='bbox 2327 966 2598 1023; x_wconf 64' lang='lat' dir='ltr'><strong>suam’eis</strong></span> <span class='ocrx_word' id='word_1_75' title='bbox 2625 968 2783 1037; x_wconf 88' lang='lat' dir='ltr'><strong>quasi</strong></span> <span class='ocrx_word' id='word_1_76' title='bbox 2811 968 3023 1036; x_wconf 89' lang='lat' dir='ltr'><strong>locans,</strong></span> <span class='ocrx_word' id='word_1_77' title='bbox 3049 970 3180 1027; x_wconf 83' lang='lat' dir='ltr'><strong>facit</strong></span> <span class='ocrx_word' id='word_1_78' title='bbox 3206 980 3267 1027; x_wconf 89' lang='lat' dir='ltr'><strong>ut</strong></span> <span class='ocrx_word' id='word_1_79' title='bbox 3289 973 3471 1042; x_wconf 89' lang='lat' dir='ltr'><strong>ampla</strong></span> 
     </span>
    </p>
   </div>
   <div class='ocr_carea' id='block_1_13' title="bbox 166 1053 1778 1133">
    <p class='ocr_par' dir='ltr' id='par_1_13' title="bbox 166 1057 1778 1133">
     <span class='ocr_line' id='line_1_13' title="bbox 166 1057 1778 1133; baseline 0.001 -23"><span class='ocrx_word' id='word_1_80' title='bbox 166 1057 363 1129; x_wconf 80' lang='grc' dir='ltr'><strong>εὑρεῖν.</strong></span> <span class='ocrx_word' id='word_1_81' title='bbox 398 1057 605 1123; x_wconf 80' lang='grc' dir='ltr'><strong>Οὕτως</strong></span> <span class='ocrx_word' id='word_1_82' title='bbox 639 1060 673 1131; x_wconf 84' lang='grc' dir='ltr'>ὴ</span> <span class='ocrx_word' id='word_1_83' title='bbox 724 1060 862 1133; x_wconf 84' lang='grc' dir='ltr'>πρὸς</span> <span class='ocrx_word' id='word_1_84' title='bbox 910 1060 1002 1112; x_wconf 69' lang='grc' dir='ltr'><strong>τὴν</strong></span> <span class='ocrx_word' id='word_1_85' title='bbox 1049 1057 1222 1130; x_wconf 76' lang='grc' dir='ltr'>θυμὸν</span> <span class='ocrx_word' id='word_1_86' title='bbox 1267 1058 1618 1122; x_wconf 87' lang='grc' dir='ltr'>διανάστασις</span> <span class='ocrx_word' id='word_1_87' title='bbox 1649 1075 1778 1128; x_wconf 88' lang='grc' dir='ltr'>συγ-</span> 
     </span>
    </p>
   </div>
   <div class='ocr_carea' id='block_1_14' title="bbox 1882 1053 3470 1133">
    <p class='ocr_par' dir='ltr' id='par_1_14' title="bbox 1882 1053 3470 1124">
     <span class='ocr_line' id='line_1_14' title="bbox 1882 1053 3470 1124; baseline 0.006 -17"><span class='ocrx_word' id='word_1_88' title='bbox 1882 1053 2126 1124; x_wconf 79' lang='lat' dir='ltr'><strong>quaedam</strong></span> <span class='ocrx_word' id='word_1_89' title='bbox 2174 1067 2359 1108; x_wconf 91' lang='lat' dir='ltr'><strong>rerum</strong></span> <span class='ocrx_word' id='word_1_90' title='bbox 2424 1055 2794 1111; x_wconf 85' lang='lat' dir='ltr'><strong>absurdarum</strong></span> <span class='ocrx_word' id='word_1_91' title='bbox 2846 1072 2910 1114; x_wconf 90' lang='lat' dir='ltr'><strong>ac</strong></span> <span class='ocrx_word' id='word_1_92' title='bbox 2972 1059 3145 1116; x_wconf 90' lang='lat' dir='ltr'><strong>densa</strong></span> <span class='ocrx_word' id='word_1_93' title='bbox 3201 1061 3470 1116; x_wconf 79' lang='lat' dir='ltr'><strong>materies</strong></span> 
     </span>
    </p>
   </div>
   <div class='ocr_carea' id='block_1_15' title="bbox 174 1142 1778 1225">
    <p class='ocr_par' dir='ltr' id='par_1_15' title="bbox 174 1150 1778 1225">
     <span class='ocr_line' id='line_1_15' title="bbox 174 1150 1778 1225; baseline 0.001 -22"><span class='ocrx_word' id='word_1_94' title='bbox 174 1150 333 1222; x_wconf 79' lang='grc' dir='ltr'>γενὴς</span> <span class='ocrx_word' id='word_1_95' title='bbox 383 1152 488 1223; x_wconf 83' lang='grc' dir='ltr'><strong>μὲν</strong></span> <span class='ocrx_word' id='word_1_96' title='bbox 523 1153 654 1206; x_wconf 73' lang='grc' dir='ltr'>ἐστι</span> <span class='ocrx_word' id='word_1_97' title='bbox 680 1155 747 1225; x_wconf 80' lang='grc' dir='ltr'>τῇ</span> <span class='ocrx_word' id='word_1_98' title='bbox 782 1151 893 1206; x_wconf 86' lang='grc' dir='ltr'><strong>τῶν</strong></span> <span class='ocrx_word' id='word_1_99' title='bbox 926 1151 1138 1221; x_wconf 85' lang='grc' dir='ltr'><strong>ἀλόγων</strong></span> <span class='ocrx_word' id='word_1_100' title='bbox 1169 1153 1336 1223; x_wconf 83' lang='grc' dir='ltr'>ὁρμῇ,</span> <span class='ocrx_word' id='word_1_101' title='bbox 1373 1150 1595 1217; x_wconf 75' lang='grc' dir='ltr'>αὔξεται</span> <span class='ocrx_word' id='word_1_102' title='bbox 1626 1151 1683 1205; x_wconf 83' lang='grc' dir='ltr'>δὲ</span> <span class='ocrx_word' id='word_1_103' title='bbox 1713 1153 1778 1222; x_wconf 82' lang='grc' dir='ltr'>τῇ</span> 
     </span>
    </p>
   </div>
   <div class='ocr_carea' id='block_1_16' title="bbox 1882 1142 3471 1225">
    <p class='ocr_par' dir='ltr' id='par_1_16' title="bbox 1882 1142 3471 1218">
     <span class='ocr_line' id='line_1_16' title="bbox 1882 1142 3471 1218; baseline 0.003 -16"><span class='ocrx_word' id='word_1_104' title='bbox 1882 1147 2177 1202; x_wconf 79' lang='lat' dir='ltr'><strong>exoriatur.</strong></span> <span class='ocrx_word' id='word_1_105' title='bbox 2216 1146 2310 1201; x_wconf 88' lang='lat' dir='ltr'><strong>Sic</strong></span> <span class='ocrx_word' id='word_1_106' title='bbox 2336 1162 2462 1203; x_wconf 91' lang='lat' dir='ltr'><strong>cum</strong></span> <span class='ocrx_word' id='word_1_107' title='bbox 2493 1142 2796 1218; x_wconf 81' lang='lat' dir='ltr'><strong>voluptatis</strong></span> <span class='ocrx_word' id='word_1_108' title='bbox 2830 1150 3074 1205; x_wconf 92' lang='lat' dir='ltr'><strong>studium</strong></span> <span class='ocrx_word' id='word_1_109' title='bbox 3104 1166 3170 1207; x_wconf 91' lang='lat' dir='ltr'><strong>ex</strong></span> <span class='ocrx_word' id='word_1_110' title='bbox 3204 1151 3471 1207; x_wconf 92' lang='lat' dir='ltr'><strong>similitu-</strong></span> 
     </span>
    </p>
   </div>
   <div class='ocr_carea' id='block_1_17' title="bbox 170 1242 1778 1316">
    <p class='ocr_par' dir='ltr' id='par_1_17' title="bbox 170 1242 1778 1316">
     <span class='ocr_line' id='line_1_17' title="bbox 170 1242 1778 1316; baseline -0.001 -20"><span class='ocrx_word' id='word_1_111' title='bbox 170 1242 277 1296; x_wconf 85' lang='grc' dir='ltr'>τῶν</span> <span class='ocrx_word' id='word_1_112' title='bbox 324 1242 624 1314; x_wconf 84' lang='grc' dir='ltr'>λογισμῶν</span> <span class='ocrx_word' id='word_1_113' title='bbox 670 1244 977 1316; x_wconf 85' lang='grc' dir='ltr'><strong>συμμαχίᾳ.</strong></span> <span class='ocrx_word' id='word_1_114' title='bbox 1039 1244 1283 1299; x_wconf 80' lang='grc' dir='ltr'>Ἐκεῖθεν</span> <span class='ocrx_word' id='word_1_115' title='bbox 1313 1243 1423 1316; x_wconf 81' lang='grc' dir='ltr'><strong>γὰρ</strong></span> <span class='ocrx_word' id='word_1_116' title='bbox 1461 1245 1496 1316; x_wconf 79' lang='grc' dir='ltr'><strong>ἡ</strong></span> <span class='ocrx_word' id='word_1_117' title='bbox 1544 1243 1722 1315; x_wconf 81' lang='grc' dir='ltr'><strong>μῆνις,</strong></span> <span class='ocrx_word' id='word_1_118' title='bbox 1752 1242 1778 1295; x_wconf 92' lang='lat'><strong>6</strong></span> 
     </span>
    </p>
   </div>
   <div class='ocr_carea' id='block_1_18' title="bbox 1882 1242 3466 1316">
    <p class='ocr_par' dir='ltr' id='par_1_18' title="bbox 1882 1242 3466 1316">
     <span class='ocr_line' id='line_1_18' title="bbox 1882 1242 3466 1316; baseline 0.003 -20"><span class='ocrx_word' id='word_1_119' title='bbox 1882 1243 2029 1309; x_wconf 90' lang='lat' dir='ltr'><strong>dine,</strong></span> <span class='ocrx_word' id='word_1_120' title='bbox 2062 1256 2171 1314; x_wconf 90' lang='lat' dir='ltr'><strong>qua</strong></span> <span class='ocrx_word' id='word_1_121' title='bbox 2202 1243 2365 1299; x_wconf 91' lang='lat' dir='ltr'><strong>bruta</strong></span> <span class='ocrx_word' id='word_1_122' title='bbox 2392 1242 2705 1309; x_wconf 84' lang='lat' dir='ltr'><strong>referimus,</strong></span> <span class='ocrx_word' id='word_1_123' title='bbox 2738 1245 3046 1316; x_wconf 88' lang='lat' dir='ltr'><strong>profectum</strong></span> <span class='ocrx_word' id='word_1_124' title='bbox 3076 1247 3134 1303; x_wconf 91' lang='lat' dir='ltr'><strong>in</strong></span> <span class='ocrx_word' id='word_1_125' title='bbox 3160 1248 3324 1304; x_wconf 89' lang='lat' dir='ltr'><strong>nobis</strong></span> <span class='ocrx_word' id='word_1_126' title='bbox 3351 1248 3425 1304; x_wconf 89' lang='lat' dir='ltr'><strong>sit</strong></span> <span class='ocrx_word' id='word_1_127' title='bbox 3451 1266 3466 1301; x_wconf 89' lang='lat'><strong>:</strong></span> 
     </span>
    </p>
   </div>
   <div class='ocr_carea' id='block_1_19' title="bbox 168 1331 1778 1408">
    <p class='ocr_par' dir='ltr' id='par_1_19' title="bbox 168 1333 1539 1408">
     <span class='ocr_line' id='line_1_19' title="bbox 168 1333 1539 1408; baseline 0.001 -21"><span class='ocrx_word' id='word_1_128' title='bbox 168 1333 375 1403; x_wconf 80' lang='grc' dir='ltr'>φθόνος,</span> <span class='ocrx_word' id='word_1_129' title='bbox 412 1334 478 1388; x_wconf 84' lang='grc' dir='ltr'>τὸ</span> <span class='ocrx_word' id='word_1_130' title='bbox 504 1334 735 1406; x_wconf 77' lang='grc' dir='ltr'>ψεῦδος,</span> <span class='ocrx_word' id='word_1_131' title='bbox 771 1337 805 1408; x_wconf 80' lang='grc' dir='ltr'>ἡ</span> <span class='ocrx_word' id='word_1_132' title='bbox 837 1334 1118 1406; x_wconf 76' lang='grc' dir='ltr'>ἐπιϐουλὴ,</span> <span class='ocrx_word' id='word_1_133' title='bbox 1159 1337 1194 1408; x_wconf 82' lang='grc' dir='ltr'><strong>ἡ</strong></span> <span class='ocrx_word' id='word_1_134' title='bbox 1229 1335 1539 1408; x_wconf 85' lang='grc' dir='ltr'>ὑπόκρισις.</span> 
     </span>
    </p>
   </div>
   <div class='ocr_carea' id='block_1_20' title="bbox 1882 1331 3471 1408">
    <p class='ocr_par' dir='ltr' id='par_1_20' title="bbox 1882 1331 3471 1404">
     <span class='ocr_line' id='line_1_20' title="bbox 1882 1331 3471 1404; baseline 0.004 -18"><span class='ocrx_word' id='word_1_135' title='bbox 1882 1331 2020 1387; x_wconf 89' lang='lat' dir='ltr'><strong>adeo</strong></span> <span class='ocrx_word' id='word_1_136' title='bbox 2048 1336 2230 1388; x_wconf 87' lang='lat' dir='ltr'><strong>tamen</strong></span> <span class='ocrx_word' id='word_1_137' title='bbox 2262 1334 2549 1389; x_wconf 89' lang='lat' dir='ltr'><strong>hominum</strong></span> <span class='ocrx_word' id='word_1_138' title='bbox 2581 1335 2803 1392; x_wconf 84' lang='lat' dir='ltr'><strong>delictis</strong></span> <span class='ocrx_word' id='word_1_139' title='bbox 2835 1338 3029 1404; x_wconf 91' lang='lat' dir='ltr'><strong>crevit,</strong></span> <span class='ocrx_word' id='word_1_140' title='bbox 3061 1349 3123 1393; x_wconf 87' lang='lat' dir='ltr'><strong>ut</strong></span> <span class='ocrx_word' id='word_1_141' title='bbox 3155 1339 3212 1393; x_wconf 93' lang='lat' dir='ltr'><strong>in</strong></span> <span class='ocrx_word' id='word_1_142' title='bbox 3251 1340 3471 1394; x_wconf 89' lang='lat' dir='ltr'><strong>anima-</strong></span> 
     </span>
    </p>
   </div>
   <div class='ocr_carea' id='block_1_21' title="bbox 172 1425 3471 1503">
    <p class='ocr_par' dir='ltr' id='par_1_21' title="bbox 172 1425 3471 1503">
     <span class='ocr_line' id='line_1_21' title="bbox 172 1425 3471 1503; baseline 0.002 -23"><span class='ocrx_word' id='word_1_143' title='bbox 172 1425 313 1482; x_wconf 82' lang='lat' dir='ltr'><strong>libus</strong></span> <span class='ocrx_word' id='word_1_144' title='bbox 369 1428 607 1484; x_wconf 79' lang='lat' dir='ltr'><strong>ratione</strong></span> <span class='ocrx_word' id='word_1_145' title='bbox 663 1430 986 1485; x_wconf 87' lang='lat' dir='ltr'><strong>carentibus</strong></span> <span class='ocrx_word' id='word_1_146' title='bbox 1043 1437 1128 1485; x_wconf 91' lang='lat' dir='ltr'><strong>tot</strong></span> <span class='ocrx_word' id='word_1_147' title='bbox 1182 1431 1529 1501; x_wconf 80' lang='lat' dir='ltr'><strong>voluptatum</strong></span> <span class='ocrx_word' id='word_1_148' title='bbox 1591 1429 1783 1484; x_wconf 84' lang='lat' dir='ltr'><strong>formae</strong></span> <span class='ocrx_word' id='word_1_149' title='bbox 1830 1427 1984 1483; x_wconf 92' lang='lat' dir='ltr'><strong>nullo</strong></span> <span class='ocrx_word' id='word_1_150' title='bbox 2029 1429 2194 1484; x_wconf 88' lang='lat' dir='ltr'><strong>modo</strong></span> <span class='ocrx_word' id='word_1_151' title='bbox 2246 1429 2775 1500; x_wconf 84' lang='lat' dir='ltr'><strong>deprehendantur,</strong></span> <span class='ocrx_word' id='word_1_152' title='bbox 2834 1440 2969 1501; x_wconf 93' lang='lat' dir='ltr'><strong>quot</strong></span> <span class='ocrx_word' id='word_1_153' title='bbox 3036 1432 3471 1503; x_wconf 88' lang='lat' dir='ltr'><strong>voluptariorum</strong></span> 
     </span>
    </p>
   </div>
   <div class='ocr_carea' id='block_1_22' title="bbox 169 1518 3472 1597">
    <p class='ocr_par' dir='ltr' id='par_1_22' title="bbox 169 1518 3472 1597">
     <span class='ocr_line' id='line_1_22' title="bbox 169 1518 3472 1597; baseline 0.003 -25"><span class='ocrx_word' id='word_1_154' title='bbox 169 1518 447 1575; x_wconf 83' lang='lat' dir='ltr'><strong>hominum</strong></span> <span class='ocrx_word' id='word_1_155' title='bbox 482 1523 733 1595; x_wconf 83' lang='lat' dir='ltr'><strong>scelesta</strong></span> <span class='ocrx_word' id='word_1_156' title='bbox 787 1524 959 1579; x_wconf 86' lang='lat' dir='ltr'><strong>libido</strong></span> <span class='ocrx_word' id='word_1_157' title='bbox 1002 1525 1355 1597; x_wconf 82' lang='lat' dir='ltr'><strong>excogitavit.</strong></span> <span class='ocrx_word' id='word_1_158' title='bbox 1412 1525 1507 1581; x_wconf 83' lang='lat' dir='ltr'><strong>Sic</strong></span> <span class='ocrx_word' id='word_1_159' title='bbox 1552 1533 1607 1581; x_wconf 89' lang='lat' dir='ltr'><strong>et</strong></span> <span class='ocrx_word' id='word_1_160' title='bbox 1650 1524 1821 1578; x_wconf 91' lang='lat' dir='ltr'><strong>animi</strong></span> <span class='ocrx_word' id='word_1_161' title='bbox 1876 1525 1946 1578; x_wconf 93' lang='lat' dir='ltr'><strong>ad</strong></span> <span class='ocrx_word' id='word_1_162' title='bbox 2002 1524 2141 1578; x_wconf 88' lang='lat' dir='ltr'><strong>iram</strong></span> <span class='ocrx_word' id='word_1_163' title='bbox 2190 1526 2516 1592; x_wconf 89' lang='lat' dir='ltr'><strong>commotio,</strong></span> <span class='ocrx_word' id='word_1_164' title='bbox 2578 1526 2745 1582; x_wconf 90' lang='lat' dir='ltr'><strong>habet</strong></span> <span class='ocrx_word' id='word_1_165' title='bbox 2793 1526 2886 1581; x_wconf 91' lang='lat' dir='ltr'><strong>illa</strong></span> <span class='ocrx_word' id='word_1_166' title='bbox 2933 1527 3154 1597; x_wconf 90' lang='lat' dir='ltr'><strong>quidem</strong></span> <span class='ocrx_word' id='word_1_167' title='bbox 3216 1526 3472 1582; x_wconf 89' lang='lat' dir='ltr'><strong>nonnihil</strong></span> 
     </span>
    </p>
   </div>
   <div class='ocr_carea' id='block_1_23' title="bbox 171 1609 3474 1707">
    <p class='ocr_par' dir='ltr' id='par_1_23' title="bbox 171 1609 3474 1707">
     <span class='ocr_line' id='line_1_23' title="bbox 171 1609 3474 1707; baseline 0.002 -41"><span class='ocrx_word' id='word_1_168' title='bbox 171 1609 324 1668; x_wconf 75' lang='lat' dir='ltr'><strong>aliine</strong></span> <span class='ocrx_word' id='word_1_169' title='bbox 361 1614 671 1684; x_wconf 88' lang='lat' dir='ltr'><strong>cupiditati</strong></span> <span class='ocrx_word' id='word_1_170' title='bbox 709 1616 1002 1671; x_wconf 85' lang='lat' dir='ltr'><strong>brutorum</strong></span> <span class='ocrx_word' id='word_1_171' title='bbox 1037 1635 1050 1672; x_wconf 92' lang='lat'><strong>:</strong></span> <span class='ocrx_word' id='word_1_172' title='bbox 1083 1634 1274 1674; x_wconf 79' lang='lat' dir='ltr'><strong>verum</strong></span> <span class='ocrx_word' id='word_1_173' title='bbox 1329 1619 1504 1673; x_wconf 89' lang='lat' dir='ltr'><strong>multo</strong></span> <span class='ocrx_word' id='word_1_174' title='bbox 1557 1618 1793 1673; x_wconf 82' lang='lat' dir='ltr'><strong>maxime</strong></span> <span class='ocrx_word' id='word_1_175' title='bbox 1844 1631 1874 1671; x_wconf 91' lang='lat' dir='ltr'><strong>a</strong></span> <span class='ocrx_word' id='word_1_176' title='bbox 1919 1616 2154 1674; x_wconf 88' lang='lat' dir='ltr'><strong>rationis</strong></span> <span class='ocrx_word' id='word_1_177' title='bbox 2193 1633 2297 1707; x_wconf 62' lang='lat' dir='ltr'><strong>ope</strong></span> <span class='ocrx_word' id='word_1_178' title='bbox 2344 1627 2598 1693; x_wconf 79' lang='lat' dir='ltr'><strong>augetur.</strong></span> <span class='ocrx_word' id='word_1_179' title='bbox 2628 1619 2712 1675; x_wconf 83' lang='lat' dir='ltr'><strong>Ab</strong></span> <span class='ocrx_word' id='word_1_180' title='bbox 2765 1620 2870 1675; x_wconf 90' lang='lat' dir='ltr'><strong>hac</strong></span> <span class='ocrx_word' id='word_1_181' title='bbox 2918 1619 3068 1675; x_wconf 88' lang='lat' dir='ltr'><strong>enim</strong></span> <span class='ocrx_word' id='word_1_182' title='bbox 3102 1618 3474 1690; x_wconf 91' lang='lat' dir='ltr'><strong>proﬁciscitur</strong></span> 
     </span>
    </p>
   </div>
   <div class='ocr_carea' id='block_1_24' title="bbox 172 1703 2365 1777">
    <p class='ocr_par' dir='ltr' id='par_1_24' title="bbox 172 1703 2365 1777">
     <span class='ocr_line' id='line_1_24' title="bbox 172 1703 2365 1777; baseline 0.004 -19"><span class='ocrx_word' id='word_1_183' title='bbox 172 1703 425 1760; x_wconf 89' lang='lat' dir='ltr'><strong>diuturna</strong></span> <span class='ocrx_word' id='word_1_184' title='bbox 460 1708 599 1763; x_wconf 86' lang='lat' dir='ltr'><strong>irati</strong></span> <span class='ocrx_word' id='word_1_185' title='bbox 624 1708 791 1763; x_wconf 90' lang='lat' dir='ltr'><strong>animi</strong></span> <span class='ocrx_word' id='word_1_186' title='bbox 822 1710 1118 1773; x_wconf 87' lang='lat' dir='ltr'><strong>acerbitas,</strong></span> <span class='ocrx_word' id='word_1_187' title='bbox 1143 1710 1371 1777; x_wconf 85' lang='lat' dir='ltr'><strong>invidia,</strong></span> <span class='ocrx_word' id='word_1_188' title='bbox 1394 1710 1765 1774; x_wconf 85' lang='lat' dir='ltr'><strong>mendacium,</strong></span> <span class='ocrx_word' id='word_1_189' title='bbox 1792 1709 2029 1775; x_wconf 85' lang='lat' dir='ltr'><strong>insidiae,</strong></span> <span class='ocrx_word' id='word_1_190' title='bbox 2064 1703 2365 1766; x_wconf 83' lang='lat' dir='ltr'><strong>simulatio.</strong></span> 
     </span>
    </p>
   </div>
   <div class='ocr_carea' id='block_1_25' title="bbox 236 1801 1778 1884">
    <p class='ocr_par' dir='ltr' id='par_1_25' title="bbox 236 1801 1778 1884">
     <span class='ocr_line' id='line_1_25' title="bbox 236 1801 1778 1884; baseline 0.005 -30"><span class='ocrx_word' id='word_1_191' title='bbox 236 1801 424 1855; x_wconf 79' lang='grc' dir='ltr'>Ταῦτα</span> <span class='ocrx_word' id='word_1_192' title='bbox 440 1802 738 1884; x_wconf 82' lang='grc' dir='ltr'><strong>πάντατῆς</strong></span> <span class='ocrx_word' id='word_1_193' title='bbox 763 1806 1003 1875; x_wconf 85' lang='grc' dir='ltr'>πονηρᾶς</span> <span class='ocrx_word' id='word_1_194' title='bbox 1018 1804 1112 1859; x_wconf 80' lang='grc' dir='ltr'><strong>τοῦ</strong></span> <span class='ocrx_word' id='word_1_195' title='bbox 1131 1804 1222 1860; x_wconf 82' lang='grc' dir='ltr'><strong>νοῦ</strong></span> <span class='ocrx_word' id='word_1_196' title='bbox 1242 1806 1515 1877; x_wconf 82' lang='grc' dir='ltr'><strong>γεωργίας</strong></span> <span class='ocrx_word' id='word_1_197' title='bbox 1527 1807 1696 1863; x_wconf 81' lang='grc' dir='ltr'>ἐστίν.</span> <span class='ocrx_word' id='word_1_198' title='bbox 1714 1807 1778 1861; x_wconf 72' lang='lat' dir='ltr'><strong>Et</strong></span> 
     </span>
    </p>
   </div>
   <div class='ocr_carea' id='block_1_26' title="bbox 1882 1801 3470 1884">
    <p class='ocr_par' dir='ltr' id='par_1_26' title="bbox 1954 1804 3470 1879">
     <span class='ocr_line' id='line_1_26' title="bbox 1954 1804 3470 1879; baseline 0.001 -21"><span class='ocrx_word' id='word_1_199' title='bbox 1954 1804 2080 1861; x_wconf 64' lang='lat' dir='ltr'><strong>Haec</strong></span> <span class='ocrx_word' id='word_1_200' title='bbox 2135 1808 2322 1862; x_wconf 89' lang='lat' dir='ltr'><strong>omnia</strong></span> <span class='ocrx_word' id='word_1_201' title='bbox 2381 1822 2566 1879; x_wconf 82' lang='lat' dir='ltr'><strong>pravae</strong></span> <span class='ocrx_word' id='word_1_202' title='bbox 2620 1808 2822 1864; x_wconf 90' lang='lat' dir='ltr'><strong>mentis</strong></span> <span class='ocrx_word' id='word_1_203' title='bbox 2868 1808 3030 1878; x_wconf 89' lang='lat' dir='ltr'><strong>quasi</strong></span> <span class='ocrx_word' id='word_1_204' title='bbox 3090 1804 3470 1876; x_wconf 85' lang='lat' dir='ltr'><strong>agricolationi</strong></span> 
     </span>
    </p>
   </div>
   <div class='ocr_carea' id='block_1_27' title="bbox 173 1893 1773 1972">
    <p class='ocr_par' dir='ltr' id='par_1_27' title="bbox 173 1893 1773 1972">
     <span class='ocr_line' id='line_1_27' title="bbox 173 1893 1773 1972; baseline 0.006 -26"><span class='ocrx_word' id='word_1_205' title='bbox 173 1893 277 1965; x_wconf 80' lang='grc' dir='ltr'><strong>γὰρ</strong></span> <span class='ocrx_word' id='word_1_206' title='bbox 292 1896 623 1967; x_wconf 78' lang='grc' dir='ltr'>γυμνωθείη</span> <span class='ocrx_word' id='word_1_207' title='bbox 644 1897 743 1969; x_wconf 84' lang='grc' dir='ltr'><strong>τῆς</strong></span> <span class='ocrx_word' id='word_1_208' title='bbox 756 1899 820 1951; x_wconf 85' lang='grc' dir='ltr'>ὲκ</span> <span class='ocrx_word' id='word_1_209' title='bbox 832 1897 940 1952; x_wconf 87' lang='grc' dir='ltr'><strong>τῶν</strong></span> <span class='ocrx_word' id='word_1_210' title='bbox 955 1898 1231 1971; x_wconf 81' lang='grc' dir='ltr'>λογισμῶν</span> <span class='ocrx_word' id='word_1_211' title='bbox 1263 1901 1577 1972; x_wconf 84' lang='grc' dir='ltr'>συμμαχίας</span> <span class='ocrx_word' id='word_1_212' title='bbox 1590 1899 1650 1954; x_wconf 87' lang='grc' dir='ltr'><strong>τδ</strong></span> <span class='ocrx_word' id='word_1_213' title='bbox 1667 1901 1773 1956; x_wconf 87' lang='grc' dir='ltr'><strong>πά·-</strong></span> 
     </span>
    </p>
   </div>
   <div class='ocr_carea' id='block_1_28' title="bbox 178 1983 1773 2062">
    <p class='ocr_par' dir='ltr' id='par_1_28' title="bbox 178 1983 1773 2062">
     <span class='ocr_line' id='line_1_28' title="bbox 178 1983 1773 2062; baseline 0.006 -26"><span class='ocrx_word' id='word_1_214' title='bbox 178 1983 283 2049; x_wconf 84' lang='grc' dir='ltr'>θος,</span> <span class='ocrx_word' id='word_1_215' title='bbox 310 1984 614 2057; x_wconf 84' lang='grc' dir='ltr'>ὠκύμορός</span> <span class='ocrx_word' id='word_1_216' title='bbox 642 2004 728 2051; x_wconf 90' lang='grc' dir='ltr'><strong>τις</strong></span> <span class='ocrx_word' id='word_1_217' title='bbox 766 1987 860 2040; x_wconf 75' lang='grc' dir='ltr'><strong>καὶ</strong></span> <span class='ocrx_word' id='word_1_218' title='bbox 900 1989 1086 2052; x_wconf 81' lang='grc' dir='ltr'>ἄτονος</span> <span class='ocrx_word' id='word_1_219' title='bbox 1115 1991 1142 2043; x_wconf 97' lang='lat'><strong>6</strong></span> <span class='ocrx_word' id='word_1_220' title='bbox 1161 1989 1333 2062; x_wconf 84' lang='grc' dir='ltr'>θυμὸς</span> <span class='ocrx_word' id='word_1_221' title='bbox 1363 1990 1773 2057; x_wconf 85' lang='grc' dir='ltr'>καταλείπεται,</span> 
     </span>
    </p>
   </div>
   <div class='ocr_carea' id='block_1_29' title="bbox 178 2075 1777 2151">
    <p class='ocr_par' dir='ltr' id='par_1_29' title="bbox 178 2075 1777 2151">
     <span class='ocr_line' id='line_1_29' title="bbox 178 2075 1777 2151; baseline 0.005 -24"><span class='ocrx_word' id='word_1_222' title='bbox 178 2076 525 2146; x_wconf 77' lang='grc' dir='ltr'>πομφόλυγος</span> <span class='ocrx_word' id='word_1_223' title='bbox 550 2077 709 2148; x_wconf 89' lang='grc' dir='ltr'>δίκην</span> <span class='ocrx_word' id='word_1_224' title='bbox 731 2075 864 2148; x_wconf 85' lang='grc' dir='ltr'>όμοῦ</span> <span class='ocrx_word' id='word_1_225' title='bbox 893 2095 951 2132; x_wconf 89' lang='grc' dir='ltr'>τε</span> <span class='ocrx_word' id='word_1_226' title='bbox 980 2079 1283 2151; x_wconf 86' lang='grc' dir='ltr'>γινόμενος,</span> <span class='ocrx_word' id='word_1_227' title='bbox 1318 2082 1411 2135; x_wconf 65' lang='grc' dir='ltr'><strong>καὶ¹</strong></span> <span class='ocrx_word' id='word_1_228' title='bbox 1433 2081 1594 2145; x_wconf 82' lang='grc' dir='ltr'>εὐθὺς</span> <span class='ocrx_word' id='word_1_229' title='bbox 1610 2081 1777 2135; x_wconf 86' lang='grc' dir='ltr'>ἀπολ-</span> 
     </span>
    </p>
   </div>
   <div class='ocr_carea' id='block_1_30' title="bbox 177 2165 1776 2246">
    <p class='ocr_par' dir='ltr' id='par_1_30' title="bbox 177 2165 1776 2246">
     <span class='ocr_line' id='line_1_30' title="bbox 177 2165 1776 2246; baseline 0.005 -27"><span class='ocrx_word' id='word_1_230' title='bbox 177 2165 416 2237; x_wconf 84' lang='grc' dir='ltr'>λύμενος.</span> <span class='ocrx_word' id='word_1_231' title='bbox 443 2168 643 2234; x_wconf 77' lang='grc' dir='ltr'>Οὕτως</span> <span class='ocrx_word' id='word_1_232' title='bbox 658 2171 692 2241; x_wconf 85' lang='grc' dir='ltr'>ὴ</span> <span class='ocrx_word' id='word_1_233' title='bbox 709 2169 818 2223; x_wconf 91' lang='grc' dir='ltr'><strong>τῶν</strong></span> <span class='ocrx_word' id='word_1_234' title='bbox 837 2170 977 2226; x_wconf 87' lang='grc' dir='ltr'>συῶν</span> <span class='ocrx_word' id='word_1_235' title='bbox 1008 2172 1316 2245; x_wconf 79' lang='grc' dir='ltr'>λαιμαργία</span> <span class='ocrx_word' id='word_1_236' title='bbox 1339 2173 1438 2246; x_wconf 81' lang='grc' dir='ltr'>τὴν</span> <span class='ocrx_word' id='word_1_237' title='bbox 1464 2173 1776 2239; x_wconf 83' lang='grc' dir='ltr'>πλεονεξίαν</span> 
     </span>
    </p>
   </div>
   <div class='ocr_carea' id='block_1_31' title="bbox 179 2260 1779 2339">
    <p class='ocr_par' dir='ltr' id='par_1_31' title="bbox 179 2260 1779 2339">
     <span class='ocr_line' id='line_1_31' title="bbox 179 2260 1779 2339; baseline 0.006 -28"><span class='ocrx_word' id='word_1_238' title='bbox 179 2260 485 2331; x_wconf 75' lang='grc' dir='ltr'>εἰσήνεγκε,</span> <span class='ocrx_word' id='word_1_239' title='bbox 513 2262 614 2315; x_wconf 71' lang='grc' dir='ltr'>καὶ</span> <span class='ocrx_word' id='word_1_240' title='bbox 634 2262 697 2315; x_wconf 87' lang='grc' dir='ltr'>τὸ</span> <span class='ocrx_word' id='word_1_241' title='bbox 722 2262 818 2316; x_wconf 81' lang='grc' dir='ltr'>τοῦ</span> <span class='ocrx_word' id='word_1_242' title='bbox 847 2263 1015 2317; x_wconf 80' lang='grc' dir='ltr'>ἵππου</span> <span class='ocrx_word' id='word_1_243' title='bbox 1037 2264 1241 2337; x_wconf 80' lang='grc' dir='ltr'>γαῦρον</span> <span class='ocrx_word' id='word_1_244' title='bbox 1265 2265 1457 2335; x_wconf 82' lang='grc' dir='ltr'>γέγονε</span> <span class='ocrx_word' id='word_1_245' title='bbox 1486 2265 1588 2337; x_wconf 83' lang='grc' dir='ltr'><strong>τῆς</strong></span> <span class='ocrx_word' id='word_1_246' title='bbox 1609 2268 1779 2339; x_wconf 82' lang='grc' dir='ltr'>ὑπερ-</span> 
     </span>
    </p>
   </div>
   <div class='ocr_carea' id='block_1_32' title="bbox 181 2350 1778 2431">
    <p class='ocr_par' dir='ltr' id='par_1_32' title="bbox 181 2350 1778 2431">
     <span class='ocr_line' id='line_1_32' title="bbox 181 2350 1778 2431; baseline 0.007 -29"><span class='ocrx_word' id='word_1_247' title='bbox 181 2350 407 2421; x_wconf 82' lang='grc' dir='ltr'>ηφανίας</span> <span class='ocrx_word' id='word_1_248' title='bbox 465 2351 657 2423; x_wconf 75' lang='grc' dir='ltr'>ἀρχήο</span> <span class='ocrx_word' id='word_1_249' title='bbox 719 2353 816 2407; x_wconf 78' lang='grc' dir='ltr'>καὶ</span> <span class='ocrx_word' id='word_1_250' title='bbox 866 2354 935 2408; x_wconf 85' lang='grc' dir='ltr'><strong>τὰ</strong></span> <span class='ocrx_word' id='word_1_251' title='bbox 989 2355 1114 2408; x_wconf 77' lang='grc' dir='ltr'>καθ’</span> <span class='ocrx_word' id='word_1_252' title='bbox 1165 2356 1395 2410; x_wconf 73' lang='grc' dir='ltr'>ἕκαστον</span> <span class='ocrx_word' id='word_1_253' title='bbox 1446 2358 1624 2412; x_wconf 87' lang='grc' dir='ltr'>πάντα</span> <span class='ocrx_word' id='word_1_254' title='bbox 1678 2359 1778 2431; x_wconf 83' lang='grc' dir='ltr'><strong>τῆς</strong></span> 
     </span>
    </p>
   </div>
   <div class='ocr_carea' id='block_1_33' title="bbox 181 2441 1778 2521">
    <p class='ocr_par' dir='ltr' id='par_1_33' title="bbox 181 2441 1778 2521">
     <span class='ocr_line' id='line_1_33' title="bbox 181 2441 1778 2521; baseline 0.006 -28"><span class='ocrx_word' id='word_1_255' title='bbox 181 2441 484 2513; x_wconf 85' lang='grc' dir='ltr'>κτηνώδους</span> <span class='ocrx_word' id='word_1_256' title='bbox 531 2443 762 2514; x_wconf 83' lang='grc' dir='ltr'>ἀλογίας</span> <span class='ocrx_word' id='word_1_257' title='bbox 800 2447 1212 2519; x_wconf 80' lang='grc' dir='ltr'>ἀφορμηθέντα,</span> <span class='ocrx_word' id='word_1_258' title='bbox 1263 2447 1350 2502; x_wconf 83' lang='grc' dir='ltr'>διὰ</span> <span class='ocrx_word' id='word_1_259' title='bbox 1389 2449 1489 2520; x_wconf 83' lang='grc' dir='ltr'>τῆς</span> <span class='ocrx_word' id='word_1_260' title='bbox 1534 2451 1778 2521; x_wconf 75' lang='grc' dir='ltr'>πονηρᾶς</span> 
     </span>
    </p>
   </div>
   <div class='ocr_carea' id='block_1_34' title="bbox 181 2532 1779 2613">
    <p class='ocr_par' dir='ltr' id='par_1_34' title="bbox 181 2532 1779 2613">
     <span class='ocr_line' id='line_1_34' title="bbox 181 2532 1779 2613; baseline 0.006 -26"><span class='ocrx_word' id='word_1_261' title='bbox 181 2532 268 2587; x_wconf 77' lang='grc' dir='ltr'>τοῦ</span> <span class='ocrx_word' id='word_1_262' title='bbox 299 2533 392 2589; x_wconf 80' lang='grc' dir='ltr'>νοῦ</span> <span class='ocrx_word' id='word_1_263' title='bbox 427 2536 689 2608; x_wconf 83' lang='grc' dir='ltr'>χρήσεως</span> <span class='ocrx_word' id='word_1_264' title='bbox 728 2538 898 2592; x_wconf 81' lang='grc' dir='ltr'>κακία</span> <span class='ocrx_word' id='word_1_265' title='bbox 946 2540 1193 2609; x_wconf 60' lang='grc' dir='ltr'>ἐγένετο,</span> <span class='ocrx_word' id='word_1_266' title='bbox 1217 2540 1407 2613; x_wconf 85' lang='grc' dir='ltr'>ὥσπερ</span> <span class='ocrx_word' id='word_1_267' title='bbox 1439 2535 1532 2596; x_wconf 82' lang='grc' dir='ltr'>οὖν</span> <span class='ocrx_word' id='word_1_268' title='bbox 1578 2541 1673 2596; x_wconf 66' lang='grc' dir='ltr'><strong>καὶ</strong></span> <span class='ocrx_word' id='word_1_269' title='bbox 1716 2542 1779 2596; x_wconf 81' lang='grc' dir='ltr'>τὸ</span> 
     </span>
    </p>
   </div>
   <div class='ocr_carea' id='block_1_35' title="bbox 184 2624 1777 2706">
    <p class='ocr_par' dir='ltr' id='par_1_35' title="bbox 184 2624 1777 2706">
     <span class='ocr_line' id='line_1_35' title="bbox 184 2624 1777 2706; baseline 0.007 -28"><span class='ocrx_word' id='word_1_270' title='bbox 184 2624 432 2695; x_wconf 77' lang='grc' dir='ltr'>ἔμπαλιν,</span> <span class='ocrx_word' id='word_1_271' title='bbox 475 2627 645 2700; x_wconf 80' lang='grc' dir='ltr'>εἴπερ</span> <span class='ocrx_word' id='word_1_272' title='bbox 674 2631 703 2683; x_wconf 87' lang='lat'><strong>6</strong></span> <span class='ocrx_word' id='word_1_273' title='bbox 732 2629 993 2702; x_wconf 83' lang='grc' dir='ltr'>λογισμὸς</span> <span class='ocrx_word' id='word_1_274' title='bbox 1020 2631 1130 2686; x_wconf 85' lang='grc' dir='ltr'>τῶν</span> <span class='ocrx_word' id='word_1_275' title='bbox 1162 2633 1417 2687; x_wconf 79' lang='grc' dir='ltr'>τοιούτων</span> <span class='ocrx_word' id='word_1_276' title='bbox 1458 2634 1777 2706; x_wconf 83' lang='grc' dir='ltr'>κινημάτων</span> 
     </span>
    </p>
   </div>
   <div class='ocr_carea' id='block_1_36' title="bbox 182 2716 1776 2796">
    <p class='ocr_par' dir='ltr' id='par_1_36' title="bbox 182 2716 1776 2796">
     <span class='ocr_line' id='line_1_36' title="bbox 182 2716 1776 2796; baseline 0.007 -27"><span class='ocrx_word' id='word_1_277' title='bbox 182 2716 605 2789; x_wconf 64' lang='grc' dir='ltr'>ἀπιμεταλάὅοι</span> <span class='ocrx_word' id='word_1_278' title='bbox 652 2722 714 2776; x_wconf 84' lang='grc' dir='ltr'>τὸ</span> <span class='ocrx_word' id='word_1_279' title='bbox 747 2724 969 2795; x_wconf 85' lang='grc' dir='ltr'>κράτος,</span> <span class='ocrx_word' id='word_1_280' title='bbox 1005 2726 1085 2789; x_wconf 82' lang='grc' dir='ltr'><strong>εἰς</strong></span> <span class='ocrx_word' id='word_1_281' title='bbox 1128 2726 1332 2796; x_wconf 83' lang='grc' dir='ltr'>ἀρετῆς</span> <span class='ocrx_word' id='word_1_282' title='bbox 1376 2721 1515 2790; x_wconf 81' lang='grc' dir='ltr'>εἶδος</span> <span class='ocrx_word' id='word_1_283' title='bbox 1546 2727 1776 2781; x_wconf 72' lang='grc' dir='ltr'>ἕκαστον</span> 
     </span>
    </p>
   </div>
   <div class='ocr_carea' id='block_1_37' title="bbox 183 2807 1779 2890">
    <p class='ocr_par' dir='ltr' id='par_1_37' title="bbox 183 2807 1779 2890">
     <span class='ocr_line' id='line_1_37' title="bbox 183 2807 1779 2890; baseline 0.009 -32"><span class='ocrx_word' id='word_1_284' title='bbox 183 2807 380 2864; x_wconf 86' lang='grc' dir='ltr'>τούτων</span> <span class='ocrx_word' id='word_1_285' title='bbox 411 2812 892 2883; x_wconf 82' lang='grc' dir='ltr'>ἀντιμεθίσταται.</span> <span class='ocrx_word' id='word_1_286' title='bbox 939 2816 1091 2869; x_wconf 86' lang='grc' dir='ltr'><strong>Ποιεῖ</strong></span> <span class='ocrx_word' id='word_1_287' title='bbox 1135 2817 1244 2890; x_wconf 86' lang='grc' dir='ltr'>γὰρ</span> <span class='ocrx_word' id='word_1_288' title='bbox 1272 2817 1302 2870; x_wconf 90' lang='lat'><strong>6</strong></span> <span class='ocrx_word' id='word_1_289' title='bbox 1349 2817 1448 2889; x_wconf 88' lang='grc' dir='ltr'><strong>μὲν</strong></span> <span class='ocrx_word' id='word_1_290' title='bbox 1477 2817 1649 2889; x_wconf 81' lang='grc' dir='ltr'>θυμὸς</span> <span class='ocrx_word' id='word_1_291' title='bbox 1679 2817 1779 2889; x_wconf 80' lang='grc' dir='ltr'><strong>τὴν</strong></span> 
     </span>
    </p>
   </div>
   <div class='ocr_carea' id='block_1_38' title="bbox 188 2897 1778 2979">
    <p class='ocr_par' dir='ltr' id='par_1_38' title="bbox 188 2897 1778 2979">
     <span class='ocr_line' id='line_1_38' title="bbox 188 2897 1778 2979; baseline 0.006 -29"><span class='ocrx_word' id='word_1_292' title='bbox 188 2897 420 2971; x_wconf 85' lang='grc' dir='ltr'>ἀνδρίαν,</span> <span class='ocrx_word' id='word_1_293' title='bbox 454 2902 527 2957; x_wconf 74' lang='grc' dir='ltr'><strong>τὸ</strong></span> <span class='ocrx_word' id='word_1_294' title='bbox 556 2903 613 2957; x_wconf 82' lang='grc' dir='ltr'>δὲ</span> <span class='ocrx_word' id='word_1_295' title='bbox 640 2903 812 2958; x_wconf 77' lang='grc' dir='ltr'>δειλὸν</span> <span class='ocrx_word' id='word_1_296' title='bbox 835 2905 935 2977; x_wconf 82' lang='grc' dir='ltr'><strong>τὴν</strong></span> <span class='ocrx_word' id='word_1_297' title='bbox 961 2906 1280 2976; x_wconf 86' lang='grc' dir='ltr'>ἀσφάλειαν,</span> <span class='ocrx_word' id='word_1_298' title='bbox 1308 2907 1403 2960; x_wconf 72' lang='grc' dir='ltr'>καὶ</span> <span class='ocrx_word' id='word_1_299' title='bbox 1432 2909 1460 2961; x_wconf 90' lang='grc' dir='ltr'><strong>ό</strong></span> <span class='ocrx_word' id='word_1_300' title='bbox 1490 2907 1652 2977; x_wconf 82' lang='grc' dir='ltr'>φόϐος</span> <span class='ocrx_word' id='word_1_301' title='bbox 1678 2907 1778 2979; x_wconf 84' lang='grc' dir='ltr'><strong>τὴν</strong></span> 
     </span>
    </p>
   </div>
   <div class='ocr_carea' id='block_1_39' title="bbox 190 2989 1777 3069">
    <p class='ocr_par' dir='ltr' id='par_1_39' title="bbox 190 2989 1777 3069">
     <span class='ocr_line' id='line_1_39' title="bbox 190 2989 1777 3069; baseline 0.007 -29"><span class='ocrx_word' id='word_1_302' title='bbox 190 2989 525 3060; x_wconf 79' lang='grc' dir='ltr'>εὐπείθειαν,</span> <span class='ocrx_word' id='word_1_303' title='bbox 548 2992 608 3047; x_wconf 79' lang='grc' dir='ltr'>τὸ</span> <span class='ocrx_word' id='word_1_304' title='bbox 632 2996 789 3066; x_wconf 84' lang='grc' dir='ltr'>μῖσος</span> <span class='ocrx_word' id='word_1_305' title='bbox 819 2994 877 3048; x_wconf 84' lang='grc' dir='ltr'>δὲ</span> <span class='ocrx_word' id='word_1_306' title='bbox 907 2996 1005 3067; x_wconf 86' lang='grc' dir='ltr'><strong>τὴν</strong></span> <span class='ocrx_word' id='word_1_307' title='bbox 1039 2996 1141 3067; x_wconf 80' lang='grc' dir='ltr'>τῆς</span> <span class='ocrx_word' id='word_1_308' title='bbox 1170 2997 1371 3061; x_wconf 87' lang='grc' dir='ltr'>κακίας</span> <span class='ocrx_word' id='word_1_309' title='bbox 1406 2997 1777 3069; x_wconf 82' lang='grc' dir='ltr'>ἀποστροφὴν,</span> 
     </span>
    </p>
   </div>
   <div class='ocr_carea' id='block_1_40' title="bbox 191 3081 1777 3160">
    <p class='ocr_par' dir='ltr' id='par_1_40' title="bbox 191 3081 1777 3160">
     <span class='ocr_line' id='line_1_40' title="bbox 191 3081 1777 3160; baseline 0.006 -26"><span class='ocrx_word' id='word_1_310' title='bbox 191 3083 223 3150; x_wconf 80' lang='grc' dir='ltr'>ἡ</span> <span class='ocrx_word' id='word_1_311' title='bbox 249 3081 302 3135; x_wconf 80' lang='grc' dir='ltr'>δὲ</span> <span class='ocrx_word' id='word_1_312' title='bbox 334 3084 664 3157; x_wconf 82' lang='grc' dir='ltr'>ἀγαπητικὴ</span> <span class='ocrx_word' id='word_1_313' title='bbox 709 3086 936 3159; x_wconf 82' lang='grc' dir='ltr'>δύναμις</span> <span class='ocrx_word' id='word_1_314' title='bbox 981 3089 1080 3160; x_wconf 83' lang='grc' dir='ltr'>τὴν</span> <span class='ocrx_word' id='word_1_315' title='bbox 1114 3089 1251 3159; x_wconf 83' lang='grc' dir='ltr'>πρὸς</span> <span class='ocrx_word' id='word_1_316' title='bbox 1281 3090 1342 3143; x_wconf 83' lang='grc' dir='ltr'><strong>τὸ</strong></span> <span class='ocrx_word' id='word_1_317' title='bbox 1368 3088 1586 3160; x_wconf 85' lang='grc' dir='ltr'>ἀληθῶς</span> <span class='ocrx_word' id='word_1_318' title='bbox 1614 3089 1777 3144; x_wconf 83' lang='grc' dir='ltr'>καλὸν</span> 
     </span>
    </p>
   </div>
   <div class='ocr_carea' id='block_1_41' title="bbox 193 3171 1778 3250">
    <p class='ocr_par' dir='ltr' id='par_1_41' title="bbox 193 3171 1778 3250">
     <span class='ocr_line' id='line_1_41' title="bbox 193 3171 1778 3250; baseline 0.008 -28"><span class='ocrx_word' id='word_1_319' title='bbox 193 3171 509 3244; x_wconf 77' lang='grc' dir='ltr'>ἐπιθυμίαν.</span> <span class='ocrx_word' id='word_1_320' title='bbox 556 3176 629 3228; x_wconf 84' lang='grc' dir='ltr'>Τὸ</span> <span class='ocrx_word' id='word_1_321' title='bbox 674 3176 732 3230; x_wconf 87' lang='grc' dir='ltr'>δὲ</span> <span class='ocrx_word' id='word_1_322' title='bbox 779 3177 983 3249; x_wconf 80' lang='grc' dir='ltr'>γαῦρον</span> <span class='ocrx_word' id='word_1_323' title='bbox 1022 3176 1115 3231; x_wconf 80' lang='grc' dir='ltr'>τοῦ</span> <span class='ocrx_word' id='word_1_324' title='bbox 1150 3179 1313 3249; x_wconf 71' lang='grc' dir='ltr'>ἤθους</span> <span class='ocrx_word' id='word_1_325' title='bbox 1349 3179 1639 3250; x_wconf 83' lang='grc' dir='ltr'>ὑπεραίρει</span> <span class='ocrx_word' id='word_1_326' title='bbox 1672 3179 1778 3234; x_wconf 86' lang='grc' dir='ltr'><strong>τῶν</strong></span> 
     </span>
    </p>
   </div>
   <div class='ocr_carea' id='block_1_42' title="bbox 194 3264 1780 3340">
    <p class='ocr_par' dir='ltr' id='par_1_42' title="bbox 194 3264 1780 3340">
     <span class='ocr_line' id='line_1_42' title="bbox 194 3264 1780 3340; baseline 0.006 -24"><span class='ocrx_word' id='word_1_327' title='bbox 194 3264 568 3337; x_wconf 77' lang='grc' dir='ltr'>παθημάτων,</span> <span class='ocrx_word' id='word_1_328' title='bbox 610 3268 704 3321; x_wconf 75' lang='grc' dir='ltr'>καὶ</span> <span class='ocrx_word' id='word_1_329' title='bbox 749 3268 1050 3323; x_wconf 86' lang='grc' dir='ltr'>ἀδούλωτον</span> <span class='ocrx_word' id='word_1_330' title='bbox 1091 3270 1197 3324; x_wconf 80' lang='grc' dir='ltr'><strong>ὑπὸ</strong></span> <span class='ocrx_word' id='word_1_331' title='bbox 1235 3270 1329 3324; x_wconf 80' lang='grc' dir='ltr'><strong>τοῦ</strong></span> <span class='ocrx_word' id='word_1_332' title='bbox 1381 3269 1554 3324; x_wconf 77' lang='grc' dir='ltr'>κακοῦ</span> <span class='ocrx_word' id='word_1_333' title='bbox 1583 3271 1780 3340; x_wconf 85' lang='grc' dir='ltr'>διαφυ-</span> 
     </span>
    </p>
   </div>
   <div class='ocr_carea' id='block_1_43' title="bbox 195 3355 1780 3436">
    <p class='ocr_par' dir='ltr' id='par_1_43' title="bbox 195 3355 1780 3436">
     <span class='ocr_line' id='line_1_43' title="bbox 195 3355 1780 3436; baseline 0.007 -28"><span class='ocrx_word' id='word_1_334' title='bbox 195 3355 372 3411; x_wconf 79' lang='grc' dir='ltr'>λάσσει</span> <span class='ocrx_word' id='word_1_335' title='bbox 417 3360 486 3414; x_wconf 84' lang='grc' dir='ltr'><strong>τὸ</strong></span> <span class='ocrx_word' id='word_1_336' title='bbox 534 3361 843 3433; x_wconf 73' lang='grc' dir='ltr'>φρόνημα.“</span> <span class='ocrx_word' id='word_1_337' title='bbox 886 3363 1132 3418; x_wconf 84' lang='grc' dir='ltr'>Ἐπαινεῖ</span> <span class='ocrx_word' id='word_1_338' title='bbox 1176 3363 1235 3417; x_wconf 83' lang='grc' dir='ltr'>δὲ</span> <span class='ocrx_word' id='word_1_339' title='bbox 1295 3364 1357 3417; x_wconf 86' lang='grc' dir='ltr'>τδ</span> <span class='ocrx_word' id='word_1_340' title='bbox 1400 3364 1640 3418; x_wconf 78' lang='grc' dir='ltr'>τοιοῦτον</span> <span class='ocrx_word' id='word_1_341' title='bbox 1682 3365 1780 3436; x_wconf 86' lang='grc' dir='ltr'>τῆς</span> 
     </span>
    </p>
   </div>
   <div class='ocr_carea' id='block_1_44' title="bbox 199 3448 1780 3528">
    <p class='ocr_par' dir='ltr' id='par_1_44' title="bbox 199 3448 1780 3528">
     <span class='ocr_line' id='line_1_44' title="bbox 199 3448 1780 3528; baseline 0.01 -27"><span class='ocrx_word' id='word_1_342' title='bbox 199 3448 477 3521; x_wconf 81' lang='grc' dir='ltr'>ὲπάρσεως</span> <span class='ocrx_word' id='word_1_343' title='bbox 523 3448 663 3517; x_wconf 74' lang='grc' dir='ltr'>εἶδος</span> <span class='ocrx_word' id='word_1_344' title='bbox 702 3456 798 3508; x_wconf 75' lang='grc' dir='ltr'>καὶ</span> <span class='ocrx_word' id='word_1_345' title='bbox 844 3456 873 3507; x_wconf 87' lang='grc' dir='ltr'>ὁ</span> <span class='ocrx_word' id='word_1_346' title='bbox 919 3454 1092 3527; x_wconf 83' lang='grc' dir='ltr'>μέγας</span> <span class='ocrx_word' id='word_1_347' title='bbox 1144 3455 1487 3521; x_wconf 83' lang='grc' dir='ltr'>Ἀπόστολος,</span> <span class='ocrx_word' id='word_1_348' title='bbox 1539 3457 1780 3528; x_wconf 82' lang='grc' dir='ltr'>συνεχῶς</span> 
     </span>
    </p>
   </div>
   <div class='ocr_carea' id='block_1_45' title="bbox 199 3536 1783 3617">
    <p class='ocr_par' dir='ltr' id='par_1_45' title="bbox 199 3536 1783 3617">
     <span class='ocr_line' id='line_1_45' title="bbox 199 3536 1783 3617; baseline 0.009 -30"><span class='ocrx_word' id='word_1_349' title='bbox 199 3536 615 3612; x_wconf 81' lang='grc' dir='ltr'>ἐγκελευόμενος</span> <span class='ocrx_word' id='word_1_350' title='bbox 654 3541 725 3596; x_wconf 89' lang='grc' dir='ltr'><strong>τά</strong></span> <span class='ocrx_word' id='word_1_351' title='bbox 752 3543 864 3599; x_wconf 78' lang='grc' dir='ltr'>ἄνω</span> <span class='ocrx_word' id='word_1_352' title='bbox 884 3542 1138 3617; x_wconf 61' lang='grc' dir='ltr'>φρονεῖν.</span> <span class='ocrx_word' id='word_1_353' title='bbox 1177 3546 1289 3599; x_wconf 77' lang='grc' dir='ltr'><strong>Καὶ</strong></span> <span class='ocrx_word' id='word_1_354' title='bbox 1316 3544 1490 3610; x_wconf 79' lang='grc' dir='ltr'>οὕτως</span> <span class='ocrx_word' id='word_1_355' title='bbox 1516 3546 1664 3601; x_wconf 76' lang='grc' dir='ltr'>ἐστιν</span> <span class='ocrx_word' id='word_1_356' title='bbox 1693 3547 1783 3602; x_wconf 81' lang='grc' dir='ltr'><strong>εὖ·</strong></span> 
     </span>
    </p>
   </div>
   <div class='ocr_carea' id='block_1_46' title="bbox 203 3632 1781 3711">
    <p class='ocr_par' dir='ltr' id='par_1_46' title="bbox 203 3632 1781 3711">
     <span class='ocr_line' id='line_1_46' title="bbox 203 3632 1781 3711; baseline 0.014 -29"><span class='ocrx_word' id='word_1_357' title='bbox 203 3632 339 3699; x_wconf 85' lang='grc' dir='ltr'><strong>ρείν,</strong></span> <span class='ocrx_word' id='word_1_358' title='bbox 390 3634 480 3688; x_wconf 83' lang='grc' dir='ltr'>ὅτι</span> <span class='ocrx_word' id='word_1_359' title='bbox 530 3635 640 3689; x_wconf 80' lang='grc' dir='ltr'>πᾶν</span> <span class='ocrx_word' id='word_1_360' title='bbox 681 3634 742 3690; x_wconf 72' lang='grc' dir='ltr'><strong>τὸ</strong></span> <span class='ocrx_word' id='word_1_361' title='bbox 789 3635 1030 3691; x_wconf 82' lang='grc' dir='ltr'>τοιοῦτον</span> <span class='ocrx_word' id='word_1_362' title='bbox 1075 3637 1284 3709; x_wconf 86' lang='grc' dir='ltr'>κίνημα</span> <span class='ocrx_word' id='word_1_363' title='bbox 1324 3637 1402 3709; x_wconf 84' lang='grc' dir='ltr'>τῷ</span> <span class='ocrx_word' id='word_1_364' title='bbox 1447 3637 1649 3711; x_wconf 70' lang='grc' dir='ltr'>ὑψηλῷ»</span> <span class='ocrx_word' id='word_1_365' title='bbox 1679 3638 1781 3710; x_wconf 80' lang='grc' dir='ltr'><strong>τῆς</strong></span> 
     </span>
    </p>
   </div>
   <div class='ocr_carea' id='block_1_47' title="bbox 201 3719 1781 3801">
    <p class='ocr_par' dir='ltr' id='par_1_47' title="bbox 201 3719 1781 3801">
     <span class='ocr_line' id='line_1_47' title="bbox 201 3719 1781 3801; baseline 0.007 -27"><span class='ocrx_word' id='word_1_366' title='bbox 201 3719 423 3789; x_wconf 82' lang='grc' dir='ltr'>διανοίας</span> <span class='ocrx_word' id='word_1_367' title='bbox 456 3726 939 3798; x_wconf 85' lang='grc' dir='ltr'>συνεπαιρόμενον,</span> <span class='ocrx_word' id='word_1_368' title='bbox 979 3727 1060 3801; x_wconf 83' lang='grc' dir='ltr'>τῷ</span> <span class='ocrx_word' id='word_1_369' title='bbox 1091 3729 1234 3783; x_wconf 82' lang='grc' dir='ltr'>κατὰ</span> <span class='ocrx_word' id='word_1_370' title='bbox 1269 3728 1370 3801; x_wconf 79' lang='grc' dir='ltr'><strong>τὴν</strong></span> <span class='ocrx_word' id='word_1_371' title='bbox 1403 3729 1555 3784; x_wconf 86' lang='grc' dir='ltr'>θείαν</span> <span class='ocrx_word' id='word_1_372' title='bbox 1595 3731 1781 3786; x_wconf 81' lang='grc' dir='ltr'>εἰκόνα</span> 
     </span>
    </p>
   </div>
   <div class='ocr_carea' id='block_1_48' title="bbox 202 3812 1780 3894">
    <p class='ocr_par' dir='ltr' id='par_1_48' title="bbox 202 3812 1780 3894">
     <span class='ocr_line' id='line_1_48' title="bbox 202 3812 1780 3894; baseline 0.008 -29"><span class='ocrx_word' id='word_1_373' title='bbox 202 3812 374 3869; x_wconf 79' lang='grc' dir='ltr'>κάλλει</span> <span class='ocrx_word' id='word_1_374' title='bbox 403 3818 894 3889; x_wconf 79' lang='grc' dir='ltr'>συσχηματίζεται.</span> <span class='ocrx_word' id='word_1_375' title='bbox 935 3821 1076 3874; x_wconf 84' lang='grc' dir='ltr'>Ἀλλ’</span> <span class='ocrx_word' id='word_1_376' title='bbox 1107 3821 1296 3893; x_wconf 77' lang='grc' dir='ltr'>ἐπειδὴ</span> <span class='ocrx_word' id='word_1_377' title='bbox 1326 3821 1521 3894; x_wconf 80' lang='grc' dir='ltr'>βαρεῖά</span> <span class='ocrx_word' id='word_1_378' title='bbox 1548 3822 1632 3887; x_wconf 89' lang='grc' dir='ltr'><strong>τίς</strong></span> <span class='ocrx_word' id='word_1_379' title='bbox 1662 3823 1780 3878; x_wconf 78' lang='grc' dir='ltr'>ἐστι</span> 
     </span>
    </p>
   </div>
   <div class='ocr_carea' id='block_1_49' title="bbox 204 3904 1781 3986">
    <p class='ocr_par' dir='ltr' id='par_1_49' title="bbox 204 3904 1781 3986">
     <span class='ocr_line' id='line_1_49' title="bbox 204 3904 1781 3986; baseline 0.007 -28"><span class='ocrx_word' id='word_1_380' title='bbox 204 3904 291 3957; x_wconf 71' lang='grc' dir='ltr'>καὶ</span> <span class='ocrx_word' id='word_1_381' title='bbox 333 3910 664 3981; x_wconf 83' lang='grc' dir='ltr'>κατωφερὴς</span> <span class='ocrx_word' id='word_1_382' title='bbox 706 3912 739 3982; x_wconf 82' lang='grc' dir='ltr'><strong>ἡ</strong></span> <span class='ocrx_word' id='word_1_383' title='bbox 784 3912 885 3984; x_wconf 84' lang='grc' dir='ltr'>τῆς</span> <span class='ocrx_word' id='word_1_384' title='bbox 931 3913 1209 3983; x_wconf 85' lang='grc' dir='ltr'>ἁμαρτίας</span> <span class='ocrx_word' id='word_1_385' title='bbox 1253 3915 1393 3986; x_wconf 80' lang='grc' dir='ltr'>ῥοπὴ</span> <span class='ocrx_word' id='word_1_386' title='bbox 1412 3955 1428 3982; x_wconf 91' lang='grc'><strong>,</strong></span> <span class='ocrx_word' id='word_1_387' title='bbox 1485 3914 1672 3968; x_wconf 87' lang='grc' dir='ltr'>πλεῖον</span> <span class='ocrx_word' id='word_1_388' title='bbox 1717 3915 1781 3969; x_wconf 82' lang='grc' dir='ltr'>τὸ</span> 
     </span>
    </p>
   </div>
   <div class='ocr_carea' id='block_1_50' title="bbox 203 3994 1778 4076">
    <p class='ocr_par' dir='ltr' id='par_1_50' title="bbox 203 3994 1778 4076">
     <span class='ocr_line' id='line_1_50' title="bbox 203 3994 1778 4076; baseline 0.008 -29"><span class='ocrx_word' id='word_1_389' title='bbox 203 3994 375 4068; x_wconf 75' lang='grc' dir='ltr'>ἕτερον</span> <span class='ocrx_word' id='word_1_390' title='bbox 423 3999 681 4069; x_wconf 88' lang='grc' dir='ltr'>γίνεται·</span> <span class='ocrx_word' id='word_1_391' title='bbox 731 4002 929 4073; x_wconf 79' lang='grc' dir='ltr'>μᾶλλον</span> <span class='ocrx_word' id='word_1_392' title='bbox 972 4003 1081 4075; x_wconf 77' lang='grc' dir='ltr'><strong>γὰρ</strong></span> <span class='ocrx_word' id='word_1_393' title='bbox 1122 4003 1203 4075; x_wconf 79' lang='grc' dir='ltr'>τῷ</span> <span class='ocrx_word' id='word_1_394' title='bbox 1250 4004 1406 4076; x_wconf 85' lang='grc' dir='ltr'>βάρει</span> <span class='ocrx_word' id='word_1_395' title='bbox 1439 4005 1538 4076; x_wconf 87' lang='grc' dir='ltr'><strong>τῆς</strong></span> <span class='ocrx_word' id='word_1_396' title='bbox 1580 4006 1778 4075; x_wconf 85' lang='grc' dir='ltr'>ἀλόγου</span> 
     </span>
    </p>
   </div>
   <div class='ocr_carea' id='block_1_51' title="bbox 208 4087 1776 4169">
    <p class='ocr_par' dir='ltr' id='par_1_51' title="bbox 208 4087 1776 4169">
     <span class='ocr_line' id='line_1_51' title="bbox 208 4087 1776 4169; baseline 0.009 -28"><span class='ocrx_word' id='word_1_397' title='bbox 208 4087 406 4156; x_wconf 81' lang='grc' dir='ltr'>φύσεως</span> <span class='ocrx_word' id='word_1_398' title='bbox 455 4095 909 4161; x_wconf 81' lang='grc' dir='ltr'>συγκατασπᾶται</span> <span class='ocrx_word' id='word_1_399' title='bbox 956 4094 1020 4149; x_wconf 77' lang='grc' dir='ltr'><strong>τὸ</strong></span> <span class='ocrx_word' id='word_1_400' title='bbox 1060 4096 1386 4168; x_wconf 79' lang='grc' dir='ltr'>ἡγεμονικὸν</span> <span class='ocrx_word' id='word_1_401' title='bbox 1438 4097 1539 4168; x_wconf 82' lang='grc' dir='ltr'><strong>τῆς</strong></span> <span class='ocrx_word' id='word_1_402' title='bbox 1563 4096 1742 4169; x_wconf 80' lang='grc' dir='ltr'>ψυχῆς</span> <span class='ocrx_word' id='word_1_403' title='bbox 1761 4136 1776 4163; x_wconf 82' lang='grc'><strong>,</strong></span> 
     </span>
    </p>
   </div>
   <div class='ocr_carea' id='block_1_52' title="bbox 204 4179 1780 4261">
    <p class='ocr_par' dir='ltr' id='par_1_52' title="bbox 204 4179 1780 4261">
     <span class='ocr_line' id='line_1_52' title="bbox 204 4179 1780 4261; baseline 0.005 -25"><span class='ocrx_word' id='word_1_404' title='bbox 204 4179 336 4255; x_wconf 73' lang='grc' dir='ltr'>ἥπερ</span> <span class='ocrx_word' id='word_1_405' title='bbox 366 4182 445 4256; x_wconf 85' lang='grc' dir='ltr'>τῷ</span> <span class='ocrx_word' id='word_1_406' title='bbox 481 4184 605 4255; x_wconf 78' lang='grc' dir='ltr'>ὕψει</span> <span class='ocrx_word' id='word_1_407' title='bbox 650 4186 752 4257; x_wconf 82' lang='grc' dir='ltr'><strong>τῆς</strong></span> <span class='ocrx_word' id='word_1_408' title='bbox 793 4186 1033 4252; x_wconf 84' lang='grc' dir='ltr'>διανοίας</span> <span class='ocrx_word' id='word_1_409' title='bbox 1078 4188 1140 4241; x_wconf 81' lang='grc' dir='ltr'>τὸ</span> <span class='ocrx_word' id='word_1_410' title='bbox 1184 4188 1323 4261; x_wconf 85' lang='grc' dir='ltr'>βαρύ</span> <span class='ocrx_word' id='word_1_411' title='bbox 1368 4206 1429 4242; x_wconf 86' lang='grc' dir='ltr'>τε</span> <span class='ocrx_word' id='word_1_412' title='bbox 1472 4190 1568 4244; x_wconf 78' lang='grc' dir='ltr'>καὶ</span> <span class='ocrx_word' id='word_1_413' title='bbox 1594 4191 1780 4260; x_wconf 84' lang='grc' dir='ltr'>χοῖκὸν</span> 
     </span>
    </p>
   </div>
   <div class='ocr_carea' id='block_1_53' title="bbox 205 4271 1781 4349">
    <p class='ocr_par' dir='ltr' id='par_1_53' title="bbox 205 4271 1781 4349">
     <span class='ocr_line' id='line_1_53' title="bbox 205 4271 1781 4349; baseline 0.008 -26"><span class='ocrx_word' id='word_1_414' title='bbox 205 4271 514 4344; x_wconf 77' lang='grc' dir='ltr'>ἀνυψοῦται.</span> <span class='ocrx_word' id='word_1_415' title='bbox 568 4275 668 4329; x_wconf 86' lang='grc' dir='ltr'>Διά</span> <span class='ocrx_word' id='word_1_416' title='bbox 697 4276 855 4331; x_wconf 78' lang='grc' dir='ltr'>τοῦτο</span> <span class='ocrx_word' id='word_1_417' title='bbox 887 4277 1149 4342; x_wconf 84' lang='grc' dir='ltr'>πολλάκις</span> <span class='ocrx_word' id='word_1_418' title='bbox 1191 4278 1505 4349; x_wconf 81' lang='grc' dir='ltr'>ἀγνοεῖσθαι</span> <span class='ocrx_word' id='word_1_419' title='bbox 1545 4285 1691 4336; x_wconf 80' lang='grc' dir='ltr'>ποιεῖ</span> <span class='ocrx_word' id='word_1_420' title='bbox 1717 4282 1781 4335; x_wconf 85' lang='grc' dir='ltr'>τὸ</span> 
     </span>
    </p>
   </div>
   <div class='ocr_carea' id='block_1_54' title="bbox 207 4358 1780 4443">
    <p class='ocr_par' dir='ltr' id='par_1_54' title="bbox 207 4358 1780 4443">
     <span class='ocr_line' id='line_1_54' title="bbox 207 4358 1780 4443; baseline 0.006 -27"><span class='ocrx_word' id='word_1_421' title='bbox 207 4359 335 4418; x_wconf 78' lang='grc' dir='ltr'>θετον</span> <span class='ocrx_word' id='word_1_422' title='bbox 370 4366 547 4438; x_wconf 83' lang='grc' dir='ltr'>δῶρον</span> <span class='ocrx_word' id='word_1_423' title='bbox 576 4368 610 4438; x_wconf 79' lang='grc' dir='ltr'>ἡ</span> <span class='ocrx_word' id='word_1_424' title='bbox 639 4367 766 4439; x_wconf 77' lang='grc' dir='ltr'>περὶ</span> <span class='ocrx_word' id='word_1_425' title='bbox 801 4370 949 4441; x_wconf 80' lang='grc' dir='ltr'>ἡμᾶς</span> <span class='ocrx_word' id='word_1_426' title='bbox 990 4367 1264 4441; x_wconf 87' lang='grc' dir='ltr'>ἀθλιότης,</span> <span class='ocrx_word' id='word_1_427' title='bbox 1295 4365 1406 4423; x_wconf 81' lang='grc' dir='ltr'>οἷον</span> <span class='ocrx_word' id='word_1_428' title='bbox 1440 4358 1780 4443; x_wconf 82' lang='grc' dir='ltr'>προσωπεῖον</span> 
     </span>
    </p>
   </div>
   <div class='ocr_carea' id='block_1_55' title="bbox 204 4453 1779 4536">
    <p class='ocr_par' dir='ltr' id='par_1_55' title="bbox 204 4453 1779 4536">
     <span class='ocr_line' id='line_1_55' title="bbox 204 4453 1779 4536; baseline 0.01 -31"><span class='ocrx_word' id='word_1_429' title='bbox 204 4453 428 4527; x_wconf 73' lang='grc' dir='ltr'>εἰδεχθὲς</span> <span class='ocrx_word' id='word_1_430' title='bbox 474 4456 555 4528; x_wconf 76' lang='grc' dir='ltr'>τῷ</span> <span class='ocrx_word' id='word_1_431' title='bbox 601 4459 744 4513; x_wconf 88' lang='grc' dir='ltr'><strong>κατά</strong></span> <span class='ocrx_word' id='word_1_432' title='bbox 787 4460 887 4532; x_wconf 82' lang='grc' dir='ltr'><strong>τὴν</strong></span> <span class='ocrx_word' id='word_1_433' title='bbox 930 4460 1119 4516; x_wconf 78' lang='grc' dir='ltr'>εἰκόνα</span> <span class='ocrx_word' id='word_1_434' title='bbox 1159 4460 1348 4516; x_wconf 84' lang='grc' dir='ltr'>κάλλει</span> <span class='ocrx_word' id='word_1_435' title='bbox 1381 4462 1450 4517; x_wconf 77' lang='grc' dir='ltr'>τὰ</span> <span class='ocrx_word' id='word_1_436' title='bbox 1489 4463 1636 4536; x_wconf 88' lang='grc' dir='ltr'>πάθη</span> <span class='ocrx_word' id='word_1_437' title='bbox 1680 4464 1779 4535; x_wconf 85' lang='grc' dir='ltr'>τῆς</span> 
     </span>
    </p>
   </div>
   <div class='ocr_carea' id='block_1_56' title="bbox 206 4531 1855 4622">
    <p class='ocr_par' dir='ltr' id='par_1_56' title="bbox 206 4531 1855 4622">
     <span class='ocr_line' id='line_1_56' title="bbox 206 4531 1855 4622; baseline 0.006 -25"><span class='ocrx_word' id='word_1_438' title='bbox 206 4546 397 4616; x_wconf 80' lang='grc' dir='ltr'>σαρκὸς</span> <span class='ocrx_word' id='word_1_439' title='bbox 428 4548 858 4607; x_wconf 82' lang='grc' dir='ltr'>ὲπιπλάσσουσα.</span> <span class='ocrx_word' id='word_1_440' title='bbox 890 4550 1100 4607; x_wconf 81' lang='grc' dir='ltr'>Οὐκοῦν</span> <span class='ocrx_word' id='word_1_441' title='bbox 1132 4552 1468 4622; x_wconf 76' lang='grc' dir='ltr'>συγγνωστοὶ</span> <span class='ocrx_word' id='word_1_442' title='bbox 1492 4531 1778 4618; x_wconf 65' lang='grc' dir='ltr'>πώςέίσιν</span> <span class='ocrx_word' id='word_1_443' title='bbox 1809 4531 1855 4587; x_wconf 77' lang='lat' dir='ltr'><strong>D</strong></span> 
     </span>
    </p>
   </div>
   <div class='ocr_carea' id='block_1_57' title="bbox 205 4636 1782 4717">
    <p class='ocr_par' dir='ltr' id='par_1_57' title="bbox 205 4636 1782 4717">
     <span class='ocr_line' id='line_1_57' title="bbox 205 4636 1782 4717; baseline 0.007 -29"><span class='ocrx_word' id='word_1_444' title='bbox 205 4636 250 4689; x_wconf 84' lang='grc' dir='ltr'><strong>οί</strong></span> <span class='ocrx_word' id='word_1_445' title='bbox 275 4640 409 4709; x_wconf 75' lang='grc' dir='ltr'>πρὸς</span> <span class='ocrx_word' id='word_1_446' title='bbox 435 4640 505 4694; x_wconf 80' lang='grc' dir='ltr'>τὰ</span> <span class='ocrx_word' id='word_1_447' title='bbox 532 4640 756 4696; x_wconf 83' lang='grc' dir='ltr'>τοιαῦτα</span> <span class='ocrx_word' id='word_1_448' title='bbox 785 4641 1095 4714; x_wconf 81' lang='grc' dir='ltr'>βλέποντες,</span> <span class='ocrx_word' id='word_1_449' title='bbox 1118 4639 1240 4698; x_wconf 70' lang='grc' dir='ltr'>εἶτα</span> <span class='ocrx_word' id='word_1_450' title='bbox 1271 4644 1370 4716; x_wconf 82' lang='grc' dir='ltr'>τὴν</span> <span class='ocrx_word' id='word_1_451' title='bbox 1392 4644 1542 4699; x_wconf 89' lang='grc' dir='ltr'>θείαν</span> <span class='ocrx_word' id='word_1_452' title='bbox 1568 4645 1782 4717; x_wconf 81' lang='grc' dir='ltr'>μορφὴν</span> 
     </span>
    </p>
   </div>
   <div class='ocr_carea' id='block_1_58' title="bbox 207 4726 1784 4807">
    <p class='ocr_par' dir='ltr' id='par_1_58' title="bbox 207 4726 1784 4807">
     <span class='ocr_line' id='line_1_58' title="bbox 207 4726 1784 4807; baseline 0.008 -27"><span class='ocrx_word' id='word_1_453' title='bbox 207 4726 261 4780; x_wconf 78' lang='grc' dir='ltr'>ὲν</span> <span class='ocrx_word' id='word_1_454' title='bbox 282 4730 493 4794; x_wconf 82' lang='grc' dir='ltr'>τούτοις</span> <span class='ocrx_word' id='word_1_455' title='bbox 512 4727 648 4786; x_wconf 79' lang='grc' dir='ltr'>εἶναι</span> <span class='ocrx_word' id='word_1_456' title='bbox 683 4733 784 4787; x_wconf 80' lang='grc' dir='ltr'>οὐκ</span> <span class='ocrx_word' id='word_1_457' title='bbox 819 4734 1059 4807; x_wconf 83' lang='grc' dir='ltr'>εὐχερῶς</span> <span class='ocrx_word' id='word_1_458' title='bbox 1082 4736 1473 4807; x_wconf 80' lang='grc' dir='ltr'>συντιθέμενοι.</span> <span class='ocrx_word' id='word_1_459' title='bbox 1513 4738 1672 4792; x_wconf 83' lang='grc' dir='ltr'>Ἀλλά</span> <span class='ocrx_word' id='word_1_460' title='bbox 1695 4739 1784 4794; x_wconf 73' lang='grc' dir='ltr'><strong>διὰ</strong></span> 
     </span>
    </p>
   </div>
   <div class='ocr_carea' id='block_1_59' title="bbox 208 4818 1783 4900">
    <p class='ocr_par' dir='ltr' id='par_1_59' title="bbox 208 4818 1783 4900">
     <span class='ocr_line' id='line_1_59' title="bbox 208 4818 1783 4900; baseline 0.011 -31"><span class='ocrx_word' id='word_1_461' title='bbox 208 4818 308 4879; x_wconf 84' lang='grc' dir='ltr'>τῶν</span> <span class='ocrx_word' id='word_1_462' title='bbox 333 4822 781 4895; x_wconf 84' lang='grc' dir='ltr'>κατωρθωκότων</span> <span class='ocrx_word' id='word_1_463' title='bbox 799 4826 891 4880; x_wconf 85' lang='grc' dir='ltr'><strong>τὸν</strong></span> <span class='ocrx_word' id='word_1_464' title='bbox 924 4826 1057 4898; x_wconf 86' lang='grc' dir='ltr'>βίον,</span> <span class='ocrx_word' id='word_1_465' title='bbox 1088 4826 1266 4895; x_wconf 76' lang='grc' dir='ltr'>ἔξεστι</span> <span class='ocrx_word' id='word_1_466' title='bbox 1286 4828 1385 4900; x_wconf 80' lang='grc' dir='ltr'>τὴν</span> <span class='ocrx_word' id='word_1_467' title='bbox 1413 4830 1561 4885; x_wconf 88' lang='grc' dir='ltr'>θείαν</span> <span class='ocrx_word' id='word_1_468' title='bbox 1589 4833 1646 4886; x_wconf 83' lang='grc' dir='ltr'>ὲν</span> <span class='ocrx_word' id='word_1_469' title='bbox 1670 4835 1783 4896; x_wconf 84' lang='grc' dir='ltr'>τοῖς</span> 
     </span>
    </p>
   </div>
   <div class='ocr_carea' id='block_1_60' title="bbox 206 4900 1783 4994">
    <p class='ocr_par' dir='ltr' id='par_1_60' title="bbox 206 4900 1783 4994">
     <span class='ocr_line' id='line_1_60' title="bbox 206 4900 1783 4994; baseline 0.011 -33"><span class='ocrx_word' id='word_1_470' title='bbox 206 4908 502 4982; x_wconf 81' lang='grc' dir='ltr'>ἀνθρώποις</span> <span class='ocrx_word' id='word_1_471' title='bbox 533 4916 715 4970; x_wconf 77' lang='grc' dir='ltr'>εἰκόνα</span> <span class='ocrx_word' id='word_1_472' title='bbox 749 4916 987 4988; x_wconf 75' lang='grc' dir='ltr'>βλέπειν.</span> <span class='ocrx_word' id='word_1_473' title='bbox 1032 4920 1097 4974; x_wconf 79' lang='grc' dir='ltr'><strong>Εἰ</strong></span> <span class='ocrx_word' id='word_1_474' title='bbox 1125 4919 1232 4993; x_wconf 85' lang='grc' dir='ltr'>γὰρ</span> <span class='ocrx_word' id='word_1_475' title='bbox 1266 4900 1522 4994; x_wconf 73' lang='grc' dir='ltr'>ἐμπαθῆς</span> <span class='ocrx_word' id='word_1_476' title='bbox 1562 4940 1648 4987; x_wconf 91' lang='grc' dir='ltr'><strong>τις</strong></span> <span class='ocrx_word' id='word_1_477' title='bbox 1688 4924 1783 4978; x_wconf 73' lang='grc' dir='ltr'>καὶ</span> 
     </span>
    </p>
   </div>
   <div class='ocr_carea' id='block_1_61' title="bbox 209 5003 1779 5087">
    <p class='ocr_par' dir='ltr' id='par_1_61' title="bbox 209 5003 1779 5087">
     <span class='ocr_line' id='line_1_61' title="bbox 209 5003 1779 5087; baseline 0.01 -33"><span class='ocrx_word' id='word_1_478' title='bbox 209 5003 451 5075; x_wconf 83' lang='grc' dir='ltr'>σάρκινος</span> <span class='ocrx_word' id='word_1_479' title='bbox 475 5005 551 5061; x_wconf 84' lang='grc' dir='ltr'><strong>ὣν</strong></span> <span class='ocrx_word' id='word_1_480' title='bbox 576 5008 922 5065; x_wconf 86' lang='grc' dir='ltr'>ἀπιστεῖσθαι</span> <span class='ocrx_word' id='word_1_481' title='bbox 953 5015 1097 5065; x_wconf 83' lang='grc' dir='ltr'>ποιεῖ</span> <span class='ocrx_word' id='word_1_482' title='bbox 1117 5011 1208 5068; x_wconf 82' lang='grc' dir='ltr'><strong>τὸν</strong></span> <span class='ocrx_word' id='word_1_483' title='bbox 1236 5013 1522 5086; x_wconf 77' lang='grc' dir='ltr'>ἄνθρωπον</span> <span class='ocrx_word' id='word_1_484' title='bbox 1550 5014 1626 5079; x_wconf 84' lang='grc' dir='ltr'><strong>ὡς</strong></span> <span class='ocrx_word' id='word_1_485' title='bbox 1651 5015 1779 5087; x_wconf 83' lang='grc' dir='ltr'>θείῳ</span> 
     </span>
    </p>
   </div>
   <div class='ocr_carea' id='block_1_62' title="bbox 208 5088 1778 5180">
    <p class='ocr_par' dir='ltr' id='par_1_62' title="bbox 208 5088 1778 5180">
     <span class='ocr_line' id='line_1_62' title="bbox 208 5088 1778 5180; baseline 0.008 -32"><span class='ocrx_word' id='word_1_486' title='bbox 208 5093 380 5151; x_wconf 80' lang='grc' dir='ltr'>κάλλει</span> <span class='ocrx_word' id='word_1_487' title='bbox 407 5101 818 5171; x_wconf 80' lang='grc' dir='ltr'>κεκοσμημένον</span> <span class='ocrx_word' id='word_1_488' title='bbox 843 5118 858 5134; x_wconf 90' lang='grc'><strong>·</strong></span> <span class='ocrx_word' id='word_1_489' title='bbox 897 5105 927 5156; x_wconf 87' lang='lat'><strong>6</strong></span> <span class='ocrx_word' id='word_1_490' title='bbox 953 5103 1158 5177; x_wconf 77' lang='grc' dir='ltr'>ὑψηλὸς</span> <span class='ocrx_word' id='word_1_491' title='bbox 1188 5088 1403 5172; x_wconf 86' lang='grc' dir='ltr'>πάντως</span> <span class='ocrx_word' id='word_1_492' title='bbox 1439 5105 1538 5179; x_wconf 84' lang='grc' dir='ltr'>τὴν</span> <span class='ocrx_word' id='word_1_493' title='bbox 1578 5107 1778 5180; x_wconf 83' lang='grc' dir='ltr'>ἀρετὴν</span> 
     </span>
    </p>
   </div>
   <div class='ocr_carea' id='block_1_63' title="bbox 208 5186 1777 5273">
    <p class='ocr_par' dir='ltr' id='par_1_63' title="bbox 208 5186 1777 5273">
     <span class='ocr_line' id='line_1_63' title="bbox 208 5186 1777 5273; baseline 0.009 -33"><span class='ocrx_word' id='word_1_494' title='bbox 208 5186 291 5240; x_wconf 80' lang='grc' dir='ltr'>καὶ</span> <span class='ocrx_word' id='word_1_495' title='bbox 321 5188 645 5262; x_wconf 88' lang='grc' dir='ltr'>καθαρεύων</span> <span class='ocrx_word' id='word_1_496' title='bbox 690 5194 755 5246; x_wconf 85' lang='grc' dir='ltr'>ὲκ</span> <span class='ocrx_word' id='word_1_497' title='bbox 796 5194 1160 5266; x_wconf 82' lang='grc' dir='ltr'>μολυσμάτων</span> <span class='ocrx_word' id='word_1_498' title='bbox 1205 5197 1496 5268; x_wconf 78' lang='grc' dir='ltr'>βεϐαιώσει</span> <span class='ocrx_word' id='word_1_499' title='bbox 1543 5215 1626 5253; x_wconf 91' lang='grc' dir='ltr'><strong>σοι</strong></span> <span class='ocrx_word' id='word_1_500' title='bbox 1676 5199 1777 5273; x_wconf 78' lang='grc' dir='ltr'><strong>τὴν</strong></span> 
     </span>
    </p>
   </div>
   <div class='ocr_carea' id='block_1_64' title="bbox 208 5275 1776 5360">
    <p class='ocr_par' dir='ltr' id='par_1_64' title="bbox 208 5275 1776 5360">
     <span class='ocr_line' id='line_1_64' title="bbox 208 5275 1776 5360; baseline 0.01 -33"><span class='ocrx_word' id='word_1_501' title='bbox 208 5275 330 5343; x_wconf 82' lang='grc' dir='ltr'>πρὸς</span> <span class='ocrx_word' id='word_1_502' title='bbox 360 5277 423 5331; x_wconf 84' lang='grc' dir='ltr'>τὸ</span> <span class='ocrx_word' id='word_1_503' title='bbox 459 5282 704 5350; x_wconf 80' lang='grc' dir='ltr'>κρεῖττον</span> <span class='ocrx_word' id='word_1_504' title='bbox 734 5283 828 5337; x_wconf 73' lang='grc' dir='ltr'><strong>ἐπὶ</strong></span> <span class='ocrx_word' id='word_1_505' title='bbox 856 5283 966 5338; x_wconf 88' lang='grc' dir='ltr'>τῶν</span> <span class='ocrx_word' id='word_1_506' title='bbox 994 5284 1298 5356; x_wconf 83' lang='grc' dir='ltr'>ἀνθρώπων</span> <span class='ocrx_word' id='word_1_507' title='bbox 1323 5286 1613 5360; x_wconf 81' lang='grc' dir='ltr'>ὑπόληψιν.</span> <span class='ocrx_word' id='word_1_508' title='bbox 1650 5283 1776 5342; x_wconf 80' lang='grc' dir='ltr'>Οἷον</span> 
     </span>
    </p>
   </div>
   <div class='ocr_carea' id='block_1_65' title="bbox 209 5368 1772 5448">
    <p class='ocr_par' dir='ltr' id='par_1_65' title="bbox 209 5368 1772 5448">
     <span class='ocr_line' id='line_1_65' title="bbox 209 5368 1772 5448; baseline 0.012 -33"><span class='ocrx_word' id='word_1_509' title='bbox 209 5368 440 5433; x_wconf 83' lang='grc' dir='ltr'>κρεῖττον</span> <span class='ocrx_word' id='word_1_510' title='bbox 505 5369 616 5440; x_wconf 86' lang='grc' dir='ltr'>γὰρ</span> <span class='ocrx_word' id='word_1_511' title='bbox 660 5371 720 5425; x_wconf 82' lang='grc' dir='ltr'>ὲν</span> <span class='ocrx_word' id='word_1_512' title='bbox 773 5372 1133 5447; x_wconf 78' lang='grc' dir='ltr'>ὑποδείγματι</span> <span class='ocrx_word' id='word_1_513' title='bbox 1188 5374 1359 5443; x_wconf 84' lang='grc' dir='ltr'>δεῖξαι</span> <span class='ocrx_word' id='word_1_514' title='bbox 1418 5378 1512 5433; x_wconf 86' lang='grc' dir='ltr'><strong>τὸν</strong></span> <span class='ocrx_word' id='word_1_515' title='bbox 1569 5379 1728 5448; x_wconf 90' lang='grc' dir='ltr'>λόγον</span> <span class='ocrx_word' id='word_1_516' title='bbox 1757 5396 1772 5411; x_wconf 78' lang='grc' dir='ltr'><strong>ο</strong></span> 
     </span>
    </p>
   </div>
   <div class='ocr_carea' id='block_1_66' title="bbox 207 5454 1778 5541">
    <p class='ocr_par' dir='ltr' id='par_1_66' title="bbox 207 5454 1778 5541">
     <span class='ocr_line' id='line_1_66' title="bbox 207 5454 1778 5541; baseline 0.012 -34"><span class='ocrx_word' id='word_1_517' title='bbox 207 5454 458 5531; x_wconf 78' lang='grc' dir='ltr'>ἀπήλειψε</span> <span class='ocrx_word' id='word_1_518' title='bbox 482 5461 561 5532; x_wconf 84' lang='grc' dir='ltr'>τῷ</span> <span class='ocrx_word' id='word_1_519' title='bbox 584 5463 686 5534; x_wconf 80' lang='grc' dir='ltr'><strong>τῆς</strong></span> <span class='ocrx_word' id='word_1_520' title='bbox 716 5466 984 5539; x_wconf 82' lang='grc' dir='ltr'>πονηρίας</span> <span class='ocrx_word' id='word_1_521' title='bbox 1009 5468 1311 5541; x_wconf 88' lang='grc' dir='ltr'>μολύσματι</span> <span class='ocrx_word' id='word_1_522' title='bbox 1339 5469 1400 5523; x_wconf 83' lang='grc' dir='ltr'><strong>τὸ</strong></span> <span class='ocrx_word' id='word_1_523' title='bbox 1433 5471 1534 5541; x_wconf 84' lang='grc' dir='ltr'>τῆς</span> <span class='ocrx_word' id='word_1_524' title='bbox 1560 5471 1778 5540; x_wconf 84' lang='grc' dir='ltr'>φύσεως</span> 
     </span>
    </p>
   </div>
   <div class='ocr_carea' id='block_1_67' title="bbox 207 5546 1773 5636">
    <p class='ocr_par' dir='ltr' id='par_1_67' title="bbox 207 5546 1773 5636">
     <span class='ocr_line' id='line_1_67' title="bbox 207 5546 1773 5636; baseline 0.022 -39"><span class='ocrx_word' id='word_1_525' title='bbox 207 5546 386 5614; x_wconf 81' lang='grc' dir='ltr'>κάλλος</span> <span class='ocrx_word' id='word_1_526' title='bbox 414 5568 498 5615; x_wconf 91' lang='grc' dir='ltr'><strong>τις</strong></span> <span class='ocrx_word' id='word_1_527' title='bbox 515 5552 626 5607; x_wconf 88' lang='grc' dir='ltr'>τῶν</span> <span class='ocrx_word' id='word_1_528' title='bbox 650 5555 742 5609; x_wconf 70' lang='grc' dir='ltr'><strong>ἐπὶ</strong></span> <span class='ocrx_word' id='word_1_529' title='bbox 764 5557 933 5631; x_wconf 78' lang='grc' dir='ltr'>κακίᾳ</span> <span class='ocrx_word' id='word_1_530' title='bbox 960 5561 1274 5632; x_wconf 88' lang='grc' dir='ltr'>γνωρίμων,</span> <span class='ocrx_word' id='word_1_531' title='bbox 1317 5561 1570 5632; x_wconf 82' lang='grc' dir='ltr'>Ἰεχονίας</span> <span class='ocrx_word' id='word_1_532' title='bbox 1591 5564 1773 5636; x_wconf 65' lang='grc' dir='ltr'>τυχὸν,</span> 
     </span>
    </p>
   </div>
   <div class='ocr_carea' id='block_1_68' title="bbox 209 5637 1776 5728">
    <p class='ocr_par' dir='ltr' id='par_1_68' title="bbox 209 5637 1776 5728">
     <span class='ocr_line' id='line_1_68' title="bbox 209 5637 1776 5728; baseline 0.014 -36"><span class='ocrx_word' id='word_1_533' title='bbox 209 5637 236 5708; x_wconf 73' lang='grc' dir='ltr'>ἢ</span> <span class='ocrx_word' id='word_1_534' title='bbox 279 5641 331 5693; x_wconf 70' lang='lat' dir='ltr'><strong>et</strong></span> <span class='ocrx_word' id='word_1_535' title='bbox 366 5659 453 5708; x_wconf 91' lang='grc' dir='ltr'><strong>τις</strong></span> <span class='ocrx_word' id='word_1_536' title='bbox 497 5645 682 5719; x_wconf 70' lang='grc' dir='ltr'>ἕτερος</span> <span class='ocrx_word' id='word_1_537' title='bbox 725 5651 818 5706; x_wconf 75' lang='grc' dir='ltr'><strong>ἐπὶ</strong></span> <span class='ocrx_word' id='word_1_538' title='bbox 868 5654 1023 5724; x_wconf 86' lang='grc' dir='ltr'>κακῷ</span> <span class='ocrx_word' id='word_1_539' title='bbox 1067 5656 1507 5728; x_wconf 85' lang='grc' dir='ltr'>μνημονεύεται·</span> <span class='ocrx_word' id='word_1_540' title='bbox 1560 5659 1676 5713; x_wconf 78' lang='grc' dir='ltr'>ἀλλ’</span> <span class='ocrx_word' id='word_1_541' title='bbox 1716 5659 1776 5716; x_wconf 79' lang='grc' dir='ltr'>ὲν</span> 
     </span>
    </p>
   </div>
   <div class='ocr_carea' id='block_1_69' title="bbox 208 5731 1771 5823">
    <p class='ocr_par' dir='ltr' id='par_1_69' title="bbox 208 5731 1771 5823">
     <span class='ocr_line' id='line_1_69' title="bbox 208 5731 1771 5823; baseline 0.018 -40"><span class='ocrx_word' id='word_1_542' title='bbox 208 5731 397 5808; x_wconf 76' lang='grc' dir='ltr'>Μωῠσῇ</span> <span class='ocrx_word' id='word_1_543' title='bbox 440 5736 539 5791; x_wconf 78' lang='grc' dir='ltr'>καὶ</span> <span class='ocrx_word' id='word_1_544' title='bbox 566 5742 680 5804; x_wconf 85' lang='grc' dir='ltr'>τοῖς</span> <span class='ocrx_word' id='word_1_545' title='bbox 706 5745 829 5798; x_wconf 89' lang='grc' dir='ltr'>κατ’</span> <span class='ocrx_word' id='word_1_546' title='bbox 872 5746 1075 5803; x_wconf 75' lang='grc' dir='ltr'>ἐκεῖνον</span> <span class='ocrx_word' id='word_1_547' title='bbox 1108 5747 1250 5805; x_wconf 85' lang='grc' dir='ltr'>καθα</span> <span class='ocrx_word' id='word_1_548' title='bbox 1261 5746 1332 5820; x_wconf 80' lang='grc' dir='ltr'>ρὰ</span> <span class='ocrx_word' id='word_1_549' title='bbox 1370 5749 1699 5823; x_wconf 86' lang='grc' dir='ltr'>διεφυλάχθη</span> <span class='ocrx_word' id='word_1_550' title='bbox 1737 5754 1771 5823; x_wconf 86' lang='grc' dir='ltr'><strong>ή</strong></span> 
     </span>
    </p>
   </div>
   <div class='ocr_carea' id='block_1_70' title="bbox 269 5913 734 5991">
    <p class='ocr_par' dir='ltr' id='par_1_70' title="bbox 269 5913 734 5991">
     <span class='ocr_line' id='line_1_70' title="bbox 269 5913 734 5991; baseline -0.002 -15"><span class='ocrx_word' id='word_1_551' title='bbox 269 5913 309 5946; x_wconf 80' lang='grc'><strong>⁸³</strong></span> <span class='ocrx_word' id='word_1_552' title='bbox 333 5917 556 5976; x_wconf 85' lang='lat' dir='ltr'><strong>Coloss.</strong></span> <span class='ocrx_word' id='word_1_553' title='bbox 596 5920 734 5991; x_wconf 58' lang='grc' dir='ltr'><strong>ωδ.</strong></span> 
     </span>
    </p>
   </div>
   <div class='ocr_carea' id='block_1_71' title="bbox 1883 1898 3468 1969">
    <p class='ocr_par' dir='ltr' id='par_1_71' title="bbox 1883 1898 3468 1969">
     <span class='ocr_line' id='line_1_71' title="bbox 1883 1898 3468 1969; baseline 0.001 -18"><span class='ocrx_word' id='word_1_554' title='bbox 1883 1904 2110 1969; x_wconf 87' lang='lat' dir='ltr'><strong>accepta</strong></span> <span class='ocrx_word' id='word_1_555' title='bbox 2163 1898 2389 1954; x_wconf 88' lang='lat' dir='ltr'><strong>ferenda</strong></span> <span class='ocrx_word' id='word_1_556' title='bbox 2426 1907 2574 1955; x_wconf 85' lang='lat' dir='ltr'><strong>sunt.</strong></span> <span class='ocrx_word' id='word_1_557' title='bbox 2629 1898 2767 1953; x_wconf 86' lang='lat' dir='ltr'><strong>Nam</strong></span> <span class='ocrx_word' id='word_1_558' title='bbox 2806 1898 2853 1955; x_wconf 91' lang='lat' dir='ltr'><strong>si</strong></span> <span class='ocrx_word' id='word_1_559' title='bbox 2880 1899 2995 1955; x_wconf 59' lang='lat' dir='ltr'><strong>haec</strong></span> <span class='ocrx_word' id='word_1_560' title='bbox 3028 1898 3199 1953; x_wconf 87' lang='lat' dir='ltr'><strong>animi</strong></span> <span class='ocrx_word' id='word_1_561' title='bbox 3246 1905 3468 1968; x_wconf 87' lang='lat' dir='ltr'><strong>pertur-</strong></span> 
     </span>
    </p>
   </div>
   <div class='ocr_carea' id='block_1_72' title="bbox 1882 1976 3469 2058">
    <p class='ocr_par' dir='ltr' id='par_1_72' title="bbox 1882 1976 3469 2058">
     <span class='ocr_line' id='line_1_72' title="bbox 1882 1976 3469 2058; baseline -0.001 -16"><span class='ocrx_word' id='word_1_562' title='bbox 1882 1985 2057 2053; x_wconf 83' lang='lat' dir='ltr'><strong>batio,</strong></span> <span class='ocrx_word' id='word_1_563' title='bbox 2091 2003 2255 2058; x_wconf 88' lang='lat' dir='ltr'><strong>quam</strong></span> <span class='ocrx_word' id='word_1_564' title='bbox 2289 1987 2429 2043; x_wconf 89' lang='lat' dir='ltr'><strong>iram</strong></span> <span class='ocrx_word' id='word_1_565' title='bbox 2458 1989 2718 2053; x_wconf 90' lang='lat' dir='ltr'><strong>dicimus,</strong></span> <span class='ocrx_word' id='word_1_566' title='bbox 2751 2004 2782 2043; x_wconf 91' lang='lat' dir='ltr'><strong>a</strong></span> <span class='ocrx_word' id='word_1_567' title='bbox 2809 1989 3041 2045; x_wconf 88' lang='lat' dir='ltr'><strong>rationis</strong></span> <span class='ocrx_word' id='word_1_568' title='bbox 3094 2003 3198 2058; x_wconf 90' lang='lat' dir='ltr'><strong>ope</strong></span> <span class='ocrx_word' id='word_1_569' title='bbox 3230 1976 3469 2044; x_wconf 83' lang='lat' dir='ltr'><strong>societa-</strong></span> 
     </span>
    </p>
   </div>
   <div class='ocr_carea' id='block_1_73' title="bbox 1879 2079 3468 2150">
    <p class='ocr_par' dir='ltr' id='par_1_73' title="bbox 1879 2079 3468 2150">
     <span class='ocr_line' id='line_1_73' title="bbox 1879 2079 3468 2150; baseline 0 -18"><span class='ocrx_word' id='word_1_570' title='bbox 1879 2085 2046 2150; x_wconf 90' lang='lat' dir='ltr'><strong>teque</strong></span> <span class='ocrx_word' id='word_1_571' title='bbox 2094 2079 2527 2148; x_wconf 85' lang='lat' dir='ltr'><strong>destitueretur,</strong></span> <span class='ocrx_word' id='word_1_572' title='bbox 2591 2079 2740 2135; x_wconf 92' lang='lat' dir='ltr'><strong>haud</strong></span> <span class='ocrx_word' id='word_1_573' title='bbox 2793 2079 2958 2136; x_wconf 89' lang='lat' dir='ltr'><strong>dubie</strong></span> <span class='ocrx_word' id='word_1_574' title='bbox 3022 2087 3468 2135; x_wconf 88' lang='lat' dir='ltr'><strong>momentaneum</strong></span> 
     </span>
    </p>
   </div>
   <div class='ocr_carea' id='block_1_74' title="bbox 1879 2169 3471 2242">
    <p class='ocr_par' dir='ltr' id='par_1_74' title="bbox 1879 2169 3471 2242">
     <span class='ocr_line' id='line_1_74' title="bbox 1879 2169 3471 2242; baseline 0.001 -20"><span class='ocrx_word' id='word_1_575' title='bbox 1879 2169 2139 2239; x_wconf 88' lang='lat' dir='ltr'><strong>quiddam</strong></span> <span class='ocrx_word' id='word_1_576' title='bbox 2184 2180 2240 2226; x_wconf 90' lang='lat' dir='ltr'><strong>et</strong></span> <span class='ocrx_word' id='word_1_577' title='bbox 2292 2170 2615 2242; x_wconf 85' lang='lat' dir='ltr'><strong>languidum</strong></span> <span class='ocrx_word' id='word_1_578' title='bbox 2673 2169 2838 2239; x_wconf 88' lang='lat' dir='ltr'><strong>foret,</strong></span> <span class='ocrx_word' id='word_1_579' title='bbox 2877 2169 3024 2242; x_wconf 94' lang='lat' dir='ltr'><strong>quod</strong></span> <span class='ocrx_word' id='word_1_580' title='bbox 3076 2171 3251 2225; x_wconf 90' lang='lat' dir='ltr'><strong>instar</strong></span> <span class='ocrx_word' id='word_1_581' title='bbox 3307 2169 3471 2225; x_wconf 81' lang='lat' dir='ltr'><strong>bullae</strong></span> 
     </span>
    </p>
   </div>
   <div class='ocr_carea' id='block_1_75' title="bbox 1886 2261 3467 2327">
    <p class='ocr_par' dir='ltr' id='par_1_75' title="bbox 1886 2261 3467 2327">
     <span class='ocr_line' id='line_1_75' title="bbox 1886 2261 3467 2327; baseline -0.002 -10"><span class='ocrx_word' id='word_1_582' title='bbox 1886 2262 2054 2317; x_wconf 90' lang='lat' dir='ltr'><strong>simul</strong></span> <span class='ocrx_word' id='word_1_583' title='bbox 2085 2270 2139 2318; x_wconf 88' lang='lat' dir='ltr'><strong>et</strong></span> <span class='ocrx_word' id='word_1_584' title='bbox 2174 2261 2437 2327; x_wconf 85' lang='lat' dir='ltr'><strong>oriretur,</strong></span> <span class='ocrx_word' id='word_1_585' title='bbox 2473 2270 2528 2316; x_wconf 89' lang='lat' dir='ltr'><strong>et</strong></span> <span class='ocrx_word' id='word_1_586' title='bbox 2570 2262 2839 2317; x_wconf 88' lang='lat' dir='ltr'><strong>interiret.</strong></span> <span class='ocrx_word' id='word_1_587' title='bbox 2877 2262 2972 2317; x_wconf 91' lang='lat' dir='ltr'><strong>Sic</strong></span> <span class='ocrx_word' id='word_1_588' title='bbox 3002 2261 3072 2316; x_wconf 90' lang='lat' dir='ltr'><strong>ad</strong></span> <span class='ocrx_word' id='word_1_589' title='bbox 3106 2261 3467 2316; x_wconf 86' lang='lat' dir='ltr'><strong>imitationem</strong></span> 
     </span>
    </p>
   </div>
   <div class='ocr_carea' id='block_1_76' title="bbox 1879 2349 3468 2425">
    <p class='ocr_par' dir='ltr' id='par_1_76' title="bbox 1879 2349 3468 2425">
     <span class='ocr_line' id='line_1_76' title="bbox 1879 2349 3468 2425; baseline -0.001 -17"><span class='ocrx_word' id='word_1_590' title='bbox 1879 2353 2143 2425; x_wconf 89' lang='lat' dir='ltr'><strong>ingluviei</strong></span> <span class='ocrx_word' id='word_1_591' title='bbox 2186 2349 2502 2424; x_wconf 84' lang='lat' dir='ltr'><strong>porcorum,</strong></span> <span class='ocrx_word' id='word_1_592' title='bbox 2530 2355 2783 2410; x_wconf 85' lang='lat' dir='ltr'><strong>homines</strong></span> <span class='ocrx_word' id='word_1_593' title='bbox 2808 2353 3055 2408; x_wconf 75' lang='lat' dir='ltr'><strong>avaritiae</strong></span> <span class='ocrx_word' id='word_1_594' title='bbox 3085 2353 3267 2408; x_wconf 89' lang='lat' dir='ltr'><strong>studio</strong></span> <span class='ocrx_word' id='word_1_595' title='bbox 3296 2351 3468 2407; x_wconf 90' lang='lat' dir='ltr'><strong>teneri</strong></span> 
     </span>
    </p>
   </div>
   <div class='ocr_carea' id='block_1_77' title="bbox 1879 2444 3471 2518">
    <p class='ocr_par' dir='ltr' id='par_1_77' title="bbox 1879 2444 3471 2518">
     <span class='ocr_line' id='line_1_77' title="bbox 1879 2444 3471 2518; baseline -0.003 -14"><span class='ocrx_word' id='word_1_596' title='bbox 1879 2456 2207 2518; x_wconf 72' lang='lat' dir='ltr'><strong>coeperunt:</strong></span> <span class='ocrx_word' id='word_1_597' title='bbox 2265 2449 2345 2504; x_wconf 88' lang='lat' dir='ltr'><strong>sic</strong></span> <span class='ocrx_word' id='word_1_598' title='bbox 2401 2447 2457 2502; x_wconf 90' lang='lat' dir='ltr'><strong>in</strong></span> <span class='ocrx_word' id='word_1_599' title='bbox 2522 2447 2681 2518; x_wconf 89' lang='lat' dir='ltr'><strong>equis</strong></span> <span class='ocrx_word' id='word_1_600' title='bbox 2734 2447 2877 2502; x_wconf 87' lang='lat' dir='ltr'><strong>elata</strong></span> <span class='ocrx_word' id='word_1_601' title='bbox 2934 2445 3142 2502; x_wconf 85' lang='lat' dir='ltr'><strong>ferocia</strong></span> <span class='ocrx_word' id='word_1_602' title='bbox 3198 2444 3471 2516; x_wconf 62' lang='lat' dir='ltr'><strong>superbiae</strong></span> 
     </span>
    </p>
   </div>
   <div class='ocr_carea' id='block_1_78' title="bbox 1883 2536 3470 2611">
    <p class='ocr_par' dir='ltr' id='par_1_78' title="bbox 1883 2536 3470 2611">
     <span class='ocr_line' id='line_1_78' title="bbox 1883 2536 3470 2611; baseline -0.004 -14"><span class='ocrx_word' id='word_1_603' title='bbox 1883 2543 2232 2597; x_wconf 88' lang='lat' dir='ltr'><strong>occasionem</strong></span> <span class='ocrx_word' id='word_1_604' title='bbox 2265 2541 2517 2610; x_wconf 66' lang='lat' dir='ltr'><strong>praebuit.</strong></span> <span class='ocrx_word' id='word_1_605' title='bbox 2553 2538 2799 2611; x_wconf 81' lang='lat' dir='ltr'><strong>Denique</strong></span> <span class='ocrx_word' id='word_1_606' title='bbox 2827 2539 3270 2610; x_wconf 87' lang='lat' dir='ltr'><strong>perturbationes</strong></span> <span class='ocrx_word' id='word_1_607' title='bbox 3302 2536 3470 2592; x_wconf 89' lang='lat' dir='ltr'><strong>animi</strong></span> 
     </span>
    </p>
   </div>
   <div class='ocr_carea' id='block_1_79' title="bbox 1880 2629 3468 2704">
    <p class='ocr_par' dir='ltr' id='par_1_79' title="bbox 1880 2629 3468 2704">
     <span class='ocr_line' id='line_1_79' title="bbox 1880 2629 3468 2704; baseline -0.003 -14"><span class='ocrx_word' id='word_1_608' title='bbox 1880 2634 2154 2692; x_wconf 63' lang='lat' dir='ltr'><strong>universae</strong></span> <span class='ocrx_word' id='word_1_609' title='bbox 2192 2640 2247 2688; x_wconf 90' lang='lat' dir='ltr'><strong>et</strong></span> <span class='ocrx_word' id='word_1_610' title='bbox 2301 2633 2533 2704; x_wconf 84' lang='lat' dir='ltr'><strong>singulae</strong></span> <span class='ocrx_word' id='word_1_611' title='bbox 2568 2647 2599 2686; x_wconf 89' lang='lat' dir='ltr'><strong>a</strong></span> <span class='ocrx_word' id='word_1_612' title='bbox 2631 2633 2810 2688; x_wconf 90' lang='lat' dir='ltr'><strong>brutis</strong></span> <span class='ocrx_word' id='word_1_613' title='bbox 2855 2638 3012 2697; x_wconf 62' lang='lat' dir='ltr'><strong>ortae,</strong></span> <span class='ocrx_word' id='word_1_614' title='bbox 3056 2645 3226 2701; x_wconf 88' lang='lat' dir='ltr'><strong>prava</strong></span> <span class='ocrx_word' id='word_1_615' title='bbox 3263 2629 3468 2685; x_wconf 87' lang='lat' dir='ltr'><strong>mentis</strong></span> 
     </span>
    </p>
   </div>
   <div class='ocr_carea' id='block_1_80' title="bbox 1880 2721 3466 2795">
    <p class='ocr_par' dir='ltr' id='par_1_80' title="bbox 1880 2721 3466 2795">
     <span class='ocr_line' id='line_1_80' title="bbox 1880 2721 3466 2795; baseline -0.003 -14"><span class='ocrx_word' id='word_1_616' title='bbox 1880 2725 2239 2795; x_wconf 89' lang='lat' dir='ltr'><strong>usurpatione</strong></span> <span class='ocrx_word' id='word_1_617' title='bbox 2257 2724 2515 2779; x_wconf 90' lang='lat' dir='ltr'><strong>vitiorum</strong></span> <span class='ocrx_word' id='word_1_618' title='bbox 2538 2723 2696 2795; x_wconf 82' lang='lat' dir='ltr'><strong>origo</strong></span> <span class='ocrx_word' id='word_1_619' title='bbox 2716 2725 3069 2779; x_wconf 88' lang='lat' dir='ltr'><strong>exstiterunt.</strong></span> <span class='ocrx_word' id='word_1_620' title='bbox 3097 2721 3138 2774; x_wconf 87' lang='lat' dir='ltr'>E</span> <span class='ocrx_word' id='word_1_621' title='bbox 3160 2721 3466 2787; x_wconf 90' lang='lat' dir='ltr'><strong>contrario,</strong></span> 
     </span>
    </p>
   </div>
   <div class='ocr_carea' id='block_1_81' title="bbox 1878 2811 3470 2886">
    <p class='ocr_par' dir='ltr' id='par_1_81' title="bbox 1878 2811 3470 2886">
     <span class='ocr_line' id='line_1_81' title="bbox 1878 2811 3470 2886; baseline -0.004 -14"><span class='ocrx_word' id='word_1_622' title='bbox 1878 2818 1926 2873; x_wconf 94' lang='lat' dir='ltr'><strong>si</strong></span> <span class='ocrx_word' id='word_1_623' title='bbox 1962 2818 2248 2886; x_wconf 89' lang='lat' dir='ltr'><strong>imperium</strong></span> <span class='ocrx_word' id='word_1_624' title='bbox 2285 2817 2342 2869; x_wconf 91' lang='lat' dir='ltr'><strong>in</strong></span> <span class='ocrx_word' id='word_1_625' title='bbox 2374 2815 2476 2870; x_wconf 90' lang='lat' dir='ltr'><strong>hos</strong></span> <span class='ocrx_word' id='word_1_626' title='bbox 2508 2815 2676 2868; x_wconf 89' lang='lat' dir='ltr'><strong>animi</strong></span> <span class='ocrx_word' id='word_1_627' title='bbox 2733 2822 2917 2870; x_wconf 89' lang='lat' dir='ltr'><strong>motus</strong></span> <span class='ocrx_word' id='word_1_628' title='bbox 2965 2814 3022 2867; x_wconf 92' lang='lat' dir='ltr'><strong>in</strong></span> <span class='ocrx_word' id='word_1_629' title='bbox 3068 2827 3128 2868; x_wconf 90' lang='lat' dir='ltr'><strong>se</strong></span> <span class='ocrx_word' id='word_1_630' title='bbox 3163 2811 3470 2867; x_wconf 83' lang='lat' dir='ltr'><strong>transferat</strong></span> 
     </span>
    </p>
   </div>
   <div class='ocr_carea' id='block_1_82' title="bbox 1876 2900 3470 2978">
    <p class='ocr_par' dir='ltr' id='par_1_82' title="bbox 1876 2900 3470 2978">
     <span class='ocr_line' id='line_1_82' title="bbox 1876 2900 3470 2978; baseline -0.004 -17"><span class='ocrx_word' id='word_1_631' title='bbox 1876 2907 2020 2962; x_wconf 88' lang='lat' dir='ltr'><strong>ratio</strong></span> <span class='ocrx_word' id='word_1_632' title='bbox 2047 2925 2063 2962; x_wconf 87' lang='lat'><strong>:</strong></span> <span class='ocrx_word' id='word_1_633' title='bbox 2096 2906 2297 2978; x_wconf 84' lang='lat' dir='ltr'><strong>singuli</strong></span> <span class='ocrx_word' id='word_1_634' title='bbox 2329 2905 2551 2962; x_wconf 85' lang='lat' dir='ltr'><strong>virtutis</strong></span> <span class='ocrx_word' id='word_1_635' title='bbox 2586 2904 2818 2960; x_wconf 90' lang='lat' dir='ltr'><strong>formam</strong></span> <span class='ocrx_word' id='word_1_636' title='bbox 2856 2905 3110 2959; x_wconf 90' lang='lat' dir='ltr'><strong>induunt.</strong></span> <span class='ocrx_word' id='word_1_637' title='bbox 3143 2900 3280 2956; x_wconf 86' lang='lat' dir='ltr'><strong>Nam</strong></span> <span class='ocrx_word' id='word_1_638' title='bbox 3309 2901 3470 2957; x_wconf 85' lang='lat' dir='ltr'><strong>forti-</strong></span> 
     </span>
    </p>
   </div>
   <div class='ocr_carea' id='block_1_83' title="bbox 1878 2995 3470 3061">
    <p class='ocr_par' dir='ltr' id='par_1_83' title="bbox 1878 2995 3470 3061">
     <span class='ocr_line' id='line_1_83' title="bbox 1878 2995 3470 3061; baseline -0.003 -8"><span class='ocrx_word' id='word_1_639' title='bbox 1878 2999 2014 3055; x_wconf 89' lang='lat' dir='ltr'><strong>tudo</strong></span> <span class='ocrx_word' id='word_1_640' title='bbox 2045 3014 2111 3054; x_wconf 81' lang='lat' dir='ltr'><strong>ex</strong></span> <span class='ocrx_word' id='word_1_641' title='bbox 2149 2998 2436 3053; x_wconf 89' lang='lat' dir='ltr'><strong>iracundia</strong></span> <span class='ocrx_word' id='word_1_642' title='bbox 2471 2999 2691 3053; x_wconf 84' lang='lat' dir='ltr'><strong>oritur:</strong></span> <span class='ocrx_word' id='word_1_643' title='bbox 2731 2996 3000 3052; x_wconf 86' lang='lat' dir='ltr'><strong>timiditas</strong></span> <span class='ocrx_word' id='word_1_644' title='bbox 3035 2995 3186 3061; x_wconf 86' lang='lat' dir='ltr'><strong>facit,</strong></span> <span class='ocrx_word' id='word_1_645' title='bbox 3224 3002 3283 3049; x_wconf 92' lang='lat' dir='ltr'><strong>ut</strong></span> <span class='ocrx_word' id='word_1_646' title='bbox 3316 3000 3470 3050; x_wconf 89' lang='lat' dir='ltr'><strong>certo</strong></span> 
     </span>
    </p>
   </div>
   <div class='ocr_carea' id='block_1_84' title="bbox 1882 3086 3470 3162">
    <p class='ocr_par' dir='ltr' id='par_1_84' title="bbox 1882 3086 3470 3162">
     <span class='ocr_line' id='line_1_84' title="bbox 1882 3086 3470 3162; baseline -0.003 -18"><span class='ocrx_word' id='word_1_647' title='bbox 1882 3090 2142 3162; x_wconf 68' lang='lat' dir='ltr'><strong>praesidio</strong></span> <span class='ocrx_word' id='word_1_648' title='bbox 2195 3098 2413 3146; x_wconf 88' lang='lat' dir='ltr'><strong>nosmet</strong></span> <span class='ocrx_word' id='word_1_649' title='bbox 2463 3090 2821 3146; x_wconf 86' lang='lat' dir='ltr'><strong>muniamus:</strong></span> <span class='ocrx_word' id='word_1_650' title='bbox 2877 3095 3079 3153; x_wconf 85' lang='lat' dir='ltr'><strong>metus,</strong></span> <span class='ocrx_word' id='word_1_651' title='bbox 3121 3095 3182 3141; x_wconf 90' lang='lat' dir='ltr'><strong>ut</strong></span> <span class='ocrx_word' id='word_1_652' title='bbox 3240 3086 3470 3143; x_wconf 80' lang='lat' dir='ltr'><strong>libenter</strong></span> 
     </span>
    </p>
   </div>
   <div class='ocr_carea' id='block_1_85' title="bbox 1883 3179 3472 3256">
    <p class='ocr_par' dir='ltr' id='par_1_85' title="bbox 1883 3179 3472 3256">
     <span class='ocr_line' id='line_1_85' title="bbox 1883 3179 3472 3256; baseline -0.004 -18"><span class='ocrx_word' id='word_1_653' title='bbox 1883 3198 2179 3256; x_wconf 89' lang='lat' dir='ltr'><strong>pareamus</strong></span> <span class='ocrx_word' id='word_1_654' title='bbox 2210 3201 2223 3238; x_wconf 94' lang='lat'>:</span> <span class='ocrx_word' id='word_1_655' title='bbox 2257 3183 2447 3239; x_wconf 90' lang='lat' dir='ltr'><strong>odium</strong></span> <span class='ocrx_word' id='word_1_656' title='bbox 2480 3183 2537 3238; x_wconf 92' lang='lat' dir='ltr'><strong>in</strong></span> <span class='ocrx_word' id='word_1_657' title='bbox 2570 3179 2979 3237; x_wconf 88' lang='lat' dir='ltr'><strong>aversationem</strong></span> <span class='ocrx_word' id='word_1_658' title='bbox 3026 3180 3286 3235; x_wconf 88' lang='lat' dir='ltr'><strong>vitiorum</strong></span> <span class='ocrx_word' id='word_1_659' title='bbox 3316 3192 3472 3233; x_wconf 90' lang='lat' dir='ltr'><strong>com-</strong></span> 
     </span>
    </p>
   </div>
   <div class='ocr_carea' id='block_1_86' title="bbox 1886 3270 3468 3340">
    <p class='ocr_par' dir='ltr' id='par_1_86' title="bbox 1886 3270 3468 3340">
     <span class='ocr_line' id='line_1_86' title="bbox 1886 3270 3468 3340; baseline -0.005 -10"><span class='ocrx_word' id='word_1_660' title='bbox 1886 3283 2130 3330; x_wconf 88' lang='lat' dir='ltr'><strong>mutatur</strong></span> <span class='ocrx_word' id='word_1_661' title='bbox 2157 3290 2173 3340; x_wconf 88' lang='lat'><strong>;</strong></span> <span class='ocrx_word' id='word_1_662' title='bbox 2204 3273 2451 3329; x_wconf 89' lang='lat' dir='ltr'><strong>charitas</strong></span> <span class='ocrx_word' id='word_1_663' title='bbox 2482 3287 2626 3329; x_wconf 66' lang='lat' dir='ltr'><strong>verte</strong></span> <span class='ocrx_word' id='word_1_664' title='bbox 2658 3271 2882 3326; x_wconf 85' lang='lat' dir='ltr'><strong>virtutis</strong></span> <span class='ocrx_word' id='word_1_665' title='bbox 2913 3271 2969 3325; x_wconf 91' lang='lat' dir='ltr'><strong>in</strong></span> <span class='ocrx_word' id='word_1_666' title='bbox 3020 3270 3178 3326; x_wconf 90' lang='lat' dir='ltr'><strong>nobis</strong></span> <span class='ocrx_word' id='word_1_667' title='bbox 3227 3283 3468 3324; x_wconf 88' lang='lat' dir='ltr'><strong>amorem</strong></span> 
     </span>
    </p>
   </div>
   <div class='ocr_carea' id='block_1_87' title="bbox 1883 3360 3461 3432">
    <p class='ocr_par' dir='ltr' id='par_1_87' title="bbox 1883 3360 3461 3432">
     <span class='ocr_line' id='line_1_87' title="bbox 1883 3360 3461 3432; baseline -0.005 -10"><span class='ocrx_word' id='word_1_668' title='bbox 1883 3366 2304 3432; x_wconf 81' lang='lat' dir='ltr'><strong>excitat;elata</strong></span> <span class='ocrx_word' id='word_1_669' title='bbox 2335 3364 2596 3420; x_wconf 84' lang='lat' dir='ltr'><strong>ferocitas</strong></span> <span class='ocrx_word' id='word_1_670' title='bbox 2646 3362 2798 3429; x_wconf 83' lang='lat' dir='ltr'><strong>facit,</strong></span> <span class='ocrx_word' id='word_1_671' title='bbox 2848 3370 2910 3417; x_wconf 92' lang='lat' dir='ltr'><strong>ut</strong></span> <span class='ocrx_word' id='word_1_672' title='bbox 2952 3377 3120 3432; x_wconf 87' lang='lat' dir='ltr'><strong>supra</strong></span> <span class='ocrx_word' id='word_1_673' title='bbox 3168 3360 3461 3432; x_wconf 88' lang='lat' dir='ltr'><strong>perturba-</strong></span> 
     </span>
    </p>
   </div>
   <div class='ocr_carea' id='block_1_88' title="bbox 1883 3449 3470 3522">
    <p class='ocr_par' dir='ltr' id='par_1_88' title="bbox 1883 3449 3470 3522">
     <span class='ocr_line' id='line_1_88' title="bbox 1883 3449 3470 3522; baseline -0.004 -10"><span class='ocrx_word' id='word_1_674' title='bbox 1883 3458 2063 3514; x_wconf 85' lang='lat' dir='ltr'><strong>tiones</strong></span> <span class='ocrx_word' id='word_1_675' title='bbox 2084 3471 2278 3512; x_wconf 88' lang='lat' dir='ltr'><strong>omnes</strong></span> <span class='ocrx_word' id='word_1_676' title='bbox 2300 3470 2402 3511; x_wconf 89' lang='lat' dir='ltr'><strong>nos</strong></span> <span class='ocrx_word' id='word_1_677' title='bbox 2421 3454 2736 3520; x_wconf 77' lang='lat' dir='ltr'><strong>efferamus,</strong></span> <span class='ocrx_word' id='word_1_678' title='bbox 2761 3459 2816 3507; x_wconf 88' lang='lat' dir='ltr'><strong>et</strong></span> <span class='ocrx_word' id='word_1_679' title='bbox 2844 3451 3012 3507; x_wconf 91' lang='lat' dir='ltr'><strong>animi</strong></span> <span class='ocrx_word' id='word_1_680' title='bbox 3038 3449 3470 3522; x_wconf 85' lang='lat' dir='ltr'><strong>magnitudinem</strong></span> 
     </span>
    </p>
   </div>
   <div class='ocr_carea' id='block_1_89' title="bbox 1884 3540 3470 3619">
    <p class='ocr_par' dir='ltr' id='par_1_89' title="bbox 1884 3540 3470 3619">
     <span class='ocr_line' id='line_1_89' title="bbox 1884 3540 3470 3619; baseline -0.008 -12"><span class='ocrx_word' id='word_1_681' title='bbox 1884 3555 2202 3616; x_wconf 85' lang='lat' dir='ltr'><strong>conservat,</strong></span> <span class='ocrx_word' id='word_1_682' title='bbox 2234 3563 2346 3619; x_wconf 92' lang='lat' dir='ltr'><strong>quo</strong></span> <span class='ocrx_word' id='word_1_683' title='bbox 2380 3548 2567 3603; x_wconf 90' lang='lat' dir='ltr'><strong>minus</strong></span> <span class='ocrx_word' id='word_1_684' title='bbox 2600 3546 2649 3602; x_wconf 92' lang='lat' dir='ltr'><strong>is</strong></span> <span class='ocrx_word' id='word_1_685' title='bbox 2682 3561 2714 3601; x_wconf 89' lang='lat' dir='ltr'><strong>a</strong></span> <span class='ocrx_word' id='word_1_686' title='bbox 2763 3545 2915 3601; x_wconf 85' lang='lat' dir='ltr'><strong>vitiis</strong></span> <span class='ocrx_word' id='word_1_687' title='bbox 2953 3552 3245 3615; x_wconf 89' lang='lat' dir='ltr'><strong>superatus</strong></span> <span class='ocrx_word' id='word_1_688' title='bbox 3294 3540 3470 3599; x_wconf 82' lang='lat' dir='ltr'><strong>servi-</strong></span> 
     </span>
    </p>
   </div>
   <div class='ocr_carea' id='block_1_90' title="bbox 1884 3633 3467 3709">
    <p class='ocr_par' dir='ltr' id='par_1_90' title="bbox 1884 3633 3467 3709">
     <span class='ocr_line' id='line_1_90' title="bbox 1884 3633 3467 3709; baseline -0.006 -12"><span class='ocrx_word' id='word_1_689' title='bbox 1884 3648 2056 3697; x_wconf 83' lang='lat' dir='ltr'><strong>tutem</strong></span> <span class='ocrx_word' id='word_1_690' title='bbox 2107 3638 2333 3695; x_wconf 87' lang='lat' dir='ltr'><strong>serviat.</strong></span> <span class='ocrx_word' id='word_1_691' title='bbox 2383 3635 2715 3709; x_wconf 71' lang='lat' dir='ltr'><strong>Huiusmodi</strong></span> <span class='ocrx_word' id='word_1_692' title='bbox 2757 3642 2909 3690; x_wconf 87' lang='lat' dir='ltr'><strong>certe</strong></span> <span class='ocrx_word' id='word_1_693' title='bbox 2954 3635 3127 3690; x_wconf 88' lang='lat' dir='ltr'><strong>animi</strong></span> <span class='ocrx_word' id='word_1_694' title='bbox 3173 3633 3467 3689; x_wconf 88' lang='lat' dir='ltr'><strong>elationem</strong></span> 
     </span>
    </p>
   </div>
   <div class='ocr_carea' id='block_1_91' title="bbox 1881 3722 3467 3802">
    <p class='ocr_par' dir='ltr' id='par_1_91' title="bbox 1881 3722 3467 3802">
     <span class='ocr_line' id='line_1_91' title="bbox 1881 3722 3467 3802; baseline -0.004 -17"><span class='ocrx_word' id='word_1_695' title='bbox 1881 3744 2119 3802; x_wconf 85' lang='lat' dir='ltr'><strong>magnus</strong></span> <span class='ocrx_word' id='word_1_696' title='bbox 2147 3730 2314 3786; x_wconf 89' lang='lat' dir='ltr'><strong>etiam</strong></span> <span class='ocrx_word' id='word_1_697' title='bbox 2342 3729 2638 3800; x_wconf 83' lang='lat' dir='ltr'><strong>Apostolus</strong></span> <span class='ocrx_word' id='word_1_698' title='bbox 2653 3725 2745 3784; x_wconf 90' lang='lat' dir='ltr'><strong>ille</strong></span> <span class='ocrx_word' id='word_1_699' title='bbox 2755 3722 3077 3795; x_wconf 64' lang='lat' dir='ltr'><strong>praedicat&quot;,</strong></span> <span class='ocrx_word' id='word_1_700' title='bbox 3093 3723 3188 3793; x_wconf 88' lang='lat' dir='ltr'><strong>qui</strong></span> <span class='ocrx_word' id='word_1_701' title='bbox 3208 3724 3467 3794; x_wconf 86' lang='lat' dir='ltr'><strong>frequen-</strong></span> 
     </span>
    </p>
   </div>
   <div class='ocr_carea' id='block_1_92' title="bbox 1880 3817 3469 3890">
    <p class='ocr_par' dir='ltr' id='par_1_92' title="bbox 1880 3817 3469 3890">
     <span class='ocr_line' id='line_1_92' title="bbox 1880 3817 3469 3890; baseline -0.004 -13"><span class='ocrx_word' id='word_1_702' title='bbox 1880 3831 1968 3879; x_wconf 88' lang='lat' dir='ltr'><strong>ter</strong></span> <span class='ocrx_word' id='word_1_703' title='bbox 1997 3836 2100 3878; x_wconf 89' lang='lat' dir='ltr'><strong>nos</strong></span> <span class='ocrx_word' id='word_1_704' title='bbox 2128 3821 2472 3887; x_wconf 88' lang='lat' dir='ltr'><strong>cohortatur,</strong></span> <span class='ocrx_word' id='word_1_705' title='bbox 2505 3827 2567 3876; x_wconf 92' lang='lat' dir='ltr'><strong>ut</strong></span> <span class='ocrx_word' id='word_1_706' title='bbox 2592 3819 2675 3876; x_wconf 88' lang='lat' dir='ltr'><strong>eis</strong></span> <span class='ocrx_word' id='word_1_707' title='bbox 2699 3834 2821 3890; x_wconf 66' lang='lat' dir='ltr'><strong>quae</strong></span> <span class='ocrx_word' id='word_1_708' title='bbox 2848 3832 3069 3875; x_wconf 90' lang='lat' dir='ltr'><strong>sursum</strong></span> <span class='ocrx_word' id='word_1_709' title='bbox 3102 3824 3257 3880; x_wconf 87' lang='lat' dir='ltr'><strong>sunt,</strong></span> <span class='ocrx_word' id='word_1_710' title='bbox 3284 3817 3469 3872; x_wconf 90' lang='lat' dir='ltr'><strong>addic-</strong></span> 
     </span>
    </p>
   </div>
   <div class='ocr_carea' id='block_1_93' title="bbox 1884 3907 3465 3983">
    <p class='ocr_par' dir='ltr' id='par_1_93' title="bbox 1884 3907 3465 3983">
     <span class='ocr_line' id='line_1_93' title="bbox 1884 3907 3465 3983; baseline -0.006 -13"><span class='ocrx_word' id='word_1_711' title='bbox 1884 3915 1924 3970; x_wconf 93' lang='lat' dir='ltr'><strong>ti</strong></span> <span class='ocrx_word' id='word_1_712' title='bbox 1980 3915 2175 3972; x_wconf 90' lang='lat' dir='ltr'><strong>simus.</strong></span> <span class='ocrx_word' id='word_1_713' title='bbox 2224 3911 2302 3968; x_wconf 89' lang='lat' dir='ltr'><strong>De</strong></span> <span class='ocrx_word' id='word_1_714' title='bbox 2363 3926 2473 3983; x_wconf 88' lang='lat' dir='ltr'><strong>quo</strong></span> <span class='ocrx_word' id='word_1_715' title='bbox 2519 3911 2630 3983; x_wconf 80' lang='lat' dir='ltr'><strong>iam</strong></span> <span class='ocrx_word' id='word_1_716' title='bbox 2682 3917 2737 3965; x_wconf 92' lang='lat' dir='ltr'><strong>et</strong></span> <span class='ocrx_word' id='word_1_717' title='bbox 2783 3908 2917 3964; x_wconf 89' lang='lat' dir='ltr'><strong>illud</strong></span> <span class='ocrx_word' id='word_1_718' title='bbox 2974 3907 3203 3978; x_wconf 88' lang='lat' dir='ltr'><strong>intelligi</strong></span> <span class='ocrx_word' id='word_1_719' title='bbox 3262 3914 3465 3978; x_wconf 84' lang='lat' dir='ltr'><strong>potest,</strong></span> 
     </span>
    </p>
   </div>
   <div class='ocr_carea' id='block_1_94' title="bbox 1885 3999 3466 4063">
    <p class='ocr_par' dir='ltr' id='par_1_94' title="bbox 1885 3999 3466 4063">
     <span class='ocr_line' id='line_1_94' title="bbox 1885 3999 3466 4063; baseline -0.006 0"><span class='ocrx_word' id='word_1_720' title='bbox 1885 4021 2104 4063; x_wconf 84' lang='lat' dir='ltr'><strong>omnem</strong></span> <span class='ocrx_word' id='word_1_721' title='bbox 2158 4005 2325 4061; x_wconf 90' lang='lat' dir='ltr'><strong>animi</strong></span> <span class='ocrx_word' id='word_1_722' title='bbox 2378 4012 2586 4060; x_wconf 89' lang='lat' dir='ltr'><strong>motum</strong></span> <span class='ocrx_word' id='word_1_723' title='bbox 2638 4017 2749 4057; x_wconf 82' lang='lat' dir='ltr'><strong>una</strong></span> <span class='ocrx_word' id='word_1_724' title='bbox 2813 4017 2940 4057; x_wconf 90' lang='lat' dir='ltr'><strong>cum</strong></span> <span class='ocrx_word' id='word_1_725' title='bbox 2994 4000 3211 4057; x_wconf 86' lang='lat' dir='ltr'><strong>excelsa</strong></span> <span class='ocrx_word' id='word_1_726' title='bbox 3263 3999 3466 4055; x_wconf 87' lang='lat' dir='ltr'><strong>mentis</strong></span> 
     </span>
    </p>
   </div>
   <div class='ocr_carea' id='block_1_95' title="bbox 1883 4091 3468 4164">
    <p class='ocr_par' dir='ltr' id='par_1_95' title="bbox 1883 4091 3468 4164">
     <span class='ocr_line' id='line_1_95' title="bbox 1883 4091 3468 4164; baseline -0.006 -8"><span class='ocrx_word' id='word_1_727' title='bbox 1883 4099 2147 4156; x_wconf 87' lang='lat' dir='ltr'><strong>facultate</strong></span> <span class='ocrx_word' id='word_1_728' title='bbox 2197 4112 2257 4154; x_wconf 89' lang='lat' dir='ltr'><strong>se</strong></span> <span class='ocrx_word' id='word_1_729' title='bbox 2304 4097 2664 4162; x_wconf 87' lang='lat' dir='ltr'><strong>attollentem,</strong></span> <span class='ocrx_word' id='word_1_730' title='bbox 2700 4093 2767 4149; x_wconf 90' lang='lat' dir='ltr'><strong>ad</strong></span> <span class='ocrx_word' id='word_1_731' title='bbox 2814 4094 3009 4150; x_wconf 74' lang='lat' dir='ltr'><strong>divina:</strong></span> <span class='ocrx_word' id='word_1_732' title='bbox 3060 4092 3314 4164; x_wconf 87' lang='lat' dir='ltr'><strong>imaginis</strong></span> <span class='ocrx_word' id='word_1_733' title='bbox 3346 4091 3468 4163; x_wconf 84' lang='lat' dir='ltr'><strong>pul-</strong></span> 
     </span>
    </p>
   </div>
   <div class='ocr_carea' id='block_1_96' title="bbox 1883 4184 3468 4256">
    <p class='ocr_par' dir='ltr' id='par_1_96' title="bbox 1883 4184 3468 4256">
     <span class='ocr_line' id='line_1_96' title="bbox 1883 4184 3468 4256; baseline -0.006 -7"><span class='ocrx_word' id='word_1_734' title='bbox 1883 4191 2254 4249; x_wconf 89' lang='lat' dir='ltr'><strong>chritudinem</strong></span> <span class='ocrx_word' id='word_1_735' title='bbox 2294 4185 2803 4244; x_wconf 88' lang='lat' dir='ltr'><strong>conformari.Cum</strong></span> <span class='ocrx_word' id='word_1_736' title='bbox 2835 4194 3014 4241; x_wconf 86' lang='lat' dir='ltr'><strong>autem</strong></span> <span class='ocrx_word' id='word_1_737' title='bbox 3038 4184 3305 4256; x_wconf 86' lang='lat' dir='ltr'><strong>gravitate</strong></span> <span class='ocrx_word' id='word_1_738' title='bbox 3330 4198 3468 4255; x_wconf 53' lang='lat' dir='ltr'><strong>qua«</strong></span> 
     </span>
    </p>
   </div>
   <div class='ocr_carea' id='block_1_97' title="bbox 1882 4275 3460 4361">
    <p class='ocr_par' dir='ltr' id='par_1_97' title="bbox 1882 4275 3460 4361">
     <span class='ocr_line' id='line_1_97' title="bbox 1882 4275 3460 4361; baseline -0.006 -21"><span class='ocrx_word' id='word_1_739' title='bbox 1882 4284 2010 4340; x_wconf 91' lang='lat' dir='ltr'><strong>dam</strong></span> <span class='ocrx_word' id='word_1_740' title='bbox 2044 4298 2143 4339; x_wconf 91' lang='lat' dir='ltr'><strong>sua</strong></span> <span class='ocrx_word' id='word_1_741' title='bbox 2181 4281 2440 4337; x_wconf 89' lang='lat' dir='ltr'><strong>deorsum</strong></span> <span class='ocrx_word' id='word_1_742' title='bbox 2474 4280 2609 4335; x_wconf 90' lang='lat' dir='ltr'><strong>vitia</strong></span> <span class='ocrx_word' id='word_1_743' title='bbox 2643 4288 2918 4350; x_wconf 87' lang='lat' dir='ltr'><strong>vergant;</strong></span> <span class='ocrx_word' id='word_1_744' title='bbox 2956 4277 3165 4361; x_wconf 77' lang='lat' dir='ltr'><strong>idcirco</strong></span> <span class='ocrx_word' id='word_1_745' title='bbox 3204 4275 3460 4346; x_wconf 79' lang='lat' dir='ltr'><strong>frequen-</strong></span> 
     </span>
    </p>
   </div>
   <div class='ocr_carea' id='block_1_98' title="bbox 1882 4368 3465 4446">
    <p class='ocr_par' dir='ltr' id='par_1_98' title="bbox 1882 4368 3465 4446">
     <span class='ocr_line' id='line_1_98' title="bbox 1882 4368 3465 4446; baseline -0.007 -12"><span class='ocrx_word' id='word_1_746' title='bbox 1882 4378 1995 4434; x_wconf 91' lang='lat' dir='ltr'><strong>tius</strong></span> <span class='ocrx_word' id='word_1_747' title='bbox 2031 4375 2089 4432; x_wconf 94' lang='lat' dir='ltr'><strong>id</strong></span> <span class='ocrx_word' id='word_1_748' title='bbox 2123 4374 2271 4446; x_wconf 92' lang='lat' dir='ltr'><strong>quod</strong></span> <span class='ocrx_word' id='word_1_749' title='bbox 2309 4375 2653 4429; x_wconf 89' lang='lat' dir='ltr'><strong>contrarium</strong></span> <span class='ocrx_word' id='word_1_750' title='bbox 2706 4371 2835 4427; x_wconf 90' lang='lat' dir='ltr'><strong>huic</strong></span> <span class='ocrx_word' id='word_1_751' title='bbox 2863 4377 2968 4435; x_wconf 85' lang='lat' dir='ltr'><strong>est,</strong></span> <span class='ocrx_word' id='word_1_752' title='bbox 3023 4369 3242 4425; x_wconf 89' lang='lat' dir='ltr'><strong>accidit.</strong></span> <span class='ocrx_word' id='word_1_753' title='bbox 3293 4368 3465 4424; x_wconf 79' lang='lat' dir='ltr'><strong>Multo</strong></span> 
     </span>
    </p>
   </div>
   <div class='ocr_carea' id='block_1_99' title="bbox 1883 4461 3467 4535">
    <p class='ocr_par' dir='ltr' id='par_1_99' title="bbox 1883 4461 3467 4535">
     <span class='ocr_line' id='line_1_99' title="bbox 1883 4461 3467 4535; baseline -0.004 -11"><span class='ocrx_word' id='word_1_754' title='bbox 1883 4468 2050 4524; x_wconf 88' lang='lat' dir='ltr'><strong>citius</strong></span> <span class='ocrx_word' id='word_1_755' title='bbox 2080 4466 2227 4522; x_wconf 86' lang='lat' dir='ltr'><strong>enim</strong></span> <span class='ocrx_word' id='word_1_756' title='bbox 2257 4465 2519 4535; x_wconf 88' lang='lat' dir='ltr'><strong>princeps</strong></span> <span class='ocrx_word' id='word_1_757' title='bbox 2551 4464 2720 4519; x_wconf 90' lang='lat' dir='ltr'><strong>animi</strong></span> <span class='ocrx_word' id='word_1_758' title='bbox 2761 4462 2998 4518; x_wconf 89' lang='lat' dir='ltr'><strong>facultas</strong></span> <span class='ocrx_word' id='word_1_759' title='bbox 3030 4461 3208 4518; x_wconf 85' lang='lat' dir='ltr'><strong>brutae</strong></span> <span class='ocrx_word' id='word_1_760' title='bbox 3253 4471 3467 4517; x_wconf 70' lang='lat' dir='ltr'><strong>natura:</strong></span> 
     </span>
    </p>
   </div>
   <div class='ocr_carea' id='block_1_100' title="bbox 1883 4551 3465 4632">
    <p class='ocr_par' dir='ltr' id='par_1_100' title="bbox 1883 4551 3465 4632">
     <span class='ocr_line' id='line_1_100' title="bbox 1883 4551 3465 4632; baseline -0.004 -16"><span class='ocrx_word' id='word_1_761' title='bbox 1883 4562 2125 4632; x_wconf 89' lang='lat' dir='ltr'><strong>pondere</strong></span> <span class='ocrx_word' id='word_1_762' title='bbox 2151 4557 2389 4628; x_wconf 84' lang='lat' dir='ltr'><strong>impulsa</strong></span> <span class='ocrx_word' id='word_1_763' title='bbox 2416 4554 2762 4626; x_wconf 90' lang='lat' dir='ltr'><strong>deprimitur,</strong></span> <span class='ocrx_word' id='word_1_764' title='bbox 2792 4570 2957 4626; x_wconf 89' lang='lat' dir='ltr'><strong>quam</strong></span> <span class='ocrx_word' id='word_1_765' title='bbox 3006 4551 3151 4623; x_wconf 89' lang='lat' dir='ltr'><strong>quod</strong></span> <span class='ocrx_word' id='word_1_766' title='bbox 3198 4568 3364 4623; x_wconf 81' lang='lat' dir='ltr'><strong>grave</strong></span> <span class='ocrx_word' id='word_1_767' title='bbox 3401 4568 3465 4609; x_wconf 90' lang='lat' dir='ltr'><strong>ac</strong></span> 
     </span>
    </p>
   </div>
   <div class='ocr_carea' id='block_1_101' title="bbox 1882 4644 3463 4712">
    <p class='ocr_par' dir='ltr' id='par_1_101' title="bbox 1882 4644 3463 4712">
     <span class='ocr_line' id='line_1_101' title="bbox 1882 4644 3463 4712; baseline -0.002 -9"><span class='ocrx_word' id='word_1_768' title='bbox 1882 4657 2122 4705; x_wconf 88' lang='lat' dir='ltr'><strong>terreum</strong></span> <span class='ocrx_word' id='word_1_769' title='bbox 2153 4654 2260 4712; x_wconf 88' lang='lat' dir='ltr'><strong>est,</strong></span> <span class='ocrx_word' id='word_1_770' title='bbox 2290 4661 2403 4701; x_wconf 90' lang='lat' dir='ltr'><strong>una</strong></span> <span class='ocrx_word' id='word_1_771' title='bbox 2436 4660 2560 4702; x_wconf 92' lang='lat' dir='ltr'><strong>cum</strong></span> <span class='ocrx_word' id='word_1_772' title='bbox 2596 4655 2778 4700; x_wconf 89' lang='lat' dir='ltr'><strong>mente</strong></span> <span class='ocrx_word' id='word_1_773' title='bbox 2816 4645 2873 4700; x_wconf 91' lang='lat' dir='ltr'><strong>in</strong></span> <span class='ocrx_word' id='word_1_774' title='bbox 2909 4644 3081 4699; x_wconf 90' lang='lat' dir='ltr'><strong>altum</strong></span> <span class='ocrx_word' id='word_1_775' title='bbox 3120 4645 3463 4700; x_wconf 88' lang='lat' dir='ltr'><strong>sublevetur.</strong></span> 
     </span>
    </p>
   </div>
   <div class='ocr_carea' id='block_1_102' title="bbox 1880 4736 3467 4809">
    <p class='ocr_par' dir='ltr' id='par_1_102' title="bbox 1880 4736 3467 4809">
     <span class='ocr_line' id='line_1_102' title="bbox 1880 4736 3467 4809; baseline -0.001 -14"><span class='ocrx_word' id='word_1_776' title='bbox 1880 4740 2098 4796; x_wconf 88' lang='lat' dir='ltr'><strong>Idcirco</strong></span> <span class='ocrx_word' id='word_1_777' title='bbox 2138 4751 2285 4809; x_wconf 85' lang='lat' dir='ltr'><strong>saepe</strong></span> <span class='ocrx_word' id='word_1_778' title='bbox 2336 4737 2507 4793; x_wconf 83' lang='lat' dir='ltr'><strong>divini</strong></span> <span class='ocrx_word' id='word_1_779' title='bbox 2556 4736 2805 4793; x_wconf 91' lang='lat' dir='ltr'><strong>muneris</strong></span> <span class='ocrx_word' id='word_1_780' title='bbox 2847 4737 3202 4808; x_wconf 70' lang='lat' dir='ltr'><strong>praestantia,</strong></span> <span class='ocrx_word' id='word_1_781' title='bbox 3258 4751 3467 4808; x_wconf 78' lang='lat' dir='ltr'><strong>praepe—</strong></span> 
     </span>
    </p>
   </div>
   <div class='ocr_carea' id='block_1_103' title="bbox 1881 4828 3466 4900">
    <p class='ocr_par' dir='ltr' id='par_1_103' title="bbox 1881 4828 3466 4900">
     <span class='ocr_line' id='line_1_103' title="bbox 1881 4828 3466 4900; baseline -0.002 -13"><span class='ocrx_word' id='word_1_782' title='bbox 1881 4833 2065 4889; x_wconf 88' lang='lat' dir='ltr'><strong>diente</strong></span> <span class='ocrx_word' id='word_1_783' title='bbox 2099 4830 2320 4888; x_wconf 89' lang='lat' dir='ltr'><strong>miseria</strong></span> <span class='ocrx_word' id='word_1_784' title='bbox 2347 4838 2560 4891; x_wconf 89' lang='lat' dir='ltr'><strong>nostra,</strong></span> <span class='ocrx_word' id='word_1_785' title='bbox 2588 4843 2699 4884; x_wconf 91' lang='lat' dir='ltr'><strong>non</strong></span> <span class='ocrx_word' id='word_1_786' title='bbox 2727 4828 2864 4885; x_wconf 83' lang='lat' dir='ltr'><strong>satis</strong></span> <span class='ocrx_word' id='word_1_787' title='bbox 2890 4828 2948 4885; x_wconf 91' lang='lat' dir='ltr'><strong>in</strong></span> <span class='ocrx_word' id='word_1_788' title='bbox 2994 4829 3155 4885; x_wconf 91' lang='lat' dir='ltr'><strong>nobis</strong></span> <span class='ocrx_word' id='word_1_789' title='bbox 3200 4828 3466 4900; x_wconf 80' lang='lat' dir='ltr'><strong>perspici-</strong></span> 
     </span>
    </p>
   </div>
   <div class='ocr_carea' id='block_1_104' title="bbox 1882 4908 3461 4994">
    <p class='ocr_par' dir='ltr' id='par_1_104' title="bbox 1882 4908 3461 4994">
     <span class='ocr_line' id='line_1_104' title="bbox 1882 4908 3461 4994; baseline -0.003 -16"><span class='ocrx_word' id='word_1_790' title='bbox 1882 4930 2012 4979; x_wconf 88' lang='lat' dir='ltr'><strong>tur:</strong></span> <span class='ocrx_word' id='word_1_791' title='bbox 2053 4921 2222 4994; x_wconf 83' lang='lat' dir='ltr'><strong>ﬂtque</strong></span> <span class='ocrx_word' id='word_1_792' title='bbox 2252 4928 2314 4976; x_wconf 89' lang='lat' dir='ltr'><strong>ut</strong></span> <span class='ocrx_word' id='word_1_793' title='bbox 2351 4908 2713 4992; x_wconf 79' lang='lat' dir='ltr'><strong>pulchritudo</strong></span> <span class='ocrx_word' id='word_1_794' title='bbox 2743 4918 2945 4975; x_wconf 69' lang='lat' dir='ltr'><strong>divinae</strong></span> <span class='ocrx_word' id='word_1_795' title='bbox 2968 4919 3198 4992; x_wconf 85' lang='lat' dir='ltr'><strong>imagini</strong></span> <span class='ocrx_word' id='word_1_796' title='bbox 3228 4934 3461 4993; x_wconf 84' lang='lat' dir='ltr'><strong>respon-</strong></span> 
     </span>
    </p>
   </div>
   <div class='ocr_carea' id='block_1_105' title="bbox 1882 5012 3460 5084">
    <p class='ocr_par' dir='ltr' id='par_1_105' title="bbox 1882 5012 3460 5084">
     <span class='ocr_line' id='line_1_105' title="bbox 1882 5012 3460 5084; baseline -0.004 -11"><span class='ocrx_word' id='word_1_797' title='bbox 1882 5018 2042 5083; x_wconf 89' lang='lat' dir='ltr'><strong>dens,</strong></span> <span class='ocrx_word' id='word_1_798' title='bbox 2090 5013 2302 5071; x_wconf 89' lang='lat' dir='ltr'><strong>morbis</strong></span> <span class='ocrx_word' id='word_1_799' title='bbox 2333 5013 2520 5070; x_wconf 90' lang='lat' dir='ltr'><strong>carnis</strong></span> <span class='ocrx_word' id='word_1_800' title='bbox 2564 5019 2824 5083; x_wconf 82' lang='lat' dir='ltr'><strong>tanquam</strong></span> <span class='ocrx_word' id='word_1_801' title='bbox 2862 5012 3180 5084; x_wconf 88' lang='lat' dir='ltr'><strong>turpissima</strong></span> <span class='ocrx_word' id='word_1_802' title='bbox 3226 5012 3460 5084; x_wconf 86' lang='lat' dir='ltr'><strong>quadam</strong></span> 
     </span>
    </p>
   </div>
   <div class='ocr_carea' id='block_1_106' title="bbox 1881 5104 3464 5177">
    <p class='ocr_par' dir='ltr' id='par_1_106' title="bbox 1881 5104 3464 5177">
     <span class='ocr_line' id='line_1_106' title="bbox 1881 5104 3464 5177; baseline 0.001 -13"><span class='ocrx_word' id='word_1_803' title='bbox 1881 5111 2033 5165; x_wconf 85' lang='lat' dir='ltr'><strong>larva</strong></span> <span class='ocrx_word' id='word_1_804' title='bbox 2077 5108 2426 5165; x_wconf 89' lang='lat' dir='ltr'><strong>obducatur:</strong></span> <span class='ocrx_word' id='word_1_805' title='bbox 2481 5106 2715 5177; x_wconf 91' lang='lat' dir='ltr'><strong>ideoque</strong></span> <span class='ocrx_word' id='word_1_806' title='bbox 2750 5104 2964 5161; x_wconf 85' lang='lat' dir='ltr'><strong>veniam</strong></span> <span class='ocrx_word' id='word_1_807' title='bbox 3014 5107 3254 5176; x_wconf 91' lang='lat' dir='ltr'><strong>quodam</strong></span> <span class='ocrx_word' id='word_1_808' title='bbox 3298 5107 3464 5165; x_wconf 91' lang='lat' dir='ltr'><strong>modo</strong></span> 
     </span>
    </p>
   </div>
   <div class='ocr_carea' id='block_1_107' title="bbox 1881 5197 3464 5271">
    <p class='ocr_par' dir='ltr' id='par_1_107' title="bbox 1881 5197 3464 5271">
     <span class='ocr_line' id='line_1_107' title="bbox 1881 5197 3464 5271; baseline -0.003 -13"><span class='ocrx_word' id='word_1_809' title='bbox 1881 5210 2186 5267; x_wconf 86' lang='lat' dir='ltr'><strong>merentur,</strong></span> <span class='ocrx_word' id='word_1_810' title='bbox 2223 5201 2269 5257; x_wconf 90' lang='lat' dir='ltr'><strong>si</strong></span> <span class='ocrx_word' id='word_1_811' title='bbox 2304 5202 2397 5271; x_wconf 93' lang='lat' dir='ltr'><strong>qui</strong></span> <span class='ocrx_word' id='word_1_812' title='bbox 2437 5200 2505 5255; x_wconf 91' lang='lat' dir='ltr'><strong>ad</strong></span> <span class='ocrx_word' id='word_1_813' title='bbox 2539 5199 2856 5266; x_wconf 79' lang='lat' dir='ltr'><strong>huiusmodi</strong></span> <span class='ocrx_word' id='word_1_814' title='bbox 2881 5197 3130 5269; x_wconf 77' lang='lat' dir='ltr'><strong>quaedam</strong></span> <span class='ocrx_word' id='word_1_815' title='bbox 3160 5198 3464 5268; x_wconf 70' lang='lat' dir='ltr'><strong>respicien~</strong></span> 
     </span>
    </p>
   </div>
   <div class='ocr_carea' id='block_1_108' title="bbox 1883 5284 3463 5360">
    <p class='ocr_par' dir='ltr' id='par_1_108' title="bbox 1883 5284 3463 5360">
     <span class='ocr_line' id='line_1_108' title="bbox 1883 5284 3463 5360; baseline -0.004 -10"><span class='ocrx_word' id='word_1_816' title='bbox 1883 5301 1989 5359; x_wconf 91' lang='lat' dir='ltr'><strong>tes,</strong></span> <span class='ocrx_word' id='word_1_817' title='bbox 2042 5292 2252 5349; x_wconf 85' lang='lat' dir='ltr'><strong>essein</strong></span> <span class='ocrx_word' id='word_1_818' title='bbox 2306 5290 2393 5347; x_wconf 93' lang='lat' dir='ltr'><strong>his</strong></span> <span class='ocrx_word' id='word_1_819' title='bbox 2448 5289 2741 5360; x_wconf 87' lang='lat' dir='ltr'><strong>imaginem</strong></span> <span class='ocrx_word' id='word_1_820' title='bbox 2788 5287 2884 5343; x_wconf 91' lang='lat' dir='ltr'><strong>Dei</strong></span> <span class='ocrx_word' id='word_1_821' title='bbox 2934 5301 3098 5357; x_wconf 90' lang='lat' dir='ltr'><strong>posse</strong></span> <span class='ocrx_word' id='word_1_822' title='bbox 3144 5300 3256 5340; x_wconf 92' lang='lat' dir='ltr'><strong>non</strong></span> <span class='ocrx_word' id='word_1_823' title='bbox 3302 5284 3463 5345; x_wconf 83' lang='lat' dir='ltr'><strong>facile</strong></span> 
     </span>
    </p>
   </div>
   <div class='ocr_carea' id='block_1_109' title="bbox 1884 5378 3459 5451">
    <p class='ocr_par' dir='ltr' id='par_1_109' title="bbox 1884 5378 3459 5451">
     <span class='ocr_line' id='line_1_109' title="bbox 1884 5378 3459 5451; baseline -0.004 -10"><span class='ocrx_word' id='word_1_824' title='bbox 1884 5385 2217 5441; x_wconf 88' lang='lat' dir='ltr'><strong>concedunt.</strong></span> <span class='ocrx_word' id='word_1_825' title='bbox 2251 5380 2490 5437; x_wconf 87' lang='lat' dir='ltr'><strong>lllustris</strong></span> <span class='ocrx_word' id='word_1_826' title='bbox 2513 5382 2605 5435; x_wconf 89' lang='lat' dir='ltr'><strong>illa</strong></span> <span class='ocrx_word' id='word_1_827' title='bbox 2637 5380 2887 5451; x_wconf 86' lang='lat' dir='ltr'><strong>profecto</strong></span> <span class='ocrx_word' id='word_1_828' title='bbox 2908 5378 2963 5432; x_wconf 94' lang='lat' dir='ltr'><strong>in</strong></span> <span class='ocrx_word' id='word_1_829' title='bbox 2991 5378 3071 5433; x_wconf 89' lang='lat' dir='ltr'><strong>eis</strong></span> <span class='ocrx_word' id='word_1_830' title='bbox 3100 5378 3459 5450; x_wconf 87' lang='lat' dir='ltr'><strong>conspicitur,</strong></span> 
     </span>
    </p>
   </div>
   <div class='ocr_carea' id='block_1_110' title="bbox 1885 5471 3459 5549">
    <p class='ocr_par' dir='ltr' id='par_1_110' title="bbox 1885 5471 3459 5549">
     <span class='ocr_line' id='line_1_110' title="bbox 1885 5471 3459 5549; baseline 0 -20"><span class='ocrx_word' id='word_1_831' title='bbox 1885 5477 1979 5549; x_wconf 89' lang='lat' dir='ltr'><strong>qui</strong></span> <span class='ocrx_word' id='word_1_832' title='bbox 2043 5476 2214 5531; x_wconf 91' lang='lat' dir='ltr'><strong>vitam</strong></span> <span class='ocrx_word' id='word_1_833' title='bbox 2268 5488 2426 5529; x_wconf 91' lang='lat' dir='ltr'><strong>suam</strong></span> <span class='ocrx_word' id='word_1_834' title='bbox 2481 5473 2553 5528; x_wconf 91' lang='lat' dir='ltr'><strong>ad</strong></span> <span class='ocrx_word' id='word_1_835' title='bbox 2615 5471 2834 5527; x_wconf 86' lang='lat' dir='ltr'><strong>virtutis</strong></span> <span class='ocrx_word' id='word_1_836' title='bbox 2896 5483 3149 5523; x_wconf 87' lang='lat' dir='ltr'><strong>normam</strong></span> <span class='ocrx_word' id='word_1_837' title='bbox 3206 5483 3459 5530; x_wconf 89' lang='lat' dir='ltr'><strong>accurate</strong></span> 
     </span>
    </p>
   </div>
   <div class='ocr_carea' id='block_1_111' title="bbox 1885 5558 3463 5638">
    <p class='ocr_par' dir='ltr' id='par_1_111' title="bbox 1885 5558 3463 5638">
     <span class='ocr_line' id='line_1_111' title="bbox 1885 5558 3463 5638; baseline -0.003 -15"><span class='ocrx_word' id='word_1_838' title='bbox 1885 5571 2207 5638; x_wconf 81' lang='lat' dir='ltr'><strong>exegerunt.</strong></span> <span class='ocrx_word' id='word_1_839' title='bbox 2239 5561 2396 5629; x_wconf 82' lang='lat' dir='ltr'><strong>Quod</strong></span> <span class='ocrx_word' id='word_1_840' title='bbox 2423 5564 2469 5618; x_wconf 91' lang='lat' dir='ltr'><strong>si</strong></span> <span class='ocrx_word' id='word_1_841' title='bbox 2496 5576 2657 5632; x_wconf 91' lang='lat' dir='ltr'><strong>quem</strong></span> <span class='ocrx_word' id='word_1_842' title='bbox 2695 5559 2864 5616; x_wconf 89' lang='lat' dir='ltr'><strong>animi</strong></span> <span class='ocrx_word' id='word_1_843' title='bbox 2894 5558 3105 5615; x_wconf 90' lang='lat' dir='ltr'><strong>morbis</strong></span> <span class='ocrx_word' id='word_1_844' title='bbox 3132 5561 3463 5631; x_wconf 85' lang='lat' dir='ltr'><strong>obnoxium,</strong></span> 
     </span>
    </p>
   </div>
   <div class='ocr_carea' id='block_1_112' title="bbox 1885 5650 3460 5733">
    <p class='ocr_par' dir='ltr' id='par_1_112' title="bbox 1885 5650 3460 5733">
     <span class='ocr_line' id='line_1_112' title="bbox 1885 5650 3460 5733; baseline -0.004 -18"><span class='ocrx_word' id='word_1_845' title='bbox 1885 5658 2155 5728; x_wconf 87' lang='lat' dir='ltr'><strong>carnique</strong></span> <span class='ocrx_word' id='word_1_846' title='bbox 2176 5654 2445 5733; x_wconf 85' lang='lat' dir='ltr'><strong>deditum,</strong></span> <span class='ocrx_word' id='word_1_847' title='bbox 2476 5654 2660 5709; x_wconf 87' lang='lat' dir='ltr'><strong>divina</strong></span> <span class='ocrx_word' id='word_1_848' title='bbox 2694 5650 3106 5723; x_wconf 88' lang='lat' dir='ltr'><strong>pulchritudine</strong></span> <span class='ocrx_word' id='word_1_849' title='bbox 3137 5663 3460 5710; x_wconf 85' lang='lat' dir='ltr'><strong>exornatum</strong></span> 
     </span>
    </p>
   </div>
   <div class='ocr_carea' id='block_1_113' title="bbox 1884 5745 3465 5820">
    <p class='ocr_par' dir='ltr' id='par_1_113' title="bbox 1884 5745 3465 5820">
     <span class='ocr_line' id='line_1_113' title="bbox 1884 5745 3465 5820; baseline -0.003 -11"><span class='ocrx_word' id='word_1_850' title='bbox 1884 5766 2008 5809; x_wconf 90' lang='lat' dir='ltr'><strong>esse</strong></span> <span class='ocrx_word' id='word_1_851' title='bbox 2048 5765 2161 5806; x_wconf 91' lang='lat' dir='ltr'><strong>non</strong></span> <span class='ocrx_word' id='word_1_852' title='bbox 2195 5747 2418 5813; x_wconf 89' lang='lat' dir='ltr'><strong>credis;</strong></span> <span class='ocrx_word' id='word_1_853' title='bbox 2470 5756 2527 5802; x_wconf 89' lang='lat' dir='ltr'><strong>at</strong></span> <span class='ocrx_word' id='word_1_854' title='bbox 2576 5746 2632 5801; x_wconf 93' lang='lat' dir='ltr'><strong>in</strong></span> <span class='ocrx_word' id='word_1_855' title='bbox 2686 5745 2853 5802; x_wconf 90' lang='lat' dir='ltr'><strong>alium</strong></span> <span class='ocrx_word' id='word_1_856' title='bbox 2901 5747 3139 5817; x_wconf 87' lang='lat' dir='ltr'><strong>intuere,</strong></span> <span class='ocrx_word' id='word_1_857' title='bbox 3192 5747 3354 5820; x_wconf 74' lang='lat' dir='ltr'><strong>cujus</strong></span> <span class='ocrx_word' id='word_1_858' title='bbox 3413 5747 3465 5804; x_wconf 91' lang='lat' dir='ltr'><strong>in</strong></span> 
     </span>
    </p>
   </div>
  </div>
