3890 6420
397 478 506 537 195

1654 463 1714 518 S.
1756 459 2086 517 GREGORll
2125 460 2413 519 NYSSENI

3562 450 3678 510 i96

391 590 615 648 excelso
634 588 813 644 virtus
840 587 932 652 sit,
959 592 1014 642 et
1036 584 1131 656 qui
1156 597 1331 656 purus
1354 581 1430 639 sit
1457 596 1488 637 a
1512 581 1782 639 scelerum
1808 581 1969 637 labe:

2099 580 2174 652 ςῆς
2207 580 2412 644 εἰκόνος
2447 577 2653 651 μορφή.
2699 575 2787 629 Ἐν
2808 557 2891 638 οἷς
2927 572 3106 627 τοίνυν
3130 568 3231 628 οὑκ
3267 566 3579 641 ὴμαυρώθη
3606 568 3681 621 τὸ

392 681 445 739 is
476 678 638 735 facile
668 685 722 734 te
750 674 1118 741 confirmabit,
1152 681 1213 729 ut
1255 673 1552 747 benignius
1580 671 1651 727 de
1680 671 1968 727 hominum

392 775 594 823 natura
646 764 879 821 sentias.
904 761 1187 817 Exstiuxit
1237 768 1453 818 natura:
1500 759 1971 832 pulchritudinem

394 856 619 928 (rectius
653 856 799 910 enim
833 854 950 908 haec
982 852 1365 924 exemplorum
1403 851 1739 906 indicatione
1785 848 1971 905 decla-

392 945 609 1019 rantur)
642 959 740 1015 per
768 944 1038 998 scelerum
1081 942 1520 1013 inquinationem
1549 930 1775 1011 quidam
1811 938 1971 995 nobi-

392 1036 582 1091 litatus
636 1034 897 1106 ﬂagitiis,
947 1032 1101 1088 verbi
1156 1033 1334 1104 gratia
1387 1030 1703 1095 Jechonias,
1762 1029 1972 1086 aliusve

393 1129 552 1182 malis
596 1143 662 1183 ex
714 1126 1057 1181 facinoribus
1110 1125 1366 1182 celebris.
1425 1121 1497 1177 At
1546 1122 1725 1178 Moses
1753 1130 1970 1188 contra,

393 1218 639 1289 Mosique
665 1217 986 1273 consimiles
1033 1216 1150 1283 alii,
1180 1216 1410 1271 formam
1457 1214 1658 1270 divinae
1717 1210 1972 1282 imaginis

394 1324 588 1369 Duram
630 1316 1055 1364 conservarunt.
1088 1307 1232 1376 Ergo
1281 1305 1336 1359 in
1368 1303 1572 1373 quibus
1618 1299 1973 1374 pulchritudo

396 1417 503 1457 non
531 1409 617 1458 est
665 1401 987 1466 obscurata,
1039 1398 1108 1454 de
1145 1398 1213 1454 iis
1267 1399 1560 1469 perspicue
1611 1410 1799 1451 verum
1845 1407 1973 1450 esse

396 1492 743 1563 intelligitur,
801 1492 1081 1547 hominem
1129 1497 1193 1544 ut
1239 1488 1335 1543 Dei
1392 1487 1752 1544 simulacrum
1807 1483 1971 1550 foret,

398 1584 600 1639 factum
631 1598 775 1639 esse.
812 1581 975 1638 Forte
1008 1596 1118 1637 non
1150 1594 1313 1636 nemo
1355 1588 1461 1645 est,
1512 1580 1607 1650 qui
1658 1578 1970 1651 pudendum

395 1675 656 1746 quiddam
714 1690 837 1731 esse
904 1674 1224 1737 existimet,
1284 1671 1433 1742 quod
1492 1669 1733 1725 hominis
1799 1669 1971 1724 vitam

394 1766 646 1822 ciborum
675 1781 803 1831 usu,
843 1765 1071 1837 perinde
1098 1773 1159 1819 ut
1183 1771 1238 1819 et
1282 1764 1604 1825 brutorum,
1654 1760 1972 1816 conservari

396 1875 625 1917 necesse
648 1860 760 1915 sit:
799 1870 964 1929 atque
999 1858 1208 1913 idcirco
1253 1855 1546 1927 indignum
1594 1869 1719 1911 esse
1763 1859 1972 1909 statuat

2077 670 2298 734 κάλλος,
2330 670 2391 723 ὲν
2416 668 2625 731 τούτοις
2654 664 2887 738 ἐναργὴς
2923 665 2957 736 ἡ
2991 662 3101 717 τῶν
3135 661 3446 732 λεγομένων
3471 658 3677 722 πίστις

2077 760 2247 827 ἐστὶν,
2267 760 2350 813 ὅτι
2375 757 2660 830 ἄνθρωπος
2691 754 2787 808 τοῦ
2811 752 2947 809 Θεοῦ
2977 753 3203 826 μίμημα
3226 751 3473 820 γέγονεν.
3519 747 3677 802 Ἀλλ’

2078 851 2466 922 ἐπαισχύνεται
2497 869 2582 915 τις
2614 849 2808 921 τυχὸν,
2851 846 2932 918 τῷ
2958 846 3046 900 διά
3080 843 3333 917 βρώσεως
3372 843 3510 914 ἡμῖν
3539 839 3677 895 καθ’

2076 943 2369 1015 ὁμοιότητα
2394 942 2504 996 τῶν
2538 941 2749 1009 ἀλόγων
2772 939 2872 1012 τὴν
2898 936 3043 1007 ζωὴν
3069 933 3409 997 συνεστάναι,
3449 932 3550 986 καὶ
3577 931 3677 984 διὰ

2076 1035 2236 1089 τοῦτο
2262 1035 2478 1101 ἀνάξιον
2510 1035 2724 1104 ἡγεῖται
2765 1031 2857 1086 τὸν
2895 1030 3179 1102 ἄνθρωπον
3210 1026 3304 1082 τοῦ
3328 1024 3450 1080 κατ’
3477 1022 3677 1078 εἰκόνα

2078 1125 2214 1180 Θεοῦ
2245 1124 2553 1179 πεπλάσθαι
2577 1124 2775 1177 δοκεῖν.
2828 1121 2967 1175 Ἀλλ’
2992 1119 3259 1186 ἐλπιζέτω
3286 1118 3386 1187 τῆς
3413 1116 3677 1188 λειτουρ-

2078 1217 2235 1286 γείας
2262 1217 2466 1287 ταύτης
2509 1216 2759 1269 ἀτέλειαν
2801 1211 3124 1284 δοθήσεσθαι
3170 1213 3237 1281 τῇ
3293 1209 3453 1280 φύσει
3502 1208 3675 1272 ποτὲ,

2080 1309 2220 1363 κατά
2245 1309 2344 1379 τὴν
2374 1306 2830 1378 προσδοκωμένην
2863 1304 3027 1376 ζωήν.
3063 1303 3139 1357 Ού
3162 1302 3270 1374 γάρ
3300 1303 3438 1366 ἐστι,
3478 1297 3675 1361 καθώς

2081 1417 2243 1471 φησιν
2269 1401 2299 1453 ὁ
2335 1398 2675 1461 Ἀπόστολος,
2703 1399 2738 1468 ἠ
2771 1396 3011 1467 βασιλεία
3040 1393 3138 1448 τοῦ
3163 1392 3295 1447 Θεοῦ
3328 1391 3535 1461 βρῶσις
3573 1389 3678 1444 καὶ

2080 1491 2268 1553 πόσις·
2307 1490 2427 1543 οὐδὲ
2454 1490 2541 1542 ἐπ’
2561 1490 2709 1560 ἄρτῳ
2741 1488 2887 1558 μόνῳ
2912 1485 3169 1557 ζήσεσθαι
3192 1485 3287 1538 τὸν
3314 1483 3608 1553 ἄνθρωπον
3639 1479 3674 1533 ὁ

2080 1581 2285 1653 Κύριος
2328 1579 2771 1652 προηγόρευσεν,
2826 1577 2941 1631 ἀλλ’
2992 1580 3049 1631 ὲν
3099 1577 3263 1630 παντὶ
3313 1577 3519 1646 ῥήματι
3576 1573 3677 1625 ὲκ-

2081 1671 2429 1743 πορευομένῳ
2456 1670 2546 1724 διὰ
2571 1671 2837 1742 στόματος
2862 1668 3014 1725 Θεοῦ.
3066 1668 3227 1723 Ἀλλά
3262 1668 3357 1721 καὶ
3390 1668 3492 1736 τῆς
3529 1665 3676 1718 ἀνα-

2083 1761 2326 1824 στάσεως
2377 1760 2659 1829 ίσάγγελον
2710 1763 2843 1832 ἡμῖν
2895 1757 3345 1828 ὕποδεικνυούσης
3381 1757 3477 1811 τὸν
3525 1755 3672 1827 βίον,

2083 1849 2337 1923 βρώσεως
2374 1851 2432 1904 δὲ
2477 1850 2629 1923 παρά
2674 1853 2789 1915 τοῖς
2833 1850 3085 1920 ἀγγέλοις
3126 1851 3226 1904 οὐκ
3268 1847 3457 1918 οὔσης,
3504 1846 3675 1915 ἱκανὴ

397 1965 543 2016 eum,
571 1951 664 2020 qui
693 1949 759 2005 ad
797 1949 1087 2020 imaginem
1120 1945 1212 2001 Dei
1239 1944 1422 2000 factus
1444 1943 1723 2000 credatur.
1751 1940 1977 1999 Verum-

2099 1941 2268 2006 ιτίστις
2314 1941 2409 1995 τοῦ
2444 1942 2929 2013 ἀπαλλαγήσεσθαι
2975 1943 3076 2013 τῆς
3124 1940 3379 2010 τοιαύτης
3421 1938 3675 2009 λειτουρ-
3768 1987 3781 1993 -

397 2041 676 2097 enimvero
720 2040 768 2095 is
812 2050 977 2095 certa
1024 2038 1130 2094 sibi
1182 2052 1278 2107 spe
1323 2035 1570 2090 futurum
1623 2034 1973 2105 polliceatur,

2099 2033 2203 2100 πίας
2227 2032 2319 2087 τὸν
2352 2032 2661 2105 ἄνθρωπον,
2689 2032 2781 2087 τὸν
2813 2034 2936 2087 καθ’
2966 2033 3260 2105 ὁμοιότητα
3287 2029 3395 2085 τῶν
3418 2028 3678 2099 ἀγγέλων

397 2144 457 2187 ιιι
486 2140 697 2186 natura:
726 2130 981 2185 humana:
1015 2130 1071 2183 in
1107 2128 1238 2191 vita,
1272 2141 1437 2197 quam
1477 2126 1706 2180 alteram
1754 2138 1983 2195 exspec—

2099 2125 2146 2196 ζη
2154 2124 2213 2177 σό
2220 2141 2401 2196 μενον.

398 2235 616 2294 tamus,
672 2226 743 2281 ab
800 2226 905 2282 hoc
950 2223 1129 2280 alendi
1186 2222 1437 2293 corporis
1489 2219 1667 2276 otiicio
1717 2218 2039 2274 immunitas
2091 2219 2448 2275 concedatur.
2511 2218 2646 2275 Nam
2710 2218 2805 2275 Dei
2875 2234 3144 2290 regnum,
3206 2215 3675 2289 quemadmodum

398 2320 695 2392 Apostolus
738 2324 816 2378 ait
848 2323 919 2387 “,
972 2323 1027 2380 in
1071 2325 1194 2380 cibo
1244 2330 1446 2395 potuve
1493 2336 1608 2376 non
1659 2318 1940 2374 consistit.
1980 2317 2049 2373 Et
2104 2317 2373 2374 Dominus
2403 2318 2664 2390 prodidit,
2715 2334 2826 2374 non
2878 2333 3017 2391 pane
3065 2318 3184 2374 solo
3236 2317 3509 2371 victurum
3550 2328 3680 2369 esse

402 2415 829 2472 hominemzsed
851 2417 1000 2471 omni
1023 2418 1213 2483 verbo,
1257 2415 1400 2487 quod
1443 2415 1512 2470 de
1548 2428 1644 2469 ore
1669 2411 1764 2468 Dei
1784 2421 1943 2467 exeat
1958 2412 2026 2467 “.
2092 2412 2362 2469 Praeterea
2399 2429 2523 2469 cum
2575 2416 2910 2470 resurrectio
2961 2414 3122 2470 nobis
3169 2413 3339 2468 vitam
3389 2410 3680 2482 promittat

402 2510 665 2581 angelica
709 2527 921 2583 parem.
970 2523 1137 2585 atque
1184 2513 1360 2584 angeli
1399 2512 1526 2568 cibo
1575 2509 1727 2564 nullo
1780 2514 2039 2574 utantur,
2089 2510 2252 2582 plane
2289 2510 2641 2566 statuendum
2678 2519 2799 2577 est,
2841 2511 3117 2567 hominem
3166 2507 3313 2564 haud
3359 2505 3527 2562 dubie
3573 2504 3681 2559 ali-

401 2603 625 2675 quando
654 2603 757 2660 bac
786 2605 951 2660 etiam
976 2605 1224 2661 molestia
1251 2605 1539 2660 liberatum
1563 2603 1652 2669 iri,
1675 2602 1722 2658 si
1749 2601 1969 2672 quidem
2005 2605 2322 2676 angelorum
2361 2619 2516 2660 more
2548 2605 2793 2660 victurus
2817 2604 2914 2659 sit.

982 2713 1213 2771 CAPUT
1250 2713 1394 2770 XIX.

402 2806 966 2878 Adsersusillosiqui
1008 2807 1274 2876 inﬁrmant
1314 2822 1497 2861 eorum
1535 2806 1826 2874 bonorum,
1870 2824 1988 2878 qua:

476 2878 613 2932 bona
640 2877 809 2930 altera
841 2877 897 2930 in
924 2879 1033 2931 vita
1075 2888 1438 2943 exspectamus
1461 2917 1477 2941 ,
1528 2877 1841 2946 fruitionem
1877 2877 1987 2933 non

477 2948 583 3002 nisi
614 2947 671 3018 in
705 2947 830 3018 cibo
852 2963 915 3000 ac
948 2955 1075 3014 potu
1111 2947 1223 3018 fore
1248 2963 1267 3011 ,°
1308 2946 1463 3016 idque
1492 2959 1768 3016 propterea
1795 2989 1810 3010 ,
1843 2947 1984 3018 quod

480 3017 653 3070 sacris
698 3017 766 3068 sit
803 3014 1022 3071 Litteris
1055 3014 1552 3085 proditum,_initio
1590 3014 1777 3073 invadi
1814 3014 1987 3072 homi-

479 3102 596 3145 nem
627 3089 784 3141 rebus
830 3086 1020 3141 iisdem
1066 3089 1121 3141 in
1157 3086 1412 3155 paradiso
1459 3088 1621 3142 vitam
1670 3106 1825 3143 suam
1872 3090 2067 3149 con-C

476 3171 735 3212 servasse.

479 3248 758 3319 Objecerit
793 3255 975 3303 tamen
1003 3248 1109 3303 hoc
1144 3246 1378 3305 fortasse
1410 3247 1533 3304 loco
1557 3248 1719 3304 nobis
1747 3246 1951 3319 aliquis
1970 3286 1989 3315 ,

407 3341 686 3397 hominem
726 3338 795 3394 ad
826 3340 953 3395 vita:
979 3339 1225 3411 pristina:
1259 3346 1464 3395 statum
1498 3354 1606 3395 non
1632 3354 1757 3397 esse
1781 3339 1992 3395 reditu-

408 3446 570 3497 rum,
602 3431 823 3501 quando
849 3431 1019 3486 vitam
1054 3430 1201 3485 illam
1233 3430 1470 3501 priorem
1498 3429 1749 3486 ciborum
1779 3446 1886 3488 usu
1916 3430 1989 3486 ali

408 3522 745 3593 oportuerit:
772 3522 1001 3592 posthac
1025 3527 1206 3577 autem
1234 3522 1476 3577 futurum
1500 3521 1575 3577 sit
1591 3561 1606 3586 ,
1635 3531 1695 3577 ut
1719 3538 1783 3579 eo
1809 3524 1994 3579 labore

409 3613 583 3670 semel
612 3613 993 3684 deftmgamur.
1032 3612 1145 3686 Ego
1174 3628 1305 3669 vero
1332 3628 1459 3667 cum
1489 3614 1634 3684 quod
1668 3616 1844 3671 sacris
1876 3622 1994 3670 tra-

409 3705 587 3761 ditum
638 3705 861 3762 Litteris
910 3714 998 3763 est
1055 3706 1254 3772 audio,
1304 3721 1414 3761 non
1460 3706 1528 3762 de
1573 3707 1823 3779 corporis
1864 3709 1993 3765 cibo

411 3786 627 3855 tantum
674 3797 958 3870 intelligo,
1014 3813 1194 3868 neque
1247 3796 1316 3854 de
1368 3797 1552 3852 laetitia
1615 3800 1839 3867 carnis,
1893 3799 1993 3856 sed

413 3892 577 3945 etiam
607 3890 753 3945 aliud
789 3889 1063 3960 quoddam
1099 3889 1496 3944 nutrimentum
1534 3904 1809 3959 agnosco,
1847 3889 1995 3959 quod

415 3978 580 4033 modo
628 3977 866 4047 quodam
919 3978 1172 4049 corporis
1213 3975 1346 4030 illud
1392 3975 1609 4047 quidem
1656 3978 1995 4034 nutrimento

416 4066 744 4138 respondet,
797 4081 989 4121 verum
1028 4068 1149 4136 ejus
1198 4065 1387 4121 fruitio
1425 4065 1600 4120 solum
1643 4067 1711 4121 ad
1751 4066 1996 4122 animum

417 4157 679 4227 pertinet.
717 4155 1016 4212 Vesctmini
1068 4155 1304 4226 panibus
1355 4154 1526 4219 meis,
1564 4155 1742 4225 inquit
1780 4154 1849 4210 ad
1902 4170 1998 4212 eos

421 4247 735 4318 Sapientia,
767 4247 863 4316 qui
896 4246 1149 4302 esuriunt
1176 4262 1193 4313 ;
1231 4253 1286 4302 et
1321 4245 1585 4302 Dominus
1615 4244 1800 4303 felices
1834 4247 1996 4303 etiam

419 4338 711 4410 praedicat.
740 4339 787 4394 si
820 4339 911 4408 qui
947 4336 1261 4409 hujusmodi
1291 4338 1476 4393 cibum
1507 4345 1785 4408 expetant.
1823 4337 1996 4394 Etiam

2606 2703 3007 2773 ΚΕΦΔΛᾹΙΟΝ
3044 2718 3146 2771 που.

2085 2808 2243 2877 Πρὸς
2287 2807 2433 2875 τοὺς
2477 2806 2789 2878 λέγοντας,
2842 2808 3031 2878 πάλιν
3072 2808 3143 2878 ἐν
3191 2805 3436 2878 ,βρώσεμ
3464 2805 3566 2878 καὶ
3604 2805 3678 2878 ἐν

2156 2879 2331 2958 πόσει
2359 2878 2524 2958 εἶναι.
2541 2875 2661 2958 τῷν
2678 2877 3083 2958 ἐλπιζομένων
3111 2877 3350 2958 ἀγαθῶν
3373 2875 3498 2958 pqr
3518 2876 3674 2931 ἀπό-

2154 2951 2403 3011 λαυσιν,
2438 2949 2539 3001 διὰ
2567 2950 2633 3001 τὸ
2666 2948 2734 3013 ἐξ
2774 2946 2967 3018 ἀρχῆς
2994 2948 3061 3000 ἐν
3092 2946 3173 3013 τῷ
3202 2946 3549 3018 παραδείσῳ
3579 2962 3676 3016 τεο-

2156 3018 2410 3088 τράφθαι
2439 3018 2538 3073 διὰ
2568 3020 2794 3073 τούτων
2810 3014 2926 3073 τὸν
2945 3019 3263 3086 ἄνθρωπον
3284 3014 3427 3086 ζῇν.

2174 3246 2311 3299 Ἀλλ’
2361 3245 2492 3310 ἴσως
2534 3264 2620 3311 τις
2663 3247 2764 3301 οὐκ
2808 3247 2890 3310 είς
2922 3245 2985 3300 τὸ
3026 3246 3161 3300 αὐτὸ
3194 3245 3355 3301 πάλιν
3385 3245 3485 3316 τῆς
3527 3245 3676 3318 ζωῆς

2092 3335 2228 3401 εἶδος
2261 3337 2717 3393 ἐπανελεύσεσθαι
2756 3338 2903 3407 λέγει
2928 3338 3020 3394 τὸν
3055 3338 3361 3411 ἄνθρωπον,
3398 3340 3515 3408 εἴγε
3544 3340 3679 3409 πρό-

2092 3446 2248 3501 τερον
2282 3431 2379 3500 μὲν
2417 3430 2475 3484 ἒν
2514 3429 2592 3501 τῷ
2624 3430 2827 3483 ἐσθίειν
2857 3425 3000 3501 ἦμεν
3024 3471 3040 3496 ,
3088 3430 3228 3501 μετά
3264 3429 3441 3485 ταῦτα
3479 3430 3539 3484 δὲ
3571 3431 3679 3501 τῆς·

2093 3519 2349 3592 τοιαύτης
2398 3519 2740 3592 λειτουργίας
2791 3520 3201 3592 ἀφεθησόμεθα.
3255 3520 3397 3575 Ἀλλ’
3434 3521 3546 3589 ἐγὼ
3576 3523 3675 3593 τῆς

2092 3612 2255 3681 ἁγίας
2304 3613 2516 3667 ἀκούων
2562 3613 2818 3686 Γραφῆς,
2866 3613 2927 3667 οὐ
2982 3614 3143 3684 μόνον
3193 3613 3511 3686 σωματικὴν
3553 3613 3677 3668 επί-

2096 3721 2301 3776 σταμαι
2347 3704 2585 3775 βρῶσιν,
2626 3705 2747 3760 οὐδὲ
2792 3705 2890 3777 τὴν
2932 3703 3021 3760 διά
3071 3704 3274 3778 σαρκὸς
3316 3704 3674 3777 εὐφροσύνην,

2096 3796 2237 3852 ἀλλά
2267 3815 2389 3852 τινα
2427 3797 2525 3851 καὶ
2562 3797 2753 3869 ἑτέραν
2797 3792 2913 3853 οἶδα
2954 3798 3183 3869 τροφὴν,
3223 3797 3519 3868 ἀναλογίαν
3554 3797 3678 3853 τινὰ

2096 3890 2236 3961 πρὸς
2262 3890 2357 3961 τὴν
2382 3890 2478 3943 τοῦ
2510 3889 2762 3962 σώματος
2788 3891 3040 3962 ἔχουσαν,
3079 3886 3148 3963 ἧς
3177 3892 3212 3961 ή
3255 3890 3551 3951 ἀπόλαυσις
3583 3889 3677 3945 ἐπὶ

2101 3980 2271 4052 μόνην
2289 3980 2388 4053 τὴν
2407 3981 2586 4053 ψυχὴν
2611 3982 2897 4037 διαϐαίνει.
2930 3981 3135 4050 Φάγετε
3165 3980 3275 4035 τῶν
3296 3981 3445 4052 ἐμῶν
3474 3982 3675 4052 ἄρτων,

2098 4071 2135 4142 ἡ
2176 4067 2349 4139 Σοφία
2371 4073 2483 4150 τοῖς
2503 4074 2729 4141 πεινῶσι
2772 4072 3146 4127 διακελεύεται
3182 4089 3195 4104 ⁸
3246 4072 3342 4128 καὶ
3387 4073 3679 4145 μακαρίζει

2098 4161 2224 4226 τοὺς
2252 4162 2350 4233 τὴν
2380 4163 2637 4235 τοιαύτην
2668 4164 2872 4236 βρῶσιν
2916 4164 3215 4229 πεινῶντας
3241 4167 3271 4219 ὁ
3296 4164 3679 4237 Κύριος.‹1(αὶ
3768 4170 3773 4173 “

2100 4251 2155 4305 εί
2176 4270 2261 4316 τις
2289 4252 2437 4325 διψᾷ,
2470 4254 2656 4326 φησιν,
2697 4255 2943 4327 ἐρχέσθω
2988 4256 3122 4328 πρὸς
3171 4256 3240 4325 μὲ
3259 4294 3275 4321 ,
3300 4256 3397 4315 καὶ
3416 4253 3633 4310 πινέτω.
3656 4274 3676 4308 ι

2100 4343 2213 4398 Καὶ
2233 4344 2261 4397 ὁ
2285 4344 2455 4415 μέγας
2478 4345 2726 4411 Ἡσαΐας,
2749 4346 2910 4401 Πίετε
2932 4347 3290 4419 εὐφροσύνην,
3306 4348 3425 4411 τοῖς
3439 4346 3680 4411 δυνατοῖς

422 4430 551 4485 illud
587 4429 812 4501 adjicit:
845 4449 864 4481 ι
896 4427 954 4484 Si
992 4430 1117 4501 quis
1151 4429 1302 4494 sitit,
1342 4429 1408 4484 ad
1449 4444 1536 4485 me
1568 4430 1788 4498 veniat,
1824 4440 1879 4487 et
1917 4432 1990 4487 bi-

2102 4433 2314 4488 ἐπαΐειν
2363 4434 2463 4505 τῆς
2512 4434 2879 4507 μεγαλοφυῒας
2917 4435 3080 4490 αὐτοῦ
3115 4434 3482 4505 ὲγκελεύεται.
3525 4436 3680 4489 Ἐστι

422 4523 513 4577 bat
546 4522 612 4577 ".
637 4542 655 4573 ι
678 4521 866 4577 Itidem
894 4522 983 4577 ille
1011 4538 1242 4592 magnus
1267 4521 1438 4576 Isaias
1467 4522 1714 4592 praecipit
1744 4523 1998 4579 omnibus

420 4613 515 4682 qui
553 4615 763 4682 possint
801 4620 1150 4682 praestantem
1188 4612 1363 4683 ipsius
1412 4613 1718 4667 doctrinam
1760 4629 1956 4685 capere
1981 4656 1997 4681 ,

424 4715 481 4758 ut
510 4703 752 4757 laetitiam
793 4704 1027 4759 bibendo
1059 4705 1335 4759 hauriant.
1368 4702 1558 4759 Exstat
1586 4712 1640 4759 et
1672 4706 1811 4761 vatis
1844 4721 1998 4762 com-

425 4793 650 4848 minatio
703 4795 759 4848 in
792 4809 886 4849 eos
923 4795 1015 4864 qui
1054 4796 1248 4851 merito
1287 4811 1389 4852 suo
1436 4797 1614 4867 ptenis
1670 4798 1782 4852 sint
1825 4798 2001 4868 subji-

422 4885 637 4950 ciendi,
671 4901 778 4956 qua
837 4886 1078 4941 futurum
1119 4888 1367 4957 praedicit
1404 4896 1465 4942 ut
1514 4887 1660 4944 fame
1707 4888 2000 4945 intereant.

428 4974 501 5028 Ea
531 4989 661 5029 vero
694 4974 867 5029 fames
900 4989 1243 5045 nequaquam
1280 4977 1437 5046 panis
1467 4983 1521 5030 et
1557 4991 1746 5045 aquae,
1786 4977 1880 5032 sed
1920 4978 2005 5033 di-

425 5065 540 5118 vini
580 5066 854 5121 scrmonis
889 5064 1130 5137 inopiam
1170 5067 1443 5137 signiﬁcat
1471 5068 1537 5121 “.
1580 5067 1790 5123 Idcirco
1829 5069 2006 5139 subji-

376 5206 381 5210 .
424 5157 589 5217 citur,
622 5172 729 5210 non
760 5170 883 5211 esse
917 5156 1062 5210 illam
1101 5155 1298 5211 famem
1339 5158 1560 5213 sitimve
1599 5160 1903 5229 profectam
1939 5176 2004 5215 es

429 5247 588 5318 panis
620 5255 674 5302 et
705 5263 859 5318 aqua:
889 5247 1101 5317 inapia,
1134 5248 1226 5303 sed
1265 5248 1458 5304 famem
1491 5258 1667 5304 ortam
1698 5266 1762 5305 ex
1792 5252 2006 5321 cupidi-

427 5347 541 5394 tate
581 5339 834 5394 audiendi
862 5338 1081 5397 divinos
1120 5355 1423 5395 sermones.
1464 5338 1633 5410 Igitur
1667 5342 1826 5396 horto
1863 5342 2005 5397 divi-

296 5463 319 5469 κ
433 5430 582 5484 nitus
620 5431 676 5485 in
710 5430 858 5485 Eden
888 5429 1051 5504 (qua:
1088 5447 1190 5487 vox
1234 5430 1464 5488 delicias
1504 5432 1812 5504 signiﬁcat)
1853 5434 2011 5503 plan.

434 5527 583 5585 tato,
615 5520 809 5590 dignus
843 5530 928 5579 est
962 5522 1175 5580 fructus
1206 5523 1559 5590 tribuendus,
1588 5539 1697 5593 quo
1732 5524 2006 5579 hominem

436 5611 608 5664 altum
660 5627 783 5667 esse
831 5630 939 5669 non
977 5615 1202 5670 dubium
1243 5621 1366 5670 est:
1409 5631 1586 5686 neque
1622 5615 1805 5670 cibum
1845 5616 2009 5684 hujus

437 5709 873 5755 tnomentaneum
906 5719 971 5758 ac
1007 5702 1209 5759 fluxum
1232 5744 1247 5772 ,
1295 5707 1547 5761 eumdem
1587 5721 1714 5762 esse
1754 5721 1879 5762 cum
1915 5707 2009 5761 illo

2103 4524 2161 4578 δέ
2207 4541 2292 4588 τις
2341 4525 2437 4578 καὶ
2476 4525 2675 4598 ἀπειλὴ
2722 4525 3037 4599 προφητικὴ
3078 4525 3220 4580 κατὰ
3266 4524 3376 4579 τῶν
3413 4525 3681 4598 τιμωρίας

2105 4615 2291 4680 ἀξίων,
2342 4616 2419 4680 ὡς
2465 4616 2609 4687 λιμῷ
2658 4616 3146 4688 κολασθησομένων
3173 4633 3188 4649 ·
3240 4618 3271 4670 ὁ
3307 4615 3365 4669 δὲ
3396 4615 3551 4687 λιμὸς
3581 4616 3679 4669 οὐκ

2106 4706 2271 4779 ἄρτου
2322 4706 2404 4771 τίς
2452 4709 2598 4761 ἐστιν
2643 4707 2846 4779 ἀπορία
2900 4709 2996 4762 καὶ
3059 4707 3287 4772 ὓδατος,
3339 4707 3479 4760 ἀλλὰ
3523 4706 3678 4775 λόγου

2107 4798 2395 4867 ἐπίλειψις.
2426 4800 2498 4854 Οὐ
2522 4798 2679 4871 λιμὸν
2698 4799 2806 4871 γὰρ
2825 4801 2991 4872 ἄρτου
3022 4801 3205 4872 φησὶν,
3236 4800 3269 4872 ἢ
3293 4800 3451 4870 δίψαν
3472 4799 3678 4863 ὓδατος,

2108 4888 2245 4942 ἀλλά
2283 4889 2445 4960 λιμὸν
2475 4890 2569 4944 τοῦ
2603 4890 2835 4945 ἀκοῦσαι
2862 4890 3036 4960 λόγων
3069 4891 3299 4961 Κυρίου.
3345 4891 3555 4945 Οὐκοῦν
3584 4893 3682 4963 τῆς

2107 4978 2382 5032 τοῦ“Θεοῦ
2417 4980 2640 5048 φυτείας
2678 4979 2778 5050 τῆς
2821 4983 2879 5035 ἐν
2919 4980 3078 5051 Ἐδὲμ
3124 4980 3337 5052 (τρυφὴ
3364 4980 3421 5033 δὲ
3448 4981 3484 5051 ἡ
3525 4980 3676 5051 Ἐδὲμ

2110 5070 2507 5143 ἑρμηνεύεται)
2559 5072 2708 5140 ἄξιόν
2732 5090 2854 5127 τινα
2880 5072 2970 5126 τὸν
3000 5073 3213 5145 καρπὸν
3241 5073 3489 5142 ἐννοῆσαι
3519 5087 3683 5142 προσ.

2110 5165 2257 5236 ήκει,
2289 5163 2384 5217 καὶ
2415 5163 2708 5236 τρέφεσθαι
2742 5164 2833 5219 διὰ
2861 5163 3048 5219 τούτου
3090 5164 3167 5236 μὴ
3208 5164 3569 5235 ἀμφιδάλλειν
3594 5163 3686 5217 τὸν

2114 5252 2398 5326 ἄνθρωπον
2416 5273 2429 5286 ·
2460 5256 2554 5309 καὶ
2582 5256 2656 5328 μὴ
2682 5256 2902 5319 πάντως
2931 5256 3029 5327 τὴν
3059 5257 3359 5329 παροδικὴν
3393 5255 3684 5327 καὶάπόρσ

2116 5347 2273 5417 ρυτον
2298 5345 2499 5418 ταύτην
2526 5347 2732 5420 τροφὴν
2761 5346 2856 5401 ἐπὶ
2880 5348 2979 5418 τῆς
3016 5348 3109 5402 τοῦ
3137 5348 3467 5420 παραδείσου
3490 5346 3686 5414 διαγω-

2115 5438 2218 5509 γῆς
2261 5440 2513 5493 ὲννοεῖν.ι
2538 5439 2670 5493 Ἀπὸ
2714 5441 2935 5506 παντὸς,
2981 5442 3135 5511 φησὶ,
3179 5440 3340 5507 ξύλου
3384 5439 3480 5494 τοῦ
3526 5440 3583 5493 ὲν
3611 5439 3687 5511 τῷ

2119 5529 2433 5601 παραδείσῳ
2494 5530 2696 5603 βρώσει
2753 5532 2951 5604 φάγῃ.»
2977 5532 3071 5596 Τίς
3117 5532 3278 5585 δώσει
3323 5530 3405 5603 τῷ
3446 5530 3687 5600 ὑγιεινῶς

2117 5619 2369 5675 πεινῶντι
2399 5621 2459 5674 τὸ
2492 5620 2646 5686 ξύλον
2692 5623 2885 5686 ἐκεῖνο,
2936 5622 2997 5676 τὸ
3045 5616 3102 5676 ἐν
3142 5622 3224 5695 τῷ
3269 5621 3600 5694 παραδείσῳ,
3633 5621 3690 5674 τδ

2116 5710 2317 5776 παντὸς
2362 5712 2569 5781 ἀγαθοῦ
2600 5712 3012 5784 περιληπτικὸν,
3045 5707 3091 5783 ᾧ
3135 5713 3308 5784 ὄνομά
3334 5716 3451 5768 ἐστι
3475 5711 3540 5766 τὸ
3566 5713 3688 5779 πᾶν,

512 5877 560 5910 ⁸⁸
598 5873 753 5932 Rom.
810 5895 922 5948 xiv,
963 5879 1052 5932 l7.
1126 5882 1170 5913 υ
1205 5880 1395 5937 Matth.
1427 5898 1499 5950 tv,
1559 5882 1607 5939 ί.
1683 5881 1727 5919 ⁸³
1762 5880 1911 5939 Joan.
1947 5898 2043 5951 vn,
2067 5882 2149 5939 '57.
2236 5884 2283 5918 "
2318 5884 2507 5940 Amos.
2566 5900 2683 5951 vnt,
2722 5886 2799 5940 ll.
