3890 6348
133 432 222 489 197

131 551 184 612 οὗ
225 552 507 626 χαρίζεται
552 551 635 624 τῷ
659 541 939 624 ⁵ἀνθρώπῳ
982 551 1082 623 τὴν
1122 551 1412 623 μετουσίαν
1445 555 1474 607 6
1505 552 1702 623 λόγος;

133 643 202 717 τῷ
221 645 323 718 γὰρ
365 643 572 716 γενικῷ
602 661 660 698 τε
690 643 785 698 κα)⁸
811 642 1195 716 ὑπερκειμένῳ
1226 643 1372 715 λόγῳ
1410 646 1560 699 πᾶσα
1596 645 1706 701 τῶν

134 736 334 805 ἀγαθῶν
363 736 478 790 ίδέα
506 735 650 808 πρδς
674 736 874 810 ἑαυτὴν
903 738 1167 809 συμφυῶς
1193 738 1324 810 ἔχει,
1358 739 1454 793 καὶ
1481 739 1540 793 ἓν
1563 757 1616 792 τι
1645 738 1706 793 τὸ

134 827 239 881 ὅλον
266 827 397 880 ὲστί.
447 827 544 893 Τίς
579 829 639 882 δέ
667 847 735 900 με
759 829 862 900 τῆς
892 829 1201 902 συμμιγοῦς
1228 848 1287 885 τε
1331 831 1423 886 καὶ
1454 833 1708 903 ἐπαμφο-

134 919 432 991 τεριζούσης
464 919 560 974 τοῦ
617 921 773 986 ξύλου
809 922 1052 991 γεύσεως
1095 925 1433 996 ἀποστήσει;
1488 925 1708 990 πάντως

135 1012 229 1083 γάρ
275 1013 370 1066 οὐκ
415 1013 618 1085 ἄδηλον
664 1018 777 1080 τοῖς
823 1015 1296 1090 διορατικωτέροις
1321 1058 1336 1082 ,
1393 1018 1444 1070 τί
1491 1017 1551 1071 τὸ
1599 1019 1707 1072 πᾶν

137 1109 311 1171 ἐκεῖνο,
335 1098 395 1160 οὗ
428 1107 647 1179 καρπὸς
685 1110 718 1179 ή
746 1105 881 1180 ζωὴ,
915 1109 1009 1162 καὶ
1039 1110 1220 1176 πάλιν,
1252 1110 1305 1164 τί
1333 1110 1396 1164 τὸ
1419 1111 1706 1182 ἐπίμικτον

134 1197 293 1262 τοῦτο,
323 1193 382 1252 οὗ
414 1197 594 1271 πέρας
641 1199 670 1252 6
718 1199 966 1266 Θάνατος.
1015 1201 1073 1254 '0
1099 1200 1208 1273 γάρ
1241 1200 1333 1255 τοῦ
1366 1201 1566 1266 παντὸς
1608 1201 1708 1273 τὴν

136 1291 414 1345 ἀπόλαυσιν
444 1291 702 1361 ἀφθόνως
746 1293 992 1363 προθεὶς,
1039 1293 1182 1365 λόγῳ
1217 1294 1326 1348 τινι
1364 1294 1582 1357 πάντως
1612 1293 1707 1347 καὶ

138 1383 427 1455 προμηθείᾳ
467 1386 572 1456 τῆς
620 1385 730 1438 τῶν
779 1385 1066 1439 ἐπικοίνων
1120 1387 1412 1458 μετουσίας
1451 1386 1707 1458 ἀπείργει

1353 427 1442 483 DE
1483 426 1767 486 HOMINIS
1804 420 2123 486 OPlFlClO.
3289 410 3387 466 198

1805 562 2084 624 putemus,
2103 560 2214 618 quo
2233 543 2455 600 fruituri
2476 542 2532 598 in
2556 539 2809 613 paradiso
2827 551 3069 595 eramus.
3099 553 3119 588 ι
3140 533 3218 590 De
3242 540 3390 588 omni

1808 647 1957 716 ligno
1987 639 2210 714 (inquit
2243 635 2431 708 Deus)
2467 633 2613 707 quod
2654 641 2738 689 est
2777 632 2834 686 in
2871 627 3165 701 paradiso,
3199 640 3392 683 vesce-

1808 738 1888 794 ris
1914 736 1980 789 θ’.
2017 753 2037 787 ι
2067 733 2203 800 Quis
2237 729 2451 785 homini
2484 734 2634 784 recte
2671 723 2936 782 esurienti
2975 720 3215 776 fructum
3256 717 3392 789 ligni

1809 830 1958 886 illius
1989 826 2056 882 de
2090 823 2348 897 paradiso
2380 821 2619 886 tribuat,
2651 833 2762 890 quo
2798 818 3005 873 bonum
3041 828 3204 883 omne
3239 826 3394 866 com-

1809 920 2190 995 prehenditur,
2223 923 2277 973 et
2307 914 2451 989 quod
2480 915 2659 970 oratio
2685 912 2870 967 divina
2895 924 3059 964 omne
3088 911 3389 975 nuncupat,

1810 994 1971 1086 cujus
2019 1012 2184 1068 etiam
2238 1007 2457 1064 fruendi
2494 1014 2813 1078 potestatem
2859 1001 3070 1058 homini
3120 994 3394 1068 largitur?

1808 1107 1945 1162 Nam
1978 1103 2248 1160 latissima
2280 1108 2462 1168 certe,
2506 1109 2560 1156 et
2604 1097 2805 1154 eximia
2852 1095 2943 1150 illa
2985 1107 3121 1149 voce
3161 1096 3393 1160 cognata

1809 1199 1955 1254 inter
1995 1212 2055 1255 se
2091 1196 2361 1251 bonorum
2403 1191 2616 1262 species
2654 1188 2834 1245 omnis
2867 1188 3199 1247 continetur,
3229 1183 3395 1250 inque

1798 1301 1922 1347 'uno
1949 1291 2080 1347 boni
2114 1289 2250 1343 adeo
2278 1285 2451 1342 totius
2482 1282 2898 1338 universitatem
2927 1278 3196 1334 exsistere
3224 1271 3396 1343 signi-

1812 1381 2027 1437 ﬁcatur.
2069 1379 2203 1445 Quis
2243 1383 2435 1433 contra
2474 1374 2751 1429 hominem
2789 1377 2974 1425 arceat
3012 1368 3081 1422 ab
3120 1367 3294 1420 altero
3330 1362 3395 1416 li-

1812 1490 1954 1546 gno,
1990 1472 2150 1542 cujus
2192 1470 2380 1526 fruitio
2421 1469 2648 1524 mistum
2688 1463 2948 1536 quiddam
2989 1461 3185 1522 habet,
3225 1464 3281 1512 et
3311 1464 3397 1511 est

1814 1572 2107 1634 utramque
2141 1562 2195 1617 in
2231 1569 2446 1632 partem
2486 1557 2722 1614 enicas?
2758 1555 2878 1610 Non
2913 1555 3058 1609 enim
3099 1550 3396 1605 obscurum

1811 1670 1934 1712 esse
1957 1661 2136 1725 potest
2161 1652 2371 1708 homini
2404 1647 2726 1721 intelligenti
2748 1686 2763 1712 ,
2791 1645 2925 1718 quid
2957 1644 3028 1700 sit
3052 1640 3183 1697 illud
3211 1653 3396 1702 omne,

1812 1749 1974 1818 cujus
2009 1754 2093 1804 est
2130 1747 2346 1804 fruetus
2380 1745 2492 1802 vita
2524 1761 2537 1798 :
2573 1750 2629 1798 et
2663 1741 2794 1812 quid
2828 1741 3058 1794 alterum
3093 1733 3228 1790 illud
3266 1731 3400 1785 mis—

1813 1849 1966 1908 tum,
2007 1840 2168 1910 cujus
2210 1838 2335 1893 finis
2375 1832 2525 1892 inors
2577 1844 2679 1890 est.
2727 1832 2863 1888 Nam
2901 1830 2994 1902 qui
3036 1828 3184 1883 illius
3219 1822 3400 1880 omnis

145 1927 228 2033 μεν
251 1929 912 2033 λέγωνμιξατατρύφησον
956 1933 1052 1987 τοῦ
1093 1935 1616 2006 Κυρίου·»Σολομὼν
1653 1936 1709 1990 δὲ

1823 1933 2020 1990 homini
2055 1933 2372 1988 fruitionem
2405 1936 2724 2000 perpetuam
2758 1923 3062 1989 concessit,
3091 1920 3234 1976 idem
3261 1931 3402 1990 quo-

141 2019 227 2090 τὴν
251 2021 432 2090 σοφίαν
462 2022 662 2092 αὐτὴν,
696 2021 847 2093 «ἥτις
897 2021 1042 2076 ἐστὶν
1062 2025 1090 2078 6
1118 2025 1343 2096 Κύριος,
1378 2025 1533 2090 ξύλον
1561 2025 1706 2098 ζωῆς

1823 2042 1916 2098 ιυε
1941 2025 2152 2080 ratione
2174 2023 2410 2094 quadam
2437 2029 2492 2076 et
2519 2018 2752 2075 consilio
2779 2024 2931 2073 certo
2955 2012 3397 2085 promiscuorum

142 2109 416 2220 όνρμάςων.
451 2114 671 2220 Οθκοῦν
703 2117 898 2171 ταύτόν
927 2119 1045 2170 ἐστι
1071 2117 1149 2188 τῷ
1176 2119 1276 2189 τῆς
1305 2117 1452 2189 ζωῆς
1479 2118 1619 2190 ξύλῳ
1646 2120 1708 2173 τὸ

1823 2133 1913 2174 usu
1948 2117 2108 2172 nobis
2142 2115 2447 2178 interdixit.
2486 2111 2564 2167 Ac
2596 2110 2730 2165 mihi
2770 2108 2990 2179 quidem
3031 2104 3163 2159 libet
3201 2113 3400 2172 magno

145 2204 239 2256 πᾶν
273 2201 439 2273 ξύλον,
476 2198 540 2260 οὗ
575 2207 676 2278 τὴν
703 2207 903 2278 βρῶσιν
925 2208 1004 2280 τῷ
1035 2209 1174 2263 κατὰ
1198 2209 1330 2264 Θεὸν
1360 2211 1653 2266 πλασθέντι
1679 2212 1709 2265 ό

1823 2211 1904 2265 Lllo
1939 2207 2181 2272 Davide,
2218 2205 2577 2275 sapienteque
2618 2199 2945 2262 Solomone,
2983 2204 3242 2264 tanquam
3281 2203 3401 2245 ma-

145 2293 284 2364 λόγος
331 2296 567 2352 δίδωσιν.
627 2298 1072 2370 Ἀντιδιαιρεῖται
1123 2300 1179 2354 δὲ
1230 2301 1310 2373 τῷ
1356 2301 1496 2374 ξύλῳ
1536 2303 1709 2376 τούτῳ

1823 2301 2003 2374 gistris
2031 2301 2087 2355 in
2119 2299 2312 2353 harum
2342 2311 2528 2352 rerum
2556 2292 2924 2365 eXplicatione
2952 2288 3051 2342 uti.
3079 2287 3219 2341 Nam
3247 2291 3401 2338 uter-

145 2387 310 2458 ἕτερον
337 2390 510 2457 ξύλον,
544 2386 609 2446 οὗ
640 2394 673 2463 ἡ
714 2392 913 2465 βρῶσις
954 2392 1123 2447 καλοῦ
1169 2371 1479 2449 καὶ-κακού
1506 2371 1710 2466 γνῶσίς

1823 2371 1919 2463 que
1940 2390 2166 2446 delicias
2189 2401 2488 2444 concessas
2509 2385 2905 2454 interpretatur
2935 2392 3124 2434 verum
3148 2373 3281 2429 illud
3305 2371 3404 2427 bo-

148 2481 292 2546 ὲστιν,
317 2483 414 2536 οὐκ
447 2461 765 2550 ἰδιαζόντως
793 2485 1051 2558 ἑκάτερον
1080 2485 1188 2542 τῶν
1213 2489 1354 2542 κατὰ
1379 2489 1439 2541 τὸ
1468 2461 1712 2544 ἐναντίον

1823 2461 1967 2550 num,
1989 2481 2137 2554 quod
2159 2481 2303 2537 idem
2325 2488 2408 2536 est
2430 2493 2555 2532 cum
2574 2477 2721 2531 bono
2740 2473 2912 2529 omni.
2933 2467 3166 2524 Davides
3183 2461 3404 2536 quidem

151 2577 540 2648 σημαινομένων
571 2579 629 2632 ὲν
656 2578 811 2650 μέρει
844 2579 1323 2651 καρποφοροῦντος
1355 2597 1372 2614 ο
1423 2581 1558 2636 ἀλλά
1589 2598 1712 2635 τινα

1823 2578 1994 2646 inquit
2034 2576 2120 2628 ⁸⁸ι
2158 2593 2177 2628 ι
2217 2575 2276 2629 ln
2312 2572 2546 2628 Domino
2575 2575 2742 2626 temet
2770 2567 2984 2622 oblecta
3018 2563 3092 2619 ".
3129 2580 3146 2612 ι
3180 2559 3406 2613 Solomo

150 2669 529 2741 συγκεχυμένον
579 2671 674 2724 καὶ
728 2670 1035 2742 σύμμικτον
1093 2673 1305 2744 καρπὸν
1364 2672 1714 2737 ὲξανθοῦντος

1823 2679 1997 2726 autem
2019 2710 2034 2733 ,
2063 2667 2392 2738 sapientiam
2413 2704 2427 2727 ,
2457 2678 2582 2734 quae
2608 2668 2691 2717 est
2720 2661 2837 2730 ipse
2864 2656 3128 2711 Dominus
3148 2693 3164 2718 ,
3194 2653 3406 2721 lignum

149 2759 251 2822 ταῖς
285 2761 554 2826 ἐναντίαις
599 2763 1044 2835 συγκεκραμένον
1087 2763 1387 2829 ποιότησιν,
1424 2759 1483 2818 οὗ
1516 2762 1714 2817 κωλύει

1823 2763 1941 2818 vita:
1976 2760 2234 2830 appellat.
2279 2756 2450 2828 Igitur
2483 2753 2617 2809 illud
2653 2766 2815 2808 omne
2854 2749 2995 2804 idem
3035 2753 3122 2803 est
3157 2742 3303 2815 quod
3341 2741 3408 2796 li-

154 2849 238 2919 μὲν
264 2852 354 2924 τὴν
385 2853 591 2926 βρῶσιν
619 2855 648 2906 ὁ
675 2854 916 2926 ἀρχηγὸς
941 2855 1041 2926 τῆς
1067 2854 1234 2926 ζωῆς,
1270 2855 1628 2926 συμϐουλεύει
1656 2854 1715 2909 δὲ

1823 2869 1984 2925 gnum
2016 2852 2170 2916 vitai,
2207 2850 2368 2920 cujus
2411 2847 2604 2902 fruitio
2643 2843 2853 2899 homini
2885 2841 2952 2895 ad
2986 2838 3084 2894 Dei
3115 2835 3406 2907 imaginem

149 2941 320 3011 όῦφις,
342 2944 424 2998 ίνα
449 2945 530 3016 τῷ
558 2944 774 3014 θανάτῳ
804 2942 1194 3018 κατασκευάσῃ
1219 2944 1320 3015 τὴν
1345 2945 1570 2999 εἴσοδον.
1605 2943 1717 2998 Καὶ.

1823 2945 1965 3000 l‘acto
2018 2943 2361 3000 conceditur.
2400 2939 2670 2996 Caeterum
2739 2937 2809 2991 al)
2865 2934 2970 2989 hoc
3034 2930 3182 2985 aliud
3234 2926 3410 2998 quod-

151 3033 352 3098 πιθανὸς
397 3037 612 3105 γίνεται
665 3034 1114 3108 συμϐουλεύσας,
1176 3035 1402 3109 εύχροίᾳ
1456 3037 1563 3091 τινὶ
1621 3037 1718 3090 καὶ

1823 3038 1944 3095 dam
2001 3039 2213 3109 lignum
2271 3035 2630 3099 discernitur,
2667 3030 2829 3100 cujus
2893 3027 3108 3082 fructus
3162 3029 3248 3078 est
3277 3019 3409 3076 boni

330 3129 430 3233 τὸν.
459 3129 678 3233 καρπὸν
728 3128 1117 3202 περιχρώσας,
1170 3129 1246 3194 ὡς
1297 3128 1363 3184 ἂν
1415 3129 1605 3201 ὀφθείη
1657 3147 1718 3183 τε

1823 3145 1886 3186 ac
1921 3131 2052 3185 mali
2086 3129 2351 3202 cognitio.
2388 3127 2505 3183 Non
2536 3124 2685 3197 quod
2721 3123 2952 3178 alterum
2988 3119 3182 3173 horum
3219 3114 3411 3168 adver-

1937 3223 1964 3233 ..
2129 3223 2161 3233 ..
2188 3222 2200 3233 .
2271 3222 2283 3233 .
2327 3222 2337 3233 .
2407 3220 2420 3232 ο
2635 3220 2648 3233 Ι
2705 3222 2839 3233 μα-.
2913 3211 3004 3233 ---ι
3036 3206 3176 3233 -..ΑΛ
3208 3203 3411 3233 ηηΛπιῖ..

154 3218 318 3288 ἡδέως,
350 3223 441 3276 καὶ
465 3222 570 3294 τὴν
600 3222 778 3294 δρεξιν
806 3223 941 3296 πρὸς
975 3222 1074 3294 τὴν
1101 3221 1290 3292 γεῦσιν
1320 3221 1714 3293 ὑπερεθῐσειεν.

1823 3223 2066 3280 santium
2098 3222 2203 3279 sibi
2234 3220 2480 3277 vicissim
2513 3220 2880 3289 produceret,
2911 3211 3008 3268 sed
3032 3206 3178 3281 quod
3208 3203 3412 3275 promi-

151 3324 320 3416 εευυξῐξ
350 3312 740 3416 ac-confumun
779 3313 1073 3416 quemdam
1117 3311 1354 3366 fructum
1397 3312 1705 3382 proferret,
1739 3314 1827 3369 cui
1854 3315 2148 3384 qualitates
2172 3313 2280 3368 illac
2305 3311 2410 3368 sibi
2465 3309 2822 3365 adversantes
2871 3305 3134 3360 inessent.
3180 3297 3260 3352 De
3307 3294 3411 3349 hoc

992 3411 1004 3416 ’
1051 3411 1063 3416 ’
1518 3404 1530 3416 ⁸
1572 3412 1582 3416 ‘
1706 3413 1714 3416 ·
1908 3409 1919 3416 ·
1995 3408 2006 3416 ·
2185 3405 2198 3416 -
2331 3405 2342 3416 ·
2497 3401 2511 3416 -
2636 3401 2652 3416 ι
2688 3414 2697 3416 -
2728 3400 2907 3416 η-νγη-
2950 3397 3179 3416 -.----..,..
3232 3383 3404 3416 υεηηςθ

155 3405 282 3459 vesci
307 3405 588 3462 hominem
622 3405 739 3461 Dux
767 3406 893 3461 vitae
923 3411 1101 3470 vetat,
1137 3418 1367 3474 serpens
1394 3404 1625 3470 suadet,
1661 3413 1722 3460 ut
1759 3383 1922 3463 morti
1959 3408 2101 3461 viam
2133 3405 2201 3460 ad
2229 3401 2610 3476 perimendum
2636 3400 2912 3456 hominem
2947 3397 3202 3452 strueret.
3232 3383 3412 3442 Vincit

153 3512 268 3553 vero
299 3501 475 3556 malus
508 3499 598 3554 hic
627 3499 844 3555 tandem
880 3496 1257 3561 consiliarius,
1291 3496 1702 3567 pulchritudine
1736 3514 1802 3555 ac
1836 3501 2117 3572 voluptate
2146 3498 2383 3571 quadam
2413 3496 2652 3551 fructum
2687 3503 2982 3555 exornans,
3013 3495 3073 3541 ut
3105 3492 3161 3540 et
3185 3487 3411 3551 aspectu

150 3591 402 3662 jucundus
439 3585 626 3660 esset,
668 3601 722 3649 et
761 3593 1147 3665 appetitionem
1185 3594 1440 3666 gustandi
1482 3593 1566 3651 sui
1603 3594 1917 3665 proritaret.

700 3706 1098 3762 ΚΕΦΑΛΑΙΟΝ
1137 3706 1222 3759 K'.
1748 3693 1791 3750 C

160 3802 243 3870 Τίς
264 3803 299 3872 ἡ
325 3803 390 3858 ἐν
409 3799 495 3868 τῷ
521 3799 865 3872 παραδείσῳ
904 3797 1038 3872 ζωὴ.
1063 3799 1167 3853 καὶ
1211 3799 1270 3852 τί
1291 3797 1357 3852 τὸ
1393 3798 1725 3866 ἀπηγορευ-

710 3870 894 3942 μένον
933 3871 1144 3935 ξύλον.

138 1473 216 1526 τὸν
243 1473 546 1546 ἄνθρωπον.
601 1476 712 1530 Καί
744 1495 831 1547 μοι
861 1477 1010 1530 δοκεῖ
1034 1477 1126 1531 τὸν
1176 1478 1352 1549 μέγαν
1397 1477 1582 1542 Δαϐὶδ,
1613 1479 1708 1532 καὶ

138 1563 217 1616 τὸν
240 1563 392 1632 σοφὸν
419 1564 749 1630 Σολομῶντα
773 1567 1126 1632 διδασκάλους
1150 1571 1249 1641 τῆς
1278 1568 1372 1623 τοῦ
1403 1569 1560 1639 λόγου
1584 1568 1709 1622 τούο

138 1673 220 1709 του
239 1657 572 1728 παραλαϐεῖν
603 1658 935 1730 ἐξηγήσεως.
975 1662 1298 1734 Ἀμφότεροι
1327 1660 1434 1734 γὰρ
1457 1661 1558 1732 τῆς
1579 1679 1709 1730 συγ-

140 1750 508 1820 κεχωρημένης
537 1750 757 1823 τρυφῆς
791 1751 918 1822 μίαν
943 1752 1202 1823 ἡγοῦνται
1234 1753 1333 1825 τὴν
1358 1754 1540 1827 χάριν,
1576 1753 1708 1807 αὐτὸ

141 1839 193 1891 τὸ
226 1839 383 1904 όντως
416 1840 648 1909 ἀγαθὸν,
683 1842 712 1895 ὃ
747 1843 809 1914 δὴ
837 1844 932 1897 καὶ
965 1845 1073 1898 πᾶν
1105 1845 1252 1898 ἐστιν
1287 1845 1510 1912 ἀγαθόν.
1544 1845 1709 1900 Δαϐὶδ

2428 3697 2661 3756 CAPUT
2689 3693 2809 3751 XX.

1829 3800 1961 3868 Qua:
1994 3797 2154 3868 fuerit
2196 3796 2252 3850 in
2272 3793 2526 3865 paradiso
2557 3792 2687 3855 vita,
2712 3786 2910 3859 quodve
2940 3784 3010 3841 sit
3039 3783 3240 3852 lignum
3284 3776 3415 3831 actio

2559 3872 2688 3916 tum.

216 3967 276 4019 Τί
305 3964 393 4022 οὖν
430 3965 615 4022 ἐκεῖνό
642 3967 812 4031 ἐστιν,
832 3963 862 4016 ὃ
891 3961 1055 4016 καλοῦ
1091 3979 1150 4016 τε
1181 3962 1274 4016 καὶ
1304 3958 1476 4014 κακοῦ
1528 3975 1727 4027 συγκε-

160 4060 415 4132 κραμένην
445 4060 563 4131 ἔχει
590 4060 691 4132 τὴν
719 4057 942 4128 γνῶσιν,
964 4058 1086 4122 ταῖς
1103 4056 1170 4110 δι’
1187 4054 1488 4126 αἰσθήσεως
1513 4053 1729 4124 ἡδοναῖς

160 4151 574 4223 ὲπηνθισμένον;
623 4152 767 4223 Ἀρα
808 4150 884 4222 μὴ
911 4148 1101 4221 πόρρω
1125 4148 1226 4218 τῆς
1259 4147 1516 4217 ἀληθείας
1548 4163 1729 4217 παρα-

163 4247 498 4318 στοχάσομαι,
525 4247 593 4317 τῇ
621 4242 717 4297 τοῦ
739 4241 980 4313 γνωστοῦ
1001 4241 1209 4311 διανοίᾳ
1238 4241 1318 4302 εἰς
1348 4239 1604 4311 ἀφορμὴν
1627 4237 1731 4308 τῆς

162 4335 374 4409 θεωρίας
400 4337 810 4412 συγχρώμενος.
840 4331 1011 4408 Οίμαι
1049 4334 1152 4406 γὰρ
1187 4334 1289 4388 οὐκ
1319 4333 1628 4403 ἐπιστήμην
1648 4332 1732 4382 ὲν-

162 4429 314 4485 ταῦθα
338 4431 493 4506 παρὰ
523 4431 623 4502 τῆς
675 4429 899 4500 Γραφῆς
934 4427 1173 4483 νοεῖσθαι
1224 4426 1322 4498 τὴν
1348 4424 1571 4494 γνῶσιν,
1597 4423 1734 4478 ἀλλά

163 4537 267 4575 τινα
287 4522 549 4595 διαφοράν
586 4525 650 4576 ὲκ
696 4523 796 4592 τῆς
831 4520 1108 4592 γραφικῆς
1139 4519 1431 4590 συνηθείας
1468 4517 1728 4589 εὑρίσκω,

165 4610 398 4679 γνώσεώς
435 4632 498 4669 τε
556 4613 651 4668 καὶ
677 4613 1024 4685 διακρίσεως.
1059 4611 1132 4664 Τὸ
1170 4611 1268 4680 μὲν
1299 4611 1406 4680 γὰρ
1435 4608 1733 4679 διακρίνειν

164 4704 526 4776 ἐπιστημόνως
578 4703 640 4757 τὸ
692 4703 855 4757 καλὸν
909 4704 974 4756 ὲκ
1005 4702 1098 4756 τοῦ
1146 4699 1341 4763 κακοῦ,
1396 4698 1734 4769 τελειοτέρας

164 4796 311 4862 ἕξεως
332 4795 471 4852 εἷναί
499 4814 664 4868 φησιν
694 4796 722 4848 6
776 4793 1118 4857 Ἀπόστολος,
1145 4793 1236 4846 καὶ
1271 4791 1736 4864 γεγυμνασμένων

165 4890 519 4964 αἰσθητηρίων
545 4909 557 4921 ·
613 4889 694 4943 διὸ
761 4888 856 4941 καὶ
917 4886 1249 4958 πρόσταγμα
1295 4887 1530 4938 ποιεῖται
1558 4883 1736 4936 πάντα

168 4980 484 5053 δοκιμάζειν,
520 4983 615 5036 καὶ
663 4980 756 5034 τοῦ
787 4977 1159 5050 πνευματικοῦ
1185 4977 1246 5030 τὺ
1277 4976 1570 5048 διακρίνειν
1607 4975 1737 5028 ἴδιον

1901 3963 2186 4032 Quodnam
2243 3960 2410 4032 Igitur
2472 3956 2610 4012 illud
2664 3962 2748 4009 est
2801 3952 3032 4022 lignum,
3089 3955 3414 4002 exornatum

1829 4056 2064 4121 deliciis,
2099 4069 2220 4126 quae
2260 4067 2428 4110 sensu
2459 4047 2853 4122 percipiantur,
2893 4042 2981 4097 cui
3023 4040 3153 4096 boni
3177 4038 3416 4107 malique

1829 4147 1991 4204 mista
2021 4147 2269 4216 quaedam
2303 4140 2544 4214 cognitio
2584 4137 2760 4195 inest?
2793 4134 3058 4205 Equidem
3111 4146 3220 4187 non
3260 4130 3418 4198 longe

1832 4255 1864 4295 a
1902 4240 2132 4296 veritate
2160 4238 2510 4300 aberravero,
2541 4234 2588 4288 si
2622 4226 2821 4287 mentis
2850 4225 3232 4298 intelligentia,
3281 4236 3421 4292 qua-

1834 4335 1994 4380 tenus
2027 4322 2250 4393 intelligi
2283 4320 2398 4376 lmc
2428 4323 2680 4390 possunt,
2713 4316 2816 4370 hac
2849 4314 2966 4383 ipsa
3002 4313 3055 4366 in
3093 4306 3419 4365 considera-

1833 4422 1980 4477 tione
2018 4426 2161 4473 utar.
2217 4414 2309 4470 Sic
2355 4413 2501 4469 enim
2548 4411 2822 4474 existimo,
2873 4422 2983 4460 non
3033 4404 3135 4457 hoc
3173 4402 3292 4455 loco
3321 4414 3424 4472 per

1834 4513 2204 4585 cognitionem
2235 4506 2461 4578 intelligi
2481 4499 2895 4563 scientiam:sed
2910 4495 3082 4553 sacris
3104 4493 3160 4547 in
3196 4489 3422 4546 Litteris

1836 4604 2056 4662 invenio
2105 4600 2401 4658 discrimen
2433 4589 2706 4667 queddam
2764 4593 2905 4645 inter
2940 4585 3306 4658 cognitionem
3357 4597 3423 4637 ac

1835 4695 2305 4768 dijudicationem.
2348 4691 2486 4744 Nam
2517 4687 2721 4743 bonum
2770 4700 2838 4739 ac
2902 4681 3104 4736 malum
3165 4684 3422 4732 accurata

1837 4789 2074 4863 quadam
2114 4786 2350 4844 scientia
2393 4783 2715 4854 dijudicare,
2751 4777 3029 4833 facultatis
3078 4787 3199 4829 esse
3248 4767 3425 4841 perle-

1839 4884 2027 4940 ctioris
2051 4880 2420 4951 cujusdam,et
2447 4889 2708 4931 sensuum
2740 4871 3156 4927 exercitalorum
3196 4864 3429 4934 Aposto-

1840 4978 1929 5032 lus
1970 4974 2139 5029 tradit
2190 4974 2257 5026 '°.
2291 4971 2508 5027 Idcirco
2551 4967 2791 5039 prazcipit
2830 4963 3066 5036 quodam
3109 4961 3251 5025 loco,
3305 4971 3430 5012 esse

166 5047 290 5128 εἷναί
309 5093 492 5148 φησιν.
511 5075 574 5127 Ἠ
599 5075 658 5128 δὲ
681 5072 884 5143 γνῶσις
908 5047 970 5125 ού
998 5069 1274 5140 πανταχοῦ
1301 5047 1619 5141 τὴνῗὲπιστή
1631 5085 1718 5138 μη·

1842 5068 2026 5125 omnia
2060 5064 2416 5136 exploranda,
2445 5069 2498 5119 et
2530 5060 2975 5130 dijudicationem
3009 5062 3219 5109 tantum
3246 5052 3301 5107 in
3331 5050 3430 5105 ho~

166 5184 217 5221 τε
238 5142 331 5222 καί
490 5167 696 5238 εἴδησιν
725 5167 1015 5237 ὑφηγεῖται
1047 5162 1189 5220 κατὰ
1220 5163 1281 5216 τὸ
1321 5161 1714 5232 σημαινόμενον

1844 5161 2044 5216 minem
2065 5157 2406 5229 spiritualem
2438 5153 2633 5208 cadere
2663 5149 2894 5204 aﬂirmat
2921 5147 2990 5200 τ’.
3021 5142 3276 5213 Cognilio
3301 5153 3434 5195 vero

170 5259 288 5315 ἀλλὰ
314 5237 427 5334 τὴν⁷
443 5261 578 5334 πρὸς
597 5237 664 5314 τὸ
691 5258 1089 5332 κεχαρισμένον
1113 5255 1353 5309 διάθεσιν
1374 5271 1388 5284 ·
1425 5253 1718 5320 ὠςμἜγνιι

1845 5269 1957 5310 non
1992 5251 2281 5308 scientiam
2336 5262 2400 5302 ac
2451 5246 2706 5301 notitiam
2765 5243 2973 5311 ubique
3032 5237 3332 5309 significat,
3371 5241 3432 5289 ut

173 5353 355 5426 Κύριος
384 5359 510 5420 τοὺς
559 5355 718 5418 ὄντας
742 5327 942 5406 αύτοῦί
987 5371 1006 5404 ι
1045 5351 1140 5404 καὶ
1198 5347 1334 5420 πρὸς
1353 5347 1442 5399 τὸν
1478 5343 1716 5398 Μωῦσέα

1844 5362 1952 5402 vox
1983 5346 2101 5414 ipsa
2136 5350 2325 5397 notare
2353 5341 2586 5405 videtur,
2621 5337 2714 5394 sed
2733 5334 3024 5408 quamdam
3053 5331 3220 5386 animi
3257 5327 3324 5382 ad
3352 5327 3432 5394 id,

174 5419 342 5516 φησὶν,
368 5443 450 5497 ὅτι
473 5419 723 5516 ι’Έγνων
743 5464 801 5499 σε
822 5444 974 5518 παρὰ
1000 5446 1208 5507 πάντας
1231 5419 1249 5472 ’ν
1273 5463 1289 5494 ι
1327 5441 1454 5512 περί
1473 5440 1528 5493 δὲ
1556 5438 1664 5492 τῶν
1683 5437 1718 5490 ὲε

1847 5439 1991 5510 quod
2031 5443 2244 5508 gratum
2282 5433 2442 5488 nobis
2471 5439 2576 5496 est,
2610 5429 2969 5484 affectionem.
3007 5423 3075 5478 Ut
3127 5437 3250 5476 cum
3296 5419 3438 5476 scri-

173 5539 324 5610 κακίᾳ
373 5511 838 5610 κατεγνωσμένων
871 5511 1017 5607 λέγει
1055 5539 1083 5590 6
1129 5535 1199 5588 τά
1237 5511 1416 5588 πάντα
1452 5529 1627 5594 εἰδὼς,
1659 5530 1718 5583 ὅτ

1850 5542 2002 5602 ptum
2047 5529 2207 5584 esu"
2253 5546 2266 5580 :
2306 5544 2324 5577 ι
2369 5523 2529 5578 Novit
2561 5521 2824 5576 Dominus
2861 5531 3011 5572 suos.
3048 5535 3066 5567 ι
3109 5513 3177 5568 Ει
3210 5514 3276 5569 ad
3316 5511 3436 5566 Mo-

179 5647 196 5682 ι
225 5633 479 5690 Οὐδέποτε
539 5603 714 5705 ἔγνων
739 5635 901 5706 ὑμᾶς,
985 5631 1192 5687 Οὐκοῦν
1235 5630 1294 5684 τὸ
1342 5629 1516 5694 ξύλον,
1551 5628 1643 5697 ἀφ’
1682 5621 1718 5679 οἳ

1852 5639 1948 5680 sen
1981 5622 2159 5693 inquit
2217 5639 2228 5673 ε
2282 5638 2298 5671 ι
2341 5617 2472 5672 Novi
2537 5623 2592 5670 te
2645 5626 2812 5682 supra
2842 5624 3053 5665 omnes.
3109 5627 3127 5660 ›
3167 5607 3340 5661 Etiam
3369 5603 3438 5659 de

239 5836 525 5907 “Gemit,
556 5841 640 5896 16.
723 5839 934 5896 “Psal.
974 5837 1234 5902 navus.
1313 5837 1355 5868 ⁶⁹
1399 5834 1561 5890 Prov.
1602 5845 1682 5897 ιιι,

1887 5828 1932 5861 ⁷⁸
1969 5825 2132 5885 Hebr.
2169 5843 2220 5893 γ,
2260 5825 2346 5879 14.
2498 5823 2542 5855 ’³³
2585 5819 2603 5876 l
2634 5819 2760 5876 Cor.
2791 5832 2849 5872 ιι.
2884 5815 2969 5869 15.
3049 5813 3093 5844 ⁷³
3125 5809 3164 5866 ιι
3196 5805 3434 5863 Timoth.

189 5913 237 5974 ll,
263 5905 342 5964 19.
