3890 6372
406 434 513 493 199

1639 424 1697 481 S.
1728 422 2059 481 GREGORII
2096 422 2396 481 NYSSENI

3566 435 3678 494 eoo

404 550 679 605 damnatis
729 548 825 611 ait,
862 546 954 617 qui
1016 543 1345 617 czeteroquln
1405 542 1590 599 omnia
1659 542 1813 598 novit
1861 542 1909 574 ⁷⁸
1960 557 1974 593 :

2092 543 2117 614 ἡ
2154 542 2462 613 σύμμικτος
2497 542 2697 612 γνῶσις
2726 543 3178 614 καρποφορεϊται,
3220 543 3329 598 τῶν
3358 544 3683 618 ἀπηγορευ-

410 659 432 692 ι
467 640 755 709 Nunquam
812 638 936 692 novi
971 652 1068 692 vos
1126 636 1196 693 ".
1237 655 1257 690 ι
1318 635 1550 706 Lignum
1588 650 1718 705 ergo
1761 632 1829 688 de
1876 646 1986 703 quo

406 732 735 802 cognitionis
758 729 1084 799 promiscuae
1115 730 1328 785 fructus
1356 728 1592 798 capitur,
1626 725 1786 780 estin
1805 740 1987 780 rerum

405 825 693 878 vetitarum
715 837 964 876 numero.
993 820 1203 877 Dicitur
1229 828 1409 875 autem
1450 818 1661 874 fructus
1698 817 1788 871 ille
1825 831 1984 887 quem

406 929 633 983 serpens
704 913 984 984 pra'dicat,
1060 929 1124 968 ex
1186 913 1350 968 rebus
1398 910 1818 966 adversantibus
1881 907 1986 964 sibi

403 1011 661 1059 constare
697 1024 710 1059 :
764 1005 1014 1061 fortassis
1066 1019 1185 1059 eam
1218 1005 1287 1059 ob
1321 1017 1567 1067 causam,
1591 1001 1737 1072 quod
1781 1000 1984 1055 malum

405 1095 567 1163 plane
585 1094 814 1158 nudmn,
842 1101 903 1149 ut
928 1102 1010 1163 est
1032 1101 1229 1147 natura
1249 1106 1376 1155 sua,
1398 1106 1679 1160 nunquam
1708 1090 1867 1145 nobis
1888 1104 1986 1161 ap-

405 1194 613 1255 pareat.
645 1184 902 1240 Profecto
928 1185 1071 1240 enim
1112 1184 1167 1238 iu
1203 1183 1423 1238 homine
1447 1180 1814 1252 permovendo
1836 1180 1985 1237 nulla

405 1279 662 1334 vitiorum
702 1278 994 1334 eﬂicacitas
1026 1278 1180 1343 foret,
1227 1276 1271 1333 si
1302 1290 1412 1331 non
1461 1274 1681 1345 quidam
1730 1274 1810 1329 eis
1858 1272 1986 1328 boni

405 1372 558 1427 color
606 1370 846 1437 additus,
903 1370 1108 1426 homini
1162 1368 1468 1439 cupiditate
1506 1370 1591 1423 sui
1638 1367 1691 1421 in
1738 1364 1984 1422 fraudem

403 1464 587 1520 illecto
652 1462 838 1518 fucum
915 1463 1137 1517 faceret.
1216 1459 1374 1515 Nunc
1424 1475 1556 1515 vero
1605 1459 1807 1513 malum
1863 1473 1987 1514 esse

404 1556 636 1610 mixtum
665 1554 933 1620 videmus,
968 1555 1125 1624 cujus
1158 1553 1215 1608 in
1263 1552 1433 1608 fundo
1470 1551 1742 1623 pernicies
1772 1557 1856 1605 est
1888 1565 1985 1604 ve-

405 1648 504 1703 luti
558 1649 804 1719 quaedam
858 1647 1008 1705 fraus
1069 1648 1264 1713 latens,
1319 1661 1488 1717 quum
1537 1645 1778 1701 exterior
1826 1643 1986 1699 dolus

405 1741 697 1811 imaginem
725 1740 853 1796 boui
879 1747 1112 1796 ostentet
1139 1757 1151 1791 :
1180 1738 1360 1793 avaris
1381 1737 1702 1808 praeclarum
1724 1736 1984 1807 quiddam

405 1849 530 1888 esse
552 1834 765 1888 videtur
792 1833 1000 1903 argenti
1048 1832 1327 1902 splendor,
1354 1845 1523 1901 quum
1555 1830 1676 1899 ejus
1718 1828 1985 1898 cupiditas

405 1926 677 1980 malorum
710 1925 956 1980 omnium
1008 1925 1163 1981 radix
1199 1925 1417 1979 existat.
1456 1921 1590 1989 Quis
1618 1922 1898 1977 hominum
1927 1920 1982 1976 in

407 2015 611 2073 foedam
666 2016 1098 2086 intemperantiae
1141 2015 1379 2069 illuviem
1431 2014 1829 2085 prolaberetur,
1874 2012 1983 2068 nisi

403 2124 528 2164 eum
564 2109 620 2162 in
653 2108 903 2164 morbum
947 2108 1051 2163 hoc
1098 2108 1319 2163 nomine
1346 2108 1494 2162 velut
1540 2107 1817 2163 inescatus
1858 2122 1983 2177 per-

403 2201 735 2266 tralteretur,
796 2199 940 2268 quod
991 2201 1325 2270 voluptatem
1376 2214 1500 2254 esse
1538 2214 1650 2254 rem
1705 2199 1904 2254 bonam
1929 2205 1985 2253 et

402 2292 696 2362 optabilem
754 2293 1069 2346 existimat?
1122 2292 1323 2346 Eodem
1369 2290 1532 2345 modo
1576 2290 1708 2344 vitia
1763 2297 1984 2354 caetera,

403 2398 529 2438 cum
575 2392 786 2440 certum
827 2386 1050 2440 exitium
1079 2384 1375 2446 occultent,
1416 2384 1591 2453 prima
1640 2390 1821 2437 tamen
1867 2381 1987 2438 vice

402 2476 659 2531 videntur
692 2476 1014 2546 expetenda,
1044 2491 1212 2545 seque
1243 2476 1298 2530 in
1334 2475 1549 2530 animos
1576 2474 1985 2544 imprudentum

406 2585 506 2640 pro
538 2569 681 2624 bono
717 2569 1022 2623 insinuant.
1052 2567 1188 2623 Cum
1225 2568 1391 2637 igitur
1419 2566 1675 2637 pleraque
1705 2567 1987 2622 hominum

405 2678 532 2732 pars
564 2661 615 2715 id
666 2662 864 2717 bonum
902 2677 1025 2716 esse
1062 2659 1288 2730 judicet,
1314 2660 1460 2730 quod
1505 2675 1702 2716 sensus
1731 2659 1985 2716 delectat:

401 2770 640 2826 cumque
669 2755 804 2812 adeo
835 2755 1145 2813 communis
1195 2753 1484 2825 appellatio
1513 2753 1638 2808 boni
1669 2753 1761 2817 sit,
1790 2766 1913 2807 cum
1940 2751 1989 2806 ei

404 2847 551 2918 quod
571 2863 696 2904 vere
717 2847 919 2902 bonum
951 2856 1053 2913 est,
1110 2854 1223 2900 tum
1249 2846 1405 2900 alteri
1442 2845 1589 2916 quod
1628 2845 1830 2900 bonum
1866 2859 1990 2901 esse

402 2941 622 2997 videtur
653 2958 666 2993 :
718 2940 925 2996 idcirco
972 2939 1153 2994 Sacrae
1184 2937 1401 3001 Littera:
1431 2939 1819 3009 appetitionem
1859 2938 1991 2993 mali

405 3033 630 3088 latentis
662 3032 765 3087 sub
800 3031 927 3086 boni
964 3030 1167 3100 specie:
1189 3029 1555 3099 cognitionem
1605 3029 1731 3084 boni
1759 3035 1814 3084 et
1862 3028 1992 3084 mali

406 3122 710 3185 nominant,
764 3137 861 3192 per
894 3136 1057 3192 quam
1099 3120 1314 3177 aﬂ'ectio
1344 3121 1592 3193 quaedam
1625 3131 1678 3177 et
1726 3131 1993 3193 tempera-

405 3222 648 3270 mentum
698 3214 1037 3284 intelligitur.
1067 3211 1187 3268 ‘Non
1211 3213 1357 3268 enim
1391 3213 1630 3268 fructum
1659 3214 1805 3285 'ligni
1839 3214 1989 3270 vetiti

405 3305 655 3361 absolute
708 3306 911 3360 malum
968 3305 1189 3376 aliquod
1245 3322 1370 3363 esse
1408 3307 1653 3373 tradunt,
1689 3323 1815 3362 cum
1866 3309 1996 3364 boni

406 3396 565 3466 quasi
594 3393 818 3475 tioribus
848 3396 1175 3466 quibusdam
1200 3406 1499 3454 exornatus
1521 3396 1593 3453 sit
1622 3413 1833 3468 :ncque
1860 3413 1997 3453 con-

407 3496 491 3541 tra
512 3501 648 3557 pure
673 3487 901 3549 bonum,
925 3502 1049 3542 cum
1085 3488 1191 3544 sub
1210 3503 1276 3544 eo
1304 3489 1507 3543 malum
1542 3489 1711 3545 lateat
1739 3507 1754 3544 :
1787 3489 1882 3545 sed
1927 3506 1996 3547 ex

408 3586 643 3648 utroque
676 3578 922 3643 mistum,
964 3594 1072 3650 quo
1102 3581 1195 3650 qui
1238 3589 1484 3647 utantur,
1525 3581 1895 3637 certissimum
1924 3582 1994 3637 ad

407 3668 688 3725 interitum
723 3679 906 3727 ruant.
947 3670 1137 3743 Itaque
1157 3682 1368 3728 tantum
1391 3689 1500 3728 non
1528 3682 1715 3743 aperte
1732 3673 1990 3740 clamant,

406 3777 593 3817 verum
628 3762 832 3819 bonum
882 3752 1111 3835 simplex
1137 3773 1191 3820 et
1230 3766 1546 3821 uniusmodi
1590 3765 1851 3837 quiddam
1895 3782 1997 3821 na-

407 3863 523 3907 tura
555 3869 653 3921 sua
687 3856 972 3920 exsistere,
1033 3856 1271 3911 alienum
1322 3858 1391 3912 ab
1429 3857 1575 3913 omni
1639 3856 1985 3927 duplicitate,

405 3946 924 4017 adversantiumque
970 3947 1076 4002 sibi
1128 3962 1311 4002 rerum
1350 3947 1758 4017 conjunctione.
1792 3947 1993 4003 Malum

405 4039 598 4085 contra
637 4031 846 4083 varium
880 4045 1025 4096 esse,
1053 4045 1118 4085 ac
1145 4031 1381 4101 quodam
1431 4033 1594 4086 modo
1633 4034 1791 4101 quasi
1824 4036 1994 4089 vesti-

406 4134 521 4176 tum
560 4139 573 4174 ε
603 4121 857 4191 quodque
879 4120 1027 4175 aliud
1059 4121 1319 4190 quiddam
1351 4123 1509 4177 initio
1524 4123 1796 4189 videatur,
1829 4140 1993 4195 quam

404 4231 529 4270 esse
558 4213 754 4269 deinde
791 4229 889 4285 per
933 4215 1324 4284 experientiam
1379 4215 1822 4285 deprehenditur.
1857 4216 1991 4272 Nam

405 4309 453 4363 si
496 4308 563 4363 ad
611 4306 732 4377 ejus
788 4307 1158 4378 cognitionem
1200 4309 1605 4378 perveniamus,
1654 4308 1760 4364 hoc
1806 4321 1910 4372 est,
1946 4309 1994 4366 si

405 4401 576 4457 semel
606 4400 749 4454 facto
781 4400 1027 4471 periculo
1063 4400 1265 4454 malum
1294 4401 1711 4471 amplectamur,
1761 4409 1875 4456 tum
1904 4403 1994 4456 ni-

408 4493 606 4547 mirum
637 4508 759 4549 esse
780 4492 914 4547 illud
949 4492 1003 4546 in
1026 4493 1184 4550 nobis
1208 4508 1430 4569 causam
1455 4494 1780 4566 initiumque
1801 4496 1995 4554 mortis

2093 636 2268 705 μένων
2290 636 2427 689 ὲστί.
2460 636 2735 707 Μέμικται
2760 635 2818 689 δὲ
2851 635 2940 690 διά
2970 636 3078 690 τῶν
3107 637 3366 691 ἐναντίων
3400 638 3429 691 6
3463 637 3682 710 καρπὸς

2088 726 2314 791 ἐκεῖνος,
2336 729 2365 780 6
2388 728 2683 797 συνήγορον
2708 727 2845 798 ἔχων
2866 728 3059 782 ἑαυτοῦ
3088 728 3178 782 τὸν
3195 728 3339 800 ὅφιν,
3365 730 3512 801 τάχα
3538 728 3683 784 κατά

2088 821 2177 872 τδν
2203 818 2360 887 λόγον
2383 818 2591 884 τοῦτον,
2613 820 2694 873 ὅτι
2741 821 2802 873 ού
2840 820 3046 889 γυμνὸν
3091 821 3376 892 πρόκειται
3410 821 3472 874 τὺ
3506 821 3683 875 κακὸν

2088 911 2223 964 αὐτὸ
2267 912 2353 981 ἐφ’
2410 910 2605 966 ἑαυτοῦ
2635 912 2774 965 κατά
2810 911 2902 982 τὴν
2943 911 3078 965 ἰδίαν
3116 910 3278 981 φύσιν
3327 914 3680 983 φαινόμενον.

2086 997 2163 1056 Ἦ
2194 1004 2303 1075 γὰρ
2336 1003 2401 1057 ἂν
2430 1005 2709 1075 ἄπρακτος
2737 1000 2805 1074 ἦν
2836 1005 2870 1074 ή
2893 1003 3081 1068 κακία,
3105 1005 3297 1074 μηδενὶ
3321 1021 3683 1076 προσκεχρω-

2090 1096 2262 1167 σμένη
2296 1094 2447 1166 καλῷ
2495 1095 2573 1166 τῷ
2604 1095 2737 1167 πρὸς
2782 1095 3078 1166 ὲπιθυμίαν
3108 1094 3281 1164 αὐτῆς
3327 1094 3681 1164 ἐφελκομένῳ

2087 1187 2178 1241 τὸν
2206 1187 2583 1259 ἀπατώμενον.
2618 1188 2754 1239 Νυνὶ
2778 1187 2835 1240 δὲ
2867 1186 3172 1257 σύμμικτός
3197 1185 3314 1249 πῶς
3335 1188 3484 1239 ἐστιν
3515 1188 3550 1256 ή
3584 1187 3682 1239 τοῦ

2088 1279 2261 1334 κακοῦ
2287 1280 2471 1350 φύσις.
2503 1281 2565 1351 ὲν
2595 1280 2693 1350 μὲν
2715 1280 2793 1351 τῷ
2827 1280 2981 1350 βάθει
3025 1280 3114 1334 τὸν
3149 1278 3390 1350 δλεθρον,
3421 1275 3537 1334 οἷόν
3557 1296 3685 1334 τινα

2086 1371 2236 1425 δόλον
2269 1373 2717 1443 ἐγκεκρυμμένον
2765 1372 2985 1443 ἔχουσα,
3020 1374 3077 1425 ὲν
3109 1372 3165 1426 δὲ
3191 1375 3258 1443 τῇ
3296 1371 3439 1424 κατά
3469 1372 3535 1424 τὸ
3563 1388 3686 1440 φαι-

2087 1464 2310 1535 νόμενον
2324 1464 2505 1537 ἀπάτη
2530 1464 2693 1519 καλοῦ
2710 1482 2833 1519 τινα
2849 1464 3150 1533 φαντασίαν
3177 1464 3583 1536 παραδεικνύου
3592 1481 3679 1518 σα.

2088 1555 2267 1608 Καλὸν
2301 1555 2449 1609 δοκεῖ
2488 1558 2603 1619 τοῖς
2638 1555 2993 1627 φιλαργύροις
3021 1558 3055 1626 ή
3097 1560 3195 1627 τῆς
3239 1554 3371 1626 ὕλης
3413 1555 3681 1627 εὔχροιαο

2088 1646 2224 1701 ἀλλά
2255 1646 2381 1719 ῥίζα
2406 1648 2625 1702 πάντων
2661 1647 2770 1702 τῶν
2795 1648 3037 1719 κακῶνή
3070 1647 3406 1720 φιλαργυρία
3444 1649 3681 1717 γίνεται.

2088 1738 2186 1802 Τίς
2229 1738 2269 1791 δ’
2326 1736 2393 1792 ἂν
2442 1740 2535 1792 ἐπὶ
2573 1739 2665 1792 τὸν
2709 1738 2919 1810 δυσώδη
2963 1722 3221 1811 βόρϐορον
3250 1740 3347 1811 τῆς
3381 1738 3686 1802 ἀκολασίας

2091 1829 2443 1897 κατώλισθεν,
2492 1832 2541 1883 εἰ
2588 1830 2664 1900 μὴ
2712 1830 2809 1903 τὴν
2838 1831 3031 1903 ήδονὴν
3071 1830 3235 1884 καλόν
3261 1849 3313 1884 τι
3339 1832 3435 1885 καὶ
3460 1830 3685 1902 αἱρετὸν

2087 1922 2223 1994 ᾦετο
2267 1924 2296 1976 6
2326 1922 2405 1993 τῷ
2460 1922 2673 1977 δελέατι
2706 1922 2881 1993 τούτῳ
2928 1922 3064 1993 πρὸς
3093 1922 3154 1975 τὸ
3180 1922 3349 1986 πάθος
3379 1924 3686 1995 κατασυρό-

2088 2031 2281 2086 μενος;
2315 2014 2473 2067 Οῦτω
2492 2016 2585 2068 καὶ
2623 2013 2692 2067 τὰ
2727 2013 2890 2067 λοιπὰ
2917 2014 3026 2066 τῶν
3061 2015 3485 2085 ἁμαρτημάτων
3516 2016 3685 2084 ἐγκε-

2084 2109 2408 2180 κρυμμὲνην
2453 2108 2648 2179 ἔχοντα
2691 2107 2790 2179 τὴν
2818 2107 3137 2178 διαφθορὰν,
3181 2107 3376 2178 αἱρετά
3401 2108 3558 2178 παρὰ
3586 2108 3683 2179 τὴν

2085 2198 2309 2271 πρώτην
2354 2198 2519 2266 δοκεῖ,
2547 2199 2637 2253 διά
2675 2216 2819 2264 τινος
2850 2199 3067 2269 ἀπάτης
3114 2201 3225 2262 τοῖς
3256 2199 3686 2261 ἀνεπισκέπτως

2087 2289 2201 2344 ἀντ’
2222 2288 2429 2358 ἀγαθοῦ
2473 2289 2903 2360 σπουδαζόμενα.
2948 2289 3165 2360 Ἐπειδὴ
3201 2290 3379 2343 τοίνυν
3410 2292 3462 2343 οί
3497 2290 3685 2343 πολλοὶ

2086 2382 2150 2436 τὸ
2187 2383 2352 2437 καλὸν
2405 2384 2463 2437 ὲν
2500 2382 2577 2455 τῷ
2605 2383 2706 2447 τὰς
2734 2382 3014 2455 αἰσθήσεις
3041 2383 3384 2455 εὐφραίνοντι
3408 2383 3683 2455 κρίνουσι,

2089 2474 2181 2527 καί
2202 2475 2285 2538 τίς
2313 2476 2459 2529 ἐστιν
2479 2476 2766 2547 ὁμωνυμία
2791 2475 2885 2529 τοῦ
2906 2492 2966 2529 τε
2995 2476 3147 2539 ὄντος
3178 2474 3374 2528 καὶτοῦ
3397 2474 3685 2538 δοκοῦντος

2090 2563 2229 2624 εἶναι
2268 2569 2434 2624 καλοῦ
2458 2587 2471 2600 ·
2507 2569 2698 2623 τούτου
2718 2550 2890 2640 Ῑχάριν
2921 2571 2955 2636 ή
2985 2568 3122 2640 πρὸς
3155 2566 3218 2620 τὸ
3248 2566 3416 2620 κακὸν
3441 2565 3518 2629 ὡς
3547 2567 3685 2639 πρὸς

2089 2661 2151 2715 τὸ
2175 2661 2377 2729 ἀγαθὸν
2406 2661 2664 2732 γινομένη
2698 2660 2983 2730 ἐπιθυμία,
3019 2658 3186 2713 καλοῦ
3210 2660 3306 2712 καὶ
3327 2659 3503 2715 κακοῦ
3535 2660 3682 2728 γνῶ-

2092 2766 2176 2814 σις
2204 2748 2309 2804 ὑπὸ
2335 2750 2434 2820 τῆς
2456 2749 2679 2820 Γραφῆς
2709 2746 3026 2820 ὠνομάσθη,
3061 2747 3398 2801 συνδιάθεσίν
3431 2765 3559 2802 τινα
3588 2746 3685 2801 καὶ

2092 2841 2394 2914 ἀνάκρασιν
2434 2840 2843 2915 ὲρμηνευούσης
2889 2840 2989 2911 τῆς
3017 2838 3290 2908 γνώσεως.
3309 2832 3448 2893 Οὔτε
3477 2839 3683 2893 ἀπολύ-

2090 2953 2199 3001 τως
2220 2936 2406 3001 κακὸν,
2421 2935 2555 2989 διότι
2573 2932 2952 3006 περιήνθισται
2968 2932 3044 3004 τῷ
3073 2931 3242 3003 καλῷ,
3271 2931 3394 2986 οὔτε
3422 2931 3684 3004 καθαρῶς

2092 3031 2315 3101 ἀγαθὸν,
2355 3031 2489 3085 διότι
2523 3030 2937 3102 ὑποκέκρυπται
2965 3027 3025 3081 τὸ
3057 3026 3227 3081 κακόν
3250 3043 3264 3056 ’
3292 3026 3431 3080 ἀλλά
3473 3027 3685 3097 σύμμι-

2093 3115 2221 3179 κτον
2247 3124 2316 3178 δι’
2337 3123 2612 3195 ἑκατέρων
2628 3122 2726 3175 τοῦ
2751 3120 3205 3192 ἀπηγορευμένον
3227 3118 3385 3184 ξύλου
3407 3118 3502 3174 τὸν
3539 3136 3681 3191 καρ-

2098 3213 2200 3268 πὸν
2221 3207 2360 3267 εἷναί
2392 3222 2578 3283 φησιν,
2620 3204 2683 3265 οὗ
2739 3210 2839 3283 τὴν
2890 3208 3080 3279 γεῦσιν
3132 3211 3212 3274 είς
3258 3209 3485 3263 θάνατον
3523 3209 3682 3278 ἄγειν

2097 3304 2220 3362 εῐπε
2248 3308 2376 3371 τοὺς
2424 3305 2757 3376 ἁψαμένους.
2800 3304 3083 3374 μονονουχὶ
3128 3301 3376 3373 φανερῶς
3405 3303 3468 3356 τὸ
3503 3303 3685 3376 δόγμα

2097 3400 2257 3471 βοῶν,
2287 3400 2370 3454 ὅτι
2391 3397 2455 3452 τὸ
2483 3398 2653 3461 ὅντως
2675 3396 2877 3466 ἀγαθὸν
2907 3394 3112 3450 ἁπλοῦν
3136 3396 3230 3449 καὶ
3261 3395 3533 3466 μονοειδές
3560 3397 3681 3449 ἐστι

2094 3491 2162 3561 τῇ
2189 3490 2370 3559 φύσει,
2417 3489 2596 3560 πάσης
2644 3486 2867 3559 διπλόης
2915 3484 3009 3539 καὶ
3049 3484 3147 3557 τῆς
3188 3484 3325 3555 πρὸς
3344 3485 3406 3539 τὸ
3436 3485 3683 3540 ἐναντίον

2097 3581 2358 3652 συζυγίας
2411 3581 2710 3653 ἀλλότριον.
2753 3581 2827 3635 Τὸ
2866 3582 2925 3636 δὲ
2965 3580 3137 3636 κακὸν
3167 3578 3410 3632 ποικίλον
3466 3596 3529 3632 τε
3589 3579 3683 3633 καὶ

2096 3675 2679 3747 κατεσχηματισμένον
2737 3675 2909 3743 ἐστὶν,
2949 3676 3078 3731 ἄλλο
3107 3693 3159 3729 τι
3181 3671 3558 3745 νομιζόμενον,
3589 3674 3686 3726 καὶ

2094 3769 2284 3840 ἕτερον
2306 3767 2393 3821 διὰ
2418 3768 2517 3838 τῆς
2541 3767 2737 3838 πείρας
2761 3767 3208 3839 ἀνακρινόμενον,
3240 3767 3300 3820 ού
3329 3765 3426 3838 τὴν
3455 3765 3681 3834 γνῶσιν,
3766 3768 3779 3779 '

2094 3861 2365 3928 τουτέστι,
2394 3861 2493 3931 τὴν
2512 3860 2600 3914 διὰ
2631 3860 2729 3930 τῆς
2761 3859 2955 3932 πείρας
3000 3858 3287 3929 ἀνάληψιν,
3315 3856 3547 3910 θανάτου
3589 3856 3685 3910 καὶ

2094 3952 2386 4024 διαφθορᾶς
2415 3952 2590 4024 ἀρχήν
2616 3968 2678 4004 τε
2702 3952 2796 4005 καὶ
2827 3951 3083 4005 ὑπόθεσιν
3112 3948 3377 4018 γίνεσθαι.
3406 3946 3505 4002 Διά
3524 3945 3685 4000 τοῦτο

2096 4044 2474 4115 προδείκνυσιν
2507 4046 2536 4098 6
2559 4043 2681 4112 ὄφις
2715 4044 2807 4097 τὸν
2860 4041 3092 4113 πονηρὸν
3119 4042 3218 4112 τῆς
3251 4039 3521 4111 ἁμαρτίας
3547 4055 3686 4109 καρο

2096 4136 2217 4201 πδν,
2248 4137 2348 4207 οὐχ
2373 4135 2449 4201 ὡς
2478 4130 2593 4207 εἶχε
2627 4135 2843 4205 φύσεως
2875 4135 2937 4188 τὸ
2966 4133 3135 4189 κακὸν
3159 4135 3225 4187 ἐκ
3250 4132 3345 4187 τοῦ
3372 4132 3687 4203 προφανοῦς

2095 4227 2366 4293 ἐπιδείξας
2385 4243 2398 4256 ·
2430 4228 2492 4281 οὐ
2539 4227 2647 4298 γὰρ
2687 4225 2753 4281 ἂν
2779 4227 3036 4297 ἠπατήθη
3063 4228 3091 4279 6
3118 4225 3403 4296 ἄνθρωπος
3428 4221 3508 4295 τῷ
3546 4241 3687 4296 προσ

2094 4319 2239 4391 δήλῳ
2282 4318 2436 4389 κακῷ
2461 4337 2475 4352 ·
2536 4317 2674 4373 ἀλλά
2733 4318 2823 4372 διά
2873 4335 3015 4382 τινος
3066 4315 3216 4390 ὧρας
3257 4316 3317 4371 τὸ
3359 4315 3686 4387 φαινόμενον

2095 4410 2383 4479 ἀγλαΐσας,
2413 4409 2509 4463 καί
2538 4426 2659 4464 τινα
2691 4408 2835 4463 κατά
2868 4409 2968 4481 τὴν
2996 4408 3248 4479 αἴσθησιν
3270 4408 3461 4479 ήδονήν
3488 4410 3687 4479 ὲγγοη-

2094 4500 2290 4563 τεύσας
2308 4503 2375 4571 τῇ
2410 4498 2617 4567 γεύσει,
2656 4499 2880 4564 πιθανὸς
2918 4499 3090 4569 ἐφάνη
3136 4501 3202 4570 τῇ
3229 4501 3469 4568 γυναικὶ,
3500 4498 3686 4564 καθώς

405 4592 461 4636 et
490 4582 761 4638 interitus.
811 4582 1022 4637 Idcirco
1074 4597 1299 4653 serpens
1338 4583 1594 4638 vitiosum
1627 4585 1834 4655 peccati
1876 4585 1988 4641 fru-

2101 4608 2266 4662 φησιν
2330 4592 2363 4661 ἡ
2421 4591 2611 4662 Γραφή
2633 4607 2646 4620 ·
2681 4592 2822 4646 «Καὶ
2839 4588 2947 4647 εἶδε
2971 4595 3080 4669 γὰρ
3115 4594 3147 4662 ὴ
3180 4590 3337 4663 γυνὴ,
3372 4592 3560 4663 φησὶν,
3604 4593 3686 4646 ὃτι

407 4679 555 4725 ctum
578 4672 781 4726 homini
801 4671 1159 4739 demonstrat,
1192 4687 1301 4727 non
1335 4673 1486 4728 illum
1526 4674 1744 4745 quidem
1778 4684 1986 4747 aperte,

408 4764 589 4834 qualis
619 4777 647 4817 a
684 4772 877 4818 natura
908 4773 1026 4818 erat
1046 4763 1176 4834 (non
1204 4766 1347 4821 enim
1378 4782 1475 4837 per
1497 4768 1845 4825 manifestum
1873 4785 1991 4823 ma-

409 4858 523 4912 lum
557 4856 666 4910 falli
708 4857 871 4911 homo
918 4857 1233 4926 potuisset),
1295 4858 1391 4914 sed
1421 4871 1645 4914 externa
1686 4862 1990 4917 venustatis

410 4963 534 5003 eum
554 4949 733 5017 specie
760 4957 990 5003 exornat
1016 4967 1029 5001 :
1068 4949 1312 5020 adeoque
1339 4950 1519 5020 gustui
1541 4951 1663 5019 ejus
1694 4952 1991 5022 voluptatis

411 5036 639 5107 aliquid,
704 5037 848 5107 quod
889 5055 1053 5095 sensu
1103 5041 1496 5111 perciperetur,
1560 5057 1657 5112 per
1718 5044 1986 5113 quasdam

410 5129 568 5198 quasi
607 5130 913 5201 praestigias
966 5130 1127 5198 indit,
1173 5141 1232 5187 ut
1266 5134 1341 5188 ita
1374 5134 1589 5190 mulieri
1640 5137 1784 5205 quod
1832 5136 1989 5191 vellet

413 5220 785 5289 persuaderet.
840 5222 932 5277 Sic
970 5224 1114 5278 enim
1165 5222 1384 5280 Littera:
1422 5240 1591 5280 sacra:
1629 5227 1930 5297 loquuntur
1972 5244 1986 5279 :

417 5329 437 5362 ι
474 5310 621 5367 Vidit
662 5323 855 5371 autem
879 5316 1074 5370 mulier
1104 5316 1308 5386 lignum
1348 5318 1483 5372 illud
1513 5318 1715 5373 bonum
1767 5335 1889 5375 esse
1923 5319 1989 5375 ad

413 5409 777 5477 vescendum,
818 5418 871 5464 et
916 5410 1094 5466 oculis
1139 5418 1377 5481 gratum,
1424 5411 1762 5482 miriﬁceque
1791 5413 1991 5483 jucun-

413 5501 542 5554 dum
577 5510 798 5572 aspectu
829 5504 898 5557 ⁷⁵.
944 5523 963 5555 ι
1016 5504 1204 5573 Itaque
1252 5502 1490 5558 fructum
1553 5503 1673 5572 ejus
1704 5514 1991 5575 acceptum

416 5590 670 5643 comedit.
720 5593 888 5649 Cibus
910 5578 1092 5649 au'tcm
1133 5595 1223 5649 ille
1253 5603 1480 5649 mortem
1522 5594 1727 5649 homini
1759 5596 1989 5666 peperit.

422 5679 593 5750 Atque
624 5682 712 5737 hic
741 5682 840 5736 fuit
888 5686 956 5750 is,
986 5686 1052 5741 de
1112 5703 1221 5757 quo
1248 5684 1595 5753 disserimus,
1645 5688 1991 5757 promiscuus

2096 4681 2260 4736 καλὸν
2287 4681 2348 4734 τὸ
2369 4680 2523 4747 ξύλον
2543 4682 2621 4745 εἱς
2642 4680 2843 4751 βρῶσιν
2886 4686 2974 4739 καὶ
2999 4682 3082 4735 ὅτι
3104 4682 3331 4754 ἀρεστὸν
3349 4685 3461 4748 τοῖς
3483 4684 3687 4751 ὀφθαλ-

2097 4777 2217 4845 μοῖς
2247 4773 2396 4835 ίδείν,
2425 4773 2517 4827 καὶ
2546 4773 2747 4843 ὡραῖόν
2774 4775 2889 4826 ἐστι
2922 4773 3015 4826 τοῦ
3045 4776 3384 4845 κατανοῆσαι
3408 4793 3419 4805 ·
3440 4777 3563 4832 »καὶ
3591 4776 3686 4828 λα-

2095 4865 2265 4920 ϐοῦσα
2299 4866 2394 4920 τοῦ
2412 4864 2626 4937 καρποῦ
2654 4865 2820 4919 αὑτοῦ
2844 4866 3063 4935 ἔφαγεν.
3097 4867 3163 4919 Ἡ
3191 4867 3248 4920 δὲ
3278 4866 3480 4939 βρῶσις
3498 4869 3682 4939 ἐκείνη

2096 4957 2329 5011 θανάτου
2370 4960 2551 5029 μήτηρ
2576 4960 2689 5021 τοῖς
2722 4957 3030 5029 ἀνθρώποις
3056 4958 3298 5028 γέγονεν.
3322 4957 3471 5021 Ᾱῦτη
3502 4960 3685 5013 τοίνυν

2096 5051 2130 5120 ἡ
2167 5049 2473 5122 σύμμικτός
2501 5052 2618 5103 tem
2652 5049 3022 5121 καρποφορία,
3056 5048 3243 5117 σαφῶς
3267 5048 3361 5101 τοῦ
3398 5049 3559 5117 λόγου
3595 5052 3685 5104 τὸν

2096 5142 2220 5196 νοῦν
2243 5141 2662 5213 ὲρμηνεύοντος,
2690 5142 2813 5196 καθ’
2848 5141 2907 5194 ὂν
2938 5140 3102 5195 καλοῦ
3132 5159 3189 5195 τε
3221 5144 3315 5195 καὶ
3342 5141 3516 5195 κακοῦ
3541 5160 3685 5209 γνω-

2099 5234 2222 5288 στὸν
2248 5233 2540 5306 ὠνομάσθη
2573 5234 2634 5287 τὸ
2661 5233 2816 5298 ξύλον
2843 5234 3039 5297 ἐκεῖνο,
3070 5234 3153 5286 ὅτι
3185 5233 3326 5286 κατά
3352 5231 3449 5304 τὴν
3470 5232 3581 5286 τῶν
3602 5235 3686 5305 δη-

2096 5324 2370 5396 λητηρίων
2394 5328 2589 5378 κακίαν
2610 5324 2716 5377 τῶν
2740 5324 3197 5395 παραρτυθέντων
3222 5323 3299 5393 τῷ
3317 5324 3515 5394 μέλιτι,
3549 5326 3686 5379 καοὸ

2103 5416 2201 5486 μὲν
2244 5414 2670 5483 καταγλυκαίνει
2718 5415 2818 5485 τὴν
2845 5414 3122 5483 αἴσθησιν,
3148 5414 3310 5467 καλὸν
3344 5410 3481 5467 εἶναι
3516 5415 3684 5480 δοκεῖ,

2099 5506 2235 5561 καθὸ
2262 5506 2319 5559 δὲ
2343 5505 2553 5578 φθείρει
2612 5506 2703 5558 τὸν
2751 5507 3218 5577 προσαπτόμενον,
3258 5506 3429 5559 κακοῦ
3486 5508 3689 5573 παντὸς

2100 5599 2327 5670 ἔσχατον
2360 5599 2590 5668 γίνεται.
2630 5598 2783 5653 Ἐπεὶ
2834 5596 2926 5654 οὖν
2972 5601 3242 5670 ἐνήργησε
3276 5597 3419 5654 κατά
3446 5600 3546 5671 τῆς
3593 5601 3684 5654 τοῦ

2099 5691 2385 5765 ἀνθρώπου
2417 5691 2562 5763 ζωῆς
2594 5691 2656 5745 τὸ
2693 5693 2927 5765 πονηρὸν
2966 5693 3289 5766 δηλητήριον
3315 5710 3328 5722 ·
3358 5692 3481 5745 τότε
3527 5691 3559 5746 6
3596 5693 3689 5748 ἇν-

487 5855 534 5889 "
571 5857 739 5916 Exod.
767 5878 932 5928 xxxv,
960 5863 1044 5916 12.
1119 5866 1165 5898 "
1205 5863 1399 5919 Matth.
1430 5882 1530 5938 vn,
1558 5866 1649 5921 23.
1724 5868 1772 5900 ⁷⁸
1810 5867 1948 5925 Gen.
1972 5884 2055 5936 In,
2087 5868 2143 5926 ϐ.
