3890 6410
191 482 273 538 201
1391 466 1481 521 DE
1519 462 1805 521 HOMINIS
1841 462 2153 521 OPIFIGIO.

3296 459 3407 514 2‘32

189 598 389 671 θρωπος,
410 594 470 647 τὺ
482 592 628 666 μέγα
662 590 755 646 καὶ
781 590 1014 660 πρᾶγμα
1029 586 1124 640 καὶ
1152 584 1345 656 ὄνομα,
1364 585 1427 638 τὸ
1452 585 1552 655 τῆς
1568 584 1719 648 θείας

1835 583 2084 639 fructus:
2133 581 2541 638 declarantibus
2601 578 2887 650 perspicue
2934 575 3156 632 Litteris
3207 575 3408 665 sacris.

196 687 370 754 prisca);
398 686 774 755 ἀπεικὸνισμα,
802 683 869 753 τῇ
905 678 1249 750 ματαιότητι,
1280 676 1462 741 καθώς
1500 694 1665 748 φησιν
1690 678 1720 730 ό

190 764 462 843 Προφήτης,
477 765 751 838 ὡμοιώθη.
822 771 1033 827 Οὐκοῦν
1057 773 1092 840 ή
1122 770 1220 841 μὲν
1258 768 1424 823 εἰκὼν
1471 769 1609 840 πρὸς
1659 767 1720 820 τὸ

192 868 404 939 κρεῖττον
439 866 542 920 τῶν
583 867 643 920 ὲν
671 865 804 936 ἡμῖν
856 863 1160 935 νοουμένων
1200 860 1504 932 ᾡκείωται·
1547 860 1616 914 τὰ
1639 861 1719 925 δὲ,

189 964 271 1016 ὅσα
300 960 416 1031 περὶ
460 958 545 1012 τὸν
578 958 692 1029 βίον
717 957 939 1028 λυπηρά
967 973 1029 1009 τε
1056 955 1151 1009 καὶ
1177 953 1358 1018 ἄθλια,
1392 953 1583 1026 πόρρω
1621 954 1719 1025 τῆς

191 1052 303 1121 πρὸς
327 1050 383 1102 τὸ
407 1046 547 1103 Θετόν
575 1051 723 1102 ἐστιν
749 1046 1082 1119 ὁμοιώσεως.

1826 692 1937 749 quo
1964 691 2132 733 sensu
2160 675 2370 746 lignum
2402 675 2507 730 boc
2525 674 2770 731 scientiae
2801 671 2931 727 boui
2966 680 3022 727 et
3050 670 3178 725 mali
3214 655 3408 740 appel-

1827 769 2016 823 larint.
2054 767 2288 824 Perinde
2318 768 2593 832 videlicet,
2620 774 2785 836 atque
2814 779 3025 820 venena
3063 763 3222 818 melle
3276 778 3410 817 con-

1825 861 1960 925 dita,
1988 875 2096 932 qua
2116 860 2305 917 sensui
2326 860 2400 915 ob
2429 859 2825 914 dulcitudinem
2848 865 3004 928 grata
3031 866 3178 917 sunt,
3204 854 3407 909 bonum

1825 952 2085 1023 quiddam
2123 967 2292 1007 esse:
2322 968 2427 1021 qua
2462 967 2592 1006 vero
2623 957 2864 1005 utentem
2901 949 3244 1012 interimunt,
3289 960 3410 999 ma-
3446 1010 3451 1018 _

1827 1045 2006 1098 lorum
2031 1044 2276 1098 omnium
2299 1051 2540 1099 extrema
2571 1048 2887 1097 censentur.
2920 1039 3035 1096 Hoc
3060 1040 3227 1111 igitur
3255 1053 3409 1094 vene-

191 1158 299 1198 num
348 1144 735 1214 quamprimum
780 1140 1016 1197 hominis
1061 1139 1230 1196 vitam
1282 1138 1546 1195 tentando
1598 1139 1768 1205 laesit,
1830 1137 2151 1207 praeclarum
2217 1137 2352 1192 illud
2410 1136 2651 1190 hominis
2718 1133 2998 1204 opiﬁcium
3065 1147 3130 1190 ac
3186 1145 3409 1194 nomen,

192 1236 398 1306 adeoque
429 1236 628 1293 divinae
668 1245 880 1292 naturae
923 1235 1305 1299 simulacrum,
1347 1234 1629 1298 vanitatis,
1671 1232 2133 1303 quemadmodum
2173 1227 2336 1283 Vates
2374 1230 2707 1301 loquitur",
2762 1228 3176 1285 similitudinem
3209 1225 3410 1280 induit.

192 1330 345 1401 Itaque
366 1333 468 1402 jam
510 1333 688 1404 imago
710 1333 778 1387 ad
809 1340 994 1403 partes
1027 1331 1083 1386 in
1125 1330 1287 1386 nobis
1325 1331 1736 1400 praestantiores
1764 1326 2051 1383 referenda
2079 1336 2181 1382 est.
2232 1326 2582 1395 Quaecunque
2625 1332 2806 1379 autem
2839 1323 3068 1378 molesta
3113 1321 3165 1375 in
3197 1320 3327 1383 vita,
3356 1324 3414 1372 et

193 1422 340 1477 tristia
372 1423 633 1489 accidunt,
670 1423 830 1493 longe
861 1422 1072 1476 scilicet
1094 1435 1128 1474 a
1171 1420 1532 1476 similitudine
1568 1426 1782 1475 naturae
1813 1418 2013 1475 divina:
2038 1419 2286 1489 separari
2321 1418 2539 1472 debent.

637 1533 1037 1589 ΚΕΦΑΛΛΙΟΝ
1092 1535 1231 1588 KA'.

191 1650 298 1705 Ὀτι
340 1653 374 1720 ἡ
420 1650 758 1720 ἀνάστασις
784 1649 1170 1720 οῡντοσοῦᾲτον
1191 1648 1261 1720 ἐκ
1290 1648 1396 1720 τοᾷ
1431 1648 1724 1720 κηρύγμα-

249 1739 334 1786 τος
349 1717 445 1775 τοῦ
467 1718 792 1789 Γραφικοῦ,
833 1717 986 1773 ὅσον
1010 1718 1079 1783 ἐξ
1105 1717 1302 1789 αὐτῆς
1320 1717 1429 1785 τῆς
1450 1717 1722 1787 ἀνάγκης

245 1790 345 1844 τῶν
370 1786 717 1861 πραγμάτων
742 1788 1087 1855 ἀκολούθως
1122 1786 1436 1848 ἐλπίζεται.

255 1883 372 1936 Ἀλλ’
421 1883 513 1952 οὐχ
559 1881 736 1944 οὕτως
786 1880 933 1932 ἐστὶν
962 1879 1183 1949 ἰσχυρὸν
1219 1880 1252 1950 ἡ
1285 1879 1474 1942 κακία,
1515 1878 1590 1942 ὡς
1624 1879 1722 1949 τῆς

188 1972 363 2041 ἀγαθῆς
411 1970 771 2043 ὑπερισχύσαι
803 1969 1084 2039 δυνάμεως
1108 1985 1123 1999 ·
1177 1968 1297 2021 οὐδὲ
1338 1969 1598 2040 κρείττων
1628 1972 1722 2024 καὶ

191 2064 489 2135 μονιμωτέρα
534 2066 636 2134 τῆς
691 2058 826 2114 Θεοῦ
877 2059 1070 2128 σοφίας
1110 2061 1272 2131 ήτῆς
1324 2061 1539 2128 φύσεως
1568 2061 1721 2131 ἡμῶν

190 2155 396 2208 ἀϐουλία.
421 2153 547 2207 Οὐδὲ
567 2152 680 2223 γάρ
708 2151 824 2203 ἐστι
852 2149 1076 2203 δυνατὸν
1098 2148 1160 2201 τὸ
1189 2147 1523 2219 τρεπόμενόν
1549 2166 1607 2201 τε
1630 2149 1723 2202 καὶ⁹

188 2245 538 2316 ἀλλοιούμενον,
570 2242 670 2298 τοῦ
721 2242 808 2296 ἀεὶ
857 2240 1122 2303 ὡσαύτως
1167 2238 1402 2310 ἔχοντος,
1435 2240 1530 2292 καὶ
1557 2241 1614 2292 ὲν
1647 2240 1725 2311 τῷ

188 2336 343 2407 ἀγαθῷ
363 2336 679 2407 πεπηγότος,
713 2331 1168 2405 ὲπικρατέστερόν
1195 2348 1253 2383 τε
1284 2332 1377 2384 καὶ
1407 2331 1728 2401 μονιμώτε-ι-

180 2446 263 2500 ρον
285 2425 407 2483 εἶναι
431 2446 444 2459 ο
470 2428 578 2482 ἀλλ’
622 2428 658 2498 ἡ
695 2426 794 2497 μὲν
822 2423 941 2477 θεία
967 2422 1131 2493 βουλὴ
1172 2421 1349 2492 πάντη
1382 2438 1442 2474 τε
1472 2421 1566 2474 καὶ
1593 2421 1728 2473 πάν-

187 2538 273 2584 τως
293 2522 345 2574 τὸ
372 2521 697 2591 ἀμετάθετον
732 2517 866 2587 ἔχει,
893 2515 953 2569 τὸ
1003 2514 1060 2567 δὲ
1107 2514 1340 2584 ’πρεπτὸν
1370 2513 1471 2582 τῆς
1513 2512 1727 2582 φύσεως

184 2613 316 2683 ἡμῶν
358 2613 469 2666 οὐδὲ
523 2614 580 2665 ὲν
614 2610 694 2682 τῷ
747 2608 902 2678 κακῷ
948 2607 1144 2674 πάγιον
1180 2606 1351 2677 μένει.
1387 2604 1460 2658 Τὸ
1499 2603 1610 2675 γὰρ
1641 2602 1728 2655 ἀεὶ

186 2707 368 2770 πάντως
410 2705 749 2776 κινούμενον,
794 2704 841 2754 εἰ
886 2700 983 2771 μὲν
1014 2699 1150 2771 πρὸς
1185 2698 1248 2751 τὸ
1282 2697 1445 2752 καλὸν
1483 2695 1596 2767 ἔχοι
1629 2694 1728 2766 τὴν

185 2799 393 2870 πρόοδον,
436 2800 520 2855 διὰ
544 2799 608 2852 τὸ
638 2798 885 2869 ἀόριστον
905 2792 999 2848 τοῦ
1021 2791 1453 2862 διεξοδευομένου
1471 2787 1732 2858 πράγμα-

183 2906 258 2953 τος
286 2892 519 2945 οὐδέποτε
557 2889 713 2961 λήξει
756 2887 858 2956 τῆς
900 2887 993 2939 ἐπὶ
1023 2883 1094 2938 τὰ
1126 2883 1316 2955 πρόσω
1347 2882 1541 2952 φορᾶς.
1593 2877 1729 2933 Uti-6k

183 2981 272 3052 γὰρ
295 2982 498 3054 εὑρήσει
524 2979 858 3052 ζητουμένου
891 2976 1065 3050 πέρας
1096 2975 1268 3036 οὐδὲν,
1291 2967 1354 3026 οὗ
1388 2971 1731 3045 δραξάμενον

184 3074 404 3141 στήσεταί
436 3090 562 3126 ποτε
589 3071 693 3141 τῆς
736 3071 1024 3141 κινήσεως.
1053 3069 1117 3122 Εἰ
1140 3068 1197 3121 δὲ
1230 3067 1368 3138 πρὸς
1396 3066 1457 3120 τὸ
1489 3067 1729 3120 ἐναντίον

182 3163 263 3235 τὴν
292 3165 448 3236 ῥοπὴν
503 3164 681 3235 σχοίη,
724 3162 947 3216 ἐπειδὰν
987 3160 1214 3232 διανύσῃ
1255 3160 1356 3229 τῆς
1393 3148 1594 3224 κακίας
1639 3159 1731 3213 τὸν

2410 1528 2639 1586 CAPUT
2677 1528 2822 1584 XXI.

1826 1644 2277 1701 Resurrectionem
2308 1661 2373 1701 ea:
2420 1646 2641 1699 mortuis
2694 1661 2795 1698 non
2828 1652 2939 1697 tam
2976 1650 3187 1711 propter
3218 1643 3417 1710 prmdt-

1895 1718 2119 1770 clionem
2151 1716 2473 1771 Litterarum
2515 1731 2823 1773 sacrarunt,
2856 1730 3016 1784 quant
3057 1714 3417 1768 necessarium.

1898 1803 2074 1840 rerum
2105 1788 2343 1841 ordinem
2375 1788 2587 1839 omnino
2609 1784 3017 1852 exspectandum
3045 1800 3178 1838 esse.

1897 1878 2378 1935 Verumenimvero
2433 1894 2544 1933 non
2589 1885 2804 1932 tantum
2834 1877 2964 1930 mali
3012 1876 3184 1931 robur
3209 1884 3315 1939 est,
3353 1883 3416 1930 ut

1825 1970 1930 2022 vim
1956 1969 2085 2023 boni
2135 1970 2312 2038 possit
2347 1983 2700 2038 exsuperare,
2751 1983 2929 2038 neque
2970 1975 3180 2020 naturae
3207 1966 3416 2035 impru-

1824 2060 2027 2122 dentia,
2063 2059 2154 2115 Dei
2177 2068 2261 2116 est
2287 2060 2555 2130 sapientia
2582 2060 2665 2115 vel
2701 2058 2901 2129 potior,
2933 2059 3015 2112 vel
3044 2058 3410 2111 constantior.

1825 2152 1969 2208 Fieri
2017 2152 2163 2206 enim
2203 2167 2312 2206 non
2350 2161 2549 2222 potest,
2611 2159 2668 2205 ut
2721 2150 2867 2221 quod
2919 2150 3134 2204 vicibus
3183 2149 3415 2203 alternis

1825 2250 2216 2307 commutatur,
2256 2243 2349 2297 illo
2408 2243 2619 2298 ﬁrmius
2694 2256 2758 2295 ac
2810 2241 3117 2295 durabilius
3159 2240 3413 2302 exsistat,

1826 2334 1971 2403 quod
2007 2348 2224 2403 semper
2268 2332 2462 2388 eodem
2515 2332 2679 2387 modo
2732 2331 3011 2394 aﬁ'ectum,
3061 2333 3229 2401 inque
3270 2332 3416 2387 bono

1828 2426 1994 2480 ﬁxum
2026 2414 2090 2479 ac
2117 2424 2311 2480 stabile
2334 2432 2439 2489 est,
2471 2438 2605 2477 nam
2619 2423 2715 2477 Dei
2751 2423 3041 2477 consilium
3078 2423 3134 2476 in
3160 2423 3417 2478 omnibus

1828 2518 1994 2573 rebus
2060 2524 2321 2587 perpetuo
2390 2516 2889 2570 inmutabilitatem
2941 2530 3095 2570 suam
3146 2516 3343 2570 retinet
3399 2533 3414 2571 :

1829 2617 2016 2663 nostra
2044 2623 2174 2663 vero
2193 2616 2386 2661 natura
2407 2607 2800 2662 mutationibus
2820 2608 3077 2672 obnoxia,
3103 2623 3169 2661 ne
3191 2607 3245 2660 in
3275 2607 3419 2660 malo

1830 2701 2053 2773 quidem
2109 2706 2428 2755 constanter
2489 2698 2755 2769 persistit.
2819 2699 2976 2765 Quod
3007 2699 3154 2753 enim
3201 2715 3420 2769 semper

1831 2803 2101 2860 movetur,
2131 2794 2178 2848 si
2205 2792 2423 2863 quidem
2450 2791 2518 2845 ad
2555 2774 2771 2846 bonum
2790 2792 3158 2862 progreditur,
3194 2800 3420 2861 prOpter

1832 2888 2006 2959 ipsius
2032 2886 2131 2952 rei,
2164 2900 2329 2955 quam
2362 2884 2529 2940 veluti
2558 2899 2854 2955 peragrare
2878 2892 3130 2947 conatur,
3175 2884 3420 2939 inﬁnita-

1832 2991 1963 3047 tem,
1998 2995 2278 3051 nunquam
2340 2978 2572 3034 ulterius
2603 2976 2935 3032 contendere
2974 2977 3196 3033 desinit.
3231 2975 3422 3049 Neque

1833 3073 1979 3129 enim
2011 3071 2142 3127 boni
2180 3078 2380 3126 metam
2414 3070 2583 3123 ullam
2618 3069 2859 3124 inveniet
2894 3083 2909 3121 :
2940 3084 3106 3140 quam
3161 3069 3253 3124 ubi
3285 3084 3417 3125 con-

1833 3166 2040 3237 tigerit,
2073 3179 2105 3219 a
2152 3171 2304 3219 motu
2337 3163 2428 3219 ﬁat
2462 3163 2695 3219 iustitio.
2733 3160 2833 3217 Sin
2882 3162 3156 3218 diversam
3197 3164 3252 3218 in
3291 3178 3420 3233 paro

180 3255 376 3326 δρόμον,
428 3257 521 3310 καὶ
575 3256 672 3308 ἐπὶ
719 3255 781 3307 τὸ
834 3253 1135 3324 ἀκρότατον
1170 3251 1266 3305 τοῦ
1311 3250 1486 3306 κακοῦ
1527 3252 1726 3323 μέτρον

1835 3270 1937 3316 tem
2007 3256 2347 3315 deﬁectendo
2405 3263 2630 3328 perget,
2693 3255 2786 3310 ubi
2852 3270 3078 3311 cursum
3138 3255 3264 3311 mali
3318 3255 3421 3311 ab-

182 3349 408 3420 ἀφίκηται
431 3366 445 3381 ’
472 3350 593 3403 τότε
646 3347 707 3401 τὸ
753 3347 850 3417 τῆς
888 3345 1065 3417 ὁρμῆς
1123 3344 1431 3415 ἀεικίνητον
1470 3342 1727 3415 οὐδεμίαν

181 3440 234 3491 ἐκ
272 3440 469 3507 φύσεως
526 3438 721 3493 στάσιν
766 3437 1042 3507 εὑρίσκον,
1090 3435 1312 3488 ἐπειδὰν
1365 3434 1637 3507 διαδράμῃ
1668 3434 1728 3488 τὸ

180 3531 230 3584 ἐν
254 3533 402 3604 κακίᾳ
424 3532 720 3603 διάστημα,
751 3530 869 3582 κατ’
901 3528 1147 3597 ἀνάγκην
1177 3527 1270 3579 ἐπὶ
1294 3525 1354 3578 τὸ
1379 3525 1583 3595 ἀγαθὸν
1611 3526 1731 3596 τρέ-

183 3637 257 3673 πει
282 3624 369 3693 τὴν
408 3623 641 3693 κίνησιν.
705 3619 791 3691 Μὴ
818 3619 927 3690 γὰρ
978 3615 1274 3689 προϊούσης
1316 3616 1515 3679 κακίας
1543 3617 1637 3669 ἐπὶ
1668 3615 1729 3668 τὸ

182 3712 416 3781 ἀόριστον,
472 3714 587 3768 ἀλλ’
637 3711 957 3781 ἀναγκαίοις
1007 3710 1209 3781 πέρασι
1255 3708 1724 3779 κατειλημμένης,

179 3805 497 3878 ἀκολούθωςή
518 3805 612 3860 τοῦ
632 3804 836 3873 ἀγαθοῦ
863 3803 1082 3872 διαδοχὴ
1107 3801 1170 3854 τὸ
1197 3800 1370 3873 πέρας
1399 3800 1497 3871 τῆς
1529 3800 1729 3862 κακίας

184 3896 445 3968 ἐκδέχεται.
476 3900 588 3954 Καὶ
638 3880 802 3960 οὕτω,
838 3894 1023 3958 καθὼς
1060 3894 1295 3965 εἴρηται,
1326 3893 1388 3946 τὸ
1422 3892 1730 3962 ἀεικίνητον

179 3987 311 4056 ἡμῶν
358 3989 453 4061 τῆς
503 3989 722 4059 φύσεως
779 3985 941 4043 πάλιν
1003 3984 1234 4038 ὕστατον
1267 3984 1360 4036 ἐπὶ
1390 3984 1487 4054 τὴν
1520 3982 1730 4054 ἀγαθὴν

180 4079 434 4152 ἀνατρέχει
466 4082 717 4154 πορείαν,
765 4082 829 4150 τῇ
858 4079 1048 4149 μνήμῃ
1079 4077 1190 4130 τῶν
1220 4075 1730 4148 προδεδυστυχημέ-

155 4146 267 4222 ’νων
440 4174 499 4225 τὸ
537 4146 614 4244 μὴ
657 4146 829 4225 πάλιν
855 4146 1120 4223 εναλῶναι
1153 4146 1275 4233 τοῖς
1299 4170 1435 4231 ίσοις
1461 4146 1730 4237 σωφρονι-

180 4258 392 4328 ζόμενον.
417 4261 628 4316 Οὐκοῦν
646 4262 797 4315 ἔσται
824 4261 984 4314 πάλιν
1004 4257 1061 4315 ὲν
1082 4259 1268 4322 καλοῖς
1296 4260 1326 4311 ό
1350 4258 1550 4329 δρόμος
1576 4260 1730 4329 ἡμῖν,

175 4347 250 4405 διὰ
277 4352 330 4406 τὸ
364 4355 594 4425 πέρασιν
642 4352 964 4421 ἀναγκαίοις
1008 4351 1369 4423 περιωρίσθαι
1399 4352 1499 4422 τῆς
1531 4351 1733 4413 κακίας

176 4444 261 4514 τὴν
288 4446 457 4514 φύσιν.
490 4445 763 4516 Καθάπερ
798 4444 907 4516 γὰρ
937 4447 984 4498 oi
1032 4444 1193 4498 δεινοὶ
1231 4444 1301 4498 τὰ
1338 4446 1605 4514 μετέωρα,
1637 4442 1731 4497 τοῦ

178 4537 261 4606 μὲν
305 4540 476 4608 φωτὸς
530 4539 708 4592 πάντα
752 4538 970 4606 λέγουσι
1016 4537 1109 4590 τὸν
1155 4537 1359 4606 κόσμον
1390 4530 1530 4589 εἶναι
1558 4535 1733 4589 κατά·

1829 3354 2074 3417 solverit,
2136 3360 2191 3409 et
2233 3352 2301 3406 ad
2354 3351 2477 3421 ejus
2537 3358 2841 3406 extremum
2894 3349 3241 3419 pervenerit,
3301 3356 3418 3404 tum

1829 3445 2041 3500 scilicet
2093 3443 2330 3513 impetus
2375 3443 2493 3512 ipse
2564 3440 2805 3511 perpetui
2866 3446 3070 3503 motus,
3139 3454 3261 3493 cum
3321 3452 3422 3492 na-

1830 3548 1954 3591 tura
1983 3550 2083 3591 sua
2116 3535 2327 3589 nullam
2354 3532 2659 3603 requietem
2688 3531 2958 3593 inveniat,
2991 3545 3256 3600 percurso
3289 3530 3421 3584 mali

1830 3628 2010 3683 stadio
2032 3641 2271 3681 necesse
2288 3633 2375 3681 est
2405 3624 2471 3678 ad
2495 3625 2694 3678 bonum
2731 3622 2974 3675 vicissim
3017 3636 3138 3677 sese
3189 3637 3421 3677 conver-

1830 3728 1926 3774 tat.
1967 3718 2168 3771 Malum
2220 3718 2365 3771 enim
2415 3731 2537 3770 cum
2593 3729 2937 3782 nequaquam
2992 3714 3064 3766 sit
3120 3715 3416 3778 inlinitum,

1839 3811 1932 3867 sed
1955 3809 2123 3864 certis
2157 3806 2487 3878 quibusdam
2515 3805 2713 3859 ﬁnibus
2736 3805 3069 3873 descriptum
3107 3820 3120 3855 :
3154 3808 3419 3874 consequi

1831 3917 2057 3958 necesse
2076 3909 2180 3965 est,
2206 3909 2266 3955 ut
2292 3899 2416 3953 mali
2436 3906 2740 3953 extremum
2762 3897 2891 3949 boui
2912 3898 3262 3951 successione
3284 3913 3413 3951 conv

1832 3997 2094 4050 tinuetur.
2121 3995 2328 4064 Itaque,
2360 4000 2420 4046 ut
2442 4002 2527 4047 est
2564 3990 2887 4071 indicatum,
2921 4000 3178 4058 perpetrm
3212 3998 3420 4044 naturas

1833 4097 2042 4143 nostrae
2071 4088 2242 4142 motio
2269 4084 2487 4139 tandem
2533 4081 2831 4152 aliquando
2864 4080 2930 4134 ad
2971 4082 3072 4135 iter
3107 4081 3307 4133 bonum
3335 4096 3423 4135 re-

1836 4187 2098 4245 vertetur,
2133 4180 2434 4247 castigante
2483 4191 2586 4229 nos
2627 4174 2895 4229 memoria
2953 4173 3420 4242 priorum-terum-

1833 4287 2051 4334 narmu,
2080 4278 2141 4323 ut
2166 4270 2312 4325 omni
2340 4267 2524 4324 studio
2552 4280 2867 4329 caveamus,
2925 4280 2992 4318 ne
3055 4265 3110 4318 in
3171 4267 3422 4321 miserias

1835 4363 2150 4420 consimiles
2208 4360 2540 4414 recidamus.
2598 4355 2958 4410 Versabimur
3004 4356 3171 4426 igitur
3226 4371 3421 4412 rursus

1837 4454 2132 4525 aliquando
2185 4453 2315 4507 boni
2365 4451 2419 4503 in
2479 4448 2774 4511 curriculo,
2817 4447 3037 4516 quando
3063 4455 3277 4502 certum
3336 4461 3422 4505 est

1840 4546 1965 4599 mali
1994 4551 2244 4598 naturam
2274 4540 2602 4597 necessariis
2636 4538 2963 4609 quibusdam
3022 4540 3271 4595 terminis
3298 4540 3423 4595 ﬁni-

176 4627 350 4693 nkeow,
383 4632 441 4685 τὸ
463 4632 521 4684 δὲ
558 4631 749 4694 σκότος
767 4633 835 4701 τῇ
871 4629 1187 4701 ἀντιφράξει
1205 4628 1300 4682 τοῦ
1336 4629 1480 4682 κατὰ
1513 4628 1610 4699 τὴν
1626 4628 1728 4698 γῆν

1839 4645 1948 4690 tam
1982 4650 2122 4690 esse.
2150 4631 2619 4699 Quemadmodum
2648 4632 2793 4686 enim
2827 4631 3077 4685 homines
3112 4648 3293 4686 rerum
3326 4649 3422 4688 su-

175 4718 398 4790 σώματος
436 4722 907 4790 ἀποσκιαζόμενον
958 4719 1202 4788 γίνεσθαι
1234 4719 1391 4791 (ἀλλὰ
1433 4719 1591 4773 τοῦτο
1631 4719 1732 4790 μὲν

174 4815 296 4867 κατὰ
346 4817 405 4869 τὸ
458 4816 648 4887 σχῆμα
695 4813 793 4868 τοῦ
861 4814 1236 4887 σφαιροειδοῦς
1275 4815 1546 4884 σώματος,
1589 4812 1731 4866 κατὰ

173 4901 321 4958 νώτου
340 4905 448 4976 τῆς
471 4905 704 4976 ἡλιακῆς
737 4906 952 4968 ἀκτῖνος
968 4903 1266 4968 κωνοειδῶς
1289 4903 1727 4967 κατακλείεσθαι,

170 4996 249 5050 τὸν
274 4998 326 5051 δὲ
344 5000 494 5069 ἥλιον
517 4998 937 5052 πολλαπλασίονι
958 4996 1037 5067 τῷ
1065 4997 1282 5069 μεγέθει
1302 4999 1402 5070 τὴν
1428 4999 1532 5068 γῆν
1554 4999 1729 5068 ὑπερ-

170 5083 433 5153 ϐάλλοντα,
487 5088 822 5159 πανταχόθεν
843 5090 1016 5160 αὐτὴν
1058 5092 1179 5152 ταῖς
1209 5091 1420 5143 ἀκτῖσιν
1452 5092 1511 5144 ὲν
1545 5090 1730 5161 κύκλῳ

170 5182 676 5250 περιπτυσσόμενοι),
707 5182 1000 5236 συνάπτειν
1029 5180 1173 5235 κατὰ
1199 5182 1259 5235 τὸ
1292 5182 1462 5253 πέρας
1489 5183 1585 5236 τοῦ
1624 5182 1722 5236 κὼ-

171 5284 255 5321 νον
285 5268 380 5333 τὰς
412 5270 509 5323 τοῦ
543 5270 720 5339 φωτὸς
768 5269 1064 5340 συμϐολὰς,
1117 5269 1258 5325 ὥστε
1296 5268 1419 5323 καθ’
1448 5269 1730 5334 ὑπόθεσιν,

169 5362 212 5412 εἰ
233 5361 433 5428 γένοιτό
464 5380 572 5415 τινι
600 5361 833 5432 δύναμις
882 5361 1133 5432 διαὸῆναι
1162 5361 1222 5414 τὸ
1259 5360 1477 5433 μέτρον,
1510 5363 1588 5424 είς
1607 5362 1734 5414 ὅσον

171 5452 451 5509 ἐκτείνεται
480 5458 516 5526 ἡ
547 5455 696 5518 σκιὰ,
730 5455 947 5518 πάντως
998 5454 1065 5508 ἂν
1098 5455 1157 5507 ὲν
1195 5454 1335 5522 φωτὶ
1366 5453 1616 5523 γενέσθαι
1658 5453 1734 5524 μὴ

170 5542 561 5617 διακοπτομὲνῳ
581 5546 686 5600 ὑπὸ
704 5545 798 5599 τοῦ
830 5547 1076 5618 σκότους)
1099 5565 1112 5577 ·
1138 5546 1311 5610 οὕτως
1336 5541 1490 5615 οἶμαι
1520 5546 1631 5599 δεῖν
1648 5548 1744 5599 καὶ

172 5635 285 5704 περὶ
335 5637 496 5707 ἡμῶν
558 5636 905 5701 διανοεῖσθαι,
968 5636 1050 5690 δτι
1112 5636 1474 5701 διεξελθόντες
1508 5636 1600 5689 τὸν
1641 5636 1743 5706 τῆς

172 5728 354 5791 κακίας
404 5728 553 5800 ὅρον,
597 5728 821 5782 ἐπειδὰν
872 5731 929 5783 ὲν
966 5728 1045 5800 τῷ
1095 5729 1252 5801 ἄκρῳ
1292 5727 1579 5797 γενώμεθα
1635 5727 1736 5796 τῆς

231 5904 435 5959 "Psal.
494 5921 680 5973 cxutt,
725 5906 779 5961 ό.

484 5996 755 6057 Parnm.
801 5992 919 6054 Gtt.
956 5992 1185 6053 XLIV.

1841 4743 1939 4798 pra
1964 4741 2067 4782 nos
2112 4725 2491 4796 apparentium
2537 4724 2694 4794 periti
2746 4723 2987 4789 tradunt,
3019 4723 3282 4778 mundum
3306 4728 3425 4780 uni-

1842 4834 2058 4875 versum
2089 4819 2225 4874 lucis
2257 4820 2477 4888 plenum
2511 4832 2656 4882 esse;
2677 4816 2933 4871 tenebras
2964 4831 3091 4870 vero
3122 4817 3239 4871 ﬁeri
3273 4817 3420 4873 aﬁir-

1841 4917 1993 4964 mant
2024 4924 2089 4965 ex
2117 4911 2309 4963 umbra
2333 4908 2533 4963 terreni
2564 4906 2815 4976 corporis
2846 4907 3183 4963 obvertentis
3206 4923 3265 4962 se
3293 4911 3419 4977 soli,

1838 5015 1961 5055 cum
1997 5001 2214 5070 quidem
2240 5001 2309 5053 ab
2357 4999 2504 5055 illius
2544 4998 2760 5053 radiisa
2782 5007 2935 5068 tergo
2968 5000 3267 5054 secundum
3307 5000 3422 5055 for-

1838 5107 1984 5147 mam
2017 5092 2238 5146 rotundi
2260 5092 2509 5161 corporis
2536 5091 2727 5145 umbra
2752 5091 2926 5147 instar
2953 5093 3079 5146 coni
3109 5092 3421 5147 claudatur.

1840 5183 1933 5238 Sol
1963 5184 2129 5246 enim,
2156 5198 2281 5237 cum
2315 5182 2503 5237 multis
2531 5182 2779 5250 partibus
2812 5193 2956 5238 terra
2991 5186 3164 5253 major
3190 5183 3262 5236 sit
3311 5198 3418 5237 un-

1838 5279 2002 5345 dique
2036 5276 2206 5331 radiis
2238 5291 2363 5345 eam,
2389 5275 2504 5328 suis
2531 5275 2833 5343 amplexus,
2867 5275 2923 5328 in
2981 5282 3227 5329 extremo
3275 5287 3421 5328 cono

1836 5372 2013 5426 lucem
2060 5378 2344 5424 coeuntem
2393 5383 2587 5423 rursus
2621 5367 2778 5438 quasi
2813 5367 3108 5422 connectit.
3155 5366 3339 5433 itaque
3368 5368 3417 5423 si

1840 5460 1957 5515 ﬁeri
2003 5462 2189 5531 poSset
2221 5457 2405 5528 (posse
2451 5463 2657 5520 autem,
2707 5456 2939 5510 docendi
2981 5468 3146 5509 causa
3182 5454 3416 5521 scilicet,

1840 5550 2165 5621 statuamus)
2202 5558 2261 5604 ut
2289 5550 2414 5619 quis
2442 5547 2689 5602 umbram
2725 5546 3035 5600 universam
3078 5553 3417 5613 penetraret,

1838 5642 1885 5697 is
1920 5641 2138 5697 tandem
2175 5642 2229 5694 in
2264 5641 2441 5695 lucem
2476 5639 2801 5708 perveniret.
2834 5651 3008 5705 neque
3040 5637 3148 5689 ulla
3179 5653 3302 5691 eum
3347 5654 3417 5693 ex

1838 5738 1990 5800 parte
2025 5729 2260 5785 tenebrae
2292 5729 2688 5798 contingerent.
2747 5722 2837 5779 Sic
2871 5732 2926 5780 et
2953 5724 3022 5781 de
3052 5725 3212 5781 nobis
3261 5723 3420 5793 cogi-

3056 5991 3099 6049 ἰ
