3890 6372
429 458 557 512 '203

1725 448 1781 504 S.
1825 446 2158 504 GREGORH
2196 448 2483 505 NYSSENI

3616 448 3723 507 206

449 564 677 636 tandum
708 572 812 629 est,
848 562 1048 619 forent
1086 572 1391 632 postquam
1427 561 1554 616 mali
1590 559 1881 616 terminum
1912 573 2028 630 pra)

2150 561 2287 615 κατά
2315 559 2414 631 τὴν
2458 557 2732 630 ἁμαρτίαν
2771 560 2947 625 σκιᾶς,
2981 558 3147 615 πάλιν
3179 560 3243 613 ἐν
3280 560 3421 631 φωτὶ
3454 562 3727 629 βιοτεύσο-

456 655 711 728 tergressi
742 655 936 719 simus,
966 655 1211 724 adeoque
1237 654 1306 708 ad
1337 660 1636 708 extremam
1671 651 1877 722 peccati
1911 664 2033 703 um-

448 748 602 802 lxram
637 748 1046 819 pervenerimus
1080 765 1093 801 :
1126 753 1241 801 tum
1266 760 1402 817 ergo
1464 744 1602 808 fore,
1631 751 1692 797 ut
1739 756 1935 798 rursus
1976 740 2034 795 in

450 842 568 895 luce
600 841 869 905 vivamus,
914 838 1149 908 quando
1172 838 1439 894 bonorum
1485 846 1683 892 natura
1714 843 2032 904 comparata

445 932 512 985 ad
547 931 674 983 mali
706 931 1159 1000 magnitudinem,
1224 931 1451 985 inﬁnitis
1501 945 1621 985 eam
1653 930 1903 999 partibus
1936 942 2034 981 su-

444 1028 621 1090 perat.
656 1020 999 1091 Quapropter
1024 1021 1220 1076 iterum
1251 1022 1305 1076 in
1336 1021 1577 1091 paradisi
1615 1020 2026 1091 possessionem

445 1113 726 1167 mittemur
779 1130 792 1165 :
834 1111 1031 1166 iterum
1096 1112 1242 1183 ligno
1300 1112 1395 1165 illo
1458 1110 1725 1174 fruemur,
1765 1110 1912 1180 quod
1943 1117 2031 1164 est

442 1204 647 1273 lignum
676 1203 818 1257 vitae.
852 1201 1191 1259 Rcstituetur
1220 1203 1376 1258 nobis
1408 1204 1659 1273 imaginis
1687 1201 2025 1273 praestantia,

442 1303 497 1348 et
526 1294 739 1363 imperii
768 1292 1024 1363 dignitas.
1072 1294 1191 1348 Non
1222 1295 1290 1349 de
1313 1295 1539 1363 imperio
1568 1296 1623 1349 in
1656 1309 1745 1349 res
1793 1294 1915 1348 illas
1948 1292 2031 1346 lo-

2143 669 2263 723 μεν,
2315 652 2390 715 ὡς
2411 650 2555 705 κατά
2598 651 2661 705 τὸ
2689 652 3115 724 ἀπιροπλάσιον
3149 652 3285 725 πρὸς
3299 654 3363 707 τδ
3392 654 3492 725 τῆς
3522 656 3723 720 κακίας

2140 744 2336 815 μέτρον
2353 747 2453 815 τῆς
2474 742 2584 796 τῶν
2606 743 2826 812 ἀγαθῶν
2842 743 3057 814 φύσεως
3079 745 3526 817 περιττευούσης.
3550 746 3722 801 Πάλιν

2136 830 2229 889 οὗν
2267 836 2299 888 6
2342 837 2692 907 παράδεισος,
2744 837 2909 891 πάλιν
2935 838 2999 891 τὸ
3028 837 3189 903 ξύλον
3232 839 3431 901 ἐκεῖνο.
3461 838 3492 892 6
3531 838 3600 910 δὴ
3628 840 3721 892 καὶ

2137 927 2285 996 ζωῆς
2336 928 2453 980 ἔστι
2505 927 2678 991 ξύλον,
2722 929 2885 982 πάλιν
2917 929 3015 999 πῆς
3041 929 3248 993 εἰκόνος
3271 930 3307 1000 ἠ
3342 930 3525 1001 χάρις,
3558 931 3656 985 xa't
3690 933 3723 994 ἡ

2135 1018 2232 1087 τῆς
2263 1018 2441 1088 ἀρχῆς
2461 1018 2607 1084 ἀξία.
2648 1017 2723 1070 Οὔ
2757 1035 2846 1089 μοι
2878 1019 3027 1072 δοκεῖ
3068 1018 3466 1083 τούτωνούδὲν,
3497 1020 3602 1073 ὅσα
3631 1019 3724 1073 νῦν

2137 1109 2273 1181 πρὸς
2302 1110 2401 1181 τὴν
2429 1110 2523 1163 τοῦ
2554 1110 2671 1180 βίου
2700 1112 2893 1181 χρείαν
2919 1109 3071 1181 παρά
3091 1110 3185 1164 τοῦ
3213 1111 3350 1164 Θεοῦ
3379 1113 3491 1174 τοῖς
3507 1111 3721 1182 ἀνθρώ-

2136 1218 2258 1265 ποις
2310 1202 2637 1265 ὑπέζευκται
2660 1220 2675 1234 ³
2707 1204 2819 1257 ἀλλ’
2867 1202 3059 1274 ἑτέρας
3091 1204 3235 1266 τινος
3272 1202 3552 1273 βασιλείας
3576 1202 3721 1256 ἐστὶν

2134 1295 2166 1363 ἠ
2192 1292 2363 1356 ἐλπὶς,
2392 1288 2460 1364 ἦς
2483 1294 2514 1345 6
2535 1294 2692 1362 λόγος
2720 1296 2777 1347 ἐν
2807 1296 3138 1366 ἀπορρήτοις
3175 1295 3348 1365 μένει.

445 1401 585 1454 quor
605 1400 749 1455 qum,
780 1386 845 1439 ad
880 1402 1038 1440 usum
1064 1386 1226 1455 hujus
1253 1387 1377 1440 vitae
1404 1386 1718 1441 hominibus
1746 1400 1777 1439 a
1803 1384 1911 1440 Deo
1940 1382 2200 1452 subjectae
2229 1396 2357 1439 sunt
2390 1404 2404 1439 :
2436 1385 2529 1441 sed
2563 1385 2707 1441 aliud
2737 1387 3011 1457 quoddam
3044 1402 3273 1459 regnum
3290 1386 3725 1457 easpectandum

445 1479 603 1535 nobis
650 1493 773 1535 esse
855 1487 1055 1544 statuo,
1112 1481 1270 1549 cuius
1332 1486 1446 1534 tota
1505 1481 1645 1535 ratio
1703 1480 1919 1536 illorum
1968 1479 2023 1533 in
2053 1492 2283 1534 numero
2329 1487 2434 1545 est,
2472 1496 2593 1551 quae
2620 1484 2866 1537 enarrari
2915 1482 3147 1538 dicendo
3179 1492 3477 1554 nequeunt.

1027 1590 1259 1647 CAPUT
1290 1591 1456 1648 XXII.

451 1699 719 1769 Refutatt'o
757 1702 994 1765 illorum,
1030 1705 1120 1774 qui
1144 1703 1396 1773 objiciunt
1429 1719 1445 1756 :
1475 1702 1584 1759 Cur
1614 1721 1714 1757 non
1752 1704 1869 1774 jam
1901 1704 2026 1774 oliui

517 1748 807 1826 excitatum
852 1789 916 1827 ea:
965 1748 1131 1827 623m
1170 1748 1239 1827 sit
1294 1774 1563 1828 hominum
1615 1748 1794 1844 genus',
1843 1773 2028 1842 quidve
2060 1748 2103 1808 θ

517 1853 633 1911 post
688 1844 930 1913 quaedam
1000 1855 1293 1911 temporum
1351 1845 1633 1899 interualla
1693 1846 2029 1898 resuscitatio

516 1924 866 1982 exspectetur,
906 1914 953 1968 si
982 1915 1190 1983 quidem
1242 1930 1324 1968 res
1358 1914 1494 1968 bona
1523 1931 1635 1969 esse
1666 1916 1905 1984 putanda
1934 1916 2025 1967 sit.

515 2002 806 2059 Enimvero
840 2005 1112 2058 continuae
1139 2004 1298 2059 seriei
1336 2020 1546 2069 rerum,
1606 2020 1726 2074 qua:
1758 2006 2031 2075 explicati.

446 2108 555 2161 tur,
610 2096 995 2150 inhaereamus.
1073 2093 1208 2149 Nam
1286 2094 1520 2150 fortasse
1592 2110 1696 2149 non
1749 2109 1909 2149 nemo
1959 2094 2028 2148 ad

443 2188 776 2244 dulcissima:
800 2188 915 2258 spei
948 2188 1277 2243 mentionem
1306 2189 1507 2243 erectis
1541 2188 1643 2243 alis
1674 2187 1841 2249 animi
1864 2202 2031 2259 grave

444 2281 843 2349 molestumque
871 2279 1213 2333 existimabit
1251 2294 1397 2344 esse,
1433 2279 1578 2334 bona
1615 2279 1708 2333 illa
1748 2293 1857 2332 non
1895 2292 2030 2332 con—

444 2371 601 2425 tinuo
631 2371 826 2441 apisci,
877 2386 998 2441 qum
1036 2371 1199 2439 longe
1247 2386 1472 2425 sensum
1516 2378 1572 2426 et
1612 2370 2029 2442 intelligentiam

447 2464 739 2516 humanam
795 2470 1149 2531 exsuperant,
1205 2467 1260 2515 et
1309 2459 1546 2515 eiliciunt
1580 2468 1637 2514 ut
1682 2461 2031 2515 vehementer

446 2556 662 2626 ingrata
693 2555 854 2610 nobis
892 2554 963 2609 sit
998 2553 1325 2609 intermedia
1365 2553 1632 2622 temporis
1673 2552 1886 2618 dilatio,
1921 2568 2028 2622 qua

444 2648 514 2703 ab
564 2663 667 2702 usu
705 2647 783 2702 rei
834 2646 1271 2716 exoptatissimae
1320 2659 1594 2699 arcemur.
1625 2641 1825 2698 Verum
1871 2658 2031 2697 nemo

443 2740 549 2796 hac
580 2739 647 2795 de
682 2754 851 2793 causa
901 2754 1023 2794 sese
1055 2738 1298 2801 aiilictet,
1338 2738 1670 2807 puerilemve
1716 2737 1769 2790 in
1806 2738 2028 2791 modum

443 2832 700 2902 exiguum
743 2831 809 2885 ad
846 2832 1203 2885 intervallum
1248 2829 1569 2883 fruitionem
1607 2843 1791 2884 rerum
1828 2829 2031 2899 jucun-

2640 1597 3038 1650 ΚΕΦΑΔΑῘΟΝ
3078 1598 3207 1651 ΚΗ.

2134 1708 2291 1778 Πρὸς
2332 1709 2474 1776 τοὺς
2522 1711 2833 1779 λέγοντας,
2866 1714 2919 1764 εί
2950 1712 3144 1765 καλόν
3171 1728 3225 1764 τι
3275 1712 3372 1764 καί
3414 1711 3649 1782 ἀγαθὸν
3680 1714 3723 1780 ἡ

2198 1778 2557 1852 ἀνάστασιςΡ
2600 1781 2658 1833 τί
2688 1781 2966 1852 οὐχὶγῆδη
2998 1781 3265 1851 γέγονεν,
3292 1782 3453 1837 ἀλλὰ
3482 1783 3723 1852 χρόνων

2198 1849 2323 1902 τισι
2355 1850 2653 1917 περιόδοις
2672 1851 2986 1911 ἐλπίζετας.

3516 1934 3557 1952 κ

2212 2011 2374 2064 Ἀλλά
2400 2010 2498 2081 τῆς
2537 2011 2857 2075 ἀκολουθίας
2887 2011 2997 2066 τῶν
3027 2012 3410 2084 ἑξητασμένων
3434 2014 3712 2085 ἐχώμεθα.

2132 2105 2291 2167 Ἴσως
2319 2102 2427 2173 γάρ
2450 2119 2530 2165 τις
2566 2102 2700 2173 πρὸς
2734 2101 2794 2155 τὸ
2828 2102 2998 2169 γλυκὺ
3043 2102 3141 2173 τῆς
3172 2103 3385 2166 ἐλπίδος
3412 2107 3719 2175 πτερωθεὶς

2127 2194 2225 2264 τὴν
2250 2194 2511 2258 διάνοιαν,
2541 2194 2704 2264 ἄχθος
2736 2195 2950 2264 ἡγεῖται
2972 2194 3064 2248 καὶ
3090 2193 3295 2265 ζημίαν
3319 2196 3379 2249 τὸ
3411 2198 3487 2268 μὴ
3520 2198 3723 2253 θᾶττον

2129 2289 2186 2339 έν
2228 2289 2337 2349 τοῖς
2369 2284 2595 2354 ἀγαθοῖς
2630 2285 2858 2350 ἐκείνοις
2888 2286 3146 2355 γενέσθαι
3168 2330 3182 2353 ,
3215 2288 3250 2342 ἃ
3291 2289 3434 2359 ὑπὲρ
3460 2291 3718 2363 αίσθησίν

2128 2394 2188 2431 τε
2222 2378 2317 2431 καὶ
2357 2377 2557 2445 γνῶσιν
2587 2376 2934 2449 ἀνθρωπίνην
2958 2378 3075 2432 ἐστὶ
3098 2418 3113 2442 ,
3142 2381 3236 2433 καὶ
3264 2380 3445 2455 δεινὴν
3476 2386 3715 2437 ποιεῖται

2127 2468 2226 2539 τὴν
2262 2468 2351 2522 διά
2380 2469 2544 2538 μέσου
2568 2470 2703 2540 πρὸς
2732 2469 2793 2523 τὸ
2824 2469 3159 2540 ποθούμενον
3180 2472 3273 2525 τοῦ
3308 2474 3503 2545 χρόνου
3535 2477 3716 2546 παρὰ·
3760 2465 3777 2473 ’

2129 2576 2306 2616 τασιν.
2354 2561 2514 2614 Ἀλλά
2550 2562 2623 2633 μὴ
2657 2561 3131 2633 στενοχωρείσθω,
3176 2563 3427 2636 καθάπερ
3470 2582 3557 2629 τις
3604 2566 3713 2620 τῶν

2130 2654 2368 2725 νηπίων,
2399 2652 2497 2724 τὴν
2532 2653 2670 2724 πρὸς
2700 2653 2880 2721 ὀλίγον
2930 2654 3198 2725 ἀναϐολὴν
3225 2654 3335 2708 τῶν
3361 2656 3483 2710 καθ’
3515 2656 3719 2728 ἡδονὴν

2127 2741 2512 2813 δυσχεραίνων.
2564 2740 2780 2813 Ἐπειδὴ
2810 2744 2921 2814 γάρ
2955 2743 3060 2797 ὑπὸ
3090 2743 3247 2812 λόγου
3287 2746 3383 2799 καί⁵
3420 2748 3619 2816 σοφίας
3647 2749 3713 2802 τά

2130 2831 2309 2886 πάντα
2363 2834 2763 2904 οἰκονομεῖται,
2815 2833 3030 2904 ἀνάγκη
3071 2836 3219 2887 πᾶσα
3272 2837 3440 2905 μηδὲν
3487 2839 3715 2909 ἄμοιρον

445 2925 638 2981 (larum
662 2923 867 2978 diﬂe‘rri
900 2924 1129 2978 moleste
1159 2922 1318 2977 ferat.
1347 2922 1479 2975 Nam
1509 2937 1635 2976 cum
1663 2923 1847 2976 omnia
1879 2932 2028 2977 certa

2131 2923 2380 2991 ἡγεῖσθαι
2410 2924 2518 2976 τῶν
2552 2924 2851 2994 γινομένων
2877 2924 3042 2978 αὑτοῦ
3076 2942 3134 2978 τε
3158 2926 3255 2979 τοῦ
3281 2927 3463 2995 λόγου,
3491 2931 3591 2983 καὶ
3615 2931 3714 3001 τῆς

449 3017 660 3072 ratione
708 3030 775 3070 ac
828 3015 1095 3085 sapientia
1130 3017 1543 3087 .guhernentur,
1595 3015 1821 3072 omnino
1869 3015 2028 3070 fateri

2132 3014 2191 3066 ὲν
2215 3013 2363 3083 αὐτῷ
2397 3015 2606 3083 σοφίας.
2644 3017 2821 3085 Ἐρεῖς
2851 3013 2943 3070 οὖν
2965 3033 2980 3046 ο
3027 3016 3122 3079 Τίς
3150 3011 3305 3081 οὗτος
3326 3020 3355 3071 6
3384 3020 3542 3087 λόγος
3573 3022 3709 3081 ἐστὶ.

444 3124 671 3165 necesse
700 3117 809 3173 est,
840 3110 978 3163 nihil
1008 3124 1198 3164 eorum
1239 3125 1361 3180 qua:
1392 3109 1671 3171 accidunt,
1708 3110 1827 3165 sine
1862 3111 2028 3167 ratio:

2131 3105 2251 3157 καθ’
2279 3105 2339 3157 ὃν
2367 3106 2466 3159 οὐκ
2495 3106 2655 3169 εὐθὺς
2685 3107 2779 3159 ἐπὶ
2804 3104 2867 3158 τὸ
2898 3104 3227 3175 ποθούμενον
3269 3110 3304 3180 ἡ
3342 3109 3433 3162 τοῦ
3466 3110 3717 3183 λυπηροῦ

444 3217 535 3265 ne,
582 3208 637 3257 et
683 3216 805 3271 quae
840 3201 896 3255 in
944 3202 1062 3272 ipsa
1098 3201 1311 3256 ratione
1334 3209 1441 3267 est,
1481 3202 1755 3270 sapientia
1789 3201 1929 3258 heri.
1960 3202 2028 3255 At

2132 3196 2250 3266 βίου
2282 3200 2610 3267 μετάστασις
2634 3199 2863 3267 γίνεται,
2899 3202 3015 3256 ἀλλ’
3038 3204 3118 3266 εἰς
3145 3201 3371 3272 χρόνους
3399 3204 3553 3267 τινὰς
3583 3205 3714 3276 ὡρι-

443 3311 566 3364 (ιυτο
595 3295 808 3358 isthaec,
835 3296 1074 3365 inquies,
1097 3296 1237 3349 ratio
1262 3302 1367 3359 est,
1393 3304 1618 3365 propter
1649 3310 1811 3364 quam
1852 3294 2028 3350 tristis

2133 3291 2367 3361 σμένους
2392 3294 2424 3360 ή
2462 3291 2653 3362 βαρεῖα
2682 3293 2774 3346 καὶ
2805 3295 3140 3365 σωματώδης
3172 3293 3309 3365 αὕτη
3337 3297 3715 3368 παραταθεῖσα

444 3388 608 3457 hujus
647 3387 772 3441 vitae
801 3387 1158 3442 commutatio
1187 3401 1297 3441 non
1329 3386 1387 3440 [it
1416 3388 1473 3441 in
1502 3387 1664 3441 vitam
1709 3386 2023 3457 optabilem,

444 3477 539 3533 sed
567 3475 634 3531 ad
661 3475 883 3531 definita
912 3475 1161 3546 quaedam
1198 3475 1376 3545 spatia
1408 3475 1677 3545 temporis
1696 3476 1886 3540 dilata,
1912 3491 2030 3530 mo-

443 3570 581 3625 lesta
624 3569 740 3622 haec
783 3567 838 3621 in
881 3581 1111 3638 corpore
1148 3566 1260 3620 vita
1316 3568 1478 3622 tinem
1510 3566 1871 3638 perfectionis
1907 3583 2028 3622 om—

441 3662 593 3717 nium
619 3668 925 3731 exspectat,
958 3669 1018 3714 ut
1041 3659 1239 3715 deinde
1265 3668 1587 3729 tanquam-tt
1613 3660 1768 3715 freno
1791 3658 2025 3729 quodam

441 3752 692 3815 liberata,
723 3751 990 3821 quasique
1023 3751 1107 3806 sui
1145 3751 1288 3821 juris
1322 3750 1538 3816 etfecta,
1563 3750 1629 3805 ad
1657 3750 1876 3806 beatum
1908 3765 2028 3805 om-

440 3845 707 3914 niumque
735 3844 1052 3899 morborum
1072 3857 1268 3912 expers
1294 3858 1468 3897 aevum
1498 3857 1669 3898 cursu
1693 3842 2028 3898 contendat?

440 3938 499 3995 in
523 3940 628 3994 hac
655 3937 999 4008 expositione
1024 3935 1167 3990 sitne
1191 3936 1406 3990 veritati
1441 3944 1810 3991 consentanea
1838 3936 2025 3991 futura

441 4030 624 4084 oratio
674 4036 889 4094 nostra,
921 4024 1182 4080 nimirum
1228 4026 1347 4095 ipsa
1379 4020 1594 4079 Veritas
1628 4028 1792 4097 plane
1823 4028 2027 4081 intelli-

443 4122 521 4193 git
551 4139 564 4175 :
605 4119 735 4174 mihi
768 4119 986 4189 quidem
1020 4116 1087 4171 ad
1117 4117 1358 4171 animum
1398 4117 1545 4187 quod
1586 4118 1806 4185 accidit,
1837 4119 2025 4188 hujus-

443 4215 590 4269 modi
636 4212 897 4285 quiddam
968 4219 1073 4267 est.
1136 4208 1380 4264 Primum
1437 4209 1603 4279 igitur
1662 4210 1767 4265 hoc
1815 4218 2022 4279 repeto,

440 4306 586 4378 quod
632 4306 935 4362 indicatum
976 4311 1060 4359 est
1108 4317 1321 4372 supra:
1375 4320 1394 4353 ι
1441 4299 1754 4365 Faciamus,
1791 4323 1810 4355 ι
1850 4303 2026 4373 inquit

2130 3381 2264 3452 ζωὴ,
2296 3383 2556 3451 ἀναμένει
2586 3383 2646 3437 τὸ
2676 3385 2849 3455 πέρας
2869 3386 2968 3457 τῆς
2991 3386 3085 3440 τοῦ
3128 3386 3331 3449 παντὸς
3377 3387 3714 3459 συμπληρώ-

2131 3490 2296 3537 σεως,
2330 3475 2417 3526 ἵνα
2452 3473 2513 3527 τὸ
2534 3476 2834 3544 τηνικαῦτα
2863 3476 3116 3548 καθάπερ
3147 3476 3365 3547 χαλινοῦ
3391 3494 3537 3541 τινος
3563 3479 3716 3533 ἔλευ-

2126 3565 2428 3637 θερωθεῖσα
2462 3568 2493 3637 ἡ
2544 3565 2860 3638 ἀνθρωπίνη
2891 3566 3004 3638 ζωὴ
3032 3607 3047 3632 ,
3088 3568 3248 3622 πάλιν
3288 3568 3478 3632 ἀνετός
3507 3587 3570 3622 τε
3620 3572 3713 3623 καὶ

2128 3656 2386 3729 ἐλευθέρα
2418 3657 2553 3729 πρὸς
2576 3657 2667 3711 τὸν
2697 3659 2966 3729 μακάριον
2993 3659 3087 3713 καὶ
3124 3660 3313 3729 ἀπαθῆ
3357 3660 3471 3729 βίον
3504 3662 3714 3716 ἐπανα-

2126 3748 2357 3822 δράμοι;
2395 3748 2532 3802 Ἀλλ’
2575 3750 2624 3802 εί
2660 3749 2758 3820 μὲν
2786 3749 2995 3819 ἐγγίζει
3030 3754 3094 3823 τῇ
3121 3752 3349 3824 ἀληθείᾳ
3384 3752 3493 3805 τῶν
3519 3754 3715 3825 ζητουο

2131 3842 2307 3914 μένων
2328 3842 2360 3895 6
2389 3842 2546 3910 λόγος
2565 3883 2581 3907 ,
2619 3842 2757 3913 αὑτὴ
2784 3843 2849 3897 ἂν
2876 3844 3041 3915 εἰδείη
3075 3844 3262 3913 σαφῶς
3292 3846 3325 3916 ἡ
3349 3839 3627 3911 Ἀλήθειας
3649 3852 3714 3901 Ὃ

2126 3934 2171 3987 δ’
2190 3931 2284 3989 οὖν
2314 3936 2406 3988 ἐπὶ
2430 3937 2530 4005 τὴν
2558 3935 2837 4006 ἡμετέραν
2865 3931 2996 4007 ἦλθε
3025 3935 3282 4001 διάνοιαν,
3311 3935 3548 3990 τοιοῦτον
3573 3940 3711 3992 ἐστί.

2126 4027 2286 4095 Λέγω
2302 4028 2365 4099 δὴ
2392 4027 2483 4082 τὸν
2507 4027 2720 4099 πρῶτον
2745 4027 2907 4082 πάλιν
2928 4028 3284 4082 ὲπαναλαὸὼν
3306 4028 3481 4096 λόγον·
3513 4030 3681 4101 (Doti;
3702 4059 3719 4069 -

2129 4134 2339 4189 σωμεν,
2361 4138 2377 4171 ι
2435 4120 2601 4190 φησὶν
2628 4121 2658 4173 6
2684 4118 2847 4183 Θεὸς,
2883 4139 2901 4172 t
2931 4118 3219 4189 ἄνθρωπον
3248 4121 3367 4174 κατ’
3402 4121 3591 4175 εἰκόνα
3620 4122 3717 4174 καὶ

2126 4211 2382 4281 ὁμοίωσιν
2408 4211 2699 4282 ἡμετέραν.
2736 4212 2847 4265 Καὶ
2874 4211 3129 4282 ἐποίησεν
3157 4211 3187 4263 6
3224 4211 3355 4274 Θεὸς
3382 4211 3474 4264 τὸν
3502 4211 3713 4283 ἄνθρω-

2126 4318 2257 4357 mw
2296 4305 2416 4357 κατ’
2445 4302 2628 4357 είκόνα
2664 4300 2797 4355 Θεοῦ
2823 4301 3076 4371 ἐποίησεν
3106 4301 3288 4355 αὐτόν.
3311 4320 3327 4351 ι
3383 4300 3447 4354 Ἦ
3489 4301 3591 4371 μὲν
3618 4298 3717 4356 οὖν

441 4400 607 4465 Deus,
651 4417 670 4451 ι
727 4397 1005 4452 hominem
1058 4395 1124 4449 ad
1166 4394 1454 4465 imaginem
1498 4394 2024 4465 similitudinemque

2131 4392 2291 4447 εἰκὼν
2310 4393 2404 4447 τοῦ
2424 4392 2582 4458 Θεοῦ,
2614 4394 2647 4463 ἡ
2672 4394 2730 4447 ἐν
2766 4392 2917 4464 πάσῃ
2939 4394 3006 4462 τῇ
3027 4391 3342 4463 ἀνθρωπίνῃ
3373 4390 3533 4458 φύσει
3573 4392 3717 4445 θεω-

441 4511 709 4564 nostram,
760 4499 946 4569 itaque
993 4496 1124 4551 fecit
1173 4495 1451 4550 hominem
1502 4491 1670 4558 Deus,
1712 4496 1768 4545 et
1811 4487 1879 4543 ad
1922 4486 2020 4542 Dei

2131 4486 2386 4558 ρουμένη,
2421 4485 2482 4539 τὸ
2507 4485 2660 4550 τέλος
2685 4484 2861 4555 ἔσχεν.
2902 4484 2959 4538 ’0
2985 4483 3041 4536 δὲ
3087 4481 3258 4553 Ἀδὰμ
3281 4482 3431 4535 οὔπω
3456 4482 3678 4551 ἐγένετο
3696 4500 3710 4513 ·

442 4593 735 4664 imaginem
780 4606 904 4646 eum
942 4589 1096 4645 fecit.
1138 4608 1156 4641 ι
1213 4586 1492 4643 Hactenus
1538 4585 1720 4654 imago
1756 4584 1851 4637 Dei
1898 4579 2024 4635 uni-

441 4702 602 4744 versa
631 4688 871 4742 humana
904 4686 958 4739 in
988 4694 1184 4739 natura
1215 4699 1339 4740 esse
1364 4680 1639 4743 absoluta,
1669 4678 2025 4746 numerisque

444 4780 559 4836 suis
585 4777 826 4848 perfecta
866 4776 1094 4846 intelligi
1126 4776 1305 4831 debet.
1353 4772 1600 4827 Adamus
1628 4784 1762 4826 vero
1788 4766 2022 4823 necdum

445 4872 626 4928 factus
655 4876 816 4924 erat:
863 4882 988 4922 nam
1030 4867 1292 4931 Adamus,
1333 4864 1638 4922 secundum
1683 4860 2024 4916 notationem

442 4960 707 5022 nominis.
757 4967 1035 5015 terrenum
1068 4958 1381 5031 figmentum
1427 4955 1722 5027 signiﬁcat,
1759 4948 2025 5020 quemad-

440 5054 664 5113 modum
710 5051 949 5106 llehraere
979 5049 1176 5120 lingua:
1225 5047 1387 5119 periti
1431 5044 1682 5100 tradunt.
1718 5041 1932 5097 Idcirco
1971 5043 2027 5093 et

443 5144 769 5217 Apostolus,
804 5142 1141 5197 excellenter
1172 5140 1470 5194 vernacula
1507 5138 1562 5191 in
1602 5136 1790 5206 lingua
1832 5132 2024 5188 erudi-

443 5251 555 5303 tus,
596 5236 876 5293 hominem
905 5251 934 5289 e
964 5241 1110 5289 terra
1142 5232 1348 5287 factum
1376 5231 1560 5301 χοῗκόν
1582 5231 1650 5297 ττ,
1682 5227 1839 5298 quasi
1872 5224 2025 5280 dicas

448 5332 795 5401 pulvereum,
826 5323 1095 5395 appellat;
1138 5338 1275 5379 voce
1303 5312 1473 5377 Adam
1503 5322 1558 5376 in
1595 5319 1837 5375 Graecam
1870 5333 2023 5374 com-

445 5429 674 5477 mutata.
714 5419 890 5474 Homo
933 5417 1102 5488 igitur
1132 5415 1198 5470 ad
1242 5414 1536 5484 imaginem
1572 5413 1667 5468 Dei
1708 5412 1887 5468 factus
1917 5419 2021 5475 est,

448 5521 645 5568 natura
677 5513 892 5566 scilicet
925 5510 1209 5565 hominum
1246 5506 1504 5562 universe
1544 5506 1843 5567 intellecta,
1883 5504 2026 5559 diri-

448 5619 579 5660 num
614 5602 751 5658 illud
783 5618 942 5672 opus.
982 5602 1075 5658 Sic
1123 5609 1307 5656 autem
1340 5600 1715 5669 omnipotente
1751 5597 1841 5651 Dei
1878 5596 2024 5667 sapio

447 5694 598 5751 entia
640 5692 823 5749 factus
867 5701 969 5760 est,
1017 5708 1129 5748 non
1171 5700 1234 5748 ut
1280 5706 1410 5763 pars
1440 5692 1610 5748 totius
1645 5697 1880 5755 tantum,
1929 5689 2022 5745 sed

522 5874 566 5912 τ’
606 5879 626 5938 ι
678 5876 806 5932 Cor.
850 5891 938 5934 xv.
989 5876 1083 5930 Π.

2123 4579 2185 4633 τὸ
2210 4578 2319 4649 γὰρ
2357 4581 2545 4648 γήῖνον
2574 4577 2797 4646 πλάσμα
2828 4574 2970 4629 κατά
3009 4592 3129 4628 τινα
3172 4573 3567 4645 ὲτυμολογικὴν
3598 4575 3714 4630 ὀνο-

2129 4669 2329 4741 μασίαν
2352 4668 2568 4736 λέγεται
2608 4667 2798 4736 Ἀδὰμ,
2830 4665 3012 4729 καθώς
3039 4682 3204 4735 φασιν
3225 4665 3275 4718 οἱ
3309 4664 3407 4734 τῆς
3443 4664 3716 4737 Ἑϐραίων

2127 4761 2308 4832 φωνῆς
2334 4760 2659 4832 ἐπιίστορες.
2689 4760 2780 4814 Διὸ
2804 4760 2900 4814 καὶ
2930 4759 2960 4813 6
2993 4757 3314 4822 Ἀπόστολος
3341 4757 3713 4829 διαφερόντως

2125 4856 2225 4925 τὴν
2251 4855 2479 4924 πάτριον
2502 4854 2611 4908 τῶν
2653 4853 3002 4925 Ἰσραηλιτῶν
3037 4850 3468 4922 πεπαιδευμένος
3502 4850 3713 4922 φωνὴν,

2125 4946 2219 5001 τὸν
2247 4948 2310 5000 ὲκ
2334 4947 2436 5018 γῆς
2465 4945 2752 5018 ἄνθρωπον
2777 4944 2961 5016 χοῖκὸν
2980 4941 3256 5014 ὀνομάζει,
3277 4942 3439 4995 οἱονεὶ
3473 4941 3714 5010 μεταϐα-

2125 5035 2236 5091 λὼν
2270 5036 2370 5106 τὴν
2397 5034 2491 5090 τοῦ
2528 5034 2698 5105 ’Δδάμ
2741 5033 2933 5105 κλῆσιν
2976 5033 3057 5095 είς
3088 5031 3186 5102 τὴν
3233 5029 3458 5084 Ἐλλάδα
3501 5032 3709 5103 φωνήν.

2126 5131 2352 5198 Γέγονεν
2380 5124 2472 5183 οὖν
2500 5128 2618 5181 κατ’
2657 5126 2843 5179 εἰκόνα
2869 5127 2899 5178 6
2922 5122 3206 5193 ἅνθρωπος
3226 5162 3242 5186 ,
3272 5121 3305 5190 ὴ
3347 5119 3578 5173 καθόλου
3615 5121 3712 5189 φύ-

2130 5240 2212 5287 σις
2231 5262 2245 5285 ,
2275 5222 2338 5275 τὸ
2372 5219 2671 5275 θεοείκελον
2698 5217 2906 5289 χρῆμα.
2925 5215 3122 5283 Γέγονε
3145 5212 3203 5266 δὲ
3227 5214 3292 5284 τῇ
3316 5210 3715 5283 παντοδυνάμῳ

2129 5317 2292 5387 σοφία
2323 5314 2444 5385 οὐχὶ
2477 5312 2643 5384 μέρος
2670 5310 2769 5364 τοῦ
2795 5309 2941 5373 ὅλου,
2975 5306 3091 5362 ἀλλ’
3122 5305 3268 5360 ἅπαν
3296 5303 3507 5375 ἀθρόως
3529 5304 3595 5358 τὸ
3616 5304 3713 5374 τῆς

2130 5409 2343 5479 φύσεως
2370 5406 2665 5477 πλήρωμα.
2687 5396 2841 5456 Εἷδεν
2875 5401 2906 5453 6
2945 5400 3160 5454 πάντων
3192 5398 3301 5450 τῶν
3334 5396 3592 5467 περάτων
3618 5414 3708 5449 περ

2130 5498 2575 5573 ριδεδραγμένος,
2603 5492 2783 5556 καθώς
2829 5508 2992 5573 φησιν
3041 5493 3074 5562 ἡ
3110 5488 3337 5561 Γραφὴ,
3379 5489 3412 5559 ἡ
3453 5486 3710 5556 λέγουσα,

2134 5615 2154 5647 ι
2191 5596 2278 5648 Ἐν
2316 5595 2383 5664 τῇ
2415 5591 2558 5662 χειρὶ
2606 5585 2771 5642 αὐτοῦ
2801 5584 2869 5638 τά
2898 5583 3109 5654 πέρατα
3138 5581 3237 5651 τῆς
3273 5580 3377 5649 γῆς
3397 5595 3412 5611 ·
3441 5596 3462 5630 ι
3508 5574 3654 5634 εἶδεν
3683 5580 3711 5631 6

2129 5686 2284 5751 εἰδὼς
2311 5685 2381 5739 τὰ
2412 5680 2588 5739 πάντα
2616 5680 2711 5735 καὶ
2743 5677 2873 5750 πρὶν
2902 5674 3167 5745 γενέσεως
3186 5669 3386 5739 αὐτῶν,
3411 5669 3718 5744 ἐμπεριλα-
