  <div class='ocr_page' id='page_1' title='image "/cluster/home/n/w/nwhite01/storage/ocr_20150623/44:no.1/coo.31924054869445/110.png"; bbox 0 0 3890 6350; ppageno 0'>
   <div class='ocr_carea' id='block_1_1' title="bbox 97 443 190 498">
    <p class='ocr_par' dir='ltr' id='par_1_1' title="bbox 97 443 190 498">
     <span class='ocr_line' id='line_1_1' title="bbox 97 443 190 498; baseline 0.011 -2"><span class='ocrx_word' id='word_1_1' title='bbox 97 443 190 498; x_wconf 76' lang='lat'><strong>205</strong></span> 
     </span>
    </p>
   </div>
   <div class='ocr_carea' id='block_1_2' title="bbox 1373 434 2087 493">
    <p class='ocr_par' dir='ltr' id='par_1_2' title="bbox 1373 434 2087 493">
     <span class='ocr_line' id='line_1_2' title="bbox 1373 434 2087 493; baseline -0.007 0"><span class='ocrx_word' id='word_1_2' title='bbox 1373 439 1415 493; x_wconf 85' lang='grc' dir='ltr'><strong>Ε</strong></span> <span class='ocrx_word' id='word_1_3' title='bbox 1456 434 1740 492; x_wconf 62' lang='grc' dir='ltr'>ιιυλιιΝιδ</span> <span class='ocrx_word' id='word_1_4' title='bbox 1775 434 2087 492; x_wconf 82' lang='lat' dir='ltr'><strong>OPIFICIO.</strong></span> 
     </span>
    </p>
   </div>
   <div class='ocr_carea' id='block_1_3' title="bbox 3235 427 3340 482">
    <p class='ocr_par' dir='ltr' id='par_1_3' title="bbox 3235 427 3340 482">
     <span class='ocr_line' id='line_1_3' title="bbox 3235 427 3340 482; baseline 0.019 -5"><span class='ocrx_word' id='word_1_5' title='bbox 3235 431 3299 482; x_wconf 61' lang='grc' dir='ltr'><strong>’ἐν</strong></span> <span class='ocrx_word' id='word_1_6' title='bbox 3308 427 3340 480; x_wconf 80' lang='grc' dir='ltr'><strong>ϐ</strong></span> 
     </span>
    </p>
   </div>
   <div class='ocr_carea' id='block_1_4' title="bbox 99 548 1681 631">
    <p class='ocr_par' dir='ltr' id='par_1_4' title="bbox 99 551 1666 631">
     <span class='ocr_line' id='line_1_4' title="bbox 99 551 1666 631; baseline -0.006 -16"><span class='ocrx_word' id='word_1_7' title='bbox 99 560 198 615; x_wconf 78' lang='grc' dir='ltr'><strong>Εὼν</strong></span> <span class='ocrx_word' id='word_1_8' title='bbox 232 563 299 631; x_wconf 83' lang='grc' dir='ltr'>τῇ</span> <span class='ocrx_word' id='word_1_9' title='bbox 353 559 558 629; x_wconf 81' lang='grc' dir='ltr'><strong>γνώσει</strong></span> <span class='ocrx_word' id='word_1_10' title='bbox 584 559 708 613; x_wconf 79' lang='grc' dir='ltr'>ὅσον</span> <span class='ocrx_word' id='word_1_11' title='bbox 728 559 844 611; x_wconf 85' lang='grc' dir='ltr'>κατ’</span> <span class='ocrx_word' id='word_1_12' title='bbox 859 553 1084 626; x_wconf 73' lang='grc' dir='ltr'>ἀριμθδν</span> <span class='ocrx_word' id='word_1_13' title='bbox 1102 554 1159 606; x_wconf 82' lang='grc' dir='ltr'>ὲν</span> <span class='ocrx_word' id='word_1_14' title='bbox 1177 555 1286 618; x_wconf 83' lang='grc' dir='ltr'>τοῖς</span> <span class='ocrx_word' id='word_1_15' title='bbox 1304 551 1420 609; x_wconf 85' lang='grc' dir='ltr'>καθ’</span> <span class='ocrx_word' id='word_1_16' title='bbox 1440 558 1666 610; x_wconf 81' lang='grc' dir='ltr'>’ἑκαστον</span> 
     </span>
    </p>
   </div>
   <div class='ocr_carea' id='block_1_5' title="bbox 1789 548 3338 631">
    <p class='ocr_par' dir='ltr' id='par_1_5' title="bbox 1789 548 3338 624">
     <span class='ocr_line' id='line_1_5' title="bbox 1789 548 3338 624; baseline -0.005 -15"><span class='ocrx_word' id='word_1_17' title='bbox 1789 554 1959 609; x_wconf 75' lang='lat' dir='ltr'><strong>:odem</strong></span> <span class='ocrx_word' id='word_1_18' title='bbox 1993 562 2270 608; x_wconf 86' lang='lat' dir='ltr'><strong>momento</strong></span> <span class='ocrx_word' id='word_1_19' title='bbox 2297 562 2494 609; x_wconf 89' lang='lat' dir='ltr'><strong>natura</strong></span> <span class='ocrx_word' id='word_1_20' title='bbox 2522 554 2734 624; x_wconf 86' lang='lat' dir='ltr'><strong>integra</strong></span> <span class='ocrx_word' id='word_1_21' title='bbox 2765 553 3078 609; x_wconf 71' lang='lat' dir='ltr'><strong>exsisteret.</strong></span> <span class='ocrx_word' id='word_1_22' title='bbox 3116 548 3338 618; x_wconf 86' lang='lat' dir='ltr'><strong>Prospi-</strong></span> 
     </span>
    </p>
   </div>
   <div class='ocr_carea' id='block_1_6' title="bbox 99 648 1663 720">
    <p class='ocr_par' dir='ltr' id='par_1_6' title="bbox 99 648 1663 720">
     <span class='ocr_line' id='line_1_6' title="bbox 99 648 1663 720; baseline -0.002 -16"><span class='ocrx_word' id='word_1_23' title='bbox 99 653 239 706; x_wconf 74' lang='grc' dir='ltr'>ἔσται</span> <span class='ocrx_word' id='word_1_24' title='bbox 294 650 355 704; x_wconf 77' lang='grc' dir='ltr'>τὸ</span> <span class='ocrx_word' id='word_1_25' title='bbox 405 650 765 720; x_wconf 81' lang='grc' dir='ltr'>ἀνθρώπινον.</span> <span class='ocrx_word' id='word_1_26' title='bbox 811 648 961 703; x_wconf 75' lang='grc' dir='ltr'>Ἐπεὶ</span> <span class='ocrx_word' id='word_1_27' title='bbox 1013 651 1070 704; x_wconf 84' lang='grc' dir='ltr'><strong>δὲ</strong></span> <span class='ocrx_word' id='word_1_28' title='bbox 1121 650 1443 720; x_wconf 80' lang='grc' dir='ltr'>κατενόησεν</span> <span class='ocrx_word' id='word_1_29' title='bbox 1485 653 1542 702; x_wconf 82' lang='grc' dir='ltr'>ὲν</span> <span class='ocrx_word' id='word_1_30' title='bbox 1587 648 1663 719; x_wconf 84' lang='grc' dir='ltr'><strong>τῷ</strong></span> 
     </span>
    </p>
   </div>
   <div class='ocr_carea' id='block_1_7' title="bbox 99 741 1664 813">
    <p class='ocr_par' dir='ltr' id='par_1_7' title="bbox 99 741 1664 813">
     <span class='ocr_line' id='line_1_7' title="bbox 99 741 1664 813; baseline -0.003 -15"><span class='ocrx_word' id='word_1_31' title='bbox 99 744 362 812; x_wconf 75' lang='grc' dir='ltr'>πλάσματι</span> <span class='ocrx_word' id='word_1_32' title='bbox 409 742 572 812; x_wconf 77' lang='grc' dir='ltr'>ἡμῶν</span> <span class='ocrx_word' id='word_1_33' title='bbox 604 741 701 811; x_wconf 81' lang='grc' dir='ltr'><strong>τὴν</strong></span> <span class='ocrx_word' id='word_1_34' title='bbox 735 741 869 811; x_wconf 77' lang='grc' dir='ltr'>πρὸς</span> <span class='ocrx_word' id='word_1_35' title='bbox 897 744 956 794; x_wconf 88' lang='grc' dir='ltr'><strong>τὸ</strong></span> <span class='ocrx_word' id='word_1_36' title='bbox 1007 743 1185 813; x_wconf 81' lang='grc' dir='ltr'>χεῖρον</span> <span class='ocrx_word' id='word_1_37' title='bbox 1225 743 1397 812; x_wconf 78' lang='grc' dir='ltr'>ῥοπὴν</span> <span class='ocrx_word' id='word_1_38' title='bbox 1421 781 1435 806; x_wconf 91' lang='grc'><strong>,</strong></span> <span class='ocrx_word' id='word_1_39' title='bbox 1467 743 1560 795; x_wconf 73' lang='grc' dir='ltr'><strong>καὶ</strong></span> <span class='ocrx_word' id='word_1_40' title='bbox 1583 743 1664 795; x_wconf 84' lang='grc' dir='ltr'>ὅτι</span> 
     </span>
    </p>
   </div>
   <div class='ocr_carea' id='block_1_8' title="bbox 99 833 1664 904">
    <p class='ocr_par' dir='ltr' id='par_1_8' title="bbox 99 833 1664 904">
     <span class='ocr_line' id='line_1_8' title="bbox 99 833 1664 904; baseline -0.001 -18"><span class='ocrx_word' id='word_1_41' title='bbox 99 835 187 904; x_wconf 77' lang='grc' dir='ltr'>τῆς</span> <span class='ocrx_word' id='word_1_42' title='bbox 227 834 359 904; x_wconf 72' lang='grc' dir='ltr'>πρὸς</span> <span class='ocrx_word' id='word_1_43' title='bbox 392 835 523 896; x_wconf 82' lang='grc' dir='ltr'>τοὺς</span> <span class='ocrx_word' id='word_1_44' title='bbox 553 833 819 902; x_wconf 76' lang='grc' dir='ltr'><strong>ἀγγέλους</strong></span> <span class='ocrx_word' id='word_1_45' title='bbox 855 834 1147 904; x_wconf 85' lang='grc' dir='ltr'>ὁμοτιμίας</span> <span class='ocrx_word' id='word_1_46' title='bbox 1194 833 1456 896; x_wconf 79' lang='grc' dir='ltr'>ἑκουσίως</span> <span class='ocrx_word' id='word_1_47' title='bbox 1489 835 1664 904; x_wconf 79' lang='grc' dir='ltr'>ἀπορ-</span> 
     </span>
    </p>
   </div>
   <div class='ocr_carea' id='block_1_9' title="bbox 103 921 1666 995">
    <p class='ocr_par' dir='ltr' id='par_1_9' title="bbox 103 921 1666 995">
     <span class='ocr_line' id='line_1_9' title="bbox 103 921 1666 995; baseline -0.001 -19"><span class='ocrx_word' id='word_1_48' title='bbox 103 925 235 994; x_wconf 76' lang='grc' dir='ltr'>ρυὲν,</span> <span class='ocrx_word' id='word_1_49' title='bbox 269 923 364 994; x_wconf 77' lang='grc' dir='ltr'><strong>τὴν</strong></span> <span class='ocrx_word' id='word_1_50' title='bbox 397 923 536 995; x_wconf 77' lang='grc' dir='ltr'>πρὸς</span> <span class='ocrx_word' id='word_1_51' title='bbox 564 921 626 975; x_wconf 82' lang='grc' dir='ltr'>τὸ</span> <span class='ocrx_word' id='word_1_52' title='bbox 659 923 911 976; x_wconf 83' lang='grc' dir='ltr'>ταπεινὸν</span> <span class='ocrx_word' id='word_1_53' title='bbox 936 923 1220 977; x_wconf 75' lang='grc' dir='ltr'>κοινωνίαν</span> <span class='ocrx_word' id='word_1_54' title='bbox 1249 923 1666 994; x_wconf 84' lang='grc' dir='ltr'>προσοικειώσε-</span> 
     </span>
    </p>
   </div>
   <div class='ocr_carea' id='block_1_10' title="bbox 101 1013 1666 1086">
    <p class='ocr_par' dir='ltr' id='par_1_10' title="bbox 101 1013 1666 1086">
     <span class='ocr_line' id='line_1_10' title="bbox 101 1013 1666 1086; baseline -0.001 -18"><span class='ocrx_word' id='word_1_55' title='bbox 101 1032 205 1068; x_wconf 78' lang='grc' dir='ltr'><strong>ται⁸</strong></span> <span class='ocrx_word' id='word_1_56' title='bbox 232 1015 318 1067; x_wconf 82' lang='grc' dir='ltr'><strong>διὰ</strong></span> <span class='ocrx_word' id='word_1_57' title='bbox 361 1014 537 1068; x_wconf 84' lang='grc' dir='ltr'>ταῦτα</span> <span class='ocrx_word' id='word_1_58' title='bbox 568 1014 822 1084; x_wconf 82' lang='grc' dir='ltr'>κατέμιξέ</span> <span class='ocrx_word' id='word_1_59' title='bbox 861 1032 912 1068; x_wconf 88' lang='grc' dir='ltr'><strong>τι</strong></span> <span class='ocrx_word' id='word_1_60' title='bbox 947 1015 1042 1068; x_wconf 74' lang='grc' dir='ltr'>καὶ</span> <span class='ocrx_word' id='word_1_61' title='bbox 1081 1013 1172 1068; x_wconf 88' lang='grc' dir='ltr'><strong>τοῦ</strong></span> <span class='ocrx_word' id='word_1_62' title='bbox 1220 1015 1416 1081; x_wconf 84' lang='grc' dir='ltr'><strong>ἀλόγου</strong></span> <span class='ocrx_word' id='word_1_63' title='bbox 1446 1017 1510 1084; x_wconf 84' lang='grc' dir='ltr'>τῇ</span> <span class='ocrx_word' id='word_1_64' title='bbox 1560 1015 1666 1086; x_wconf 80' lang='grc' dir='ltr'>ἰδίᾳ</span> 
     </span>
    </p>
   </div>
   <div class='ocr_carea' id='block_1_11' title="bbox 102 1103 1666 1174">
    <p class='ocr_par' dir='ltr' id='par_1_11' title="bbox 102 1103 1666 1174">
     <span class='ocr_line' id='line_1_11' title="bbox 102 1103 1666 1174; baseline -0.001 -16"><span class='ocrx_word' id='word_1_65' title='bbox 102 1107 272 1160; x_wconf 83' lang='grc' dir='ltr'>εἰκόνι.</span> <span class='ocrx_word' id='word_1_66' title='bbox 295 1106 369 1158; x_wconf 86' lang='grc' dir='ltr'><strong>Οὐ</strong></span> <span class='ocrx_word' id='word_1_67' title='bbox 401 1105 514 1174; x_wconf 88' lang='grc' dir='ltr'><strong>γάρ</strong></span> <span class='ocrx_word' id='word_1_68' title='bbox 535 1107 681 1157; x_wconf 80' lang='grc' dir='ltr'>ἐστιν</span> <span class='ocrx_word' id='word_1_69' title='bbox 705 1107 760 1158; x_wconf 81' lang='grc' dir='ltr'>ὲν</span> <span class='ocrx_word' id='word_1_70' title='bbox 787 1107 850 1174; x_wconf 83' lang='grc' dir='ltr'>τῇ</span> <span class='ocrx_word' id='word_1_71' title='bbox 881 1104 1002 1174; x_wconf 66' lang='grc' dir='ltr'>θείᾳ</span> <span class='ocrx_word' id='word_1_72' title='bbox 1025 1121 1083 1156; x_wconf 87' lang='grc' dir='ltr'><strong>τε</strong></span> <span class='ocrx_word' id='word_1_73' title='bbox 1108 1105 1200 1158; x_wconf 81' lang='grc' dir='ltr'><strong>καὶ</strong></span> <span class='ocrx_word' id='word_1_74' title='bbox 1229 1103 1476 1174; x_wconf 72' lang='grc' dir='ltr'>μακαρία</span> <span class='ocrx_word' id='word_1_75' title='bbox 1509 1103 1666 1173; x_wconf 85' lang='grc' dir='ltr'>φύσει</span> 
     </span>
    </p>
   </div>
   <div class='ocr_carea' id='block_1_12' title="bbox 103 1194 1666 1268">
    <p class='ocr_par' dir='ltr' id='par_1_12' title="bbox 103 1194 1666 1268">
     <span class='ocr_line' id='line_1_12' title="bbox 103 1194 1666 1268; baseline -0.001 -20"><span class='ocrx_word' id='word_1_76' title='bbox 103 1198 132 1266; x_wconf 76' lang='grc' dir='ltr'>ὴ</span> <span class='ocrx_word' id='word_1_77' title='bbox 158 1197 291 1249; x_wconf 76' lang='grc' dir='ltr'>κατὰ</span> <span class='ocrx_word' id='word_1_78' title='bbox 314 1197 374 1249; x_wconf 88' lang='grc' dir='ltr'><strong>τὸ</strong></span> <span class='ocrx_word' id='word_1_79' title='bbox 396 1197 566 1268; x_wconf 70' lang='grc' dir='ltr'>ἄρρεν</span> <span class='ocrx_word' id='word_1_80' title='bbox 599 1196 690 1248; x_wconf 78' lang='grc' dir='ltr'><strong>καὶ</strong></span> <span class='ocrx_word' id='word_1_81' title='bbox 720 1194 854 1265; x_wconf 81' lang='grc' dir='ltr'>θῆλυ</span> <span class='ocrx_word' id='word_1_82' title='bbox 887 1194 1121 1265; x_wconf 73' lang='grc' dir='ltr'>διαφορά</span> <span class='ocrx_word' id='word_1_83' title='bbox 1144 1211 1157 1224; x_wconf 83' lang='lat'><strong><em>°</em></strong></span> <span class='ocrx_word' id='word_1_84' title='bbox 1185 1194 1319 1248; x_wconf 79' lang='grc' dir='ltr'>ἀλλὰ</span> <span class='ocrx_word' id='word_1_85' title='bbox 1343 1195 1444 1264; x_wconf 83' lang='grc' dir='ltr'>τῆς</span> <span class='ocrx_word' id='word_1_86' title='bbox 1471 1195 1666 1262; x_wconf 85' lang='grc' dir='ltr'>ἀλόγου</span> 
     </span>
    </p>
   </div>
   <div class='ocr_carea' id='block_1_13' title="bbox 105 1285 1664 1359">
    <p class='ocr_par' dir='ltr' id='par_1_13' title="bbox 105 1285 1664 1359">
     <span class='ocr_line' id='line_1_13' title="bbox 105 1285 1664 1359; baseline -0.001 -18"><span class='ocrx_word' id='word_1_87' title='bbox 105 1288 427 1358; x_wconf 76' lang='grc' dir='ltr'>κατασκευῆς</span> <span class='ocrx_word' id='word_1_88' title='bbox 459 1289 552 1341; x_wconf 74' lang='grc' dir='ltr'>ἐπὶ</span> <span class='ocrx_word' id='word_1_89' title='bbox 579 1287 668 1340; x_wconf 84' lang='grc' dir='ltr'><strong>τὸν</strong></span> <span class='ocrx_word' id='word_1_90' title='bbox 691 1287 973 1359; x_wconf 72' lang='grc' dir='ltr'>ἄνθρωπον</span> <span class='ocrx_word' id='word_1_91' title='bbox 1000 1285 1340 1358; x_wconf 88' lang='grc' dir='ltr'>μετενεγκὼν</span> <span class='ocrx_word' id='word_1_92' title='bbox 1364 1287 1426 1339; x_wconf 84' lang='grc' dir='ltr'><strong>τὸ</strong></span> <span class='ocrx_word' id='word_1_93' title='bbox 1452 1286 1664 1357; x_wconf 83' lang='grc' dir='ltr'><strong>ἰδίωμα,</strong></span> 
     </span>
    </p>
   </div>
   <div class='ocr_carea' id='block_1_14' title="bbox 105 1377 1670 1448">
    <p class='ocr_par' dir='ltr' id='par_1_14' title="bbox 105 1377 1670 1448">
     <span class='ocr_line' id='line_1_14' title="bbox 105 1377 1670 1448; baseline -0.001 -18"><span class='ocrx_word' id='word_1_94' title='bbox 105 1380 158 1432; x_wconf 81' lang='grc' dir='ltr'>οὺ</span> <span class='ocrx_word' id='word_1_95' title='bbox 193 1378 326 1433; x_wconf 74' lang='grc' dir='ltr'>κατὰ</span> <span class='ocrx_word' id='word_1_96' title='bbox 355 1379 415 1432; x_wconf 81' lang='grc' dir='ltr'><strong>τὸ</strong></span> <span class='ocrx_word' id='word_1_97' title='bbox 447 1379 651 1448; x_wconf 58' lang='grc' dir='ltr'>ὑψηλὸν</span> <span class='ocrx_word' id='word_1_98' title='bbox 698 1377 797 1447; x_wconf 80' lang='grc' dir='ltr'>τῆς</span> <span class='ocrx_word' id='word_1_99' title='bbox 840 1377 1070 1441; x_wconf 81' lang='grc' dir='ltr'>κτίσεως</span> <span class='ocrx_word' id='word_1_100' title='bbox 1101 1378 1258 1448; x_wconf 78' lang='grc' dir='ltr'>ἡμῶν</span> <span class='ocrx_word' id='word_1_101' title='bbox 1308 1377 1400 1430; x_wconf 81' lang='grc' dir='ltr'><strong>τὸν</strong></span> <span class='ocrx_word' id='word_1_102' title='bbox 1441 1377 1670 1429; x_wconf 87' lang='grc' dir='ltr'>πλεονα-</span> 
     </span>
    </p>
   </div>
   <div class='ocr_carea' id='block_1_15' title="bbox 110 1467 1670 1544">
    <p class='ocr_par' dir='ltr' id='par_1_15' title="bbox 110 1467 1670 1544">
     <span class='ocr_line' id='line_1_15' title="bbox 110 1467 1670 1544; baseline -0.002 -20"><span class='ocrx_word' id='word_1_103' title='bbox 110 1472 231 1544; x_wconf 78' lang='grc' dir='ltr'>σμὸν</span> <span class='ocrx_word' id='word_1_104' title='bbox 255 1470 328 1542; x_wconf 81' lang='grc' dir='ltr'>τῷ</span> <span class='ocrx_word' id='word_1_105' title='bbox 349 1471 502 1540; x_wconf 80' lang='grc' dir='ltr'>γένει</span> <span class='ocrx_word' id='word_1_106' title='bbox 532 1470 833 1542; x_wconf 82' lang='grc' dir='ltr'>χαρίζεται.</span> <span class='ocrx_word' id='word_1_107' title='bbox 869 1470 942 1521; x_wconf 77' lang='grc' dir='ltr'><strong>Οὐ</strong></span> <span class='ocrx_word' id='word_1_108' title='bbox 983 1469 1092 1542; x_wconf 77' lang='grc' dir='ltr'>γὰρ</span> <span class='ocrx_word' id='word_1_109' title='bbox 1131 1469 1217 1520; x_wconf 83' lang='grc' dir='ltr'><strong>ὅτε</strong></span> <span class='ocrx_word' id='word_1_110' title='bbox 1251 1468 1312 1521; x_wconf 84' lang='grc' dir='ltr'><strong>τὸ</strong></span> <span class='ocrx_word' id='word_1_111' title='bbox 1339 1469 1456 1520; x_wconf 79' lang='grc' dir='ltr'>κατ’</span> <span class='ocrx_word' id='word_1_112' title='bbox 1486 1467 1670 1521; x_wconf 77' lang='grc' dir='ltr'>εἰκόνα</span> 
     </span>
    </p>
   </div>
   <div class='ocr_carea' id='block_1_16' title="bbox 107 1558 1670 1633">
    <p class='ocr_par' dir='ltr' id='par_1_16' title="bbox 107 1558 1670 1633">
     <span class='ocr_line' id='line_1_16' title="bbox 107 1558 1670 1633; baseline -0.003 -19"><span class='ocrx_word' id='word_1_113' title='bbox 107 1563 305 1633; x_wconf 78' lang='grc' dir='ltr'>ἐποίησε</span> <span class='ocrx_word' id='word_1_114' title='bbox 329 1605 343 1627; x_wconf 94' lang='grc'><strong>,</strong></span> <span class='ocrx_word' id='word_1_115' title='bbox 373 1563 496 1615; x_wconf 81' lang='grc' dir='ltr'>τότε</span> <span class='ocrx_word' id='word_1_116' title='bbox 531 1561 627 1633; x_wconf 79' lang='grc' dir='ltr'><strong>τὴν</strong></span> <span class='ocrx_word' id='word_1_117' title='bbox 659 1560 752 1613; x_wconf 78' lang='grc' dir='ltr'><strong>τοῦ</strong></span> <span class='ocrx_word' id='word_1_118' title='bbox 787 1559 1110 1627; x_wconf 74' lang='grc' dir='ltr'>αὐξάνεσθαι</span> <span class='ocrx_word' id='word_1_119' title='bbox 1159 1560 1253 1612; x_wconf 74' lang='grc' dir='ltr'><strong>καὶ</strong></span> <span class='ocrx_word' id='word_1_120' title='bbox 1304 1558 1670 1629; x_wconf 76' lang='grc' dir='ltr'>πληθύνεσθαι</span> 
     </span>
    </p>
   </div>
   <div class='ocr_carea' id='block_1_17' title="bbox 109 1651 1672 1727">
    <p class='ocr_par' dir='ltr' id='par_1_17' title="bbox 109 1651 1672 1727">
     <span class='ocr_line' id='line_1_17' title="bbox 109 1651 1672 1727; baseline -0.004 -17"><span class='ocrx_word' id='word_1_121' title='bbox 109 1658 310 1727; x_wconf 82' lang='grc' dir='ltr'>δύναμιν</span> <span class='ocrx_word' id='word_1_122' title='bbox 339 1657 416 1727; x_wconf 84' lang='grc' dir='ltr'>τῷ</span> <span class='ocrx_word' id='word_1_123' title='bbox 450 1653 724 1726; x_wconf 80' lang='grc' dir='ltr'>ἀνθρώπῳ</span> <span class='ocrx_word' id='word_1_124' title='bbox 751 1651 1090 1724; x_wconf 79' lang='grc' dir='ltr'>προσέθηκεν</span> <span class='ocrx_word' id='word_1_125' title='bbox 1113 1692 1126 1716; x_wconf 92' lang='grc'><strong>,</strong></span> <span class='ocrx_word' id='word_1_126' title='bbox 1159 1652 1272 1705; x_wconf 86' lang='grc' dir='ltr'>ἀλλ’</span> <span class='ocrx_word' id='word_1_127' title='bbox 1314 1652 1401 1704; x_wconf 82' lang='grc' dir='ltr'>ὅτε</span> <span class='ocrx_word' id='word_1_128' title='bbox 1436 1652 1672 1719; x_wconf 81' lang='grc' dir='ltr'>διέκρινε</span> 
     </span>
    </p>
   </div>
   <div class='ocr_carea' id='block_1_18' title="bbox 109 1743 1672 1818">
    <p class='ocr_par' dir='ltr' id='par_1_18' title="bbox 109 1743 1672 1818">
     <span class='ocr_line' id='line_1_18' title="bbox 109 1743 1672 1818; baseline -0.003 -19"><span class='ocrx_word' id='word_1_129' title='bbox 109 1752 164 1818; x_wconf 82' lang='grc' dir='ltr'>τῇ</span> <span class='ocrx_word' id='word_1_130' title='bbox 181 1749 310 1802; x_wconf 77' lang='grc' dir='ltr'>κατὰ</span> <span class='ocrx_word' id='word_1_131' title='bbox 335 1749 396 1801; x_wconf 77' lang='grc' dir='ltr'>τὸ</span> <span class='ocrx_word' id='word_1_132' title='bbox 419 1747 590 1818; x_wconf 74' lang='grc' dir='ltr'>ἄρρεν</span> <span class='ocrx_word' id='word_1_133' title='bbox 611 1747 706 1799; x_wconf 74' lang='grc' dir='ltr'>καὶ</span> <span class='ocrx_word' id='word_1_134' title='bbox 729 1745 859 1816; x_wconf 85' lang='grc' dir='ltr'>θῆλυ</span> <span class='ocrx_word' id='word_1_135' title='bbox 886 1744 1136 1815; x_wconf 64' lang='grc' dir='ltr'>διαφορᾷ,</span> <span class='ocrx_word' id='word_1_136' title='bbox 1157 1743 1277 1796; x_wconf 83' lang='grc' dir='ltr'>τότε</span> <span class='ocrx_word' id='word_1_137' title='bbox 1299 1743 1479 1813; x_wconf 79' lang='grc' dir='ltr'>φησίν·</span> <span class='ocrx_word' id='word_1_138' title='bbox 1517 1761 1534 1794; x_wconf 82' lang='grc' dir='ltr'><strong>ι</strong></span> <span class='ocrx_word' id='word_1_139' title='bbox 1563 1743 1672 1795; x_wconf 67' lang='lat' dir='ltr'><strong>A0-</strong></span> 
     </span>
    </p>
   </div>
   <div class='ocr_carea' id='block_1_19' title="bbox 113 1835 1665 1907">
    <p class='ocr_par' dir='ltr' id='par_1_19' title="bbox 113 1835 1665 1907">
     <span class='ocr_line' id='line_1_19' title="bbox 113 1835 1665 1907; baseline -0.003 -15"><span class='ocrx_word' id='word_1_140' title='bbox 113 1837 311 1903; x_wconf 77' lang='grc' dir='ltr'>ξάνεσθε</span> <span class='ocrx_word' id='word_1_141' title='bbox 341 1840 434 1893; x_wconf 71' lang='grc' dir='ltr'><strong>καὶ</strong></span> <span class='ocrx_word' id='word_1_142' title='bbox 467 1836 802 1907; x_wconf 84' lang='grc' dir='ltr'>πληθύνεσθε</span> <span class='ocrx_word' id='word_1_143' title='bbox 823 1875 838 1899; x_wconf 93' lang='grc'><strong>,</strong></span> <span class='ocrx_word' id='word_1_144' title='bbox 871 1837 966 1889; x_wconf 79' lang='grc' dir='ltr'>καὶ</span> <span class='ocrx_word' id='word_1_145' title='bbox 1000 1835 1323 1906; x_wconf 83' lang='grc' dir='ltr'>πληρώσατε</span> <span class='ocrx_word' id='word_1_146' title='bbox 1355 1837 1455 1906; x_wconf 77' lang='grc' dir='ltr'><strong>τὴν</strong></span> <span class='ocrx_word' id='word_1_147' title='bbox 1485 1835 1609 1905; x_wconf 81' lang='grc' dir='ltr'>γῆν.</span> <span class='ocrx_word' id='word_1_148' title='bbox 1647 1855 1665 1887; x_wconf 71' lang='grc' dir='ltr'><strong>ι</strong></span> 
     </span>
    </p>
   </div>
   <div class='ocr_carea' id='block_1_20' title="bbox 109 1923 1670 1998">
    <p class='ocr_par' dir='ltr' id='par_1_20' title="bbox 109 1923 1670 1998">
     <span class='ocr_line' id='line_1_20' title="bbox 109 1923 1670 1998; baseline -0.002 -18"><span class='ocrx_word' id='word_1_149' title='bbox 109 1929 174 1980; x_wconf 82' lang='grc' dir='ltr'><strong>τὺ</strong></span> <span class='ocrx_word' id='word_1_150' title='bbox 199 1929 298 1998; x_wconf 73' lang='grc' dir='ltr'><strong>γὰρ</strong></span> <span class='ocrx_word' id='word_1_151' title='bbox 319 1928 561 1982; x_wconf 86' lang='grc' dir='ltr'>τοιοῦτον</span> <span class='ocrx_word' id='word_1_152' title='bbox 593 1928 654 1980; x_wconf 83' lang='grc' dir='ltr'><strong>ού</strong></span> <span class='ocrx_word' id='word_1_153' title='bbox 692 1925 787 1995; x_wconf 79' lang='grc' dir='ltr'>τῆς</span> <span class='ocrx_word' id='word_1_154' title='bbox 815 1925 965 1988; x_wconf 84' lang='grc' dir='ltr'>θείας</span> <span class='ocrx_word' id='word_1_155' title='bbox 990 1923 1204 1995; x_wconf 75' lang='grc' dir='ltr'>φύσεως</span> <span class='ocrx_word' id='word_1_156' title='bbox 1235 1924 1383 1988; x_wconf 81' lang='grc' dir='ltr'>ίδιον,</span> <span class='ocrx_word' id='word_1_157' title='bbox 1412 1925 1546 1980; x_wconf 77' lang='grc' dir='ltr'>ἀλλὰ</span> <span class='ocrx_word' id='word_1_158' title='bbox 1573 1927 1670 1996; x_wconf 83' lang='grc' dir='ltr'>τῆς</span> 
     </span>
    </p>
   </div>
   <div class='ocr_carea' id='block_1_21' title="bbox 113 2016 1671 2088">
    <p class='ocr_par' dir='ltr' id='par_1_21' title="bbox 113 2016 1671 2088">
     <span class='ocr_line' id='line_1_21' title="bbox 113 2016 1671 2088; baseline -0.001 -16"><span class='ocrx_word' id='word_1_159' title='bbox 113 2019 285 2088; x_wconf 85' lang='grc' dir='ltr'>ἀλόγου</span> <span class='ocrx_word' id='word_1_160' title='bbox 313 2021 447 2082; x_wconf 79' lang='grc' dir='ltr'>ἐστὶ,</span> <span class='ocrx_word' id='word_1_161' title='bbox 473 2017 659 2081; x_wconf 82' lang='grc' dir='ltr'>καθὼς</span> <span class='ocrx_word' id='word_1_162' title='bbox 703 2019 736 2087; x_wconf 78' lang='grc' dir='ltr'>ἡ</span> <span class='ocrx_word' id='word_1_163' title='bbox 777 2016 985 2087; x_wconf 78' lang='grc' dir='ltr'>ἱστορία</span> <span class='ocrx_word' id='word_1_164' title='bbox 1015 2017 1494 2088; x_wconf 76' lang='grc' dir='ltr'>παρασημαίνεται</span> <span class='ocrx_word' id='word_1_165' title='bbox 1537 2018 1671 2088; x_wconf 81' lang='grc' dir='ltr'>πρό-</span> 
     </span>
    </p>
   </div>
   <div class='ocr_carea' id='block_1_22' title="bbox 111 2108 1670 2185">
    <p class='ocr_par' dir='ltr' id='par_1_22' title="bbox 111 2108 1670 2185">
     <span class='ocr_line' id='line_1_22' title="bbox 111 2108 1670 2185; baseline -0.002 -19"><span class='ocrx_word' id='word_1_166' title='bbox 111 2131 247 2185; x_wconf 81' lang='grc' dir='ltr'>τερον</span> <span class='ocrx_word' id='word_1_167' title='bbox 271 2113 493 2167; x_wconf 74' lang='grc' dir='ltr'>ἐπὶτῶν</span> <span class='ocrx_word' id='word_1_168' title='bbox 526 2111 735 2176; x_wconf 83' lang='grc' dir='ltr'>ἀλόγων</span> <span class='ocrx_word' id='word_1_169' title='bbox 764 2110 1015 2182; x_wconf 74' lang='grc' dir='ltr'>εἰρῆσθαι</span> <span class='ocrx_word' id='word_1_170' title='bbox 1045 2110 1217 2163; x_wconf 87' lang='grc' dir='ltr'>ταῦτα</span> <span class='ocrx_word' id='word_1_171' title='bbox 1241 2109 1391 2182; x_wconf 83' lang='grc' dir='ltr'><strong>παρὰ</strong></span> <span class='ocrx_word' id='word_1_172' title='bbox 1412 2110 1505 2163; x_wconf 90' lang='grc' dir='ltr'><strong>τοῦ</strong></span> <span class='ocrx_word' id='word_1_173' title='bbox 1536 2108 1670 2163; x_wconf 82' lang='grc' dir='ltr'>Θεοῦ</span> 
     </span>
    </p>
   </div>
   <div class='ocr_carea' id='block_1_23' title="bbox 113 2201 1674 2276">
    <p class='ocr_par' dir='ltr' id='par_1_23' title="bbox 113 2201 1674 2276">
     <span class='ocr_line' id='line_1_23' title="bbox 113 2201 1674 2276; baseline -0.002 -19"><span class='ocrx_word' id='word_1_174' title='bbox 113 2205 458 2276; x_wconf 72' lang='grc' dir='ltr'>διηγησαμένη</span> <span class='ocrx_word' id='word_1_175' title='bbox 482 2247 498 2268; x_wconf 91' lang='grc'><strong>,</strong></span> <span class='ocrx_word' id='word_1_176' title='bbox 530 2203 607 2266; x_wconf 86' lang='grc' dir='ltr'><strong>ώς</strong></span> <span class='ocrx_word' id='word_1_177' title='bbox 644 2204 695 2255; x_wconf 74' lang='grc' dir='ltr'><strong>εἴ</strong></span> <span class='ocrx_word' id='word_1_178' title='bbox 735 2220 799 2271; x_wconf 90' lang='grc' dir='ltr'><strong>γε</strong></span> <span class='ocrx_word' id='word_1_179' title='bbox 845 2202 949 2271; x_wconf 79' lang='grc' dir='ltr'><strong>πρὸ</strong></span> <span class='ocrx_word' id='word_1_180' title='bbox 983 2202 1076 2256; x_wconf 89' lang='grc' dir='ltr'><strong>τοῦ</strong></span> <span class='ocrx_word' id='word_1_181' title='bbox 1115 2201 1388 2255; x_wconf 78' lang='grc' dir='ltr'>ἐπιϐαλεῖν</span> <span class='ocrx_word' id='word_1_182' title='bbox 1417 2204 1483 2272; x_wconf 84' lang='grc' dir='ltr'>τῇ</span> <span class='ocrx_word' id='word_1_183' title='bbox 1516 2204 1674 2270; x_wconf 79' lang='grc' dir='ltr'>φύσει</span> 
     </span>
    </p>
   </div>
   <div class='ocr_carea' id='block_1_24' title="bbox 113 2292 1675 2367">
    <p class='ocr_par' dir='ltr' id='par_1_24' title="bbox 113 2292 1675 2367">
     <span class='ocr_line' id='line_1_24' title="bbox 113 2292 1675 2367; baseline 0 -22"><span class='ocrx_word' id='word_1_184' title='bbox 113 2297 196 2366; x_wconf 74' lang='grc' dir='ltr'><strong>τὴν</strong></span> <span class='ocrx_word' id='word_1_185' title='bbox 221 2298 351 2349; x_wconf 75' lang='grc' dir='ltr'>κατὰ</span> <span class='ocrx_word' id='word_1_186' title='bbox 391 2297 452 2349; x_wconf 72' lang='grc' dir='ltr'>τὸ</span> <span class='ocrx_word' id='word_1_187' title='bbox 489 2295 659 2367; x_wconf 68' lang='grc' dir='ltr'>ἄρρεν</span> <span class='ocrx_word' id='word_1_188' title='bbox 692 2295 785 2347; x_wconf 73' lang='grc' dir='ltr'><strong>καὶ</strong></span> <span class='ocrx_word' id='word_1_189' title='bbox 829 2293 962 2363; x_wconf 79' lang='grc' dir='ltr'>θῆλυ</span> <span class='ocrx_word' id='word_1_190' title='bbox 991 2292 1253 2364; x_wconf 70' lang='grc' dir='ltr'>διαφορὰν</span> <span class='ocrx_word' id='word_1_191' title='bbox 1281 2332 1294 2356; x_wconf 95' lang='grc'><strong>,</strong></span> <span class='ocrx_word' id='word_1_192' title='bbox 1321 2292 1419 2362; x_wconf 76' lang='grc' dir='ltr'>τὴν</span> <span class='ocrx_word' id='word_1_193' title='bbox 1466 2292 1553 2346; x_wconf 84' lang='grc' dir='ltr'>διὰ</span> <span class='ocrx_word' id='word_1_194' title='bbox 1578 2293 1675 2362; x_wconf 79' lang='grc' dir='ltr'>τῆς</span> 
     </span>
    </p>
   </div>
   <div class='ocr_carea' id='block_1_25' title="bbox 115 2381 1674 2460">
    <p class='ocr_par' dir='ltr' id='par_1_25' title="bbox 115 2381 1674 2460">
     <span class='ocr_line' id='line_1_25' title="bbox 115 2381 1674 2460; baseline -0.004 -18"><span class='ocrx_word' id='word_1_195' title='bbox 115 2389 275 2460; x_wconf 73' lang='grc' dir='ltr'>φωνῆς</span> <span class='ocrx_word' id='word_1_196' title='bbox 302 2389 501 2458; x_wconf 80' lang='grc' dir='ltr'>ταύτης</span> <span class='ocrx_word' id='word_1_197' title='bbox 535 2387 763 2457; x_wconf 84' lang='grc' dir='ltr'>δύναμιν</span> <span class='ocrx_word' id='word_1_198' title='bbox 795 2387 873 2448; x_wconf 87' lang='grc' dir='ltr'>εἰς</span> <span class='ocrx_word' id='word_1_199' title='bbox 904 2384 962 2437; x_wconf 82' lang='grc' dir='ltr'>τὸ</span> <span class='ocrx_word' id='word_1_200' title='bbox 991 2385 1317 2450; x_wconf 74' lang='grc' dir='ltr'>αὐξάνεσθαι</span> <span class='ocrx_word' id='word_1_201' title='bbox 1348 2383 1425 2454; x_wconf 82' lang='grc' dir='ltr'><strong>τῷ</strong></span> <span class='ocrx_word' id='word_1_202' title='bbox 1469 2381 1674 2454; x_wconf 84' lang='grc' dir='ltr'>ἀνθρώ-</span> 
     </span>
    </p>
   </div>
   <div class='ocr_carea' id='block_1_26' title="bbox 117 2476 1678 2553">
    <p class='ocr_par' dir='ltr' id='par_1_26' title="bbox 117 2476 1678 2553">
     <span class='ocr_line' id='line_1_26' title="bbox 117 2476 1678 2553; baseline -0.004 -21"><span class='ocrx_word' id='word_1_203' title='bbox 117 2499 190 2551; x_wconf 65' lang='lat' dir='ltr'><strong>mp</strong></span> <span class='ocrx_word' id='word_1_204' title='bbox 217 2480 553 2553; x_wconf 83' lang='grc' dir='ltr'>προσέθηκεν</span> <span class='ocrx_word' id='word_1_205' title='bbox 578 2518 591 2542; x_wconf 96' lang='grc'><strong>,</strong></span> <span class='ocrx_word' id='word_1_206' title='bbox 621 2480 721 2531; x_wconf 79' lang='grc' dir='ltr'><strong>οὐκ</strong></span> <span class='ocrx_word' id='word_1_207' title='bbox 753 2477 818 2531; x_wconf 82' lang='grc' dir='ltr'><strong>ἂν</strong></span> <span class='ocrx_word' id='word_1_208' title='bbox 847 2476 940 2530; x_wconf 84' lang='grc' dir='ltr'><strong>τοῦ</strong></span> <span class='ocrx_word' id='word_1_209' title='bbox 971 2476 1208 2532; x_wconf 86' lang='grc' dir='ltr'>τοιούτου</span> <span class='ocrx_word' id='word_1_210' title='bbox 1232 2476 1329 2544; x_wconf 81' lang='grc' dir='ltr'><strong>τῆς</strong></span> <span class='ocrx_word' id='word_1_211' title='bbox 1373 2476 1678 2546; x_wconf 78' lang='grc' dir='ltr'>γεννήσεως</span> 
     </span>
    </p>
   </div>
   <div class='ocr_carea' id='block_1_27' title="bbox 117 2562 1534 2648">
    <p class='ocr_par' dir='ltr' id='par_1_27' title="bbox 117 2562 1534 2648">
     <span class='ocr_line' id='line_1_27' title="bbox 117 2562 1534 2648; baseline -0.004 -24"><span class='ocrx_word' id='word_1_212' title='bbox 117 2573 268 2636; x_wconf 76' lang='grc' dir='ltr'>είδους</span> <span class='ocrx_word' id='word_1_213' title='bbox 299 2571 764 2648; x_wconf 80' lang='grc' dir='ltr'>προσεδεήθημεν,</span> <span class='ocrx_word' id='word_1_214' title='bbox 795 2568 859 2621; x_wconf 87' lang='grc' dir='ltr'>δι’</span> <span class='ocrx_word' id='word_1_215' title='bbox 882 2562 941 2622; x_wconf 74' lang='grc' dir='ltr'>οὗ</span> <span class='ocrx_word' id='word_1_216' title='bbox 969 2569 1221 2636; x_wconf 75' lang='grc' dir='ltr'>γεννᾶται</span> <span class='ocrx_word' id='word_1_217' title='bbox 1250 2566 1319 2620; x_wconf 78' lang='grc' dir='ltr'>τὰ</span> <span class='ocrx_word' id='word_1_218' title='bbox 1347 2565 1534 2634; x_wconf 78' lang='grc' dir='ltr'>ἄλογα.</span> 
     </span>
    </p>
   </div>
   <div class='ocr_carea' id='block_1_28' title="bbox 1707 1900 1746 1953">
    <p class='ocr_par' dir='ltr' id='par_1_28' title="bbox 1707 1900 1746 1953">
     <span class='ocr_line' id='line_1_28' title="bbox 1707 1900 1746 1953; baseline 0 0"><span class='ocrx_word' id='word_1_219' title='bbox 1707 1900 1746 1953; x_wconf 82' lang='grc' dir='ltr'>Β</span> 
     </span>
    </p>
   </div>
   <div class='ocr_carea' id='block_1_29' title="bbox 1764 641 3344 716">
    <p class='ocr_par' dir='ltr' id='par_1_29' title="bbox 1764 641 3344 716">
     <span class='ocr_line' id='line_1_29' title="bbox 1764 641 3344 716; baseline -0.004 -17"><span class='ocrx_word' id='word_1_220' title='bbox 1764 645 1948 702; x_wconf 88' lang='lat' dir='ltr'><strong>ciebat</strong></span> <span class='ocrx_word' id='word_1_221' title='bbox 1981 645 2129 700; x_wconf 90' lang='lat' dir='ltr'><strong>enim</strong></span> <span class='ocrx_word' id='word_1_222' title='bbox 2173 645 2220 700; x_wconf 90' lang='lat' dir='ltr'><strong>is</strong></span> <span class='ocrx_word' id='word_1_223' title='bbox 2253 647 2343 716; x_wconf 89' lang='lat' dir='ltr'><strong>qui</strong></span> <span class='ocrx_word' id='word_1_224' title='bbox 2382 645 2518 702; x_wconf 75' lang='lat' dir='ltr'><strong>fines</strong></span> <span class='ocrx_word' id='word_1_225' title='bbox 2542 660 2725 700; x_wconf 91' lang='lat' dir='ltr'><strong>rerum</strong></span> <span class='ocrx_word' id='word_1_226' title='bbox 2775 645 3020 698; x_wconf 90' lang='lat' dir='ltr'><strong>omnium</strong></span> <span class='ocrx_word' id='word_1_227' title='bbox 3054 641 3210 711; x_wconf 88' lang='lat' dir='ltr'><strong>quasi</strong></span> <span class='ocrx_word' id='word_1_228' title='bbox 3243 656 3344 710; x_wconf 91' lang='lat' dir='ltr'><strong>pu-</strong></span> 
     </span>
    </p>
   </div>
   <div class='ocr_carea' id='block_1_30' title="bbox 1764 731 3340 808">
    <p class='ocr_par' dir='ltr' id='par_1_30' title="bbox 1764 731 3340 808">
     <span class='ocr_line' id='line_1_30' title="bbox 1764 731 3340 808; baseline -0.004 -18"><span class='ocrx_word' id='word_1_229' title='bbox 1764 751 1870 807; x_wconf 91' lang='lat' dir='ltr'><strong>gno</strong></span> <span class='ocrx_word' id='word_1_230' title='bbox 1901 737 2338 808; x_wconf 89' lang='lat' dir='ltr'><strong>comprehendit,</strong></span> <span class='ocrx_word' id='word_1_231' title='bbox 2386 737 2490 806; x_wconf 91' lang='lat' dir='ltr'><strong>(sic</strong></span> <span class='ocrx_word' id='word_1_232' title='bbox 2529 738 2676 792; x_wconf 89' lang='lat' dir='ltr'><strong>enim</strong></span> <span class='ocrx_word' id='word_1_233' title='bbox 2725 751 2916 792; x_wconf 88' lang='lat' dir='ltr'><strong>sacros</strong></span> <span class='ocrx_word' id='word_1_234' title='bbox 2949 735 3143 788; x_wconf 88' lang='lat' dir='ltr'><strong>Libros</strong></span> <span class='ocrx_word' id='word_1_235' title='bbox 3191 731 3340 801; x_wconf 90' lang='lat' dir='ltr'><strong>loqui</strong></span> 
     </span>
    </p>
   </div>
   <div class='ocr_carea' id='block_1_31' title="bbox 1762 823 3344 899">
    <p class='ocr_par' dir='ltr' id='par_1_31' title="bbox 1762 823 3344 899">
     <span class='ocr_line' id='line_1_31' title="bbox 1762 823 3344 899; baseline -0.003 -16"><span class='ocrx_word' id='word_1_236' title='bbox 1762 829 2012 884; x_wconf 80' lang='lat' dir='ltr'><strong>videmus</strong></span> <span class='ocrx_word' id='word_1_237' title='bbox 2069 847 2084 884; x_wconf 90' lang='lat'><strong>:</strong></span> <span class='ocrx_word' id='word_1_238' title='bbox 2145 846 2167 881; x_wconf 75' lang='grc' dir='ltr'><strong>ι</strong></span> <span class='ocrx_word' id='word_1_239' title='bbox 2234 827 2295 883; x_wconf 84' lang='grc' dir='ltr'>1η</span> <span class='ocrx_word' id='word_1_240' title='bbox 2349 845 2517 883; x_wconf 89' lang='lat' dir='ltr'><strong>manu</strong></span> <span class='ocrx_word' id='word_1_241' title='bbox 2575 829 2696 899; x_wconf 85' lang='lat' dir='ltr'><strong>ejus</strong></span> <span class='ocrx_word' id='word_1_242' title='bbox 2751 842 2944 882; x_wconf 92' lang='lat' dir='ltr'><strong>omnes</strong></span> <span class='ocrx_word' id='word_1_243' title='bbox 3003 833 3162 880; x_wconf 82' lang='lat' dir='ltr'><strong>terrae</strong></span> <span class='ocrx_word' id='word_1_244' title='bbox 3206 823 3344 879; x_wconf 80' lang='lat' dir='ltr'><strong>lines</strong></span> 
     </span>
    </p>
   </div>
   <div class='ocr_carea' id='block_1_32' title="bbox 1765 918 3347 994">
    <p class='ocr_par' dir='ltr' id='par_1_32' title="bbox 1765 918 3347 994">
     <span class='ocr_line' id='line_1_32' title="bbox 1765 918 3347 994; baseline -0.004 -17"><span class='ocrx_word' id='word_1_245' title='bbox 1765 930 1894 977; x_wconf 91' lang='lat' dir='ltr'><strong>sunt</strong></span> <span class='ocrx_word' id='word_1_246' title='bbox 1916 921 2044 994; x_wconf 77' lang='grc'>⁷⁸;›)</span> <span class='ocrx_word' id='word_1_247' title='bbox 2081 921 2452 992; x_wconf 81' lang='lat' dir='ltr'><strong>prospiciebat</strong></span> <span class='ocrx_word' id='word_1_248' title='bbox 2480 937 2614 991; x_wconf 89' lang='lat' dir='ltr'><strong>ergo</strong></span> <span class='ocrx_word' id='word_1_249' title='bbox 2638 962 2652 985; x_wconf 98' lang='lat'><strong>,</strong></span> <span class='ocrx_word' id='word_1_250' title='bbox 2687 921 2781 990; x_wconf 90' lang='lat' dir='ltr'><strong>qni</strong></span> <span class='ocrx_word' id='word_1_251' title='bbox 2808 919 2990 974; x_wconf 82' lang='lat' dir='ltr'><strong>omnia</strong></span> <span class='ocrx_word' id='word_1_252' title='bbox 3021 918 3187 973; x_wconf 86' lang='lat' dir='ltr'><strong>etiam</strong></span> <span class='ocrx_word' id='word_1_253' title='bbox 3217 924 3347 971; x_wconf 87' lang='lat' dir='ltr'><strong>ante</strong></span> 
     </span>
    </p>
   </div>
   <div class='ocr_carea' id='block_1_33' title="bbox 1766 1010 3344 1082">
    <p class='ocr_par' dir='ltr' id='par_1_33' title="bbox 1766 1010 3344 1082">
     <span class='ocr_line' id='line_1_33' title="bbox 1766 1010 3344 1082; baseline -0.004 -16"><span class='ocrx_word' id='word_1_254' title='bbox 1766 1019 1945 1066; x_wconf 89' lang='lat' dir='ltr'><strong>ortum</strong></span> <span class='ocrx_word' id='word_1_255' title='bbox 1992 1011 2237 1082; x_wconf 90' lang='lat' dir='ltr'><strong>ipsorum</strong></span> <span class='ocrx_word' id='word_1_256' title='bbox 2283 1011 2458 1073; x_wconf 88' lang='lat' dir='ltr'><strong>novit,</strong></span> <span class='ocrx_word' id='word_1_257' title='bbox 2507 1027 2668 1080; x_wconf 85' lang='lat' dir='ltr'><strong>quem</strong></span> <span class='ocrx_word' id='word_1_258' title='bbox 2713 1010 2781 1064; x_wconf 88' lang='lat' dir='ltr'><strong>ad</strong></span> <span class='ocrx_word' id='word_1_259' title='bbox 2829 1022 3118 1064; x_wconf 86' lang='lat' dir='ltr'><strong>numerum</strong></span> <span class='ocrx_word' id='word_1_260' title='bbox 3171 1021 3344 1075; x_wconf 79' lang='lat' dir='ltr'><strong>genus</strong></span> 
     </span>
    </p>
   </div>
   <div class='ocr_carea' id='block_1_34' title="bbox 1770 1100 3347 1172">
    <p class='ocr_par' dir='ltr' id='par_1_34' title="bbox 1770 1100 3347 1172">
     <span class='ocr_line' id='line_1_34' title="bbox 1770 1100 3347 1172; baseline -0.002 -16"><span class='ocrx_word' id='word_1_261' title='bbox 1770 1103 2070 1156; x_wconf 90' lang='lat' dir='ltr'><strong>humanum</strong></span> <span class='ocrx_word' id='word_1_262' title='bbox 2100 1103 2153 1156; x_wconf 89' lang='lat' dir='ltr'><strong>in</strong></span> <span class='ocrx_word' id='word_1_263' title='bbox 2179 1101 2416 1172; x_wconf 84' lang='lat' dir='ltr'><strong>singulis</strong></span> <span class='ocrx_word' id='word_1_264' title='bbox 2441 1103 2880 1172; x_wconf 82' lang='lat' dir='ltr'><strong>ampliﬁcandum</strong></span> <span class='ocrx_word' id='word_1_265' title='bbox 2914 1101 3070 1156; x_wconf 78' lang='lat' dir='ltr'><strong>foret.</strong></span> <span class='ocrx_word' id='word_1_266' title='bbox 3098 1100 3347 1168; x_wconf 81' lang='lat' dir='ltr'><strong>Cumque</strong></span> 
     </span>
    </p>
   </div>
   <div class='ocr_carea' id='block_1_35' title="bbox 1768 1190 3348 1256">
    <p class='ocr_par' dir='ltr' id='par_1_35' title="bbox 1768 1190 3348 1256">
     <span class='ocr_line' id='line_1_35' title="bbox 1768 1190 3348 1256; baseline -0.003 -8"><span class='ocrx_word' id='word_1_267' title='bbox 1768 1202 1823 1248; x_wconf 90' lang='lat' dir='ltr'><strong>et</strong></span> <span class='ocrx_word' id='word_1_268' title='bbox 1861 1194 1995 1247; x_wconf 90' lang='lat' dir='ltr'><strong>illud</strong></span> <span class='ocrx_word' id='word_1_269' title='bbox 2051 1195 2106 1248; x_wconf 91' lang='lat' dir='ltr'><strong>in</strong></span> <span class='ocrx_word' id='word_1_270' title='bbox 2160 1195 2319 1248; x_wconf 91' lang='lat' dir='ltr'><strong>nobis</strong></span> <span class='ocrx_word' id='word_1_271' title='bbox 2361 1193 2605 1247; x_wconf 82' lang='lat' dir='ltr'><strong>futurum</strong></span> <span class='ocrx_word' id='word_1_272' title='bbox 2653 1193 3134 1256; x_wconf 75' lang='lat' dir='ltr'><strong>animadverteret,</strong></span> <span class='ocrx_word' id='word_1_273' title='bbox 3168 1198 3229 1244; x_wconf 90' lang='lat' dir='ltr'><strong>ut</strong></span> <span class='ocrx_word' id='word_1_274' title='bbox 3279 1190 3348 1244; x_wconf 88' lang='lat' dir='ltr'><strong>ad</strong></span> 
     </span>
    </p>
   </div>
   <div class='ocr_carea' id='block_1_36' title="bbox 1771 1282 3346 1353">
    <p class='ocr_par' dir='ltr' id='par_1_36' title="bbox 1771 1282 3346 1353">
     <span class='ocr_line' id='line_1_36' title="bbox 1771 1282 3346 1353; baseline -0.003 -12"><span class='ocrx_word' id='word_1_275' title='bbox 1771 1295 1976 1341; x_wconf 87' lang='lat' dir='ltr'><strong>statum</strong></span> <span class='ocrx_word' id='word_1_276' title='bbox 2006 1287 2334 1341; x_wconf 77' lang='lat' dir='ltr'><strong>deteriorem</strong></span> <span class='ocrx_word' id='word_1_277' title='bbox 2364 1295 2579 1341; x_wconf 89' lang='lat' dir='ltr'><strong>nosmet</strong></span> <span class='ocrx_word' id='word_1_278' title='bbox 2601 1285 3031 1348; x_wconf 87' lang='lat' dir='ltr'><strong>demitteremus,</strong></span> <span class='ocrx_word' id='word_1_279' title='bbox 3065 1291 3227 1353; x_wconf 87' lang='lat' dir='ltr'><strong>atque</strong></span> <span class='ocrx_word' id='word_1_280' title='bbox 3253 1282 3346 1336; x_wconf 80' lang='lat' dir='ltr'><strong>de-</strong></span> 
     </span>
    </p>
   </div>
   <div class='ocr_carea' id='block_1_37' title="bbox 1773 1375 3352 1446">
    <p class='ocr_par' dir='ltr' id='par_1_37' title="bbox 1773 1375 3352 1446">
     <span class='ocr_line' id='line_1_37' title="bbox 1773 1375 3352 1446; baseline -0.002 -16"><span class='ocrx_word' id='word_1_281' title='bbox 1773 1377 1992 1446; x_wconf 89' lang='lat' dir='ltr'><strong>perdito</strong></span> <span class='ocrx_word' id='word_1_282' title='bbox 2023 1386 2217 1446; x_wconf 75' lang='lat' dir='ltr'><strong>Sponte</strong></span> <span class='ocrx_word' id='word_1_283' title='bbox 2250 1385 2454 1432; x_wconf 66' lang='lat' dir='ltr'><strong>nostra:</strong></span> <span class='ocrx_word' id='word_1_284' title='bbox 2483 1376 2764 1446; x_wconf 75' lang='lat' dir='ltr'><strong>dignitatis</strong></span> <span class='ocrx_word' id='word_1_285' title='bbox 2801 1375 3000 1446; x_wconf 88' lang='lat' dir='ltr'><strong>gradu,</strong></span> <span class='ocrx_word' id='word_1_286' title='bbox 3043 1390 3152 1444; x_wconf 91' lang='lat' dir='ltr'><strong>quo</strong></span> <span class='ocrx_word' id='word_1_287' title='bbox 3192 1388 3352 1444; x_wconf 89' lang='lat' dir='ltr'><strong>pares</strong></span> 
     </span>
    </p>
   </div>
   <div class='ocr_carea' id='block_1_38' title="bbox 1773 1468 3355 1540">
    <p class='ocr_par' dir='ltr' id='par_1_38' title="bbox 1773 1468 3355 1540">
     <span class='ocr_line' id='line_1_38' title="bbox 1773 1468 3355 1540; baseline -0.003 -18"><span class='ocrx_word' id='word_1_288' title='bbox 1773 1469 1984 1540; x_wconf 79' lang='lat' dir='ltr'><strong>angelis</strong></span> <span class='ocrx_word' id='word_1_289' title='bbox 2032 1485 2273 1533; x_wconf 85' lang='lat' dir='ltr'><strong>eramus,</strong></span> <span class='ocrx_word' id='word_1_290' title='bbox 2329 1469 2753 1524; x_wconf 74' lang='lat' dir='ltr'><strong>adhumilioris</strong></span> <span class='ocrx_word' id='word_1_291' title='bbox 2805 1468 2973 1522; x_wconf 87' lang='lat' dir='ltr'><strong>sortis</strong></span> <span class='ocrx_word' id='word_1_292' title='bbox 3021 1473 3205 1522; x_wconf 87' lang='lat' dir='ltr'><strong>creata</strong></span> <span class='ocrx_word' id='word_1_293' title='bbox 3251 1479 3355 1518; x_wconf 90' lang='lat' dir='ltr'><strong>nos</strong></span> 
     </span>
    </p>
   </div>
   <div class='ocr_carea' id='block_1_39' title="bbox 1773 1557 3358 1631">
    <p class='ocr_par' dir='ltr' id='par_1_39' title="bbox 1773 1557 3358 1631">
     <span class='ocr_line' id='line_1_39' title="bbox 1773 1557 3358 1631; baseline -0.003 -17"><span class='ocrx_word' id='word_1_294' title='bbox 1773 1561 2206 1631; x_wconf 86' lang='lat' dir='ltr'><strong>adjungeremns</strong></span> <span class='ocrx_word' id='word_1_295' title='bbox 2237 1580 2249 1616; x_wconf 94' lang='lat'><strong>:</strong></span> <span class='ocrx_word' id='word_1_296' title='bbox 2283 1561 2449 1616; x_wconf 88' lang='lat' dir='ltr'><strong>etiam</strong></span> <span class='ocrx_word' id='word_1_297' title='bbox 2473 1561 2697 1615; x_wconf 87' lang='lat' dir='ltr'><strong>brutum</strong></span> <span class='ocrx_word' id='word_1_298' title='bbox 2737 1559 2950 1629; x_wconf 90' lang='lat' dir='ltr'><strong>aliquid</strong></span> <span class='ocrx_word' id='word_1_299' title='bbox 2982 1557 3206 1626; x_wconf 83' lang='lat' dir='ltr'><strong>imagini</strong></span> <span class='ocrx_word' id='word_1_300' title='bbox 3242 1571 3358 1611; x_wconf 75' lang='lat' dir='ltr'><strong>sua:</strong></span> 
     </span>
    </p>
   </div>
   <div class='ocr_carea' id='block_1_40' title="bbox 1776 1648 3357 1717">
    <p class='ocr_par' dir='ltr' id='par_1_40' title="bbox 1776 1648 3357 1717">
     <span class='ocr_line' id='line_1_40' title="bbox 1776 1648 3357 1717; baseline -0.003 -12"><span class='ocrx_word' id='word_1_301' title='bbox 1776 1651 2095 1708; x_wconf 81' lang='lat' dir='ltr'><strong>admiscuit.</strong></span> <span class='ocrx_word' id='word_1_302' title='bbox 2148 1651 2266 1706; x_wconf 88' lang='lat' dir='ltr'><strong>Non</strong></span> <span class='ocrx_word' id='word_1_303' title='bbox 2316 1652 2460 1707; x_wconf 90' lang='lat' dir='ltr'><strong>enim</strong></span> <span class='ocrx_word' id='word_1_304' title='bbox 2515 1650 2750 1706; x_wconf 82' lang='lat' dir='ltr'><strong>masculi</strong></span> <span class='ocrx_word' id='word_1_305' title='bbox 2808 1648 3139 1717; x_wconf 78' lang='lat' dir='ltr'><strong>femineique</strong></span> <span class='ocrx_word' id='word_1_306' title='bbox 3191 1661 3357 1701; x_wconf 84' lang='lat' dir='ltr'><strong>sexus</strong></span> 
     </span>
    </p>
   </div>
   <div class='ocr_carea' id='block_1_41' title="bbox 1776 1743 3359 1814">
    <p class='ocr_par' dir='ltr' id='par_1_41' title="bbox 1776 1743 3359 1814">
     <span class='ocr_line' id='line_1_41' title="bbox 1776 1743 3359 1814; baseline -0.002 -16"><span class='ocrx_word' id='word_1_307' title='bbox 1776 1743 2070 1800; x_wconf 87' lang='lat' dir='ltr'><strong>discrimen</strong></span> <span class='ocrx_word' id='word_1_308' title='bbox 2107 1744 2160 1798; x_wconf 90' lang='lat' dir='ltr'><strong>in</strong></span> <span class='ocrx_word' id='word_1_309' title='bbox 2199 1745 2290 1798; x_wconf 88' lang='lat' dir='ltr'><strong>illa</strong></span> <span class='ocrx_word' id='word_1_310' title='bbox 2322 1744 2506 1798; x_wconf 86' lang='lat' dir='ltr'><strong>divina</strong></span> <span class='ocrx_word' id='word_1_311' title='bbox 2542 1745 2810 1814; x_wconf 87' lang='lat' dir='ltr'><strong>beataque</strong></span> <span class='ocrx_word' id='word_1_312' title='bbox 2860 1752 3058 1797; x_wconf 90' lang='lat' dir='ltr'><strong>natura</strong></span> <span class='ocrx_word' id='word_1_313' title='bbox 3097 1757 3222 1796; x_wconf 90' lang='lat' dir='ltr'><strong>esse</strong></span> <span class='ocrx_word' id='word_1_314' title='bbox 3255 1757 3359 1810; x_wconf 78' lang='lat' dir='ltr'><strong>pu—</strong></span> 
     </span>
    </p>
   </div>
   <div class='ocr_carea' id='block_1_42' title="bbox 1779 1833 3359 1902">
    <p class='ocr_par' dir='ltr' id='par_1_42' title="bbox 1779 1833 3359 1902">
     <span class='ocr_line' id='line_1_42' title="bbox 1779 1833 3359 1902; baseline -0.001 -14"><span class='ocrx_word' id='word_1_315' title='bbox 1779 1836 1880 1888; x_wconf 89' lang='lat' dir='ltr'><strong>tari</strong></span> <span class='ocrx_word' id='word_1_316' title='bbox 1943 1835 2138 1902; x_wconf 83' lang='lat' dir='ltr'><strong>debet,</strong></span> <span class='ocrx_word' id='word_1_317' title='bbox 2199 1837 2292 1892; x_wconf 89' lang='lat' dir='ltr'><strong>sed</strong></span> <span class='ocrx_word' id='word_1_318' title='bbox 2342 1837 2611 1891; x_wconf 89' lang='lat' dir='ltr'><strong>translato</strong></span> <span class='ocrx_word' id='word_1_319' title='bbox 2663 1835 2808 1891; x_wconf 88' lang='lat' dir='ltr'><strong>Deus</strong></span> <span class='ocrx_word' id='word_1_320' title='bbox 2858 1835 2910 1888; x_wconf 92' lang='lat' dir='ltr'><strong>in</strong></span> <span class='ocrx_word' id='word_1_321' title='bbox 2960 1833 3240 1888; x_wconf 84' lang='lat' dir='ltr'><strong>hominem</strong></span> <span class='ocrx_word' id='word_1_322' title='bbox 3293 1845 3359 1886; x_wconf 89' lang='lat' dir='ltr'><strong>eo</strong></span> 
     </span>
    </p>
   </div>
   <div class='ocr_carea' id='block_1_43' title="bbox 1777 1923 3357 1998">
    <p class='ocr_par' dir='ltr' id='par_1_43' title="bbox 1777 1923 3357 1998">
     <span class='ocr_line' id='line_1_43' title="bbox 1777 1923 3357 1998; baseline -0.003 -17"><span class='ocrx_word' id='word_1_323' title='bbox 1777 1928 1921 1996; x_wconf 91' lang='lat' dir='ltr'><strong>quod</strong></span> <span class='ocrx_word' id='word_1_324' title='bbox 1958 1927 2179 1997; x_wconf 77' lang='lat' dir='ltr'><strong>Opificio</strong></span> <span class='ocrx_word' id='word_1_325' title='bbox 2217 1928 2382 1982; x_wconf 88' lang='lat' dir='ltr'><strong>bruto</strong></span> <span class='ocrx_word' id='word_1_326' title='bbox 2416 1928 2700 1998; x_wconf 88' lang='lat' dir='ltr'><strong>proprium</strong></span> <span class='ocrx_word' id='word_1_327' title='bbox 2737 1935 2878 1990; x_wconf 82' lang='lat' dir='ltr'><strong>erat,</strong></span> <span class='ocrx_word' id='word_1_328' title='bbox 2915 1924 3138 1980; x_wconf 91' lang='lat' dir='ltr'><strong>modum</strong></span> <span class='ocrx_word' id='word_1_329' title='bbox 3171 1923 3357 1995; x_wconf 84' lang='lat' dir='ltr'><strong>generi</strong></span> 
     </span>
    </p>
   </div>
   <div class='ocr_carea' id='block_1_44' title="bbox 1779 2020 3357 2091">
    <p class='ocr_par' dir='ltr' id='par_1_44' title="bbox 1779 2020 3357 2091">
     <span class='ocr_line' id='line_1_44' title="bbox 1779 2020 3357 2091; baseline -0.002 -17"><span class='ocrx_word' id='word_1_330' title='bbox 1779 2027 1973 2075; x_wconf 87' lang='lat' dir='ltr'><strong>nostro</strong></span> <span class='ocrx_word' id='word_1_331' title='bbox 2001 2021 2416 2091; x_wconf 88' lang='lat' dir='ltr'><strong>propagationis</strong></span> <span class='ocrx_word' id='word_1_332' title='bbox 2443 2021 2581 2076; x_wconf 84' lang='lat' dir='ltr'><strong>adeo</strong></span> <span class='ocrx_word' id='word_1_333' title='bbox 2611 2020 2901 2075; x_wconf 85' lang='lat' dir='ltr'><strong>excellenti</strong></span> <span class='ocrx_word' id='word_1_334' title='bbox 2925 2027 3115 2074; x_wconf 90' lang='lat' dir='ltr'><strong>creato</strong></span> <span class='ocrx_word' id='word_1_335' title='bbox 3148 2033 3357 2087; x_wconf 88' lang='lat' dir='ltr'><strong>nequa-</strong></span> 
     </span>
    </p>
   </div>
   <div class='ocr_carea' id='block_1_45' title="bbox 1779 2112 3362 2183">
    <p class='ocr_par' dir='ltr' id='par_1_45' title="bbox 1779 2112 3362 2183">
     <span class='ocr_line' id='line_1_45' title="bbox 1779 2112 3362 2183; baseline -0.001 -17"><span class='ocrx_word' id='word_1_336' title='bbox 1779 2128 1942 2183; x_wconf 87' lang='lat' dir='ltr'><strong>quam</strong></span> <span class='ocrx_word' id='word_1_337' title='bbox 1971 2114 2415 2182; x_wconf 68' lang='lat' dir='ltr'><strong>fconsenlaneum</strong></span> <span class='ocrx_word' id='word_1_338' title='bbox 2472 2114 2682 2168; x_wconf 84' lang='lat' dir='ltr'><strong>tribuit.</strong></span> <span class='ocrx_word' id='word_1_339' title='bbox 2727 2112 2862 2166; x_wconf 88' lang='lat' dir='ltr'><strong>Nam</strong></span> <span class='ocrx_word' id='word_1_340' title='bbox 2907 2112 3220 2166; x_wconf 82' lang='lat' dir='ltr'><strong>facultatem</strong></span> <span class='ocrx_word' id='word_1_341' title='bbox 3262 2126 3362 2165; x_wconf 82' lang='lat' dir='ltr'><strong>au-</strong></span> 
     </span>
    </p>
   </div>
   <div class='ocr_carea' id='block_1_46' title="bbox 1781 2203 3360 2276">
    <p class='ocr_par' dir='ltr' id='par_1_46' title="bbox 1781 2203 3360 2276">
     <span class='ocr_line' id='line_1_46' title="bbox 1781 2203 3360 2276; baseline -0.001 -19"><span class='ocrx_word' id='word_1_342' title='bbox 1781 2205 1942 2275; x_wconf 77' lang='lat' dir='ltr'><strong>gendi</strong></span> <span class='ocrx_word' id='word_1_343' title='bbox 1967 2213 2021 2259; x_wconf 87' lang='lat' dir='ltr'><strong>et</strong></span> <span class='ocrx_word' id='word_1_344' title='bbox 2054 2205 2420 2276; x_wconf 85' lang='lat' dir='ltr'><strong>ampliﬁcandi</strong></span> <span class='ocrx_word' id='word_1_345' title='bbox 2461 2205 2677 2275; x_wconf 80' lang='lat' dir='ltr'><strong>generis</strong></span> <span class='ocrx_word' id='word_1_346' title='bbox 2705 2205 2914 2260; x_wconf 87' lang='lat' dir='ltr'><strong>homini</strong></span> <span class='ocrx_word' id='word_1_347' title='bbox 2947 2217 3053 2258; x_wconf 88' lang='lat' dir='ltr'><strong>non</strong></span> <span class='ocrx_word' id='word_1_348' title='bbox 3088 2203 3284 2257; x_wconf 81' lang='lat' dir='ltr'><strong>tribuit</strong></span> <span class='ocrx_word' id='word_1_349' title='bbox 3308 2203 3360 2255; x_wconf 90' lang='lat' dir='ltr'><strong>id</strong></span> 
     </span>
    </p>
   </div>
   <div class='ocr_carea' id='block_1_47' title="bbox 1784 2291 3364 2364">
    <p class='ocr_par' dir='ltr' id='par_1_47' title="bbox 1784 2291 3364 2364">
     <span class='ocr_line' id='line_1_47' title="bbox 1784 2291 3364 2364; baseline -0.003 -17"><span class='ocrx_word' id='word_1_350' title='bbox 1784 2294 2070 2364; x_wconf 89' lang='lat' dir='ltr'><strong>temporis,</strong></span> <span class='ocrx_word' id='word_1_351' title='bbox 2106 2309 2216 2363; x_wconf 92' lang='lat' dir='ltr'><strong>quo</strong></span> <span class='ocrx_word' id='word_1_352' title='bbox 2246 2309 2369 2349; x_wconf 90' lang='lat' dir='ltr'><strong>eum</strong></span> <span class='ocrx_word' id='word_1_353' title='bbox 2401 2293 2468 2347; x_wconf 89' lang='lat' dir='ltr'><strong>ad</strong></span> <span class='ocrx_word' id='word_1_354' title='bbox 2517 2294 2602 2348; x_wconf 89' lang='lat' dir='ltr'><strong>sui</strong></span> <span class='ocrx_word' id='word_1_355' title='bbox 2635 2294 2924 2364; x_wconf 90' lang='lat' dir='ltr'><strong>imaginem</strong></span> <span class='ocrx_word' id='word_1_356' title='bbox 2965 2292 3234 2356; x_wconf 90' lang='lat' dir='ltr'><strong>condidit,</strong></span> <span class='ocrx_word' id='word_1_357' title='bbox 3267 2291 3364 2345; x_wconf 82' lang='lat' dir='ltr'><strong>sed</strong></span> 
     </span>
    </p>
   </div>
   <div class='ocr_carea' id='block_1_48' title="bbox 1785 2384 3359 2454">
    <p class='ocr_par' dir='ltr' id='par_1_48' title="bbox 1785 2384 3359 2454">
     <span class='ocr_line' id='line_1_48' title="bbox 1785 2384 3359 2454; baseline -0.001 -14"><span class='ocrx_word' id='word_1_358' title='bbox 1785 2400 1908 2440; x_wconf 89' lang='lat' dir='ltr'><strong>cum</strong></span> <span class='ocrx_word' id='word_1_359' title='bbox 1941 2387 1996 2440; x_wconf 92' lang='lat' dir='ltr'><strong>in</strong></span> <span class='ocrx_word' id='word_1_360' title='bbox 2031 2401 2096 2440; x_wconf 90' lang='lat' dir='ltr'><strong>eo</strong></span> <span class='ocrx_word' id='word_1_361' title='bbox 2127 2401 2295 2441; x_wconf 79' lang='lat' dir='ltr'><strong>sexus</strong></span> <span class='ocrx_word' id='word_1_362' title='bbox 2333 2386 2563 2442; x_wconf 89' lang='lat' dir='ltr'><strong>masculi</strong></span> <span class='ocrx_word' id='word_1_363' title='bbox 2600 2384 2930 2454; x_wconf 82' lang='lat' dir='ltr'><strong>femineique</strong></span> <span class='ocrx_word' id='word_1_364' title='bbox 2957 2385 3253 2439; x_wconf 85' lang='lat' dir='ltr'><strong>discrimen</strong></span> <span class='ocrx_word' id='word_1_365' title='bbox 3285 2385 3359 2439; x_wconf 76' lang='lat' dir='ltr'><strong>fe-</strong></span> 
     </span>
    </p>
   </div>
   <div class='ocr_carea' id='block_1_49' title="bbox 1786 2477 3366 2549">
    <p class='ocr_par' dir='ltr' id='par_1_49' title="bbox 1786 2477 3366 2549">
     <span class='ocr_line' id='line_1_49' title="bbox 1786 2477 3366 2549; baseline -0.003 -17"><span class='ocrx_word' id='word_1_366' title='bbox 1786 2477 1972 2542; x_wconf 87' lang='lat' dir='ltr'><strong>cisset,</strong></span> <span class='ocrx_word' id='word_1_367' title='bbox 2005 2479 2183 2548; x_wconf 89' lang='lat' dir='ltr'><strong>inquit</strong></span> <span class='ocrx_word' id='word_1_368' title='bbox 2214 2497 2227 2532; x_wconf 87' lang='lat'><strong>:</strong></span> <span class='ocrx_word' id='word_1_369' title='bbox 2267 2495 2286 2528; x_wconf 79' lang='grc' dir='ltr'><strong>ι</strong></span> <span class='ocrx_word' id='word_1_370' title='bbox 2332 2479 2647 2549; x_wconf 87' lang='lat' dir='ltr'><strong>Augescite,</strong></span> <span class='ocrx_word' id='word_1_371' title='bbox 2691 2495 2754 2533; x_wconf 90' lang='lat' dir='ltr'><strong>ac</strong></span> <span class='ocrx_word' id='word_1_372' title='bbox 2776 2487 2989 2534; x_wconf 79' lang='lat' dir='ltr'><strong>vosmet</strong></span> <span class='ocrx_word' id='word_1_373' title='bbox 3019 2479 3366 2547; x_wconf 82' lang='lat' dir='ltr'><strong>ampliticatc.</strong></span> 
     </span>
    </p>
   </div>
   <div class='ocr_carea' id='block_1_50' title="bbox 1787 2569 3369 2639">
    <p class='ocr_par' dir='ltr' id='par_1_50' title="bbox 1787 2569 3369 2639">
     <span class='ocr_line' id='line_1_50' title="bbox 1787 2569 3369 2639; baseline -0.001 -15"><span class='ocrx_word' id='word_1_374' title='bbox 1787 2577 1842 2624; x_wconf 81' lang='lat' dir='ltr'><strong>et</strong></span> <span class='ocrx_word' id='word_1_375' title='bbox 1889 2577 2090 2622; x_wconf 86' lang='lat' dir='ltr'><strong>terram</strong></span> <span class='ocrx_word' id='word_1_376' title='bbox 2131 2569 2403 2638; x_wconf 90' lang='lat' dir='ltr'><strong>complete</strong></span> <span class='ocrx_word' id='word_1_377' title='bbox 2432 2572 2498 2625; x_wconf 76' lang='grc'><strong>⁷⁸.</strong></span> <span class='ocrx_word' id='word_1_378' title='bbox 2552 2591 2569 2621; x_wconf 76' lang='grc' dir='ltr'><strong>ι</strong></span> <span class='ocrx_word' id='word_1_379' title='bbox 2604 2569 2658 2624; x_wconf 88' lang='lat' dir='ltr'><strong>Id</strong></span> <span class='ocrx_word' id='word_1_380' title='bbox 2691 2571 2835 2626; x_wconf 90' lang='lat' dir='ltr'><strong>enim</strong></span> <span class='ocrx_word' id='word_1_381' title='bbox 2870 2586 2979 2625; x_wconf 90' lang='lat' dir='ltr'><strong>non</strong></span> <span class='ocrx_word' id='word_1_382' title='bbox 3017 2571 3128 2639; x_wconf 89' lang='lat' dir='ltr'><strong>jam</strong></span> <span class='ocrx_word' id='word_1_383' title='bbox 3171 2570 3369 2624; x_wconf 79' lang='lat' dir='ltr'><strong>divinae</strong></span> 
     </span>
    </p>
   </div>
   <div class='ocr_carea' id='block_1_51' title="bbox 118 2660 3367 2735">
    <p class='ocr_par' dir='ltr' id='par_1_51' title="bbox 118 2660 3367 2735">
     <span class='ocr_line' id='line_1_51' title="bbox 118 2660 3367 2735; baseline 0.001 -18"><span class='ocrx_word' id='word_1_384' title='bbox 118 2672 304 2721; x_wconf 72' lang='lat' dir='ltr'><strong>natura:</strong></span> <span class='ocrx_word' id='word_1_385' title='bbox 351 2667 679 2722; x_wconf 87' lang='lat' dir='ltr'><strong>attributum</strong></span> <span class='ocrx_word' id='word_1_386' title='bbox 711 2673 814 2728; x_wconf 92' lang='lat' dir='ltr'><strong>est,</strong></span> <span class='ocrx_word' id='word_1_387' title='bbox 859 2663 954 2718; x_wconf 89' lang='lat' dir='ltr'><strong>scd</strong></span> <span class='ocrx_word' id='word_1_388' title='bbox 989 2664 1162 2718; x_wconf 74' lang='lat' dir='ltr'><strong>bruta:</strong></span> <span class='ocrx_word' id='word_1_389' title='bbox 1191 2682 1205 2716; x_wconf 87' lang='lat'><strong>:</strong></span> <span class='ocrx_word' id='word_1_390' title='bbox 1237 2660 1692 2732; x_wconf 86' lang='lat' dir='ltr'><strong>quemadmodum</strong></span> <span class='ocrx_word' id='word_1_391' title='bbox 1747 2662 1865 2732; x_wconf 87' lang='lat' dir='ltr'><strong>ipsa</strong></span> <span class='ocrx_word' id='word_1_392' title='bbox 1917 2679 2100 2718; x_wconf 86' lang='lat' dir='ltr'><strong>rerum</strong></span> <span class='ocrx_word' id='word_1_393' title='bbox 2153 2676 2428 2735; x_wconf 85' lang='lat' dir='ltr'><strong>gestarum</strong></span> <span class='ocrx_word' id='word_1_394' title='bbox 2469 2666 2640 2720; x_wconf 85' lang='lat' dir='ltr'><strong>series</strong></span> <span class='ocrx_word' id='word_1_395' title='bbox 2668 2667 2927 2728; x_wconf 87' lang='lat' dir='ltr'><strong>ostendit,</strong></span> <span class='ocrx_word' id='word_1_396' title='bbox 2965 2665 3134 2720; x_wconf 88' lang='lat' dir='ltr'><strong>Deum</strong></span> <span class='ocrx_word' id='word_1_397' title='bbox 3177 2666 3367 2722; x_wconf 89' lang='lat' dir='ltr'><strong>eadem</strong></span> 
     </span>
    </p>
   </div>
   <div class='ocr_carea' id='block_1_52' title="bbox 119 2753 3369 2829">
    <p class='ocr_par' dir='ltr' id='par_1_52' title="bbox 119 2753 3369 2829">
     <span class='ocr_line' id='line_1_52' title="bbox 119 2753 3369 2829; baseline 0 -18"><span class='ocrx_word' id='word_1_398' title='bbox 119 2757 262 2811; x_wconf 87' lang='lat' dir='ltr'><strong>etiam</strong></span> <span class='ocrx_word' id='word_1_399' title='bbox 304 2759 369 2813; x_wconf 90' lang='lat' dir='ltr'><strong>de</strong></span> <span class='ocrx_word' id='word_1_400' title='bbox 413 2757 598 2814; x_wconf 88' lang='lat' dir='ltr'><strong>brutis</strong></span> <span class='ocrx_word' id='word_1_401' title='bbox 648 2758 990 2826; x_wconf 85' lang='lat' dir='ltr'><strong>prolocutum</strong></span> <span class='ocrx_word' id='word_1_402' title='bbox 1052 2771 1194 2811; x_wconf 84' lang='lat' dir='ltr'><strong>esse.</strong></span> <span class='ocrx_word' id='word_1_403' title='bbox 1238 2753 1309 2808; x_wconf 89' lang='lat' dir='ltr'><strong>Ut</strong></span> <span class='ocrx_word' id='word_1_404' title='bbox 1353 2755 1578 2808; x_wconf 90' lang='lat' dir='ltr'><strong>omnino</strong></span> <span class='ocrx_word' id='word_1_405' title='bbox 1628 2755 1975 2809; x_wconf 84' lang='lat' dir='ltr'><strong>statuendum</strong></span> <span class='ocrx_word' id='word_1_406' title='bbox 2031 2760 2122 2823; x_wconf 90' lang='lat' dir='ltr'><strong>sit,</strong></span> <span class='ocrx_word' id='word_1_407' title='bbox 2177 2759 2326 2813; x_wconf 92' lang='lat' dir='ltr'><strong>nullo</strong></span> <span class='ocrx_word' id='word_1_408' title='bbox 2382 2760 2540 2813; x_wconf 88' lang='lat' dir='ltr'><strong>nobis</strong></span> <span class='ocrx_word' id='word_1_409' title='bbox 2592 2766 2753 2829; x_wconf 89' lang='lat' dir='ltr'><strong>pacto</strong></span> <span class='ocrx_word' id='word_1_410' title='bbox 2803 2759 3201 2829; x_wconf 85' lang='lat' dir='ltr'><strong>procreationis</strong></span> <span class='ocrx_word' id='word_1_411' title='bbox 3243 2774 3369 2827; x_wconf 83' lang='lat' dir='ltr'><strong>spe-</strong></span> 
     </span>
    </p>
   </div>
   <div class='ocr_carea' id='block_1_53' title="bbox 119 2844 1660 2920">
    <p class='ocr_par' dir='ltr' id='par_1_53' title="bbox 119 2844 1660 2920">
     <span class='ocr_line' id='line_1_53' title="bbox 119 2844 1660 2920; baseline -0.002 -17"><span class='ocrx_word' id='word_1_412' title='bbox 119 2849 208 2914; x_wconf 90' lang='lat' dir='ltr'><strong>cie,</strong></span> <span class='ocrx_word' id='word_1_413' title='bbox 235 2865 336 2920; x_wconf 91' lang='lat' dir='ltr'><strong>qna</strong></span> <span class='ocrx_word' id='word_1_414' title='bbox 368 2850 530 2904; x_wconf 87' lang='lat' dir='ltr'><strong>bruta</strong></span> <span class='ocrx_word' id='word_1_415' title='bbox 567 2856 958 2918; x_wconf 84' lang='lat' dir='ltr'><strong>propagantur,</strong></span> <span class='ocrx_word' id='word_1_416' title='bbox 1009 2862 1148 2918; x_wconf 89' lang='lat' dir='ltr'><strong>opus</strong></span> <span class='ocrx_word' id='word_1_417' title='bbox 1197 2845 1442 2900; x_wconf 84' lang='lat' dir='ltr'><strong>futurum</strong></span> <span class='ocrx_word' id='word_1_418' title='bbox 1489 2844 1660 2900; x_wconf 81' lang='lat' dir='ltr'><strong>fuisse</strong></span> 
     </span>
    </p>
   </div>
   <div class='ocr_carea' id='block_1_54' title="bbox 1707 2845 3373 2918">
    <p class='ocr_par' dir='ltr' id='par_1_54' title="bbox 1707 2845 3373 2918">
     <span class='ocr_line' id='line_1_54' title="bbox 1707 2845 3373 2918; baseline 0.002 -21"><span class='ocrx_word' id='word_1_419' title='bbox 1707 2861 1720 2897; x_wconf 90' lang='lat'><strong>:</strong></span> <span class='ocrx_word' id='word_1_420' title='bbox 1765 2845 1810 2899; x_wconf 92' lang='lat' dir='ltr'><strong>si</strong></span> <span class='ocrx_word' id='word_1_421' title='bbox 1865 2847 2085 2916; x_wconf 88' lang='lat' dir='ltr'><strong>quidem</strong></span> <span class='ocrx_word' id='word_1_422' title='bbox 2139 2863 2201 2902; x_wconf 88' lang='lat' dir='ltr'><strong>ea</strong></span> <span class='ocrx_word' id='word_1_423' title='bbox 2245 2863 2408 2918; x_wconf 92' lang='lat' dir='ltr'><strong>quam</strong></span> <span class='ocrx_word' id='word_1_424' title='bbox 2449 2849 2687 2904; x_wconf 83' lang='lat' dir='ltr'><strong>diximus</strong></span> <span class='ocrx_word' id='word_1_425' title='bbox 2729 2863 2863 2904; x_wconf 86' lang='lat' dir='ltr'><strong>voce</strong></span> <span class='ocrx_word' id='word_1_426' title='bbox 2897 2848 3102 2902; x_wconf 86' lang='lat' dir='ltr'><strong>homini</strong></span> <span class='ocrx_word' id='word_1_427' title='bbox 3143 2847 3373 2902; x_wconf 79' lang='lat' dir='ltr'><strong>faculta-</strong></span> 
     </span>
    </p>
   </div>
   <div class='ocr_carea' id='block_1_55' title="bbox 121 2941 2753 3014">
    <p class='ocr_par' dir='ltr' id='par_1_55' title="bbox 121 2941 2753 3014">
     <span class='ocr_line' id='line_1_55' title="bbox 121 2941 2753 3014; baseline -0.001 -18"><span class='ocrx_word' id='word_1_428' title='bbox 121 2952 214 2998; x_wconf 88' lang='lat' dir='ltr'><strong>tem</strong></span> <span class='ocrx_word' id='word_1_429' title='bbox 239 2943 460 3014; x_wconf 89' lang='lat' dir='ltr'><strong>augendi</strong></span> <span class='ocrx_word' id='word_1_430' title='bbox 496 2959 557 2999; x_wconf 90' lang='lat' dir='ltr'><strong>sc</strong></span> <span class='ocrx_word' id='word_1_431' title='bbox 597 2943 956 2998; x_wconf 88' lang='lat' dir='ltr'><strong>concessisset</strong></span> <span class='ocrx_word' id='word_1_432' title='bbox 1014 2941 1334 3011; x_wconf 87' lang='lat' dir='ltr'><strong>priusquam</strong></span> <span class='ocrx_word' id='word_1_433' title='bbox 1365 2942 1419 2993; x_wconf 91' lang='lat' dir='ltr'><strong>in</strong></span> <span class='ocrx_word' id='word_1_434' title='bbox 1468 2948 1665 2994; x_wconf 89' lang='lat' dir='ltr'><strong>natura</strong></span> <span class='ocrx_word' id='word_1_435' title='bbox 1696 2949 1882 2994; x_wconf 88' lang='lat' dir='ltr'><strong>nostra</strong></span> <span class='ocrx_word' id='word_1_436' title='bbox 1911 2956 2076 2996; x_wconf 77' lang='lat' dir='ltr'><strong>sexus</strong></span> <span class='ocrx_word' id='word_1_437' title='bbox 2108 2942 2404 2997; x_wconf 83' lang='lat' dir='ltr'><strong>discrimen</strong></span> <span class='ocrx_word' id='word_1_438' title='bbox 2444 2944 2753 2997; x_wconf 85' lang='lat' dir='ltr'><strong>exsisteret.</strong></span> 
     </span>
    </p>
   </div>
   <div class='ocr_carea' id='block_1_56' title="bbox 179 3033 1684 3107">
    <p class='ocr_par' dir='ltr' id='par_1_56' title="bbox 179 3033 1684 3107">
     <span class='ocr_line' id='line_1_56' title="bbox 179 3033 1684 3107; baseline -0.001 -20"><span class='ocrx_word' id='word_1_439' title='bbox 179 3036 364 3089; x_wconf 79' lang='grc' dir='ltr'>Τούτου</span> <span class='ocrx_word' id='word_1_440' title='bbox 402 3037 584 3089; x_wconf 88' lang='grc' dir='ltr'>τοίνυν</span> <span class='ocrx_word' id='word_1_441' title='bbox 618 3033 1152 3107; x_wconf 82' lang='grc' dir='ltr'>προκατανοηθέντος</span> <span class='ocrx_word' id='word_1_442' title='bbox 1181 3033 1267 3086; x_wconf 75' lang='grc' dir='ltr'>διὰ</span> <span class='ocrx_word' id='word_1_443' title='bbox 1306 3033 1404 3102; x_wconf 80' lang='grc' dir='ltr'>τῆς</span> <span class='ocrx_word' id='word_1_444' title='bbox 1433 3049 1684 3102; x_wconf 87' lang='grc' dir='ltr'>προγνω-</span> 
     </span>
    </p>
   </div>
   <div class='ocr_carea' id='block_1_57' title="bbox 123 3121 1686 3198">
    <p class='ocr_par' dir='ltr' id='par_1_57' title="bbox 123 3121 1686 3198">
     <span class='ocr_line' id='line_1_57' title="bbox 123 3121 1686 3198; baseline -0.001 -23"><span class='ocrx_word' id='word_1_445' title='bbox 123 3125 289 3194; x_wconf 82' lang='grc' dir='ltr'>στικῆς</span> <span class='ocrx_word' id='word_1_446' title='bbox 314 3125 593 3198; x_wconf 77' lang='grc' dir='ltr'>ἐνεργείας</span> <span class='ocrx_word' id='word_1_447' title='bbox 611 3124 979 3196; x_wconf 82' lang='grc' dir='ltr'>πληρώματος</span> <span class='ocrx_word' id='word_1_448' title='bbox 999 3123 1105 3176; x_wconf 81' lang='grc' dir='ltr'>τῶν</span> <span class='ocrx_word' id='word_1_449' title='bbox 1129 3121 1450 3196; x_wconf 82' lang='grc' dir='ltr'>ἀνθρώπων,</span> <span class='ocrx_word' id='word_1_450' title='bbox 1475 3122 1561 3175; x_wconf 80' lang='grc' dir='ltr'><strong>διὰ</strong></span> <span class='ocrx_word' id='word_1_451' title='bbox 1587 3124 1686 3193; x_wconf 83' lang='grc' dir='ltr'>τῆς</span> 
     </span>
    </p>
   </div>
   <div class='ocr_carea' id='block_1_58' title="bbox 124 3213 1686 3290">
    <p class='ocr_par' dir='ltr' id='par_1_58' title="bbox 124 3213 1686 3290">
     <span class='ocr_line' id='line_1_58' title="bbox 124 3213 1686 3290; baseline -0.001 -21"><span class='ocrx_word' id='word_1_452' title='bbox 124 3213 478 3290; x_wconf 73' lang='grc' dir='ltr'>ζακυδεστέρας</span> <span class='ocrx_word' id='word_1_453' title='bbox 501 3218 768 3287; x_wconf 86' lang='grc' dir='ltr'>γενέσεως</span> <span class='ocrx_word' id='word_1_454' title='bbox 787 3218 880 3270; x_wconf 69' lang='grc' dir='ltr'>ἐπὶ</span> <span class='ocrx_word' id='word_1_455' title='bbox 901 3217 997 3288; x_wconf 86' lang='grc' dir='ltr'><strong>τὴν</strong></span> <span class='ocrx_word' id='word_1_456' title='bbox 1021 3216 1165 3286; x_wconf 75' lang='grc' dir='ltr'>ζωὴν</span> <span class='ocrx_word' id='word_1_457' title='bbox 1189 3217 1468 3286; x_wconf 84' lang='grc' dir='ltr'>μέλλοντος</span> <span class='ocrx_word' id='word_1_458' title='bbox 1495 3215 1686 3286; x_wconf 87' lang='grc' dir='ltr'>παριέ-</span> 
     </span>
    </p>
   </div>
   <div class='ocr_carea' id='block_1_59' title="bbox 125 3308 1685 3382">
    <p class='ocr_par' dir='ltr' id='par_1_59' title="bbox 125 3308 1685 3382">
     <span class='ocr_line' id='line_1_59' title="bbox 125 3308 1685 3382; baseline 0.001 -24"><span class='ocrx_word' id='word_1_459' title='bbox 125 3325 217 3372; x_wconf 87' lang='grc' dir='ltr'>ναι,</span> <span class='ocrx_word' id='word_1_460' title='bbox 243 3313 268 3363; x_wconf 77' lang='grc' dir='ltr'>ὁ</span> <span class='ocrx_word' id='word_1_461' title='bbox 296 3309 442 3376; x_wconf 78' lang='grc' dir='ltr'>τάξει</span> <span class='ocrx_word' id='word_1_462' title='bbox 476 3311 587 3365; x_wconf 82' lang='grc' dir='ltr'>τινὶ</span> <span class='ocrx_word' id='word_1_463' title='bbox 624 3312 718 3364; x_wconf 69' lang='grc' dir='ltr'><strong>καὶ</strong></span> <span class='ocrx_word' id='word_1_464' title='bbox 764 3310 940 3382; x_wconf 82' lang='grc' dir='ltr'>εἱρμῴ</span> <span class='ocrx_word' id='word_1_465' title='bbox 985 3308 1351 3379; x_wconf 79' lang='grc' dir='ltr'>διακυϐερνῶν</span> <span class='ocrx_word' id='word_1_466' title='bbox 1401 3308 1469 3360; x_wconf 81' lang='grc' dir='ltr'>τὰ</span> <span class='ocrx_word' id='word_1_467' title='bbox 1509 3308 1685 3361; x_wconf 77' lang='grc' dir='ltr'>πάντα</span> 
     </span>
    </p>
   </div>
   <div class='ocr_carea' id='block_1_60' title="bbox 125 3396 1682 3472">
    <p class='ocr_par' dir='ltr' id='par_1_60' title="bbox 125 3396 1682 3472">
     <span class='ocr_line' id='line_1_60' title="bbox 125 3396 1682 3472; baseline 0.001 -23"><span class='ocrx_word' id='word_1_468' title='bbox 125 3399 255 3464; x_wconf 68' lang='grc' dir='ltr'>Θεὸς,</span> <span class='ocrx_word' id='word_1_469' title='bbox 278 3402 458 3472; x_wconf 78' lang='grc' dir='ltr'>ἐπειδὴ</span> <span class='ocrx_word' id='word_1_470' title='bbox 475 3403 613 3464; x_wconf 80' lang='grc' dir='ltr'>ὅλως</span> <span class='ocrx_word' id='word_1_471' title='bbox 629 3401 689 3454; x_wconf 79' lang='grc' dir='ltr'><strong>τὸ</strong></span> <span class='ocrx_word' id='word_1_472' title='bbox 704 3400 939 3452; x_wconf 83' lang='grc' dir='ltr'>τοιοῦτον</span> <span class='ocrx_word' id='word_1_473' title='bbox 956 3400 1020 3470; x_wconf 82' lang='grc' dir='ltr'>τῇ</span> <span class='ocrx_word' id='word_1_474' title='bbox 1043 3397 1139 3452; x_wconf 87' lang='grc' dir='ltr'><strong>ἀνθ</strong></span> <span class='ocrx_word' id='word_1_475' title='bbox 1147 3396 1421 3468; x_wconf 82' lang='grc' dir='ltr'>ρωπὸτητι</span> <span class='ocrx_word' id='word_1_476' title='bbox 1437 3397 1537 3466; x_wconf 78' lang='grc' dir='ltr'>τῆς</span> <span class='ocrx_word' id='word_1_477' title='bbox 1560 3415 1682 3465; x_wconf 83' lang='grc' dir='ltr'>γεν-</span> 
     </span>
    </p>
   </div>
   <div class='ocr_carea' id='block_1_61' title="bbox 126 3489 1682 3560">
    <p class='ocr_par' dir='ltr' id='par_1_61' title="bbox 126 3489 1682 3560">
     <span class='ocr_line' id='line_1_61' title="bbox 126 3489 1682 3560; baseline -0.001 -17"><span class='ocrx_word' id='word_1_478' title='bbox 126 3494 305 3559; x_wconf 76' lang='grc' dir='ltr'>νήσεως</span> <span class='ocrx_word' id='word_1_479' title='bbox 327 3490 462 3557; x_wconf 82' lang='grc' dir='ltr'>εἶδος</span> <span class='ocrx_word' id='word_1_480' title='bbox 498 3491 1072 3560; x_wconf 75' lang='grc' dir='ltr'>ἀναγκαῖον-ἐποίησεν</span> <span class='ocrx_word' id='word_1_481' title='bbox 1107 3491 1140 3560; x_wconf 84' lang='grc' dir='ltr'>ἡ</span> <span class='ocrx_word' id='word_1_482' title='bbox 1169 3489 1305 3560; x_wconf 73' lang='grc' dir='ltr'>πρὸς</span> <span class='ocrx_word' id='word_1_483' title='bbox 1337 3490 1397 3542; x_wconf 79' lang='grc' dir='ltr'>τὸ</span> <span class='ocrx_word' id='word_1_484' title='bbox 1430 3490 1682 3542; x_wconf 82' lang='grc' dir='ltr'>ταπεινὸν</span> 
     </span>
    </p>
   </div>
   <div class='ocr_carea' id='block_1_62' title="bbox 127 3578 1684 3655">
    <p class='ocr_par' dir='ltr' id='par_1_62' title="bbox 127 3578 1684 3655">
     <span class='ocr_line' id='line_1_62' title="bbox 127 3578 1684 3655; baseline 0.001 -23"><span class='ocrx_word' id='word_1_485' title='bbox 127 3583 210 3652; x_wconf 75' lang='grc' dir='ltr'>τῆς</span> <span class='ocrx_word' id='word_1_486' title='bbox 237 3585 434 3652; x_wconf 70' lang='grc' dir='ltr'>φύσεως</span> <span class='ocrx_word' id='word_1_487' title='bbox 475 3582 637 3655; x_wconf 76' lang='grc' dir='ltr'>ἡμῶν</span> <span class='ocrx_word' id='word_1_488' title='bbox 667 3583 955 3645; x_wconf 78' lang='grc' dir='ltr'>ἐπίκλισις,</span> <span class='ocrx_word' id='word_1_489' title='bbox 979 3583 1045 3652; x_wconf 79' lang='grc' dir='ltr'>ἣν</span> <span class='ocrx_word' id='word_1_490' title='bbox 1078 3578 1183 3636; x_wconf 86' lang='grc' dir='ltr'>εἶδε</span> <span class='ocrx_word' id='word_1_491' title='bbox 1218 3583 1345 3653; x_wconf 70' lang='grc' dir='ltr'>πρὶν</span> <span class='ocrx_word' id='word_1_492' title='bbox 1373 3581 1623 3650; x_wconf 87' lang='grc' dir='ltr'>γενέσθαι</span> <span class='ocrx_word' id='word_1_493' title='bbox 1656 3585 1684 3635; x_wconf 85' lang='grc' dir='ltr'><strong>ὁ</strong></span> 
     </span>
    </p>
   </div>
   <div class='ocr_carea' id='block_1_63' title="bbox 129 3673 1686 3747">
    <p class='ocr_par' dir='ltr' id='par_1_63' title="bbox 129 3673 1686 3747">
     <span class='ocr_line' id='line_1_63' title="bbox 129 3673 1686 3747; baseline 0.001 -23"><span class='ocrx_word' id='word_1_494' title='bbox 129 3673 297 3745; x_wconf 76' lang='grc' dir='ltr'>ἐπίσης</span> <span class='ocrx_word' id='word_1_495' title='bbox 317 3677 391 3747; x_wconf 78' lang='grc' dir='ltr'>τῷ</span> <span class='ocrx_word' id='word_1_496' title='bbox 414 3675 675 3729; x_wconf 79' lang='grc' dir='ltr'>ἐνεστῶτι</span> <span class='ocrx_word' id='word_1_497' title='bbox 698 3675 758 3728; x_wconf 79' lang='grc' dir='ltr'>τὸ</span> <span class='ocrx_word' id='word_1_498' title='bbox 790 3673 978 3744; x_wconf 85' lang='grc' dir='ltr'>μέλ).ον</span> <span class='ocrx_word' id='word_1_499' title='bbox 1011 3674 1242 3744; x_wconf 80' lang='grc' dir='ltr'>βλέπων,</span> <span class='ocrx_word' id='word_1_500' title='bbox 1283 3673 1370 3726; x_wconf 75' lang='grc' dir='ltr'><strong>διὰ</strong></span> <span class='ocrx_word' id='word_1_501' title='bbox 1397 3673 1555 3726; x_wconf 88' lang='grc' dir='ltr'>τοῦτο</span> <span class='ocrx_word' id='word_1_502' title='bbox 1591 3674 1686 3726; x_wconf 76' lang='grc' dir='ltr'><strong>καὶ</strong></span> 
     </span>
    </p>
   </div>
   <div class='ocr_carea' id='block_1_64' title="bbox 129 3763 1685 3838">
    <p class='ocr_par' dir='ltr' id='par_1_64' title="bbox 129 3763 1685 3838">
     <span class='ocr_line' id='line_1_64' title="bbox 129 3763 1685 3838; baseline 0.001 -22"><span class='ocrx_word' id='word_1_503' title='bbox 129 3764 204 3817; x_wconf 67' lang='grc' dir='ltr'>τὸν</span> <span class='ocrx_word' id='word_1_504' title='bbox 230 3767 534 3838; x_wconf 76' lang='grc' dir='ltr'>σύμμετρον</span> <span class='ocrx_word' id='word_1_505' title='bbox 573 3770 637 3837; x_wconf 83' lang='grc' dir='ltr'>τῇ</span> <span class='ocrx_word' id='word_1_506' title='bbox 676 3768 984 3836; x_wconf 86' lang='grc' dir='ltr'>κατασκευῇ</span> <span class='ocrx_word' id='word_1_507' title='bbox 1008 3764 1116 3817; x_wconf 86' lang='grc' dir='ltr'><strong>τών</strong></span> <span class='ocrx_word' id='word_1_508' title='bbox 1164 3763 1468 3836; x_wconf 87' lang='grc' dir='ltr'>ἀνθρώπων</span> <span class='ocrx_word' id='word_1_509' title='bbox 1495 3765 1685 3835; x_wconf 83' lang='grc' dir='ltr'>χρόνον</span> 
     </span>
    </p>
   </div>
   <div class='ocr_carea' id='block_1_65' title="bbox 132 3853 1685 3931">
    <p class='ocr_par' dir='ltr' id='par_1_65' title="bbox 132 3853 1685 3931">
     <span class='ocr_line' id='line_1_65' title="bbox 132 3853 1685 3931; baseline -0.002 -23"><span class='ocrx_word' id='word_1_510' title='bbox 132 3861 538 3931; x_wconf 83' lang='grc' dir='ltr'>προκατενόησεν</span> <span class='ocrx_word' id='word_1_511' title='bbox 559 3877 570 3888; x_wconf 93' lang='grc'><strong>·</strong></span> <span class='ocrx_word' id='word_1_512' title='bbox 597 3859 737 3911; x_wconf 80' lang='grc' dir='ltr'>ὥστε</span> <span class='ocrx_word' id='word_1_513' title='bbox 758 3861 823 3930; x_wconf 80' lang='grc' dir='ltr'>τῇ</span> <span class='ocrx_word' id='word_1_514' title='bbox 865 3857 1080 3929; x_wconf 86' lang='grc' dir='ltr'>παρόδῳ</span> <span class='ocrx_word' id='word_1_515' title='bbox 1106 3856 1213 3909; x_wconf 76' lang='grc' dir='ltr'><strong>τῶν</strong></span> <span class='ocrx_word' id='word_1_516' title='bbox 1238 3853 1685 3926; x_wconf 87' lang='grc' dir='ltr'>περιορισθεισῶν</span> 
     </span>
    </p>
   </div>
   <div class='ocr_carea' id='block_1_66' title="bbox 129 3945 1682 4022">
    <p class='ocr_par' dir='ltr' id='par_1_66' title="bbox 129 3945 1682 4022">
     <span class='ocr_line' id='line_1_66' title="bbox 129 3945 1682 4022; baseline -0.005 -20"><span class='ocrx_word' id='word_1_517' title='bbox 129 3948 292 4020; x_wconf 69' lang='grc' dir='ltr'>ψυχῶν</span> <span class='ocrx_word' id='word_1_518' title='bbox 326 3950 824 4022; x_wconf 77' lang='grc' dir='ltr'>συναπαρτισθῆναι</span> <span class='ocrx_word' id='word_1_519' title='bbox 865 3949 962 4020; x_wconf 78' lang='grc' dir='ltr'>τὴν</span> <span class='ocrx_word' id='word_1_520' title='bbox 1011 3946 1103 4000; x_wconf 89' lang='grc' dir='ltr'><strong>τοῦ</strong></span> <span class='ocrx_word' id='word_1_521' title='bbox 1135 3947 1325 4018; x_wconf 84' lang='grc' dir='ltr'>χρόνου</span> <span class='ocrx_word' id='word_1_522' title='bbox 1359 3945 1682 4017; x_wconf 85' lang='grc' dir='ltr'>παράτασιν,</span> 
     </span>
    </p>
   </div>
   <div class='ocr_carea' id='block_1_67' title="bbox 133 4035 1686 4112">
    <p class='ocr_par' dir='ltr' id='par_1_67' title="bbox 133 4035 1686 4112">
     <span class='ocr_line' id='line_1_67' title="bbox 133 4035 1686 4112; baseline -0.003 -21"><span class='ocrx_word' id='word_1_523' title='bbox 133 4041 213 4092; x_wconf 74' lang='grc' dir='ltr'><strong>καὶ</strong></span> <span class='ocrx_word' id='word_1_524' title='bbox 232 4041 343 4095; x_wconf 87' lang='grc' dir='ltr'>τότε</span> <span class='ocrx_word' id='word_1_525' title='bbox 382 4043 572 4112; x_wconf 79' lang='grc' dir='ltr'>στῆναι</span> <span class='ocrx_word' id='word_1_526' title='bbox 605 4041 701 4110; x_wconf 77' lang='grc' dir='ltr'><strong>τὴν</strong></span> <span class='ocrx_word' id='word_1_527' title='bbox 739 4039 910 4109; x_wconf 77' lang='grc' dir='ltr'>ῥοώδη</span> <span class='ocrx_word' id='word_1_528' title='bbox 940 4037 1035 4091; x_wconf 85' lang='grc' dir='ltr'><strong>τοῦ</strong></span> <span class='ocrx_word' id='word_1_529' title='bbox 1066 4037 1258 4108; x_wconf 86' lang='grc' dir='ltr'>χρόνου</span> <span class='ocrx_word' id='word_1_530' title='bbox 1288 4035 1501 4107; x_wconf 86' lang='grc' dir='ltr'>κίνησιν</span> <span class='ocrx_word' id='word_1_531' title='bbox 1519 4075 1534 4098; x_wconf 91' lang='grc'><strong>,</strong></span> <span class='ocrx_word' id='word_1_532' title='bbox 1560 4035 1686 4087; x_wconf 80' lang='grc' dir='ltr'>ὅταν</span> 
     </span>
    </p>
   </div>
   <div class='ocr_carea' id='block_1_68' title="bbox 137 4126 1688 4205">
    <p class='ocr_par' dir='ltr' id='par_1_68' title="bbox 137 4126 1688 4205">
     <span class='ocr_line' id='line_1_68' title="bbox 137 4126 1688 4205; baseline -0.004 -21"><span class='ocrx_word' id='word_1_533' title='bbox 137 4132 306 4200; x_wconf 81' lang='grc' dir='ltr'>μηκέτι</span> <span class='ocrx_word' id='word_1_534' title='bbox 333 4133 536 4205; x_wconf 80' lang='grc' dir='ltr'>φύηται</span> <span class='ocrx_word' id='word_1_535' title='bbox 564 4133 630 4186; x_wconf 85' lang='grc' dir='ltr'>δι’</span> <span class='ocrx_word' id='word_1_536' title='bbox 654 4131 820 4184; x_wconf 76' lang='grc' dir='ltr'>αὐτοῦ</span> <span class='ocrx_word' id='word_1_537' title='bbox 858 4131 918 4184; x_wconf 84' lang='grc' dir='ltr'><strong>τὸ</strong></span> <span class='ocrx_word' id='word_1_538' title='bbox 945 4129 1283 4201; x_wconf 82' lang='grc' dir='ltr'>ἀνθρώπινον</span> <span class='ocrx_word' id='word_1_539' title='bbox 1303 4144 1316 4157; x_wconf 77' lang='grc'><strong>⁸</strong></span> <span class='ocrx_word' id='word_1_540' title='bbox 1342 4126 1688 4197; x_wconf 86' lang='grc' dir='ltr'>τελεσθείσης</span> 
     </span>
    </p>
   </div>
   <div class='ocr_carea' id='block_1_69' title="bbox 133 4220 1688 4296">
    <p class='ocr_par' dir='ltr' id='par_1_69' title="bbox 133 4220 1688 4296">
     <span class='ocr_line' id='line_1_69' title="bbox 133 4220 1688 4296; baseline -0.001 -23"><span class='ocrx_word' id='word_1_541' title='bbox 133 4222 181 4274; x_wconf 85' lang='grc' dir='ltr'>δὲ</span> <span class='ocrx_word' id='word_1_542' title='bbox 218 4226 304 4296; x_wconf 83' lang='grc' dir='ltr'>τῆς</span> <span class='ocrx_word' id='word_1_543' title='bbox 341 4227 444 4280; x_wconf 85' lang='grc' dir='ltr'>τῶν</span> <span class='ocrx_word' id='word_1_544' title='bbox 499 4225 801 4296; x_wconf 88' lang='grc' dir='ltr'>ἀνθρώπων</span> <span class='ocrx_word' id='word_1_545' title='bbox 842 4225 1137 4294; x_wconf 84' lang='grc' dir='ltr'>γενέσεως,</span> <span class='ocrx_word' id='word_1_546' title='bbox 1181 4222 1259 4293; x_wconf 82' lang='grc' dir='ltr'><strong>τῷ</strong></span> <span class='ocrx_word' id='word_1_547' title='bbox 1297 4221 1440 4274; x_wconf 87' lang='grc' dir='ltr'>τέλει</span> <span class='ocrx_word' id='word_1_548' title='bbox 1487 4220 1688 4283; x_wconf 87' lang='grc' dir='ltr'>ταύτης</span> 
     </span>
    </p>
   </div>
   <div class='ocr_carea' id='block_1_70' title="bbox 138 4311 1689 4387">
    <p class='ocr_par' dir='ltr' id='par_1_70' title="bbox 138 4311 1689 4387">
     <span class='ocr_line' id='line_1_70' title="bbox 138 4311 1689 4387; baseline -0.003 -21"><span class='ocrx_word' id='word_1_549' title='bbox 138 4316 515 4387; x_wconf 69' lang='grc' dir='ltr'>σνγκαταλῆξαι</span> <span class='ocrx_word' id='word_1_550' title='bbox 549 4317 639 4370; x_wconf 73' lang='grc' dir='ltr'>τὸν</span> <span class='ocrx_word' id='word_1_551' title='bbox 683 4315 894 4386; x_wconf 83' lang='grc' dir='ltr'>χρόνον,</span> <span class='ocrx_word' id='word_1_552' title='bbox 930 4315 1022 4366; x_wconf 74' lang='grc' dir='ltr'><strong>καὶ</strong></span> <span class='ocrx_word' id='word_1_553' title='bbox 1048 4313 1190 4368; x_wconf 76' lang='grc' dir='ltr'>οὕτω</span> <span class='ocrx_word' id='word_1_554' title='bbox 1228 4313 1326 4382; x_wconf 82' lang='grc' dir='ltr'>τὴν</span> <span class='ocrx_word' id='word_1_555' title='bbox 1364 4311 1456 4365; x_wconf 86' lang='grc' dir='ltr'><strong>τοῦ</strong></span> <span class='ocrx_word' id='word_1_556' title='bbox 1489 4312 1689 4374; x_wconf 84' lang='grc' dir='ltr'>παντὸς</span> 
     </span>
    </p>
   </div>
   <div class='ocr_carea' id='block_1_71' title="bbox 136 4403 1688 4478">
    <p class='ocr_par' dir='ltr' id='par_1_71' title="bbox 136 4403 1688 4478">
     <span class='ocr_line' id='line_1_71' title="bbox 136 4403 1688 4478; baseline -0.001 -23"><span class='ocrx_word' id='word_1_557' title='bbox 136 4405 550 4478; x_wconf 81' lang='grc' dir='ltr'>ἁναστοιχείωσιν</span> <span class='ocrx_word' id='word_1_558' title='bbox 575 4407 846 4476; x_wconf 88' lang='grc' dir='ltr'>γενέσθαι,</span> <span class='ocrx_word' id='word_1_559' title='bbox 888 4408 980 4460; x_wconf 79' lang='grc' dir='ltr'><strong>καὶ</strong></span> <span class='ocrx_word' id='word_1_560' title='bbox 1015 4409 1082 4477; x_wconf 82' lang='grc' dir='ltr'>τῇ</span> <span class='ocrx_word' id='word_1_561' title='bbox 1114 4405 1384 4475; x_wconf 82' lang='grc' dir='ltr'>μεταϐολῇ</span> <span class='ocrx_word' id='word_1_562' title='bbox 1433 4403 1528 4456; x_wconf 88' lang='grc' dir='ltr'><strong>τοῦ</strong></span> <span class='ocrx_word' id='word_1_563' title='bbox 1567 4403 1688 4456; x_wconf 85' lang='grc' dir='ltr'>ὅλου</span> 
     </span>
    </p>
   </div>
   <div class='ocr_carea' id='block_1_72' title="bbox 140 4493 1689 4570">
    <p class='ocr_par' dir='ltr' id='par_1_72' title="bbox 140 4493 1689 4570">
     <span class='ocr_line' id='line_1_72' title="bbox 140 4493 1689 4570; baseline -0.003 -21"><span class='ocrx_word' id='word_1_564' title='bbox 140 4500 544 4570; x_wconf 75' lang='grc' dir='ltr'>συναμειφθῆναι</span> <span class='ocrx_word' id='word_1_565' title='bbox 582 4499 674 4551; x_wconf 74' lang='grc' dir='ltr'><strong>καὶ</strong></span> <span class='ocrx_word' id='word_1_566' title='bbox 703 4497 763 4550; x_wconf 81' lang='grc' dir='ltr'>τὺ</span> <span class='ocrx_word' id='word_1_567' title='bbox 791 4495 1149 4567; x_wconf 83' lang='grc' dir='ltr'>ἀνθρώπινον,</span> <span class='ocrx_word' id='word_1_568' title='bbox 1187 4495 1294 4548; x_wconf 84' lang='grc' dir='ltr'><strong>άπὸ</strong></span> <span class='ocrx_word' id='word_1_569' title='bbox 1320 4494 1414 4548; x_wconf 88' lang='grc' dir='ltr'><strong>τοῦ</strong></span> <span class='ocrx_word' id='word_1_570' title='bbox 1450 4493 1689 4564; x_wconf 80' lang='grc' dir='ltr'>φθαρτοῦ</span> 
     </span>
    </p>
   </div>
   <div class='ocr_carea' id='block_1_73' title="bbox 138 4584 1692 4654">
    <p class='ocr_par' dir='ltr' id='par_1_73' title="bbox 138 4584 1692 4654">
     <span class='ocr_line' id='line_1_73' title="bbox 138 4584 1692 4654; baseline 0 -18"><span class='ocrx_word' id='word_1_571' title='bbox 138 4586 217 4638; x_wconf 76' lang='grc' dir='ltr'><strong>καὶ</strong></span> <span class='ocrx_word' id='word_1_572' title='bbox 240 4588 462 4654; x_wconf 80' lang='grc' dir='ltr'>γεώδους</span> <span class='ocrx_word' id='word_1_573' title='bbox 501 4590 593 4640; x_wconf 78' lang='grc' dir='ltr'>ἐπὶ</span> <span class='ocrx_word' id='word_1_574' title='bbox 630 4588 690 4640; x_wconf 76' lang='grc' dir='ltr'>τὸ</span> <span class='ocrx_word' id='word_1_575' title='bbox 720 4587 926 4650; x_wconf 74' lang='grc' dir='ltr'>ἀπαθὲς</span> <span class='ocrx_word' id='word_1_576' title='bbox 960 4587 1053 4639; x_wconf 71' lang='grc' dir='ltr'><strong>καὶ</strong></span> <span class='ocrx_word' id='word_1_577' title='bbox 1081 4585 1268 4640; x_wconf 56' lang='grc' dir='ltr'>ὥδιον.</span> <span class='ocrx_word' id='word_1_578' title='bbox 1304 4586 1371 4637; x_wconf 87' lang='grc' dir='ltr'>Ὃ</span> <span class='ocrx_word' id='word_1_579' title='bbox 1412 4602 1500 4654; x_wconf 88' lang='grc' dir='ltr'><strong>μοι</strong></span> <span class='ocrx_word' id='word_1_580' title='bbox 1547 4584 1692 4636; x_wconf 88' lang='grc' dir='ltr'>δοκεῖ</span> 
     </span>
    </p>
   </div>
   <div class='ocr_carea' id='block_1_74' title="bbox 1859 3033 3370 3108">
    <p class='ocr_par' dir='ltr' id='par_1_74' title="bbox 1859 3033 3370 3108">
     <span class='ocr_line' id='line_1_74' title="bbox 1859 3033 3370 3108; baseline 0.004 -20"><span class='ocrx_word' id='word_1_581' title='bbox 1859 3033 1996 3089; x_wconf 89' lang='lat' dir='ltr'><strong>Cum</strong></span> <span class='ocrx_word' id='word_1_582' title='bbox 2042 3035 2210 3106; x_wconf 89' lang='lat' dir='ltr'><strong>igitur</strong></span> <span class='ocrx_word' id='word_1_583' title='bbox 2258 3037 2513 3092; x_wconf 88' lang='lat' dir='ltr'><strong>universe</strong></span> <span class='ocrx_word' id='word_1_584' title='bbox 2555 3052 2730 3108; x_wconf 85' lang='lat' dir='ltr'><strong>genus</strong></span> <span class='ocrx_word' id='word_1_585' title='bbox 2777 3043 3026 3092; x_wconf 90' lang='lat' dir='ltr'><strong>nostrum</strong></span> <span class='ocrx_word' id='word_1_586' title='bbox 3073 3037 3216 3092; x_wconf 84' lang='lat' dir='ltr'><strong>Deus</strong></span> <span class='ocrx_word' id='word_1_587' title='bbox 3255 3038 3370 3108; x_wconf 88' lang='lat' dir='ltr'><strong>(qui</strong></span> 
     </span>
    </p>
   </div>
   <div class='ocr_carea' id='block_1_75' title="bbox 1788 3129 3374 3201">
    <p class='ocr_par' dir='ltr' id='par_1_75' title="bbox 1788 3129 3374 3201">
     <span class='ocr_line' id='line_1_75' title="bbox 1788 3129 3374 3201; baseline 0.001 -19"><span class='ocrx_word' id='word_1_588' title='bbox 1788 3129 1980 3183; x_wconf 88' lang='lat' dir='ltr'><strong>ordine</strong></span> <span class='ocrx_word' id='word_1_589' title='bbox 2012 3137 2160 3183; x_wconf 87' lang='lat' dir='ltr'><strong>certo</strong></span> <span class='ocrx_word' id='word_1_590' title='bbox 2196 3137 2394 3184; x_wconf 91' lang='lat' dir='ltr'><strong>cuncta</strong></span> <span class='ocrx_word' id='word_1_591' title='bbox 2439 3131 2811 3200; x_wconf 86' lang='lat' dir='ltr'><strong>administrat)</strong></span> <span class='ocrx_word' id='word_1_592' title='bbox 2843 3130 3189 3201; x_wconf 86' lang='lat' dir='ltr'><strong>prospiceret</strong></span> <span class='ocrx_word' id='word_1_593' title='bbox 3221 3145 3374 3185; x_wconf 86' lang='lat' dir='ltr'><strong>more</strong></span> 
     </span>
    </p>
   </div>
   <div class='ocr_carea' id='block_1_76' title="bbox 1788 3219 3377 3293">
    <p class='ocr_par' dir='ltr' id='par_1_76' title="bbox 1788 3219 3377 3293">
     <span class='ocr_line' id='line_1_76' title="bbox 1788 3219 3377 3293; baseline 0.001 -19"><span class='ocrx_word' id='word_1_594' title='bbox 1788 3219 2076 3276; x_wconf 85' lang='lat' dir='ltr'><strong>brutorum</strong></span> <span class='ocrx_word' id='word_1_595' title='bbox 2111 3223 2474 3277; x_wconf 88' lang='lat' dir='ltr'><strong>animantium</strong></span> <span class='ocrx_word' id='word_1_596' title='bbox 2510 3224 2810 3288; x_wconf 89' lang='lat' dir='ltr'><strong>oriturum,</strong></span> <span class='ocrx_word' id='word_1_597' title='bbox 2855 3239 3034 3293; x_wconf 90' lang='lat' dir='ltr'><strong>neque</strong></span> <span class='ocrx_word' id='word_1_598' title='bbox 3066 3223 3180 3278; x_wconf 73' lang='lat' dir='ltr'><strong>fieri</strong></span> <span class='ocrx_word' id='word_1_599' title='bbox 3213 3225 3377 3278; x_wconf 84' lang='lat' dir='ltr'><strong>aliter</strong></span> 
     </span>
    </p>
   </div>
   <div class='ocr_carea' id='block_1_77' title="bbox 1739 3315 3376 3388">
    <p class='ocr_par' dir='ltr' id='par_1_77' title="bbox 1739 3315 3376 3388">
     <span class='ocr_line' id='line_1_77' title="bbox 1739 3315 3376 3388; baseline 0.004 -22"><span class='ocrx_word' id='word_1_600' title='bbox 1739 3329 1956 3388; x_wconf 48' lang='lat' dir='ltr'><strong>gposse</strong></span> <span class='ocrx_word' id='word_1_601' title='bbox 1984 3315 2338 3384; x_wconf 85' lang='lat' dir='ltr'><strong>intelligeret,</strong></span> <span class='ocrx_word' id='word_1_602' title='bbox 2373 3332 2540 3385; x_wconf 87' lang='lat' dir='ltr'><strong>quam</strong></span> <span class='ocrx_word' id='word_1_603' title='bbox 2589 3323 2648 3369; x_wconf 89' lang='lat' dir='ltr'><strong>ut</strong></span> <span class='ocrx_word' id='word_1_604' title='bbox 2695 3316 2800 3369; x_wconf 92' lang='lat' dir='ltr'><strong>hoc</strong></span> <span class='ocrx_word' id='word_1_605' title='bbox 2830 3316 2994 3370; x_wconf 93' lang='lat' dir='ltr'><strong>modo</strong></span> <span class='ocrx_word' id='word_1_606' title='bbox 3045 3331 3376 3388; x_wconf 87' lang='lat' dir='ltr'><strong>propagare-</strong></span> 
     </span>
    </p>
   </div>
   <div class='ocr_carea' id='block_1_78' title="bbox 1791 3407 3376 3470">
    <p class='ocr_par' dir='ltr' id='par_1_78' title="bbox 1791 3407 3376 3470">
     <span class='ocr_line' id='line_1_78' title="bbox 1791 3407 3376 3470; baseline 0.003 -13"><span class='ocrx_word' id='word_1_607' title='bbox 1791 3414 1901 3470; x_wconf 90' lang='lat' dir='ltr'><strong>tur,</strong></span> <span class='ocrx_word' id='word_1_608' title='bbox 1950 3414 2146 3460; x_wconf 88' lang='lat' dir='ltr'><strong>natura</strong></span> <span class='ocrx_word' id='word_1_609' title='bbox 2197 3421 2256 3460; x_wconf 85' lang='lat' dir='ltr'><strong>se</strong></span> <span class='ocrx_word' id='word_1_610' title='bbox 2296 3415 2484 3461; x_wconf 90' lang='lat' dir='ltr'><strong>nostra</strong></span> <span class='ocrx_word' id='word_1_611' title='bbox 2529 3407 2876 3461; x_wconf 89' lang='lat' dir='ltr'><strong>humiliorem</strong></span> <span class='ocrx_word' id='word_1_612' title='bbox 2926 3407 2992 3461; x_wconf 88' lang='lat' dir='ltr'><strong>ad</strong></span> <span class='ocrx_word' id='word_1_613' title='bbox 3029 3415 3230 3462; x_wconf 91' lang='lat' dir='ltr'><strong>statum</strong></span> <span class='ocrx_word' id='word_1_614' title='bbox 3276 3408 3376 3462; x_wconf 80' lang='lat' dir='ltr'><strong>dc-</strong></span> 
     </span>
    </p>
   </div>
   <div class='ocr_carea' id='block_1_79' title="bbox 1791 3497 3373 3568">
    <p class='ocr_par' dir='ltr' id='par_1_79' title="bbox 1791 3497 3373 3568">
     <span class='ocr_line' id='line_1_79' title="bbox 1791 3497 3373 3568; baseline 0.003 -20"><span class='ocrx_word' id='word_1_615' title='bbox 1791 3497 2072 3564; x_wconf 89' lang='lat' dir='ltr'><strong>mittente,</strong></span> <span class='ocrx_word' id='word_1_616' title='bbox 2108 3498 2248 3552; x_wconf 89' lang='lat' dir='ltr'><strong>sicut</strong></span> <span class='ocrx_word' id='word_1_617' title='bbox 2271 3498 2387 3567; x_wconf 82' lang='lat' dir='ltr'><strong>ipse</strong></span> <span class='ocrx_word' id='word_1_618' title='bbox 2409 3497 2583 3551; x_wconf 90' lang='lat' dir='ltr'><strong>multo</strong></span> <span class='ocrx_word' id='word_1_619' title='bbox 2612 3507 2740 3550; x_wconf 88' lang='lat' dir='ltr'><strong>ante</strong></span> <span class='ocrx_word' id='word_1_620' title='bbox 2770 3497 2885 3553; x_wconf 82' lang='lat' dir='ltr'><strong>fore</strong></span> <span class='ocrx_word' id='word_1_621' title='bbox 2912 3499 3254 3565; x_wconf 61' lang='lat' dir='ltr'><strong>praeviderat,</strong></span> <span class='ocrx_word' id='word_1_622' title='bbox 3282 3500 3373 3568; x_wconf 89' lang='lat' dir='ltr'><strong>qui</strong></span> 
     </span>
    </p>
   </div>
   <div class='ocr_carea' id='block_1_80' title="bbox 1793 3589 3372 3660">
    <p class='ocr_par' dir='ltr' id='par_1_80' title="bbox 1793 3589 3372 3660">
     <span class='ocr_line' id='line_1_80' title="bbox 1793 3589 3372 3660; baseline 0.002 -17"><span class='ocrx_word' id='word_1_623' title='bbox 1793 3589 2011 3645; x_wconf 82' lang='lat' dir='ltr'><strong>futuros</strong></span> <span class='ocrx_word' id='word_1_624' title='bbox 2055 3599 2285 3645; x_wconf 86' lang='lat' dir='ltr'><strong>eventus</strong></span> <span class='ocrx_word' id='word_1_625' title='bbox 2319 3599 2581 3659; x_wconf 89' lang='lat' dir='ltr'><strong>tanquam</strong></span> <span class='ocrx_word' id='word_1_626' title='bbox 2622 3605 2714 3645; x_wconf 82' lang='lat' dir='ltr'><strong>res</strong></span> <span class='ocrx_word' id='word_1_627' title='bbox 2753 3599 3052 3660; x_wconf 60' lang='lat' dir='ltr'><strong>prazsentes</strong></span> <span class='ocrx_word' id='word_1_628' title='bbox 3088 3591 3372 3646; x_wconf 86' lang='lat' dir='ltr'><strong>intuetur:</strong></span> 
     </span>
    </p>
   </div>
   <div class='ocr_carea' id='block_1_81' title="bbox 1791 3681 3376 3753">
    <p class='ocr_par' dir='ltr' id='par_1_81' title="bbox 1791 3681 3376 3753">
     <span class='ocr_line' id='line_1_81' title="bbox 1791 3681 3376 3753; baseline -0.001 -18"><span class='ocrx_word' id='word_1_629' title='bbox 1791 3684 1954 3735; x_wconf 89' lang='lat' dir='ltr'><strong>etiam</strong></span> <span class='ocrx_word' id='word_1_630' title='bbox 1984 3697 2159 3735; x_wconf 69' lang='lat' dir='ltr'><strong>aevum</strong></span> <span class='ocrx_word' id='word_1_631' title='bbox 2191 3681 2464 3751; x_wconf 88' lang='lat' dir='ltr'><strong>quoddam</strong></span> <span class='ocrx_word' id='word_1_632' title='bbox 2501 3684 2834 3736; x_wconf 88' lang='lat' dir='ltr'><strong>conveniens</strong></span> <span class='ocrx_word' id='word_1_633' title='bbox 2876 3683 3094 3753; x_wconf 83' lang='lat' dir='ltr'><strong>Opiﬁcio</strong></span> <span class='ocrx_word' id='word_1_634' title='bbox 3137 3683 3376 3736; x_wconf 69' lang='lat' dir='ltr'><strong>humano</strong></span> 
     </span>
    </p>
   </div>
   <div class='ocr_carea' id='block_1_82' title="bbox 1791 3770 3376 3841">
    <p class='ocr_par' dir='ltr' id='par_1_82' title="bbox 1791 3770 3376 3841">
     <span class='ocr_line' id='line_1_82' title="bbox 1791 3770 3376 3841; baseline 0.002 -19"><span class='ocrx_word' id='word_1_635' title='bbox 1791 3770 2105 3840; x_wconf 77' lang='lat' dir='ltr'><strong>praestituit,</strong></span> <span class='ocrx_word' id='word_1_636' title='bbox 2134 3777 2194 3824; x_wconf 90' lang='lat' dir='ltr'><strong>ut</strong></span> <span class='ocrx_word' id='word_1_637' title='bbox 2228 3771 2534 3823; x_wconf 88' lang='lat' dir='ltr'><strong>animarum</strong></span> <span class='ocrx_word' id='word_1_638' title='bbox 2582 3785 2812 3823; x_wconf 85' lang='lat' dir='ltr'><strong>numero</strong></span> <span class='ocrx_word' id='word_1_639' title='bbox 2846 3773 3108 3841; x_wconf 91' lang='lat' dir='ltr'><strong>temporis</strong></span> <span class='ocrx_word' id='word_1_640' title='bbox 3154 3773 3376 3827; x_wconf 88' lang='lat' dir='ltr'><strong>duratio</strong></span> 
     </span>
    </p>
   </div>
   <div class='ocr_carea' id='block_1_83' title="bbox 1792 3861 3376 3932">
    <p class='ocr_par' dir='ltr' id='par_1_83' title="bbox 1792 3861 3376 3932">
     <span class='ocr_line' id='line_1_83' title="bbox 1792 3861 3376 3932; baseline 0.001 -16"><span class='ocrx_word' id='word_1_641' title='bbox 1792 3861 2151 3932; x_wconf 88' lang='lat' dir='ltr'><strong>responderet</strong></span> <span class='ocrx_word' id='word_1_642' title='bbox 2182 3879 2196 3916; x_wconf 92' lang='lat'><strong>:</strong></span> <span class='ocrx_word' id='word_1_643' title='bbox 2231 3868 2396 3931; x_wconf 88' lang='lat' dir='ltr'><strong>atque</strong></span> <span class='ocrx_word' id='word_1_644' title='bbox 2429 3869 2544 3914; x_wconf 90' lang='lat' dir='ltr'><strong>tum</strong></span> <span class='ocrx_word' id='word_1_645' title='bbox 2573 3861 2792 3916; x_wconf 89' lang='lat' dir='ltr'><strong>demum</strong></span> <span class='ocrx_word' id='word_1_646' title='bbox 2830 3861 3010 3917; x_wconf 77' lang='lat' dir='ltr'><strong>ﬂuxus</strong></span> <span class='ocrx_word' id='word_1_647' title='bbox 3042 3863 3132 3916; x_wconf 89' lang='lat' dir='ltr'><strong>ille</strong></span> <span class='ocrx_word' id='word_1_648' title='bbox 3163 3873 3376 3932; x_wconf 83' lang='lat' dir='ltr'><strong>tempo-</strong></span> 
     </span>
    </p>
   </div>
   <div class='ocr_carea' id='block_1_84' title="bbox 1793 3953 3376 4024">
    <p class='ocr_par' dir='ltr' id='par_1_84' title="bbox 1793 3953 3376 4024">
     <span class='ocr_line' id='line_1_84' title="bbox 1793 3953 3376 4024; baseline 0.001 -18"><span class='ocrx_word' id='word_1_649' title='bbox 1793 3953 1873 4007; x_wconf 85' lang='lat' dir='ltr'><strong>ris</strong></span> <span class='ocrx_word' id='word_1_650' title='bbox 1910 3960 2094 4007; x_wconf 89' lang='lat' dir='ltr'><strong>motus</strong></span> <span class='ocrx_word' id='word_1_651' title='bbox 2123 3953 2452 4022; x_wconf 83' lang='lat' dir='ltr'><strong>quiesceret,</strong></span> <span class='ocrx_word' id='word_1_652' title='bbox 2481 3965 2604 4006; x_wconf 93' lang='lat' dir='ltr'><strong>cum</strong></span> <span class='ocrx_word' id='word_1_653' title='bbox 2634 3967 2806 4023; x_wconf 83' lang='lat' dir='ltr'><strong>genus</strong></span> <span class='ocrx_word' id='word_1_654' title='bbox 2840 3953 3139 4008; x_wconf 89' lang='lat' dir='ltr'><strong>humanum</strong></span> <span class='ocrx_word' id='word_1_655' title='bbox 3174 3970 3376 4024; x_wconf 84' lang='lat' dir='ltr'><strong>propa-</strong></span> 
     </span>
    </p>
   </div>
   <div class='ocr_carea' id='block_1_85' title="bbox 1795 4043 3374 4115">
    <p class='ocr_par' dir='ltr' id='par_1_85' title="bbox 1795 4043 3374 4115">
     <span class='ocr_line' id='line_1_85' title="bbox 1795 4043 3374 4115; baseline 0.003 -18"><span class='ocrx_word' id='word_1_656' title='bbox 1795 4044 1910 4115; x_wconf 86' lang='lat' dir='ltr'><strong>gari</strong></span> <span class='ocrx_word' id='word_1_657' title='bbox 1934 4045 2215 4107; x_wconf 84' lang='lat' dir='ltr'><strong>desiisset;</strong></span> <span class='ocrx_word' id='word_1_658' title='bbox 2248 4043 2408 4113; x_wconf 85' lang='lat' dir='ltr'><strong>hujus</strong></span> <span class='ocrx_word' id='word_1_659' title='bbox 2435 4045 2672 4113; x_wconf 89' lang='lat' dir='ltr'><strong>denique</strong></span> <span class='ocrx_word' id='word_1_660' title='bbox 2704 4047 3080 4114; x_wconf 83' lang='lat' dir='ltr'><strong>procreatione</strong></span> <span class='ocrx_word' id='word_1_661' title='bbox 3103 4047 3374 4110; x_wconf 80' lang='lat' dir='ltr'><strong>absoluta,</strong></span> 
     </span>
    </p>
   </div>
   <div class='ocr_carea' id='block_1_86' title="bbox 1796 4137 3376 4209">
    <p class='ocr_par' dir='ltr' id='par_1_86' title="bbox 1796 4137 3376 4209">
     <span class='ocr_line' id='line_1_86' title="bbox 1796 4137 3376 4209; baseline 0.003 -21"><span class='ocrx_word' id='word_1_662' title='bbox 1796 4137 2059 4208; x_wconf 86' lang='lat' dir='ltr'><strong>temporis</strong></span> <span class='ocrx_word' id='word_1_663' title='bbox 2115 4137 2280 4190; x_wconf 83' lang='lat' dir='ltr'><strong>etiam</strong></span> <span class='ocrx_word' id='word_1_664' title='bbox 2330 4137 2672 4191; x_wconf 90' lang='lat' dir='ltr'><strong>continuatio</strong></span> <span class='ocrx_word' id='word_1_665' title='bbox 2725 4139 3056 4206; x_wconf 79' lang='lat' dir='ltr'><strong>exspiraret,</strong></span> <span class='ocrx_word' id='word_1_666' title='bbox 3117 4151 3376 4209; x_wconf 72' lang='lat' dir='ltr'><strong>sequente</strong></span> 
     </span>
    </p>
   </div>
   <div class='ocr_carea' id='block_1_87' title="bbox 1796 4227 3380 4296">
    <p class='ocr_par' dir='ltr' id='par_1_87' title="bbox 1796 4227 3380 4296">
     <span class='ocr_line' id='line_1_87' title="bbox 1796 4227 3380 4296; baseline 0.003 -16"><span class='ocrx_word' id='word_1_667' title='bbox 1796 4242 1965 4296; x_wconf 87' lang='lat' dir='ltr'><strong>porro</strong></span> <span class='ocrx_word' id='word_1_668' title='bbox 1996 4243 2178 4283; x_wconf 91' lang='lat' dir='ltr'><strong>rerum</strong></span> <span class='ocrx_word' id='word_1_669' title='bbox 2209 4227 2612 4281; x_wconf 85' lang='lat' dir='ltr'><strong>instauratione</strong></span> <span class='ocrx_word' id='word_1_670' title='bbox 2644 4237 2697 4282; x_wconf 90' lang='lat' dir='ltr'><strong>et</strong></span> <span class='ocrx_word' id='word_1_671' title='bbox 2725 4230 3027 4283; x_wconf 89' lang='lat' dir='ltr'><strong>mutatione</strong></span> <span class='ocrx_word' id='word_1_672' title='bbox 3055 4231 3380 4287; x_wconf 86' lang='lat' dir='ltr'><strong>universita-</strong></span> 
     </span>
    </p>
   </div>
   <div class='ocr_carea' id='block_1_88' title="bbox 1796 4318 3379 4388">
    <p class='ocr_par' dir='ltr' id='par_1_88' title="bbox 1796 4318 3379 4388">
     <span class='ocr_line' id='line_1_88' title="bbox 1796 4318 3379 4388; baseline 0.003 -17"><span class='ocrx_word' id='word_1_673' title='bbox 1796 4319 1870 4373; x_wconf 91' lang='lat' dir='ltr'><strong>tis</strong></span> <span class='ocrx_word' id='word_1_674' title='bbox 1900 4319 2084 4388; x_wconf 87' lang='lat' dir='ltr'><strong>hujus,</strong></span> <span class='ocrx_word' id='word_1_675' title='bbox 2135 4334 2260 4373; x_wconf 92' lang='lat' dir='ltr'><strong>cum</strong></span> <span class='ocrx_word' id='word_1_676' title='bbox 2288 4334 2395 4388; x_wconf 92' lang='lat' dir='ltr'><strong>qua</strong></span> <span class='ocrx_word' id='word_1_677' title='bbox 2442 4318 2681 4373; x_wconf 89' lang='lat' dir='ltr'><strong>hominis</strong></span> <span class='ocrx_word' id='word_1_678' title='bbox 2724 4319 3019 4387; x_wconf 87' lang='lat' dir='ltr'><strong>conjuncta</strong></span> <span class='ocrx_word' id='word_1_679' title='bbox 3051 4329 3198 4374; x_wconf 80' lang='lat' dir='ltr'><strong>esset</strong></span> <span class='ocrx_word' id='word_1_680' title='bbox 3245 4338 3379 4376; x_wconf 86' lang='lat' dir='ltr'><strong>con-</strong></span> 
     </span>
    </p>
   </div>
   <div class='ocr_carea' id='block_1_89' title="bbox 1797 4411 3377 4482">
    <p class='ocr_par' dir='ltr' id='par_1_89' title="bbox 1797 4411 3377 4482">
     <span class='ocr_line' id='line_1_89' title="bbox 1797 4411 3377 4482; baseline 0 -16"><span class='ocrx_word' id='word_1_681' title='bbox 1797 4413 2000 4476; x_wconf 82' lang='lat' dir='ltr'><strong>versio,</strong></span> <span class='ocrx_word' id='word_1_682' title='bbox 2037 4412 2104 4466; x_wconf 91' lang='lat' dir='ltr'><strong>de</strong></span> <span class='ocrx_word' id='word_1_683' title='bbox 2151 4421 2346 4466; x_wconf 90' lang='lat' dir='ltr'><strong>natura</strong></span> <span class='ocrx_word' id='word_1_684' title='bbox 2382 4411 2626 4465; x_wconf 89' lang='lat' dir='ltr'><strong>interitui</strong></span> <span class='ocrx_word' id='word_1_685' title='bbox 2657 4411 2894 4465; x_wconf 87' lang='lat' dir='ltr'><strong>obnoxia</strong></span> <span class='ocrx_word' id='word_1_686' title='bbox 2929 4418 3275 4482; x_wconf 87' lang='lat' dir='ltr'><strong>terrenaque,</strong></span> <span class='ocrx_word' id='word_1_687' title='bbox 3322 4415 3377 4467; x_wconf 89' lang='lat' dir='ltr'><strong>in</strong></span> 
     </span>
    </p>
   </div>
   <div class='ocr_carea' id='block_1_90' title="bbox 1799 4504 3379 4576">
    <p class='ocr_par' dir='ltr' id='par_1_90' title="bbox 1799 4504 3379 4576">
     <span class='ocr_line' id='line_1_90' title="bbox 1799 4504 3379 4576; baseline -0.002 -15"><span class='ocrx_word' id='word_1_688' title='bbox 1799 4507 2093 4576; x_wconf 91' lang='lat' dir='ltr'><strong>quamdam</strong></span> <span class='ocrx_word' id='word_1_689' title='bbox 2132 4505 2450 4558; x_wconf 89' lang='lat' dir='ltr'><strong>morborum</strong></span> <span class='ocrx_word' id='word_1_690' title='bbox 2481 4511 2756 4572; x_wconf 80' lang='lat' dir='ltr'><strong>expertem</strong></span> <span class='ocrx_word' id='word_1_691' title='bbox 2802 4511 2852 4558; x_wconf 92' lang='lat' dir='ltr'><strong>et</strong></span> <span class='ocrx_word' id='word_1_692' title='bbox 2881 4504 3264 4558; x_wconf 89' lang='lat' dir='ltr'><strong>immortalem.</strong></span> <span class='ocrx_word' id='word_1_693' title='bbox 3301 4505 3379 4558; x_wconf 89' lang='lat' dir='ltr'><strong>Eo</strong></span> 
     </span>
    </p>
   </div>
   <div class='ocr_carea' id='block_1_91' title="bbox 1800 4595 3376 4666">
    <p class='ocr_par' dir='ltr' id='par_1_91' title="bbox 1800 4595 3376 4666">
     <span class='ocr_line' id='line_1_91' title="bbox 1800 4595 3376 4666; baseline -0.001 -14"><span class='ocrx_word' id='word_1_694' title='bbox 1800 4598 1934 4652; x_wconf 90' lang='lat' dir='ltr'><strong>mihi</strong></span> <span class='ocrx_word' id='word_1_695' title='bbox 1968 4597 2276 4666; x_wconf 79' lang='lat' dir='ltr'><strong>respexisse</strong></span> <span class='ocrx_word' id='word_1_696' title='bbox 2299 4596 2519 4651; x_wconf 88' lang='lat' dir='ltr'><strong>divinus</strong></span> <span class='ocrx_word' id='word_1_697' title='bbox 2549 4595 2638 4648; x_wconf 86' lang='lat' dir='ltr'><strong>ille</strong></span> <span class='ocrx_word' id='word_1_698' title='bbox 2668 4595 2960 4662; x_wconf 87' lang='lat' dir='ltr'><strong>Apostolus</strong></span> <span class='ocrx_word' id='word_1_699' title='bbox 2985 4595 3221 4657; x_wconf 85' lang='lat' dir='ltr'><strong>videtur,</strong></span> <span class='ocrx_word' id='word_1_700' title='bbox 3252 4613 3376 4650; x_wconf 88' lang='lat' dir='ltr'><strong>cum</strong></span> 
     </span>
    </p>
   </div>
   <div class='ocr_carea' id='block_1_92' title="bbox 141 4675 1681 4759">
    <p class='ocr_par' dir='ltr' id='par_1_92' title="bbox 141 4675 1681 4748">
     <span class='ocr_line' id='line_1_92' title="bbox 141 4675 1681 4748; baseline 0.001 -22"><span class='ocrx_word' id='word_1_701' title='bbox 141 4676 218 4728; x_wconf 78' lang='grc' dir='ltr'><strong>καὶ</strong></span> <span class='ocrx_word' id='word_1_702' title='bbox 259 4680 284 4731; x_wconf 87' lang='grc' dir='ltr'>ὁ</span> <span class='ocrx_word' id='word_1_703' title='bbox 315 4679 451 4745; x_wconf 80' lang='grc' dir='ltr'>θεῖος</span> <span class='ocrx_word' id='word_1_704' title='bbox 487 4680 808 4743; x_wconf 82' lang='grc' dir='ltr'>Ἀπόστολος</span> <span class='ocrx_word' id='word_1_705' title='bbox 858 4679 1198 4748; x_wconf 78' lang='grc' dir='ltr'>κατανοήσας</span> <span class='ocrx_word' id='word_1_706' title='bbox 1223 4718 1238 4740; x_wconf 90' lang='grc'><strong>,</strong></span> <span class='ocrx_word' id='word_1_707' title='bbox 1282 4678 1563 4747; x_wconf 81' lang='grc' dir='ltr'>προειπεῖν</span> <span class='ocrx_word' id='word_1_708' title='bbox 1605 4675 1681 4728; x_wconf 73' lang='grc' dir='ltr'>διὰ</span> 
     </span>
    </p>
   </div>
   <div class='ocr_carea' id='block_1_93' title="bbox 1789 4675 3378 4759">
    <p class='ocr_par' dir='ltr' id='par_1_93' title="bbox 1802 4685 3378 4759">
     <span class='ocr_line' id='line_1_93' title="bbox 1802 4685 3378 4759; baseline -0.001 -16"><span class='ocrx_word' id='word_1_709' title='bbox 1802 4689 1855 4743; x_wconf 92' lang='lat' dir='ltr'><strong>in</strong></span> <span class='ocrx_word' id='word_1_710' title='bbox 1897 4688 2139 4759; x_wconf 87' lang='lat' dir='ltr'><strong>Epistola</strong></span> <span class='ocrx_word' id='word_1_711' title='bbox 2189 4701 2350 4758; x_wconf 90' lang='lat' dir='ltr'><strong>quam</strong></span> <span class='ocrx_word' id='word_1_712' title='bbox 2394 4686 2460 4740; x_wconf 89' lang='lat' dir='ltr'><strong>ad</strong></span> <span class='ocrx_word' id='word_1_713' title='bbox 2489 4685 2803 4742; x_wconf 82' lang='lat' dir='ltr'><strong>Corinthios</strong></span> <span class='ocrx_word' id='word_1_714' title='bbox 2852 4687 3096 4756; x_wconf 86' lang='lat' dir='ltr'><strong>scripsit,</strong></span> <span class='ocrx_word' id='word_1_715' title='bbox 3135 4688 3378 4743; x_wconf 80' lang='lat' dir='ltr'><strong>subitum</strong></span> 
     </span>
    </p>
   </div>
   <div class='ocr_carea' id='block_1_94' title="bbox 140 4766 1699 4841">
    <p class='ocr_par' dir='ltr' id='par_1_94' title="bbox 140 4766 1699 4841">
     <span class='ocr_line' id='line_1_94' title="bbox 140 4766 1699 4841; baseline -0.007 -10"><span class='ocrx_word' id='word_1_716' title='bbox 140 4766 223 4834; x_wconf 73' lang='grc' dir='ltr'><strong>τῆς</strong></span> <span class='ocrx_word' id='word_1_717' title='bbox 246 4771 372 4840; x_wconf 72' lang='grc' dir='ltr'>πρὸς</span> <span class='ocrx_word' id='word_1_718' title='bbox 392 4771 713 4841; x_wconf 84' lang='grc' dir='ltr'>Κορινθίους</span> <span class='ocrx_word' id='word_1_719' title='bbox 743 4769 1030 4840; x_wconf 78' lang='grc' dir='ltr'>ἐπιστολῆς</span> <span class='ocrx_word' id='word_1_720' title='bbox 1052 4771 1150 4839; x_wconf 84' lang='grc' dir='ltr'>τὴν</span> <span class='ocrx_word' id='word_1_721' title='bbox 1177 4769 1440 4838; x_wconf 76' lang='grc' dir='ltr'>αἰφνίδιον</span> <span class='ocrx_word' id='word_1_722' title='bbox 1466 4767 1558 4821; x_wconf 90' lang='grc' dir='ltr'><strong>τοῦ</strong></span> <span class='ocrx_word' id='word_1_723' title='bbox 1581 4768 1699 4840; x_wconf 76' lang='grc' dir='ltr'><strong>χρό⁴</strong></span> 
     </span>
    </p>
   </div>
   <div class='ocr_carea' id='block_1_95' title="bbox 143 4861 1698 4934">
    <p class='ocr_par' dir='ltr' id='par_1_95' title="bbox 143 4861 1698 4934">
     <span class='ocr_line' id='line_1_95' title="bbox 143 4861 1698 4934; baseline 0.003 -24"><span class='ocrx_word' id='word_1_724' title='bbox 143 4875 218 4911; x_wconf 86' lang='grc' dir='ltr'><strong>νου</strong></span> <span class='ocrx_word' id='word_1_725' title='bbox 246 4864 422 4916; x_wconf 84' lang='grc' dir='ltr'>στάσιν</span> <span class='ocrx_word' id='word_1_726' title='bbox 441 4905 456 4929; x_wconf 95' lang='grc'><strong>,</strong></span> <span class='ocrx_word' id='word_1_727' title='bbox 504 4864 598 4917; x_wconf 73' lang='grc' dir='ltr'><strong>καὶ</strong></span> <span class='ocrx_word' id='word_1_728' title='bbox 619 4862 716 4934; x_wconf 76' lang='grc' dir='ltr'>τὴν</span> <span class='ocrx_word' id='word_1_729' title='bbox 743 4864 822 4926; x_wconf 83' lang='grc' dir='ltr'><strong>εἰς</strong></span> <span class='ocrx_word' id='word_1_730' title='bbox 856 4863 916 4916; x_wconf 85' lang='grc' dir='ltr'>τὸ</span> <span class='ocrx_word' id='word_1_731' title='bbox 948 4863 1180 4933; x_wconf 75' lang='grc' dir='ltr'>ἔμπαλιν</span> <span class='ocrx_word' id='word_1_732' title='bbox 1213 4861 1322 4915; x_wconf 78' lang='grc' dir='ltr'><strong>τῶν</strong></span> <span class='ocrx_word' id='word_1_733' title='bbox 1363 4862 1698 4931; x_wconf 83' lang='grc' dir='ltr'>κινουμένων</span> 
     </span>
    </p>
   </div>
   <div class='ocr_carea' id='block_1_96' title="bbox 142 4951 1697 5025">
    <p class='ocr_par' dir='ltr' id='par_1_96' title="bbox 142 4951 1697 5025">
     <span class='ocr_line' id='line_1_96' title="bbox 142 4951 1697 5025; baseline 0.002 -24"><span class='ocrx_word' id='word_1_734' title='bbox 142 4951 400 5021; x_wconf 81' lang='grc' dir='ltr'>ἀνάλυσιν,</span> <span class='ocrx_word' id='word_1_735' title='bbox 436 4957 494 5008; x_wconf 80' lang='grc' dir='ltr'>ἐν</span> <span class='ocrx_word' id='word_1_736' title='bbox 529 4951 609 5018; x_wconf 79' lang='grc' dir='ltr'>οἷς</span> <span class='ocrx_word' id='word_1_737' title='bbox 640 4971 838 5025; x_wconf 79' lang='grc' dir='ltr'>φησιν’</span> <span class='ocrx_word' id='word_1_738' title='bbox 889 4973 904 5004; x_wconf 82' lang='grc' dir='ltr'><strong>ι</strong></span> <span class='ocrx_word' id='word_1_739' title='bbox 948 4955 1082 5007; x_wconf 80' lang='grc' dir='ltr'>Ἰδοὺ</span> <span class='ocrx_word' id='word_1_740' title='bbox 1118 4955 1414 5025; x_wconf 87' lang='grc' dir='ltr'>μυστήριον</span> <span class='ocrx_word' id='word_1_741' title='bbox 1447 4954 1576 5024; x_wconf 82' lang='grc' dir='ltr'>ὑμῖν</span> <span class='ocrx_word' id='word_1_742' title='bbox 1613 4951 1697 5004; x_wconf 83' lang='grc' dir='ltr'>λέ-</span> 
     </span>
    </p>
   </div>
   <div class='ocr_carea' id='block_1_97' title="bbox 142 5042 1696 5117">
    <p class='ocr_par' dir='ltr' id='par_1_97' title="bbox 142 5042 1696 5117">
     <span class='ocr_line' id='line_1_97' title="bbox 142 5042 1696 5117; baseline 0 -23"><span class='ocrx_word' id='word_1_743' title='bbox 142 5057 239 5108; x_wconf 64' lang='lat' dir='ltr'><strong>Tur</strong></span> <span class='ocrx_word' id='word_1_744' title='bbox 269 5047 465 5111; x_wconf 81' lang='grc' dir='ltr'>Πάντες</span> <span class='ocrx_word' id='word_1_745' title='bbox 493 5046 592 5117; x_wconf 84' lang='grc' dir='ltr'><strong>μὲν</strong></span> <span class='ocrx_word' id='word_1_746' title='bbox 623 5048 683 5099; x_wconf 80' lang='grc' dir='ltr'><strong>ού</strong></span> <span class='ocrx_word' id='word_1_747' title='bbox 716 5045 1185 5117; x_wconf 82' lang='grc' dir='ltr'>κοιμηθησόμεθα,</span> <span class='ocrx_word' id='word_1_748' title='bbox 1216 5046 1418 5107; x_wconf 86' lang='grc' dir='ltr'>πάντες</span> <span class='ocrx_word' id='word_1_749' title='bbox 1444 5043 1499 5096; x_wconf 85' lang='grc' dir='ltr'>δὲ</span> <span class='ocrx_word' id='word_1_750' title='bbox 1532 5042 1696 5097; x_wconf 80' lang='grc' dir='ltr'>ἀλλα-</span> 
     </span>
    </p>
   </div>
   <div class='ocr_carea' id='block_1_98' title="bbox 144 5135 1696 5209">
    <p class='ocr_par' dir='ltr' id='par_1_98' title="bbox 144 5135 1696 5209">
     <span class='ocr_line' id='line_1_98' title="bbox 144 5135 1696 5209; baseline 0.001 -23"><span class='ocrx_word' id='word_1_751' title='bbox 144 5136 419 5206; x_wconf 78' lang='grc' dir='ltr'>γησόμεθα,</span> <span class='ocrx_word' id='word_1_752' title='bbox 442 5141 500 5192; x_wconf 83' lang='grc' dir='ltr'>ὲν</span> <span class='ocrx_word' id='word_1_753' title='bbox 524 5138 732 5209; x_wconf 82' lang='grc' dir='ltr'>ἀτόμῳ,</span> <span class='ocrx_word' id='word_1_754' title='bbox 757 5140 812 5189; x_wconf 75' lang='grc' dir='ltr'><strong>ἐν</strong></span> <span class='ocrx_word' id='word_1_755' title='bbox 836 5141 964 5209; x_wconf 79' lang='grc' dir='ltr'>ῥιπῇ</span> <span class='ocrx_word' id='word_1_756' title='bbox 990 5135 1293 5206; x_wconf 69' lang='grc' dir='ltr'>ὀφθαλμοῦ,</span> <span class='ocrx_word' id='word_1_757' title='bbox 1324 5137 1379 5188; x_wconf 79' lang='grc' dir='ltr'>ὲν</span> <span class='ocrx_word' id='word_1_758' title='bbox 1400 5137 1464 5206; x_wconf 79' lang='grc' dir='ltr'>τῇ</span> <span class='ocrx_word' id='word_1_759' title='bbox 1493 5135 1696 5206; x_wconf 79' lang='grc' dir='ltr'>ἐσχάτῃ</span> 
     </span>
    </p>
   </div>
   <div class='ocr_carea' id='block_1_99' title="bbox 147 5223 1696 5301">
    <p class='ocr_par' dir='ltr' id='par_1_99' title="bbox 147 5223 1696 5301">
     <span class='ocr_line' id='line_1_99' title="bbox 147 5223 1696 5301; baseline 0.008 -26"><span class='ocrx_word' id='word_1_760' title='bbox 147 5225 400 5298; x_wconf 86' lang='grc' dir='ltr'>σάλπιγγι.</span> <span class='ocrx_word' id='word_1_761' title='bbox 426 5251 445 5282; x_wconf 73' lang='grc' dir='ltr'><strong>ι</strong></span> <span class='ocrx_word' id='word_1_762' title='bbox 499 5230 606 5284; x_wconf 85' lang='grc' dir='ltr'><strong>Τοῦ</strong></span> <span class='ocrx_word' id='word_1_763' title='bbox 655 5233 764 5301; x_wconf 77' lang='grc' dir='ltr'>γὰρ</span> <span class='ocrx_word' id='word_1_764' title='bbox 806 5229 1203 5300; x_wconf 85' lang='grc' dir='ltr'>πληρώματος,</span> <span class='ocrx_word' id='word_1_765' title='bbox 1243 5227 1318 5290; x_wconf 84' lang='grc' dir='ltr'><strong>ὡς</strong></span> <span class='ocrx_word' id='word_1_766' title='bbox 1370 5223 1558 5294; x_wconf 79' lang='grc' dir='ltr'>οἶμαι.</span> <span class='ocrx_word' id='word_1_767' title='bbox 1599 5225 1696 5295; x_wconf 80' lang='grc' dir='ltr'><strong>τῆς</strong></span> 
     </span>
    </p>
   </div>
   <div class='ocr_carea' id='block_1_100' title="bbox 147 5316 1698 5392">
    <p class='ocr_par' dir='ltr' id='par_1_100' title="bbox 147 5316 1698 5392">
     <span class='ocr_line' id='line_1_100' title="bbox 147 5316 1698 5392; baseline 0.001 -25"><span class='ocrx_word' id='word_1_768' title='bbox 147 5316 466 5391; x_wconf 80' lang='grc' dir='ltr'>ἀνθρωπίνης</span> <span class='ocrx_word' id='word_1_769' title='bbox 513 5324 728 5391; x_wconf 74' lang='grc' dir='ltr'>φύσεως</span> <span class='ocrx_word' id='word_1_770' title='bbox 753 5323 894 5375; x_wconf 79' lang='grc' dir='ltr'>κατὰ</span> <span class='ocrx_word' id='word_1_771' title='bbox 921 5321 982 5374; x_wconf 80' lang='grc' dir='ltr'><strong>τὸ</strong></span> <span class='ocrx_word' id='word_1_772' title='bbox 1007 5319 1358 5392; x_wconf 82' lang='grc' dir='ltr'>προγνωσθὲν</span> <span class='ocrx_word' id='word_1_773' title='bbox 1395 5319 1590 5388; x_wconf 86' lang='grc' dir='ltr'>μέτρον</span> <span class='ocrx_word' id='word_1_774' title='bbox 1620 5319 1698 5380; x_wconf 88' lang='grc' dir='ltr'>εἰς</span> 
     </span>
    </p>
   </div>
   <div class='ocr_carea' id='block_1_101' title="bbox 151 5409 1699 5488">
    <p class='ocr_par' dir='ltr' id='par_1_101' title="bbox 151 5409 1699 5488">
     <span class='ocr_line' id='line_1_101' title="bbox 151 5409 1699 5488; baseline 0.007 -29"><span class='ocrx_word' id='word_1_775' title='bbox 151 5409 301 5479; x_wconf 81' lang='grc' dir='ltr'>πέρας</span> <span class='ocrx_word' id='word_1_776' title='bbox 333 5413 606 5478; x_wconf 76' lang='grc' dir='ltr'>ἐλθόντος,</span> <span class='ocrx_word' id='word_1_777' title='bbox 633 5415 720 5467; x_wconf 78' lang='grc' dir='ltr'>διὰ</span> <span class='ocrx_word' id='word_1_778' title='bbox 747 5415 808 5468; x_wconf 80' lang='grc' dir='ltr'><strong>τὸ</strong></span> <span class='ocrx_word' id='word_1_779' title='bbox 831 5415 1028 5488; x_wconf 85' lang='grc' dir='ltr'>μηκέτι</span> <span class='ocrx_word' id='word_1_780' title='bbox 1050 5415 1253 5467; x_wconf 86' lang='grc' dir='ltr'>λείπειν</span> <span class='ocrx_word' id='word_1_781' title='bbox 1277 5412 1354 5484; x_wconf 83' lang='grc' dir='ltr'><strong>τῷ</strong></span> <span class='ocrx_word' id='word_1_782' title='bbox 1377 5413 1486 5465; x_wconf 83' lang='grc' dir='ltr'><strong>τῶν</strong></span> <span class='ocrx_word' id='word_1_783' title='bbox 1512 5413 1699 5482; x_wconf 74' lang='grc' dir='ltr'>ψυχῶν</span> 
     </span>
    </p>
   </div>
   <div class='ocr_carea' id='block_1_102' title="bbox 150 5499 1700 5576">
    <p class='ocr_par' dir='ltr' id='par_1_102' title="bbox 150 5499 1700 5576">
     <span class='ocr_line' id='line_1_102' title="bbox 150 5499 1700 5576; baseline -0.004 -16"><span class='ocrx_word' id='word_1_784' title='bbox 150 5499 340 5573; x_wconf 76' lang='grc' dir='ltr'>ἀριθμῷ</span> <span class='ocrx_word' id='word_1_785' title='bbox 371 5506 534 5576; x_wconf 73' lang='grc' dir='ltr'>μηδὲν</span> <span class='ocrx_word' id='word_1_786' title='bbox 574 5508 654 5570; x_wconf 77' lang='grc' dir='ltr'>εἰς</span> <span class='ocrx_word' id='word_1_787' title='bbox 683 5505 1009 5576; x_wconf 83' lang='grc' dir='ltr'>ἐπαύξησιν,</span> <span class='ocrx_word' id='word_1_788' title='bbox 1049 5509 1106 5559; x_wconf 82' lang='grc' dir='ltr'>ἐν</span> <span class='ocrx_word' id='word_1_789' title='bbox 1139 5507 1335 5575; x_wconf 86' lang='grc' dir='ltr'>ἀκαρεῖ</span> <span class='ocrx_word' id='word_1_790' title='bbox 1374 5503 1467 5556; x_wconf 85' lang='grc' dir='ltr'><strong>τοῦ</strong></span> <span class='ocrx_word' id='word_1_791' title='bbox 1509 5504 1700 5573; x_wconf 85' lang='grc' dir='ltr'>χρόνου</span> 
     </span>
    </p>
   </div>
   <div class='ocr_carea' id='block_1_103' title="bbox 151 5593 1701 5669">
    <p class='ocr_par' dir='ltr' id='par_1_103' title="bbox 151 5593 1701 5669">
     <span class='ocr_line' id='line_1_103' title="bbox 151 5593 1701 5669; baseline 0.001 -25"><span class='ocrx_word' id='word_1_792' title='bbox 151 5593 444 5660; x_wconf 79' lang='grc' dir='ltr'>γενήσεσθαι</span> <span class='ocrx_word' id='word_1_793' title='bbox 473 5597 570 5669; x_wconf 77' lang='grc' dir='ltr'>τὴν</span> <span class='ocrx_word' id='word_1_794' title='bbox 604 5597 900 5668; x_wconf 78' lang='grc' dir='ltr'>ἐναλλαγὴν</span> <span class='ocrx_word' id='word_1_795' title='bbox 934 5597 1040 5650; x_wconf 81' lang='grc' dir='ltr'>τῶν</span> <span class='ocrx_word' id='word_1_796' title='bbox 1070 5597 1238 5651; x_wconf 68' lang='grc' dir='ltr'>ὄντων</span> <span class='ocrx_word' id='word_1_797' title='bbox 1277 5595 1514 5660; x_wconf 80' lang='grc' dir='ltr'>ἐδίδαξεν</span> <span class='ocrx_word' id='word_1_798' title='bbox 1535 5635 1547 5658; x_wconf 92' lang='grc'><strong>,</strong></span> <span class='ocrx_word' id='word_1_799' title='bbox 1579 5594 1701 5648; x_wconf 83' lang='grc' dir='ltr'>ἄτο-</span> 
     </span>
    </p>
   </div>
   <div class='ocr_carea' id='block_1_104' title="bbox 156 5685 1702 5761">
    <p class='ocr_par' dir='ltr' id='par_1_104' title="bbox 156 5685 1702 5761">
     <span class='ocr_line' id='line_1_104' title="bbox 156 5685 1702 5761; baseline 0.002 -27"><span class='ocrx_word' id='word_1_800' title='bbox 156 5696 238 5748; x_wconf 76' lang='grc' dir='ltr'><strong>μον</strong></span> <span class='ocrx_word' id='word_1_801' title='bbox 260 5685 524 5756; x_wconf 82' lang='grc' dir='ltr'>ὀνομάσας</span> <span class='ocrx_word' id='word_1_802' title='bbox 553 5690 648 5742; x_wconf 72' lang='grc' dir='ltr'><strong>καὶ</strong></span> <span class='ocrx_word' id='word_1_803' title='bbox 683 5688 845 5761; x_wconf 78' lang='grc' dir='ltr'>ριπὴν</span> <span class='ocrx_word' id='word_1_804' title='bbox 876 5687 1155 5760; x_wconf 61' lang='grc' dir='ltr'>ὀψθαλμοῦ</span> <span class='ocrx_word' id='word_1_805' title='bbox 1189 5690 1249 5741; x_wconf 82' lang='grc' dir='ltr'>τὸ</span> <span class='ocrx_word' id='word_1_806' title='bbox 1278 5687 1482 5758; x_wconf 79' lang='grc' dir='ltr'>ἀμερὲς</span> <span class='ocrx_word' id='word_1_807' title='bbox 1527 5688 1702 5740; x_wconf 84' lang='grc' dir='ltr'>ἐκεῖνο</span> 
     </span>
    </p>
   </div>
   <div class='ocr_carea' id='block_1_105' title="bbox 211 5855 1226 5932">
    <p class='ocr_par' dir='ltr' id='par_1_105' title="bbox 211 5855 1226 5932">
     <span class='ocr_line' id='line_1_105' title="bbox 211 5855 1226 5932; baseline 0.004 -18"><span class='ocrx_word' id='word_1_808' title='bbox 211 5855 252 5887; x_wconf 80' lang='grc'><strong>⁷³</strong></span> <span class='ocrx_word' id='word_1_809' title='bbox 285 5859 427 5922; x_wconf 79' lang='lat' dir='ltr'><strong>Psal.</strong></span> <span class='ocrx_word' id='word_1_810' title='bbox 486 5879 628 5932; x_wconf 65' lang='grc' dir='ltr'>χειν,</span> <span class='ocrx_word' id='word_1_811' title='bbox 660 5865 714 5918; x_wconf 73' lang='grc'><strong>4.</strong></span> <span class='ocrx_word' id='word_1_812' title='bbox 791 5864 836 5896; x_wconf 72' lang='grc' dir='ltr'><strong>τ’</strong></span> <span class='ocrx_word' id='word_1_813' title='bbox 861 5862 998 5920; x_wconf 86' lang='lat' dir='ltr'><strong>Gen.</strong></span> <span class='ocrx_word' id='word_1_814' title='bbox 1032 5880 1093 5931; x_wconf 86' lang='grc' dir='ltr'><strong>ιι,</strong></span> <span class='ocrx_word' id='word_1_815' title='bbox 1135 5863 1226 5918; x_wconf 70' lang='grc'><strong>22.</strong></span> 
     </span>
    </p>
   </div>
   <div class='ocr_carea' id='block_1_106' title="bbox 1806 4778 3379 4851">
    <p class='ocr_par' dir='ltr' id='par_1_106' title="bbox 1806 4778 3379 4851">
     <span class='ocr_line' id='line_1_106' title="bbox 1806 4778 3379 4851; baseline -0.001 -15"><span class='ocrx_word' id='word_1_816' title='bbox 1806 4781 2068 4851; x_wconf 86' lang='lat' dir='ltr'><strong>temporis</strong></span> <span class='ocrx_word' id='word_1_817' title='bbox 2117 4779 2419 4836; x_wconf 87' lang='lat' dir='ltr'><strong>desinentis</strong></span> <span class='ocrx_word' id='word_1_818' title='bbox 2468 4778 2648 4842; x_wconf 85' lang='lat' dir='ltr'><strong>linem,</strong></span> <span class='ocrx_word' id='word_1_819' title='bbox 2687 4794 2982 4850; x_wconf 88' lang='lat' dir='ltr'><strong>rerumque</strong></span> <span class='ocrx_word' id='word_1_820' title='bbox 3017 4781 3170 4849; x_wconf 90' lang='lat' dir='ltr'><strong>prius</strong></span> <span class='ocrx_word' id='word_1_821' title='bbox 3201 4782 3379 4837; x_wconf 85' lang='lat' dir='ltr'><strong>mobi-</strong></span> 
     </span>
    </p>
   </div>
   <div class='ocr_carea' id='block_1_107' title="bbox 1805 4869 3376 4939">
    <p class='ocr_par' dir='ltr' id='par_1_107' title="bbox 1805 4869 3376 4939">
     <span class='ocr_line' id='line_1_107' title="bbox 1805 4869 3376 4939; baseline -0.001 -15"><span class='ocrx_word' id='word_1_822' title='bbox 1805 4871 1939 4925; x_wconf 92' lang='lat' dir='ltr'><strong>lium</strong></span> <span class='ocrx_word' id='word_1_823' title='bbox 1970 4869 2242 4924; x_wconf 85' lang='lat' dir='ltr'><strong>diversam</strong></span> <span class='ocrx_word' id='word_1_824' title='bbox 2275 4871 2328 4924; x_wconf 91' lang='lat' dir='ltr'><strong>in</strong></span> <span class='ocrx_word' id='word_1_825' title='bbox 2355 4877 2564 4938; x_wconf 88' lang='lat' dir='ltr'><strong>partem</strong></span> <span class='ocrx_word' id='word_1_826' title='bbox 2597 4869 3006 4924; x_wconf 83' lang='lat' dir='ltr'><strong>conversionem</strong></span> <span class='ocrx_word' id='word_1_827' title='bbox 3040 4871 3376 4939; x_wconf 80' lang='lat' dir='ltr'><strong>praediceret.</strong></span> 
     </span>
    </p>
   </div>
   <div class='ocr_carea' id='block_1_108' title="bbox 1809 4959 3379 5031">
    <p class='ocr_par' dir='ltr' id='par_1_108' title="bbox 1809 4959 3379 5031">
     <span class='ocr_line' id='line_1_108' title="bbox 1809 4959 3379 5031; baseline -0.001 -16"><span class='ocrx_word' id='word_1_828' title='bbox 1809 4959 1949 5015; x_wconf 89' lang='lat' dir='ltr'><strong>Sunt</strong></span> <span class='ocrx_word' id='word_1_829' title='bbox 1979 4961 2126 5015; x_wconf 91' lang='lat' dir='ltr'><strong>enim</strong></span> <span class='ocrx_word' id='word_1_830' title='bbox 2153 4961 2268 5015; x_wconf 66' lang='lat' dir='ltr'><strong>hare</strong></span> <span class='ocrx_word' id='word_1_831' title='bbox 2300 4961 2474 5031; x_wconf 90' lang='lat' dir='ltr'><strong>ipsius</strong></span> <span class='ocrx_word' id='word_1_832' title='bbox 2501 4960 2666 5015; x_wconf 83' lang='lat' dir='ltr'><strong>verba</strong></span> <span class='ocrx_word' id='word_1_833' title='bbox 2703 4979 2715 5014; x_wconf 91' lang='lat'>:</span> <span class='ocrx_word' id='word_1_834' title='bbox 2779 4961 2911 5017; x_wconf 84' lang='lat' dir='ltr'><strong>Ecce</strong></span> <span class='ocrx_word' id='word_1_835' title='bbox 2971 4979 3082 5017; x_wconf 87' lang='lat' dir='ltr'><strong>rem</strong></span> <span class='ocrx_word' id='word_1_836' title='bbox 3129 4979 3379 5016; x_wconf 74' lang='lat' dir='ltr'><strong>arcanam</strong></span> 
     </span>
    </p>
   </div>
   <div class='ocr_carea' id='block_1_109' title="bbox 1805 5046 3381 5118">
    <p class='ocr_par' dir='ltr' id='par_1_109' title="bbox 1805 5046 3381 5118">
     <span class='ocr_line' id='line_1_109' title="bbox 1805 5046 3381 5118; baseline 0.001 -16"><span class='ocrx_word' id='word_1_837' title='bbox 1805 5049 1946 5103; x_wconf 67' lang='lat' dir='ltr'><strong>vobis</strong></span> <span class='ocrx_word' id='word_1_838' title='bbox 1977 5046 2268 5116; x_wconf 75' lang='lat' dir='ltr'><strong>patefacio:</strong></span> <span class='ocrx_word' id='word_1_839' title='bbox 2296 5047 2407 5101; x_wconf 79' lang='lat' dir='ltr'><strong>A’os</strong></span> <span class='ocrx_word' id='word_1_840' title='bbox 2429 5049 2639 5118; x_wconf 80' lang='lat' dir='ltr'><strong>quidem</strong></span> <span class='ocrx_word' id='word_1_841' title='bbox 2687 5067 2866 5104; x_wconf 83' lang='lat' dir='ltr'><strong>omnes</strong></span> <span class='ocrx_word' id='word_1_842' title='bbox 2901 5067 3002 5104; x_wconf 84' lang='lat' dir='ltr'><strong>non</strong></span> <span class='ocrx_word' id='word_1_843' title='bbox 3035 5051 3381 5112; x_wconf 75' lang='lat' dir='ltr'><strong>dormiamus,</strong></span> 
     </span>
    </p>
   </div>
   <div class='ocr_carea' id='block_1_110' title="bbox 1807 5141 3382 5211">
    <p class='ocr_par' dir='ltr' id='par_1_110' title="bbox 1807 5141 3382 5211">
     <span class='ocr_line' id='line_1_110' title="bbox 1807 5141 3382 5211; baseline 0.002 -18"><span class='ocrx_word' id='word_1_844' title='bbox 1807 5157 1984 5194; x_wconf 76' lang='lat' dir='ltr'><strong>omnes</strong></span> <span class='ocrx_word' id='word_1_845' title='bbox 2052 5149 2228 5194; x_wconf 85' lang='lat' dir='ltr'><strong>tamen</strong></span> <span class='ocrx_word' id='word_1_846' title='bbox 2276 5141 2742 5201; x_wconf 80' lang='lat' dir='ltr'><strong>commutabimur.</strong></span> <span class='ocrx_word' id='word_1_847' title='bbox 2818 5141 2972 5210; x_wconf 80' lang='lat' dir='ltr'><strong>idque</strong></span> <span class='ocrx_word' id='word_1_848' title='bbox 3024 5143 3076 5195; x_wconf 80' lang='lat' dir='ltr'><strong>in</strong></span> <span class='ocrx_word' id='word_1_849' title='bbox 3134 5145 3382 5211; x_wconf 79' lang='lat' dir='ltr'><strong>temporis</strong></span> 
     </span>
    </p>
   </div>
   <div class='ocr_carea' id='block_1_111' title="bbox 1803 5233 3384 5304">
    <p class='ocr_par' dir='ltr' id='par_1_111' title="bbox 1803 5233 3384 5304">
     <span class='ocr_line' id='line_1_111' title="bbox 1803 5233 3384 5304; baseline 0.001 -17"><span class='ocrx_word' id='word_1_850' title='bbox 1803 5245 2016 5301; x_wconf 86' lang='lat' dir='ltr'><strong>puncto,</strong></span> <span class='ocrx_word' id='word_1_851' title='bbox 2052 5243 2102 5287; x_wconf 83' lang='lat' dir='ltr'><strong>et</strong></span> <span class='ocrx_word' id='word_1_852' title='bbox 2130 5233 2272 5288; x_wconf 84' lang='lat' dir='ltr'><strong>oculi</strong></span> <span class='ocrx_word' id='word_1_853' title='bbox 2303 5245 2585 5297; x_wconf 84' lang='lat' dir='ltr'><strong>momento,</strong></span> <span class='ocrx_word' id='word_1_854' title='bbox 2618 5235 2688 5287; x_wconf 85' lang='lat' dir='ltr'><strong>ad</strong></span> <span class='ocrx_word' id='word_1_855' title='bbox 2715 5245 2962 5289; x_wconf 73' lang='lat' dir='ltr'><strong>extrema:</strong></span> <span class='ocrx_word' id='word_1_856' title='bbox 2997 5239 3136 5290; x_wconf 73' lang='lat' dir='ltr'><strong>tuba:</strong></span> <span class='ocrx_word' id='word_1_857' title='bbox 3167 5237 3384 5304; x_wconf 82' lang='lat' dir='ltr'><strong>clango—</strong></span> 
     </span>
    </p>
   </div>
   <div class='ocr_carea' id='block_1_112' title="bbox 1806 5319 3387 5390">
    <p class='ocr_par' dir='ltr' id='par_1_112' title="bbox 1806 5319 3387 5390">
     <span class='ocr_line' id='line_1_112' title="bbox 1806 5319 3387 5390; baseline 0.001 -10"><span class='ocrx_word' id='word_1_858' title='bbox 1806 5345 1914 5381; x_wconf 80' lang='lat' dir='ltr'><strong>rem</strong></span> <span class='ocrx_word' id='word_1_859' title='bbox 1945 5328 2012 5382; x_wconf 80' lang='grc'><strong>⁸⁸.</strong></span> <span class='ocrx_word' id='word_1_860' title='bbox 2089 5324 2202 5377; x_wconf 87' lang='lat' dir='ltr'><strong>iloc</strong></span> <span class='ocrx_word' id='word_1_861' title='bbox 2244 5319 2377 5376; x_wconf 87' lang='lat' dir='ltr'><strong>tuihi</strong></span> <span class='ocrx_word' id='word_1_862' title='bbox 2449 5327 2634 5381; x_wconf 77' lang='lat' dir='ltr'><strong>dicere</strong></span> <span class='ocrx_word' id='word_1_863' title='bbox 2675 5329 2912 5390; x_wconf 91' lang='lat' dir='ltr'><strong>videtur,</strong></span> <span class='ocrx_word' id='word_1_864' title='bbox 2964 5327 3244 5381; x_wconf 86' lang='lat' dir='ltr'><strong>hommum</strong></span> <span class='ocrx_word' id='word_1_865' title='bbox 3286 5343 3387 5383; x_wconf 85' lang='lat' dir='ltr'><strong>no-</strong></span> 
     </span>
    </p>
   </div>
   <div class='ocr_carea' id='block_1_113' title="bbox 1809 5414 3426 5486">
    <p class='ocr_par' dir='ltr' id='par_1_113' title="bbox 1809 5414 3426 5486">
     <span class='ocr_line' id='line_1_113' title="bbox 1809 5414 3426 5486; baseline -0.002 -15"><span class='ocrx_word' id='word_1_866' title='bbox 1809 5417 1979 5480; x_wconf 90' lang='lat' dir='ltr'><strong>tione,</strong></span> <span class='ocrx_word' id='word_1_867' title='bbox 2013 5416 2104 5471; x_wconf 92' lang='lat' dir='ltr'><strong>illo</strong></span> <span class='ocrx_word' id='word_1_868' title='bbox 2150 5415 2314 5470; x_wconf 88' lang='lat' dir='ltr'><strong>modo</strong></span> <span class='ocrx_word' id='word_1_869' title='bbox 2345 5417 2436 5485; x_wconf 90' lang='lat' dir='ltr'><strong>qui</strong></span> <span class='ocrx_word' id='word_1_870' title='bbox 2473 5415 2770 5486; x_wconf 78' lang='lat' dir='ltr'><strong>praeﬁnitus</strong></span> <span class='ocrx_word' id='word_1_871' title='bbox 2815 5431 2843 5468; x_wconf 93' lang='lat' dir='ltr'><strong>a</strong></span> <span class='ocrx_word' id='word_1_872' title='bbox 2885 5414 2994 5468; x_wconf 92' lang='lat' dir='ltr'><strong>Deo</strong></span> <span class='ocrx_word' id='word_1_873' title='bbox 3031 5423 3132 5478; x_wconf 91' lang='lat' dir='ltr'><strong>est,</strong></span> <span class='ocrx_word' id='word_1_874' title='bbox 3191 5416 3386 5485; x_wconf 84' lang='lat' dir='ltr'><strong>ampli-</strong></span> <span class='ocrx_word' id='word_1_875' title='bbox 3423 5421 3426 5424; x_wconf 81' lang='grc'><strong>’</strong></span> 
     </span>
    </p>
   </div>
   <div class='ocr_carea' id='block_1_114' title="bbox 1813 5505 3389 5576">
    <p class='ocr_par' dir='ltr' id='par_1_114' title="bbox 1813 5505 3389 5576">
     <span class='ocr_line' id='line_1_114' title="bbox 1813 5505 3389 5576; baseline 0 -17"><span class='ocrx_word' id='word_1_876' title='bbox 1813 5505 1992 5570; x_wconf 75' lang='lat' dir='ltr'><strong>licata,</strong></span> <span class='ocrx_word' id='word_1_877' title='bbox 2025 5522 2150 5560; x_wconf 85' lang='lat' dir='ltr'><strong>cum</strong></span> <span class='ocrx_word' id='word_1_878' title='bbox 2194 5507 2501 5560; x_wconf 90' lang='lat' dir='ltr'><strong>animorum</strong></span> <span class='ocrx_word' id='word_1_879' title='bbox 2537 5521 2770 5560; x_wconf 85' lang='lat' dir='ltr'><strong>numero</strong></span> <span class='ocrx_word' id='word_1_880' title='bbox 2803 5505 2937 5558; x_wconf 90' lang='lat' dir='ltr'><strong>nihil</strong></span> <span class='ocrx_word' id='word_1_881' title='bbox 2973 5505 3235 5560; x_wconf 88' lang='lat' dir='ltr'><strong>accedere</strong></span> <span class='ocrx_word' id='word_1_882' title='bbox 3266 5523 3389 5576; x_wconf 76' lang='lat' dir='ltr'><strong>por-</strong></span> 
     </span>
    </p>
   </div>
   <div class='ocr_carea' id='block_1_115' title="bbox 1809 5598 3383 5670">
    <p class='ocr_par' dir='ltr' id='par_1_115' title="bbox 1809 5598 3383 5670">
     <span class='ocr_line' id='line_1_115' title="bbox 1809 5598 3383 5670; baseline 0.001 -19"><span class='ocrx_word' id='word_1_883' title='bbox 1809 5613 1870 5652; x_wconf 94' lang='lat' dir='ltr'><strong>ro</strong></span> <span class='ocrx_word' id='word_1_884' title='bbox 1908 5599 2106 5668; x_wconf 89' lang='lat' dir='ltr'><strong>poterit</strong></span> <span class='ocrx_word' id='word_1_885' title='bbox 2136 5617 2149 5652; x_wconf 93' lang='lat'>:</span> <span class='ocrx_word' id='word_1_886' title='bbox 2193 5605 2306 5653; x_wconf 81' lang='lat' dir='ltr'><strong>tum</strong></span> <span class='ocrx_word' id='word_1_887' title='bbox 2358 5613 2489 5668; x_wconf 88' lang='lat' dir='ltr'><strong>ergo</strong></span> <span class='ocrx_word' id='word_1_888' title='bbox 2522 5613 2610 5652; x_wconf 90' lang='lat' dir='ltr'><strong>res</strong></span> <span class='ocrx_word' id='word_1_889' title='bbox 2647 5598 2932 5656; x_wconf 87' lang='lat' dir='ltr'><strong>universas</strong></span> <span class='ocrx_word' id='word_1_890' title='bbox 2967 5611 3076 5649; x_wconf 89' lang='lat' dir='ltr'><strong>uno</strong></span> <span class='ocrx_word' id='word_1_891' title='bbox 3117 5600 3383 5670; x_wconf 73' lang='lat' dir='ltr'><strong>temporis</strong></span> 
     </span>
    </p>
   </div>
   <div class='ocr_carea' id='block_1_116' title="bbox 1809 5687 3382 5749">
    <p class='ocr_par' dir='ltr' id='par_1_116' title="bbox 1809 5687 3382 5749">
     <span class='ocr_line' id='line_1_116' title="bbox 1809 5687 3382 5749; baseline 0.006 -9"><span class='ocrx_word' id='word_1_892' title='bbox 1809 5697 2088 5745; x_wconf 87' lang='lat' dir='ltr'><strong>momento</strong></span> <span class='ocrx_word' id='word_1_893' title='bbox 2125 5698 2518 5744; x_wconf 88' lang='lat' dir='ltr'><strong>commutatum</strong></span> <span class='ocrx_word' id='word_1_894' title='bbox 2549 5688 2633 5741; x_wconf 91' lang='lat' dir='ltr'><strong>iri.</strong></span> <span class='ocrx_word' id='word_1_895' title='bbox 2669 5687 2942 5742; x_wconf 86' lang='lat' dir='ltr'><strong>Punctum</strong></span> <span class='ocrx_word' id='word_1_896' title='bbox 2971 5689 3117 5746; x_wconf 86' lang='lat' dir='ltr'><strong>enim</strong></span> <span class='ocrx_word' id='word_1_897' title='bbox 3157 5697 3212 5747; x_wconf 86' lang='lat' dir='ltr'><strong>et</strong></span> <span class='ocrx_word' id='word_1_898' title='bbox 3237 5691 3382 5749; x_wconf 75' lang='lat' dir='ltr'><strong>oculi</strong></span> 
     </span>
    </p>
   </div>
   <div class='ocr_carea' id='block_1_117' title="bbox 1306 5860 1926 5930">
    <p class='ocr_par' dir='ltr' id='par_1_117' title="bbox 1306 5860 1926 5930">
     <span class='ocr_line' id='line_1_117' title="bbox 1306 5860 1926 5930; baseline -0.005 -14"><span class='ocrx_word' id='word_1_899' title='bbox 1306 5864 1350 5895; x_wconf 81' lang='lat'><strong>°°</strong></span> <span class='ocrx_word' id='word_1_900' title='bbox 1387 5861 1559 5916; x_wconf 86' lang='lat' dir='ltr'><strong>lCor.</strong></span> <span class='ocrx_word' id='word_1_901' title='bbox 1591 5875 1676 5926; x_wconf 71' lang='lat' dir='ltr'><strong>xv,</strong></span> <span class='ocrx_word' id='word_1_902' title='bbox 1712 5860 1770 5916; x_wconf 79' lang='grc'><strong>51</strong></span> <span class='ocrx_word' id='word_1_903' title='bbox 1809 5877 1926 5930; x_wconf 87' lang='lat' dir='ltr'><strong>sqq.</strong></span> 
     </span>
    </p>
   </div>
  </div>
