3890 6358
427 450 531 506 201

1690 443 1747 499 S.
1781 443 2111 504 GREGOBII
2145 436 2433 505 Νιδεειιι

3596 441 3703 497 208

430 574 766 622 momentum
791 567 1027 638 appellat
1051 568 1359 624 extremum
1388 567 1653 637 temporis
1688 569 2007 636 terminum,

2125 572 2207 624 τοῦ
2248 572 2442 641 χρόνου
2486 572 2580 625 καὶ
2619 570 2941 625 ἀδιάστατον
2973 568 3145 641 πέρας
3166 587 3178 599 ·
3209 569 3285 634 ὡς
3315 569 3517 641 μηκέτι
3545 567 3705 621 δυνα-

426 659 606 715 omnis
634 669 909 730 expertem
938 660 1324 725 dimensionis,
1360 661 1563 732 quique
1595 660 1776 716 nullas
1797 662 1851 716 in
1878 677 2005 733 par-

426 761 508 807 tes
550 751 717 805 dividi
768 758 954 820 queat.
991 751 1177 822 Itaque
1222 754 1336 807 fieri
1378 767 1487 808 non
1529 767 1692 823 posse
1721 753 1899 817 docet,
1946 763 2006 808 ut

425 844 547 910 quis
569 842 639 896 ad
670 857 790 896 eam
826 850 979 897 certo
1008 845 1167 913 quasi
1197 845 1407 897 ambitu
1435 843 1713 898 definitam
1746 844 2006 899 mutatio-

425 951 570 998 nem.
597 950 721 1003 qua:
746 949 844 1004 per
874 942 1108 990 mortem
1140 934 1220 999 fit,
1252 936 1574 1005 perveniat:
1616 944 1670 990 et
1698 944 2006 990 extremum

422 1041 488 1080 ac
544 1041 822 1082 summum
877 1026 1145 1097 temporis
1190 1035 1529 1081 momentum
1578 1028 1833 1097 attingat,
1883 1035 2007 1096 post

422 1118 571 1187 quod
611 1119 760 1173 nulla
792 1133 922 1190 pars
970 1118 1092 1187 ejus
1125 1120 1333 1189 reliqua
1360 1126 1469 1185 est,
1517 1119 1626 1174 nisi
1658 1120 1813 1190 prius
1852 1119 2004 1185 tuba,

396 1206 546 1279 'quae
580 1210 1037 1265 resurrectionem
1074 1225 1140 1265 ex
1176 1211 1410 1266 mortuis
1448 1210 1742 1280 praecedet,
1778 1210 2006 1280 clango-

425 1312 540 1352 rem
576 1312 737 1352 suum
770 1297 922 1361 edat,
956 1312 1068 1367 quo
1098 1312 1227 1367 pars
1263 1299 1488 1352 humani
1531 1299 1752 1369 generis
1790 1306 2008 1354 mortua

385 1378 391 1389 ’
423 1393 587 1463 quasi
619 1392 688 1447 de
722 1408 917 1449 somno
943 1393 1215 1449 excitetur
1242 1411 1257 1448 :
1302 1407 1367 1448 ea
1391 1399 1538 1448 'vero
1571 1407 1695 1464 quae
1738 1391 1918 1446 adhuc
1952 1392 2008 1445 in

384 1485 389 1491 ’
426 1488 565 1542 vivis
594 1486 723 1541 erit.
757 1482 977 1550 perinde
997 1484 1249 1540 utctcteri
1290 1500 1388 1554 per
1417 1485 1903 1550 resurrectionem,
1933 1484 2008 1537 ita

425 1588 483 1634 et
523 1580 643 1649 ipsa
670 1577 860 1634 subito
892 1576 962 1631 ad
1011 1577 1482 1631 immortalitatem
1510 1582 1908 1638 commutetur,
1950 1580 2010 1627 ut

425 1685 547 1725 eam
585 1670 847 1739 deinceps
891 1670 1077 1724 carnis
1111 1668 1327 1739 pondus
1376 1667 1636 1724 deorsum
1689 1683 1856 1723 onere
1909 1682 2011 1723 suo

2112 665 2203 719 τὸν
2241 660 2380 718 εἶναι
2408 664 2485 735 τῷ
2514 664 2653 718 κατά
2686 664 2747 717 τὸ
2789 663 3015 735 ἔσχατόν
3042 680 3103 716 τε
3148 663 3243 717 καὶ
3268 664 3571 735 ἀκρότατον
3601 662 3701 735 τῆς

2112 758 2298 829 ἀκμῆς
2335 757 2581 812 ἐπιϐάντι
2618 756 2711 810 τοῦ
2754 755 2968 827 χρόνου,
3001 755 3088 808 διὰ
3124 755 3184 807 τὸ
3218 755 3384 826 μηδὲν
3418 755 3714 810 ὑπολείπε-

2115 849 2237 903 σθαι
2258 851 2323 919 τῇ
2351 849 2609 919 ἀκρότητι
2641 848 2834 919 μέρος,
2885 846 2984 917 τὴν
3023 846 3339 918 περιοδικὴν
3378 846 3586 918 ταύτην
3619 848 3705 908 διᾶ

2117 938 2348 991 θανάτου
2399 936 2699 1008 μεταόολὴν
2737 937 3041 1007 κτήσασθαι
3069 976 3083 999 ,
3130 935 3245 989 ἀλλ’
3285 938 3333 991 εί
3371 936 3533 1007 μόνον
3576 939 3703 1008 ἰςχῆ-

2117 1050 2266 1086 σειεν
2326 1033 2361 1102 ἡ
2411 1032 2510 1101 τῆς
2560 1029 2907 1092 ἀναστάσεως
2942 1027 3279 1099 σάλπιγξ,ἡ
3325 1026 3387 1081 τὸ
3442 1028 3706 1098 τεθνηκὸς

2114 1122 2528 1194 ἀφυπνίζουσα,
2574 1121 2668 1174 καὶ
2706 1120 2833 1182 τοὺς
2878 1119 2936 1171 ἐν
2972 1121 3041 1190 τῇ
3078 1119 3189 1191 ζωῇ
3241 1120 3708 1188 καταλειφθέντας

2114 1214 2236 1269 καθ’
2254 1211 2546 1284 ὁμοιότητα
2565 1210 2675 1263 τῶν
2697 1209 2755 1276 ἐξ
2776 1210 3125 1273 ἀναστάσεως
3146 1210 3358 1264 ἀλλοιου
3367 1211 3546 1281 μένων
3572 1210 3704 1285 πρὸς

2115 1304 2425 1375 ἀφθαρσίαν
2445 1303 2658 1373 ἀθρόως
2688 1300 3209 1373 μεταϐάλλουσα,ὠς
3235 1302 3433 1372 μηκέτι
3459 1303 3522 1356 τὸ
3545 1303 3709 1374 βάρος

2114 1398 2213 1468 τῆς
2240 1396 2442 1468 σαρκὰς
2468 1395 2559 1449 ἐπὶ
2581 1396 2642 1448 τὸ
2672 1396 2823 1449 κάτω
2846 1393 3073 1466 βρίθειν,
3104 1395 3199 1448 καὶ
3226 1398 3292 1466 τῇ
3324 1397 3394 1466 γῇ
3419 1410 3709 1466 παρακατ-

2117 1488 2262 1559 έχειν
2302 1490 2393 1541 τὸν
2432 1487 2629 1556 δγκον·
2678 1486 2815 1541 ἀλλὰ
2859 1486 3149 1559 μετάρσιον
3190 1486 3257 1539 δι’
3300 1487 3461 1558 ἀέρος
3496 1490 3709 1560 φοιτᾷν.

2123 1598 2142 1632 ι
2166 1578 2631 1651 Ἀρπαγησόμεθα
2658 1578 2798 1651 γάρ,
2835 1580 3020 1650 φησὶν,
3048 1581 3107 1633 ἐν
3145 1579 3396 1649 νεφέλαις
3429 1581 3511 1643 είς
3538 1581 3710 1634 ἀπάνο

2115 1689 2274 1744 τησιν
2304 1672 2398 1725 τοῦ
2424 1672 2628 1744 Κυρίου
2659 1674 2738 1734 εἰς
2781 1671 2920 1742 ἀέρα
2940 1711 2954 1732 ,
2995 1671 3088 1724 καί¹
3124 1669 3299 1735 οὕτως
3328 1671 3564 1725 πάντοτε
3617 1673 3715 1727 σὺν

426 1777 538 1817 non
568 1760 857 1832 deprimat,
889 1760 1127 1815 humove
1169 1768 1390 1815 terrena
1439 1761 1611 1814 moles
1657 1757 1857 1829 alligat,
1912 1756 2008 1813 sed

2125 1762 2309 1833 Κυρίῳ
2343 1762 2600 1833 ἐσόμεθα.
2632 1781 2653 1813 ι
2711 1760 2921 1815 Οὐκοῦν
2967 1761 3315 1832 ἀναμεινάτω
3371 1762 3463 1815 τὸν
3518 1763 3714 1836 χρόνον

424 1858 568 1913 elata
599 1856 654 1910 in
684 1854 918 1911 sublime
950 1854 1132 1925 ipsum
1164 1868 1347 1909 aerem
1386 1860 1655 1923 penetret.
1693 1851 1820 1906 Ha‘c
1860 1852 2007 1905 enim

2125 1851 2209 1903 τὸν
2233 1851 2548 1918 ἀναγκαίως
2594 1853 2660 1922 τῇ
2693 1850 3009 1923 ἀνθρωπίνῃ
3053 1850 3277 1920 αὐξήσει
3330 1854 3714 1923 συμπαρατεί-

427 1947 725 2015 Apostolus
786 1944 1055 2015 subjecit:
1122 1961 1142 1996 ι
1213 1944 1519 2015 Rapiemur
1570 1960 1669 2013 per
1729 1943 1907 1999 nubes
1959 1940 2015 1995 in

2125 1958 2298 1995 νοντα.
2328 1942 2439 1994 Καὶ
2482 1940 2591 2012 γάρ
2639 1942 2689 1993 ol
2733 1942 2861 2010 περὶ
2906 1939 2996 1993 τόν
3059 1940 3311 2012 Ἀϐραάμ
3348 1944 3714 2016 πατριάρχαι,

428 2056 633 2104 aerem,
675 2046 736 2094 ut
772 2038 1005 2094 Domino
1037 2051 1418 2105 occurramus,
1465 2045 1629 2107 atque
1656 2052 1721 2092 ex
1761 2051 1826 2091 eo
1871 2044 2013 2089 tem-

2125 2029 2210 2085 τοῦ
2248 2032 2347 2103 μὲν
2383 2031 2513 2084 ίδεῖν
2544 2031 2613 2085 τά
2640 2030 2821 2099 ἀγαθά
2846 2031 2945 2101 τὴν
2970 2031 3266 2102 ἐπιθυμίαν
3291 2031 3469 2101 ἔσχον,
3495 2036 3593 2087 καὶ
3614 2035 3713 2089 οὐκ

425 2146 556 2201 pore
577 2136 840 2201 perpetuo
855 2143 981 2184 cum
999 2127 1232 2183 Domino
1259 2128 1469 2183 erimus
1483 2128 1551 2181 ⁸³.
1586 2146 1605 2178 ι
1637 2126 2009 2193 Quamobrem

2125 2123 2328 2193 ἀνῆκαν
2360 2121 2747 2194 ἐπιζητοῦντες
2778 2122 2875 2193 τὴν
2900 2123 3220 2193 ἐπουράνιον
3247 2124 3502 2197 πατρίδα.
3530 2125 3713 2191 καθώς

427 2223 809 2294 unusquisque
838 2222 1104 2292 temporis
1148 2221 1431 2275 hominum
1468 2220 1811 2275 incremento
1842 2217 2015 2274 desti-

2125 2232 2284 2286 φησιν
2329 2217 2358 2269 ό
2404 2215 2753 2278 Ἀπόστολος’
2790 2214 2906 2268 ἀλλ’
2944 2214 3095 2285 ὅμως
3138 2217 3197 2268 ἐν
3240 2216 3318 2287 τῷ
3360 2216 3609 2282 ἐλπίζειν
3635 2219 3716 2273 ἐτι

426 2315 545 2369 nati
571 2328 779 2368 moram
825 2313 1096 2383 patienter
1152 2311 1313 2367 ferat.
1346 2311 1481 2365 Nam
1532 2318 1588 2366 et
1636 2310 2010 2372 Abrahamus,

2125 2306 2217 2379 τὴν
2248 2307 2409 2379 χάριν
2440 2307 2571 2369 εἱσι,
2590 2306 2682 2359 τοῦ
2712 2305 2847 2359 Θεοῦ
2873 2306 3121 2378 κρεῖττόν
3146 2324 3199 2359 τι
3229 2308 3357 2379 περ)⁸
3387 2307 3549 2379 ἡμῶν
3582 2326 3715 2381 προι

428 2405 631 2475 aliique
678 2411 864 2475 patres
913 2405 988 2457 illi
1033 2404 1333 2473 principes,
1379 2416 1693 2472 quanquam
1740 2400 2015 2456 desiderio

2125 2398 2481 2470 ϐλεψαμένου,
2511 2397 2657 2452 κατά
2671 2398 2768 2471 τὴν
2789 2398 2883 2453 τοῦ
2904 2399 3117 2453 Παύλου
3143 2401 3349 2472 φωνήν·
3381 2419 3399 2451 ι
3423 2402 3547 2455 Ἵνα
3580 2402 3713 2474 μὴ,ι

428 2496 649 2553 videndi
695 2496 885 2551 istbaec
938 2496 1079 2550 bona
1133 2502 1491 2559 tenerentur,
1549 2508 1726 2563 neque
1771 2508 2013 2563 unquam

2125 2490 2276 2561 φησὶ,
2307 2491 2509 2561 «χωρὶς
2535 2490 2568 2561 ή
2577 2489 2693 2561 μῶν
2715 2490 3092 2546 τελειωθῶσιν.
3117 2510 3137 2545 ο

332 2645 343 2656 ,
428 2594 705 2649 caelestem
766 2591 999 2663 patriam
1044 2604 1290 2662 quaerere
1351 2590 1687 2653 desinerent,
1739 2596 1799 2644 ut
1853 2587 2148 2672 Apostolus
2213 2587 2474 2657 loquitur,
2543 2593 2728 2642 tamen
2790 2586 2972 2642 adhuc
3021 2588 3187 2643 etiam
3242 2605 3472 2647 necesse
3512 2590 3722 2648 habent

425 2685 669 2740 divinum
700 2681 834 2737 illud
863 2698 1065 2738 munus
1107 2690 1427 2753 exspectare
1455 2677 1566 2735 Deo
1602 2680 1909 2735 commodis
1955 2679 2160 2736 nostris
2205 2679 2261 2733 in
2300 2679 2402 2734 hoc
2444 2679 2680 2752 benigne
2713 2680 3107 2751 prospiciente,
3160 2690 3218 2738 ut
3250 2681 3459 2740 Paulus
3493 2684 3716 2755 quidem

430 2777 525 2841 ait,
554 2793 575 2827 ι
610 2789 680 2831 ne
715 2774 834 2830 sine
860 2772 1020 2829 nobis
1038 2772 1433 2844 perfectionem
1463 2772 1839 2843 apiscerentur
1873 2791 1895 2825 ι

509 2940 564 2994 Si
603 2940 767 3012 igitur
812 2940 891 2995 illi
924 2956 1135 2997 moram
1181 2942 1324 2999 hanc
1378 2944 1611 3001 libenter
1661 2944 1867 3012 ferunt,
1924 2944 2018 3014 qui

436 3035 623 3089 multis
648 3036 813 3089 etiam
844 3035 1061 3093 saculis
1107 3052 1211 3093 nos
1252 3045 1677 3107 praecesserunt,
1722 3046 1886 3108 atque
1928 3039 2020 3095 illa

434 3128 576 3182 bona
601 3128 720 3184 sola
753 3127 859 3184 title
886 3144 951 3185 ac
980 3144 1077 3200 spe
1114 3130 1417 3193 intuentur,
1445 3130 1611 3201 inque
1644 3130 1726 3185 eis
1764 3133 2003 3203 acquies.

2197 2943 2261 2997 Εί
2292 2938 2386 2995 οὖν
2412 2942 2612 2994 ἐκεῖνοι
2639 2940 2862 3011 φέρουσι
2891 2940 2991 3011 τὴν
3022 2939 3291 3013 ἀναϐολὴν
3321 2942 3371 2994 οε
3411 2940 3722 3014 πόρρωθεν,

2124 3034 2213 3087 διὰ
2241 3033 2408 3105 μόνης
2435 3032 2673 3095 πίστεως
2703 3032 2796 3084 καὶ
2818 3030 2920 3100 τῆς
2956 3030 3171 3095 ἐλπίδος
3198 3031 3396 3095 ἰδόντες
3418 3032 3489 3085 τὰ
3514 3033 3719 3101 ἀγαθὰ,

2125 3125 2220 3178 καὶ¹
2255 3123 2655 3193 ἀσπασάμενοι,
2700 3120 2884 3185 καθὼς
2917 3125 3235 3195 μαρτυρεϊὸ
3277 3123 3623 3189 Ἀπόστολος,
3660 3124 3719 3177 τό

434 3226 599 3281 cunt,
633 3218 900 3291 Apostolo
945 3227 1087 3277 teste
1126 3239 1140 3276 :
1184 3228 1338 3278 certo
1382 3222 1487 3278 sibi
1516 3222 1839 3292 pollicentes
1881 3223 2015 3286 fore,

2125 3220 2367 3290 ἀσφαλὲς
2390 3220 2486 3290 τῆς
2516 3217 2625 3271 τῶν
2648 3218 3009 3272 ἐλπισθέντων
3042 3216 3396 3281 ἀπολαύσεως
3429 3217 3487 3271 ἐν
3520 3216 3603 3287 τῷ
3636 3235 3718 3270 πι-

436 3325 497 3372 ιιι
535 3316 774 3387 speratis
817 3316 980 3373 bonis
1014 3316 1296 3381 fruantur,
1327 3333 1454 3373 cum
1507 3317 1673 3372 ﬁdum
1714 3317 1865 3371 illum
1898 3332 2024 3372 esse

436 3417 702 3471 statuant,
732 3408 826 3480 qui
861 3423 925 3464 ea
951 3409 1206 3479 promisit
1239 3428 1252 3463 :
1284 3410 1414 3480 quid
1452 3426 1553 3464 nos
1586 3408 1808 3465 tandem
1844 3408 2024 3463 facere

434 3515 652 3571 acquum
688 3506 790 3561 est,
835 3514 1071 3570 quorum
1104 3501 1355 3555 nonnulli
1391 3501 1470 3555 sic
1506 3501 1783 3564 vixerunt,
1821 3507 1881 3554 nt
1910 3514 2023 3554 me-

437 3592 575 3646 liora
607 3591 709 3647 sibi
743 3604 840 3662 spe
876 3591 1123 3661 polliceri
1156 3591 1247 3646 vix
1280 3591 1559 3645 habeant?
1597 3591 1768 3646 Etiam
1806 3589 2024 3645 Davida:

436 3685 577 3739 vatis
602 3685 823 3739 animus
858 3699 924 3739 ex
976 3684 1185 3755 ingenti
1232 3683 1536 3754 cupiditate
1575 3681 1796 3738 defecit.
1833 3681 2025 3753 itaque

435 3777 580 3832 hanc
622 3778 829 3833 amoris
875 3785 931 3833 et
958 3776 1217 3834 desiderii
1260 3778 1604 3833 all'ectionem
1650 3776 1769 3847 ipse
1811 3777 1929 3833 suis
1965 3776 2022 3830 in

436 3867 655 3938 hymnis
686 3866 907 3933 fatetur,
937 3882 1063 3921 cum
1097 3868 1276 3937 inquit
1301 3868 1372 3932 ",
1397 3881 1596 3938 magno
1628 3882 1687 3921 se
1711 3867 1887 3921 teneri
1929 3866 2026 3921 de-

438 3958 665 4021 siderio,
693 3965 858 4027 atque
890 3957 1058 4011 etiam
1108 3958 1354 4011 animum
1396 3973 1509 4026 prae
1550 3958 1735 4013 studio
1767 3956 2021 4016 deﬁcere.

439 4062 549 4118 quo
580 4061 704 4101 esse
736 4046 792 4099 in
835 4045 1056 4115 palatiis
1086 4043 1300 4099 Domini
1350 4045 1541 4115 cupiat
1571 4062 1586 4097 :
1624 4046 1839 4101 etiamsi
1878 4045 2026 4099 futu-

439 4154 562 4194 rum
592 4140 664 4193 sit
693 4146 752 4191 ut
786 4137 840 4190 in
871 4136 1131 4191 extremis
1160 4136 1478 4206 abjiciatnr.
1514 4136 1700 4206 Longe
1726 4138 1872 4191 enim
1907 4153 2026 4191 ma-

437 4231 529 4300 jus
552 4238 717 4300 atque
744 4228 1048 4298 Optabilius
1082 4244 1227 4294 esse,
1260 4229 1385 4284 istic
1416 4230 1471 4283 in
1502 4230 1765 4286 extremis
1787 4232 2023 4295 censeri,

439 4338 604 4393 quam
640 4321 694 4376 in
734 4321 949 4377 vitiosis
979 4320 1142 4390 hujus
1165 4321 1289 4376 vita:
1328 4322 1580 4376 tentoriis
1610 4322 1693 4377 vel
1722 4322 2024 4393 principem

438 4413 619 4469 locum
662 4413 927 4469 obtinere.
960 4412 1330 4468 Nihilominus
1369 4429 1581 4467 moram
1628 4413 1862 4478 ferebat,
1899 4429 2023 4469 cum

438 4505 605 4561 vitam
631 4505 851 4574 quidem
886 4504 1036 4558 illam
1071 4511 1129 4558 ut
1164 4504 1378 4559 beatam
1414 4503 1762 4574 praedicaret,
1797 4505 2027 4574 ejusque

2127 3313 2249 3366 στὸν
2288 3310 2599 3382 ἡγήσασθαι
2627 3310 2719 3364 τὸν
2748 3309 3215 3380 ἐπαγγειλάμενον
3250 3308 3496 3380 θέμενοι·
3531 3308 3589 3361 τί
3617 3307 3721 3378 χρῆ

2125 3403 2387 3473 πράττειν
2415 3403 2540 3466 τοὺς
2564 3402 2793 3466 πολλοὺς
2815 3403 2982 3473 ἡμᾶς,
3006 3396 3088 3465 οἷς
3116 3401 3278 3471 τυχὸν
3302 3400 3423 3454 οὐδέ
3444 3401 3477 3471 ἡ
3500 3399 3642 3470 πρὸς
3661 3399 3719 3453 td

2126 3498 2373 3566 κρεῖττον
2403 3495 2557 3558 ἐλπὶς
2595 3495 2659 3547 ἐκ
2700 3493 2808 3547 τῶν
2850 3493 3201 3564 βεϐιωμένων
3246 3493 3428 3557 tat-iv;
3471 3492 3718 3557 Ἐξέλιπε

2125 3587 2192 3639 δι’
2220 3585 2513 3656 ἐπιθυμίας
2557 3588 2701 3658 καὶὴ
2723 3586 2814 3642 τοῦ
2837 3588 3128 3658 Προφήτου
3153 3584 3322 3657 ψυχὴ,
3353 3585 3447 3639 καὶ
3467 3584 3726 3654 ὁμολογεῖ

2125 3674 2214 3729 διὰ
2242 3674 2342 3745 τῆς
2365 3675 2685 3747 ψαλμῳδίας
2719 3675 2781 3728 τδ
2808 3675 3070 3746 ἐρωτικὸν
3108 3676 3265 3729 τοῦτο
3297 3676 3493 3740 πάθος,
3522 3678 3717 3730 ἐπιποο

2128 3765 2243 3819 θεῖν
2274 3766 2448 3835 λέγων
2476 3768 2571 3820 καὶ
2605 3766 2881 3820 ἐκλείπειν
2927 3767 3093 3821 αὐτοῦ
3136 3768 3236 3840 τὴν
3270 3767 3483 3838 ψυχὴν,
3518 3769 3577 3821 ἐν
3602 3770 3720 3831 ταῖς

2127 3858 2319 3920 αὐλαῖς
2337 3857 2431 3910 τοῦ
2456 3858 2661 3929 Κυρίου
2692 3857 2964 3924 γενέσθαι,
2996 3857 3101 3911 κᾶν
3122 3858 3181 3911 ἐν
3204 3861 3319 3922 τοῖς
3347 3858 3602 3928 ἐσχάτοις
3627 3857 3720 3929 δέτι

2128 3950 2650 4021 παραρῤιπτεῖσθαι,
2683 3948 2759 4013 ὡς
2796 3948 2977 4019 μεῖζον
3021 3948 3081 4004 ὃν
3108 3950 3200 4006 καὶ
3241 3950 3639 4023 προτιμότερον
3661 3949 3722 4003 τὺ

2128 4042 2189 4093 ἐν
2240 4042 2471 4104 ἐκείνοις
2515 4041 2744 4111 ἔσχατον
2798 4036 2968 4107 εἶναι,
3014 4042 3109 4096 τοῦ
3160 4041 3460 4114 πρωτεύειν
3499 4043 3560 4095 ἐν
3610 4045 3722 4106 τοῖς

2128 4134 2475 4205 ἁμαρτωλοῖς
2512 4133 2607 4187 τοῦ
2643 4133 2758 4204 βίου
2795 4133 3171 4205 σκηνώμασιν.
3225 4135 3369 4188 Ἀλλ’
3400 4135 3550 4206 ὅμως
3575 4136 3717 4205 ἠνεί-

2128 4243 2253 4299 χετο
2272 4228 2368 4297 τῆς
2397 4227 2685 4298 άιαόολῆς,
2710 4226 3029 4299 μακαρίζων
3048 4227 3146 4298 μέν
3165 4228 3266 4298 τὴν
3286 4229 3404 4281 ἐκεῖ
3421 4227 3724 4298 διαγωγὴν,

2130 4318 2225 4371 καὶ
2261 4317 2360 4388 τὴν
2398 4319 2455 4370 ἐν
2479 4317 2674 4389 βραχεῖ
2704 4319 2996 4389 μετουσίαν
3024 4319 3277 4391 χιλιάδων
3302 4322 3494 4393 χρόνου
3527 4340 3722 4394 προτι-

2134 4408 2367 4478 μοτέραν
2388 4408 2730 4479 ποιούμενος·
2762 4429 2780 4461 ι
2805 4411 3130 4481 Κρεῖσσον,›
3155 4413 3340 4483 φησιν,
3372 4432 3389 4463 ι
3407 4413 3593 4484 ἡμέρα
3626 4415 3723 4485 μία

2131 4501 2189 4553 ἐν
2217 4502 2337 4563 ταῖς
2364 4500 2557 4563 αὐλαῖς
2591 4518 2685 4554 σου
2714 4501 2854 4572 ὐπέρ
2880 4502 3155 4572 χιλιάδας·
3179 4522 3197 4554 ι
3227 4503 3343 4557 ἀλλ’
3375 4505 3476 4558 οὐκ
3502 4505 3723 4577 ἐδυσχέο

438 4597 524 4652 vel
550 4596 938 4651 brevissimum
983 4594 1221 4649 fructum
1270 4597 1503 4665 tempori
1541 4597 1738 4652 millies
1769 4597 2015 4666 ampliori

2133 4608 2279 4663 ραινε
2309 4594 2375 4663 τῇ
2404 4593 2679 4665 ἀναγκαίᾳ
2716 4596 2844 4664 περὶ
2869 4594 2974 4647 τῶν
2999 4594 3169 4649 ὄντων
3196 4596 3500 4669 οἰκονομίᾳ.
3535 4598 3725 4651 ἱκανόν

440 4687 739 4742 anteferret
787 4687 890 4757 (sic
933 4687 1079 4740 enim
1127 4687 1373 4756 loquitur
1416 4705 1429 4740 :
1474 4707 1492 4737 ι
1538 4685 1729 4742 Potior
1778 4696 1862 4741 est
1905 4686 2023 4743 dies

444 4796 589 4833 unus
618 4780 670 4832 in
695 4779 1037 4850 palatiisluis
1056 4795 1217 4847 quam
1241 4778 1411 4833 multa
1426 4779 1659 4834 aliorum
1691 4780 1859 4833 millia
1883 4779 1931 4812 ⁸³
1953 4780 2020 4847 ι),

439 4869 667 4923 minime
711 4874 893 4921 tamen
937 4868 987 4922 ei
1040 4868 1329 4921 molestum
1365 4874 1547 4930 esset,
1594 4880 1686 4921 res
1737 4865 2026 4920 universas

439 4971 592 5016 certo
629 4957 725 5013 Dei
757 4960 988 5013 consilio
1018 4958 1412 5014 administrari.
1457 4958 1720 5028 Adeoque
1753 4958 1891 5013 satis
1921 4958 2024 5011 hoc

437 5068 563 5109 esse
604 5050 674 5107 ad
711 5051 1028 5107 beatitatem
1066 5050 1382 5105 hominibus
1421 5050 1799 5112 existimabat,
1840 5050 1886 5104 si
1926 5050 2024 5103 bo-

438 5147 529 5203 nis
567 5146 693 5202 istis
715 5143 802 5200 vel
837 5142 1003 5198 animi
1033 5158 1131 5212 spe
1160 5142 1353 5198 saltem
1387 5141 1668 5203 incubent,
1694 5149 2027 5211 quapropter

440 5240 497 5295 in
525 5247 771 5295 extremo
801 5236 878 5291 ait
904 5253 918 5289 :
953 5253 972 5286 ι
1002 5233 1251 5297 Domine,
1283 5234 1375 5304 qui
1407 5233 1548 5289 Deus
1570 5249 1630 5289 es
1653 5233 2025 5299 exercituum,

440 5343 602 5400 quam
624 5329 818 5384 beatus
836 5335 920 5383 est
936 5326 1027 5395 qui
1054 5340 1205 5395 spem
1225 5324 1348 5379 inte
1363 5339 1518 5380 suam
1539 5325 1773 5379 collocat
1791 5325 1803 5378 l
1838 5342 1856 5375 ι
1883 5323 2027 5393 Ergo

444 5439 511 5476 ne
543 5436 645 5476 nos
676 5419 899 5491 quidem
929 5423 1146 5472 nosmet
1176 5413 1499 5470 aﬂlictemus
1524 5415 1595 5470 ob
1623 5416 1875 5486 exiguam
1907 5430 2026 5469 mo-

443 5526 583 5573 ram,
622 5526 731 5579 qua
766 5509 1002 5580 speratis
1056 5507 1166 5562 illis
1203 5504 1363 5561 bonis
1409 5505 1709 5560 carendum
1748 5514 1832 5562 est
1867 5523 1881 5561 :
1926 5521 2025 5575 po-

442 5602 665 5672 tiusque
690 5602 837 5656 omni
870 5600 1056 5657 studio
1084 5599 1279 5655 demus
1309 5613 1557 5668 Operam,
1595 5614 1665 5653 ne
1698 5608 1887 5653 nostra
1914 5598 2027 5653 cul-

443 5707 508 5763 pa
536 5708 722 5747 eorum
761 5709 858 5763 spe
888 5694 1229 5751 excidamus.
1264 5689 1736 5758 Quemadmodum
1767 5691 1937 5758 enim,
1972 5692 2021 5747 si

2125 4699 2184 4736 τε
2219 4685 2297 4745 εἰς
2331 4684 2681 4755 μακαρισμὸν
2725 4682 2862 4754 ᾣετο
2892 4688 3006 4749 τοῖς
3058 4686 3369 4758 ἀνθρώποις
3412 4689 3508 4741 καὶ
3555 4690 3617 4743 τὸ
3654 4690 3724 4744 δι’

2126 4774 2343 4838 ἐλπίδος
2391 4774 2536 4846 ἐχειν
2582 4777 2651 4829 τά
2700 4777 2901 4846 ἀγαθά.
2957 4777 3047 4831 Διό
3105 4796 3271 4848 φησιν
3313 4780 3405 4832 ἐπὶ
3437 4780 3584 4835 τέλει
3624 4782 3723 4852 τῆς

2124 4868 2443 4939 ψαλμῳδίας
2463 4884 2478 4899 ’
2519 4888 2537 4919 ι
2567 4869 2740 4941 Κύριε
2761 4871 2791 4923 ό
2818 4871 2949 4935 Θεὸς
2969 4871 3079 4924 τῶν
3107 4871 3411 4941 δυνάμεων,
3449 4875 3724 4947 μακάριος

2127 4958 2417 5029 ἄνθρωπος
2462 4961 2491 5013 ό
2528 4960 2764 5024 ἐλπίζων
2795 4961 2888 5014 ἐπὶ
2919 4961 2998 5015 σέ.
3027 4982 3045 5013 ι
3081 4964 3158 5017 Οὐ
3202 4947 3381 5018 τοίνυν
3418 4966 3542 5018 οὐδὲ
3572 4969 3724 5037 ἡμᾶς

2128 5050 2580 5121 στενοχωρεῖσθαι
2620 5053 2728 5124 χρὴ
2758 5053 2886 5123 περὶ
2913 5054 3014 5123 τῆς
3054 5056 3112 5107 ἐν
3143 5054 3336 5126 βραχεῖ
3364 5055 3472 5109 τῶν
3503 5057 3723 5122 ἐλπιζο-

2130 5143 2310 5215 μένων
2359 5143 2663 5214 ἀναὸολῆς,
2698 5144 2813 5199 ἀλλ’
2843 5147 2991 5209 ὅπως
3030 5147 3095 5199 ἂν
3151 5137 3225 5219 μὴ
3274 5147 3575 5218 ἀπόϐλητοι
3615 5151 3723 5204 τῶν

2128 5235 2500 5306 ἐλπιζομένων
2527 5238 2820 5310 γενοίμεθα
2841 5280 2855 5302 ,
2905 5239 3005 5310 τὴν
3034 5240 3271 5312 σπουδὴν
3304 5240 3467 5312 ἔχειν.
3505 5244 3722 5317 Ὠσπερ

2129 5327 2238 5398 γὰρ
2257 5328 2312 5379 εί
2334 5344 2420 5392 τις
2459 5329 2711 5400 προείποι
2747 5329 2855 5383 τινὶ
2881 5329 2990 5383 τῶν
3022 5331 3395 5404 ἀπειροτέρων
3414 5372 3430 5397 ,
3461 5334 3543 5387 ὅτι
3583 5337 3722 5389 κατὰ

2125 5420 2220 5473 τὸν
2242 5420 2435 5492 καιρὸν
2466 5420 2562 5473 τοῦ
2597 5421 2842 5493 θέρουςὴ
2867 5420 2978 5474 τῶν
3015 5423 3245 5495 καρπῶν
3269 5426 3561 5496 γενήσεται
3599 5427 3709 5479 συλ-

2128 5509 2293 5581 λογὴ,
2327 5510 2424 5565 καὶ
2449 5510 2677 5582 πλήρεις
2725 5511 2826 5582 μὲν
2866 5513 2924 5565 at
2975 5507 3291 5583 ἀποθῆκαι,
3325 5515 3501 5586 μεστὴ
3529 5515 3590 5570 δὲ
3615 5516 3722 5569 τῶν

2127 5602 2407 5673 ἐδωδίμων
2439 5605 2473 5674 ή
2521 5604 2772 5674 τράπεζα
2802 5603 2881 5675 τῷ
2913 5608 3013 5676 τῆς
3035 5605 3292 5677 εὐθηνίας
3319 5604 3474 5660 ἔσται
3508 5608 3687 5680 καιρῷ
3706 5626 3721 5642 ⁸

2134 5694 2361 5764 μάταιος
2391 5694 2457 5749 ἂν
2481 5695 2569 5769 εἴη
2602 5699 2631 5749 ὁ
2660 5697 3002 5752 ἐπισπεύδων
3035 5698 3130 5753 τοῦ
3162 5698 3354 5771 καιροῦ
3387 5699 3490 5771 τὴν
3520 5717 3725 5774 παρου-

510 5868 556 5903 ⁶¹
591 5868 607 5921 l
648 5865 842 5923 Thess.
878 5883 953 5930 tv,
985 5866 1069 5921 16.
1147 5868 1191 5900 ³⁸
1221 5866 1368 5921 Psal.
1406 5883 1635 5934 Lxxxm,
1665 5868 1718 5925 Ξ.
1795 5869 1843 5900 ⁸³
1873 5868 2007 5926 ibid.
2042 5870 2130 5926 il.
