3890 6392
186 335 287 396 209

1476 342 1566 401 DE
1610 338 1896 405 llOMINlS
1935 347 2263 404 OPrlFlL'lO.

3358 351 3465 404 ﬁll)

183 454 332 520 τίαν,
358 452 478 509 δέον
504 454 808 527 σπέρματα
840 457 1201 514 καταϐάλλειν
1243 460 1338 515 καὶ
1373 461 1440 515 δι’
1464 463 1779 534 ἐπιμελείας

1886 464 2010 535 quis
2060 450 2264 517 homini
2310 457 2567 532 praedicat
2619 458 2911 532 imperito,
2967 466 3187 519 astatis.
3227 470 3467 533 tempore

186 546 368 618 ἑαυτῷ
406 546 531 612 τοὺς
561 549 813 619 καρποὺς
837 547 1247 621 ἑτοιμάζεσθαι.
1284 553 1344 606 '0
1381 552 1481 623 μὲν
1516 554 1625 624 γάρ
1655 573 1780 609 και-

185 641 284 712 ρδς
335 640 428 694 καὶ
457 638 792 712 βουλομένου
811 682 825 707 ,
850 644 951 696 καὶ
988 643 1064 715 μὴ
1088 684 1105 711 ,
1144 644 1360 708 πάντως
1392 646 1535 700 κατά
1564 647 1655 701 τὸν
1695 665 1785 701 τευ

187 734 461 805 ταγμένον
488 737 844 807 ἐπιστήσεται
888 737 1102 808 χρόνον.
1133 738 1246 809 Οὐχ
1286 739 1488 808 ὁμοίως
1521 739 1578 792 δὲ
1616 739 1779 792 αὐτὸν

182 824 433 893 ὄψονται,
462 828 492 880 ὃ
525 844 587 879 τε
625 828 1028 899 προετοιμάσας
1067 828 1245 899 ἑαυτῷ
1277 829 1376 900 τὴν
1420 828 1525 882 τῶν
1555 830 1784 899 καρπῶν

186 916 453 985 ἀφθονίαν
477 960 493 983 ,
529 918 624 971 καὶ
674 921 703 973 6
755 918 938 991 πάσης
977 921 1332 992 παρασκευῆς
1376 921 1579 991 ἕρημος
1617 938 1786 975 καταο

186 1006 425 1076 λειφθεὶς
464 1009 573 1062 ὑπὸ
603 1011 701 1080 τῆς
740 1009 908 1083 ὥρας.
939 1011 1127 1076 Οὕτως
1153 1010 1304 1083 οἶμαι
1328 1013 1439 1069 δεῖν
1461 1054 1476 1078 ,
1516 1014 1779 1085 προδήλου

188 1099 321 1151 πᾶσι
350 1097 444 1151 διὰ
465 1099 561 1152 τοῦ
592 1098 1115 1171 θείου-κηρύγματος
1142 1102 1318 1168 ὄντος,
1349 1103 1430 1156 ὅτι
1458 1104 1779 1173 ἐνστήσεται

186 1186 285 1255 τῆς
314 1188 626 1260 ὲναλλαγῆς
662 1191 691 1242 6
736 1191 925 1261 καιρὸς
948 1231 964 1255 ,
999 1192 1073 1263 μὴ
1111 1192 1337 1262 χρόνους
1381 1193 1777 1266 πολυπραγμο-

188 1282 299 1332 νεῖν
335 1280 496 1349 (οὐδὲ
529 1280 640 1352 γὰρ
680 1281 838 1353 ήμῶν
872 1277 1025 1335 εἶπεν
1054 1278 1193 1336 εἶναι
1227 1284 1290 1337 τὸ
1316 1285 1542 1355 καιροὺς
1572 1286 1777 1354 γνῶναι

185 1372 282 1425 καὶ
310 1372 590 1443 χρόνους),
613 1373 750 1444 μηδὲ
775 1373 1067 1444 λογισμούς
1098 1391 1251 1438 τινας
1274 1375 1585 1446 ἀναζητεῖν,
1607 1375 1675 1428 δι’
1701 1368 1778 1430 ὧν

184 1460 469 1530 σαθρώσει
506 1479 591 1525 τις
619 1462 720 1533 τὴν
751 1462 929 1534 ψυχήν
970 1464 1100 1533 περὶ
1141 1464 1241 1535 τήν
1281 1463 1475 1517 ἐλπίδα
1511 1465 1611 1536 τῆς
1642 1465 1778 1518 ἀνα-

186 1552 434 1618 στάσεως
461 1569 477 1583 ·
519 1552 659 1606 ἀλλὰ
701 1556 767 1625 τῇ
817 1554 998 1608 πίστει
1027 1554 1137 1609 τῶν
1181 1555 1647 1627 προσδοκωμένων
1678 1558 1776 1609 ἑπ-

184 1641 554 1712 ερειδόμενον,
580 1642 671 1696 διὰ
694 1644 793 1712 τῆς
816 1643 1032 1717 ἀγαθῆς
1067 1645 1341 1711 πολιτείας
1361 1646 1456 1717 τήν
1480 1646 1779 1718 μέλλουσαν

183 1730 347 1802 χάριν
376 1734 759 1806 προεμπορεύε
768 1732 911 1792 σθαι.

1888 554 2101 611 fructus
2140 554 2477 624 colligendos
2525 569 2670 618 esse,
2724 567 2789 608 ac
2831 553 3030 610 deinde
3093 571 3220 610 cum
3271 552 3497 611 horrea

1886 645 2065 714 plena,
2096 654 2210 699 tum
2243 644 2381 699 cibis
2413 658 2659 699 mensam
2694 644 2859 700 ubere
2892 645 2984 699 illo
3019 653 3263 716 tempore
3296 645 3467 702 refer—

1888 749 1999 790 tam
2031 736 2181 801 fore;
2226 735 2440 790 fatuum
2480 750 2607 791 esse
2642 750 2870 791 necesse
2917 736 3010 798 sit,
3050 736 3142 806 qui
3180 738 3363 791 statim
3415 738 3468 792 id

1887 836 2102 898 tempus
2140 834 2380 897 exoptet,
2422 842 2548 882 cum
2593 841 2822 882 necesse
2865 826 2939 882 sit
2984 827 3137 896 prius
3168 835 3467 883 sementem

1885 918 2088 983 facere,
2136 933 2442 988 magnaque
2474 918 2748 973 industria
2799 917 3016 972 fructus
3065 919 3213 988 ipsos
3251 934 3466 989 parare.

1884 1009 2126 1081 Tempus
2150 1010 2377 1080 quidem
2406 1016 2459 1065 te
2488 1011 2572 1065 vel
2603 1010 2839 1075 volente,
2866 1010 2953 1064 vel
2984 1010 3178 1078 invito,
3214 1027 3336 1065 cum
3383 1027 3471 1065 re-

1881 1118 2002 1157 rum
2033 1103 2176 1157 ordo
2222 1102 2542 1172 postulabit,
2588 1101 2784 1157 aderit.
2839 1101 2965 1156 Pari
3021 1111 3204 1157 autem
3257 1103 3471 1157 ratione

1878 1193 2175 1249 adventum
2207 1194 2328 1263 ejus
2377 1208 2486 1247 non
2518 1192 2819 1261 excipient,
2876 1207 3001 1247 cum
3039 1193 3087 1249 is
3128 1193 3223 1263 qui
3254 1192 3471 1247 uberri-

1880 1302 2027 1341 mam
2074 1286 2186 1341 sibi
2230 1284 2513 1340 fructuum
2564 1285 2778 1354 e0piam
2828 1283 3012 1339 studio
3077 1300 3179 1340 suo
3231 1284 3467 1354 paravit,

1880 1388 1995 1431 tum
2043 1374 2137 1445 qui
2170 1388 2202 1427 a
2243 1388 2431 1429 rerum
2470 1371 2911 1428 necessariarum
2947 1378 3211 1440 apparatu
3256 1370 3466 1423 instru-

1878 1476 2001 1524 ctus
2047 1482 2157 1522 non
2202 1473 2309 1522 est.
2347 1463 2439 1520 Sic
2485 1462 2737 1534 equidem
2792 1470 2997 1528 statuo,
3042 1477 3166 1516 cum
3215 1460 3470 1515 omnibus

1877 1566 2069 1614 notum
2114 1557 2187 1613 sit
2222 1572 2292 1612 ex
2318 1555 2523 1612 divinis
2568 1555 2833 1619 oraculis,
2883 1553 2999 1609 fore
3044 1561 3261 1623 tempus
3292 1550 3471 1621 quod-

1878 1649 2027 1714 dam,
2063 1663 2173 1719 quo
2201 1662 2292 1703 res
2322 1662 2521 1703 omnes
2549 1646 3039 1702 commutabuntur
3068 1665 3081 1699 :
3118 1660 3227 1699 non
3250 1644 3470 1698 curiose

1877 1742 1935 1797 in
1965 1748 2246 1797 momenta
2276 1748 2589 1813 temporum
2636 1754 2759 1796 esse
2793 1738 3185 1811 inquirendum
3222 1735 3469 1808 (quando

184 1825 561 1897 cognitionem
594 1828 789 1883 borum
834 1828 1099 1886 Dominus
1141 1831 1258 1903 ipse
1289 1833 1450 1923 nobis
1480 1835 1702 1906 ademit)
1748 1851 1927 1913 neque
1964 1836 2482 1893 ratiocinationibus
2510 1850 2732 1907 Operam
2760 1850 2885 1891 esse
2909 1834 3169 1898 dandam,
3198 1848 3298 1903 per
3331 1848 3471 1904 quas

184 1923 408 1977 animus
445 1923 503 1977 in
534 1939 631 1993 spe
659 1926 1083 1982 resurrectionis
1112 1928 1454 1993 debilitatur,
1495 1931 1593 1988 sed
1615 1931 1815 1988 debere
1843 1948 2292 2003 unumquemque
2321 1931 2550 1987 ﬁrmiter
2574 1930 2898 1985 innitentem
2927 1927 3072 1992 ﬁdei,
3093 1943 3201 1999 qua
3226 1942 3318 1983 res
3346 1926 3470 1982 illas

181 2021 536 2084 exspectatas
560 2016 935 2087 amplectitur,
966 2026 1114 2073 recta
1143 2018 1364 2076 vivendi
1390 2021 1605 2079 ratione
1637 2023 1886 2079 divinum
1912 2024 2053 2080 illud
2083 2023 2288 2079 donum
2320 2021 2483 2093 quasi
2520 2030 2866 2091 antecapere.

700 2133 1098 2204 ΚΕΦΑΑΑΙΟΝ
1135 2137 1265 2193 KP.

184 2241 311 2317 Ὅτι
358 2243 408 2317 ὁ-
440 2241 557 2317 τήν
586 2243 786 2317 ἀρχὴν
832 2245 944 2317 τῆς
985 2245 1093 2317 τοῦ
1136 2247 1373 2317 κόσμου
1419 2248 1777 2316 συστᾶσεως

256 2313 590 2450 ﬁgitﬁgit
614 2315 953 2386 ἀναγκαίως
977 2316 1077 2370 καὶ
1103 2313 1370 2387 περὶτοῦ
1391 2319 1608 2386 τέλους
1636 2313 1781 2375 συνέ-

492 2400 532 2437 ι.

252 2474 321 2528 Εἰ
349 2474 410 2528 δέ
452 2492 537 2538 τις
565 2476 665 2548 τήν
695 2477 790 2532 νῦν
836 2479 930 2533 τοῦ
981 2479 1186 2551 κόσμου
1236 2483 1410 2555 φορὰν
1453 2482 1634 2555 apud»
1673 2501 1779 2538 τινι

184 2560 582 2632 διεξαγομένην
611 2564 840 2634 βλέπων,
884 2566 951 2620 δι’
994 2562 1062 2639 ἦς
1097 2570 1159 2622 τὸ
1202 2570 1452 2642 χρονικὸν
1492 2571 1779 2644 θεωρεῖται

184 2654 485 2726 διάστημα,
525 2656 599 2729 μή
637 2658 951 2730 ἐνδέχεσθαι
994 2660 1143 2729 λέγοι
1178 2662 1278 2734 τὴν
1311 2663 1778 2735 προαγγελθεῖσαν

184 2748 296 2803 τῶν
325 2752 660 2821 κινουμένων
693 2753 881 2807 στάσιν
905 2755 1233 2827 γενήσεσθαι
1254 2773 1267 2787 ·
1299 2758 1457 2828 δῆλος
1486 2758 1513 2808 6
1536 2758 1777 2823 τοιοῦτός

183 2843 325 2908 ἐστι,
366 2842 508 2913 μηδὲ
544 2846 601 2896 ἐν
641 2845 782 2916 ἀρχῇ
830 2846 1161 2917 γεγενῆσθαι
1197 2849 1349 2920 παρά
1383 2847 1477 2902 τοῦ
1515 2848 1649 2902 Θεοῦ
1687 2849 1778 2903 τὸν

182 2929 416 3001 οὐρανὸν
455 2930 552 2985 καὶ
597 2931 697 3003 τὴν
747 2934 851 3003 γῆν
908 2935 1193 2990 πιστεύων.
1228 2937 1292 2992 ‘0
1332 2937 1440 3010 γὰρ
1485 2937 1659 3010 ἀρχὴν
1708 2940 1775 3009 τῇ

184 3021 399 3093 κινήσει
429 3020 625 3087 διδοὺς,
666 3024 767 3077 οὐκ
801 3025 1131 3096 ἀμφιϐάλλει
1157 3027 1379 3092 πάντως
1406 3029 1502 3083 καὶ
1533 3029 1661 3100 περὶ
1688 3030 1779 3082 τέ-

182 3111 348 3168 λουςο
392 3106 487 3159 καὶ
515 3108 544 3160 6
577 3108 638 3162 τὺ
678 3110 830 3174 τέλος
887 3112 962 3183 μὴ
1012 3115 1465 3186 προσδεχόμενος,
1515 3116 1637 3170 οὐδὲ
1679 3116 1777 3189 τὴν

182 3195 364 3268 ἀρχὴν
408 3199 757 3268 παρεδέξατο.
811 3203 950 3257 Ἀλλ’
1005 3204 1194 3278 ὥσπερ
1250 3207 1612 3279 κατηρτίσθαι
1650 3210 1779 3272 τοὺς

181 3290 392 3351 αἰῶνας
435 3290 515 3361 τῷ
546 3294 750 3364 ῥήματι
800 3294 1028 3369 νοοῦμεν
1077 3298 1172 3352 τοῦ
1216 3299 1373 3367 Θεοῦ,
1407 3299 1775 3367 πιστεύοντες,

183 3379 373 3444 καθώς
416 3399 581 3452 φησιν
616 3385 646 3438 6
686 3386 1025 3453 Ἀπόστολος,
1065 3390 1131 3444 ὲκ
1160 3390 1268 3445 τῶν
1317 3392 1392 3463 μὴ
1437 3392 1778 3463 φαινομένων

2442 2134 2672 2193 CAPUT
2715 2132 2906 2190 XXIII.

1885 2252 1990 2321 Qui
2022 2249 2208 2308 mundi
2247 2251 2500 2321 originem
2541 2249 2779 2321 aliquam
2808 2262 2923 2302 esse
2948 2245 3204 2314 fateatur,
3257 2263 3375 2302 eum
3415 2257 3465 2302 et

1952 2271 1990 2307 ιι
2022 2269 2207 2308 manat
2247 2269 2325 2307 02⁸³1
2364 2269 2500 2305 mem
2541 2269 2779 2319 auquam
2808 2269 2923 2302 εσσε
2948 2269 3204 2314 ιαιεαιῑιτ,
3257 2269 3375 2302 cum
3415 2269 3465 2302 σι

1952 2324 2111 2393 ﬁnem
2155 2324 2270 2393 ejus
2310 2269 2425 2392 [ﬁre
2460 2319 2771 2391 aliquando,
2813 2332 2917 2373 non
2947 2332 3099 2386 posse
3136 2332 3241 2372 non
3284 2334 3465 2372 conce-

1951 2395 2095 2449 dere.

1955 2486 2014 2541 Si
2045 2486 2171 2558 quis
2204 2492 2389 2542 autem
2432 2485 2657 2539 intuens
2699 2482 2756 2538 in
2790 2481 2982 2538 mundi
3028 2488 3239 2536 motum
3272 2479 3468 2534 ordine

1880 2579 2121 2651 quodam
2156 2577 2618 2649 progredientem,
2653 2590 2764 2646 quo
2815 2582 3126 2645 temporum
3171 2571 3465 2627 intervalla

1881 2679 2176 2728 notantur:
2200 2670 2318 2725 ﬁeri
2336 2681 2688 2739 nequaquam
2714 2681 2879 2737 posse
2896 2666 3067 2730 dicat,
3090 2673 3149 2718 ut
3170 2662 3467 2745 aliquando

1879 2778 1969 2818 res
2004 2761 2309 2818 secundum
2349 2759 2574 2814 oracula
2621 2757 2806 2812 divina
2838 2754 3048 2812 moveri
3083 2754 3380 2809 desinant:
3414 2752 3463 2806 is

1879 2870 1950 2911 ne
1970 2854 2170 2910 caelum
2195 2850 2419 2922 quidem
2449 2865 2513 2906 ac
2537 2857 2739 2904 terram
2766 2847 2921 2903 initio
2951 2846 3263 2903 condidisse
3294 2844 3464 2900 Deum

1879 2944 2074 3002 credit.
2101 2941 2237 2998 Nam
2263 2940 2357 3013 qui
2389 2940 2604 2995 initium
2641 2936 2919 3009 quoddam
2955 2938 3008 2990 in
3042 2943 3194 2991 motu
3241 2935 3454 2999 statuit,

1880 3036 2042 3092 tinem
2064 3034 2186 3105 ejus
2218 3034 2454 3103 aliquem
2482 3030 2598 3086 fore
2621 3045 2731 3085 non
2756 3029 2975 3085 dubitat
3004 3046 3016 3081 :
3046 3028 3272 3098 perinde
3301 3036 3466 3097 atque

1880 3127 2100 3183 initium
2128 3125 2341 3180 nullum
2373 3122 2630 3189 admittit,
2663 3121 2757 3192 qui
2791 3119 2953 3174 ﬁnem
2976 3134 3088 3175 non
3115 3118 3327 3174 statuit.
3353 3117 3466 3173 Nos

1881 3229 2087 3286 autem,
2138 3215 2608 3291 quemadmodum
2659 3212 2859 3271 saecula
2905 3211 3000 3268 Dei
3034 3212 3200 3269 verbo
3242 3211 3465 3267 condita

1881 3333 2007 3375 esse
2037 3314 2421 3386 intelligimus,
2462 3320 2630 3382 atque
2675 3311 2744 3367 de
2780 3313 2946 3368 rebus
2987 3325 3255 3380 nusquam
3299 3324 3467 3380 appa-

1879 3409 2154 3474 rentibus,
2205 3415 2264 3462 ut
2314 3407 2614 3477 Apostolus
2650 3404 2726 3458 ait
2772 3403 2838 3470 3‘,
2885 3418 2949 3459 ea
2992 3418 3115 3473 quae
3164 3408 3467 3457 cernuntur

183 3472 251 3524 τὰ
278 3471 590 3566 βλεπόμενα
627 3478 938 3545 γεγονέναιο
970 3483 1037 3552 τῇ
1070 3482 1209 3553 αὐτῇ
1248 3482 1428 3536 πίστει
1462 3484 1777 3556 χρησόμεθα

1884 3502 2028 3557 facta
2050 3504 2193 3556 “esse
2231 3498 2508 3555 credimus
2533 3517 2546 3554 :
2567 3496 2755 3552 eadem
2785 3492 3145 3566 persuasione
3175 3494 3279 3549 hoc
3300 3496 3463 3549 etiam

184 3564 315 3660 περὶ
362 3562 427 3616 τὸ
469 3565 624 3660 ῥῆμα
675 3569 768 3622 τοῦ
811 3570 968 3636 Θεοῦ,
1021 3571 1116 3626 τοῦ
1161 3574 1259 3644 τὴν
1312 3576 1619 3644 ἀναγκαίαν
1669 3576 1779 3631 τῶν

1885 3592 1982 3648 Dei
2029 3593 2261 3648 verbum
2309 3589 2729 3660 amplectemur,
2778 3602 2889 3657 quo
2949 3600 3037 3641 res
3094 3585 3380 3640 universas
3434 3601 3463 3638 τι

185 3654 359 3707 1ἱντων
386 3656 575 3711 στάσιν
612 3661 1136 3733 προαγορεύσαντος.
1186 3665 1260 3719 T6
1295 3666 1352 3720 δὲ
1394 3665 1530 3730 πῶς,
1570 3667 1781 3739 ἐξαιρε-

184 3746 305 3799 τέον
343 3747 448 3816 τῆς
484 3747 1009 3825 πολυπραγμοσύνης
1031 3772 1046 3786 ο
1101 3756 1195 3809 καὶ
1243 3756 1354 3829 γὰρ
1400 3759 1562 3812 κάκεῖ
1597 3761 1778 3814 πίστει

184 3838 553 3907 κατηρτίσθαι
592 3841 650 3895 τὸ
693 3841 1023 3915 βλεπόμενον
1066 3848 1132 3901 ἐκ
1175 3847 1284 3903 τῶν
1330 3851 1556 3921 μηδέπω
1593 3868 1777 3919 φαινο-

186 3930 373 3999 μένων
397 3932 823 4005 κατεδεξάμεθα,
856 3939 1308 4010 παραδραμόντες
1337 3941 1446 3995 τῶν
1471 3944 1779 4011 ἀνεφίκτων

188 4021 281 4093 τὴν
315 4023 565 4094 ζήτησιν.
597 4026 786 4080 Καίτοι
824 4031 954 4101 περὶ
983 4030 1194 4084 πολλῶν
1221 4035 1355 4104 ἡμῖν
1390 4034 1418 4086 6
1458 4032 1615 4102 λόγος
1646 4033 1782 4086 ἀπο-

185 4117 302 4185 ρεῖν
356 4115 658 4183 ὑπετίθετο,
704 4120 766 4172 οὐ
822 4123 1023 4194 μικράς
1060 4125 1317 4195 παρέχων
1355 4125 1611 4196 ἀφορμὰς
1643 4124 1780 4196 πρὸς

185 4203 283 4272 τὴν
311 4203 422 4256 τῶν
468 4198 912 4278 πεπιστευμένων
947 4212 1297 4282 ἀμφιϐολίαν.
1341 4214 1498 4285 Ἐξῆν
1535 4213 1643 4286 γὰρ
1680 4214 1781 4267 κά-

181 4295 271 4347 κεῖ
299 4295 419 4357 τοῖς
445 4295 738 4364 ἐριστικοῖς
767 4300 831 4353 ἐκ
858 4300 966 4355 τῶν
995 4302 1233 4372 εὐλόγων
1269 4303 1413 4358 κατά
1452 4303 1514 4357 τὸ
1554 4305 1781 4358 ἀκόλου-

184 4382 279 4435 θον
327 4384 657 4455 ἀνατρέπειν
703 4386 799 4460 τήν
854 4390 1056 4457 πίστιν,
1112 4394 1250 4465 πρὸς
1300 4395 1361 4447 τὸ
1411 4395 1487 4466 μὴ
1537 4396 1779 4466 νομίζειν

183 4474 368 4546 ἀληθῆ
394 4477 487 4529 τὸν
520 4479 647 4551 περὶ
684 4481 781 4553 τῆς
809 4483 1001 4556 ὑλικῆς
1054 4486 1285 4550 κτίσεως
1322 4484 1462 4542 εἶναι
1507 4489 1696 4559 λόγον,¹
1720 4489 1780 4543 ὃν

185 4570 218 4638 ή
252 4568 388 4637 ἁγία
420 4570 712 4638 πρεσϐεύει
751 4573 791 4625 Γ
795 4574 962 4647 ραφῆ,
1002 4577 1219 4632 πάντων
1244 4579 1351 4632 τῶν
1397 4579 1565 4635 ὄντων
1594 4582 1659 4634 ὲκ
1687 4579 1778 4634 τοῦ

183 4659 322 4712 Θεοῦ
369 4656 510 4714 εἶναι
555 4661 1005 4741 διαϐεϐαιουμένη
1052 4670 1153 4742 τὴν
1196 4672 1428 4740 γένεσιν.
1467 4675 1529 4727 Οἱ
1563 4673 1671 4745 γὰρ
1702 4674 1780 4745 τῷ

184 4750 420 4821 ἐναντίῳ
462 4755 855 4827 παριστάμενοι
877 4757 1038 4830 λόγῳ,
1070 4762 1335 4817 ωναῖδιον
1374 4761 1514 4818 εἶναι
1546 4764 1627 4837 τῷ
1662 4765 1779 4836 Θεῷ

1883 3693 2034 3738 motu
2069 3689 2386 3738 cessaturas
2419 3679 2742 3733 necessario
2768 3674 3043 3747 praedixit.
3073 3674 3463 3729 Curiositatem

1881 3776 2098 3846 quidem
2141 3781 2408 3836 nostram,
2440 3770 2809 3840 inquirentem
2851 3768 2946 3835 qui
2981 3768 3084 3822 hoc
3113 3767 3232 3822 ﬁcri
3264 3766 3460 3836 possit,

1880 3865 1995 3920 tolli
2030 3869 2271 3934 oportet.
2302 3860 2437 3915 Nam
2470 3868 2524 3916 et
2557 3859 2683 3915 istic
2718 3858 2924 3913 omissa
2958 3872 3166 3921 rerum,
3200 3871 3339 3927 quas
3376 3854 3466 3909 in-

1882 3953 2133 4024 dagando
2180 3950 2652 4021 comprehendere
2694 3962 2803 4003 non
2853 3962 3174 4019 possumus,
3228 3945 3465 4016 inquisi~

1881 4048 2031 4102 tione
2068 4062 2082 4101 :
2118 4044 2432 4099 indubitata
2472 4041 2833 4113 persuasione
2867 4056 2956 4096 res
2994 4054 3267 4111 nusquam
3299 4052 3466 4109 appa-

1883 4149 2068 4196 rentes
2113 4138 2367 4193 conditas
2411 4137 2733 4199 statuimus,
2770 4141 2833 4189 ut
2856 4132 3056 4190 deinde
3080 4141 3465 4189 cernerentur.

1880 4231 2045 4302 Atqui
2070 4245 2181 4285 non
2211 4242 2387 4301 pauca
2420 4238 2549 4301 sunt
2576 4243 2699 4298 quae
2740 4226 2903 4281 nobis
2926 4224 3273 4280 occasionem
3306 4223 3466 4279 dubi-

1884 4324 2035 4379 tandi
2072 4322 2313 4393 praebere
2358 4321 2607 4391 possint,
2652 4320 2829 4389 deque
2875 4318 2942 4373 iis
2989 4317 3153 4372 etiam
3188 4333 3309 4390 qua:
3335 4332 3465 4373 vera

1883 4414 2164 4470 credimus
2205 4411 2542 4483 ambigendi.
2582 4410 2717 4465 Nam
2752 4418 2807 4465 et
2838 4410 2892 4463 in
2927 4408 3181 4463 doctrina
3225 4410 3292 4465 de
3337 4418 3461 4465 ortu

1881 4519 2066 4561 rerum
2121 4501 2487 4559 contentiosis
2535 4499 2771 4571 ingeniis
2817 4498 3071 4553 nonnihil
3132 4509 3303 4561 esset,
3351 4517 3463 4572 quo

1880 4597 1964 4652 eis
2012 4595 2332 4651 subvertere
2358 4592 2429 4648 de
2464 4590 2793 4647 collectione
2823 4589 3206 4645 verisimilium
3238 4606 3466 4661 persua-

1882 4685 2094 4741 sionem
2127 4691 2374 4738 nostram
2420 4681 2629 4745 liceret,
2664 4686 2721 4733 ut
2765 4694 2874 4734 non
2910 4679 3073 4749 plane
3109 4695 3299 4735 verum
3341 4698 3467 4740 esse

1882 4776 2242 4829 crederemus
2283 4771 2337 4825 id
2381 4769 2529 4841 quod
2578 4776 2665 4824 est
2698 4767 2766 4823 de
2822 4769 3106 4824 creatione
3150 4785 3335 4826 rerum
3397 4790 3465 4829 ev

182 4841 285 4912 τήν
336 4840 472 4912 ὓλην
517 4848 1027 4919 κατασκευάζουσι,
1074 4853 1334 4920 τοιούτοις
1386 4856 1777 4928 ἐπιχειρήμασι

1884 4863 2109 4919 materie
2155 4840 2531 4917 constantium
2564 4857 2734 4913 divini
2781 4857 3114 4913 auctoritate
3150 4860 3304 4915 verbi
3351 4869 3464 4915 tra~

185 4934 326 5005 πρὸς
352 4932 415 4986 τὸ
441 4934 621 5006 δόγμα
646 4937 948 5011 χρώμενον
980 4943 1044 4996 El
1070 4944 1275 5010 ἁπλοῦς
1303 4948 1332 5000 6
1356 4946 1489 5012 Θεὸς
1509 4950 1575 5020 τῇ
1599 4948 1781 5017 φύσει,

187 5027 284 5080 καὶ
306 5025 497 5089 ᾶῡλος.
540 5027 728 5094 ἄποιός
772 5049 833 5085 τε
870 5036 965 5089 καὶ
1007 5037 1304 5111 ἀμεγέθης,
1335 5040 1429 5094 καὶ
1464 5041 1779 5108 ἀσύνθετος,

187 5119 285 5172 καὶ
312 5118 418 5187 τῆς
449 5119 589 5173 κατὰ
617 5121 679 5175 τὸ
710 5126 894 5195 σχῆμα
923 5131 1270 5202 περιγραφῆς
1296 5131 1592 5206 ἀλλοτρίως
1620 5134 1778 5206 ἔχων

182 5209 342 5262 πᾶσα
374 5208 431 5262 δὲ
457 5208 558 5281 ῦλη
583 5212 642 5267 ὲν
660 5212 1060 5291 διαστηματικῇ
1087 5221 1393 5293 παρατάσει
1420 5224 1785 5297 καταλαμϐά-

182 5319 361 5367 νεται,
380 5303 595 5369 καὶτὰς
617 5305 704 5360 διὰ
718 5308 827 5361 τῶν
848 5311 1215 5385 αἰσθητηρίων
1236 5316 1570 5390 καταλήψεις
1592 5319 1652 5372 οὐ
1674 5319 1781 5373 δια-

185 5395 488 5465 πέφευγεν,
506 5398 564 5451 ὲν
580 5398 854 5471 χρώματι,
875 5406 969 5458 καὶ
991 5406 1353 5478 σχήματι,καὶ
1372 5409 1541 5481 ὄγκῳ,
1558 5412 1652 5464 καὶ
1675 5429 1780 5482 πη·

1885 4953 2084 5019 ditum,
2119 4952 2388 5023 originem
2418 4948 2662 5004 omnium
2688 4947 2757 5002 ad
2788 4946 2956 5003 Deum
2982 4947 3295 5006 referentis.
3324 4948 3465 5004 Huic

1882 5049 2030 5104 enim
2069 5046 2335 5101 doctrinae
2371 5043 2466 5113 qui
2521 5041 2910 5104 adversantur,
2956 5049 3286 5096 coaeternam
3340 5056 3465 5096 esse

1882 5155 2008 5195 cum
2044 5137 2155 5193 Deo
2183 5151 2368 5193 rerum
2405 5134 2692 5190 materiem
2723 5133 2960 5203 probare
3006 5142 3297 5198 conantur,
3334 5149 3464 5188 sen-

1882 5230 2220 5299 tentiamque
2273 5242 2431 5283 suam
2478 5234 2540 5280 ut
2592 5225 2941 5291 confirment,
2982 5225 3319 5299 argumentis
3359 5225 3462 5279 liu-

1880 5323 2122 5394 jusmodi
2141 5329 2399 5376 utuntur:
2426 5316 2486 5372 Si
2503 5317 2671 5382 Deus,
2697 5318 2974 5387 inquiunt,
2992 5325 3186 5373 natura
3207 5316 3459 5386 simplex,

1884 5429 2082 5485 expers
2122 5412 2304 5468 omnis
2333 5409 2604 5475 materiei,
2651 5410 3003 5481 qualitatum,
3047 5409 3461 5479 magnitudinis,

183 5486 453 5561 λικότητι,
472 5490 567 5544 καὶ
585 5491 901 5566 ἀντιτυπία,
923 5498 1017 5552 καὶ
1039 5501 1149 5564 τοῖς
1171 5499 1377 5565 λοιποῖς
1397 5504 1509 5566 τοῖς
1528 5505 1655 5574 περὶ
1684 5505 1779 5557 αὐ-

1885 5507 2037 5562 nulla
2061 5521 2127 5561 ex
2154 5520 2215 5560 re
2244 5500 2606 5573 compositus,
2631 5499 2838 5555 nullius
2870 5498 3058 5555 formae
3079 5498 3331 5553 terminis
3352 5502 3463 5556 cir-

184 5579 284 5653 τήν
319 5580 721 5656 θεωρουμένοις
751 5590 1152 5662 γινωσκομένη,
1195 5585 1271 5647 ὧν
1301 5593 1451 5648 οὐδὲν
1478 5596 1535 5647 ἐν
1568 5597 1631 5667 τῇ
1661 5594 1779 5666 θείᾳ

1886 5597 2260 5669 cumscriptus
2290 5614 2303 5650 :
2332 5607 2549 5650 omnem
2585 5606 2714 5647 vero
2744 5589 3034 5646 materiam
3064 5590 3257 5661 spatiis
3297 5594 3464 5649 certis

294 5758 344 5792 ⁸⁵
384 5763 555 5823 Hebr.
592 5780 660 5833 tt,
700 5767 757 5823 8.
