3890 6394
150 373 241 427 225

1371 382 1459 438 DE
1500 382 1783 441 llOMlNlS
1822 386 2136 445 OPIFICIO.

3281 385 3381 447 Eli

154 500 369 569 ἀμίκτως
397 499 425 551 6
446 497 599 566 λόγος
632 497 763 570 ἔχει.
790 498 1014 569 ’Έτερος
1048 497 1156 570 γὰρ
1202 500 1232 551 6
1263 498 1357 552 τοῦ
1384 500 1693 572 χρώματος,

1815 517 2006 575 gnum,
2057 502 2143 559 vel
2184 502 2317 573 quid
2364 502 2513 556 aliud
2565 502 2711 572 quod
2761 516 2829 557 ex
2879 502 3110 558 materie
3147 514 3383 560 coruscet.

152 588 232 641 xz‘.
254 586 424 656 ἔτερος
462 585 554 639 τοῦ
586 586 781 659 βάρους
810 589 839 640 6
869 587 1045 655 λόγος,
1082 590 1112 640 6
1141 588 1238 657 τῆς
1271 589 1566 661 ποσότητος
1594 592 1699 645 πά-

152 692 238 744 Αιν,
260 680 347 733 καὶ
380 682 408 734 6
438 680 537 750 τῆς
564 682 720 744 ποιᾶς
751 681 891 735 κατά
912 681 1010 752 τὴν
1039 681 1182 751 ἀφὴν
1217 681 1494 753 ἰδιότητος.
1530 684 1605 736 ’Ἢ
1639 700 1698 736 τε

147 772 240 842 γὰρ
280 773 577 843 μαλακότης
625 773 719 827 καὶ
759 773 822 826 16
865 773 1089 843 δίπηχυ,
1132 774 1222 827 καὶ
1272 772 1342 827 τὰ
1385 773 1548 827 λοιπά
1593 773 1699 827 τῶν

149 867 440 937 εἰρημένων,
471 865 597 918 οὔτε
621 865 891 935 ἀλλήλοις,
916 863 1042 917 οὗτε
1080 864 1159 934 τῷ
1194 863 1404 935 σώματι
1438 864 1577 919 κατὰ
1610 866 1700 918 τὸν

150 958 283 1026 λόγον
314 958 659 1030 συμφέρεται.
701 957 962 1012 Ἐκάστου
989 955 1099 1026 γάρ
1133 955 1337 1010 τούτων
1384 957 1536 1021 ἴδιος,
1577 956 1702 1010 καθ’

146 1050 176 1104 ὃ
197 1052 345 1115 ἐστιν,
368 1052 395 1103 ὁ
425 1049 812 1121 ὲρμηνευτικδς
856 1050 981 1121 ὄρος
1033 1049 1350 1115 ἐπινοεῖται,
1394 1049 1546 1102 οὐδὲν
1588 1051 1704 1102 ὲπι-

152 1140 391 1195 κοινωνῶν
413 1140 547 1214 ἄλλῃ
570 1141 676 1194 τινὶ
697 1140 805 1194 τῶν
829 1157 898 1193 πε
906 1140 959 1209 pl.
977 1138 1040 1192 16
1070 1138 1428 1209 ὑποκείμενον
1464 1138 1701 1210 θεωρου-

158 1230 310 1300 μένων
341 1229 602 1301 ποιότητι.
651 1232 715 1284 Εἰ
768 1230 949 1285 τοίνυν
994 1229 1184 1301 νοητὸν
1236 1229 1335 1301 μὲν
1378 1228 1438 1283 16
1480 1229 1699 1301 χρῶμα,

148 1319 293 1390 νοητὴ
335 1319 389 1374 δὲ
433 1322 528 1374 καὶ
566 1321 600 1391 ἠ
642 1320 955 1383 ἀντιτυπία,
1002 1320 1097 1373 καὶ
1129 1318 1163 1390 ἡ
1198 1318 1451 1389 ποσότης,
1495 1319 1591 1372 καὶ
1631 1317 1701 1372 τά

151 1410 292 1463 λοιπά
316 1410 419 1463 τῶν
438 1409 694 1465 τοιούτων
737 1410 1064 1481 ἰδιωμάτων,
1089 1408 1320 1462 ἕκαστον
1344 1409 1401 1463 δὲ
1421 1408 1624 1463 τούτων
1652 1409 1701 1462 εί

150 1500 432 1574 ὑφαιρεθείη
483 1502 577 1557 τοῦ
635 1502 1032 1574 ὑποκειμένου,
1082 1503 1194 1566 πᾶς
1232 1504 1262 1556 6
1306 1500 1402 1555 τοῦ
1449 1499 1700 1571 σώματος

152 1592 485 1648 συνδιαλύεται
525 1594 682 1663 λόγος
703 1609 719 1626 ο
768 1593 1061 1649 ἀκόλουθον
1093 1593 1161 1648 ἂν
1195 1593 1304 1664 εἴη,
1347 1585 1424 1648 ὧν
1464 1592 1562 1664 τὴν
1590 1593 1698 1647 ἀπ-

149 1684 309 1738 ουσίαν
326 1685 422 1756 τῆς
439 1685 533 1739 τοῦ
571 1685 820 1756 σώματος
856 1684 1062 1749 λύσεως
1089 1684 1268 1739 αίτίαν
1301 1682 1557 1756 εὕρομεν,
1580 1682 1702 1736 τού-

149 1791 245 1828 των
283 1774 376 1847 τὴν
419 1777 723 1849 συνδρομὴν
782 1777 1095 1832 ἀποτίκτειν
1148 1776 1248 1849 τὴν
1298 1775 1491 1846 ὑλικὴν
1538 1775 1700 1846 φύσιν

1804 594 1971 650 Multa
2014 594 2074 649 in
2133 594 2238 649 hoc
2283 594 2619 665 cogitatione
2674 601 2890 649 secreta
2936 594 3384 653 consideramus.

1802 701 2036 755 quorum
2060 686 2405 757 singulorum
2439 688 2582 742 ratio
2613 702 2965 758 nequaquam
2991 689 3136 745 inter
3167 705 3227 746 se
3254 704 3387 746 contra

1801 777 2069 833 funditur.
2123 778 2246 831 Alia
2299 778 2449 833 enim
2501 779 2729 843 coloris,
2782 780 2892 833 alia
2938 781 3220 850 ponderis,
3277 781 3385 836 alia

1800 868 2129 938 quantitatis
2168 868 2224 923 in
2259 877 2520 924 contactu
2566 878 2650 925 est
2691 871 2851 925 ratio.
2888 868 3025 925 Nam
3062 872 3378 937 mollitudo,

1801 961 2035 1017 duorum
2060 960 2369 1016 cubitorum
2400 961 2736 1031 magnitudo,
2753 971 2950 1018 caetera
2974 978 3097 1033 quae
3120 963 3381 1021 diximus.

1807 1067 1987 1123 neque
2019 1053 2162 1108 inter
2191 1067 2252 1108 se
2287 1060 2500 1117 mutuo,
2536 1069 2718 1124 neque
2757 1068 2882 1109 cum
2908 1069 3139 1125 corpore
3175 1070 3273 1125 per
3306 1069 3386 1108 ra-

1802 1144 2011 1199 tionem
2029 1141 2410 1198 conferuntur.
2446 1142 2670 1214 Singula
2698 1145 2868 1210 enim,
2904 1146 2977 1199 ita
3005 1153 3064 1199 ut
3083 1145 3382 1206 exsistunt.

1803 1236 2029 1308 propria
2056 1235 2293 1307 quadam
2318 1235 2571 1290 ﬁnitione
2600 1235 2951 1292 considerata
2979 1236 3384 1307 intelliguntur,

1802 1328 1896 1383 cui
1927 1327 2068 1382 nihil
2100 1335 2186 1383 est
2231 1342 2359 1383 cum
2406 1327 2771 1397 qualitatibus
2802 1328 2858 1382 in
2891 1342 2952 1383 re
2990 1328 3236 1397 subjecta
3277 1342 3383 1382 cte-

1802 1420 1937 1477 teris
1966 1435 2281 1476 commune.
2322 1419 2465 1491 Ergo
2510 1420 2559 1475 si
2610 1419 3096 1490 comprehenditur
3133 1434 3165 1473 a
3208 1426 3383 1473 mente

1802 1514 1990 1580 color,
2035 1512 2323 1578 soliditas,
2377 1498 2693 1584 quantitas,
2744 1513 3012 1569 attributa
3069 1513 3383 1582 hujusmodi

1803 1612 2022 1671 caetera,
2074 1619 2196 1674 quin
2243 1605 2460 1674 singula
2510 1604 2559 1660 si
2615 1605 2696 1659 rei
2738 1604 3006 1675 subjecta:
3047 1604 3384 1667 adimantur.

1804 1702 1919 1751 tota
1957 1694 2207 1766 corporis
2242 1697 2388 1750 ratio
2412 1694 2760 1763 dissolvitur;
2799 1710 2932 1751 vero
2954 1695 3222 1750 nimirum
3246 1710 3386 1750 con-

1804 1795 2127 1843 sentaneum
2159 1785 2286 1849 erit,
2317 1798 2509 1841 earnm
2543 1798 2730 1841 rerum
2763 1799 3096 1841 concursum
3132 1793 3386 1840 naturam

151 1867 537 1940 ὑπολαμϐάνειν.
578 1870 665 1932 Ὠς
697 1869 808 1941 γὰρ
836 1870 934 1923 οὑκ
961 1869 1077 1923 ἔστι
1106 1867 1289 1940 σῶμα,
1318 1863 1363 1936 ᾧ
1394 1868 1456 1922 τὸ
1480 1867 1700 1938 χρῶμα,

1815 1893 1871 1934 ex
1902 1877 2130 1933 materia
2158 1884 2502 1933 constantem
2528 1876 2778 1933 eﬂicere:
2805 1892 2927 1947 quae
2960 1892 3049 1934 res
3091 1878 3136 1933 si
3175 1876 3383 1940 absint,

151 1958 306 2011 καὶτὸ
329 1959 525 2028 σχῆμα,
559 1958 654 2012 καὶ
683 1960 717 2029 ἡ
750 1956 1038 2012 ἀντιτυπία
1067 1956 1162 2011 καὶ
1202 1956 1237 2027 ἡ
1277 1955 1579 2017 διάστασις,
1610 1954 1705 2006 καὶ

150 2048 199 2102 16
227 2047 393 2119 βάρος,
416 2051 510 2106 καὶ
532 2049 602 2105 τὰ
622 2049 785 2104 λοιπά
819 2048 930 2103 τῶν
965 2047 1273 2119 ίδιιωμάτων
1295 2047 1357 2100 οὑ
1392 2046 1705 2117 πρόσεστιν,

148 2139 349 2195 ἕκαστον
373 2141 430 2195 δὲ
462 2142 670 2196 τούτων
716 2140 875 2213 σῶμα
923 2141 1024 2194 οὐκ
1069 2139 1237 2202 ἔστιν,
1276 2138 1394 2192 ἀλλ’
1440 2137 1624 2208 ἕτερόν
1654 2153 1706 2189 τι

149 2231 282 2302 παρὰ
320 2232 380 2286 τὸ
418 2231 602 2303 σῶμα,
651 2232 792 2286 κατὰ
833 2231 894 2285 16
937 2229 1139 2296 ἰδιάζον
1185 2230 1535 2301 εὑρίσκεται·
1568 2228 1709 2282 οὕτω

148 2323 270 2377 κατά
309 2324 368 2378 16
402 2324 777 2395 ἀντίστροφον,
805 2323 940 2377 ὅπου
967 2322 1012 2376 δ’
1055 2322 1121 2377 ἂν
1147 2321 1430 2393 συνδράμῃ
1466 2319 1538 2374 τὰ
1559 2322 1709 2391 εἰρη-

150 2415 286 2483 μένα,
313 2417 408 2478 τὴν
439 2391 754 2488 σωματικὴν
781 2414 1079 2469 ὑπόστασιν
1110 2391 1503 2482 ἀπεργάζεται.
1549 2391 1738 2463 Ἀλλὲί

150 2504 242 2575 μὴν
268 2507 314 2558 εἰ
346 2506 508 2578 νοητὴ
532 2504 645 2560 τῶν
681 2504 984 2574 ἰδιωμάτων
1031 2503 1234 2557 τούτων
1277 2504 1310 2573 ἡ
1358 2501 1705 2571 κατανόησις,

146 2595 311 2665 νοητὸν
327 2597 380 2650 δὲ
407 2600 473 2669 τῇ
501 2596 663 2668 φύσει
691 2598 752 2650 16
788 2597 977 2651 Θεῖον·
1021 2595 1172 2649 οὐδὲν
1217 2594 1465 2659 ἀπεικὸς,
1508 2595 1575 2646 ὲκ
1611 2593 1709 2662 τῆς

142 2688 406 2758 ἀσωμάτου
441 2689 660 2760 φύσεως
692 2688 791 2751 τὰς
823 2687 1017 2758 νοερὰς
1063 2686 1262 2750 ταύτας
1293 2685 1548 2756 ἀφορμὰς
1572 2682 1709 2755 πρὸς

143 2776 230 2849 τὴν
254 2779 353 2832 τῶν
390 2781 660 2851 σωμάτων
696 2780 909 2848 γένεσιν
941 2779 1263 2847 ὑποστῆναι,
1302 2777 1403 2844 τῆς
1447 2776 1546 2845 μὲν
1587 2791 1711 2844 νοη-

142 2870 229 2939 τῆς
259 2871 462 2941 φύσεως
494 2872 596 2935 τὰς
624 2873 818 2944 νοητὰς
854 2870 1168 2941 ὑφιστώσης
1206 2869 1486 2939 δυνάμεις,
1518 2866 1619 2935 τῆς
1651 2864 1708 2918 δὲ

141 2959 323 3014 τούτων
344 2962 479 3034 πρὸς
499 2962 707 3031 ἄλληλα
733 2960 1037 3033 συνδρομῆς
1062 2962 1160 3033 τὴν
1181 2958 1356 3029 ὑλώδη
1384 2958 1545 3027 φύσιν
1568 2974 1708 3027 παρ-

140 3054 356 3126 αγούσης
389 3057 472 3120 είς
496 3055 733 3124 γένεσιν.
763 3053 923 3108 Ἀλλά
960 3051 1134 3106 ταῦτα
1172 3051 1269 3122 μὲν
1299 3048 1441 3103 κατά
1467 3050 1530 3103 16
1561 3048 1706 3119 πάρ-

138 3159 283 3216 εργον
317 3148 445 3217 ἡμῖν
489 3144 921 3217 παρεξετάσθωο
971 3145 1104 3216 ἡμῖν
1146 3143 1205 3196 δὲ
1248 3142 1413 3197 πάλιν
1462 3141 1555 3195 ἐπὶ
1606 3140 1707 3212 τὴν

1807 1985 2009 2041 corpus
2044 1970 2274 2025 interire
2300 1970 2603 2026 videamus.
2640 1969 2777 2023 Nam
2821 1978 2880 2024 ut
2912 1984 3114 2040 corpus
3138 1984 3249 2024 non
3278 1977 3384 2033 est,

1808 2062 1953 2134 quod
1994 2063 2198 2129 colore,
2250 2059 2449 2129 forma,
2494 2061 2796 2129 soliditate,
2846 2063 3043 2132 spatio,
3089 2062 3381 2132 gravitate,

1807 2154 2089 2210 attributis
2132 2153 2349 2210 caeteris
2388 2154 2677 2235 prmditum
2725 2167 2836 2207 non
2869 2163 2976 2215 est,
3006 2153 3152 2207 sicut
3183 2159 3238 2208 et
3270 2152 3386 2207 haec

1808 2247 2023 2318 singula
2053 2261 2260 2318 corpus
2289 2261 2399 2302 non
2434 2254 2584 2314 sunt,
2622 2259 2753 2300 eum
2797 2260 2828 2298 ιι
2870 2259 3102 2314 corpore
3136 2258 3388 2299 seorsum

1808 2339 2159 2395 considerata
2184 2338 2452 2409 distingui
2486 2339 2704 2408 possint
2731 2357 2745 2392 :
2781 2338 2864 2393 sic
2894 2351 2925 2391 e
2965 2334 3272 2401 contrario,
3296 2336 3387 2391 ubi

1809 2446 1872 2487 ea
1911 2446 2035 2501 qua:
2072 2431 2460 2487 recensuimus
2485 2436 2711 2496 coeunt,
2755 2443 2956 2498 corpus
2986 2428 3248 2483 constitui
3293 2442 3391 2483 ne-

1808 2537 1966 2579 cesse
1984 2532 2091 2578 est.
2117 2520 2326 2578 Horum
2346 2530 2530 2577 autem
2559 2522 2815 2592 corporis
2844 2521 3238 2576 attributorum
3260 2535 3396 2577 con-

1810 2617 2074 2675 sideratio
2097 2617 2144 2672 si
2173 2618 2379 2673 mentis
2402 2615 2667 2671 facultate
2693 2616 2773 2681 nt,
2794 2630 2859 2670 ac
2882 2614 2977 2671 Dei
3001 2616 3170 2670 etiam
3195 2621 3393 2669 natura

1808 2715 1994 2765 mente
2032 2715 2243 2763 tantum
2291 2706 2779 2778 comprehenditur
2814 2726 2829 2763 :
2868 2722 2979 2762 non
3019 2706 3322 2760 abhorrens
3362 2720 3393 2757 ιι

1808 2817 1941 2858 vero
1989 2801 2329 2857 censendum
2354 2809 2460 2866 est,
2491 2799 2539 2855 si
2572 2799 2821 2855 dicamus
2853 2813 2886 2853 a
2918 2805 3115 2852 natura
3144 2795 3394 2866 corporis

1808 2900 2034 2962 experte
2076 2892 2211 2946 oriri
2259 2889 2533 2960 principia
2581 2889 2753 2945 menti
2792 2895 3163 2944 consentanea
3207 2899 3394 2956 posse.

1808 2983 1877 3039 de
1912 2983 2121 3054 quibus
2169 2981 2367 3037 deinde
2410 2995 2647 3050 corpora
2682 2980 3094 3035 constituantur
3138 2995 3151 3032 :
3196 2982 3395 3030 natura

1808 3090 1931 3146 quae
1980 3083 2166 3130 mente
2209 3073 2535 3145 percipitur,
2590 3072 2881 3127 facultates
2924 3070 3030 3126 sibi
3076 3068 3397 3124 consimiles

1807 3167 2089 3224 excitante
2148 3184 2164 3223 :
2213 3180 2448 3236 quarum
2493 3162 2693 3220 deinde
2728 3177 3003 3218 concursu
3059 3172 3250 3216 mutuo
3282 3174 3396 3223 res,

139 3237 301 3289 πὶστιν
342 3238 679 3292 ὲπανακτέον
715 3236 806 3289 τὸν
845 3235 1023 3305 λόγον,
1063 3236 1133 3290 δι’
1168 3228 1237 3306 ἦς
1282 3232 1345 3286 ἐκ
1398 3249 1453 3287 τε
1490 3234 1585 3287 τοῦ
1628 3233 1701 3305 μὴ

1815 3277 1928 3331 quae
1965 3276 2032 3316 ex
2065 3259 2296 3315 materie
2334 3263 2575 3325 constat,
2612 3257 2809 3313 oritur.
2852 3254 3054 3312 Verum
3091 3255 3207 3309 haec
3227 3254 3399 3307 anlmi

138 3331 274 3397 ὄντος
309 3335 611 3406 ὑποστῆναι
661 3333 722 3387 16
771 3334 880 3387 πᾶν
922 3329 1247 3403 ἐδεξάμεθα,
1283 3331 1377 3385 καὶ
1425 3329 1587 3384 πάλιν
1624 3329 1705 3390 είς

1815 3329 1975 3410 causa
2016 3359 2180 3408 extra
2210 3351 2525 3406 institutum
2570 3357 2602 3404 a
2643 3348 2803 3405 nobis
2838 3346 3169 3417 investigata
3215 3344 3400 3415 putari

138 3421 289 3494 ἀλλην
323 3425 444 3480 τινά
488 3420 1024 3497 μεταστοιχειοῦσθαι
1064 3423 1399 3478 κατάστασιν
1428 3419 1580 3494 παρὰ
1603 3420 1705 3491 τῆς

1815 3445 2028 3501 debent.
2056 3442 2273 3499 idcirco
2310 3442 2424 3513 jam
2452 3440 2763 3498 revocanda
2794 3440 2947 3495 illam
2980 3438 3047 3493 ad
3083 3435 3400 3508 persuasio-

140 3515 341 3587 Γραφῇ
368 3517 727 3590 διδαχθέντες,
761 3519 861 3573 οὒκ
886 3516 1319 3588 ἀμφιϐάλλομεν.

1815 3551 1933 3592 nem
1971 3542 2059 3591 est
2108 3534 2309 3599 oratio,
2355 3548 2466 3605 qua
2503 3534 2572 3588 de
2613 3532 2790 3588 nihilo
2833 3529 3033 3586 factam
3062 3544 3184 3584 esse
3216 3540 3400 3583 rerum

62 3664 71 3671 ι
138 3633 552 3701 universitatem,
577 3640 633 3689 et
656 3647 774 3690 eam
818 3631 1060 3688 vicissim
1087 3632 1141 3686 in
1166 3630 1333 3686 alium
1365 3637 1572 3687 statum
1593 3626 2042 3685 commutandam
2075 3641 2221 3695 esse,
2253 3633 2313 3682 ut
2352 3640 2419 3681 ex
2471 3625 2721 3681 doctrina
2753 3636 3035 3681 sacrarum
3070 3619 3401 3675 Litterarum

138 3730 452 3801 accepimus,
479 3732 557 3787 ita
574 3744 791 3786 omnem
823 3734 976 3784 extra
1000 3726 1396 3782 dubitationem
1428 3725 1710 3796 ponimus.

633 3838 1029 3896 ΚΕΦΑΛΑΙΟΝ
1059 3841 1190 3893 KE’.

139 3956 254 4025 Πῶς
282 3957 358 4012 ἄν
383 3975 475 4025 τις
497 3955 603 4012 καὶ
642 3953 762 4025 τῶν
798 3955 1021 4025 ἐξωθεῖ
1062 3952 1430 4025 προσαχθείη
1460 3950 1708 4025 πιοζτὲὗ·

198 4019 296 4083 οἶαι
347 4027 422 4097 τῇ
448 4019 691 4098 Τραφῇ
744 4026 879 4095 περὶ
934 4021 1047 4093 τῆς
1102 4019 1497 4087 ἀναστάσεως
1544 4019 1708 4075 διδα-

204 4100 457 4169 σκούσῃ.

217 4188 348 4242 Ἀλλ’
386 4192 522 4252 ἴσως
563 4204 650 4250 τις
693 4187 827 4258 πρὸς
862 4186 932 4239 τὰ
974 4184 1291 4238 διαλυθέντα
1337 4181 1564 4255 σώματα
1599 4179 1719 4254 βλέ-

144 4297 266 4345 πων,
288 4282 381 4336 καὶ
411 4280 551 4352 πρὸς
578 4279 639 4332 16
671 4278 864 4352 μέτρον
886 4278 983 4349 τῆς
1006 4277 1140 4343 ἰδίας
1180 4275 1457 4346 δυνάμεως
1481 4273 1543 4328 16
1563 4274 1716 4328 Θεῖον

138 4370 343 4442 κρίνων,
376 4373 469 4425 16v
518 4371 624 4440 τῆς
661 4368 1005 4432 ἀναστάσεως
1048 4369 1205 4437 λόγον
1259 4365 1519 4421 ἀδύνατον
1561 4362 1700 4422 εἷναί

139 4477 277 4530 φησι,
299 4463 393 4514 καὶ
422 4458 721 4532 στήσεσθαι
749 4458 818 4511 τὰ
839 4456 932 4511 νῦν
955 4455 1268 4527 κινούμενα,
1292 4457 1388 4509 καὶ
1413 4455 1711 4525 ἀναστήσει

139 4542 277 4619 σθσῇ
291 4552 470 4607 τὰνῦν
499 4550 575 4623 μὴ
601 4548 892 4619 κινούμενα
920 4548 995 4619 μὴ
1022 4546 1330 4618 ἐνδέχεσθαι
1350 4546 1544 4615 λέγων’
1563 4544 1717 4598 ἀλλ’ό

136 4644 359 4709 τοιοῦτος
392 4642 617 4715 πρῶτον
654 4640 752 4710 μὲν
789 4640 882 4693 καὶ
927 4638 1181 4710 μέγιστον
1227 4636 1482 4690 ποιείσθω
1510 4635 1718 4707 τεκμή-

2376 3809 2612 3868 CAPUT
2655 3808 2825 3866 XXV.

1817 3938 1936 4008 Quo
1973 3947 2130 4007 pacto
2168 3938 2284 4007 quis
2314 3938 2473 3992 etiam
2509 3937 2717 3991 alienus
2762 3953 2794 3989 a
2831 3933 3078 3990 doctrina
3126 3931 3398 4008 Ecciesiw,

1888 4005 2058 4072 possit
2103 4005 2320 4071 adduci,
2366 4018 2423 4061 ut
2469 4008 2687 4063 Litteris
2728 4008 2925 4072 sacris,
2967 4005 3404 4059 resurrectionem

1882 4095 1955 4135 ea:
1997 4081 2223 4135 mortuis
2271 4079 2386 4150 fore
2423 4079 2833 4149 afﬁrmantibus,
2876 4077 3036 4148 ﬁdem
3083 4074 3292 4128 habeat.

1886 4172 2092 4230 Verum
2134 4172 2304 4229 fuerit
2359 4170 2561 4241 aliquis
2596 4170 2856 4233 fortasse,
2903 4168 2998 4239 qui
3038 4182 3272 4238 corpora
3306 4181 3405 4237 per

1817 4262 2106 4319 interitum
2153 4261 2419 4330 dissipata
2449 4259 2835 4325 considerans,
2870 4265 2924 4314 et
2959 4274 3072 4314 suae
3114 4257 3408 4328 potestatis

1818 4353 2043 4410 modulo
2073 4352 2316 4408 divinam
2349 4352 2603 4415 metiens,
2644 4350 2763 4405 fieri
2794 4366 2906 4404 non
2941 4365 3106 4420 posse
3136 4355 3311 4418 putet,
3346 4356 3407 4403 ut

1816 4460 1886 4501 ex
1907 4446 2141 4501 mortuis
2160 4459 2539 4517 resin-gamus,
2574 4458 2640 4498 ac
2666 4458 2755 4499 res
2779 4458 2900 4513 quae
2934 4451 3223 4497 moventur
3248 4442 3406 4512 quie-

1823 4544 2007 4602 scant,
2029 4550 2261 4608 quaeque
2293 4551 2445 4591 nunc
2479 4543 2629 4593 motu
2653 4543 2863 4599 carent,
2896 4535 3231 4591 excitentur.
3264 4532 3407 4590 Huic

1821 4629 1875 4685 id
1906 4630 2144 4699 primum
2179 4635 2504 4700 argumento
2537 4628 2635 4693 sit,
2670 4627 2898 4683 omnino
2934 4626 3180 4681 futuram
3219 4640 3408 4681 resur-

139 4751 242 4803 ptov
265 4735 365 4802 τῆς
398 4732 546 4789 κατὰ
575 4732 674 4804 τὴν
702 4732 995 4786 ἀνάστασιν
1023 4717 1300 4801 ἀληθείας,
1323 4727 1388 4780 16
1418 4725 1513 4780 τοῦ
1544 4724 1709 4798 κηρύ-

1821 4720 2123 4775 rectionem
2158 4739 2170 4775 :
2217 4719 2367 4791 quod
2406 4719 2740 4776 certissimis
2782 4725 2867 4776 est
2897 4718 3141 4774 oraculis
3174 4733 3237 4773 ea
3271 4733 3409 4788 prae-

135 4838 329 4892 γματος
377 4825 555 4896 αὐτῆς
592 4820 935 4887 ἀξιόπιστον·
971 4821 1004 4891 ἡ
1041 4820 1099 4874 δὲ
1147 4818 1252 4872 τῶν
1292 4818 1599 4889 λεγομένων
1631 4815 1718 4870 πί-

133 4929 240 4980 στις
268 4917 332 4969 ἐκ
358 4917 462 4988 τῆς
494 4916 608 4969 τῶν
634 4914 835 4968 λοιπῶν
860 4913 968 4967 τῶν
992 4911 1410 4985 προρρηθέντων
1439 4909 1717 4971 ἐκϐάσεως

132 5006 189 5059 16
209 5009 446 5078 ἀσφαλὲς
479 5006 615 5078 ἔχει.
651 5007 867 5077 Ἐπειδὴ
897 5005 1008 5076 γὰρ
1050 5004 1275 5067 πολλοὺς
1312 5021 1368 5055 τε
1400 5004 1495 5056 καὶ
1523 5018 1716 5055 παντο-

132 5095 323 5164 δαποὺς
350 5099 631 5172 παρέθετο
653 5096 842 5167 λόγους
868 5100 901 5169 ἡ
935 5097 1053 5151 θεία
1081 5095 1291 5169 I‘paqrh,
1323 5094 1541 5148 δυνατόν
1570 5095 1718 5146 ἐστιν

132 5188 269 5255 ὅπως
287 5191 356 5245 ἀν
382 5192 487 5263 ἔχῃ
509 5188 740 5260 ψεύδους
754 5189 792 5262 ἢ
815 5188 1069 5261 ἀληθείας
1083 5189 1152 5244 τὰ
1172 5187 1333 5241 λοιπὰ
1359 5186 1467 5240 τῶν
1495 5183 1719 5256 είρημιέ⁹

132 5297 230 5335 νων
250 5280 653 5354 θεασαμένους,
676 5279 741 5334 δι’
762 5281 982 5335 ἐκείνων
1005 5280 1099 5334 καὶ
1120 5279 1182 5333 16
1209 5279 1336 5351 περὶ
1360 5278 1461 5349 τῆς
1481 5276 1717 5331 ἀναστά-

134 5388 262 5435 σεως
297 5373 483 5445 δόγμα
525 5371 879 5442 κατανοῆσαι.
925 5370 988 5425 Ei
1025 5372 1122 5442 μὲν
1150 5370 1259 5442 γὰρ
1298 5370 1358 5424 ὲν
1397 5371 1510 5432 τοῖς
1538 5366 1718 5429 ἄλλοις

128 5459 339 5531 ψευδεῖς
363 5467 415 5518 οί
444 5463 621 5533 λόγοι,
652 5463 745 5517 καὶ
763 5463 1144 5533 διεσφαλμένοι
1165 5462 1264 5531 τῆς
1296 5456 1550 5530 ἀληθείας
1570 5457 1721 5525 ἐλέγ-

129 5569 328 5622 χονται,
349 5554 482 5608 οὑδὲ
502 5552 663 5606 τοῦτο
696 5552 911 5616 πάντως
942 5551 1098 5616 ἐκτὸς
1127 5551 1356 5620 ψεύδους
1385 5549 1553 5603 ἐστίν.
1574 5548 1637 5601 Ei
1664 5546 1722 5599 δὲ

128 5644 193 5701 151
212 5644 346 5700 ἀλὶα
376 5645 563 5701 πάντα
594 5642 977 5715 μαρτυροῦσαν
997 5644 1111 5715 ἔχει
1132 5645 1198 5714 τῇ
1226 5640 1453 5714 ἀληθείᾳ
1480 5639 1579 5711 τὴν
1608 5641 1725 5691 πεῖ-

137 5741 257 5803 ραν,
272 5734 579 5790 ἀκόλουθον
622 5733 689 5788 ἂν
719 5734 804 5807 εἴη
830 5735 898 5789 δι’
928 5734 1152 5789 ἐκείνων
1195 5735 1289 5788 καὶ
1314 5735 1416 5805 τὴν
1467 5732 1593 5800 περὶ
1623 5731 1721 5802 τῆς

135 5825 488 5891 ἀναστάσεως
518 5825 824 5897 πρόρρησιν
867 5825 1040 5898 ἀληθῆ
1074 5824 1324 5897 νομίσαι.
1357 5820 1566 5880 Οὐκοῦν
1600 5823 1719 5876 ἐπιδ

1820 4812 1988 4879 dicta,
2029 4828 2151 4883 quae
2190 4828 2317 4869 vera
2346 4828 2471 4868 esse
2502 4812 2572 4868 de
2599 4812 2705 4866 hoc
2738 4812 2904 4869 statui
2934 4817 3139 4882 potest,
3178 4810 3323 4882 quod
3355 4818 3411 4866 et

1822 4912 2022 4959 caetera
2094 4902 2186 4960 Dei
2235 4904 2495 4959 vaticinia
2549 4912 2782 4959 eventus
2837 4901 2958 4973 ipse
3008 4902 3404 4973 comprobavit.

1821 4991 1959 5047 Nam
1996 5009 2119 5047 cum
2163 4995 2333 5047 multa
2367 4995 2479 5049 sint
2527 5008 2592 5047 ac
2632 4992 2785 5047 varia
2825 4994 2998 5049 sacris
3027 4991 3252 5048 Litteris
3283 5006 3409 5061 pro-

1824 5085 1957 5148 dita,
1988 5085 2037 5138 si
2068 5099 2131 5139 ea
2148 5085 2235 5141 vel
2264 5085 2402 5139 falsa
2430 5085 2515 5140 vel
2547 5101 2673 5140 vera
2696 5100 2821 5142 esse
2842 5084 3365 5156 deprehenderimus
3391 5100 3404 5136 :

1822 5177 2011 5233 licebit
2042 5184 2098 5231 et
2124 5176 2194 5231 de
2224 5177 2651 5233 resurrectionis
2692 5178 2943 5233 doctrina
2993 5176 3217 5247 perinde
3244 5181 3408 5241 atque

1823 5269 1892 5325 de
1906 5270 1988 5325 eis
2018 5268 2362 5324 existimare.
2395 5268 2531 5322 Nam
2580 5267 2627 5324 si
2669 5276 2865 5324 caetera
2897 5268 3031 5321 falsa
3054 5274 3202 5330 sunt,
3246 5274 3409 5332 atque

1826 5375 1857 5413 a
1895 5362 2131 5415 veritate
2169 5359 2523 5415 abhorrentia
2559 5379 2572 5413 :
2604 5360 2768 5415 etiam
2802 5357 2920 5413 haec
2960 5353 3247 5410 inendacio
3295 5369 3404 5409 non

1824 5449 2051 5505 carebit.
2098 5448 2207 5504 ‘Sin
2260 5450 2445 5503 omnia
2498 5464 2629 5504 vera
2690 5462 2832 5512 csse,
2892 5446 3011 5515 ipsa
3068 5443 3406 5514 experientia

1824 5547 2203 5603 testimonium
2251 5546 2609 5617 perhibente,
2660 5551 2925 5598 constat:
2973 5547 3407 5596 consentaneum

1824 5639 2042 5693 veritati
2079 5639 2247 5694 etiam
2281 5639 2386 5692 hoc
2415 5637 2484 5692 de
2514 5635 2922 5691 resurrectione
2952 5631 3275 5687 vaticinium
3310 5646 3409 5701 pu-

1828 5729 2054 5784 tandum
2084 5730 2210 5784 erit.
2254 5728 2595 5784 Revocemus
2620 5739 2752 5796 ergo
2793 5724 2955 5780 nobis
2987 5722 3046 5779 in
3084 5722 3411 5779 memoriam

1830 5836 1999 5879 unum
2040 5828 2205 5893 atque
2241 5819 2475 5877 alterum
2514 5832 2591 5894 ex
2623 5817 2719 5890 iis,
2765 5832 2888 5892 quae
2938 5824 3065 5876 ante
3099 5823 3233 5875 sunt
3274 5809 3411 5869 divis
