3890 6368
492 359 600 412 iis

1741 359 1797 414 S.
1825 360 2152 417 GREGORII
2209 358 2502 416 NYSSENI

3641 354 3738 408 215

495 473 647 526 nitus
703 473 1050 537 denuntiata,
1110 480 1164 527 et
1215 481 1408 528 eventa
1455 489 1579 528 cum
1618 475 2057 544 prmdictionibus

2169 478 2496 548 μνησθῶμεν
2531 475 2646 536 ἑνὸς
2677 473 2708 542 ἢ
2741 472 2880 524 δυοῖν
2904 470 3022 539 ,τῶν
3044 467 3633 542 προκατηγγελμένων,
3653 469 3744 519 καὶ

492 565 862 626 conferamus,
895 573 953 617 ut
980 580 1046 618 ex
1091 565 1201 620 illis
1239 580 1660 635 cognoscamus,
1693 584 1928 624 verusne
1957 570 2060 623 hac

494 657 656 708 etiam
711 657 768 709 in
819 664 971 724 parte
1014 655 1237 713 divinus
1279 674 1460 713 sermo
1512 661 1583 713 sit
1634 660 2056 716 existimandus.

490 745 624 809 Quis
651 757 735 800 est
759 747 850 815 qui
874 747 1103 812 nesciat,
1134 764 1297 817 quam
1327 749 1457 802 olim
1491 749 1916 803 lsraeliticorum
1954 765 2057 802 na-

489 836 566 888 tio
622 851 802 890 rerum
856 839 1101 890 omnium
1152 840 1326 908 copiis
1378 838 1662 906 ﬂoruerit,
1713 855 1837 894 cum
1895 841 2059 894 etiam

488 927 754 981 adversus
787 929 935 983 orbis
982 930 1210 999 imperia
1240 938 1435 984 caetera
1466 932 1865 999 consurgeret?
1895 946 2059 1000 quam

488 1021 750 1087 praeclara
798 1020 1190 1091 Hierosolymis
1221 1031 1376 1076 erant
1409 1021 1645 1090 palatia?
1675 1011 1914 1074 ruwnia?
1943 1031 2060 1074 tur-

488 1128 579 1166 res
598 1112 620 1162 ?
640 1127 761 1180 qua:
791 1115 976 1180 templi
1003 1105 1447 1180 magniﬁcentia?
1470 1112 1618 1180 ipsos
1649 1109 1863 1164 Domini
1903 1111 2062 1165 disci-

486 1204 646 1272 pulos
709 1205 818 1257 haec
875 1205 1236 1258 admiratione
1286 1204 1448 1273 digna
1492 1206 1776 1280 censuisse
1820 1213 2055 1258 constat.

459 1290 620 1356 ἑΝίηῐὶ
673 1295 910 1362 quodam
955 1294 1132 1347 aﬂerti
1193 1303 1415 1363 stupore
1469 1294 1536 1348 de
1592 1296 1787 1347 horum
1831 1295 2055 1363 intuitu,

487 1381 779 1436 Dominum
839 1385 1000 1438 ctiam
1044 1385 1130 1438 his
1178 1386 1360 1438 verbis
1414 1387 1481 1438 ad
1543 1386 2056 1454 contemplationem

487 1477 811 1540 invitarunt,
861 1476 1314 1546 quemadmodum
1349 1485 1432 1531 est
1472 1491 1628 1531 sacro
1678 1478 1732 1530 in
1768 1477 2058 1547 Evangelio

487 1567 758 1633 proditum
800 1585 814 1620 :
859 1585 875 1616 ι
908 1568 1118 1632 Quanta
1158 1567 1274 1620 lucc
1299 1582 1464 1634 Opera
1490 1574 1638 1631 sunt,
1664 1579 1883 1635 quanta:
1908 1583 2056 1622 Sll‘u-

485 1663 655 1708 cturan
697 1655 740 1686 ⁸⁵
765 1655 1093 1710 ίιυοιιιίιιυε
1128 1667 1308 1709 autem
1353 1664 1406 1710 et
1443 1655 1558 1710 fore
1587 1657 1681 1709 illo
1709 1656 1765 1709 in
1814 1657 1936 1710 loco
1964 1672 2059 1711 va-

486 1753 626 1798 stam
647 1744 995 1798 solitudinem
1021 1745 1382 1812 demonstrat,
1403 1757 1455 1802 et
1472 1748 1796 1817 elegantiam
1817 1757 2059 1802 structu-

2163 569 2621 640 ἀντιπαραθῶμεν
2646 569 2758 629 τοῖς
2788 564 3144 636 προρρηθεῖσι
3183 565 3281 633 τὴν
3311 562 3535 616 ἔκϐασιν
3557 602 3571 626 ,
3605 561 3742 614 ὥστε

2162 662 2362 730 γνῶναι
2391 663 2457 714 δι’
2488 659 2685 723 αὑτῶν,
2715 660 2763 711 εί
2789 658 2922 728 πρὸς
2958 657 3056 728 τὴν
3080 656 3336 727 ἀληθειαν
3363 656 3392 706 6
3423 654 3584 722 λόγος
3621 652 3740 721 βλέ-

2157 771 2272 806 πει.
2315 753 2411 816 Τίς
2462 752 2562 804 οὑκ
2607 750 2747 804 οἶδεν
2784 751 2932 812 ὅπως
2964 749 3114 820 ἤνθει
3148 747 3289 800 κατά
3334 746 3394 798 τὸ
3439 747 3671 816 ἀρχαῖον
3717 745 3743 796 6

2173 843 2511 914 Ἰσραηλίτης
2537 841 2686 904 λαὸς,
2724 841 2924 902 πάσαις
2955 841 3076 902 ταῖς
3105 837 3249 891 κατά
3292 837 3390 907 τὴν
3416 837 3742 904 οἰκουμένην

2159 935 2497 997 δυναστείαις
2521 932 3000 1003 ἀντεγειρόμενος;
3029 925 3116 983 οἷα
3136 925 3203 1000 ἦν
3228 929 3295 981 τά
3326 928 3573 998 βασίλεια
3605 926 3743 980 κατά

2159 1028 2256 1098 τὴν
2278 1025 2386 1078 τῶν
2414 1024 2676 1096 Ἰεροσολύ
2685 1041 2801 1094 μων
2824 1024 2978 1075 πόλιν
2994 1039 3008 1086 ;
3026 1016 3113 1074 οἷα
3143 1022 3211 1074 τά
3229 1021 3381 1090 τείχη
3401 1037 3416 1085 ;
3438 1021 3485 1071 οἱ
3506 1020 3739 1088 πύργοι;

2160 1121 2193 1188 ή
2227 1117 2319 1170 τοῦ
2363 1116 2512 1188 ἱεροῦ
2566 1114 2973 1187 μεγαλουργίας
3015 1115 3156 1185 άπερ
3197 1113 3434 1174 καὶτοῖς
3469 1111 3744 1181 μαθηταῖς

2158 1206 2251 1259 τοῦ
2289 1207 2492 1276 Κυρίου
2535 1206 2660 1270 ἄξια
2695 1203 2970 1274 θαύματος
3008 1201 3288 1272 ἐνομίσθη,
3335 1200 3429 1253 καὶ
3457 1201 3741 1251 κατανοεῖν

2163 1296 2377 1362 ἀξιοῦσι
2406 1295 2497 1349 τὸν
2526 1296 2752 1366 Κύριον,
2779 1291 3168 1362 θαυμαστικῶς
3195 1293 3325 1363 περὶ
3344 1291 3411 1343 τά
3441 1290 3743 1358 φαινόμενα

2159 1387 2492 1450 διατεθέντες
2511 1429 2526 1452 ,
2556 1387 2632 1448 ὡς
2661 1387 2693 1455 ἡ
2729 1383 2823 1437 τοῦ
2854 1383 3190 1452 Εὑαγγελίου
3212 1381 3418 1453 ἱστορία
3446 1381 3630 1450 δηλοῖ,
3661 1379 3744 1431 λέ-

2160 1496 2348 1547 γοντες
2376 1479 2511 1548 πρὸς
2542 1477 2702 1530 αὐτόν
2727 1493 2742 1508 ο
2778 1495 2796 1527 ι
2848 1475 3076 1528 Ποταπά
3102 1475 3170 1526 τὰ
3201 1473 3336 1544 ἔργα
3369 1460 3474 1525 ’καὶ
3502 1470 3746 1524 ποταπαὶ

2160 1573 2216 1626 αἱ
2249 1569 2567 1639 οἱκοδομαίί
2606 1589 2624 1620 ι
2669 1569 2698 1620 6
2739 1568 2796 1620 δὲ
2837 1566 2934 1637 τὴν
2969 1567 3234 1636 ἐσομένην
3278 1565 3407 1634 περὶ
3445 1562 3542 1615 τὸν
3579 1563 3744 1614 τόπον

2160 1661 2472 1730 ἐρήμωσιν,
2506 1659 2600 1710 καὶ
2649 1658 2737 1710 τὸν
2776 1656 3080 1726 ἀφανισμὸν
3120 1654 3215 1708 τοῦ
3267 1654 3495 1715 κάλλους
3531 1652 3744 1705 ἐκείνου

2159 1750 2296 1818 πρὸς
2321 1751 2447 1811 τοὺς
2473 1747 2536 1800 τὸ
2566 1747 2738 1818 παρὸν
2769 1743 3149 1816 θαυμάζοντας
3172 1742 3536 1807 ὑποδείκνυσι,
3568 1742 3746 1809 λέγων

485 1852 561 1890 ne
606 1837 918 1891 universam
952 1839 1031 1891 sic
1073 1838 1414 1892 interituram
1465 1854 1607 1902 esse,
1645 1849 1704 1893 ut
1735 1855 1845 1894 non
1886 1842 2057 1896 multo

2162 1841 2329 1910 μηδὲν
2360 1840 2468 1892 τῶν
2499 1839 2839 1909 φαινομένων
2873 1839 2987 1908 μετ’
3016 1837 3192 1905 ὀλίγον
3225 1832 3744 1902 ὑπολειφθήσεσθαι.

487 1936 612 1996 post
641 1929 706 1981 de
729 1928 794 1981 iis
821 1942 943 1996 quae
974 1937 1086 1981 tum
1117 1931 1591 1998 conspicerentur,
1618 1930 1752 1983 nihil
1785 1931 2055 2001 reliquum

485 2021 604 2072 fore
636 2020 970 2088 praediceret.
1016 2021 1164 2075 ldem
1195 2022 1446 2090 supplicii
1499 2023 1588 2078 sui
1635 2031 1900 2093 tempore,
1931 2040 2055 2079 cum

483 2110 744 2165 mulieres
790 2111 1065 2166 nonnullae
1113 2119 1407 2180 sequentes
1449 2113 1667 2182 ipsum,
1721 2129 1845 2170 esse
1892 2116 2058 2172 latam

485 2201 748 2269 injustam
797 2201 1057 2258 adversus
1095 2203 1441 2257 innocentem
1492 2205 1817 2259 sententiam
1849 2206 2058 2261 lamen-

486 2292 654 2346 tando
708 2291 1068 2362 quererentur
1107 2313 1119 2347 :
1169 2294 1369 2364 quippe
1409 2296 1557 2364 quod
1601 2295 1835 2351 necdum
1885 2296 2058 2351 divini

485 2384 726 2444 consilii,
770 2399 879 2452 quo
917 2384 1111 2438 isthmc
1143 2383 1362 2449 ﬁebant,
1400 2401 1598 2441 causas
1633 2387 2007 2456 perspicerent
2037 2405 2052 2442 :

486 2490 641 2528 suam
669 2475 888 2544 quidem
913 2483 1115 2531 sortem
1145 2486 1201 2530 ut
1227 2477 1450 2531 minime
1472 2477 1819 2546 deplorarent
1850 2486 2054 2544 monet,

484 2581 646 2635 quam
685 2567 958 2636 deplorari
1009 2568 1088 2623 fas
1117 2582 1226 2622 non
1266 2584 1389 2624 esse
1426 2588 1439 2621 :
1472 2569 1724 2638 querelas
1760 2577 1942 2624 autem
1978 2570 2057 2623 la-

483 2667 774 2729 mentaque
797 2660 1078 2716 diﬂ'errent
1099 2661 1153 2715 in
1182 2661 1314 2716 illud
1339 2669 1554 2731 tempus
1586 2662 1734 2732 quod
1758 2671 1908 2718 esset
1932 2678 2057 2718 vere

481 2753 744 2822 lacrymis
768 2752 1124 2817 destinatum,
1154 2769 1263 2824 quo
1290 2755 1479 2809 urbem
1511 2755 1800 2810 obsidione
1823 2755 2057 2810 cincturi

481 2840 688 2906 hostes,
742 2850 796 2896 et
837 2847 1199 2914 oppugnaturi
1238 2855 1420 2900 essent
1452 2846 1498 2878 “
1533 2866 1545 2900 :
1575 2847 1845 2915 ejusmodi
1892 2848 2056 2903 mise-

484 2933 582 2986 riis
604 2933 878 2986 nationem
904 2936 1330 2990 Israeliticorum
1357 2939 1499 2992 serie
1516 2939 1773 2992 continua
1787 2939 2057 3008 excipien-

483 3023 656 3086 tibus,
692 3029 750 3075 ut
781 3023 966 3079 felices
1003 3027 1347 3095 praedicaturi
1390 3030 1501 3083 sint
1539 3045 1633 3082 eos
1676 3031 1769 3099 qui
1813 3031 2055 3085 sobolem

483 3115 687 3166 nullam
712 3127 1115 3183 procreassent.
1142 3118 1221 3174 Ac
1251 3119 1432 3174 verbis
1457 3119 1674 3188 quidem
1700 3121 1826 3187 illis,
1853 3122 2054 3190 quibus

2173 1931 2331 1984 Ἀλλά
2359 1931 2456 1984 καὶ
2488 1929 2637 2001 παρά
2667 1931 2758 1982 τὸν
2786 1927 2880 1982 τοῦ
2915 1926 3118 1989 πάθους
3157 1925 3347 1997 καιρὸν
3370 1965 3384 1988 ,
3418 1926 3474 1976 αἱ
3508 1924 3610 1993 μὲν
3649 1940 3746 1990 γυ-

2159 2025 2343 2087 ναῖκες
2372 2021 2768 2092 ἐπηκολούθουν
2801 2019 3096 2091 θρηνοῦσαι
3131 2019 3228 2088 τὴν
3262 2017 3445 2070 ἄδικον
3474 2015 3565 2066 ἐπ’
3594 2012 3745 2082 αὐτῷ

2157 2117 2337 2188 ψῆφον
2362 2114 2569 2168 ’.οῧπω
2619 2114 2728 2186 γὰρ
2766 2115 2845 2176 είς
2892 2113 2992 2184 τὴν
3035 2111 3145 2165 τῶν
3199 2108 3500 2179 γινομένων
3537 2108 3746 2159 οἰκονο-

2161 2208 2288 2278 μίαν
2320 2206 2645 2261 ἀπέϐλεπον·
2687 2207 2716 2258 6
2743 2206 2800 2258 δὲ
2841 2201 3196 2274 συμϐουλεύει
3237 2199 3307 2253 τά
3343 2199 3442 2270 μὲν
3487 2198 3620 2268 περῖ¹
3649 2197 3744 2250 αύ-

2156 2299 2250 2353 τδν
2280 2299 2538 2368 γινόμενα
2567 2298 2776 2367 σιωπᾷν
2803 2312 2818 2326 ο
2848 2295 2982 2366 μηδὲ
3009 2293 3113 2362 γάρ
3142 2287 3278 2346 εἶναι
3306 2287 3560 2360 δακρύων
3593 2287 3741 2351 ἄξια·

2159 2387 2487 2459 ὑπερθέσθαι
2525 2387 2584 2440 δὲ
2618 2387 2710 2440 τὸν
2749 2385 2981 2456 ὀδυρμδν
3021 2383 3114 2437 καὶ
3165 2381 3256 2435 τὸν
3289 2380 3486 2452 θρῆνον
3532 2379 3614 2440 είς
3653 2377 3745 2429 τὸν

2159 2480 2334 2550 ἀληθῆ
2375 2480 2484 2532 τῶν
2535 2478 2787 2548 δακρύων
2831 2475 3057 2546 καιρὸν,
3099 2475 3229 2526 ὅταν
3276 2467 3578 2540 περισχεθῇ
3633 2470 3745 2530 τοῖς

2159 2569 2538 2642 πολιορκοῦσιν
2565 2571 2598 2640 ἡ
2632 2568 2806 2633 πόλις,
2833 2569 2928 2621 καὶ
2957 2568 3036 2629 είς
3067 2561 3320 2617 τοσοῦτον
3351 2560 3581 2630 συνοχῆς
3614 2557 3743 2627 ἔλθῃ

2155 2663 2226 2718 τὰ
2259 2662 2430 2732 πάθη,
2468 2662 2543 2724 ὡς
2576 2662 2909 2732 μακάριστον
2946 2655 3194 2726 ἡγεῖσθαι
3235 2653 3326 2706 τὸν
3371 2651 3446 2722 μὴ
3470 2650 3745 2719 γεννώμε-

2157 2771 2266 2808 νον.
2309 2754 2397 2806 Ἐν
2424 2749 2505 2815 οἷς
2538 2752 2632 2804 καὶ
2661 2752 2722 2803 τὸ
2761 2750 2888 2820 περὶ
2927 2748 3024 2819 τὴν
3065 2743 3400 2813 τεκνοφάγον
3432 2741 3746 2812 προεμήνυο

2160 2862 2251 2898 σεν
2287 2843 2440 2912 ἄγος,
2473 2843 2642 2894 εἰπὼν
2679 2835 3181 2911 μακαρισθήσεσθαι
3219 2833 3364 2888 κατά
3395 2831 3493 2894 τὰς
3529 2830 3746 2900 ἡμέρας

2157 2935 2372 2998 ὲκείνας
2413 2935 2512 3005 τὴν
2541 2933 2784 3003 γαστέρα
2818 2931 2916 3000 τὴν
2944 2931 3158 2997 ἄγονον.
3194 2924 3306 2979 Ποῦ
3343 2923 3524 2976 τοίνυν
3558 2923 3748 2973 ἐκεῖνα

2156 3027 2226 3079 τὰ
2257 3026 2536 3096 βασίλεια;
2571 3023 2673 3077 ποῦ
2703 3023 2762 3076 τὸ
2797 3022 2975 3093 ίερόν;
3007 3018 3110 3071 ποῦ
3157 3016 3227 3070 τά
3267 3015 3459 3084 τείχη;
3501 3011 3608 3064 ποῦ
3639 3011 3748 3062 τῶν

2159 3118 2382 3186 πύργων
2414 3116 2469 3167 αί
2490 3113 2783 3184 προϐολαί;
2813 3111 2914 3164 ποῦ
2939 3110 2995 3162 δὲ
3016 3111 3050 3179 ἡ
3071 3107 3178 3160 τῶν
3211 3102 3559 3176 Ἰσραηλιτῶν
3583 3103 3747 3154 δυνα-

482 3207 602 3259 fore
631 3208 986 3272 vaticinatur.
1029 3218 1088 3262 ut
1121 3226 1187 3265 eo
1219 3219 1464 3282 tempore
1491 3212 1730 3268 sterilem
1763 3215 1946 3268 alvum
1974 3192 2056 3268 fe:

2161 3207 2341 3272 στεία;
2388 3208 2486 3276 οὐχ
2537 3207 2712 3276 οἱμὲν
2759 3203 2898 3256 κατά
2943 3203 3120 3254 πᾶσαν
3166 3196 3360 3270 μικροῦ
3391 3194 3500 3246 δεῖν
3527 3194 3630 3262 τὴν
3672 3194 3751 3244 oi-

482 3297 644 3350 licem
695 3299 804 3352 sint
847 3301 1214 3355 existimaturi
1259 3322 1272 3356 :
1321 3304 1571 3373 equidem
1608 3305 1840 3358 indicari
1873 3313 2056 3360 statuo

481 3388 678 3455 ingens
719 3389 849 3442 illud
903 3392 1150 3447 mulieris
1200 3394 1499 3463 piaculum,
1539 3411 1661 3464 quae
1711 3396 1806 3449 ﬁlii
1857 3396 1944 3451 sui
1997 3410 2056 3451 se

480 3481 746 3536 carnibus
785 3491 1137 3539 exsaturasse
1173 3486 1425 3540 traditur.
1463 3485 1566 3541 Ubi
1610 3502 1744 3556 ergo
1778 3502 1926 3541 nunc
1965 3487 2056 3541 illa

479 3573 742 3642 praeclara
793 3575 1026 3643 palatia?
1072 3578 1162 3630 ubi
1197 3579 1499 3646 templum?
1527 3579 1621 3633 ubi
1669 3579 1911 3634 mmnia?
1961 3579 2054 3634 ubi

480 3662 716 3714 turrium
749 3664 1304 3732 propugnacula?uhi
1359 3658 1726 3715 Israelitarum
1785 3663 2058 3734 reSpubli-

477 3751 580 3804 ca?
611 3766 679 3806 an
708 3769 813 3806 non
845 3769 968 3808 esse
994 3755 1119 3809 illos
1151 3772 1248 3826 per
1275 3757 1460 3811 orbem
1493 3774 1660 3828 prope
1681 3758 1910 3812 dixerim
1937 3758 2058 3811 uni-

477 3852 697 3893 versum
747 3857 974 3911 sparsos
1019 3846 1304 3899 videmus?
1349 3861 1415 3898 an
1461 3861 1568 3900 non
1600 3863 1706 3900 una
1752 3862 1875 3900 cum
1920 3847 2056 3914 ipsis

478 3945 670 3984 eversa
697 3933 894 3999 palatia
916 3935 1080 3987 sunt?
1113 3935 1190 3987 Ac
1222 3936 1354 3988 mihi
1391 3938 1610 4005 quidem
1645 3939 1757 3991 haac
1791 3936 2055 4004 Dominus

480 4036 590 4073 non
611 4023 851 4090 ipsarum
873 4039 1052 4078 rerum
1070 4041 1233 4080 causa
1250 4028 1566 4096 praedixisse
1581 4027 1813 4094 videtur,
1838 4029 2056 4098 quando

481 4111 620 4166 nihil
655 4114 894 4169 habituri
931 4116 1212 4173 auditores
1229 4120 1584 4174 emolumenti
1603 4131 1843 4174 erantex
1866 4119 2057 4189 praedi-

2160 3299 2433 3369 κουμένην
2462 3297 2619 3359 ἀλλος
2654 3295 2859 3364 ἀλλαχῆ
2889 3291 3290 3362 διεσπάρησαν;
3330 3290 3396 3356 τῇ
3442 3285 3500 3337 δὲ
3539 3283 3750 3336 τούτων

2161 3393 2513 3462 καταστροφῇ
2541 3406 2672 3460 συνη
2683 3386 2920 3458 ρειπώθη
2952 3386 3045 3437 καὶ
3064 3382 3133 3435 τὰ
3152 3381 3428 3451 βασίλεια;
3457 3377 3616 3429 Δοκεῖ
3640 3375 3750 3442 γάρ

2164 3501 2252 3555 μοι
2283 3483 2454 3535 ταῦτα
2485 3480 2578 3534 καλ⁵
2613 3479 2684 3531 τά
2708 3477 2932 3530 τοιαῦτα
2959 3472 3308 3546 προμηνῦσαι
3347 3470 3376 3521 6
3417 3467 3623 3555 Κύριος
3643 3507 3658 3530 ,
3687 3467 3746 3517 οῖ.

2158 3552 2268 3622 τῶν
2323 3568 2659 3640 πραγμάτων
2701 3565 2861 3636 χάριν
2919 3562 3010 3634 (τί
3054 3562 3161 3632 γάρ
3209 3558 3462 3612 τοσοῦτον
3512 3552 3580 3627 ἦν
3634 3558 3749 3614 τοῖς

2161 3660 2414 3716 ἀκούουσι
2458 3658 2644 3729 κέρδος
2672 3657 2780 3710 τῶν
2822 3657 3040 3717 πάντως
3081 3649 3466 3721 ἐκϐησομένων
3506 3647 3540 3715 ἡ
3575 3644 3748 3715 πρόρ-

2160 3757 2350 3824 ρησις;
2384 3752 2625 3820 ἔγνωσαν
2656 3748 2764 3818 γὰρ
2791 3748 2856 3802 ἂν
2884 3750 2949 3818 τῇ
2986 3746 3170 3816 πείρᾳ,
3201 3742 3297 3794 καὶ
3328 3741 3400 3811 μὴ
3433 3735 3749 3809 προμαθόν-

2156 3864 2246 3909 τες
2299 3845 2359 3898 τὸ
2397 3841 2821 3914 γενησόμενον),
2857 3839 2970 3893 ἀλλ’
3009 3837 3147 3889 ὥστε
3181 3834 3271 3888 διὰ
3312 3832 3516 3884 τούτων
3564 3828 3749 3888 αὐτοῖς

2165 3939 2258 3990 καὶ
2292 3936 2388 4006 τὴν
2434 3936 2562 4006 περῖ¹
2599 3933 2706 3987 τῶν
2749 3933 3008 4004 μειζόνων
3062 3928 3242 3980 πίστιν
3285 3926 3366 3988 είς
3415 3919 3748 3974 ἀκολουθίαν

2162 4028 2354 4082 ἐλθεῖν.
2398 4027 2461 4079 Ἦ
2488 4025 2593 4097 γὰρ
2627 4028 2684 4077 ὲν
2717 4023 2925 4085 τούτοις
2957 4020 3043 4073 διὰ
3080 4019 3189 4072 τῶν
3224 4016 3398 4085 ἔργων
3433 4011 3746 4084 μαρτυρία,

2162 4121 2254 4173 καί
2283 4120 2381 4190 τῆς
2409 4120 2466 4173 ὲν
2497 4118 2722 4180 ἐκείνοις
2754 4114 3006 4185 ἀληθείας
3031 4114 3176 4167 ἐστὶν
3201 4108 3489 4176 ἀπόδειξις.

480 4202 697 4257 catione
727 4219 1086 4274 rerum,quas
1105 4216 1395 4262 eventuras
1433 4217 1583 4262 certo
1614 4210 1699 4263 vel
1732 4210 1848 4280 ipsa
1863 4208 2195 4278 experientia
2238 4208 2510 4280 cognituri
2541 4206 2836 4277 aliquando
2860 4210 3067 4266 essent,
3090 4203 3252 4257 etiam
3295 4215 3402 4253 non
3423 4196 3747 4267 praedictas,

478 4295 577 4349 scd
612 4305 669 4349 ut
705 4313 768 4351 ex
800 4298 884 4353 his
925 4315 1091 4369 porro
1118 4303 1530 4370 persuasionem
1560 4305 1851 4374 quamdam
1898 4303 2107 4359 animis
2149 4319 2338 4359 eorum
2356 4304 2423 4358 de
2437 4303 2602 4358 rebus
2620 4300 2791 4356 multo
2807 4291 3567 4370 amplioribttsinderet.Nam
3594 4291 3747 4362 quod

479 4386 673 4440 borum
695 4389 876 4444 exitus
897 4391 1238 4460 pradictioui
1258 4395 1561 4463 respondit,
1583 4397 1747 4451 etiam
1766 4399 1972 4470 reliqua
1994 4406 2144 4454 certo
2171 4398 2288 4454 fore
2315 4399 2681 4453 demonstrat.

549 4476 1019 4544 Quemadmodum
1068 4485 1235 4548 enim,
1270 4487 1317 4538 si
1366 4487 1620 4554 agricola:
1667 4492 1934 4545 seminum
1971 4491 2052 4546 fa-
2085 4495 2128 4548 D

478 4569 739 4624 cultatcm
763 4572 1080 4640 explicanti,
1107 4573 1250 4629 forte
1278 4577 1498 4631 rustica:
1520 4579 1597 4632 rei
1624 4581 1748 4649 quis
1768 4583 2054 4651 imperitus

479 4660 643 4715 ﬁdem
678 4678 786 4716 non
829 4664 1030 4719 habeat
1063 4686 1074 4720 :
1118 4669 1255 4723 satis
1280 4671 1370 4725 illc
1395 4672 1500 4726 sibi
1531 4683 1686 4743 putat
1715 4676 1782 4729 ad
1808 4676 2056 4733 veritatis

478 4750 890 4818 iudicationem,
928 4771 1038 4810 uno
1069 4758 1123 4811 in
1159 4775 1329 4828 grano
1371 4763 1750 4820 universorum
1779 4782 1904 4836 quae
1936 4783 2054 4822 mo-

478 4841 604 4896 dius
657 4845 920 4911 continet,
968 4849 1074 4901 vim
1129 4849 1558 4921 facultatemque
1601 4855 1896 4912 ostendere
1943 4873 2057 4912 :ac

477 4933 623 5003 quod
655 4935 724 4989 de
762 4951 874 4990 uno
927 4938 1179 5002 aﬂirmet,
1222 4941 1365 4996 idem
1400 4944 1566 4998 etiam
1622 4945 1676 5000 in
1712 4949 1923 5003 caeteris
1968 4965 2054 5003 ve-

477 5043 598 5080 rum
640 5043 763 5082 esse
796 5030 1062 5098 polliceri.
1101 5031 1234 5085 Nam
1271 5036 1366 5104 qui
1399 5035 1466 5089 de
1498 5053 1610 5090 uno
1645 5039 1829 5109 aliquo
1862 5041 2050 5106 tritici,

477 5119 559 5172 vel
585 5119 795 5182 hordei,
834 5123 917 5174 vel
960 5122 1186 5177 alterius
1209 5123 1466 5180 lrumenti
1500 5128 1661 5197 pleno
1691 5131 1873 5186 modio
1903 5147 2051 5185 com-

417 5277 425 5284 ,
478 5211 733 5278 prehensi
770 5227 962 5282 grano,
1013 5214 1066 5267 in
1095 5215 1308 5284 glebam
1346 5218 1615 5286 conjecto,
1660 5221 1868 5289 spicam
1898 5223 2050 5276 nasci

478 5301 695 5364 viderit,
721 5302 866 5356 hunc
892 5305 1053 5356 etiam
1081 5305 1146 5358 de
1167 5307 1380 5361 exteris
1411 5324 1754 5378 nequaquam
1797 5311 2051 5366 dubitare

479 5406 705 5448 necesse
747 5403 849 5448 est.
895 5396 974 5448 ita
1018 5396 1154 5448 nihil
1186 5397 1389 5452 veritas
1427 5400 1655 5468 reliquis
1687 5401 1888 5456 divinis
1924 5417 2051 5456 ora-

485 5481 620 5534 culis
656 5483 1017 5550 respondens,
1061 5484 1228 5538 etiam
1277 5485 1405 5539 huic
1431 5488 1498 5542 de
1529 5491 1940 5544 resurrectione
1965 5506 2054 5546 ar-

482 5583 630 5626 canae
645 5573 906 5630 doctrina:
931 5575 1093 5632 ﬁdem
1124 5579 1422 5633 conciliare
1458 5580 1691 5635 videtur.
1728 5582 2051 5654 Quanquam

555 5744 598 5774 ⁸³
633 5741 795 5798 Marc.
843 5763 962 5814 xm,
1003 5752 1050 5805 1.
1133 5755 1178 5784 ⁶⁶
1211 5753 1344 5808 Luc.
1387 5773 1497 5824 xix,
1533 5757 1624 5809 45.

2229 4491 2436 4561 Ὥσπερ
2458 4490 2566 4560 γὰρ
2592 4490 2645 4542 εί
2667 4505 2811 4551 τινος
2842 4486 3086 4556 γεωργοῦ
3135 4485 3231 4554 τὴν
3264 4483 3371 4535 τῶν
3411 4481 3746 4550 σπερμάτων

2158 4584 2534 4654 ὑφηγουμένου
2567 4583 2816 4652 δύναμιν,
2845 4582 3095 4634 ἀπιστεῖν
3124 4576 3302 4646 συμϐῇ
3328 4573 3415 4625 τὸν
3441 4573 3540 4638 τῆς
3570 4589 3747 4641 γεωρι

2159 4676 2286 4745 γίας
2313 4675 2626 4746 ἀπείρατον,
2662 4673 2943 4744 αὐτάρκης
2965 4671 3032 4726 ἂν
3064 4671 3144 4733 είς
3173 4666 3446 4732 ἀπόδειξιν
3473 4665 3575 4733 τῆς
3609 4663 3746 4732 ἀλη-

2161 4767 2310 4829 θείας
2338 4763 2404 4837 ἦν
2431 4766 2510 4837 τῷ
2539 4765 2791 4835 γεηπόνῳ
2817 4765 2874 4818 ὲν
2903 4763 2985 4816 ἐνὶ
3018 4761 3289 4831 σπέρματι
3317 4757 3424 4809 τῶν
3446 4757 3503 4808 ὲν
3533 4753 3615 4824 τῷ
3652 4771 3748 4824 μεα

2157 4856 2328 4927 δίμνῳ
2356 4855 2622 4928 κειμένων
2655 4854 2888 4918 δείξαντι
2919 4851 3018 4923 τὴν
3057 4850 3302 4918 δύναμιν,
3331 4846 3424 4898 καὶ
3471 4843 3602 4911 περὶ
3637 4842 3747 4894 τῶν

2159 4947 2359 5000 λοιπῶν
2388 4945 2706 5015 ἐγγυᾶσθαι.
2751 4945 2808 4997 Ὀ
2832 4943 2940 5013 γάρ
2971 4941 3092 4995 ίδὼν
3120 4941 3208 4992 τὸν
3230 4939 3324 4990 ἕνα
3347 4935 3542 5006 πυρὸν,
3578 4933 3612 5003 ἦ
3647 4933 3746 5003 τὴν

2163 5039 2292 5108 μίαν
2315 5038 2529 5111 κριθὴν,
2557 5037 2590 5108 ἢ
2615 5038 2643 5090 ὃ
2669 5055 2720 5089 τι
2747 5053 2852 5107 περ
2887 5035 2952 5087 ἂν
2977 5034 3034 5085 ὲν
3061 5031 3140 5101 τῷ
3168 5027 3494 5099 πληρώματι
3515 5025 3610 5078 τοῦ
3647 5043 3747 5095 με-

2157 5130 2344 5200 δίμνου
2369 5131 2527 5202 τύχῃ,
2557 5127 2694 5200 μετά
2723 5128 2782 5180 τὸ
2821 5123 3292 5194 ὲγκαταϐληθῆναι
3325 5122 3391 5189 τῇ
3420 5118 3577 5188 βώλῳ
3611 5118 3745 5171 στά-

2159 5239 2258 5292 χυν
2286 5223 2598 5292 γενόμενον,
2630 5219 2810 5271 οὐκέτι
2834 5217 2898 5270 ἂν
2927 5215 3014 5269 διὰ
3037 5213 3130 5267 τοῦ
3159 5212 3295 5274 ἐνὸς,
3328 5208 3447 5262 οὑδὲ
3477 5209 3607 5278 περὶ
3634 5208 3746 5259 τῶν

2159 5312 2360 5365 λοιπῶν
2404 5311 2778 5379 ἀπιστήσειεν.
2825 5305 3012 5368 Οὕτως
3061 5303 3218 5372 ἱκανή
3271 5318 3359 5371 μοι
3405 5299 3556 5352 δοκεῖ
3604 5299 3746 5368 πρὸς

2165 5403 2467 5475 μαρτυρίαν
2499 5401 2635 5455 εἶναι
2660 5401 2755 5454 τοῦ
2786 5402 2926 5454 κατά
2958 5399 3056 5470 τὴν
3089 5396 3380 5450 ἀνάστασιν
3413 5391 3741 5461 μυστηρίου,

2162 5499 2194 5566 ἡ
2245 5499 2356 5560 τοῖς
2421 5497 2626 5557 λοιποῖς
2685 5490 2793 5548 τῶν
2855 5492 3166 5562 εἰρημένων
3233 5484 3742 5553 συνομολογουμένη

2162 5587 2404 5656 ἀλήθεια.
2437 5586 2668 5660 ,Μᾶλλον
2712 5586 2767 5638 δὲ
2822 5584 2916 5638 καὶ
2951 5581 3119 5650 αὐτῆς
3167 5579 3264 5648 τῆς
3308 5576 3660 5637 ἀναστάσεως
3710 5578 3743 5642 ἡ
