  <div class='ocr_page' id='page_1' title='image "/cluster/home/n/w/nwhite01/storage/ocr_20150623/44:no.1/coo.31924054869445/116.png"; bbox 0 0 3890 6354; ppageno 0'>
   <div class='ocr_carea' id='block_1_1' title="bbox 190 322 295 379">
    <p class='ocr_par' dir='ltr' id='par_1_1' title="bbox 190 322 295 379">
     <span class='ocr_line' id='line_1_1' title="bbox 190 322 295 379; baseline -0.038 1"><span class='ocrx_word' id='word_1_1' title='bbox 190 322 295 379; x_wconf 78' lang='grc'><strong>217</strong></span> 
     </span>
    </p>
   </div>
   <div class='ocr_carea' id='block_1_2' title="bbox 1458 326 2223 388">
    <p class='ocr_par' dir='ltr' id='par_1_2' title="bbox 1458 326 2223 388">
     <span class='ocr_line' id='line_1_2' title="bbox 1458 326 2223 388; baseline 0.003 -5"><span class='ocrx_word' id='word_1_2' title='bbox 1458 328 1548 386; x_wconf 86' lang='lat' dir='ltr'><strong>DE</strong></span> <span class='ocrx_word' id='word_1_3' title='bbox 1586 326 1872 385; x_wconf 80' lang='lat' dir='ltr'><strong>HOMINIS</strong></span> <span class='ocrx_word' id='word_1_4' title='bbox 1910 329 2223 388; x_wconf 81' lang='lat' dir='ltr'><strong>OPlFlCiO.</strong></span> 
     </span>
    </p>
   </div>
   <div class='ocr_carea' id='block_1_3' title="bbox 3359 318 3464 374">
    <p class='ocr_par' dir='ltr' id='par_1_3' title="bbox 3359 318 3464 374">
     <span class='ocr_line' id='line_1_3' title="bbox 3359 318 3464 374; baseline -0.01 0"><span class='ocrx_word' id='word_1_5' title='bbox 3359 318 3464 374; x_wconf 68' lang='lat'><strong>238</strong></span> 
     </span>
    </p>
   </div>
   <div class='ocr_carea' id='block_1_4' title="bbox 188 442 1803 528">
    <p class='ocr_par' dir='ltr' id='par_1_4' title="bbox 188 450 1789 528">
     <span class='ocr_line' id='line_1_4' title="bbox 188 450 1789 528; baseline -0.005 -15"><span class='ocrx_word' id='word_1_6' title='bbox 188 458 375 528; x_wconf 78' lang='grc' dir='ltr'>πεῖρα,</span> <span class='ocrx_word' id='word_1_7' title='bbox 399 455 466 527; x_wconf 72' lang='grc' dir='ltr'>ἢν</span> <span class='ocrx_word' id='word_1_8' title='bbox 494 454 557 507; x_wconf 82' lang='grc' dir='ltr'>οὐ</span> <span class='ocrx_word' id='word_1_9' title='bbox 597 452 692 508; x_wconf 85' lang='grc' dir='ltr'>διὰ</span> <span class='ocrx_word' id='word_1_10' title='bbox 731 451 903 521; x_wconf 82' lang='grc' dir='ltr'>λόγων</span> <span class='ocrx_word' id='word_1_11' title='bbox 926 450 1203 516; x_wconf 87' lang='grc' dir='ltr'>τοσοῦτον,</span> <span class='ocrx_word' id='word_1_12' title='bbox 1229 450 1351 504; x_wconf 81' lang='grc' dir='ltr'>ὅσον</span> <span class='ocrx_word' id='word_1_13' title='bbox 1376 451 1443 505; x_wconf 84' lang='grc' dir='ltr'><strong>δι’</strong></span> <span class='ocrx_word' id='word_1_14' title='bbox 1472 451 1654 506; x_wconf 81' lang='grc' dir='ltr'>αὐτῶν</span> <span class='ocrx_word' id='word_1_15' title='bbox 1678 450 1789 505; x_wconf 81' lang='grc' dir='ltr'><strong>τῶν</strong></span> 
     </span>
    </p>
   </div>
   <div class='ocr_carea' id='block_1_5' title="bbox 1907 442 3464 528">
    <p class='ocr_par' dir='ltr' id='par_1_5' title="bbox 1907 442 3464 524">
     <span class='ocr_line' id='line_1_5' title="bbox 1907 442 3464 524; baseline -0.009 -17"><span class='ocrx_word' id='word_1_16' title='bbox 1907 454 2064 524; x_wconf 85' lang='lat' dir='ltr'><strong>uagis</strong></span> <span class='ocrx_word' id='word_1_17' title='bbox 2110 455 2216 509; x_wconf 91' lang='lat' dir='ltr'><strong>hoc</strong></span> <span class='ocrx_word' id='word_1_18' title='bbox 2265 453 2379 509; x_wconf 82' lang='lat' dir='ltr'><strong>ﬁeri</strong></span> <span class='ocrx_word' id='word_1_19' title='bbox 2429 449 2686 522; x_wconf 80' lang='lat' dir='ltr'><strong>equidem</strong></span> <span class='ocrx_word' id='word_1_20' title='bbox 2727 447 2894 504; x_wconf 86' lang='lat' dir='ltr'><strong>credo</strong></span> <span class='ocrx_word' id='word_1_21' title='bbox 2929 461 3027 517; x_wconf 84' lang='lat' dir='ltr'><strong>per</strong></span> <span class='ocrx_word' id='word_1_22' title='bbox 3070 442 3246 513; x_wconf 91' lang='lat' dir='ltr'><strong>ipsam</strong></span> <span class='ocrx_word' id='word_1_23' title='bbox 3281 457 3464 495; x_wconf 84' lang='lat' dir='ltr'><strong>rerum</strong></span> 
     </span>
    </p>
   </div>
   <div class='ocr_carea' id='block_1_6' title="bbox 189 542 1779 621">
    <p class='ocr_par' dir='ltr' id='par_1_6' title="bbox 189 542 1779 621">
     <span class='ocr_line' id='line_1_6' title="bbox 189 542 1779 621; baseline -0.005 -18"><span class='ocrx_word' id='word_1_24' title='bbox 189 550 367 621; x_wconf 76' lang='grc' dir='ltr'>εργων</span> <span class='ocrx_word' id='word_1_25' title='bbox 399 545 778 617; x_wconf 72' lang='grc' dir='ltr'>ἐδιδάχθημεν.</span> <span class='ocrx_word' id='word_1_26' title='bbox 826 543 1045 615; x_wconf 82' lang='grc' dir='ltr'>Ἐπειδὴ</span> <span class='ocrx_word' id='word_1_27' title='bbox 1072 544 1181 615; x_wconf 86' lang='grc' dir='ltr'>γὰρ</span> <span class='ocrx_word' id='word_1_28' title='bbox 1221 542 1362 613; x_wconf 85' lang='grc' dir='ltr'>μέγα</span> <span class='ocrx_word' id='word_1_29' title='bbox 1394 543 1489 596; x_wconf 74' lang='grc' dir='ltr'><strong>καὶ</strong></span> <span class='ocrx_word' id='word_1_30' title='bbox 1515 542 1654 613; x_wconf 79' lang='grc' dir='ltr'><strong>ὑπὲρ</strong></span> <span class='ocrx_word' id='word_1_31' title='bbox 1684 543 1779 595; x_wconf 86' lang='grc' dir='ltr'><strong>πί-</strong></span> 
     </span>
    </p>
   </div>
   <div class='ocr_carea' id='block_1_7' title="bbox 190 632 1786 710">
    <p class='ocr_par' dir='ltr' id='par_1_7' title="bbox 190 632 1786 710">
     <span class='ocr_line' id='line_1_7' title="bbox 190 632 1786 710; baseline -0.004 -16"><span class='ocrx_word' id='word_1_32' title='bbox 190 657 309 694; x_wconf 82' lang='grc' dir='ltr'>στιν</span> <span class='ocrx_word' id='word_1_33' title='bbox 334 634 402 710; x_wconf 73' lang='grc' dir='ltr'><strong>ἢν</strong></span> <span class='ocrx_word' id='word_1_34' title='bbox 428 638 493 691; x_wconf 84' lang='grc' dir='ltr'>τὸ</span> <span class='ocrx_word' id='word_1_35' title='bbox 526 637 669 690; x_wconf 77' lang='grc' dir='ltr'>κατὰ</span> <span class='ocrx_word' id='word_1_36' title='bbox 709 634 808 706; x_wconf 73' lang='grc' dir='ltr'>τὴν</span> <span class='ocrx_word' id='word_1_37' title='bbox 833 634 1131 688; x_wconf 79' lang='grc' dir='ltr'><strong>ἀνάστασιν</strong></span> <span class='ocrx_word' id='word_1_38' title='bbox 1175 632 1383 704; x_wconf 84' lang='grc' dir='ltr'>θαῦμα,</span> <span class='ocrx_word' id='word_1_39' title='bbox 1426 633 1513 687; x_wconf 77' lang='grc' dir='ltr'><strong>διὰ</strong></span> <span class='ocrx_word' id='word_1_40' title='bbox 1546 633 1654 688; x_wconf 84' lang='grc' dir='ltr'>τῶν</span> <span class='ocrx_word' id='word_1_41' title='bbox 1684 650 1786 688; x_wconf 88' lang='grc' dir='ltr'>κα-</span> 
     </span>
    </p>
   </div>
   <div class='ocr_carea' id='block_1_8' title="bbox 191 724 1784 801">
    <p class='ocr_par' dir='ltr' id='par_1_8' title="bbox 191 724 1784 801">
     <span class='ocr_line' id='line_1_8' title="bbox 191 724 1784 801; baseline -0.005 -16"><span class='ocrx_word' id='word_1_42' title='bbox 191 730 443 801; x_wconf 84' lang='grc' dir='ltr'>τωτέρων</span> <span class='ocrx_word' id='word_1_43' title='bbox 485 729 588 800; x_wconf 82' lang='grc' dir='ltr'>τῆς</span> <span class='ocrx_word' id='word_1_44' title='bbox 615 725 1046 799; x_wconf 83' lang='grc' dir='ltr'>θαυματοποιίας</span> <span class='ocrx_word' id='word_1_45' title='bbox 1080 724 1406 795; x_wconf 79' lang='grc' dir='ltr'>ἀρξάμενος,</span> <span class='ocrx_word' id='word_1_46' title='bbox 1435 724 1623 796; x_wconf 79' lang='grc' dir='ltr'>ἡρέμα</span> <span class='ocrx_word' id='word_1_47' title='bbox 1665 742 1784 788; x_wconf 83' lang='grc' dir='ltr'><strong>πως</strong></span> 
     </span>
    </p>
   </div>
   <div class='ocr_carea' id='block_1_9' title="bbox 188 812 1785 894">
    <p class='ocr_par' dir='ltr' id='par_1_9' title="bbox 188 812 1785 894">
     <span class='ocr_line' id='line_1_9' title="bbox 188 812 1785 894; baseline -0.004 -18"><span class='ocrx_word' id='word_1_48' title='bbox 188 823 289 894; x_wconf 79' lang='grc' dir='ltr'>τὴν</span> <span class='ocrx_word' id='word_1_49' title='bbox 323 822 511 875; x_wconf 85' lang='grc' dir='ltr'>πίστιν</span> <span class='ocrx_word' id='word_1_50' title='bbox 545 819 708 891; x_wconf 79' lang='grc' dir='ltr'>ἡμῶν</span> <span class='ocrx_word' id='word_1_51' title='bbox 746 812 1060 891; x_wconf 78' lang='grc' dir='ltr'>προσεθίζει</span> <span class='ocrx_word' id='word_1_52' title='bbox 1089 819 1202 879; x_wconf 82' lang='grc' dir='ltr'>τοῖς</span> <span class='ocrx_word' id='word_1_53' title='bbox 1242 815 1473 887; x_wconf 84' lang='grc' dir='ltr'>μείζοσι.</span> <span class='ocrx_word' id='word_1_54' title='bbox 1515 816 1785 888; x_wconf 81' lang='grc' dir='ltr'>Καθάπερ</span> 
     </span>
    </p>
   </div>
   <div class='ocr_carea' id='block_1_10' title="bbox 190 908 1781 986">
    <p class='ocr_par' dir='ltr' id='par_1_10' title="bbox 190 908 1781 986">
     <span class='ocr_line' id='line_1_10' title="bbox 190 908 1781 986; baseline -0.006 -17"><span class='ocrx_word' id='word_1_55' title='bbox 190 915 303 986; x_wconf 84' lang='grc' dir='ltr'><strong>γάρ</strong></span> <span class='ocrx_word' id='word_1_56' title='bbox 341 930 429 978; x_wconf 85' lang='grc' dir='ltr'><strong>τις</strong></span> <span class='ocrx_word' id='word_1_57' title='bbox 466 914 652 984; x_wconf 81' lang='grc' dir='ltr'>μήτηρ</span> <span class='ocrx_word' id='word_1_58' title='bbox 689 910 1042 981; x_wconf 87' lang='grc' dir='ltr'>καταλλήλως</span> <span class='ocrx_word' id='word_1_59' title='bbox 1071 908 1431 981; x_wconf 82' lang='grc' dir='ltr'>τιθηνουμένη</span> <span class='ocrx_word' id='word_1_60' title='bbox 1465 908 1527 961; x_wconf 86' lang='grc' dir='ltr'>τὸ</span> <span class='ocrx_word' id='word_1_61' title='bbox 1565 909 1781 978; x_wconf 84' lang='grc' dir='ltr'><strong>νήπιον,</strong></span> 
     </span>
    </p>
   </div>
   <div class='ocr_carea' id='block_1_11' title="bbox 189 997 1787 1076">
    <p class='ocr_par' dir='ltr' id='par_1_11' title="bbox 189 997 1787 1076">
     <span class='ocr_line' id='line_1_11' title="bbox 189 997 1787 1076; baseline -0.006 -16"><span class='ocrx_word' id='word_1_62' title='bbox 189 1008 334 1069; x_wconf 81' lang='grc' dir='ltr'>τέως</span> <span class='ocrx_word' id='word_1_63' title='bbox 390 1005 493 1076; x_wconf 87' lang='grc' dir='ltr'>μὲν</span> <span class='ocrx_word' id='word_1_64' title='bbox 534 1002 731 1072; x_wconf 83' lang='grc' dir='ltr'>ἁπαλῷ</span> <span class='ocrx_word' id='word_1_65' title='bbox 772 1019 832 1055; x_wconf 86' lang='grc' dir='ltr'><strong>τε</strong></span> <span class='ocrx_word' id='word_1_66' title='bbox 864 1003 962 1054; x_wconf 78' lang='grc' dir='ltr'>καὶ</span> <span class='ocrx_word' id='word_1_67' title='bbox 995 998 1150 1070; x_wconf 84' lang='grc' dir='ltr'><strong>ὑγρῷ</strong></span> <span class='ocrx_word' id='word_1_68' title='bbox 1180 999 1258 1069; x_wconf 84' lang='grc' dir='ltr'>τῷ</span> <span class='ocrx_word' id='word_1_69' title='bbox 1286 998 1516 1069; x_wconf 88' lang='grc' dir='ltr'>στόματι</span> <span class='ocrx_word' id='word_1_70' title='bbox 1554 998 1616 1051; x_wconf 80' lang='grc' dir='ltr'>τὸ</span> <span class='ocrx_word' id='word_1_71' title='bbox 1644 997 1787 1066; x_wconf 85' lang='grc' dir='ltr'>γάλα</span> 
     </span>
    </p>
   </div>
   <div class='ocr_carea' id='block_1_12' title="bbox 191 1089 1789 1167">
    <p class='ocr_par' dir='ltr' id='par_1_12' title="bbox 191 1089 1789 1167">
     <span class='ocr_line' id='line_1_12' title="bbox 191 1089 1789 1167; baseline -0.006 -15"><span class='ocrx_word' id='word_1_72' title='bbox 191 1098 281 1152; x_wconf 77' lang='grc' dir='ltr'>διὰ</span> <span class='ocrx_word' id='word_1_73' title='bbox 308 1098 435 1166; x_wconf 15' lang='grc' dir='ltr'>τῆς-</span> <span class='ocrx_word' id='word_1_74' title='bbox 458 1095 630 1167; x_wconf 79' lang='grc' dir='ltr'>θηλῆς</span> <span class='ocrx_word' id='word_1_75' title='bbox 672 1093 979 1164; x_wconf 69' lang='grc' dir='ltr'><strong>ἐντίθησιν⁹</strong></span> <span class='ocrx_word' id='word_1_76' title='bbox 1030 1089 1439 1160; x_wconf 79' lang='grc' dir='ltr'>ὁδοντοφυοῦντι</span> <span class='ocrx_word' id='word_1_77' title='bbox 1475 1090 1531 1143; x_wconf 82' lang='grc' dir='ltr'>δὲ</span> <span class='ocrx_word' id='word_1_78' title='bbox 1561 1089 1664 1161; x_wconf 77' lang='grc' dir='ltr'><strong>ήδη</strong></span> <span class='ocrx_word' id='word_1_79' title='bbox 1696 1090 1789 1143; x_wconf 74' lang='grc' dir='ltr'>καὶ</span> 
     </span>
    </p>
   </div>
   <div class='ocr_carea' id='block_1_13' title="bbox 192 1180 1790 1260">
    <p class='ocr_par' dir='ltr' id='par_1_13' title="bbox 192 1180 1790 1260">
     <span class='ocr_line' id='line_1_13' title="bbox 192 1180 1790 1260; baseline -0.006 -17"><span class='ocrx_word' id='word_1_80' title='bbox 192 1184 558 1260; x_wconf 67' lang='grc' dir='ltr'>αὐξανομένῳ</span> <span class='ocrx_word' id='word_1_81' title='bbox 597 1187 869 1258; x_wconf 85' lang='grc' dir='ltr'>προσάγει</span> <span class='ocrx_word' id='word_1_82' title='bbox 905 1184 997 1238; x_wconf 80' lang='grc' dir='ltr'>τὸν</span> <span class='ocrx_word' id='word_1_83' title='bbox 1034 1183 1217 1254; x_wconf 82' lang='grc' dir='ltr'><strong>ἄρτον,</strong></span> <span class='ocrx_word' id='word_1_84' title='bbox 1254 1184 1314 1236; x_wconf 87' lang='grc' dir='ltr'>οὐ</span> <span class='ocrx_word' id='word_1_85' title='bbox 1355 1180 1563 1253; x_wconf 86' lang='grc' dir='ltr'>τραχύν</span> <span class='ocrx_word' id='word_1_86' title='bbox 1603 1198 1663 1233; x_wconf 89' lang='grc' dir='ltr'><strong>τε</strong></span> <span class='ocrx_word' id='word_1_87' title='bbox 1697 1181 1790 1234; x_wconf 67' lang='grc' dir='ltr'><strong>καὶ</strong></span> 
     </span>
    </p>
   </div>
   <div class='ocr_carea' id='block_1_14' title="bbox 195 1272 1790 1352">
    <p class='ocr_par' dir='ltr' id='par_1_14' title="bbox 195 1272 1790 1352">
     <span class='ocr_line' id='line_1_14' title="bbox 195 1272 1790 1352; baseline -0.007 -17"><span class='ocrx_word' id='word_1_88' title='bbox 195 1281 633 1352; x_wconf 85' lang='grc' dir='ltr'>ἀκατέργαστον,</span> <span class='ocrx_word' id='word_1_89' title='bbox 664 1279 739 1341; x_wconf 87' lang='grc' dir='ltr'>ὡς</span> <span class='ocrx_word' id='word_1_90' title='bbox 765 1278 831 1332; x_wconf 83' lang='grc' dir='ltr'>ἂν</span> <span class='ocrx_word' id='word_1_91' title='bbox 864 1277 939 1347; x_wconf 84' lang='grc' dir='ltr'>μὴ</span> <span class='ocrx_word' id='word_1_92' title='bbox 968 1274 1318 1346; x_wconf 79' lang='grc' dir='ltr'>περιξανθείη</span> <span class='ocrx_word' id='word_1_93' title='bbox 1342 1273 1421 1345; x_wconf 81' lang='grc' dir='ltr'><strong>τῷ</strong></span> <span class='ocrx_word' id='word_1_94' title='bbox 1448 1272 1667 1344; x_wconf 79' lang='grc' dir='ltr'>σκληρῷ</span> <span class='ocrx_word' id='word_1_95' title='bbox 1692 1273 1790 1342; x_wconf 83' lang='grc' dir='ltr'>τῆς</span> 
     </span>
    </p>
   </div>
   <div class='ocr_carea' id='block_1_15' title="bbox 196 1358 1792 1443">
    <p class='ocr_par' dir='ltr' id='par_1_15' title="bbox 196 1358 1792 1443">
     <span class='ocr_line' id='line_1_15' title="bbox 196 1358 1792 1443; baseline -0.009 -19"><span class='ocrx_word' id='word_1_96' title='bbox 196 1372 411 1443; x_wconf 67' lang='grc' dir='ltr'>τροφῆς</span> <span class='ocrx_word' id='word_1_97' title='bbox 432 1370 495 1422; x_wconf 82' lang='grc' dir='ltr'>τὸ</span> <span class='ocrx_word' id='word_1_98' title='bbox 512 1369 622 1423; x_wconf 85' lang='grc' dir='ltr'><strong>τῶν</strong></span> <span class='ocrx_word' id='word_1_99' title='bbox 646 1366 818 1420; x_wconf 74' lang='grc' dir='ltr'>οὔλων</span> <span class='ocrx_word' id='word_1_100' title='bbox 841 1363 1048 1418; x_wconf 86' lang='grc' dir='ltr'>ἁπαλόν</span> <span class='ocrx_word' id='word_1_101' title='bbox 1064 1379 1124 1415; x_wconf 83' lang='grc' dir='ltr'>τε</span> <span class='ocrx_word' id='word_1_102' title='bbox 1150 1361 1244 1415; x_wconf 73' lang='grc' dir='ltr'><strong>καὶ</strong></span> <span class='ocrx_word' id='word_1_103' title='bbox 1265 1359 1371 1429; x_wconf 88' lang='grc' dir='ltr'><strong>άγύ</strong></span> <span class='ocrx_word' id='word_1_104' title='bbox 1380 1376 1632 1430; x_wconf 82' lang='grc' dir='ltr'>μναστον,</span> <span class='ocrx_word' id='word_1_105' title='bbox 1655 1358 1792 1411; x_wconf 81' lang='grc' dir='ltr'>ἀλλὰ</span> 
     </span>
    </p>
   </div>
   <div class='ocr_carea' id='block_1_16' title="bbox 198 1452 1794 1528">
    <p class='ocr_par' dir='ltr' id='par_1_16' title="bbox 198 1452 1794 1528">
     <span class='ocr_line' id='line_1_16' title="bbox 198 1452 1794 1528; baseline -0.008 -12"><span class='ocrx_word' id='word_1_106' title='bbox 198 1467 312 1528; x_wconf 79' lang='grc' dir='ltr'>τοῖς</span> <span class='ocrx_word' id='word_1_107' title='bbox 341 1463 494 1525; x_wconf 80' lang='grc' dir='ltr'><strong>ἰδίοις</strong></span> <span class='ocrx_word' id='word_1_108' title='bbox 516 1459 692 1515; x_wconf 81' lang='grc' dir='ltr'><strong>ὀδοῦσι</strong></span> <span class='ocrx_word' id='word_1_109' title='bbox 715 1456 1112 1519; x_wconf 86' lang='grc' dir='ltr'>καταλεάνασα,</span> <span class='ocrx_word' id='word_1_110' title='bbox 1138 1452 1449 1524; x_wconf 85' lang='grc' dir='ltr'>σύμμετρόν</span> <span class='ocrx_word' id='word_1_111' title='bbox 1467 1468 1527 1505; x_wconf 90' lang='grc' dir='ltr'><strong>τε</strong></span> <span class='ocrx_word' id='word_1_112' title='bbox 1558 1452 1651 1504; x_wconf 74' lang='grc' dir='ltr'>καὶ</span> <span class='ocrx_word' id='word_1_113' title='bbox 1669 1466 1794 1504; x_wconf 86' lang='grc' dir='ltr'>κατ-</span> 
     </span>
    </p>
   </div>
   <div class='ocr_carea' id='block_1_17' title="bbox 202 1540 1791 1624">
    <p class='ocr_par' dir='ltr' id='par_1_17' title="bbox 202 1540 1791 1624">
     <span class='ocr_line' id='line_1_17' title="bbox 202 1540 1791 1624; baseline -0.009 -17"><span class='ocrx_word' id='word_1_114' title='bbox 202 1554 436 1624; x_wconf 83' lang='grc' dir='ltr'>άλληλον</span> <span class='ocrx_word' id='word_1_115' title='bbox 482 1553 550 1622; x_wconf 78' lang='grc' dir='ltr'>τῇ</span> <span class='ocrx_word' id='word_1_116' title='bbox 599 1548 825 1618; x_wconf 82' lang='grc' dir='ltr'>δυνάμει</span> <span class='ocrx_word' id='word_1_117' title='bbox 860 1543 955 1599; x_wconf 87' lang='grc' dir='ltr'><strong>τοῦ</strong></span> <span class='ocrx_word' id='word_1_118' title='bbox 1005 1542 1451 1615; x_wconf 82' lang='grc' dir='ltr'>προσφερομένου</span> <span class='ocrx_word' id='word_1_119' title='bbox 1499 1540 1753 1608; x_wconf 69' lang='grc' dir='ltr'>εποίησεν</span> <span class='ocrx_word' id='word_1_120' title='bbox 1775 1555 1791 1570; x_wconf 83' lang='grc'>⁶</span> 
     </span>
    </p>
   </div>
   <div class='ocr_carea' id='block_1_18' title="bbox 200 1628 1793 1710">
    <p class='ocr_par' dir='ltr' id='par_1_18' title="bbox 200 1628 1793 1710">
     <span class='ocr_line' id='line_1_18' title="bbox 200 1628 1793 1710; baseline -0.011 -13"><span class='ocrx_word' id='word_1_121' title='bbox 200 1640 322 1697; x_wconf 76' lang='grc' dir='ltr'>εἶτα</span> <span class='ocrx_word' id='word_1_122' title='bbox 382 1641 528 1695; x_wconf 74' lang='grc' dir='ltr'>κατὰ</span> <span class='ocrx_word' id='word_1_123' title='bbox 576 1636 892 1710; x_wconf 85' lang='grc' dir='ltr'><strong>προσθήκην</strong></span> <span class='ocrx_word' id='word_1_124' title='bbox 947 1634 1047 1705; x_wconf 83' lang='grc' dir='ltr'><strong>τῆς</strong></span> <span class='ocrx_word' id='word_1_125' title='bbox 1094 1632 1378 1703; x_wconf 87' lang='grc' dir='ltr'>δυνάμεως</span> <span class='ocrx_word' id='word_1_126' title='bbox 1425 1628 1793 1699; x_wconf 81' lang='grc' dir='ltr'>ὲπιδιδούσης,</span> 
     </span>
    </p>
   </div>
   <div class='ocr_carea' id='block_1_19' title="bbox 201 1720 1795 1806">
    <p class='ocr_par' dir='ltr' id='par_1_19' title="bbox 201 1720 1795 1806">
     <span class='ocr_line' id='line_1_19' title="bbox 201 1720 1795 1806; baseline -0.011 -17"><span class='ocrx_word' id='word_1_127' title='bbox 201 1730 569 1806; x_wconf 86' lang='grc' dir='ltr'>προσεθισθὲν</span> <span class='ocrx_word' id='word_1_128' title='bbox 630 1731 743 1791; x_wconf 84' lang='grc' dir='ltr'>τοῖς</span> <span class='ocrx_word' id='word_1_129' title='bbox 799 1724 1174 1794; x_wconf 87' lang='grc' dir='ltr'>άπαλωτέροις</span> <span class='ocrx_word' id='word_1_130' title='bbox 1236 1721 1421 1793; x_wconf 78' lang='grc' dir='ltr'>ἡρέμα</span> <span class='ocrx_word' id='word_1_131' title='bbox 1474 1720 1538 1773; x_wconf 85' lang='grc' dir='ltr'>τὸ</span> <span class='ocrx_word' id='word_1_132' title='bbox 1602 1721 1795 1791; x_wconf 86' lang='grc' dir='ltr'>νήπιον</span> 
     </span>
    </p>
   </div>
   <div class='ocr_carea' id='block_1_20' title="bbox 201 1804 1871 1898">
    <p class='ocr_par' dir='ltr' id='par_1_20' title="bbox 201 1804 1871 1898">
     <span class='ocr_line' id='line_1_20' title="bbox 201 1804 1871 1898; baseline -0.012 -17"><span class='ocrx_word' id='word_1_133' title='bbox 201 1804 479 1898; x_wconf 75' lang='grc' dir='ltr'>προσάγει</span> <span class='ocrx_word' id='word_1_134' title='bbox 509 1825 575 1892; x_wconf 77' lang='grc' dir='ltr'><strong>τῇ</strong></span> <span class='ocrx_word' id='word_1_135' title='bbox 618 1818 957 1891; x_wconf 75' lang='grc' dir='ltr'>στερεωτέρᾳ</span> <span class='ocrx_word' id='word_1_136' title='bbox 991 1816 1186 1886; x_wconf 66' lang='grc' dir='ltr'>τροφῗγ</span> <span class='ocrx_word' id='word_1_137' title='bbox 1216 1812 1358 1866; x_wconf 75' lang='grc' dir='ltr'>οὕτω</span> <span class='ocrx_word' id='word_1_138' title='bbox 1384 1810 1482 1883; x_wconf 84' lang='grc' dir='ltr'>τὴν</span> <span class='ocrx_word' id='word_1_139' title='bbox 1519 1810 1794 1882; x_wconf 85' lang='grc' dir='ltr'>ἀνθρωπί-</span> <span class='ocrx_word' id='word_1_140' title='bbox 1829 1804 1871 1859; x_wconf 87' lang='grc' dir='ltr'><strong><em>Β</em></strong></span> 
     </span>
    </p>
   </div>
   <div class='ocr_carea' id='block_1_21' title="bbox 203 1901 1797 1989">
    <p class='ocr_par' dir='ltr' id='par_1_21' title="bbox 203 1901 1797 1989">
     <span class='ocr_line' id='line_1_21' title="bbox 203 1901 1797 1989; baseline -0.011 -18"><span class='ocrx_word' id='word_1_141' title='bbox 203 1936 303 1989; x_wconf 87' lang='grc' dir='ltr'><strong>νην</strong></span> <span class='ocrx_word' id='word_1_142' title='bbox 335 1911 703 1988; x_wconf 73' lang='grc' dir='ltr'>μικροψυχίαν</span> <span class='ocrx_word' id='word_1_143' title='bbox 732 1912 763 1963; x_wconf 84' lang='grc' dir='ltr'><strong>ὁ</strong></span> <span class='ocrx_word' id='word_1_144' title='bbox 788 1909 1012 1981; x_wconf 78' lang='grc' dir='ltr'>Κύριος,</span> <span class='ocrx_word' id='word_1_145' title='bbox 1045 1903 1156 1961; x_wconf 75' lang='grc' dir='ltr'><strong>οἷὸν</strong></span> <span class='ocrx_word' id='word_1_146' title='bbox 1184 1924 1237 1959; x_wconf 84' lang='grc' dir='ltr'><strong>τι</strong></span> <span class='ocrx_word' id='word_1_147' title='bbox 1267 1908 1461 1976; x_wconf 85' lang='grc' dir='ltr'>νήπιον</span> <span class='ocrx_word' id='word_1_148' title='bbox 1502 1903 1689 1966; x_wconf 84' lang='grc' dir='ltr'>ἀτελὲς</span> <span class='ocrx_word' id='word_1_149' title='bbox 1710 1901 1797 1955; x_wconf 79' lang='grc' dir='ltr'><strong>διὰ</strong></span> 
     </span>
    </p>
   </div>
   <div class='ocr_carea' id='block_1_22' title="bbox 204 1994 1797 2075">
    <p class='ocr_par' dir='ltr' id='par_1_22' title="bbox 204 1994 1797 2075">
     <span class='ocr_line' id='line_1_22' title="bbox 204 1994 1797 2075; baseline -0.007 -14"><span class='ocrx_word' id='word_1_150' title='bbox 204 2008 315 2061; x_wconf 81' lang='grc' dir='ltr'>τῶν</span> <span class='ocrx_word' id='word_1_151' title='bbox 347 2007 452 2059; x_wconf 87' lang='grc' dir='ltr'><strong>θαυ</strong></span> <span class='ocrx_word' id='word_1_152' title='bbox 461 2007 644 2075; x_wconf 85' lang='grc' dir='ltr'>μάτων</span> <span class='ocrx_word' id='word_1_153' title='bbox 667 2001 883 2073; x_wconf 76' lang='grc' dir='ltr'>τρέφων</span> <span class='ocrx_word' id='word_1_154' title='bbox 906 2002 1003 2054; x_wconf 75' lang='grc' dir='ltr'>καὶ</span> <span class='ocrx_word' id='word_1_155' title='bbox 1019 1998 1237 2069; x_wconf 87' lang='grc' dir='ltr'>τιθηνού</span> <span class='ocrx_word' id='word_1_156' title='bbox 1246 2014 1425 2068; x_wconf 86' lang='grc' dir='ltr'>μενος,</span> <span class='ocrx_word' id='word_1_157' title='bbox 1450 1996 1668 2069; x_wconf 87' lang='grc' dir='ltr'>πρῶτον</span> <span class='ocrx_word' id='word_1_158' title='bbox 1697 1994 1797 2066; x_wconf 88' lang='grc' dir='ltr'>μὲν</span> 
     </span>
    </p>
   </div>
   <div class='ocr_carea' id='block_1_23' title="bbox 206 2087 1798 2167">
    <p class='ocr_par' dir='ltr' id='par_1_23' title="bbox 206 2087 1798 2167">
     <span class='ocr_line' id='line_1_23' title="bbox 206 2087 1798 2167; baseline -0.011 -12"><span class='ocrx_word' id='word_1_159' title='bbox 206 2104 266 2155; x_wconf 80' lang='grc' dir='ltr'>ὲν</span> <span class='ocrx_word' id='word_1_160' title='bbox 310 2095 714 2167; x_wconf 80' lang='grc' dir='ltr'>ἀπεγνωσμένῃ</span> <span class='ocrx_word' id='word_1_161' title='bbox 757 2093 900 2163; x_wconf 84' lang='grc' dir='ltr'>νόσῳ</span> <span class='ocrx_word' id='word_1_162' title='bbox 942 2091 1040 2162; x_wconf 85' lang='grc' dir='ltr'>τὴν</span> <span class='ocrx_word' id='word_1_163' title='bbox 1075 2090 1174 2161; x_wconf 81' lang='grc' dir='ltr'>τῆς</span> <span class='ocrx_word' id='word_1_164' title='bbox 1219 2087 1569 2151; x_wconf 82' lang='grc' dir='ltr'><strong>ἀναστάσεως</strong></span> <span class='ocrx_word' id='word_1_165' title='bbox 1607 2103 1798 2158; x_wconf 88' lang='grc' dir='ltr'>προοι-</span> 
     </span>
    </p>
   </div>
   <div class='ocr_carea' id='block_1_24' title="bbox 211 2174 1795 2263">
    <p class='ocr_par' dir='ltr' id='par_1_24' title="bbox 211 2174 1795 2263">
     <span class='ocr_line' id='line_1_24' title="bbox 211 2174 1795 2263; baseline -0.009 -18"><span class='ocrx_word' id='word_1_166' title='bbox 211 2192 470 2263; x_wconf 78' lang='grc' dir='ltr'>μιάζεται</span> <span class='ocrx_word' id='word_1_167' title='bbox 502 2187 750 2256; x_wconf 81' lang='grc' dir='ltr'>δύναμιν,</span> <span class='ocrx_word' id='word_1_168' title='bbox 794 2182 824 2235; x_wconf 80' lang='grc' dir='ltr'><strong>ὃ</strong></span> <span class='ocrx_word' id='word_1_169' title='bbox 866 2182 1010 2253; x_wconf 92' lang='grc' dir='ltr'>μέγα</span> <span class='ocrx_word' id='word_1_170' title='bbox 1050 2181 1147 2252; x_wconf 85' lang='grc' dir='ltr'>μὲν</span> <span class='ocrx_word' id='word_1_171' title='bbox 1172 2174 1241 2252; x_wconf 80' lang='grc' dir='ltr'>ἦν</span> <span class='ocrx_word' id='word_1_172' title='bbox 1276 2179 1354 2251; x_wconf 84' lang='grc' dir='ltr'>τῷ</span> <span class='ocrx_word' id='word_1_173' title='bbox 1385 2176 1795 2250; x_wconf 84' lang='grc' dir='ltr'>κατορθώματι,</span> 
     </span>
    </p>
   </div>
   <div class='ocr_carea' id='block_1_25' title="bbox 205 2270 1797 2354">
    <p class='ocr_par' dir='ltr' id='par_1_25' title="bbox 205 2270 1797 2354">
     <span class='ocr_line' id='line_1_25' title="bbox 205 2270 1797 2354; baseline -0.01 -18"><span class='ocrx_word' id='word_1_174' title='bbox 205 2285 268 2336; x_wconf 78' lang='grc' dir='ltr'>οὐ</span> <span class='ocrx_word' id='word_1_175' title='bbox 300 2283 410 2354; x_wconf 78' lang='grc' dir='ltr'>μὴν</span> <span class='ocrx_word' id='word_1_176' title='bbox 436 2278 700 2342; x_wconf 88' lang='grc' dir='ltr'>τοιοῦτον,</span> <span class='ocrx_word' id='word_1_177' title='bbox 724 2270 837 2330; x_wconf 75' lang='grc' dir='ltr'>οἷον</span> <span class='ocrx_word' id='word_1_178' title='bbox 865 2272 1213 2329; x_wconf 83' lang='grc' dir='ltr'>ἀπιστεῖσθαι</span> <span class='ocrx_word' id='word_1_179' title='bbox 1236 2270 1548 2342; x_wconf 85' lang='grc' dir='ltr'>λεγόμενον.</span> <span class='ocrx_word' id='word_1_180' title='bbox 1587 2270 1797 2323; x_wconf 83' lang='grc' dir='ltr'>Ἐπιτι-</span> 
     </span>
    </p>
   </div>
   <div class='ocr_carea' id='block_1_26' title="bbox 213 2358 1796 2447">
    <p class='ocr_par' dir='ltr' id='par_1_26' title="bbox 213 2358 1796 2447">
     <span class='ocr_line' id='line_1_26' title="bbox 213 2358 1796 2447; baseline -0.01 -19"><span class='ocrx_word' id='word_1_181' title='bbox 213 2377 399 2447; x_wconf 84' lang='grc' dir='ltr'>μήσας</span> <span class='ocrx_word' id='word_1_182' title='bbox 439 2371 551 2441; x_wconf 75' lang='grc' dir='ltr'><strong>γάρ</strong></span> <span class='ocrx_word' id='word_1_183' title='bbox 577 2369 658 2440; x_wconf 84' lang='grc' dir='ltr'>τῷ</span> <span class='ocrx_word' id='word_1_184' title='bbox 700 2366 920 2439; x_wconf 86' lang='grc' dir='ltr'>πυρετῷ</span> <span class='ocrx_word' id='word_1_185' title='bbox 955 2363 1201 2436; x_wconf 76' lang='grc' dir='ltr'>σφοδρῶς</span> <span class='ocrx_word' id='word_1_186' title='bbox 1249 2363 1349 2434; x_wconf 85' lang='grc' dir='ltr'>τὴν</span> <span class='ocrx_word' id='word_1_187' title='bbox 1391 2361 1659 2432; x_wconf 83' lang='grc' dir='ltr'>πενθεράν</span> <span class='ocrx_word' id='word_1_188' title='bbox 1701 2358 1796 2413; x_wconf 87' lang='grc' dir='ltr'><strong>τοῦ</strong></span> 
     </span>
    </p>
   </div>
   <div class='ocr_carea' id='block_1_27' title="bbox 209 2452 1798 2538">
    <p class='ocr_par' dir='ltr' id='par_1_27' title="bbox 209 2452 1798 2538">
     <span class='ocr_line' id='line_1_27' title="bbox 209 2452 1798 2538; baseline -0.009 -18"><span class='ocrx_word' id='word_1_189' title='bbox 209 2467 461 2538; x_wconf 83' lang='grc' dir='ltr'>Σίμωνος</span> <span class='ocrx_word' id='word_1_190' title='bbox 493 2460 913 2531; x_wconf 83' lang='grc' dir='ltr'>καταφλέγοντι,</span> <span class='ocrx_word' id='word_1_191' title='bbox 943 2455 1210 2526; x_wconf 78' lang='grc' dir='ltr'>τοσαύτην</span> <span class='ocrx_word' id='word_1_192' title='bbox 1238 2454 1462 2523; x_wconf 74' lang='grc' dir='ltr'>εποίησε</span> <span class='ocrx_word' id='word_1_193' title='bbox 1494 2452 1588 2507; x_wconf 87' lang='grc' dir='ltr'><strong>τοῦ</strong></span> <span class='ocrx_word' id='word_1_194' title='bbox 1626 2452 1798 2506; x_wconf 86' lang='grc' dir='ltr'>κακοῦ</span> 
     </span>
    </p>
   </div>
   <div class='ocr_carea' id='block_1_28' title="bbox 208 2544 1800 2630">
    <p class='ocr_par' dir='ltr' id='par_1_28' title="bbox 208 2544 1800 2630">
     <span class='ocr_line' id='line_1_28' title="bbox 208 2544 1800 2630; baseline -0.009 -19"><span class='ocrx_word' id='word_1_195' title='bbox 208 2559 309 2630; x_wconf 79' lang='grc' dir='ltr'>τὴν</span> <span class='ocrx_word' id='word_1_196' title='bbox 342 2554 695 2628; x_wconf 86' lang='grc' dir='ltr'>μετάστασιν,</span> <span class='ocrx_word' id='word_1_197' title='bbox 731 2550 805 2615; x_wconf 83' lang='grc' dir='ltr'><strong>ὡς</strong></span> <span class='ocrx_word' id='word_1_198' title='bbox 833 2550 972 2621; x_wconf 74' lang='grc' dir='ltr'>πρὸς</span> <span class='ocrx_word' id='word_1_199' title='bbox 997 2548 1059 2601; x_wconf 86' lang='grc' dir='ltr'>τὸ</span> <span class='ocrx_word' id='word_1_200' title='bbox 1094 2547 1358 2600; x_wconf 82' lang='grc' dir='ltr'>διακονεῖν</span> <span class='ocrx_word' id='word_1_201' title='bbox 1390 2548 1502 2608; x_wconf 79' lang='grc' dir='ltr'>τοῖς</span> <span class='ocrx_word' id='word_1_202' title='bbox 1532 2544 1800 2615; x_wconf 80' lang='grc' dir='ltr'>παροῦσιν</span> 
     </span>
    </p>
   </div>
   <div class='ocr_carea' id='block_1_29' title="bbox 210 2631 1799 2718">
    <p class='ocr_par' dir='ltr' id='par_1_29' title="bbox 210 2631 1799 2718">
     <span class='ocr_line' id='line_1_29' title="bbox 210 2631 1799 2718; baseline -0.008 -17"><span class='ocrx_word' id='word_1_203' title='bbox 210 2645 497 2718; x_wconf 78' lang='grc' dir='ltr'>ένισχύσαι</span> <span class='ocrx_word' id='word_1_204' title='bbox 523 2641 621 2714; x_wconf 79' lang='grc' dir='ltr'><strong>τήν</strong></span> <span class='ocrx_word' id='word_1_205' title='bbox 643 2641 745 2712; x_wconf 76' lang='grc' dir='ltr'><strong>ήδη</strong></span> <span class='ocrx_word' id='word_1_206' title='bbox 775 2637 1233 2711; x_wconf 77' lang='grc' dir='ltr'>προσδοκωμένην</span> <span class='ocrx_word' id='word_1_207' title='bbox 1256 2634 1627 2706; x_wconf 84' lang='grc' dir='ltr'>τεθνήξεσθαι.</span> <span class='ocrx_word' id='word_1_208' title='bbox 1662 2631 1799 2688; x_wconf 78' lang='grc' dir='ltr'>Εἶτα</span> 
     </span>
    </p>
   </div>
   <div class='ocr_carea' id='block_1_30' title="bbox 216 2722 1798 2809">
    <p class='ocr_par' dir='ltr' id='par_1_30' title="bbox 216 2722 1798 2809">
     <span class='ocr_line' id='line_1_30' title="bbox 216 2722 1798 2809; baseline -0.011 -17"><span class='ocrx_word' id='word_1_209' title='bbox 216 2738 416 2809; x_wconf 82' lang='grc' dir='ltr'>μικρὸν</span> <span class='ocrx_word' id='word_1_210' title='bbox 452 2753 505 2790; x_wconf 91' lang='grc' dir='ltr'><strong>τι</strong></span> <span class='ocrx_word' id='word_1_211' title='bbox 528 2737 596 2806; x_wconf 80' lang='grc' dir='ltr'>τῇ</span> <span class='ocrx_word' id='word_1_212' title='bbox 624 2731 851 2803; x_wconf 80' lang='grc' dir='ltr'>δυνάμει</span> <span class='ocrx_word' id='word_1_213' title='bbox 880 2728 1224 2801; x_wconf 89' lang='grc' dir='ltr'>προστίθησι,</span> <span class='ocrx_word' id='word_1_214' title='bbox 1256 2726 1350 2779; x_wconf 74' lang='grc' dir='ltr'>καὶ</span> <span class='ocrx_word' id='word_1_215' title='bbox 1387 2723 1482 2778; x_wconf 91' lang='grc' dir='ltr'><strong>τοῦ</strong></span> <span class='ocrx_word' id='word_1_216' title='bbox 1517 2722 1798 2795; x_wconf 72' lang='grc' dir='ltr'>βασιλικοῦ</span> 
     </span>
    </p>
   </div>
   <div class='ocr_carea' id='block_1_31' title="bbox 210 2815 1802 2899">
    <p class='ocr_par' dir='ltr' id='par_1_31' title="bbox 210 2815 1802 2899">
     <span class='ocr_line' id='line_1_31' title="bbox 210 2815 1802 2899; baseline -0.013 -12"><span class='ocrx_word' id='word_1_217' title='bbox 210 2833 307 2885; x_wconf 76' lang='grc' dir='ltr'>τὸν</span> <span class='ocrx_word' id='word_1_218' title='bbox 345 2831 559 2884; x_wconf 54' lang='lat' dir='ltr'><strong>uibar-iv</strong></span> <span class='ocrx_word' id='word_1_219' title='bbox 599 2823 1018 2899; x_wconf 81' lang='grc' dir='ltr'>ὁμολογουμένῳ</span> <span class='ocrx_word' id='word_1_220' title='bbox 1061 2819 1290 2890; x_wconf 83' lang='grc' dir='ltr'>κινδύνῳ</span> <span class='ocrx_word' id='word_1_221' title='bbox 1327 2816 1577 2889; x_wconf 81' lang='grc' dir='ltr'>κείμενον</span> <span class='ocrx_word' id='word_1_222' title='bbox 1618 2815 1802 2884; x_wconf 77' lang='grc' dir='ltr'>(οὕτω</span> 
     </span>
    </p>
   </div>
   <div class='ocr_carea' id='block_1_32' title="bbox 212 2907 1801 2994">
    <p class='ocr_par' dir='ltr' id='par_1_32' title="bbox 212 2907 1801 2994">
     <span class='ocr_line' id='line_1_32' title="bbox 212 2907 1801 2994; baseline -0.012 -15"><span class='ocrx_word' id='word_1_223' title='bbox 212 2925 327 2994; x_wconf 85' lang='grc' dir='ltr'><strong>γάρ</strong></span> <span class='ocrx_word' id='word_1_224' title='bbox 358 2938 524 2992; x_wconf 79' lang='grc' dir='ltr'>φησιν</span> <span class='ocrx_word' id='word_1_225' title='bbox 550 2921 585 2991; x_wconf 86' lang='grc' dir='ltr'><strong>ή</strong></span> <span class='ocrx_word' id='word_1_226' title='bbox 622 2916 852 2989; x_wconf 75' lang='grc' dir='ltr'>ἱστορία,</span> <span class='ocrx_word' id='word_1_227' title='bbox 881 2916 963 2969; x_wconf 84' lang='grc' dir='ltr'>ὅτι</span> <span class='ocrx_word' id='word_1_228' title='bbox 1008 2911 1200 2984; x_wconf 79' lang='grc' dir='ltr'>ἔμελλε</span> <span class='ocrx_word' id='word_1_229' title='bbox 1233 2909 1492 2981; x_wconf 81' lang='grc' dir='ltr'>τελευτᾷν</span> <span class='ocrx_word' id='word_1_230' title='bbox 1511 2950 1527 2975; x_wconf 96' lang='grc'><strong>,</strong></span> <span class='ocrx_word' id='word_1_231' title='bbox 1555 2907 1651 2961; x_wconf 85' lang='grc' dir='ltr'><strong>τοῦ</strong></span> <span class='ocrx_word' id='word_1_232' title='bbox 1697 2923 1801 2961; x_wconf 79' lang='grc' dir='ltr'><strong>πα·</strong></span> 
     </span>
    </p>
   </div>
   <div class='ocr_carea' id='block_1_33' title="bbox 213 2998 1800 3085">
    <p class='ocr_par' dir='ltr' id='par_1_33' title="bbox 213 2998 1800 3085">
     <span class='ocr_line' id='line_1_33' title="bbox 213 2998 1800 3085; baseline -0.011 -17"><span class='ocrx_word' id='word_1_233' title='bbox 213 3015 345 3085; x_wconf 82' lang='grc' dir='ltr'>τρδς</span> <span class='ocrx_word' id='word_1_234' title='bbox 391 3011 645 3083; x_wconf 72' lang='grc' dir='ltr'>βοῶντοςο</span> <span class='ocrx_word' id='word_1_235' title='bbox 694 3027 714 3061; x_wconf 82' lang='grc' dir='ltr'><strong>ι</strong></span> <span class='ocrx_word' id='word_1_236' title='bbox 754 3004 1041 3076; x_wconf 76' lang='grc' dir='ltr'>Κατάὸηθι</span> <span class='ocrx_word' id='word_1_237' title='bbox 1070 3005 1200 3074; x_wconf 77' lang='grc' dir='ltr'>πρὶν</span> <span class='ocrx_word' id='word_1_238' title='bbox 1226 3001 1518 3056; x_wconf 82' lang='grc' dir='ltr'>ἀποθανεῖν</span> <span class='ocrx_word' id='word_1_239' title='bbox 1566 2998 1630 3053; x_wconf 81' lang='grc' dir='ltr'>τὸ</span> <span class='ocrx_word' id='word_1_240' title='bbox 1669 3014 1800 3051; x_wconf 86' lang='grc' dir='ltr'>παι-</span> 
     </span>
    </p>
   </div>
   <div class='ocr_carea' id='block_1_34' title="bbox 214 3090 1801 3178">
    <p class='ocr_par' dir='ltr' id='par_1_34' title="bbox 214 3090 1801 3178">
     <span class='ocr_line' id='line_1_34' title="bbox 214 3090 1801 3178; baseline -0.012 -16"><span class='ocrx_word' id='word_1_241' title='bbox 214 3107 435 3178; x_wconf 77' lang='grc' dir='ltr'>δίοϊ»)</span> <span class='ocrx_word' id='word_1_242' title='bbox 468 3105 682 3176; x_wconf 75' lang='grc' dir='ltr'>ἐνεργεῖ</span> <span class='ocrx_word' id='word_1_243' title='bbox 711 3101 873 3157; x_wconf 89' lang='grc' dir='ltr'>πάλιν</span> <span class='ocrx_word' id='word_1_244' title='bbox 907 3097 1002 3152; x_wconf 86' lang='grc' dir='ltr'><strong>τοῦ</strong></span> <span class='ocrx_word' id='word_1_245' title='bbox 1035 3094 1385 3167; x_wconf 82' lang='grc' dir='ltr'>τεθνήξεσθαι</span> <span class='ocrx_word' id='word_1_246' title='bbox 1426 3090 1801 3163; x_wconf 86' lang='grc' dir='ltr'>πεπιστευμέ-</span> 
     </span>
    </p>
   </div>
   <div class='ocr_carea' id='block_1_35' title="bbox 221 3182 1804 3270">
    <p class='ocr_par' dir='ltr' id='par_1_35' title="bbox 221 3182 1804 3270">
     <span class='ocr_line' id='line_1_35' title="bbox 221 3182 1804 3270; baseline -0.013 -15"><span class='ocrx_word' id='word_1_247' title='bbox 221 3217 312 3256; x_wconf 70' lang='grc' dir='ltr'><strong>νου</strong></span> <span class='ocrx_word' id='word_1_248' title='bbox 345 3200 445 3270; x_wconf 78' lang='grc' dir='ltr'>τὴν</span> <span class='ocrx_word' id='word_1_249' title='bbox 483 3196 811 3256; x_wconf 79' lang='grc' dir='ltr'>ἀνάστασιν,</span> <span class='ocrx_word' id='word_1_250' title='bbox 831 3194 889 3246; x_wconf 80' lang='grc' dir='ltr'>ὲν</span> <span class='ocrx_word' id='word_1_251' title='bbox 926 3190 1133 3262; x_wconf 76' lang='grc' dir='ltr'>μείζονι</span> <span class='ocrx_word' id='word_1_252' title='bbox 1169 3190 1236 3259; x_wconf 84' lang='grc' dir='ltr'>τῇ</span> <span class='ocrx_word' id='word_1_253' title='bbox 1264 3186 1492 3257; x_wconf 82' lang='grc' dir='ltr'>δυνάμει</span> <span class='ocrx_word' id='word_1_254' title='bbox 1527 3184 1590 3237; x_wconf 84' lang='grc' dir='ltr'>τὸ</span> <span class='ocrx_word' id='word_1_255' title='bbox 1618 3182 1804 3254; x_wconf 89' lang='grc' dir='ltr'>θαῦμα</span> 
     </span>
    </p>
   </div>
   <div class='ocr_carea' id='block_1_36' title="bbox 219 3274 1807 3362">
    <p class='ocr_par' dir='ltr' id='par_1_36' title="bbox 219 3274 1807 3362">
     <span class='ocr_line' id='line_1_36' title="bbox 219 3274 1807 3362; baseline -0.012 -16"><span class='ocrx_word' id='word_1_256' title='bbox 219 3288 729 3362; x_wconf 83' lang='grc' dir='ltr'>κατεργασάμενος,</span> <span class='ocrx_word' id='word_1_257' title='bbox 756 3283 837 3355; x_wconf 80' lang='grc' dir='ltr'>τῷ</span> <span class='ocrx_word' id='word_1_258' title='bbox 865 3282 1001 3354; x_wconf 83' lang='grc' dir='ltr'>μηδὲ</span> <span class='ocrx_word' id='word_1_259' title='bbox 1025 3280 1324 3351; x_wconf 86' lang='grc' dir='ltr'>πλησιάσαι</span> <span class='ocrx_word' id='word_1_260' title='bbox 1353 3276 1430 3347; x_wconf 78' lang='grc' dir='ltr'>τῷ</span> <span class='ocrx_word' id='word_1_261' title='bbox 1458 3276 1610 3346; x_wconf 82' lang='grc' dir='ltr'>τὸπῳ</span> <span class='ocrx_word' id='word_1_262' title='bbox 1628 3317 1643 3342; x_wconf 94' lang='grc'><strong>,</strong></span> <span class='ocrx_word' id='word_1_263' title='bbox 1672 3274 1807 3328; x_wconf 74' lang='grc' dir='ltr'>ἀλλὰ</span> 
     </span>
    </p>
   </div>
   <div class='ocr_carea' id='block_1_37' title="bbox 219 3365 1807 3456">
    <p class='ocr_par' dir='ltr' id='par_1_37' title="bbox 219 3365 1807 3456">
     <span class='ocr_line' id='line_1_37' title="bbox 219 3365 1807 3456; baseline -0.014 -18"><span class='ocrx_word' id='word_1_264' title='bbox 219 3381 510 3456; x_wconf 79' lang='grc' dir='ltr'>πὸρῤωθεν</span> <span class='ocrx_word' id='word_1_265' title='bbox 535 3382 603 3451; x_wconf 78' lang='grc' dir='ltr'>τῇ</span> <span class='ocrx_word' id='word_1_266' title='bbox 634 3376 728 3432; x_wconf 89' lang='grc' dir='ltr'><strong>τοῦ</strong></span> <span class='ocrx_word' id='word_1_267' title='bbox 755 3375 1175 3448; x_wconf 84' lang='grc' dir='ltr'>προστάγματος</span> <span class='ocrx_word' id='word_1_268' title='bbox 1204 3367 1348 3440; x_wconf 82' lang='grc' dir='ltr'>ἰσχύϊ</span> <span class='ocrx_word' id='word_1_269' title='bbox 1371 3368 1472 3439; x_wconf 82' lang='grc' dir='ltr'>τὴν</span> <span class='ocrx_word' id='word_1_270' title='bbox 1502 3365 1647 3437; x_wconf 81' lang='grc' dir='ltr'>ζωὴν</span> <span class='ocrx_word' id='word_1_271' title='bbox 1674 3367 1807 3419; x_wconf 85' lang='grc' dir='ltr'>ἀπο-</span> 
     </span>
    </p>
   </div>
   <div class='ocr_carea' id='block_1_38' title="bbox 223 3456 1808 3529">
    <p class='ocr_par' dir='ltr' id='par_1_38' title="bbox 223 3456 1808 3529">
     <span class='ocr_line' id='line_1_38' title="bbox 223 3456 1808 3529; baseline -0.013 0"><span class='ocrx_word' id='word_1_272' title='bbox 223 3476 456 3529; x_wconf 83' lang='grc' dir='ltr'>στεῖλαι.</span> <span class='ocrx_word' id='word_1_273' title='bbox 518 3470 688 3525; x_wconf 85' lang='grc' dir='ltr'>Πάλιν</span> <span class='ocrx_word' id='word_1_274' title='bbox 752 3468 820 3521; x_wconf 79' lang='grc' dir='ltr'><strong>δι’</strong></span> <span class='ocrx_word' id='word_1_275' title='bbox 889 3462 1210 3524; x_wconf 85' lang='grc' dir='ltr'>ἀκολουθίας</span> <span class='ocrx_word' id='word_1_276' title='bbox 1269 3463 1384 3523; x_wconf 84' lang='grc' dir='ltr'>τοῖς</span> <span class='ocrx_word' id='word_1_277' title='bbox 1456 3456 1808 3528; x_wconf 81' lang='grc' dir='ltr'>ὑψηλοτέροις</span> 
     </span>
    </p>
   </div>
   <div class='ocr_carea' id='block_1_39' title="bbox 222 3546 1808 3632">
    <p class='ocr_par' dir='ltr' id='par_1_39' title="bbox 222 3546 1808 3632">
     <span class='ocr_line' id='line_1_39' title="bbox 222 3546 1808 3632; baseline -0.015 -11"><span class='ocrx_word' id='word_1_278' title='bbox 222 3563 582 3621; x_wconf 73' lang='grc' dir='ltr'>ἐπαναϐαίνει</span> <span class='ocrx_word' id='word_1_279' title='bbox 610 3560 872 3632; x_wconf 84' lang='grc' dir='ltr'>θαύμασι.</span> <span class='ocrx_word' id='word_1_280' title='bbox 914 3557 1059 3628; x_wconf 80' lang='grc' dir='ltr'>Πρὸς</span> <span class='ocrx_word' id='word_1_281' title='bbox 1096 3554 1206 3625; x_wconf 87' lang='grc' dir='ltr'><strong>γὰρ</strong></span> <span class='ocrx_word' id='word_1_282' title='bbox 1243 3551 1341 3623; x_wconf 79' lang='grc' dir='ltr'><strong>τήν</strong></span> <span class='ocrx_word' id='word_1_283' title='bbox 1376 3551 1542 3603; x_wconf 85' lang='grc' dir='ltr'>παῖδα</span> <span class='ocrx_word' id='word_1_284' title='bbox 1579 3546 1675 3601; x_wconf 87' lang='grc' dir='ltr'><strong>τοῦ</strong></span> <span class='ocrx_word' id='word_1_285' title='bbox 1709 3548 1808 3617; x_wconf 80' lang='grc' dir='ltr'><strong>ἀρ-</strong></span> 
     </span>
    </p>
   </div>
   <div class='ocr_carea' id='block_1_40' title="bbox 221 3638 1811 3729">
    <p class='ocr_par' dir='ltr' id='par_1_40' title="bbox 221 3638 1811 3729">
     <span class='ocr_line' id='line_1_40' title="bbox 221 3638 1811 3729; baseline -0.013 -19"><span class='ocrx_word' id='word_1_286' title='bbox 221 3652 606 3729; x_wconf 84' lang='grc' dir='ltr'>χισυναγώγου</span> <span class='ocrx_word' id='word_1_287' title='bbox 628 3652 899 3722; x_wconf 83' lang='grc' dir='ltr'>ὁρμήσας,</span> <span class='ocrx_word' id='word_1_288' title='bbox 924 3645 1065 3700; x_wconf 85' lang='grc' dir='ltr'>ὲκὼν</span> <span class='ocrx_word' id='word_1_289' title='bbox 1091 3644 1258 3697; x_wconf 77' lang='grc' dir='ltr'>ἔδωκε</span> <span class='ocrx_word' id='word_1_290' title='bbox 1282 3644 1350 3713; x_wconf 86' lang='grc' dir='ltr'>τῇ</span> <span class='ocrx_word' id='word_1_291' title='bbox 1377 3638 1656 3711; x_wconf 81' lang='grc' dir='ltr'>ὁδοιπορίᾳ</span> <span class='ocrx_word' id='word_1_292' title='bbox 1686 3653 1811 3708; x_wconf 90' lang='grc' dir='ltr'>σχο-</span> 
     </span>
    </p>
   </div>
   <div class='ocr_carea' id='block_1_41' title="bbox 222 3729 1807 3818">
    <p class='ocr_par' dir='ltr' id='par_1_41' title="bbox 222 3729 1807 3818">
     <span class='ocr_line' id='line_1_41' title="bbox 222 3729 1807 3818; baseline -0.013 -17"><span class='ocrx_word' id='word_1_293' title='bbox 222 3748 345 3818; x_wconf 80' lang='grc' dir='ltr'>λὴν,</span> <span class='ocrx_word' id='word_1_294' title='bbox 373 3745 474 3816; x_wconf 82' lang='grc' dir='ltr'>τὴν</span> <span class='ocrx_word' id='word_1_295' title='bbox 496 3746 641 3799; x_wconf 75' lang='grc' dir='ltr'>ἴασιν</span> <span class='ocrx_word' id='word_1_296' title='bbox 675 3741 777 3812; x_wconf 80' lang='grc' dir='ltr'>τῆς</span> <span class='ocrx_word' id='word_1_297' title='bbox 802 3737 1127 3811; x_wconf 80' lang='grc' dir='ltr'>αίμορῤοτας</span> <span class='ocrx_word' id='word_1_298' title='bbox 1147 3732 1488 3805; x_wconf 84' lang='grc' dir='ltr'>δημοσιεύων</span> <span class='ocrx_word' id='word_1_299' title='bbox 1515 3729 1807 3793; x_wconf 81' lang='grc' dir='ltr'>λαθοῦσαν,</span> 
     </span>
    </p>
   </div>
   <div class='ocr_carea' id='block_1_42' title="bbox 228 3818 1815 3903">
    <p class='ocr_par' dir='ltr' id='par_1_42' title="bbox 228 3818 1815 3903">
     <span class='ocr_line' id='line_1_42' title="bbox 228 3818 1815 3903; baseline -0.013 -13"><span class='ocrx_word' id='word_1_300' title='bbox 228 3838 307 3902; x_wconf 82' lang='grc' dir='ltr'>ὡς</span> <span class='ocrx_word' id='word_1_301' title='bbox 340 3835 407 3890; x_wconf 81' lang='grc' dir='ltr'>ἂν</span> <span class='ocrx_word' id='word_1_302' title='bbox 439 3835 497 3887; x_wconf 81' lang='grc' dir='ltr'>ὲν</span> <span class='ocrx_word' id='word_1_303' title='bbox 518 3830 596 3902; x_wconf 81' lang='grc' dir='ltr'>τῷ</span> <span class='ocrx_word' id='word_1_304' title='bbox 627 3830 803 3903; x_wconf 78' lang='grc' dir='ltr'>χρόνῳ</span> <span class='ocrx_word' id='word_1_305' title='bbox 828 3826 1003 3898; x_wconf 84' lang='grc' dir='ltr'>τούτῳ</span> <span class='ocrx_word' id='word_1_306' title='bbox 1036 3824 1473 3897; x_wconf 84' lang='grc' dir='ltr'>κατακρατήσειε</span> <span class='ocrx_word' id='word_1_307' title='bbox 1497 3821 1598 3891; x_wconf 79' lang='grc' dir='ltr'>τῆς</span> <span class='ocrx_word' id='word_1_308' title='bbox 1625 3818 1815 3872; x_wconf 78' lang='grc' dir='ltr'>νοσού-</span> 
     </span>
    </p>
   </div>
   <div class='ocr_carea' id='block_1_43' title="bbox 227 3910 1814 3999">
    <p class='ocr_par' dir='ltr' id='par_1_43' title="bbox 227 3910 1814 3999">
     <span class='ocr_line' id='line_1_43' title="bbox 227 3910 1814 3999; baseline -0.013 -17"><span class='ocrx_word' id='word_1_309' title='bbox 227 3945 333 3999; x_wconf 86' lang='grc' dir='ltr'><strong>σης</strong></span> <span class='ocrx_word' id='word_1_310' title='bbox 370 3928 401 3980; x_wconf 89' lang='grc' dir='ltr'><strong>ὁ</strong></span> <span class='ocrx_word' id='word_1_311' title='bbox 427 3924 678 3987; x_wconf 87' lang='grc' dir='ltr'>θάνατος.</span> <span class='ocrx_word' id='word_1_312' title='bbox 714 3923 873 3993; x_wconf 83' lang='grc' dir='ltr'>Ἀρτι</span> <span class='ocrx_word' id='word_1_313' title='bbox 901 3919 1081 3972; x_wconf 79' lang='grc' dir='ltr'>τοίνυν</span> <span class='ocrx_word' id='word_1_314' title='bbox 1116 3917 1217 3987; x_wconf 81' lang='grc' dir='ltr'>τῆς</span> <span class='ocrx_word' id='word_1_315' title='bbox 1243 3915 1421 3986; x_wconf 78' lang='grc' dir='ltr'>ψυχῆς</span> <span class='ocrx_word' id='word_1_316' title='bbox 1449 3910 1814 3984; x_wconf 86' lang='grc' dir='ltr'>χωρισθείσης</span> 
     </span>
    </p>
   </div>
   <div class='ocr_carea' id='block_1_44' title="bbox 225 4004 1813 4088">
    <p class='ocr_par' dir='ltr' id='par_1_44' title="bbox 225 4004 1813 4088">
     <span class='ocr_line' id='line_1_44' title="bbox 225 4004 1813 4088; baseline -0.014 -12"><span class='ocrx_word' id='word_1_317' title='bbox 225 4020 325 4076; x_wconf 86' lang='grc' dir='ltr'><strong>τοῦ</strong></span> <span class='ocrx_word' id='word_1_318' title='bbox 358 4017 631 4088; x_wconf 83' lang='grc' dir='ltr'>σώματος,</span> <span class='ocrx_word' id='word_1_319' title='bbox 660 4014 756 4067; x_wconf 74' lang='grc' dir='ltr'>καὶ</span> <span class='ocrx_word' id='word_1_320' title='bbox 785 4008 1196 4083; x_wconf 77' lang='grc' dir='ltr'>θορυϐουμένων</span> <span class='ocrx_word' id='word_1_321' title='bbox 1224 4010 1280 4060; x_wconf 83' lang='grc' dir='ltr'>ὲν</span> <span class='ocrx_word' id='word_1_322' title='bbox 1303 4008 1368 4077; x_wconf 83' lang='grc' dir='ltr'><strong>τῇ</strong></span> <span class='ocrx_word' id='word_1_323' title='bbox 1399 4006 1571 4076; x_wconf 85' lang='grc' dir='ltr'>γοερᾷ</span> <span class='ocrx_word' id='word_1_324' title='bbox 1597 4004 1813 4075; x_wconf 78' lang='grc' dir='ltr'>κραυγῇ</span> 
     </span>
    </p>
   </div>
   <div class='ocr_carea' id='block_1_45' title="bbox 226 4095 1815 4177">
    <p class='ocr_par' dir='ltr' id='par_1_45' title="bbox 226 4095 1815 4177">
     <span class='ocr_line' id='line_1_45' title="bbox 226 4095 1815 4177; baseline -0.011 -9"><span class='ocrx_word' id='word_1_325' title='bbox 226 4113 341 4170; x_wconf 72' lang='grc' dir='ltr'><strong>τῶν</strong></span> <span class='ocrx_word' id='word_1_326' title='bbox 370 4108 788 4165; x_wconf 76' lang='grc' dir='ltr'>ὲπικωκυὸντων</span> <span class='ocrx_word' id='word_1_327' title='bbox 820 4104 901 4177; x_wconf 83' lang='grc' dir='ltr'>τῷ</span> <span class='ocrx_word' id='word_1_328' title='bbox 934 4104 1095 4159; x_wconf 87' lang='grc' dir='ltr'>πάθει</span> <span class='ocrx_word' id='word_1_329' title='bbox 1114 4149 1130 4172; x_wconf 89' lang='grc'><strong>,</strong></span> <span class='ocrx_word' id='word_1_330' title='bbox 1158 4102 1409 4173; x_wconf 86' lang='grc' dir='ltr'>καθάπερ</span> <span class='ocrx_word' id='word_1_331' title='bbox 1439 4098 1500 4165; x_wconf 72' lang='grc' dir='ltr'>ἐξ</span> <span class='ocrx_word' id='word_1_332' title='bbox 1533 4098 1705 4153; x_wconf 74' lang='grc' dir='ltr'>ὕπνου</span> <span class='ocrx_word' id='word_1_333' title='bbox 1735 4095 1815 4168; x_wconf 82' lang='grc' dir='ltr'>τῷ</span> 
     </span>
    </p>
   </div>
   <div class='ocr_carea' id='block_1_46' title="bbox 230 4190 1815 4278">
    <p class='ocr_par' dir='ltr' id='par_1_46' title="bbox 230 4190 1815 4278">
     <span class='ocr_line' id='line_1_46' title="bbox 230 4190 1815 4278; baseline -0.012 -17"><span class='ocrx_word' id='word_1_334' title='bbox 230 4202 621 4278; x_wconf 83' lang='grc' dir='ltr'>προστακτικῷ</span> <span class='ocrx_word' id='word_1_335' title='bbox 656 4200 800 4272; x_wconf 83' lang='grc' dir='ltr'>λόγῳ</span> <span class='ocrx_word' id='word_1_336' title='bbox 827 4198 1125 4267; x_wconf 86' lang='grc' dir='ltr'>διανίστησι</span> <span class='ocrx_word' id='word_1_337' title='bbox 1163 4194 1324 4250; x_wconf 90' lang='grc' dir='ltr'>πάλιν</span> <span class='ocrx_word' id='word_1_338' title='bbox 1356 4192 1494 4265; x_wconf 79' lang='grc' dir='ltr'>πρὸς</span> <span class='ocrx_word' id='word_1_339' title='bbox 1514 4193 1639 4263; x_wconf 66' lang='grc' dir='ltr'>’τὴν</span> <span class='ocrx_word' id='word_1_340' title='bbox 1668 4190 1815 4260; x_wconf 86' lang='grc' dir='ltr'>ζωὴν</span> 
     </span>
    </p>
   </div>
   <div class='ocr_carea' id='block_1_47' title="bbox 230 4281 1815 4367">
    <p class='ocr_par' dir='ltr' id='par_1_47' title="bbox 230 4281 1815 4367">
     <span class='ocr_line' id='line_1_47' title="bbox 230 4281 1815 4367; baseline -0.01 -16"><span class='ocrx_word' id='word_1_341' title='bbox 230 4299 294 4351; x_wconf 78' lang='grc' dir='ltr'>τὸ</span> <span class='ocrx_word' id='word_1_342' title='bbox 323 4295 582 4367; x_wconf 88' lang='grc' dir='ltr'>κοράσιον</span> <span class='ocrx_word' id='word_1_343' title='bbox 600 4334 615 4360; x_wconf 93' lang='grc'><strong>,</strong></span> <span class='ocrx_word' id='word_1_344' title='bbox 647 4292 751 4363; x_wconf 82' lang='grc' dir='ltr'>ὁδῷ</span> <span class='ocrx_word' id='word_1_345' title='bbox 777 4308 884 4345; x_wconf 86' lang='grc' dir='ltr'>τινι</span> <span class='ocrx_word' id='word_1_346' title='bbox 916 4289 1010 4344; x_wconf 71' lang='grc' dir='ltr'><strong>κα.)⁸</strong></span> <span class='ocrx_word' id='word_1_347' title='bbox 1039 4286 1330 4356; x_wconf 66' lang='grc' dir='ltr'>ἀκολουθίᾳ</span> <span class='ocrx_word' id='word_1_348' title='bbox 1364 4285 1500 4357; x_wconf 77' lang='grc' dir='ltr'>πρὸς</span> <span class='ocrx_word' id='word_1_349' title='bbox 1527 4282 1591 4337; x_wconf 81' lang='grc' dir='ltr'>τὸ</span> <span class='ocrx_word' id='word_1_350' title='bbox 1631 4281 1815 4354; x_wconf 82' lang='grc' dir='ltr'>μεῖζον</span> 
     </span>
    </p>
   </div>
   <div class='ocr_carea' id='block_1_48' title="bbox 230 4375 1466 4457">
    <p class='ocr_par' dir='ltr' id='par_1_48' title="bbox 230 4375 1466 4457">
     <span class='ocr_line' id='line_1_48' title="bbox 230 4375 1466 4457; baseline -0.013 -14"><span class='ocrx_word' id='word_1_351' title='bbox 230 4384 632 4457; x_wconf 78' lang='grc' dir='ltr'>ἀναλαμϐάνων</span> <span class='ocrx_word' id='word_1_352' title='bbox 658 4383 757 4453; x_wconf 83' lang='grc' dir='ltr'>τὴν</span> <span class='ocrx_word' id='word_1_353' title='bbox 788 4378 1132 4452; x_wconf 81' lang='grc' dir='ltr'>ἀνθρωπίνην</span> <span class='ocrx_word' id='word_1_354' title='bbox 1161 4375 1466 4430; x_wconf 86' lang='grc' dir='ltr'>ἀσθένειαν.</span> 
     </span>
    </p>
   </div>
   <div class='ocr_carea' id='block_1_49' title="bbox 1882 537 3464 617">
    <p class='ocr_par' dir='ltr' id='par_1_49' title="bbox 1882 537 3464 617">
     <span class='ocr_line' id='line_1_49' title="bbox 1882 537 3464 617; baseline -0.006 -16"><span class='ocrx_word' id='word_1_355' title='bbox 1882 547 2303 617; x_wconf 79' lang='lat' dir='ltr'><strong>experientiam.</strong></span> <span class='ocrx_word' id='word_1_356' title='bbox 2346 543 2465 598; x_wconf 85' lang='lat' dir='ltr'><strong>Non</strong></span> <span class='ocrx_word' id='word_1_357' title='bbox 2501 543 2648 597; x_wconf 91' lang='lat' dir='ltr'><strong>enim</strong></span> <span class='ocrx_word' id='word_1_358' title='bbox 2688 550 2803 595; x_wconf 89' lang='lat' dir='ltr'><strong>tam</strong></span> <span class='ocrx_word' id='word_1_359' title='bbox 2847 540 3028 596; x_wconf 80' lang='lat' dir='ltr'><strong>verbis</strong></span> <span class='ocrx_word' id='word_1_360' title='bbox 3052 552 3220 611; x_wconf 89' lang='lat' dir='ltr'><strong>quam</strong></span> <span class='ocrx_word' id='word_1_361' title='bbox 3243 552 3302 592; x_wconf 91' lang='lat' dir='ltr'><strong>re</strong></span> <span class='ocrx_word' id='word_1_362' title='bbox 3348 537 3464 604; x_wconf 83' lang='lat' dir='ltr'><strong>ipsa</strong></span> 
     </span>
    </p>
   </div>
   <div class='ocr_carea' id='block_1_50' title="bbox 1884 627 3469 691">
    <p class='ocr_par' dir='ltr' id='par_1_50' title="bbox 1884 627 3469 691">
     <span class='ocr_line' id='line_1_50' title="bbox 1884 627 3469 691; baseline -0.008 0"><span class='ocrx_word' id='word_1_363' title='bbox 1884 635 2347 691; x_wconf 73' lang='lat' dir='ltr'><strong>resurrectionem</strong></span> <span class='ocrx_word' id='word_1_364' title='bbox 2399 633 2518 689; x_wconf 88' lang='lat' dir='ltr'><strong>fore</strong></span> <span class='ocrx_word' id='word_1_365' title='bbox 2560 631 2883 687; x_wconf 86' lang='lat' dir='ltr'><strong>didicimus.</strong></span> <span class='ocrx_word' id='word_1_366' title='bbox 2923 627 3001 682; x_wconf 86' lang='lat' dir='ltr'><strong>Ea</strong></span> <span class='ocrx_word' id='word_1_367' title='bbox 3041 642 3174 682; x_wconf 87' lang='lat' dir='ltr'><strong>vero</strong></span> <span class='ocrx_word' id='word_1_368' title='bbox 3216 640 3344 680; x_wconf 92' lang='lat' dir='ltr'><strong>cum</strong></span> <span class='ocrx_word' id='word_1_369' title='bbox 3380 638 3469 679; x_wconf 87' lang='lat' dir='ltr'><strong>res</strong></span> 
     </span>
    </p>
   </div>
   <div class='ocr_carea' id='block_1_51' title="bbox 1886 717 3469 796">
    <p class='ocr_par' dir='ltr' id='par_1_51' title="bbox 1886 717 3469 796">
     <span class='ocr_line' id='line_1_51' title="bbox 1886 717 3469 796; baseline -0.007 -14"><span class='ocrx_word' id='word_1_370' title='bbox 1886 728 1961 782; x_wconf 93' lang='lat' dir='ltr'><strong>sit</strong></span> <span class='ocrx_word' id='word_1_371' title='bbox 1997 726 2195 793; x_wconf 88' lang='lat' dir='ltr'><strong>ardua,</strong></span> <span class='ocrx_word' id='word_1_372' title='bbox 2243 734 2301 782; x_wconf 91' lang='lat' dir='ltr'><strong>et</strong></span> <span class='ocrx_word' id='word_1_373' title='bbox 2353 740 2522 796; x_wconf 86' lang='lat' dir='ltr'><strong>prope</strong></span> <span class='ocrx_word' id='word_1_374' title='bbox 2558 722 2792 779; x_wconf 81' lang='lat' dir='ltr'><strong>dixerim</strong></span> <span class='ocrx_word' id='word_1_375' title='bbox 2824 729 2977 776; x_wconf 82' lang='lat' dir='ltr'><strong>extra</strong></span> <span class='ocrx_word' id='word_1_376' title='bbox 3015 719 3176 774; x_wconf 88' lang='lat' dir='ltr'><strong>fidem</strong></span> <span class='ocrx_word' id='word_1_377' title='bbox 3229 717 3413 787; x_wconf 87' lang='lat' dir='ltr'><strong>posita</strong></span> <span class='ocrx_word' id='word_1_378' title='bbox 3451 733 3469 771; x_wconf 90' lang='lat'><strong>:</strong></span> 
     </span>
    </p>
   </div>
   <div class='ocr_carea' id='block_1_52' title="bbox 1887 811 3471 873">
    <p class='ocr_par' dir='ltr' id='par_1_52' title="bbox 1887 811 3471 873">
     <span class='ocr_line' id='line_1_52' title="bbox 1887 811 3471 873; baseline -0.008 0"><span class='ocrx_word' id='word_1_379' title='bbox 1887 818 2096 873; x_wconf 83' lang='lat' dir='ltr'><strong>idcirco</strong></span> <span class='ocrx_word' id='word_1_380' title='bbox 2120 817 2388 873; x_wconf 85' lang='lat' dir='ltr'><strong>Dominus</strong></span> <span class='ocrx_word' id='word_1_381' title='bbox 2433 831 2460 869; x_wconf 72' lang='grc' dir='ltr'>ε</span> <span class='ocrx_word' id='word_1_382' title='bbox 2511 814 2796 869; x_wconf 82' lang='lat' dir='ltr'><strong>miraculis</strong></span> <span class='ocrx_word' id='word_1_383' title='bbox 2826 811 3185 867; x_wconf 88' lang='lat' dir='ltr'><strong>inferioribus</strong></span> <span class='ocrx_word' id='word_1_384' title='bbox 3215 820 3471 873; x_wconf 79' lang='lat' dir='ltr'><strong>exorsus,</strong></span> 
     </span>
    </p>
   </div>
   <div class='ocr_carea' id='block_1_53' title="bbox 1888 902 3466 980">
    <p class='ocr_par' dir='ltr' id='par_1_53' title="bbox 1888 902 3466 980">
     <span class='ocr_line' id='line_1_53' title="bbox 1888 902 3466 980; baseline -0.008 -18"><span class='ocrx_word' id='word_1_385' title='bbox 1888 910 2153 980; x_wconf 75' lang='lat' dir='ltr'><strong>paulatim</strong></span> <span class='ocrx_word' id='word_1_386' title='bbox 2186 924 2289 965; x_wconf 90' lang='lat' dir='ltr'><strong>nos</strong></span> <span class='ocrx_word' id='word_1_387' title='bbox 2318 906 2720 969; x_wconf 87' lang='lat' dir='ltr'><strong>condocefacit,</strong></span> <span class='ocrx_word' id='word_1_388' title='bbox 2757 912 2817 958; x_wconf 93' lang='lat' dir='ltr'><strong>ut</strong></span> <span class='ocrx_word' id='word_1_389' title='bbox 2860 906 2915 957; x_wconf 92' lang='lat' dir='ltr'><strong>in</strong></span> <span class='ocrx_word' id='word_1_390' title='bbox 2948 902 3114 957; x_wconf 86' lang='lat' dir='ltr'><strong>rebus</strong></span> <span class='ocrx_word' id='word_1_391' title='bbox 3157 902 3320 955; x_wconf 89' lang='lat' dir='ltr'><strong>etiam</strong></span> <span class='ocrx_word' id='word_1_392' title='bbox 3354 912 3466 951; x_wconf 86' lang='lat' dir='ltr'><strong>ma-</strong></span> 
     </span>
    </p>
   </div>
   <div class='ocr_carea' id='block_1_54' title="bbox 1883 990 3474 1069">
    <p class='ocr_par' dir='ltr' id='par_1_54' title="bbox 1883 990 3474 1069">
     <span class='ocr_line' id='line_1_54' title="bbox 1883 990 3474 1069; baseline -0.008 -16"><span class='ocrx_word' id='word_1_393' title='bbox 1883 999 2102 1069; x_wconf 88' lang='lat' dir='ltr'><strong>joribus</strong></span> <span class='ocrx_word' id='word_1_394' title='bbox 2143 999 2301 1054; x_wconf 82' lang='lat' dir='ltr'><strong>fidem</strong></span> <span class='ocrx_word' id='word_1_395' title='bbox 2330 998 2435 1069; x_wconf 88' lang='lat' dir='ltr'><strong>ipsi</strong></span> <span class='ocrx_word' id='word_1_396' title='bbox 2487 997 2811 1051; x_wconf 88' lang='lat' dir='ltr'><strong>habeamus.</strong></span> <span class='ocrx_word' id='word_1_397' title='bbox 2841 993 3022 1061; x_wconf 85' lang='lat' dir='ltr'><strong>Atque</strong></span> <span class='ocrx_word' id='word_1_398' title='bbox 3048 990 3127 1044; x_wconf 92' lang='lat' dir='ltr'><strong>uti</strong></span> <span class='ocrx_word' id='word_1_399' title='bbox 3177 996 3354 1043; x_wconf 87' lang='lat' dir='ltr'><strong>mater</strong></span> <span class='ocrx_word' id='word_1_400' title='bbox 3384 1002 3474 1042; x_wconf 82' lang='lat' dir='ltr'><strong>ra—</strong></span> 
     </span>
    </p>
   </div>
   <div class='ocr_carea' id='block_1_55' title="bbox 1890 1080 3475 1161">
    <p class='ocr_par' dir='ltr' id='par_1_55' title="bbox 1890 1080 3475 1161">
     <span class='ocr_line' id='line_1_55' title="bbox 1890 1080 3475 1161; baseline -0.009 -17"><span class='ocrx_word' id='word_1_401' title='bbox 1890 1091 2045 1147; x_wconf 88' lang='lat' dir='ltr'><strong>tione</strong></span> <span class='ocrx_word' id='word_1_402' title='bbox 2073 1089 2315 1161; x_wconf 87' lang='lat' dir='ltr'><strong>quadam</strong></span> <span class='ocrx_word' id='word_1_403' title='bbox 2359 1096 2732 1144; x_wconf 85' lang='lat' dir='ltr'><strong>consentanea</strong></span> <span class='ocrx_word' id='word_1_404' title='bbox 2775 1086 2858 1141; x_wconf 90' lang='lat' dir='ltr'><strong>sic</strong></span> <span class='ocrx_word' id='word_1_405' title='bbox 2889 1083 3062 1138; x_wconf 89' lang='lat' dir='ltr'><strong>nutrit</strong></span> <span class='ocrx_word' id='word_1_406' title='bbox 3093 1080 3380 1141; x_wconf 90' lang='lat' dir='ltr'><strong>infantem,</strong></span> <span class='ocrx_word' id='word_1_407' title='bbox 3415 1086 3475 1132; x_wconf 96' lang='lat' dir='ltr'><strong>ut</strong></span> 
     </span>
    </p>
   </div>
   <div class='ocr_carea' id='block_1_56' title="bbox 1891 1172 3478 1252">
    <p class='ocr_par' dir='ltr' id='par_1_56' title="bbox 1891 1172 3478 1252">
     <span class='ocr_line' id='line_1_56' title="bbox 1891 1172 3478 1252; baseline -0.011 -15"><span class='ocrx_word' id='word_1_408' title='bbox 1891 1183 2052 1239; x_wconf 91' lang='lat' dir='ltr'><strong>initio</strong></span> <span class='ocrx_word' id='word_1_409' title='bbox 2095 1182 2318 1252; x_wconf 87' lang='lat' dir='ltr'><strong>quidem</strong></span> <span class='ocrx_word' id='word_1_410' title='bbox 2368 1192 2556 1236; x_wconf 81' lang='lat' dir='ltr'><strong>tenero</strong></span> <span class='ocrx_word' id='word_1_411' title='bbox 2606 1179 2782 1249; x_wconf 88' lang='lat' dir='ltr'><strong>ipsius</strong></span> <span class='ocrx_word' id='word_1_412' title='bbox 2826 1175 2909 1231; x_wconf 89' lang='lat' dir='ltr'><strong>ori</strong></span> <span class='ocrx_word' id='word_1_413' title='bbox 2956 1189 3019 1228; x_wconf 89' lang='lat' dir='ltr'><strong>ac</strong></span> <span class='ocrx_word' id='word_1_414' title='bbox 3057 1172 3207 1227; x_wconf 92' lang='lat' dir='ltr'><strong>molli</strong></span> <span class='ocrx_word' id='word_1_415' title='bbox 3253 1172 3337 1224; x_wconf 89' lang='lat' dir='ltr'><strong>lac</strong></span> <span class='ocrx_word' id='word_1_416' title='bbox 3379 1183 3478 1238; x_wconf 88' lang='lat' dir='ltr'><strong>per</strong></span> 
     </span>
    </p>
   </div>
   <div class='ocr_carea' id='block_1_57' title="bbox 1892 1263 3477 1337">
    <p class='ocr_par' dir='ltr' id='par_1_57' title="bbox 1892 1263 3477 1337">
     <span class='ocr_line' id='line_1_57' title="bbox 1892 1263 3477 1337; baseline -0.01 -9"><span class='ocrx_word' id='word_1_417' title='bbox 1892 1272 2193 1328; x_wconf 90' lang='lat' dir='ltr'><strong>mamillam</strong></span> <span class='ocrx_word' id='word_1_418' title='bbox 2233 1272 2485 1337; x_wconf 89' lang='lat' dir='ltr'><strong>instillet,</strong></span> <span class='ocrx_word' id='word_1_419' title='bbox 2528 1269 2731 1326; x_wconf 90' lang='lat' dir='ltr'><strong>deinde</strong></span> <span class='ocrx_word' id='word_1_420' title='bbox 2775 1267 2867 1322; x_wconf 93' lang='lat' dir='ltr'><strong>ubi</strong></span> <span class='ocrx_word' id='word_1_421' title='bbox 2904 1266 3017 1336; x_wconf 87' lang='lat' dir='ltr'><strong>jam</strong></span> <span class='ocrx_word' id='word_1_422' title='bbox 3053 1263 3312 1319; x_wconf 85' lang='lat' dir='ltr'><strong>dentibus</strong></span> <span class='ocrx_word' id='word_1_423' title='bbox 3339 1274 3477 1331; x_wconf 68' lang='lat' dir='ltr'><strong>prae-</strong></span> 
     </span>
    </p>
   </div>
   <div class='ocr_carea' id='block_1_58' title="bbox 1892 1350 3475 1433">
    <p class='ocr_par' dir='ltr' id='par_1_58' title="bbox 1892 1350 3475 1433">
     <span class='ocr_line' id='line_1_58' title="bbox 1892 1350 3475 1433; baseline -0.01 -13"><span class='ocrx_word' id='word_1_424' title='bbox 1892 1366 2064 1431; x_wconf 90' lang='lat' dir='ltr'><strong>ditus,</strong></span> <span class='ocrx_word' id='word_1_425' title='bbox 2096 1379 2161 1419; x_wconf 89' lang='lat' dir='ltr'><strong>ac</strong></span> <span class='ocrx_word' id='word_1_426' title='bbox 2189 1363 2531 1433; x_wconf 88' lang='lat' dir='ltr'><strong>majusculus</strong></span> <span class='ocrx_word' id='word_1_427' title='bbox 2553 1375 2677 1417; x_wconf 89' lang='lat' dir='ltr'><strong>esse</strong></span> <span class='ocrx_word' id='word_1_428' title='bbox 2705 1358 2897 1428; x_wconf 71' lang='lat' dir='ltr'><strong>erepit,</strong></span> <span class='ocrx_word' id='word_1_429' title='bbox 2941 1365 3139 1420; x_wconf 88' lang='lat' dir='ltr'><strong>panem</strong></span> <span class='ocrx_word' id='word_1_430' title='bbox 3156 1353 3206 1407; x_wconf 90' lang='lat' dir='ltr'><strong>ei</strong></span> <span class='ocrx_word' id='word_1_431' title='bbox 3227 1350 3475 1424; x_wconf 81' lang='lat' dir='ltr'><strong>porrigit,</strong></span> 
     </span>
    </p>
   </div>
   <div class='ocr_carea' id='block_1_59' title="bbox 1895 1441 3478 1526">
    <p class='ocr_par' dir='ltr' id='par_1_59' title="bbox 1895 1441 3478 1526">
     <span class='ocr_line' id='line_1_59' title="bbox 1895 1441 3478 1526; baseline -0.011 -14"><span class='ocrx_word' id='word_1_432' title='bbox 1895 1472 2006 1512; x_wconf 89' lang='lat' dir='ltr'><strong>non</strong></span> <span class='ocrx_word' id='word_1_433' title='bbox 2040 1456 2196 1510; x_wconf 90' lang='lat' dir='ltr'><strong>illum</strong></span> <span class='ocrx_word' id='word_1_434' title='bbox 2230 1455 2452 1526; x_wconf 87' lang='lat' dir='ltr'><strong>quidem</strong></span> <span class='ocrx_word' id='word_1_435' title='bbox 2490 1468 2771 1523; x_wconf 90' lang='lat' dir='ltr'><strong>asperum,</strong></span> <span class='ocrx_word' id='word_1_436' title='bbox 2820 1458 2875 1504; x_wconf 83' lang='lat' dir='ltr'><strong>et</strong></span> <span class='ocrx_word' id='word_1_437' title='bbox 2924 1449 3019 1518; x_wconf 93' lang='lat' dir='ltr'><strong>qui</strong></span> <span class='ocrx_word' id='word_1_438' title='bbox 3055 1444 3229 1516; x_wconf 78' lang='lat' dir='ltr'><strong>digeri</strong></span> <span class='ocrx_word' id='word_1_439' title='bbox 3279 1444 3347 1497; x_wconf 78' lang='lat' dir='ltr'><strong>ab</strong></span> <span class='ocrx_word' id='word_1_440' title='bbox 3395 1441 3478 1495; x_wconf 90' lang='lat' dir='ltr'><strong>in-</strong></span> 
     </span>
    </p>
   </div>
   <div class='ocr_carea' id='block_1_60' title="bbox 1896 1533 3480 1616">
    <p class='ocr_par' dir='ltr' id='par_1_60' title="bbox 1896 1533 3480 1616">
     <span class='ocr_line' id='line_1_60' title="bbox 1896 1533 3480 1616; baseline -0.011 -13"><span class='ocrx_word' id='word_1_441' title='bbox 1896 1550 2044 1603; x_wconf 81' lang='lat' dir='ltr'><strong>fante</strong></span> <span class='ocrx_word' id='word_1_442' title='bbox 2067 1555 2322 1616; x_wconf 85' lang='lat' dir='ltr'><strong>nequeat,</strong></span> <span class='ocrx_word' id='word_1_443' title='bbox 2358 1555 2416 1600; x_wconf 92' lang='lat' dir='ltr'><strong>ut</strong></span> <span class='ocrx_word' id='word_1_444' title='bbox 2449 1546 2642 1600; x_wconf 89' lang='lat' dir='ltr'><strong>molles</strong></span> <span class='ocrx_word' id='word_1_445' title='bbox 2665 1551 2719 1599; x_wconf 86' lang='lat' dir='ltr'><strong>et</strong></span> <span class='ocrx_word' id='word_1_446' title='bbox 2741 1541 3113 1597; x_wconf 66' lang='lat' dir='ltr'><strong>inexercitata:</strong></span> <span class='ocrx_word' id='word_1_447' title='bbox 3149 1536 3380 1607; x_wconf 73' lang='lat' dir='ltr'><strong>gingiva:</strong></span> <span class='ocrx_word' id='word_1_448' title='bbox 3409 1533 3480 1587; x_wconf 85' lang='lat' dir='ltr'><strong>ab</strong></span> 
     </span>
    </p>
   </div>
   <div class='ocr_carea' id='block_1_61' title="bbox 1895 1629 3480 1711">
    <p class='ocr_par' dir='ltr' id='par_1_61' title="bbox 1895 1629 3480 1711">
     <span class='ocr_line' id='line_1_61' title="bbox 1895 1629 3480 1711; baseline -0.013 -14"><span class='ocrx_word' id='word_1_449' title='bbox 1895 1640 2016 1711; x_wconf 87' lang='lat' dir='ltr'><strong>ejus</strong></span> <span class='ocrx_word' id='word_1_450' title='bbox 2049 1639 2249 1694; x_wconf 89' lang='lat' dir='ltr'><strong>duritie</strong></span> <span class='ocrx_word' id='word_1_451' title='bbox 2281 1654 2390 1693; x_wconf 92' lang='lat' dir='ltr'><strong>non</strong></span> <span class='ocrx_word' id='word_1_452' title='bbox 2417 1636 2705 1699; x_wconf 74' lang='lat' dir='ltr'><strong>lzedautur,</strong></span> <span class='ocrx_word' id='word_1_453' title='bbox 2746 1634 2839 1690; x_wconf 91' lang='lat' dir='ltr'><strong>sed</strong></span> <span class='ocrx_word' id='word_1_454' title='bbox 2879 1632 2996 1688; x_wconf 89' lang='lat' dir='ltr'><strong>suis</strong></span> <span class='ocrx_word' id='word_1_455' title='bbox 3025 1629 3294 1700; x_wconf 61' lang='lat' dir='ltr'><strong>,dentibus</strong></span> <span class='ocrx_word' id='word_1_456' title='bbox 3322 1641 3480 1679; x_wconf 86' lang='lat' dir='ltr'><strong>man-</strong></span> 
     </span>
    </p>
   </div>
   <div class='ocr_carea' id='block_1_62' title="bbox 1898 1718 3480 1801">
    <p class='ocr_par' dir='ltr' id='par_1_62' title="bbox 1898 1718 3480 1801">
     <span class='ocr_line' id='line_1_62' title="bbox 1898 1718 3480 1801; baseline -0.013 -12"><span class='ocrx_word' id='word_1_457' title='bbox 1898 1747 2044 1797; x_wconf 85' lang='lat' dir='ltr'><strong>sum,</strong></span> <span class='ocrx_word' id='word_1_458' title='bbox 2063 1730 2429 1801; x_wconf 73' lang='lat' dir='ltr'><strong>effectumque</strong></span> <span class='ocrx_word' id='word_1_459' title='bbox 2457 1729 2617 1783; x_wconf 90' lang='lat' dir='ltr'><strong>talem</strong></span> <span class='ocrx_word' id='word_1_460' title='bbox 2650 1735 2707 1782; x_wconf 88' lang='grc' dir='ltr'><strong>ιιι</strong></span> <span class='ocrx_word' id='word_1_461' title='bbox 2734 1725 2945 1780; x_wconf 90' lang='lat' dir='ltr'><strong>viribus</strong></span> <span class='ocrx_word' id='word_1_462' title='bbox 2968 1723 3122 1794; x_wconf 90' lang='lat' dir='ltr'><strong>pueri</strong></span> <span class='ocrx_word' id='word_1_463' title='bbox 3149 1718 3440 1776; x_wconf 81' lang='lat' dir='ltr'><strong>conveniat</strong></span> <span class='ocrx_word' id='word_1_464' title='bbox 3467 1735 3480 1770; x_wconf 89' lang='lat'><strong>:</strong></span> 
     </span>
    </p>
   </div>
   <div class='ocr_carea' id='block_1_63' title="bbox 1900 1813 3482 1887">
    <p class='ocr_par' dir='ltr' id='par_1_63' title="bbox 1900 1813 3482 1887">
     <span class='ocr_line' id='line_1_63' title="bbox 1900 1813 3482 1887; baseline -0.011 -7"><span class='ocrx_word' id='word_1_465' title='bbox 1900 1825 1968 1880; x_wconf 86' lang='lat' dir='ltr'><strong>ad</strong></span> <span class='ocrx_word' id='word_1_466' title='bbox 1985 1831 2291 1880; x_wconf 82' lang='lat' dir='ltr'><strong>extremum</strong></span> <span class='ocrx_word' id='word_1_467' title='bbox 2317 1829 2496 1876; x_wconf 90' lang='lat' dir='ltr'><strong>autem</strong></span> <span class='ocrx_word' id='word_1_468' title='bbox 2524 1819 2849 1875; x_wconf 83' lang='lat' dir='ltr'><strong>confirmato</strong></span> <span class='ocrx_word' id='word_1_469' title='bbox 2866 1816 2980 1887; x_wconf 90' lang='lat' dir='ltr'><strong>jam</strong></span> <span class='ocrx_word' id='word_1_470' title='bbox 3008 1815 3128 1885; x_wconf 86' lang='lat' dir='ltr'><strong>ejus</strong></span> <span class='ocrx_word' id='word_1_471' title='bbox 3151 1813 3369 1876; x_wconf 88' lang='lat' dir='ltr'><strong>robore,</strong></span> <span class='ocrx_word' id='word_1_472' title='bbox 3402 1815 3482 1863; x_wconf 88' lang='lat' dir='ltr'><strong>te-</strong></span> 
     </span>
    </p>
   </div>
   <div class='ocr_carea' id='block_1_64' title="bbox 1899 1905 3487 1973">
    <p class='ocr_par' dir='ltr' id='par_1_64' title="bbox 1899 1905 3487 1973">
     <span class='ocr_line' id='line_1_64' title="bbox 1899 1905 3487 1973; baseline -0.011 -1"><span class='ocrx_word' id='word_1_473' title='bbox 1899 1917 2216 1973; x_wconf 85' lang='lat' dir='ltr'><strong>nerioribus</strong></span> <span class='ocrx_word' id='word_1_474' title='bbox 2235 1913 2611 1970; x_wconf 90' lang='lat' dir='ltr'><strong>assuefactum</strong></span> <span class='ocrx_word' id='word_1_475' title='bbox 2642 1910 2895 1973; x_wconf 87' lang='lat' dir='ltr'><strong>antehac,</strong></span> <span class='ocrx_word' id='word_1_476' title='bbox 2924 1906 2991 1961; x_wconf 91' lang='lat' dir='ltr'><strong>ad</strong></span> <span class='ocrx_word' id='word_1_477' title='bbox 3015 1905 3304 1961; x_wconf 89' lang='lat' dir='ltr'><strong>solidiores</strong></span> <span class='ocrx_word' id='word_1_478' title='bbox 3327 1914 3487 1972; x_wconf 83' lang='lat' dir='ltr'><strong>quos-</strong></span> 
     </span>
    </p>
   </div>
   <div class='ocr_carea' id='block_1_65' title="bbox 1900 1990 3488 2063">
    <p class='ocr_par' dir='ltr' id='par_1_65' title="bbox 1900 1990 3488 2063">
     <span class='ocr_line' id='line_1_65' title="bbox 1900 1990 3488 2063; baseline -0.01 -3"><span class='ocrx_word' id='word_1_479' title='bbox 1900 2005 2025 2060; x_wconf 90' lang='lat' dir='ltr'><strong>dam</strong></span> <span class='ocrx_word' id='word_1_480' title='bbox 2057 2006 2212 2061; x_wconf 88' lang='lat' dir='ltr'><strong>cibos</strong></span> <span class='ocrx_word' id='word_1_481' title='bbox 2235 2004 2488 2059; x_wconf 86' lang='lat' dir='ltr'><strong>deducit:</strong></span> <span class='ocrx_word' id='word_1_482' title='bbox 2510 2004 2590 2057; x_wconf 93' lang='lat' dir='ltr'><strong>sic</strong></span> <span class='ocrx_word' id='word_1_483' title='bbox 2610 2000 2873 2055; x_wconf 88' lang='lat' dir='ltr'><strong>Dominus</strong></span> <span class='ocrx_word' id='word_1_484' title='bbox 2895 1998 3079 2051; x_wconf 89' lang='lat' dir='ltr'><strong>animo</strong></span> <span class='ocrx_word' id='word_1_485' title='bbox 3095 2009 3199 2063; x_wconf 83' lang='lat' dir='ltr'><strong>nos</strong></span> <span class='ocrx_word' id='word_1_486' title='bbox 3216 1990 3488 2046; x_wconf 88' lang='lat' dir='ltr'><strong>imbecillo</strong></span> 
     </span>
    </p>
   </div>
   <div class='ocr_carea' id='block_1_66' title="bbox 1898 2079 3486 2167">
    <p class='ocr_par' dir='ltr' id='par_1_66' title="bbox 1898 2079 3486 2167">
     <span class='ocr_line' id='line_1_66' title="bbox 1898 2079 3486 2167; baseline -0.013 -15"><span class='ocrx_word' id='word_1_487' title='bbox 1898 2097 2182 2167; x_wconf 71' lang='lat' dir='ltr'><strong>praeditos,</strong></span> <span class='ocrx_word' id='word_1_488' title='bbox 2233 2094 2393 2166; x_wconf 91' lang='lat' dir='ltr'><strong>quasi</strong></span> <span class='ocrx_word' id='word_1_489' title='bbox 2437 2092 2729 2163; x_wconf 89' lang='lat' dir='ltr'><strong>quemdam</strong></span> <span class='ocrx_word' id='word_1_490' title='bbox 2772 2088 3039 2144; x_wconf 82' lang='lat' dir='ltr'><strong>infantem</strong></span> <span class='ocrx_word' id='word_1_491' title='bbox 3089 2100 3184 2156; x_wconf 89' lang='lat' dir='ltr'><strong>per</strong></span> <span class='ocrx_word' id='word_1_492' title='bbox 3220 2079 3486 2137; x_wconf 86' lang='lat' dir='ltr'><strong>miracula</strong></span> 
     </span>
    </p>
   </div>
   <div class='ocr_carea' id='block_1_67' title="bbox 1900 2172 3488 2252">
    <p class='ocr_par' dir='ltr' id='par_1_67' title="bbox 1900 2172 3488 2252">
     <span class='ocr_line' id='line_1_67' title="bbox 1900 2172 3488 2252; baseline -0.013 -10"><span class='ocrx_word' id='word_1_493' title='bbox 1900 2186 2110 2251; x_wconf 88' lang='lat' dir='ltr'><strong>nutrit;</strong></span> <span class='ocrx_word' id='word_1_494' title='bbox 2131 2192 2295 2252; x_wconf 88' lang='lat' dir='ltr'><strong>atque</strong></span> <span class='ocrx_word' id='word_1_495' title='bbox 2308 2182 2472 2236; x_wconf 86' lang='lat' dir='ltr'><strong>initio</strong></span> <span class='ocrx_word' id='word_1_496' title='bbox 2490 2180 2707 2251; x_wconf 81' lang='lat' dir='ltr'><strong>quidem</strong></span> <span class='ocrx_word' id='word_1_497' title='bbox 2733 2178 2786 2232; x_wconf 91' lang='lat' dir='ltr'><strong>in</strong></span> <span class='ocrx_word' id='word_1_498' title='bbox 2807 2177 3091 2234; x_wconf 88' lang='lat' dir='ltr'><strong>curatione</strong></span> <span class='ocrx_word' id='word_1_499' title='bbox 3106 2172 3302 2236; x_wconf 91' lang='lat' dir='ltr'><strong>morbi,</strong></span> <span class='ocrx_word' id='word_1_500' title='bbox 3326 2186 3488 2241; x_wconf 88' lang='lat' dir='ltr'><strong>quem</strong></span> 
     </span>
    </p>
   </div>
   <div class='ocr_carea' id='block_1_68' title="bbox 1899 2259 3492 2349">
    <p class='ocr_par' dir='ltr' id='par_1_68' title="bbox 1899 2259 3492 2349">
     <span class='ocr_line' id='line_1_68' title="bbox 1899 2259 3492 2349; baseline -0.013 -15"><span class='ocrx_word' id='word_1_501' title='bbox 1899 2293 2065 2349; x_wconf 87' lang='lat' dir='ltr'><strong>posse</strong></span> <span class='ocrx_word' id='word_1_502' title='bbox 2099 2275 2284 2331; x_wconf 88' lang='lat' dir='ltr'><strong>curari</strong></span> <span class='ocrx_word' id='word_1_503' title='bbox 2322 2275 2412 2329; x_wconf 84' lang='lat' dir='ltr'><strong>vix</strong></span> <span class='ocrx_word' id='word_1_504' title='bbox 2458 2272 2857 2334; x_wconf 80' lang='lat' dir='ltr'><strong>existimasses,</strong></span> <span class='ocrx_word' id='word_1_505' title='bbox 2893 2266 3053 2339; x_wconf 89' lang='lat' dir='ltr'><strong>quasi</strong></span> <span class='ocrx_word' id='word_1_506' title='bbox 3101 2261 3377 2336; x_wconf 85' lang='lat' dir='ltr'><strong>quoddam</strong></span> <span class='ocrx_word' id='word_1_507' title='bbox 3422 2259 3492 2315; x_wconf 92' lang='lat' dir='ltr'><strong>de</strong></span> 
     </span>
    </p>
   </div>
   <div class='ocr_carea' id='block_1_69' title="bbox 1899 2352 3492 2437">
    <p class='ocr_par' dir='ltr' id='par_1_69' title="bbox 1899 2352 3492 2437">
     <span class='ocr_line' id='line_1_69' title="bbox 1899 2352 3492 2437; baseline -0.013 -12"><span class='ocrx_word' id='word_1_508' title='bbox 1899 2369 2310 2427; x_wconf 86' lang='lat' dir='ltr'><strong>resurrectione</strong></span> <span class='ocrx_word' id='word_1_509' title='bbox 2329 2365 2656 2437; x_wconf 65' lang='lat' dir='ltr'><strong>prooemium</strong></span> <span class='ocrx_word' id='word_1_510' title='bbox 2684 2361 2815 2426; x_wconf 90' lang='lat' dir='ltr'><strong>edit,</strong></span> <span class='ocrx_word' id='word_1_511' title='bbox 2844 2376 2967 2416; x_wconf 92' lang='lat' dir='ltr'><strong>cum</strong></span> <span class='ocrx_word' id='word_1_512' title='bbox 2995 2374 3109 2413; x_wconf 85' lang='lat' dir='ltr'><strong>rem</strong></span> <span class='ocrx_word' id='word_1_513' title='bbox 3132 2353 3351 2427; x_wconf 87' lang='lat' dir='ltr'><strong>quidem</strong></span> <span class='ocrx_word' id='word_1_514' title='bbox 3378 2352 3492 2407; x_wconf 80' lang='lat' dir='ltr'><strong>exi-</strong></span> 
     </span>
    </p>
   </div>
   <div class='ocr_carea' id='block_1_70' title="bbox 1899 2448 3491 2529">
    <p class='ocr_par' dir='ltr' id='par_1_70' title="bbox 1899 2448 3491 2529">
     <span class='ocr_line' id='line_1_70' title="bbox 1899 2448 3491 2529; baseline -0.013 -12"><span class='ocrx_word' id='word_1_515' title='bbox 1899 2462 2066 2517; x_wconf 87' lang='lat' dir='ltr'><strong>miam</strong></span> <span class='ocrx_word' id='word_1_516' title='bbox 2081 2459 2334 2525; x_wconf 86' lang='lat' dir='ltr'><strong>elliceret,</strong></span> <span class='ocrx_word' id='word_1_517' title='bbox 2349 2472 2471 2529; x_wconf 82' lang='lat' dir='ltr'><strong>quae</strong></span> <span class='ocrx_word' id='word_1_518' title='bbox 2483 2465 2666 2510; x_wconf 89' lang='lat' dir='ltr'><strong>tamen</strong></span> <span class='ocrx_word' id='word_1_519' title='bbox 2685 2448 3153 2520; x_wconf 31' lang='lat' dir='ltr'><strong>humanamjﬁdem</strong></span> <span class='ocrx_word' id='word_1_520' title='bbox 3168 2452 3491 2502; x_wconf 85' lang='lat' dir='ltr'><strong>mereretur.</strong></span> 
     </span>
    </p>
   </div>
   <div class='ocr_carea' id='block_1_71' title="bbox 1899 2543 3495 2610">
    <p class='ocr_par' dir='ltr' id='par_1_71' title="bbox 1899 2543 3495 2610">
     <span class='ocr_line' id='line_1_71' title="bbox 1899 2543 3495 2610; baseline -0.013 0"><span class='ocrx_word' id='word_1_521' title='bbox 1899 2553 2038 2610; x_wconf 86' lang='lat' dir='ltr'><strong>Nam</strong></span> <span class='ocrx_word' id='word_1_522' title='bbox 2067 2569 2192 2610; x_wconf 91' lang='lat' dir='ltr'><strong>cum</strong></span> <span class='ocrx_word' id='word_1_523' title='bbox 2212 2548 2522 2608; x_wconf 88' lang='lat' dir='ltr'><strong>vehementi</strong></span> <span class='ocrx_word' id='word_1_524' title='bbox 2553 2546 2705 2603; x_wconf 90' lang='lat' dir='ltr'><strong>febre</strong></span> <span class='ocrx_word' id='word_1_525' title='bbox 2722 2544 2964 2600; x_wconf 89' lang='lat' dir='ltr'><strong>Simonis</strong></span> <span class='ocrx_word' id='word_1_526' title='bbox 2994 2556 3188 2597; x_wconf 89' lang='lat' dir='ltr'><strong>socrus</strong></span> <span class='ocrx_word' id='word_1_527' title='bbox 3217 2543 3495 2600; x_wconf 87' lang='lat' dir='ltr'><strong>ureretur,</strong></span> 
     </span>
    </p>
   </div>
   <div class='ocr_carea' id='block_1_72' title="bbox 1899 2626 3495 2703">
    <p class='ocr_par' dir='ltr' id='par_1_72' title="bbox 1899 2626 3495 2703">
     <span class='ocr_line' id='line_1_72' title="bbox 1899 2626 3495 2703; baseline -0.013 -1"><span class='ocrx_word' id='word_1_528' title='bbox 1899 2655 2106 2703; x_wconf 89' lang='lat' dir='ltr'><strong>tantam</strong></span> <span class='ocrx_word' id='word_1_529' title='bbox 2131 2645 2256 2699; x_wconf 88' lang='lat' dir='ltr'><strong>mali</strong></span> <span class='ocrx_word' id='word_1_530' title='bbox 2277 2642 2637 2697; x_wconf 89' lang='lat' dir='ltr'><strong>mutationem</strong></span> <span class='ocrx_word' id='word_1_531' title='bbox 2660 2653 2773 2692; x_wconf 91' lang='lat' dir='ltr'><strong>uno</strong></span> <span class='ocrx_word' id='word_1_532' title='bbox 2795 2634 3067 2692; x_wconf 88' lang='lat' dir='ltr'><strong>sermonis</strong></span> <span class='ocrx_word' id='word_1_533' title='bbox 3099 2630 3327 2702; x_wconf 90' lang='lat' dir='ltr'><strong>imperio</strong></span> <span class='ocrx_word' id='word_1_534' title='bbox 3369 2626 3495 2683; x_wconf 51' lang='lat' dir='ltr'><strong>effe.</strong></span> 
     </span>
    </p>
   </div>
   <div class='ocr_carea' id='block_1_73' title="bbox 1901 2719 3498 2802">
    <p class='ocr_par' dir='ltr' id='par_1_73' title="bbox 1901 2719 3498 2802">
     <span class='ocr_line' id='line_1_73' title="bbox 1901 2719 3498 2802; baseline -0.014 -9"><span class='ocrx_word' id='word_1_535' title='bbox 1901 2739 1999 2802; x_wconf 91' lang='lat' dir='ltr'><strong>cit,</strong></span> <span class='ocrx_word' id='word_1_536' title='bbox 2028 2747 2087 2792; x_wconf 91' lang='lat' dir='ltr'><strong>ut</strong></span> <span class='ocrx_word' id='word_1_537' title='bbox 2115 2735 2380 2791; x_wconf 91' lang='lat' dir='ltr'><strong>continuo</strong></span> <span class='ocrx_word' id='word_1_538' title='bbox 2414 2733 2484 2787; x_wconf 89' lang='lat' dir='ltr'><strong>ad</strong></span> <span class='ocrx_word' id='word_1_539' title='bbox 2520 2728 2953 2786; x_wconf 85' lang='lat' dir='ltr'><strong>ministrandqu</strong></span> <span class='ocrx_word' id='word_1_540' title='bbox 2991 2724 3214 2780; x_wconf 90' lang='lat' dir='ltr'><strong>Christo</strong></span> <span class='ocrx_word' id='word_1_541' title='bbox 3243 2729 3296 2777; x_wconf 92' lang='lat' dir='ltr'><strong>et</strong></span> <span class='ocrx_word' id='word_1_542' title='bbox 3329 2719 3498 2775; x_wconf 81' lang='lat' dir='ltr'><strong>disci-</strong></span> 
     </span>
    </p>
   </div>
   <div class='ocr_carea' id='block_1_74' title="bbox 1902 2811 3494 2900">
    <p class='ocr_par' dir='ltr' id='par_1_74' title="bbox 1902 2811 3494 2900">
     <span class='ocr_line' id='line_1_74' title="bbox 1902 2811 3494 2900; baseline -0.015 -14"><span class='ocrx_word' id='word_1_543' title='bbox 1902 2831 2045 2900; x_wconf 88' lang='lat' dir='ltr'><strong>pulis</strong></span> <span class='ocrx_word' id='word_1_544' title='bbox 2072 2836 2219 2884; x_wconf 89' lang='lat' dir='ltr'><strong>esset</strong></span> <span class='ocrx_word' id='word_1_545' title='bbox 2243 2827 2293 2881; x_wconf 89' lang='lat' dir='ltr'><strong>ei</strong></span> <span class='ocrx_word' id='word_1_546' title='bbox 2325 2825 2461 2880; x_wconf 86' lang='lat' dir='ltr'><strong>satis</strong></span> <span class='ocrx_word' id='word_1_547' title='bbox 2489 2823 2710 2886; x_wconf 85' lang='lat' dir='ltr'><strong>virium,</strong></span> <span class='ocrx_word' id='word_1_548' title='bbox 2742 2834 2865 2890; x_wconf 74' lang='lat' dir='ltr'><strong>qum</strong></span> <span class='ocrx_word' id='word_1_549' title='bbox 2891 2816 3053 2888; x_wconf 91' lang='lat' dir='ltr'><strong>paulo</strong></span> <span class='ocrx_word' id='word_1_550' title='bbox 3077 2822 3205 2868; x_wconf 87' lang='lat' dir='ltr'><strong>ante</strong></span> <span class='ocrx_word' id='word_1_551' title='bbox 3229 2811 3494 2866; x_wconf 91' lang='lat' dir='ltr'><strong>moritura</strong></span> 
     </span>
    </p>
   </div>
   <div class='ocr_carea' id='block_1_75' title="bbox 1902 2901 3560 2991">
    <p class='ocr_par' dir='ltr' id='par_1_75' title="bbox 1902 2901 3560 2991">
     <span class='ocr_line' id='line_1_75' title="bbox 1902 2901 3560 2991; baseline -0.014 -16"><span class='ocrx_word' id='word_1_552' title='bbox 1902 2919 2196 2991; x_wconf 87' lang='lat' dir='ltr'><strong>putabatur</strong></span> <span class='ocrx_word' id='word_1_553' title='bbox 2217 2916 2306 2969; x_wconf 71' lang='grc' dir='ltr'><strong>δν.</strong></span> <span class='ocrx_word' id='word_1_554' title='bbox 2337 2913 2543 2969; x_wconf 88' lang='lat' dir='ltr'><strong>Deinde</strong></span> <span class='ocrx_word' id='word_1_555' title='bbox 2567 2911 2824 2983; x_wconf 85' lang='lat' dir='ltr'><strong>potestati</strong></span> <span class='ocrx_word' id='word_1_556' title='bbox 2853 2906 3019 2979; x_wconf 92' lang='lat' dir='ltr'><strong>priori</strong></span> <span class='ocrx_word' id='word_1_557' title='bbox 3043 2903 3288 2959; x_wconf 86' lang='lat' dir='ltr'><strong>nonnihil</strong></span> <span class='ocrx_word' id='word_1_558' title='bbox 3319 2901 3498 2963; x_wconf 89' lang='lat' dir='ltr'><strong>addit,</strong></span> <span class='ocrx_word' id='word_1_559' title='bbox 3556 2958 3560 2963; x_wconf 48' lang='grc'><strong>,</strong></span> 
     </span>
    </p>
   </div>
   <div class='ocr_carea' id='block_1_76' title="bbox 1903 2995 3500 3083">
    <p class='ocr_par' dir='ltr' id='par_1_76' title="bbox 1903 2995 3500 3083">
     <span class='ocr_line' id='line_1_76' title="bbox 1903 2995 3500 3083; baseline -0.014 -12"><span class='ocrx_word' id='word_1_560' title='bbox 1903 3030 2027 3071; x_wconf 90' lang='lat' dir='ltr'><strong>cum</strong></span> <span class='ocrx_word' id='word_1_561' title='bbox 2063 3012 2207 3083; x_wconf 78' lang='lat' dir='ltr'><strong>regis</strong></span> <span class='ocrx_word' id='word_1_562' title='bbox 2250 3008 2538 3079; x_wconf 86' lang='lat' dir='ltr'><strong>cujusdam</strong></span> <span class='ocrx_word' id='word_1_563' title='bbox 2585 3007 2753 3061; x_wconf 85' lang='lat' dir='ltr'><strong>tilium</strong></span> <span class='ocrx_word' id='word_1_564' title='bbox 2789 3005 2844 3059; x_wconf 91' lang='lat' dir='ltr'><strong>in</strong></span> <span class='ocrx_word' id='word_1_565' title='bbox 2893 2997 3326 3073; x_wconf 82' lang='lat' dir='ltr'><strong>praesentissimo</strong></span> <span class='ocrx_word' id='word_1_566' title='bbox 3378 2995 3500 3048; x_wconf 64' lang='lat' dir='ltr'><strong>vita?</strong></span> 
     </span>
    </p>
   </div>
   <div class='ocr_carea' id='block_1_77' title="bbox 1905 3085 3501 3162">
    <p class='ocr_par' dir='ltr' id='par_1_77' title="bbox 1905 3085 3501 3162">
     <span class='ocr_line' id='line_1_77' title="bbox 1905 3085 3501 3162; baseline -0.013 -3"><span class='ocrx_word' id='word_1_567' title='bbox 1905 3105 2225 3162; x_wconf 88' lang='lat' dir='ltr'><strong>discrimine</strong></span> <span class='ocrx_word' id='word_1_568' title='bbox 2245 3101 2659 3157; x_wconf 88' lang='lat' dir='ltr'><strong>decumbentem</strong></span> <span class='ocrx_word' id='word_1_569' title='bbox 2681 3093 3005 3152; x_wconf 82' lang='lat' dir='ltr'><strong>exsuscitat.</strong></span> <span class='ocrx_word' id='word_1_570' title='bbox 3028 3090 3266 3145; x_wconf 86' lang='lat' dir='ltr'><strong>Narrant</strong></span> <span class='ocrx_word' id='word_1_571' title='bbox 3283 3087 3329 3119; x_wconf 82' lang='grc'><strong>⁸⁷</strong></span> <span class='ocrx_word' id='word_1_572' title='bbox 3353 3085 3501 3142; x_wconf 90' lang='lat' dir='ltr'><strong>enim</strong></span> 
     </span>
    </p>
   </div>
   <div class='ocr_carea' id='block_1_78' title="bbox 1906 3183 3503 3263">
    <p class='ocr_par' dir='ltr' id='par_1_78' title="bbox 1906 3183 3503 3263">
     <span class='ocr_line' id='line_1_78' title="bbox 1906 3183 3503 3263; baseline -0.013 -13"><span class='ocrx_word' id='word_1_573' title='bbox 1906 3196 2127 3251; x_wconf 70' lang='lat' dir='ltr'><strong>Litterae</strong></span> <span class='ocrx_word' id='word_1_574' title='bbox 2160 3208 2333 3250; x_wconf 69' lang='lat' dir='ltr'><strong>sacra:</strong></span> <span class='ocrx_word' id='word_1_575' title='bbox 2362 3190 2589 3263; x_wconf 88' lang='lat' dir='ltr'><strong>jamjam</strong></span> <span class='ocrx_word' id='word_1_576' title='bbox 2611 3189 2784 3244; x_wconf 91' lang='lat' dir='ltr'><strong>fuisse</strong></span> <span class='ocrx_word' id='word_1_577' title='bbox 2814 3183 3166 3247; x_wconf 86' lang='lat' dir='ltr'><strong>moriturum,</strong></span> <span class='ocrx_word' id='word_1_578' title='bbox 3190 3194 3314 3234; x_wconf 89' lang='lat' dir='ltr'><strong>cum</strong></span> <span class='ocrx_word' id='word_1_579' title='bbox 3348 3185 3503 3248; x_wconf 88' lang='lat' dir='ltr'><strong>pater</strong></span> 
     </span>
    </p>
   </div>
   <div class='ocr_carea' id='block_1_79' title="bbox 1904 3272 3498 3354">
    <p class='ocr_par' dir='ltr' id='par_1_79' title="bbox 1904 3272 3498 3354">
     <span class='ocr_line' id='line_1_79' title="bbox 1904 3272 3498 3354; baseline -0.013 -12"><span class='ocrx_word' id='word_1_580' title='bbox 1904 3288 2259 3349; x_wconf 88' lang='lat' dir='ltr'><strong>occlamarel,</strong></span> <span class='ocrx_word' id='word_1_581' title='bbox 2293 3291 2353 3338; x_wconf 90' lang='lat' dir='ltr'><strong>ut</strong></span> <span class='ocrx_word' id='word_1_582' title='bbox 2396 3283 2717 3354; x_wconf 88' lang='lat' dir='ltr'><strong>priusquam</strong></span> <span class='ocrx_word' id='word_1_583' title='bbox 2742 3278 2889 3333; x_wconf 82' lang='lat' dir='ltr'><strong>filius</strong></span> <span class='ocrx_word' id='word_1_584' title='bbox 2912 3274 3016 3347; x_wconf 90' lang='lat' dir='ltr'><strong>ipsi</strong></span> <span class='ocrx_word' id='word_1_585' title='bbox 3042 3272 3498 3342; x_wconf 74' lang='lat' dir='ltr'><strong>exstingueretur,</strong></span> 
     </span>
    </p>
   </div>
   <div class='ocr_carea' id='block_1_80' title="bbox 1907 3364 3524 3439">
    <p class='ocr_par' dir='ltr' id='par_1_80' title="bbox 1907 3364 3524 3439">
     <span class='ocr_line' id='line_1_80' title="bbox 1907 3364 3524 3439; baseline -0.014 -5"><span class='ocrx_word' id='word_1_586' title='bbox 1907 3378 2174 3434; x_wconf 90' lang='lat' dir='ltr'><strong>Dominus</strong></span> <span class='ocrx_word' id='word_1_587' title='bbox 2208 3375 2587 3439; x_wconf 88' lang='lat' dir='ltr'><strong>descenderet,</strong></span> <span class='ocrx_word' id='word_1_588' title='bbox 2610 3387 2736 3428; x_wconf 90' lang='lat' dir='ltr'><strong>nam</strong></span> <span class='ocrx_word' id='word_1_589' title='bbox 2761 3368 3055 3426; x_wconf 90' lang='lat' dir='ltr'><strong>momentis</strong></span> <span class='ocrx_word' id='word_1_590' title='bbox 3079 3365 3309 3437; x_wconf 75' lang='lat' dir='ltr'><strong>singulis</strong></span> <span class='ocrx_word' id='word_1_591' title='bbox 3338 3364 3524 3415; x_wconf 76' lang='lat' dir='ltr'><strong>vitam&#39;</strong></span> 
     </span>
    </p>
   </div>
   <div class='ocr_carea' id='block_1_81' title="bbox 1904 3450 3506 3525">
    <p class='ocr_par' dir='ltr' id='par_1_81' title="bbox 1904 3450 3506 3525">
     <span class='ocr_line' id='line_1_81' title="bbox 1904 3450 3506 3525; baseline -0.013 0"><span class='ocrx_word' id='word_1_592' title='bbox 1904 3485 2029 3525; x_wconf 84' lang='lat' dir='ltr'><strong>cum</strong></span> <span class='ocrx_word' id='word_1_593' title='bbox 2081 3475 2257 3522; x_wconf 92' lang='lat' dir='ltr'><strong>morte</strong></span> <span class='ocrx_word' id='word_1_594' title='bbox 2288 3473 2729 3521; x_wconf 90' lang='lat' dir='ltr'><strong>connnutaturus</strong></span> <span class='ocrx_word' id='word_1_595' title='bbox 2774 3476 2900 3517; x_wconf 89' lang='lat' dir='ltr'><strong>esse</strong></span> <span class='ocrx_word' id='word_1_596' title='bbox 2950 3456 3297 3513; x_wconf 84' lang='lat' dir='ltr'><strong>credebatur.</strong></span> <span class='ocrx_word' id='word_1_597' title='bbox 3349 3450 3506 3519; x_wconf 86' lang='lat' dir='ltr'><strong>Quod</strong></span> 
     </span>
    </p>
   </div>
   <div class='ocr_carea' id='block_1_82' title="bbox 1912 3542 3508 3630">
    <p class='ocr_par' dir='ltr' id='par_1_82' title="bbox 1912 3542 3508 3630">
     <span class='ocr_line' id='line_1_82' title="bbox 1912 3542 3508 3630; baseline -0.011 -18"><span class='ocrx_word' id='word_1_598' title='bbox 1912 3561 2022 3630; x_wconf 86' lang='lat' dir='ltr'><strong>jam</strong></span> <span class='ocrx_word' id='word_1_599' title='bbox 2041 3557 2364 3612; x_wconf 86' lang='lat' dir='ltr'><strong>miraculqu</strong></span> <span class='ocrx_word' id='word_1_600' title='bbox 2385 3570 2507 3610; x_wconf 89' lang='lat' dir='ltr'><strong>esse</strong></span> <span class='ocrx_word' id='word_1_601' title='bbox 2528 3552 2731 3608; x_wconf 87' lang='lat' dir='ltr'><strong>factum</strong></span> <span class='ocrx_word' id='word_1_602' title='bbox 2752 3556 3023 3622; x_wconf 88' lang='lat' dir='ltr'><strong>potestate</strong></span> <span class='ocrx_word' id='word_1_603' title='bbox 3040 3545 3275 3617; x_wconf 89' lang='lat' dir='ltr'><strong>quadam</strong></span> <span class='ocrx_word' id='word_1_604' title='bbox 3301 3542 3508 3610; x_wconf 78' lang='lat' dir='ltr'><strong>majore</strong></span> 
     </span>
    </p>
   </div>
   <div class='ocr_carea' id='block_1_83' title="bbox 1915 3630 3508 3721">
    <p class='ocr_par' dir='ltr' id='par_1_83' title="bbox 1915 3630 3508 3721">
     <span class='ocr_line' id='line_1_83' title="bbox 1915 3630 3508 3721; baseline -0.013 -18"><span class='ocrx_word' id='word_1_605' title='bbox 1915 3648 2216 3721; x_wconf 87' lang='lat' dir='ltr'><strong>putandum</strong></span> <span class='ocrx_word' id='word_1_606' title='bbox 2246 3654 2353 3711; x_wconf 90' lang='lat' dir='ltr'><strong>est,</strong></span> <span class='ocrx_word' id='word_1_607' title='bbox 2373 3652 2661 3715; x_wconf 90' lang='lat' dir='ltr'><strong>propterea</strong></span> <span class='ocrx_word' id='word_1_608' title='bbox 2697 3641 2842 3711; x_wconf 92' lang='lat' dir='ltr'><strong>quod</strong></span> <span class='ocrx_word' id='word_1_609' title='bbox 2879 3638 2946 3693; x_wconf 89' lang='lat' dir='ltr'><strong>ad</strong></span> <span class='ocrx_word' id='word_1_610' title='bbox 2981 3639 3160 3692; x_wconf 89' lang='lat' dir='ltr'><strong>locum</strong></span> <span class='ocrx_word' id='word_1_611' title='bbox 3191 3635 3245 3689; x_wconf 91' lang='lat' dir='ltr'><strong>in</strong></span> <span class='ocrx_word' id='word_1_612' title='bbox 3274 3648 3382 3701; x_wconf 89' lang='lat' dir='ltr'><strong>quo</strong></span> <span class='ocrx_word' id='word_1_613' title='bbox 3413 3630 3508 3685; x_wconf 89' lang='lat' dir='ltr'><strong>de-</strong></span> 
     </span>
    </p>
   </div>
   <div class='ocr_carea' id='block_1_84' title="bbox 1917 3721 3506 3802">
    <p class='ocr_par' dir='ltr' id='par_1_84' title="bbox 1917 3721 3506 3802">
     <span class='ocr_line' id='line_1_84' title="bbox 1917 3721 3506 3802; baseline -0.014 -8"><span class='ocrx_word' id='word_1_614' title='bbox 1917 3738 2229 3802; x_wconf 90' lang='lat' dir='ltr'><strong>cumbebat,</strong></span> <span class='ocrx_word' id='word_1_615' title='bbox 2258 3752 2367 3790; x_wconf 90' lang='lat' dir='ltr'><strong>non</strong></span> <span class='ocrx_word' id='word_1_616' title='bbox 2402 3734 2674 3789; x_wconf 86' lang='lat' dir='ltr'><strong>accessit:</strong></span> <span class='ocrx_word' id='word_1_617' title='bbox 2708 3731 2804 3786; x_wconf 90' lang='lat' dir='ltr'><strong>sed</strong></span> <span class='ocrx_word' id='word_1_618' title='bbox 2832 3727 2990 3799; x_wconf 87' lang='lat' dir='ltr'><strong>quasi</strong></span> <span class='ocrx_word' id='word_1_619' title='bbox 3027 3741 3059 3781; x_wconf 89' lang='lat' dir='ltr'><strong>a</strong></span> <span class='ocrx_word' id='word_1_620' title='bbox 3090 3724 3390 3794; x_wconf 82' lang='lat' dir='ltr'><strong>longinquo</strong></span> <span class='ocrx_word' id='word_1_621' title='bbox 3422 3721 3506 3773; x_wconf 86' lang='lat' dir='ltr'><strong>vi-</strong></span> 
     </span>
    </p>
   </div>
   <div class='ocr_carea' id='block_1_85' title="bbox 1917 3812 3508 3896">
    <p class='ocr_par' dir='ltr' id='par_1_85' title="bbox 1917 3812 3508 3896">
     <span class='ocr_line' id='line_1_85' title="bbox 1917 3812 3508 3896; baseline -0.014 -10"><span class='ocrx_word' id='word_1_622' title='bbox 1917 3840 2030 3886; x_wconf 88' lang='lat' dir='ltr'><strong>tam</strong></span> <span class='ocrx_word' id='word_1_623' title='bbox 2053 3829 2104 3885; x_wconf 90' lang='lat' dir='ltr'><strong>ei</strong></span> <span class='ocrx_word' id='word_1_624' title='bbox 2131 3828 2303 3885; x_wconf 87' lang='lat' dir='ltr'><strong>solius</strong></span> <span class='ocrx_word' id='word_1_625' title='bbox 2334 3824 2630 3896; x_wconf 74' lang='lat' dir='ltr'><strong>imperiivi</strong></span> <span class='ocrx_word' id='word_1_626' title='bbox 2659 3823 2829 3878; x_wconf 88' lang='lat' dir='ltr'><strong>misit.</strong></span> <span class='ocrx_word' id='word_1_627' title='bbox 2857 3819 2990 3875; x_wconf 82' lang='lat' dir='ltr'><strong>Post</strong></span> <span class='ocrx_word' id='word_1_628' title='bbox 3012 3819 3126 3873; x_wconf 66' lang='lat' dir='ltr'><strong>haec</strong></span> <span class='ocrx_word' id='word_1_629' title='bbox 3147 3815 3216 3870; x_wconf 87' lang='lat' dir='ltr'><strong>ad</strong></span> <span class='ocrx_word' id='word_1_630' title='bbox 3244 3812 3508 3869; x_wconf 87' lang='lat' dir='ltr'><strong>miracula</strong></span> 
     </span>
    </p>
   </div>
   <div class='ocr_carea' id='block_1_86' title="bbox 1915 3906 3507 3994">
    <p class='ocr_par' dir='ltr' id='par_1_86' title="bbox 1915 3906 3507 3994">
     <span class='ocr_line' id='line_1_86' title="bbox 1915 3906 3507 3994; baseline -0.014 -15"><span class='ocrx_word' id='word_1_631' title='bbox 1915 3923 2162 3994; x_wconf 68' lang='lat' dir='ltr'><strong>quaedam</strong></span> <span class='ocrx_word' id='word_1_632' title='bbox 2203 3919 2375 3975; x_wconf 89' lang='lat' dir='ltr'><strong>ardua</strong></span> <span class='ocrx_word' id='word_1_633' title='bbox 2415 3918 2590 3989; x_wconf 81' lang='lat' dir='ltr'><strong>magis</strong></span> <span class='ocrx_word' id='word_1_634' title='bbox 2625 3914 2858 3971; x_wconf 89' lang='lat' dir='ltr'><strong>accedit.</strong></span> <span class='ocrx_word' id='word_1_635' title='bbox 2897 3912 3034 3967; x_wconf 87' lang='lat' dir='ltr'><strong>Nam</strong></span> <span class='ocrx_word' id='word_1_636' title='bbox 3071 3925 3195 3966; x_wconf 91' lang='lat' dir='ltr'><strong>cum</strong></span> <span class='ocrx_word' id='word_1_637' title='bbox 3232 3907 3299 3963; x_wconf 90' lang='lat' dir='ltr'><strong>ad</strong></span> <span class='ocrx_word' id='word_1_638' title='bbox 3340 3906 3507 3960; x_wconf 84' lang='lat' dir='ltr'><strong>filiam</strong></span> 
     </span>
    </p>
   </div>
   <div class='ocr_carea' id='block_1_87' title="bbox 1912 3993 3505 4085">
    <p class='ocr_par' dir='ltr' id='par_1_87' title="bbox 1912 3993 3505 4085">
     <span class='ocr_line' id='line_1_87' title="bbox 1912 3993 3505 4085; baseline -0.014 -14"><span class='ocrx_word' id='word_1_639' title='bbox 1912 4016 2017 4071; x_wconf 84' lang='lat' dir='ltr'><strong>viri</strong></span> <span class='ocrx_word' id='word_1_640' title='bbox 2049 4014 2269 4085; x_wconf 91' lang='lat' dir='ltr'><strong>publico</strong></span> <span class='ocrx_word' id='word_1_641' title='bbox 2303 4013 2359 4067; x_wconf 91' lang='lat' dir='ltr'><strong>in</strong></span> <span class='ocrx_word' id='word_1_642' title='bbox 2396 4009 2630 4066; x_wconf 91' lang='lat' dir='ltr'><strong>concilio</strong></span> <span class='ocrx_word' id='word_1_643' title='bbox 2669 4007 2937 4078; x_wconf 90' lang='lat' dir='ltr'><strong>principis</strong></span> <span class='ocrx_word' id='word_1_644' title='bbox 2964 4010 3228 4076; x_wconf 78' lang='lat' dir='ltr'><strong>pergeret,</strong></span> <span class='ocrx_word' id='word_1_645' title='bbox 3259 3993 3505 4055; x_wconf 82' lang='lat' dir='ltr'><strong>nonnihil</strong></span> 
     </span>
    </p>
   </div>
   <div class='ocr_carea' id='block_1_88' title="bbox 1915 4093 3503 4170">
    <p class='ocr_par' dir='ltr' id='par_1_88' title="bbox 1915 4093 3503 4170">
     <span class='ocr_line' id='line_1_88' title="bbox 1915 4093 3503 4170; baseline -0.014 -8"><span class='ocrx_word' id='word_1_646' title='bbox 1915 4106 2099 4162; x_wconf 82' lang='lat' dir='ltr'><strong>itineri</strong></span> <span class='ocrx_word' id='word_1_647' title='bbox 2128 4119 2296 4159; x_wconf 62' lang='lat' dir='ltr'><strong>mora;</strong></span> <span class='ocrx_word' id='word_1_648' title='bbox 2316 4104 2504 4157; x_wconf 88' lang='lat' dir='ltr'><strong>volens</strong></span> <span class='ocrx_word' id='word_1_649' title='bbox 2532 4099 2743 4170; x_wconf 83' lang='lat' dir='ltr'><strong>injecit,</strong></span> <span class='ocrx_word' id='word_1_650' title='bbox 2768 4099 2897 4153; x_wconf 89' lang='lat' dir='ltr'><strong>dum</strong></span> <span class='ocrx_word' id='word_1_651' title='bbox 2919 4103 3168 4152; x_wconf 89' lang='lat' dir='ltr'><strong>curatum</strong></span> <span class='ocrx_word' id='word_1_652' title='bbox 3198 4093 3268 4147; x_wconf 91' lang='lat' dir='ltr'><strong>ab</strong></span> <span class='ocrx_word' id='word_1_653' title='bbox 3292 4106 3350 4146; x_wconf 90' lang='lat' dir='ltr'><strong>se</strong></span> <span class='ocrx_word' id='word_1_654' title='bbox 3380 4102 3503 4159; x_wconf 79' lang='lat' dir='ltr'><strong>pro-</strong></span> 
     </span>
    </p>
   </div>
   <div class='ocr_carea' id='block_1_89' title="bbox 1916 4183 3512 4264">
    <p class='ocr_par' dir='ltr' id='par_1_89' title="bbox 1916 4183 3512 4264">
     <span class='ocr_line' id='line_1_89' title="bbox 1916 4183 3512 4264; baseline -0.013 -11"><span class='ocrx_word' id='word_1_655' title='bbox 1916 4198 2145 4253; x_wconf 79' lang='lat' dir='ltr'><strong>fluvium</strong></span> <span class='ocrx_word' id='word_1_656' title='bbox 2179 4194 2466 4264; x_wconf 80' lang='lat' dir='ltr'><strong>sanguinis</strong></span> <span class='ocrx_word' id='word_1_657' title='bbox 2499 4193 2677 4262; x_wconf 89' lang='lat' dir='ltr'><strong>palam</strong></span> <span class='ocrx_word' id='word_1_658' title='bbox 2714 4189 2940 4254; x_wconf 87' lang='lat' dir='ltr'><strong>faceret,</strong></span> <span class='ocrx_word' id='word_1_659' title='bbox 2985 4202 3050 4241; x_wconf 89' lang='lat' dir='ltr'><strong>ac</strong></span> <span class='ocrx_word' id='word_1_660' title='bbox 3089 4183 3251 4239; x_wconf 89' lang='lat' dir='ltr'><strong>morti</strong></span> <span class='ocrx_word' id='word_1_661' title='bbox 3296 4191 3512 4249; x_wconf 85' lang='lat' dir='ltr'><strong>tempus</strong></span> 
     </span>
    </p>
   </div>
   <div class='ocr_carea' id='block_1_90' title="bbox 1927 4270 3516 4357">
    <p class='ocr_par' dir='ltr' id='par_1_90' title="bbox 1927 4270 3516 4357">
     <span class='ocr_line' id='line_1_90' title="bbox 1927 4270 3516 4357; baseline -0.014 -12"><span class='ocrx_word' id='word_1_662' title='bbox 1927 4288 2255 4344; x_wconf 85' lang='lat' dir='ltr'><strong>concederet</strong></span> <span class='ocrx_word' id='word_1_663' title='bbox 2300 4300 2409 4357; x_wconf 90' lang='lat' dir='ltr'><strong>quo</strong></span> <span class='ocrx_word' id='word_1_664' title='bbox 2445 4284 2681 4354; x_wconf 86' lang='lat' dir='ltr'><strong>puellam</strong></span> <span class='ocrx_word' id='word_1_665' title='bbox 2715 4295 2914 4351; x_wconf 80' lang='lat' dir='ltr'><strong>aegram</strong></span> <span class='ocrx_word' id='word_1_666' title='bbox 2961 4282 3277 4346; x_wconf 90' lang='lat' dir='ltr'><strong>occuparet.</strong></span> <span class='ocrx_word' id='word_1_667' title='bbox 3327 4270 3516 4339; x_wconf 80' lang='lat' dir='ltr'><strong>itaque</strong></span> 
     </span>
    </p>
   </div>
   <div class='ocr_carea' id='block_1_91' title="bbox 1930 4361 3517 4441">
    <p class='ocr_par' dir='ltr' id='par_1_91' title="bbox 1930 4361 3517 4441">
     <span class='ocr_line' id='line_1_91' title="bbox 1930 4361 3517 4441; baseline -0.014 -6"><span class='ocrx_word' id='word_1_668' title='bbox 1930 4394 2057 4435; x_wconf 91' lang='lat' dir='ltr'><strong>cum</strong></span> <span class='ocrx_word' id='word_1_669' title='bbox 2092 4378 2160 4433; x_wconf 88' lang='lat' dir='ltr'><strong>ad</strong></span> <span class='ocrx_word' id='word_1_670' title='bbox 2194 4392 2313 4431; x_wconf 87' lang='lat' dir='ltr'><strong>eam</strong></span> <span class='ocrx_word' id='word_1_671' title='bbox 2347 4375 2617 4438; x_wconf 84' lang='lat' dir='ltr'><strong>venisset,</strong></span> <span class='ocrx_word' id='word_1_672' title='bbox 2655 4387 2685 4426; x_wconf 87' lang='lat' dir='ltr'><strong>a</strong></span> <span class='ocrx_word' id='word_1_673' title='bbox 2731 4372 2892 4441; x_wconf 87' lang='lat' dir='ltr'><strong>cujus</strong></span> <span class='ocrx_word' id='word_1_674' title='bbox 2936 4381 3169 4438; x_wconf 89' lang='lat' dir='ltr'><strong>corpore</strong></span> <span class='ocrx_word' id='word_1_675' title='bbox 3201 4379 3310 4418; x_wconf 89' lang='lat' dir='ltr'><strong>non</strong></span> <span class='ocrx_word' id='word_1_676' title='bbox 3344 4361 3517 4416; x_wconf 91' lang='lat' dir='ltr'><strong>multo</strong></span> 
     </span>
    </p>
   </div>
   <div class='ocr_carea' id='block_1_92' title="bbox 232 4456 3518 4549">
    <p class='ocr_par' dir='ltr' id='par_1_92' title="bbox 232 4456 3518 4549">
     <span class='ocr_line' id='line_1_92' title="bbox 232 4456 3518 4549; baseline -0.011 -9"><span class='ocrx_word' id='word_1_677' title='bbox 232 4486 363 4534; x_wconf 76' lang='lat' dir='ltr'><strong>ante</strong></span> <span class='ocrx_word' id='word_1_678' title='bbox 408 4477 713 4549; x_wconf 76' lang='lat' dir='ltr'><strong>diremptus</strong></span> <span class='ocrx_word' id='word_1_679' title='bbox 759 4480 879 4529; x_wconf 73' lang='lat' dir='ltr'><strong>erat</strong></span> <span class='ocrx_word' id='word_1_680' title='bbox 925 4472 1164 4537; x_wconf 68' lang='lat' dir='ltr'><strong>animm,</strong></span> <span class='ocrx_word' id='word_1_681' title='bbox 1198 4485 1265 4524; x_wconf 83' lang='lat' dir='ltr'><strong>ac</strong></span> <span class='ocrx_word' id='word_1_682' title='bbox 1306 4467 1521 4539; x_wconf 81' lang='lat' dir='ltr'><strong>lugubri</strong></span> <span class='ocrx_word' id='word_1_683' title='bbox 1572 4467 1813 4523; x_wconf 84' lang='lat' dir='ltr'><strong>clamore</strong></span> <span class='ocrx_word' id='word_1_684' title='bbox 1856 4470 2106 4526; x_wconf 85' lang='lat' dir='ltr'><strong>homines</strong></span> <span class='ocrx_word' id='word_1_685' title='bbox 2148 4468 2631 4532; x_wconf 81' lang='lat' dir='ltr'><strong>tumultuarentur,</strong></span> <span class='ocrx_word' id='word_1_686' title='bbox 2679 4460 3040 4530; x_wconf 90' lang='lat' dir='ltr'><strong>lamentisque</strong></span> <span class='ocrx_word' id='word_1_687' title='bbox 3078 4456 3321 4512; x_wconf 89' lang='lat' dir='ltr'><strong>dolorem</strong></span> <span class='ocrx_word' id='word_1_688' title='bbox 3348 4457 3518 4506; x_wconf 86' lang='lat' dir='ltr'><strong>testa-</strong></span> 
     </span>
    </p>
   </div>
   <div class='ocr_carea' id='block_1_93' title="bbox 230 4545 3517 4636">
    <p class='ocr_par' dir='ltr' id='par_1_93' title="bbox 230 4545 3517 4636">
     <span class='ocr_line' id='line_1_93' title="bbox 230 4545 3517 4636; baseline -0.01 -5"><span class='ocrx_word' id='word_1_689' title='bbox 230 4579 469 4630; x_wconf 76' lang='lat' dir='ltr'><strong>rentur:</strong></span> <span class='ocrx_word' id='word_1_690' title='bbox 501 4570 619 4626; x_wconf 93' lang='lat' dir='ltr'><strong>solo</strong></span> <span class='ocrx_word' id='word_1_691' title='bbox 648 4567 920 4624; x_wconf 87' lang='lat' dir='ltr'><strong>sermonis</strong></span> <span class='ocrx_word' id='word_1_692' title='bbox 954 4567 1183 4636; x_wconf 91' lang='lat' dir='ltr'><strong>imperio</strong></span> <span class='ocrx_word' id='word_1_693' title='bbox 1218 4565 1453 4635; x_wconf 89' lang='lat' dir='ltr'><strong>puellam</strong></span> <span class='ocrx_word' id='word_1_694' title='bbox 1498 4563 1655 4634; x_wconf 90' lang='lat' dir='ltr'><strong>quasi</strong></span> <span class='ocrx_word' id='word_1_695' title='bbox 1703 4564 1998 4621; x_wconf 88' lang='lat' dir='ltr'><strong>excitatam</strong></span> <span class='ocrx_word' id='word_1_696' title='bbox 2043 4566 2111 4622; x_wconf 92' lang='lat' dir='ltr'><strong>de</strong></span> <span class='ocrx_word' id='word_1_697' title='bbox 2144 4578 2341 4621; x_wconf 91' lang='lat' dir='ltr'><strong>somno</strong></span> <span class='ocrx_word' id='word_1_698' title='bbox 2382 4562 2507 4617; x_wconf 70' lang='lat' dir='ltr'><strong>vita:</strong></span> <span class='ocrx_word' id='word_1_699' title='bbox 2534 4559 2793 4624; x_wconf 85' lang='lat' dir='ltr'><strong>restituit,</strong></span> <span class='ocrx_word' id='word_1_700' title='bbox 2836 4558 3049 4611; x_wconf 86' lang='lat' dir='ltr'><strong>ratione</strong></span> <span class='ocrx_word' id='word_1_701' title='bbox 3087 4551 3318 4625; x_wconf 84' lang='lat' dir='ltr'><strong>quadam</strong></span> <span class='ocrx_word' id='word_1_702' title='bbox 3348 4554 3403 4603; x_wconf 89' lang='lat' dir='ltr'><strong>et</strong></span> <span class='ocrx_word' id='word_1_703' title='bbox 3429 4545 3517 4602; x_wconf 89' lang='lat' dir='ltr'><strong>via</strong></span> 
     </span>
    </p>
   </div>
   <div class='ocr_carea' id='block_1_94' title="bbox 232 4657 1754 4728">
    <p class='ocr_par' dir='ltr' id='par_1_94' title="bbox 232 4657 1754 4728">
     <span class='ocr_line' id='line_1_94' title="bbox 232 4657 1754 4728; baseline -0.006 -6"><span class='ocrx_word' id='word_1_704' title='bbox 232 4665 661 4722; x_wconf 88' lang='lat' dir='ltr'><strong>imbecillitatem</strong></span> <span class='ocrx_word' id='word_1_705' title='bbox 705 4662 984 4718; x_wconf 89' lang='lat' dir='ltr'><strong>hominum</strong></span> <span class='ocrx_word' id='word_1_706' title='bbox 1020 4661 1087 4716; x_wconf 88' lang='lat' dir='ltr'><strong>ad</strong></span> <span class='ocrx_word' id='word_1_707' title='bbox 1130 4661 1341 4728; x_wconf 86' lang='lat' dir='ltr'><strong>majora</strong></span> <span class='ocrx_word' id='word_1_708' title='bbox 1379 4660 1659 4715; x_wconf 91' lang='lat' dir='ltr'><strong>deducens</strong></span> <span class='ocrx_word' id='word_1_709' title='bbox 1688 4657 1754 4713; x_wconf 80' lang='grc'><strong>⁸⁸.</strong></span> 
     </span>
    </p>
   </div>
   <div class='ocr_carea' id='block_1_95' title="bbox 304 4734 1803 4826">
    <p class='ocr_par' dir='ltr' id='par_1_95' title="bbox 304 4750 1803 4826">
     <span class='ocr_line' id='line_1_95' title="bbox 304 4750 1803 4826; baseline -0.009 -11"><span class='ocrx_word' id='word_1_710' title='bbox 304 4756 421 4815; x_wconf 77' lang='grc' dir='ltr'><strong>Εἶτ’</strong></span> <span class='ocrx_word' id='word_1_711' title='bbox 452 4759 546 4813; x_wconf 68' lang='grc' dir='ltr'><strong>ἐπὶ</strong></span> <span class='ocrx_word' id='word_1_712' title='bbox 588 4758 797 4822; x_wconf 79' lang='grc' dir='ltr'>τούτοις</span> <span class='ocrx_word' id='word_1_713' title='bbox 833 4754 1153 4826; x_wconf 78' lang='grc' dir='ltr'>ὑπερϐαίνει</span> <span class='ocrx_word' id='word_1_714' title='bbox 1185 4750 1264 4823; x_wconf 84' lang='grc' dir='ltr'>τῷ</span> <span class='ocrx_word' id='word_1_715' title='bbox 1309 4751 1585 4823; x_wconf 88' lang='grc' dir='ltr'>θαύματι,</span> <span class='ocrx_word' id='word_1_716' title='bbox 1626 4752 1721 4806; x_wconf 69' lang='grc' dir='ltr'>καὶ</span> <span class='ocrx_word' id='word_1_717' title='bbox 1758 4752 1803 4804; x_wconf 90' lang='grc' dir='ltr'><strong>δι</strong></span> 
     </span>
    </p>
   </div>
   <div class='ocr_carea' id='block_1_96' title="bbox 1907 4734 3516 4826">
    <p class='ocr_par' dir='ltr' id='par_1_96' title="bbox 2002 4734 3516 4810">
     <span class='ocr_line' id='line_1_96' title="bbox 2002 4734 3516 4810; baseline -0.009 -7"><span class='ocrx_word' id='word_1_718' title='bbox 2002 4748 2217 4803; x_wconf 78' lang='lat' dir='ltr'><strong>Rursus</strong></span> <span class='ocrx_word' id='word_1_719' title='bbox 2246 4746 2351 4801; x_wconf 87' lang='lat' dir='ltr'><strong>hoc</strong></span> <span class='ocrx_word' id='word_1_720' title='bbox 2383 4745 2544 4801; x_wconf 92' lang='lat' dir='ltr'><strong>etiam</strong></span> <span class='ocrx_word' id='word_1_721' title='bbox 2577 4742 2687 4796; x_wconf 90' lang='lat' dir='ltr'><strong>alio</strong></span> <span class='ocrx_word' id='word_1_722' title='bbox 2719 4738 2955 4810; x_wconf 82' lang='lat' dir='ltr'><strong>quodam</strong></span> <span class='ocrx_word' id='word_1_723' title='bbox 2988 4734 3252 4791; x_wconf 89' lang='lat' dir='ltr'><strong>miraculo</strong></span> <span class='ocrx_word' id='word_1_724' title='bbox 3274 4746 3516 4806; x_wconf 82' lang='lat' dir='ltr'><strong>superat,</strong></span> 
     </span>
    </p>
   </div>
   <div class='ocr_carea' id='block_1_97' title="bbox 233 4843 1827 4924">
    <p class='ocr_par' dir='ltr' id='par_1_97' title="bbox 233 4843 1827 4924">
     <span class='ocr_line' id='line_1_97' title="bbox 233 4843 1827 4924; baseline -0.008 -17"><span class='ocrx_word' id='word_1_725' title='bbox 233 4851 574 4924; x_wconf 71' lang='grc' dir='ltr'>ὑψηλοτέρας</span> <span class='ocrx_word' id='word_1_726' title='bbox 589 4850 870 4920; x_wconf 83' lang='grc' dir='ltr'>δυνάμεως</span> <span class='ocrx_word' id='word_1_727' title='bbox 885 4848 1118 4902; x_wconf 86' lang='grc' dir='ltr'>ὁδοποιεῖ</span> <span class='ocrx_word' id='word_1_728' title='bbox 1131 4848 1242 4909; x_wconf 82' lang='grc' dir='ltr'>τοῖς</span> <span class='ocrx_word' id='word_1_729' title='bbox 1258 4843 1564 4916; x_wconf 82' lang='grc' dir='ltr'>ἀνθρώποις</span> <span class='ocrx_word' id='word_1_730' title='bbox 1579 4843 1678 4915; x_wconf 83' lang='grc' dir='ltr'>τὴν</span> <span class='ocrx_word' id='word_1_731' title='bbox 1698 4861 1765 4896; x_wconf 88' lang='grc' dir='ltr'>πε</span> <span class='ocrx_word' id='word_1_732' title='bbox 1772 4843 1827 4915; x_wconf 75' lang='grc' dir='ltr'>ρὶ</span> 
     </span>
    </p>
   </div>
   <div class='ocr_carea' id='block_1_98' title="bbox 232 4923 1829 5017">
    <p class='ocr_par' dir='ltr' id='par_1_98' title="bbox 232 4923 1829 5017">
     <span class='ocr_line' id='line_1_98' title="bbox 232 4923 1829 5017; baseline -0.006 -20"><span class='ocrx_word' id='word_1_733' title='bbox 232 4923 339 5017; x_wconf 74' lang='grc' dir='ltr'>τῆς</span> <span class='ocrx_word' id='word_1_734' title='bbox 349 4943 700 5005; x_wconf 78' lang='grc' dir='ltr'>ἀναστάσεως</span> <span class='ocrx_word' id='word_1_735' title='bbox 725 4939 927 4994; x_wconf 88' lang='grc' dir='ltr'>πίστιν.</span> <span class='ocrx_word' id='word_1_736' title='bbox 949 4939 1088 4992; x_wconf 86' lang='grc' dir='ltr'><strong>Νάῖν</strong></span> <span class='ocrx_word' id='word_1_737' title='bbox 1111 4936 1231 4991; x_wconf 79' lang='grc' dir='ltr'>τινὰ</span> <span class='ocrx_word' id='word_1_738' title='bbox 1253 4937 1406 4990; x_wconf 83' lang='grc' dir='ltr'>πόλιν</span> <span class='ocrx_word' id='word_1_739' title='bbox 1427 4936 1568 4989; x_wconf 84' lang='grc' dir='ltr'>κατὰ</span> <span class='ocrx_word' id='word_1_740' title='bbox 1586 4937 1684 5007; x_wconf 82' lang='grc' dir='ltr'>τὴν</span> <span class='ocrx_word' id='word_1_741' title='bbox 1699 4923 1829 4989; x_wconf 85' lang='grc' dir='ltr'>Ἰου-</span> 
     </span>
    </p>
   </div>
   <div class='ocr_carea' id='block_1_99' title="bbox 232 5025 1829 5105">
    <p class='ocr_par' dir='ltr' id='par_1_99' title="bbox 232 5025 1829 5105">
     <span class='ocr_line' id='line_1_99' title="bbox 232 5025 1829 5105; baseline -0.007 -15"><span class='ocrx_word' id='word_1_742' title='bbox 232 5036 394 5092; x_wconf 85' lang='grc' dir='ltr'>δαίαν</span> <span class='ocrx_word' id='word_1_743' title='bbox 427 5035 630 5105; x_wconf 85' lang='grc' dir='ltr'>ἱστορεῖ</span> <span class='ocrx_word' id='word_1_744' title='bbox 659 5036 692 5104; x_wconf 86' lang='grc' dir='ltr'><strong>ή</strong></span> <span class='ocrx_word' id='word_1_745' title='bbox 716 5033 929 5103; x_wconf 79' lang='grc' dir='ltr'>Γραφή.</span> <span class='ocrx_word' id='word_1_746' title='bbox 981 5031 1114 5092; x_wconf 83' lang='grc' dir='ltr'>Παῖς</span> <span class='ocrx_word' id='word_1_747' title='bbox 1145 5025 1214 5101; x_wconf 84' lang='grc' dir='ltr'>ἦν</span> <span class='ocrx_word' id='word_1_748' title='bbox 1239 5029 1297 5081; x_wconf 77' lang='grc' dir='ltr'>ἐν</span> <span class='ocrx_word' id='word_1_749' title='bbox 1332 5028 1506 5099; x_wconf 82' lang='grc' dir='ltr'>ταύτῃ</span> <span class='ocrx_word' id='word_1_750' title='bbox 1537 5026 1829 5099; x_wconf 83' lang='grc' dir='ltr'>μονογενὴς</span> 
     </span>
    </p>
   </div>
   <div class='ocr_carea' id='block_1_100' title="bbox 236 5113 1829 5200">
    <p class='ocr_par' dir='ltr' id='par_1_100' title="bbox 236 5113 1829 5200">
     <span class='ocr_line' id='line_1_100' title="bbox 236 5113 1829 5200; baseline -0.007 -19"><span class='ocrx_word' id='word_1_751' title='bbox 236 5130 385 5200; x_wconf 67' lang='grc' dir='ltr'>χήρα</span> <span class='ocrx_word' id='word_1_752' title='bbox 417 5128 544 5190; x_wconf 75' lang='grc' dir='ltr'>τινὶ,</span> <span class='ocrx_word' id='word_1_753' title='bbox 576 5124 763 5178; x_wconf 85' lang='grc' dir='ltr'>οὐκέτι</span> <span class='ocrx_word' id='word_1_754' title='bbox 790 5121 1030 5186; x_wconf 84' lang='grc' dir='ltr'>τοιοῦτος</span> <span class='ocrx_word' id='word_1_755' title='bbox 1074 5123 1232 5184; x_wconf 83' lang='grc' dir='ltr'>παῖς,</span> <span class='ocrx_word' id='word_1_756' title='bbox 1267 5113 1378 5184; x_wconf 75' lang='grc' dir='ltr'>οἶος</span> <span class='ocrx_word' id='word_1_757' title='bbox 1421 5121 1479 5172; x_wconf 81' lang='grc' dir='ltr'>ἐν</span> <span class='ocrx_word' id='word_1_758' title='bbox 1525 5117 1829 5191; x_wconf 79' lang='grc' dir='ltr'>μειρακίοις</span> 
     </span>
    </p>
   </div>
   <div class='ocr_carea' id='block_1_101' title="bbox 236 5209 1829 5288">
    <p class='ocr_par' dir='ltr' id='par_1_101' title="bbox 236 5209 1829 5288">
     <span class='ocr_line' id='line_1_101' title="bbox 236 5209 1829 5288; baseline -0.008 -14"><span class='ocrx_word' id='word_1_759' title='bbox 236 5216 397 5280; x_wconf 72' lang='grc' dir='ltr'>εἶναι,</span> <span class='ocrx_word' id='word_1_760' title='bbox 432 5216 548 5272; x_wconf 81' lang='grc' dir='ltr'>ἀλλ’</span> <span class='ocrx_word' id='word_1_761' title='bbox 578 5216 679 5288; x_wconf 82' lang='grc' dir='ltr'><strong>ήδη</strong></span> <span class='ocrx_word' id='word_1_762' title='bbox 709 5216 774 5268; x_wconf 85' lang='grc' dir='ltr'>ὲκ</span> <span class='ocrx_word' id='word_1_763' title='bbox 799 5214 1004 5268; x_wconf 88' lang='grc' dir='ltr'>παίδων</span> <span class='ocrx_word' id='word_1_764' title='bbox 1031 5213 1113 5277; x_wconf 82' lang='grc' dir='ltr'><strong>είς</strong></span> <span class='ocrx_word' id='word_1_765' title='bbox 1139 5211 1337 5282; x_wconf 80' lang='grc' dir='ltr'>ἄνδρας</span> <span class='ocrx_word' id='word_1_766' title='bbox 1368 5209 1559 5263; x_wconf 85' lang='grc' dir='ltr'>τελῶν.</span> <span class='ocrx_word' id='word_1_767' title='bbox 1592 5209 1829 5264; x_wconf 86' lang='grc' dir='ltr'>Νεανίαν</span> 
     </span>
    </p>
   </div>
   <div class='ocr_carea' id='block_1_102' title="bbox 238 5300 1831 5379">
    <p class='ocr_par' dir='ltr' id='par_1_102' title="bbox 238 5300 1831 5379">
     <span class='ocr_line' id='line_1_102' title="bbox 238 5300 1831 5379; baseline -0.009 -14"><span class='ocrx_word' id='word_1_768' title='bbox 238 5310 402 5365; x_wconf 78' lang='grc' dir='ltr'>αὐτὸν</span> <span class='ocrx_word' id='word_1_769' title='bbox 433 5308 689 5379; x_wconf 79' lang='grc' dir='ltr'>ὀνομάζει</span> <span class='ocrx_word' id='word_1_770' title='bbox 720 5309 749 5359; x_wconf 90' lang='grc' dir='ltr'><strong>ὁ</strong></span> <span class='ocrx_word' id='word_1_771' title='bbox 770 5306 945 5374; x_wconf 80' lang='grc' dir='ltr'>λόγος’</span> <span class='ocrx_word' id='word_1_772' title='bbox 978 5304 1145 5358; x_wconf 86' lang='grc' dir='ltr'>πολλὰ</span> <span class='ocrx_word' id='word_1_773' title='bbox 1176 5303 1243 5356; x_wconf 78' lang='grc' dir='ltr'>δι’</span> <span class='ocrx_word' id='word_1_774' title='bbox 1271 5302 1465 5370; x_wconf 82' lang='grc' dir='ltr'>ὀλίγων</span> <span class='ocrx_word' id='word_1_775' title='bbox 1499 5300 1765 5372; x_wconf 85' lang='grc' dir='ltr'>διηγεῖται</span> <span class='ocrx_word' id='word_1_776' title='bbox 1795 5300 1831 5370; x_wconf 90' lang='grc' dir='ltr'><strong>ή</strong></span> 
     </span>
    </p>
   </div>
   <div class='ocr_carea' id='block_1_103' title="bbox 241 5394 1829 5472">
    <p class='ocr_par' dir='ltr' id='par_1_103' title="bbox 241 5394 1829 5472">
     <span class='ocr_line' id='line_1_103' title="bbox 241 5394 1829 5472; baseline -0.006 -16"><span class='ocrx_word' id='word_1_777' title='bbox 241 5400 491 5472; x_wconf 78' lang='grc' dir='ltr'>ἱστορία·</span> <span class='ocrx_word' id='word_1_778' title='bbox 536 5399 734 5469; x_wconf 85' lang='grc' dir='ltr'>θρῆνος</span> <span class='ocrx_word' id='word_1_779' title='bbox 780 5395 1041 5467; x_wconf 79' lang='grc' dir='ltr'>ἄντικρύς</span> <span class='ocrx_word' id='word_1_780' title='bbox 1078 5398 1192 5448; x_wconf 82' lang='grc' dir='ltr'>ἐστι</span> <span class='ocrx_word' id='word_1_781' title='bbox 1239 5395 1302 5449; x_wconf 86' lang='grc' dir='ltr'><strong>τὺ</strong></span> <span class='ocrx_word' id='word_1_782' title='bbox 1336 5394 1600 5465; x_wconf 87' lang='grc' dir='ltr'>διήγημα.</span> <span class='ocrx_word' id='word_1_783' title='bbox 1646 5394 1829 5464; x_wconf 83' lang='grc' dir='ltr'>Χήρα,</span> 
     </span>
    </p>
   </div>
   <div class='ocr_carea' id='block_1_104' title="bbox 238 5485 1832 5565">
    <p class='ocr_par' dir='ltr' id='par_1_104' title="bbox 238 5485 1832 5565">
     <span class='ocr_line' id='line_1_104' title="bbox 238 5485 1832 5565; baseline -0.019 -16"><span class='ocrx_word' id='word_1_784' title='bbox 238 5494 427 5565; x_wconf 64' lang='grc' dir='ltr'>φησιν,</span> <span class='ocrx_word' id='word_1_785' title='bbox 446 5487 517 5563; x_wconf 77' lang='grc' dir='ltr'>ἦν</span> <span class='ocrx_word' id='word_1_786' title='bbox 531 5489 626 5544; x_wconf 88' lang='grc' dir='ltr'><strong>τοῦ</strong></span> <span class='ocrx_word' id='word_1_787' title='bbox 647 5488 968 5560; x_wconf 86' lang='grc' dir='ltr'>τεθνηκότος</span> <span class='ocrx_word' id='word_1_788' title='bbox 989 5489 1022 5557; x_wconf 87' lang='grc' dir='ltr'><strong>ή</strong></span> <span class='ocrx_word' id='word_1_789' title='bbox 1054 5488 1254 5558; x_wconf 84' lang='grc' dir='ltr'>μήτηρ,</span> <span class='ocrx_word' id='word_1_790' title='bbox 1271 5487 1436 5557; x_wconf 73' lang='grc' dir='ltr'>Ὁρᾷς</span> <span class='ocrx_word' id='word_1_791' title='bbox 1460 5486 1522 5539; x_wconf 81' lang='grc' dir='ltr'><strong>τδ</strong></span> <span class='ocrx_word' id='word_1_792' title='bbox 1550 5485 1714 5555; x_wconf 76' lang='grc' dir='ltr'>βάρος</span> <span class='ocrx_word' id='word_1_793' title='bbox 1732 5485 1832 5556; x_wconf 71' lang='grc' dir='ltr'><strong>τῆς</strong></span> 
     </span>
    </p>
   </div>
   <div class='ocr_carea' id='block_1_105' title="bbox 239 5578 1826 5658">
    <p class='ocr_par' dir='ltr' id='par_1_105' title="bbox 239 5578 1826 5658">
     <span class='ocr_line' id='line_1_105' title="bbox 239 5578 1826 5658; baseline -0.005 -20"><span class='ocrx_word' id='word_1_794' title='bbox 239 5585 550 5658; x_wconf 58' lang='grc' dir='ltr'>συμφορᾶς,</span> <span class='ocrx_word' id='word_1_795' title='bbox 575 5581 695 5645; x_wconf 84' lang='grc' dir='ltr'>πῶς</span> <span class='ocrx_word' id='word_1_796' title='bbox 724 5582 784 5634; x_wconf 80' lang='grc' dir='ltr'>ὲν</span> <span class='ocrx_word' id='word_1_797' title='bbox 824 5580 991 5651; x_wconf 85' lang='grc' dir='ltr'>ὁλίγῳ</span> <span class='ocrx_word' id='word_1_798' title='bbox 1022 5580 1085 5633; x_wconf 85' lang='grc' dir='ltr'>τὸ</span> <span class='ocrx_word' id='word_1_799' title='bbox 1111 5578 1280 5643; x_wconf 84' lang='grc' dir='ltr'>πάθος</span> <span class='ocrx_word' id='word_1_800' title='bbox 1310 5580 1339 5631; x_wconf 88' lang='grc' dir='ltr'><strong>ὁ</strong></span> <span class='ocrx_word' id='word_1_801' title='bbox 1365 5578 1520 5646; x_wconf 89' lang='grc' dir='ltr'>λόγος</span> <span class='ocrx_word' id='word_1_802' title='bbox 1564 5578 1826 5649; x_wconf 78' lang='grc' dir='ltr'>ἐξετραγ-</span> 
     </span>
    </p>
   </div>
   <div class='ocr_carea' id='block_1_106' title="bbox 1932 4824 3521 4910">
    <p class='ocr_par' dir='ltr' id='par_1_106' title="bbox 1932 4824 3521 4910">
     <span class='ocr_line' id='line_1_106' title="bbox 1932 4824 3521 4910; baseline -0.008 -16"><span class='ocrx_word' id='word_1_803' title='bbox 1932 4847 1988 4894; x_wconf 87' lang='lat' dir='ltr'><strong>et</strong></span> <span class='ocrx_word' id='word_1_804' title='bbox 2005 4845 2276 4910; x_wconf 90' lang='lat' dir='ltr'><strong>potestate</strong></span> <span class='ocrx_word' id='word_1_805' title='bbox 2290 4835 2588 4891; x_wconf 87' lang='lat' dir='ltr'><strong>excelsiore</strong></span> <span class='ocrx_word' id='word_1_806' title='bbox 2601 4832 2745 4886; x_wconf 88' lang='lat' dir='ltr'><strong>viam</strong></span> <span class='ocrx_word' id='word_1_807' title='bbox 2768 4827 3085 4885; x_wconf 84' lang='lat' dir='ltr'><strong>hominibus</strong></span> <span class='ocrx_word' id='word_1_808' title='bbox 3113 4826 3297 4881; x_wconf 91' lang='lat' dir='ltr'><strong>struit.</strong></span> <span class='ocrx_word' id='word_1_809' title='bbox 3323 4835 3379 4879; x_wconf 91' lang='lat' dir='ltr'><strong>ut</strong></span> <span class='ocrx_word' id='word_1_810' title='bbox 3408 4824 3521 4881; x_wconf 87' lang='lat' dir='ltr'><strong>fore</strong></span> 
     </span>
    </p>
   </div>
   <div class='ocr_carea' id='block_1_107' title="bbox 1932 4917 3522 4986">
    <p class='ocr_par' dir='ltr' id='par_1_107' title="bbox 1932 4917 3522 4986">
     <span class='ocr_line' id='line_1_107' title="bbox 1932 4917 3522 4986; baseline -0.011 0"><span class='ocrx_word' id='word_1_811' title='bbox 1932 4946 2001 4986; x_wconf 81' lang='lat' dir='ltr'><strong>ex</strong></span> <span class='ocrx_word' id='word_1_812' title='bbox 2033 4930 2263 4984; x_wconf 91' lang='lat' dir='ltr'><strong>mortuis</strong></span> <span class='ocrx_word' id='word_1_813' title='bbox 2297 4924 2755 4983; x_wconf 90' lang='lat' dir='ltr'><strong>resurrectionem</strong></span> <span class='ocrx_word' id='word_1_814' title='bbox 2790 4920 3095 4977; x_wconf 87' lang='lat' dir='ltr'><strong>crederent.</strong></span> <span class='ocrx_word' id='word_1_815' title='bbox 3122 4917 3405 4973; x_wconf 88' lang='lat' dir='ltr'><strong>Proditum</strong></span> <span class='ocrx_word' id='word_1_816' title='bbox 3437 4923 3522 4970; x_wconf 90' lang='lat' dir='ltr'><strong>est</strong></span> 
     </span>
    </p>
   </div>
   <div class='ocr_carea' id='block_1_108' title="bbox 1933 5006 3520 5088">
    <p class='ocr_par' dir='ltr' id='par_1_108' title="bbox 1933 5006 3520 5088">
     <span class='ocr_line' id='line_1_108' title="bbox 1933 5006 3520 5088; baseline -0.013 -7"><span class='ocrx_word' id='word_1_817' title='bbox 1933 5024 2079 5081; x_wconf 89' lang='lat' dir='ltr'><strong>enim</strong></span> <span class='ocrx_word' id='word_1_818' title='bbox 2102 5023 2277 5078; x_wconf 89' lang='lat' dir='ltr'><strong>sacris</strong></span> <span class='ocrx_word' id='word_1_819' title='bbox 2297 5020 2600 5088; x_wconf 73' lang='lat' dir='ltr'><strong>Litteris”,</strong></span> <span class='ocrx_word' id='word_1_820' title='bbox 2644 5015 2801 5072; x_wconf 83' lang='lat' dir='ltr'><strong>Naim</strong></span> <span class='ocrx_word' id='word_1_821' title='bbox 2823 5014 3080 5085; x_wconf 90' lang='lat' dir='ltr'><strong>oppidum</strong></span> <span class='ocrx_word' id='word_1_822' title='bbox 3114 5010 3316 5067; x_wconf 67' lang='lat' dir='ltr'><strong>Iudaeae</strong></span> <span class='ocrx_word' id='word_1_823' title='bbox 3344 5006 3520 5079; x_wconf 88' lang='lat' dir='ltr'><strong>quod-</strong></span> 
     </span>
    </p>
   </div>
   <div class='ocr_carea' id='block_1_109' title="bbox 1933 5098 3517 5168">
    <p class='ocr_par' dir='ltr' id='par_1_109' title="bbox 1933 5098 3517 5168">
     <span class='ocr_line' id='line_1_109' title="bbox 1933 5098 3517 5168; baseline -0.012 -1"><span class='ocrx_word' id='word_1_824' title='bbox 1933 5113 2058 5167; x_wconf 88' lang='lat' dir='ltr'><strong>dam</strong></span> <span class='ocrx_word' id='word_1_825' title='bbox 2088 5112 2279 5168; x_wconf 90' lang='lat' dir='ltr'><strong>fuisse.</strong></span> <span class='ocrx_word' id='word_1_826' title='bbox 2321 5109 2378 5166; x_wconf 89' lang='lat' dir='ltr'><strong>In</strong></span> <span class='ocrx_word' id='word_1_827' title='bbox 2403 5125 2468 5164; x_wconf 91' lang='lat' dir='ltr'><strong>eo</strong></span> <span class='ocrx_word' id='word_1_828' title='bbox 2499 5109 2678 5163; x_wconf 67' lang='lat' dir='ltr'><strong>viduae</strong></span> <span class='ocrx_word' id='word_1_829' title='bbox 2708 5105 2926 5161; x_wconf 89' lang='lat' dir='ltr'><strong>mulieri</strong></span> <span class='ocrx_word' id='word_1_830' title='bbox 2964 5103 3110 5157; x_wconf 80' lang='lat' dir='ltr'><strong>filius</strong></span> <span class='ocrx_word' id='word_1_831' title='bbox 3142 5111 3260 5157; x_wconf 85' lang='lat' dir='ltr'><strong>erat</strong></span> <span class='ocrx_word' id='word_1_832' title='bbox 3292 5098 3517 5162; x_wconf 89' lang='lat' dir='ltr'><strong>unicus,</strong></span> 
     </span>
    </p>
   </div>
   <div class='ocr_carea' id='block_1_110' title="bbox 1936 5191 3522 5275">
    <p class='ocr_par' dir='ltr' id='par_1_110' title="bbox 1936 5191 3522 5275">
     <span class='ocr_line' id='line_1_110' title="bbox 1936 5191 3522 5275; baseline -0.012 -14"><span class='ocrx_word' id='word_1_833' title='bbox 1936 5222 2044 5261; x_wconf 90' lang='lat' dir='ltr'><strong>non</strong></span> <span class='ocrx_word' id='word_1_834' title='bbox 2063 5206 2176 5275; x_wconf 86' lang='lat' dir='ltr'><strong>jam</strong></span> <span class='ocrx_word' id='word_1_835' title='bbox 2208 5204 2443 5273; x_wconf 83' lang='lat' dir='ltr'><strong>amplius</strong></span> <span class='ocrx_word' id='word_1_836' title='bbox 2471 5209 2632 5256; x_wconf 69' lang='lat' dir='ltr'><strong>aetate</strong></span> <span class='ocrx_word' id='word_1_837' title='bbox 2656 5215 2812 5271; x_wconf 91' lang='lat' dir='ltr'><strong>puer,</strong></span> <span class='ocrx_word' id='word_1_838' title='bbox 2845 5197 2939 5254; x_wconf 86' lang='lat' dir='ltr'><strong>sed</strong></span> <span class='ocrx_word' id='word_1_839' title='bbox 2973 5196 3066 5266; x_wconf 87' lang='lat' dir='ltr'><strong>qui</strong></span> <span class='ocrx_word' id='word_1_840' title='bbox 3091 5210 3156 5249; x_wconf 89' lang='lat' dir='ltr'><strong>ex</strong></span> <span class='ocrx_word' id='word_1_841' title='bbox 3182 5191 3404 5262; x_wconf 79' lang='lat' dir='ltr'><strong>ephebis</strong></span> <span class='ocrx_word' id='word_1_842' title='bbox 3426 5204 3522 5244; x_wconf 86' lang='lat' dir='ltr'><strong>ex—</strong></span> 
     </span>
    </p>
   </div>
   <div class='ocr_carea' id='block_1_111' title="bbox 1936 5281 3520 5360">
    <p class='ocr_par' dir='ltr' id='par_1_111' title="bbox 1936 5281 3520 5360">
     <span class='ocr_line' id='line_1_111' title="bbox 1936 5281 3520 5360; baseline -0.011 -8"><span class='ocrx_word' id='word_1_843' title='bbox 1936 5297 2214 5360; x_wconf 90' lang='lat' dir='ltr'><strong>cessisset,</strong></span> <span class='ocrx_word' id='word_1_844' title='bbox 2237 5303 2291 5350; x_wconf 91' lang='lat' dir='ltr'><strong>et</strong></span> <span class='ocrx_word' id='word_1_845' title='bbox 2312 5296 2554 5349; x_wconf 90' lang='lat' dir='ltr'><strong>virorum</strong></span> <span class='ocrx_word' id='word_1_846' title='bbox 2584 5293 2638 5346; x_wconf 91' lang='lat' dir='ltr'><strong>in</strong></span> <span class='ocrx_word' id='word_1_847' title='bbox 2674 5282 2901 5347; x_wconf 73' lang='lat' dir='ltr'><strong>numero</strong></span> <span class='ocrx_word' id='word_1_848' title='bbox 2922 5294 3257 5344; x_wconf 89' lang='lat' dir='ltr'><strong>censeretur.</strong></span> <span class='ocrx_word' id='word_1_849' title='bbox 3280 5281 3520 5336; x_wconf 81' lang='lat' dir='ltr'><strong>Historia</strong></span> 
     </span>
    </p>
   </div>
   <div class='ocr_carea' id='block_1_112' title="bbox 1937 5373 3523 5460">
    <p class='ocr_par' dir='ltr' id='par_1_112' title="bbox 1937 5373 3523 5460">
     <span class='ocr_line' id='line_1_112' title="bbox 1937 5373 3523 5460; baseline -0.011 -17"><span class='ocrx_word' id='word_1_850' title='bbox 1937 5387 2154 5460; x_wconf 90' lang='lat' dir='ltr'><strong>quidem</strong></span> <span class='ocrx_word' id='word_1_851' title='bbox 2196 5401 2353 5441; x_wconf 85' lang='lat' dir='ltr'><strong>sacra</strong></span> <span class='ocrx_word' id='word_1_852' title='bbox 2398 5386 2653 5454; x_wconf 83' lang='lat' dir='ltr'><strong>juvenem</strong></span> <span class='ocrx_word' id='word_1_853' title='bbox 2702 5381 2973 5453; x_wconf 87' lang='lat' dir='ltr'><strong>appellat:</strong></span> <span class='ocrx_word' id='word_1_854' title='bbox 3020 5385 3185 5444; x_wconf 89' lang='lat' dir='ltr'><strong>atque</strong></span> <span class='ocrx_word' id='word_1_855' title='bbox 3226 5373 3416 5443; x_wconf 86' lang='lat' dir='ltr'><strong>paucis</strong></span> <span class='ocrx_word' id='word_1_856' title='bbox 3459 5386 3523 5427; x_wconf 87' lang='lat' dir='ltr'><strong>ea</strong></span> 
     </span>
    </p>
   </div>
   <div class='ocr_carea' id='block_1_113' title="bbox 1939 5461 3527 5553">
    <p class='ocr_par' dir='ltr' id='par_1_113' title="bbox 1939 5461 3527 5553">
     <span class='ocr_line' id='line_1_113' title="bbox 1939 5461 3527 5553; baseline -0.011 -18"><span class='ocrx_word' id='word_1_857' title='bbox 1939 5481 2184 5553; x_wconf 90' lang='lat' dir='ltr'><strong>profecto</strong></span> <span class='ocrx_word' id='word_1_858' title='bbox 2224 5479 2400 5535; x_wconf 72' lang='lat' dir='ltr'><strong>verbis</strong></span> <span class='ocrx_word' id='word_1_859' title='bbox 2435 5477 2603 5531; x_wconf 85' lang='lat' dir='ltr'><strong>multa</strong></span> <span class='ocrx_word' id='word_1_860' title='bbox 2647 5470 3069 5543; x_wconf 89' lang='lat' dir='ltr'><strong>complectitur:</strong></span> <span class='ocrx_word' id='word_1_861' title='bbox 3119 5467 3236 5537; x_wconf 88' lang='lat' dir='ltr'><strong>ipsa</strong></span> <span class='ocrx_word' id='word_1_862' title='bbox 3281 5461 3527 5517; x_wconf 88' lang='lat' dir='ltr'><strong>narratio</strong></span> 
     </span>
    </p>
   </div>
   <div class='ocr_carea' id='block_1_114' title="bbox 1938 5553 3529 5631">
    <p class='ocr_par' dir='ltr' id='par_1_114' title="bbox 1938 5553 3529 5631">
     <span class='ocr_line' id='line_1_114' title="bbox 1938 5553 3529 5631; baseline -0.011 -2"><span class='ocrx_word' id='word_1_863' title='bbox 1938 5583 2146 5629; x_wconf 88' lang='lat' dir='ltr'><strong>tantum</strong></span> <span class='ocrx_word' id='word_1_864' title='bbox 2181 5587 2289 5627; x_wconf 93' lang='lat' dir='ltr'><strong>non</strong></span> <span class='ocrx_word' id='word_1_865' title='bbox 2320 5568 2636 5626; x_wconf 81' lang='lat' dir='ltr'><strong>lamentatio</strong></span> <span class='ocrx_word' id='word_1_866' title='bbox 2668 5574 2772 5622; x_wconf 89' lang='lat' dir='ltr'><strong>est.</strong></span> <span class='ocrx_word' id='word_1_867' title='bbox 2809 5562 2958 5625; x_wconf 88' lang='lat' dir='ltr'><strong>Erat,</strong></span> <span class='ocrx_word' id='word_1_868' title='bbox 2993 5559 3169 5631; x_wconf 89' lang='lat' dir='ltr'><strong>inquit</strong></span> <span class='ocrx_word' id='word_1_869' title='bbox 3222 5564 3394 5613; x_wconf 72' lang='lat' dir='ltr'><strong>mater</strong></span> <span class='ocrx_word' id='word_1_870' title='bbox 3426 5553 3529 5611; x_wconf 91' lang='lat' dir='ltr'><strong>ho-</strong></span> 
     </span>
    </p>
   </div>
   <div class='ocr_carea' id='block_1_115' title="bbox 302 5719 2952 5829">
    <p class='ocr_par' dir='ltr' id='par_1_115' title="bbox 302 5719 2952 5829">
     <span class='ocr_line' id='line_1_115' title="bbox 302 5719 2952 5829; baseline -0.009 -10"><span class='ocrx_word' id='word_1_871' title='bbox 302 5765 371 5798; x_wconf 83' lang='lat'><strong>“&#39;</strong></span> <span class='ocrx_word' id='word_1_872' title='bbox 416 5760 553 5818; x_wconf 87' lang='lat' dir='ltr'><strong>Luc.</strong></span> <span class='ocrx_word' id='word_1_873' title='bbox 585 5774 658 5828; x_wconf 87' lang='lat' dir='ltr'><strong>Iv,</strong></span> <span class='ocrx_word' id='word_1_874' title='bbox 687 5758 757 5815; x_wconf 83' lang='lat'><strong>58</strong></span> <span class='ocrx_word' id='word_1_875' title='bbox 781 5774 901 5829; x_wconf 89' lang='lat' dir='ltr'><strong>sqq.</strong></span> <span class='ocrx_word' id='word_1_876' title='bbox 980 5758 1026 5827; x_wconf 83' lang='lat'><strong>&quot;’_</strong></span> <span class='ocrx_word' id='word_1_877' title='bbox 1056 5755 1217 5813; x_wconf 76' lang='lat' dir='ltr'><strong>Joan.</strong></span> <span class='ocrx_word' id='word_1_878' title='bbox 1248 5771 1319 5821; x_wconf 79' lang='lat' dir='ltr'><strong>iv,</strong></span> <span class='ocrx_word' id='word_1_879' title='bbox 1345 5753 1413 5810; x_wconf 72' lang='grc'><strong>46</strong></span> <span class='ocrx_word' id='word_1_880' title='bbox 1443 5769 1565 5825; x_wconf 83' lang='lat' dir='ltr'><strong>sqq.</strong></span> <span class='ocrx_word' id='word_1_881' title='bbox 1642 5754 1687 5786; x_wconf 83' lang='grc'><strong>⁸⁸</strong></span> <span class='ocrx_word' id='word_1_882' title='bbox 1725 5751 1892 5808; x_wconf 83' lang='lat' dir='ltr'><strong>Marc.</strong></span> <span class='ocrx_word' id='word_1_883' title='bbox 1933 5769 1987 5818; x_wconf 86' lang='lat' dir='ltr'><strong>v,</strong></span> <span class='ocrx_word' id='word_1_884' title='bbox 2016 5750 2087 5805; x_wconf 73' lang='lat'><strong>2?.</strong></span> <span class='ocrx_word' id='word_1_885' title='bbox 2117 5766 2238 5820; x_wconf 88' lang='lat' dir='ltr'><strong>sqq.</strong></span> <span class='ocrx_word' id='word_1_886' title='bbox 2316 5749 2359 5783; x_wconf 62' lang='grc' dir='ltr'><strong>⁸ο</strong></span> <span class='ocrx_word' id='word_1_887' title='bbox 2398 5748 2529 5801; x_wconf 91' lang='lat' dir='ltr'><strong>Luc.</strong></span> <span class='ocrx_word' id='word_1_888' title='bbox 2565 5760 2659 5811; x_wconf 79' lang='lat' dir='ltr'><strong>ru,</strong></span> <span class='ocrx_word' id='word_1_889' title='bbox 2698 5744 2755 5798; x_wconf 86' lang='lat' dir='ltr'><strong>ll</strong></span> <span class='ocrx_word' id='word_1_890' title='bbox 2790 5757 2912 5812; x_wconf 85' lang='lat' dir='ltr'><strong>sqq.</strong></span> <span class='ocrx_word' id='word_1_891' title='bbox 2946 5719 2952 5725; x_wconf 32' lang='grc'><strong><em>⁷</em></strong></span> 
     </span>
    </p>
   </div>
  </div>
