3890 6420
406 339 514 395 219

1675 329 1734 384 S.
1760 327 2089 383 GliEGUlill
2126 322 2422 381 NYSSENI

3595 325 3733 377 ω

409 451 574 506 minis
607 447 718 505 vita
772 444 965 512 l‘uncti,
998 443 1193 498 mulier
1237 440 1419 496 vidua.
1464 431 1628 494 Vides
1674 453 1838 509 quam
1882 453 2005 508 gra-

2121 437 2316 507 ρδησες
2354 436 2419 489 Τί
2454 437 2559 507 γάρ
2598 439 2713 490 ἐστι
2747 435 2807 489 τὸ
2845 433 3170 506 λεγόμενον;
3212 435 3295 489 ὃτι
3337 435 3441 489 οὐκ
3464 429 3535 506 ἦν
3559 438 3705 506 αὐτῇ

408 547 494 598 vis
536 541 626 596 illa
663 552 908 595 aerumna
955 535 1159 591 luerit?
1191 549 1356 606 quam
1404 532 1610 604 tragice
1645 547 1756 586 rem
1798 530 2003 587 tristis-

409 635 607 690 simam
655 631 817 687 verba
865 640 1096 683 numero
1140 640 1252 680 non
1301 623 1473 679 multa
1521 620 1834 689 declarent?
1877 636 2002 676 nam

408 724 537 795 quid
576 722 684 779 dici
714 718 861 775 aliud
901 717 1207 781 existimas,
1236 730 1399 786 quam
1429 714 1631 769 nullam
1664 712 1713 769 ei
1748 728 1899 784 spem
1938 711 2006 765 li-

406 818 664 872 berorum
710 800 1177 883 precreandorum
1222 807 1491 878 reliquam
1538 805 1744 871 fuisse,
1773 821 1881 876 qua
1908 819 2001 860 so-

404 906 505 960 lari
557 904 772 960 tristem
821 902 967 957 liunc
1012 916 1202 957 casum
1248 897 1560 971 potuisset?
1597 907 1715 954 erat
1747 898 2006 952 nimirum

405 996 608 1064 vidua;
641 1011 750 1050 non
776 1003 895 1050 erat
927 993 996 1048 ad
1042 1008 1205 1064 quem
1257 992 1555 1062 respiceret
1596 998 1795 1061 praeter
1826 989 2002 1053 illum,

405 1087 499 1158 qui
532 1086 644 1158 jam
674 1086 816 1142 diem
866 1086 921 1139 in
954 1083 1116 1141 terris
1146 1096 1461 1154 supremum
1495 1080 1777 1141 ebiverat;
1797 1077 1844 1133 is
1876 1092 2005 1133 vero

406 1175 573 1229 etiam
605 1181 723 1229 erat
753 1172 989 1245 unigena
1023 1178 1328 1242 ;quantum
1367 1168 1422 1224 in
1465 1183 1532 1224 eo
1575 1167 1705 1223 mali
1737 1167 1842 1232 sit,
1886 1162 2010 1236 qui-

408 1267 542 1322 libet
590 1265 864 1335 intelligit,
897 1264 992 1335 qui
1038 1278 1151 1319 non
1195 1263 1250 1316 in
1301 1269 1496 1316 natura
1548 1269 1809 1329 tanquam
1854 1257 2010 1330 igno-

408 1370 498 1415 tus
525 1358 727 1428 hospes
761 1357 1158 1429 peregrinatur.
1181 1354 1369 1411 Solum
1400 1353 1544 1409 bunc
1572 1354 1627 1408 in
1660 1354 1834 1408 lucem
1883 1366 2007 1406 eum

408 1451 630 1517 ederet,
674 1458 865 1521 partus
898 1448 1118 1505 dolores
1156 1456 1275 1504 erat
1310 1454 1566 1518 experta,
1604 1444 1706 1501 soli
1745 1458 2012 1498 mammas

414 1542 727 1614 praebuerat
765 1560 777 1594 :
819 1539 971 1596 solus
1005 1549 1235 1595 matrem
1288 1538 1340 1592 in
1383 1552 1573 1593 mensa
1616 1534 1957 1591 exhilarabat
1993 1554 2007 1590 :

413 1635 567 1691 solus
596 1633 776 1688 omnis
809 1641 927 1688 erat
961 1632 1016 1686 in
1048 1629 1259 1687 aedibus
1291 1630 1493 1685 laatitiae
1523 1628 1680 1701 quasi
1712 1627 2004 1692 materies,

412 1724 529 1783 sive
559 1723 787 1788 luderet,
815 1724 931 1779 sive
965 1729 1226 1778 tractaret
1255 1722 1424 1784 seria.
1460 1722 1577 1778 sive
1607 1735 1809 1792 corpus
1837 1733 2003 1774 excr-

414 1824 588 1882 ceret,
624 1816 739 1871 sive
774 1813 1036 1868 bilaritati
1074 1812 1293 1869 deditus
1330 1820 1501 1878 esset,
1538 1812 1652 1867 sive
1687 1808 1929 1881 prcdiret
1957 1808 2011 1862 in

410 1906 730 1978 publicum,
775 1907 892 1961 sive
945 1921 1069 1961 cum
1119 1905 1306 1977 aliquo
1358 1904 1506 1959 lucta
1559 1900 2010 1975 congrederetur,

410 1999 529 2056 sive
552 1999 605 2053 in
625 1998 901 2069 iuvenum
920 2006 1066 2052 cestu
1090 2004 1238 2052 esset
1265 2018 1277 2053 :
1305 1994 1443 2050 nihil
1469 2010 1590 2050 esse
1614 2004 1809 2065 preter
1833 1993 2011 2063 ipsum

411 2086 588 2142 solum
621 2085 814 2140 matris
835 2084 1014 2140 oculis
1031 2082 1340 2155 jucundum
1365 2082 1450 2138 vel
1478 2083 1740 2139 eximium
1770 2089 2007 2152 poterat.

406 2177 530 2234 Jam
565 2178 722 2233 uxori
763 2177 1030 2233 ducenda:
1072 2186 1207 2232 tetas
1243 2182 1365 2231 erat
1412 2174 1641 2237 idonea,
1692 2189 1816 2229 cum
1864 2181 2014 2227 esset

412 2268 703 2340 caeteroqui
746 2269 914 2324 totius
946 2268 1165 2323 lamiliue
1200 2268 1392 2337 stirps,
1432 2283 1620 2323 ramus
1654 2267 1749 2336 qui
1782 2265 2016 2337 posteri-

410 2367 581 2415 tatem
626 2368 972 2430 propagaret,
1025 2369 1259 2415 senectae
1306 2357 1566 2416 fulcrum.
1615 2358 1789 2414 Etiam
1834 2360 2014 2415 aetatis

410 2451 677 2507 indicatio
711 2454 918 2507 luctum
951 2459 1134 2522 auget.
1164 2451 1301 2507 Nam
1331 2453 1450 2523 ipse
1483 2451 1584 2509 llos
1616 2449 1804 2507 formas
1832 2468 2013 2509 emar-

411 2543 599 2598 cuisse
644 2540 1006 2613 signiﬁcatur,
1042 2559 1166 2599 cum
1200 2542 1456 2614 juvenem
1489 2544 1824 2599 exstinctum
1874 2544 2016 2600 dici-

414 2653 561 2701 mus,
589 2635 682 2691 cui
712 2634 778 2690 ad
802 2634 1010 2706 justam
1042 2634 1354 2691 crassitiem
1386 2634 1556 2690 barba
1585 2635 1823 2690 necdum
1846 2644 2014 2691 'aucta

413 2729 613 2794 inierit,
654 2730 750 2785 sed
789 2728 966 2798 prima
1003 2737 1214 2783 tantum
1252 2728 1451 2799 lanugo
1480 2729 1639 2798 quasi
1670 2726 2015 2784 cillorescere

415 2822 666 2894 cmperit,
703 2838 963 2893 genarum
1002 2820 1409 2891 pulchritudine
1439 2820 1741 2875 etiamnum
1778 2820 2011 2875 nitorem

413 2929 578 2971 suum
608 2922 943 2972 ostentante.
975 2913 1116 2981 Quid
1150 2924 1264 2969 tum
1289 2913 1456 2968 animi
1486 2913 1660 2969 fuisse
1686 2913 1767 2968 illi
1798 2916 2014 2968 miserae

411 3014 600 3077 putas,
635 3021 758 3075 qua)
790 3005 962 3059 lilium
1000 3006 1160 3059 talem
1195 3004 1513 3060 amitteret?
1557 3004 1818 3059 nimirum
1864 3004 2014 3060 velut

2106 528 2451 594 παιδοποιίας
2480 528 2657 592 ἐλπὶς,
2695 528 2794 599 τὴν
2827 529 2920 583 ἐπὶ
2945 527 3022 599 τῷ
3062 527 3368 582 ὲκλείποντι
3405 530 3721 601 συμφοράν-

2106 617 2485 689 θεραπεύουσα
2511 636 2523 649 ·
2555 621 2701 692 χήρα
2734 620 2844 691 γὰρ
2875 622 2909 693 ή
2944 623 3104 693 γυνή.
3137 623 3253 677 Οὐκ
3278 619 3395 694 εἶχε
3424 625 3564 696 πρὸς
3591 625 3704 678 ἓτε-

2108 728 2200 782 ρον
2230 712 2350 765 ἀντὶ
2381 711 2474 765 τοῦ
2520 713 2913 784 κατοιχομένου
2957 713 3178 783 βλέπειν
3202 731 3217 745 ’
3252 716 3556 786 μονογενὴς
3595 716 3708 787 γὰρ

2107 804 2135 856 6
2176 802 2353 867 τόκος.
2389 803 2552 857 Ὅσον
2577 803 2632 857 δὲ
2660 803 2721 857 τὸ
2756 804 2852 856 ἐπὶ
2880 804 3056 876 τούτῳ
3096 805 3287 872 κακὸν,
3314 807 3481 860 παντὶ
3516 808 3731 878 ῥᾴδιοι-ν’

2112 896 2343 949 συνιδεῖν
2372 895 2450 967 τῷ
2490 896 2566 968 μὴ
2603 896 3004 968 άπεξενωμὲνῳ
3033 898 3131 968 τῆς
3164 899 3401 968 φύσεως.
3432 900 3618 955 Μόνον
3646 902 3714 952 ἐν

2107 985 2298 1042 ὠδῖσιν
2318 989 2524 1042 ἐκεῖνον
2552 985 2841 1060 ἐγνώρισε,
2877 986 3039 1059 μόνον
3070 993 3193 1055 ταῖς
3221 991 3413 1061 θηλαῖς
3446 992 3714 1062 ἐτιθηνὴ-

2110 1095 2267 1132 σατο’
2316 1079 2477 1150 μόνος
2527 1080 2670 1151 αὐτῇ
2725 1080 2959 1152 φαιδρὰν
3007 1081 3184 1136 ἐποίει
3230 1081 3331 1153 τὴν
3375 1083 3708 1154 τράπεζαν·

2113 1169 2271 1242 μόνος
2300 1164 2370 1242 ἦν
2392 1169 2491 1241 τῆς
2516 1169 2656 1225 κατὰ
2680 1171 2774 1225 τὸν
2792 1168 2940 1226 οἷκον
2964 1173 3320 1246 φαιδρότητος
3348 1175 3382 1244 ἡ
3411 1174 3701 1237 ὑπόθεσις·

2112 1260 2346 1327 παίζων,
2380 1262 2729 1328 σπουδάζων,
2761 1263 3122 1336 ἀσκούμενος,
3160 1266 3612 1338 φαιδρυνόμενος,
3642 1269 3713 1320 ἐν

2113 1350 2395 1422 προόδοις,
2444 1353 2504 1406 ὲν
2548 1354 2946 1426 παλαίστραις,
2985 1358 3045 1409 ὲν
3088 1356 3367 1425 συλλόγοις
3415 1358 3701 1426 νεότητος·

2115 1447 2222 1500 πᾶν
2259 1445 2288 1498 ὃ
2337 1461 2391 1498 τι
2434 1445 2641 1518 μητρὸς
2689 1445 2989 1519 ὀφθαλμοῖν
3034 1448 3208 1516 γλυκύ
3249 1467 3309 1504 τε
3359 1451 3455 1504 καὶ
3495 1449 3705 1520 τίμιον,

2117 1537 2278 1609 μόνος
2314 1538 2524 1602 ἐκεῖνος
2554 1532 2644 1610 ἦν.
2688 1529 2831 1610 Ἤδη
2861 1538 2956 1593 τοῦ
2992 1540 3172 1612 γάμου
3203 1540 3301 1612 τὴν
3339 1540 3494 1613 ὤραν
3526 1541 3707 1608 ἄγων,

2111 1628 2142 1682 6
2166 1628 2261 1683 τοῦ
2293 1629 2486 1699 γένους
2519 1629 2719 1701 δρπηξ,
2747 1632 2776 1684 6
2796 1630 2897 1701 τῆς
2918 1631 3171 1703 διαδοχῆς
3198 1631 3410 1696 κλάδος,
3432 1634 3467 1703 ἠ
3494 1633 3712 1703 βακτη-

2118 1722 2209 1793 ρία
2236 1721 2330 1775 τοῦ
2352 1723 2582 1793 γήρους.
2625 1720 2786 1776 ’Δλλὰ
2819 1722 2914 1775 καὶ
2943 1725 2977 1793 ἠ
3008 1723 3109 1794 τῆς
3141 1723 3357 1793 ἡλικίας
3388 1723 3709 1795 προσθήκη,

2115 1813 2275 1878 ἄλλος
2316 1813 2512 1885 θρῆνος
2550 1809 2638 1885 ἦν.
2695 1814 2753 1869 ⁸0
2795 1813 2905 1885 γὰρ
2945 1815 3163 1869 νεανίαν
3201 1814 3406 1881 είπὼν,
3441 1815 3504 1869 τὸ
3544 1817 3715 1879 ἄνθος

2116 1900 2239 1958 εἷπε
2280 1904 2380 1974 τῆς
2408 1903 2781 1975 μαρανθείσης
2813 1904 2983 1977 ὥρας,
3023 1905 3149 1977 ἄρτι
3185 1909 3298 1970 τοῖς
3340 1906 3540 1971 ἰούλοις
3579 1908 3715 1961 61:6-

2115 1994 2431 2067 χλοάζοντα,
2471 1993 2624 2049 οὔπω
2660 1994 2755 2049 τοῦ
2801 1995 3063 2065 πώγωνος
3092 1997 3181 2053 διὰ
3214 1997 3412 2068 βάθους
3454 2001 3711 2070 ὑποπιμ-

2116 2085 2413 2157 πλάμενον,
2446 2084 2528 2139 ἔτι
2556 2085 2634 2159 τῷ
2657 2087 2843 2141 κάλλει
2877 2088 2984 2142 τῶν
3008 2090 3249 2161 παρειῶν
3272 2091 3717 2147 ὁποστίλϐοντα-

2116 2176 2182 2231 Τί
2218 2176 2400 2231 τοίνυν
2439 2176 2670 2248 πάσχειν
2702 2178 2851 2242 εἰκὸς
2879 2173 2948 2250 ἦν
2997 2180 3082 2233 ἐπ’
3116 2179 3267 2251 αὐτῷ
3294 2180 3394 2251 τὴν
3446 2182 3710 2254 μητέρα;

2113 2269 2277 2322 οἱονεὶ
2321 2267 2455 2339 ἠυρλ⁸
2504 2269 2616 2331 τοῖς
2661 2269 2993 2338 σπλάγχνοις
3043 2268 3549 2337 ἑγκαταφλέγεσθαι
3570 2311 3586 2333 ,
3635 2268 3727 2333 ὥς

2116 2360 2329 2434 πικρῶς
2367 2362 2456 2414 ἐπ’
2484 2361 2636 2433 αὐτῷ
2673 2360 3022 2435 παρατείνειν
3051 2360 3143 2415 τὸν
3179 2360 3396 2432 θρῆνον,
3438 2361 3713 2432 περιπλε-

2115 2452 2357 2524 κομένην
2403 2453 2755 2525 προκειμένῳ
2797 2452 2879 2524 τῷ
2921 2452 3207 2525 πτώματι,
3239 2453 3317 2517 ὡς
3360 2453 3437 2525 μὴ
3478 2453 3547 2508 ἂν
3590 2457 3719 2508 ἐπι-

2117 2545 2353 2599 σπεῦσαι
2392 2543 2470 2616 τῷ
2515 2545 2696 2617 νεκρῷ
2736 2545 2838 2617 τὴν
2883 2545 3139 2616 κηδείαν,
3174 2544 3290 2598 ἀλλ’
3344 2545 3716 2617 ἐμφορεῖσθαι

2114 2637 2208 2691 τοῦ
2238 2636 2464 2702 πάθους,
2494 2637 2841 2692 ὲπιπλείστον
2873 2635 3025 2707 αὐτῷ
3054 2639 3182 2701 τοὺς
3207 2637 3485 2709 ὀδυρμοὺς
3526 2654 3715 2709 παρα-

2114 2728 2414 2783 τείνουσαν·
2444 2728 2568 2782 οὑδὲ
2601 2728 2761 2783 τοῦτο
2794 2729 3041 2801 παρῆκεν
3078 2730 3108 2783 6
3132 2727 3309 2797 λόγος’
3350 2749 3369 2779 ι
3426 2727 3575 2781 Ἰδὼν
3606 2730 3717 2797 γὰρ

2114 2820 2284 2893 αὐτὴν
2318 2821 2348 2873 6
2389 2819 2614 2890 Ἰησοῦς,
2642 2840 2663 2873 ι
2697 2821 2882 2891 φησὶν,
2919 2840 2937 2873 ι
2970 2818 3395 2890 ἐσπλαγχνίσθη.
3431 2821 3528 2875 καὶ
3548 2837 3718 2891 προσ-

2114 2913 2283 2968 ελθὼν
2310 2914 2489 2984 ἥψατο
2515 2913 2616 2983 τῆς
2654 2912 2839 2985 σοροῦ,
2868 2913 2916 2966 οί
2940 2912 3001 2967 δὲ
3043 2912 3413 2983 βαστάσαντες
3450 2911 3713 2983 ἔστησαν.

2114 3005 2226 3058 Καὶ
2254 3004 2402 3075 λέγει
2438 3004 2518 3076 τῷ
2558 3004 2740 3075 νεκρῷ
2762 3022 2777 3034 ο
2806 3003 3045 3069 Νεανία,
3077 3004 3160 3058 σοὶ
3205 3004 3367 3072 λέγω,
3413 3003 3677 3075 ἐγέρθητι
3699 3020 3717 3034 ο

297 3516 303 3531 ε
419 3460 663 3515 extincto
698 3458 847 3531 iusta
887 3458 1096 3524 facere,
1137 3458 1234 3514 sed
1274 3457 1466 3513 satiari
1522 3456 1711 3513 dolere
1762 3458 2017 3527 cupiens.

417 3095 488 3151 ab
507 3095 634 3167 igne
662 3096 901 3165 quodam
928 3095 1141 3151 viscera
1166 3095 1338 3164 ipsius
1365 3093 1593 3167 depasta
1625 3094 1799 3150 fuisse
1827 3110 2014 3151 neces-

2121 3096 2212 3151 καὶ
2244 3096 2561 3167 παρέδωκεν
2585 3097 2749 3151 αὑτὸν
2771 3099 2839 3168 τῇ
2885 3097 3053 3167 μητρὶ
3078 3095 3244 3150 αὑτοῦ
3272 3095 3472 3161 ζῶντα.
3512 3114 3531 3147 ι
3570 3095 3718 3164 Ἤδη

417 3200 480 3241 se
525 3192 632 3241 est.
673 3187 863 3256 Itaque
912 3185 1107 3241 acerbe
1146 3184 1497 3240 lamentando
1537 3200 1596 3241 se
1635 3185 1845 3251 alllixit,
1887 3202 2012 3241 cum

2121 3186 2299 3240 τοίνυν
2326 3188 2432 3240 οὐκ
2467 3188 2526 3240 ὲν
2553 3185 2721 3257 ὀλίγῳ
2754 3185 3085 3258 διαστήματι
3124 3184 3220 3240 τοῦ
3252 3186 3449 3257 νεκροῦ
3483 3202 3720 3255 γεγενη-

419 3277 619 3332 mortui
661 3276 896 3334 cadaver
936 3277 1365 3348 amplexarctur,
1406 3285 1461 3332 et
1499 3293 1661 3347 quam
1702 3278 2015 3335 diutissime

2131 3277 2318 3347 μένου,
2371 3278 2465 3330 καὶ
2501 3277 2626 3330 ὅσον
2672 3276 2886 3331 οὐδέπω
2935 3275 3356 3339 ἑναποτεθέντος
3400 3276 3479 3348 τῷ
3531 3277 3719 3346 τάφῳ,

419 3367 476 3422 in
506 3366 653 3421 luctu
687 3366 1049 3437 perduraret:
1089 3365 1314 3421 minime
1348 3366 1437 3420 illa
1467 3365 1685 3435 quidem
1716 3380 2015 3436 properans

2121 3370 2332 3438 γίνεται
2377 3370 2506 3439 παρ’
2539 3368 2705 3423 αὐτοῦ
2754 3368 2963 3439 Κυρίου
3013 3368 3077 3423 τὸ
3123 3370 3223 3440 μὲν
3267 3367 3458 3439 θαῦμα
3503 3370 3723 3440 μεῖζον,

2121 3461 2184 3515 τὸ
2222 3461 2281 3516 δὲ
2326 3462 2656 3532 πρόσταγμα
2700 3457 2838 3516 ἴσον.
2876 3462 2997 3516 Ἔτι
3037 3461 3173 3533 πρὸς
3210 3461 3271 3516 τὸ
3315 3461 3654 3532 ὑψηλότερον
3683 3462 3721 3530 ἠ

417 3547 628 3605 Deinde
655 3548 988 3619 subjicitur:
1069 3547 1291 3614 Jesum,
1326 3564 1450 3604 eum
1488 3547 1636 3602 illam
1671 3556 1818 3605 esset
1853 3548 2015 3605 intui-

2126 3553 2531 3627 θαυματοποιία
2575 3554 2937 3626 προέρχεται,
2980 3553 3060 3619 ὡς
3112 3553 3180 3609 ἂν
3234 3553 3437 3625 μᾶλλον
3473 3569 3720 3623 προσεγ-

416 3648 535 3703 tus,
562 3640 756 3695 intimo
778 3642 1052 3697 viscerum
1083 3652 1235 3696 motu
1268 3654 1397 3710 erga
1437 3639 1612 3711 ipsam
1642 3648 1701 3695 ut
1729 3640 2015 3699 commise-

2126 3646 2300 3715 γίσειε
2361 3644 2431 3700 τὰ
2484 3645 2787 3714 φαινόμενα
2845 3645 2929 3716 τῷ
2982 3646 3373 3719 ἀπιστουμένω
3433 3647 3567 3717 περὶ
3616 3645 3723 3717 τὴν

420 3737 633 3792 ratione
660 3745 1000 3808 tangeretur,
1024 3736 1324 3794 adductum
1352 3735 1543 3793 fuisse.
1569 3734 1749 3803 Quare
1776 3753 1903 3793 cum
1925 3754 2015 3795 ac-

2126 3738 2429 3795 άνάστασιν
2469 3736 2733 3810 θαύματι.

414 3834 704 3898 cessisset,
744 3832 1085 3904 sandapilam
1140 3833 1363 3902 attigit:
1394 3840 1449 3888 et
1507 3832 1770 3889 continuo
1809 3835 1904 3905 qui
1965 3850 2087 3891 eam
2133 3835 2451 3906 portabant,
2490 3833 2875 3891 substiterunt.
2932 3833 3010 3890 lbi
3048 3841 3165 3889 tum
3202 3839 3449 3897 mortuo,
3487 3831 3727 3888 Iuvenis

417 3922 539 3994 (ait)
574 3922 670 3978 tibi
711 3922 858 3989 dico,
898 3924 1300 3996 expergiscere.
1339 3919 1523 3996 Atque
1563 3927 1667 3981 hoc
1703 3938 1865 3997 pacto
1900 3927 2027 3982 vita:
2070 3928 2384 3983 restitutum
2429 3927 2590 3981 matri
2633 3926 2822 3981 donat.
2863 3925 3007 3997 Ergo
3042 3925 3173 3981 huic
3205 3940 3317 3980 non
3358 3925 3560 3997 exiguo
3599 3924 3718 3993 jam

422 4015 495 4072 ab
528 4015 818 4071 intervallo
853 4026 1074 4071 mortuo
1111 4018 1281 4072 vitam
1318 4017 1582 4082 restituit,
1629 4028 1755 4074 cum
1797 4027 2007 4074 tantum
2049 4036 2158 4076 non
2180 4021 2430 4091 sepultus
2475 4027 2645 4077 esset.
2701 4018 2857 4086 Quod
2880 4019 2993 4090 jam
3019 4018 3346 4074 miraculum
3383 4017 3568 4086 priore
3601 4029 3722 4069 ma-

419 4104 515 4179 jus
540 4111 646 4164 est,
680 4118 995 4174 quanquam
1028 4105 1227 4160 eodem
1260 4107 1537 4162 sermonis
1571 4107 1801 4176 imperio
1854 4109 1928 4164 sit
1978 4107 2261 4168 elfectum.
2298 4110 2591 4167 Enimvero
2641 4109 2908 4166 Dominus
2962 4108 3033 4163 ad
3079 4107 3354 4165 exceisius
3385 4107 3550 4163 etiam
3586 4119 3721 4174 pro.

415 4197 631 4266 digium
665 4196 1032 4268 progreditur,
1090 4205 1149 4252 ut
1188 4201 1372 4268 potius
1427 4215 1523 4270 per
1564 4200 1884 4258 manifestas
1921 4201 2240 4262 ail‘ectiones
2286 4205 2358 4261 ad
2413 4204 2857 4262 resuscitatlonis
2913 4203 3240 4259 miraculum
3294 4201 3722 4265 accederemus,

428 4287 577 4358 quod
609 4289 909 4358 caeteroqui
941 4288 1162 4346 dillicile
1190 4289 1405 4346 creditu
1430 4299 1535 4347 est.

493 4383 707 4441 Aﬂieta
733 4385 955 4456 quidam
975 4386 1285 4442 valetudine
1310 4386 1541 4443 Domino
1565 4386 1853 4448 familiaris
1873 4400 1929 4448 et
1954 4407 2011 4446 a-
2046 4395 2089 4449 D

424 4477 604 4534 Inicus
625 4485 760 4543 erat,
776 4477 864 4533 cui
892 4492 1093 4533 nomen
1110 4476 1373 4534 Lazarus.
1393 4477 1551 4535 Hunc
1572 4495 1886 4553 quanquam
1912 4483 2019 4540 sibi

421 4582 639 4637 carum,
659 4569 896 4625 invise‘re
921 4579 1101 4626 tamen
1127 4568 1391 4627 Dominus
1415 4572 1653 4638 nolebat,
1679 4590 1804 4630 cum
1829 4577 2015 4647 procul

2124 4587 2241 4643 ριος
2266 4570 2367 4640 τὴν
2406 4568 2503 4623 τοῦ
2528 4567 2683 4638 φίλου
2728 4565 3039 4636 ἐπίσκεψιν,
3064 4567 3257 4638 πόρρω
3295 4566 3391 4621 τοῦ
3429 4567 3721 4633 νοσοῦντος

421 4660 499 4716 ab
531 4660 651 4731 ipso
679 4660 937 4717 abesset:
974 4672 1033 4717 ut
1063 4663 1199 4719 satis
1229 4671 1283 4718 ct
1317 4663 1425 4719 loci
1460 4676 1515 4720 et
1545 4664 1825 4723 facultatis
1858 4669 2015 4724 morti

2125 4662 2440 4734 γενόμενος,
2462 4661 2543 4724 ὡς
2569 4660 2635 4715 ἂν
2664 4658 2814 4732 εὖροι
2845 4658 3031 4731 χώραν
3062 4660 3159 4713 καὶ
3183 4658 3413 4730 δύναμιν
3433 4660 3494 4713 ὲν
3518 4662 3589 4730 τῇ
3620 4661 3721 4731 τῆς

2200 4389 2448 4445 Ἦσθένει
2485 4406 2571 4453 τις
2594 4387 2704 4443 τῶν
2743 4384 2993 4457 συνήθων
3030 4385 3110 4456 τῷ
3154 4386 3347 4457 Κυρίῳ
3374 4386 3471 4439 καὶ
3520 4386 3721 4455 φίλων

2121 4482 2372 4554 Λάζαρος
2390 4481 2560 4552 ὄνομα
2580 4479 2659 4551 τῷ
2677 4476 3012 4533 ἀσθενοῦντι.
3036 4477 3149 4532 Καὶ
3175 4478 3521 4549 παραιτεῖται
3546 4480 3581 4530 6
3610 4477 3721 4531 Κύ-

426 4760 580 4811 csset
609 4753 664 4807 in
693 4752 944 4809 absentia
967 4753 1112 4819 vita,
1129 4755 1199 4810 ad
1225 4754 1569 4813 elﬁciendum
1596 4758 1648 4814 id
1684 4760 1864 4816 morbi
1889 4776 2018 4831 ope,

366 4842 376 4863 ’
426 4845 579 4918 quod
605 4844 710 4916 ipsi
729 4852 814 4902 est
835 4846 1139 4917 proprium.
1160 4845 1371 4903 Lazaro
1389 4848 1615 4919 quidem
1635 4850 1767 4920 quid
1788 4852 2025 4909 accidis-

424 4943 515 4991 set
542 4949 668 4989 cum
697 4943 885 4989 essent
910 4934 964 4989 in
991 4933 1237 5002 Galilaea,
1272 4936 1563 5008 discipulis
1590 4938 1830 4997 indicat:
1856 4951 2023 5013 atque

420 5028 592 5083 etiam
615 5024 1009 5096 profectionem
1027 5027 1267 5101 adillum
1293 5044 1471 5095 suam,
1506 5038 1567 5086 ut
1582 5031 1858 5101 iacentem
1880 5034 2025 5090 exci-

424 5126 595 5175 taret.
617 5115 1014 5174 Sedillirerum
1042 5134 1270 5176 suarum
1297 5121 1496 5193 trepidi
1530 5132 1752 5194 propter
1773 5125 2023 5180 immani-

426 5217 601 5266 tatem
641 5208 986 5278 Judreorum,
1040 5227 1208 5284 grave
1245 5228 1310 5268 ac
1347 5214 1720 5285 periculosum
1760 5216 1864 5272 sibi
1904 5217 2023 5272 fore

431 5302 772 5369 statuebant,
812 5304 863 5359 si
893 5304 986 5359 tali
1014 5314 1260 5374 tempore
1301 5306 1359 5361 in
1384 5304 1627 5363 Iudaeam
1652 5309 1923 5375 redirent,
1955 5322 2022 5363 ac

433 5395 910 5451 semetbomicidis
931 5396 1252 5452 mactandos
1270 5398 1792 5470 praeberentJtaque
1808 5414 2022 5455 moram

436 5498 505 5539 ex
523 5500 676 5540 mora
696 5495 1002 5554 nectentes,
1034 5502 1161 5544 sero
1193 5488 1412 5544 tandem
1438 5503 1471 5544 e
1493 5489 1715 5545 Galilaza
1740 5498 2023 5546 revertun-

437 5573 689 5630 tur.Nam
708 5576 919 5634 Domini
938 5587 1206 5650 potestas,
1224 5578 1468 5650 ipsorum
1488 5590 1606 5636 erat
1618 5582 1900 5637 voluntate
1931 5598 2027 5638 su—

440 5664 847 5739 periorultaque
873 5669 1212 5727 ducebantur
1231 5672 1437 5745 abipso
1474 5673 1749 5744 discipuli,
1794 5685 1852 5729 ut
1881 5674 2026 5745 apud

439 5760 757 5817 Bethaniam
787 5762 943 5819 initia
969 5765 1213 5837 mysterii
1241 5766 1308 5823 de
1333 5767 1759 5836 resurrectione,
1781 5782 1889 5840 qua
1923 5768 2023 5826 lio-

2127 4755 2276 4826 ζωῆς
2294 4753 2536 4826 ἀπουσίᾳ
2554 4754 2616 4807 τὸ
2643 4753 2776 4807 ἴδιον
2800 4751 3131 4824 ἐργάζεσθαι
3150 4751 3238 4805 διὰ
3257 4752 3357 4821 τῆς
3377 4752 3536 4806 νόσου
3566 4754 3598 4805 6
3628 4754 3721 4807 θά-

2102 4864 2310 4913 νατος.
2341 4846 2555 4918 Μηνύει
2577 4849 2687 4911 τοῖς
2712 4846 2982 4919 μαθηταῖς
2999 4848 3029 4899 6
3054 4844 3259 4916 Κύριος
3279 4845 3422 4899 κατὰ
3440 4845 3541 4915 τὴν
3564 4846 3721 4899 Γαλι-

2129 4940 2287 4995 λαίαν
2311 4940 2373 4993 τὸ
2390 4940 2519 5012 περὶ
2539 4939 2633 4994 τδν
2653 4939 2905 5011 Λάζαρον
2927 4938 3099 5004 πάθος
3118 4956 3129 4971 ·
3162 4937 3299 4992 ἀλλὰ
3324 4937 3422 4991 καὶ
3446 4937 3552 5007 τὴν
3583 4939 3721 5010 πρὸς

2129 5030 2293 5086 αὑτῦν
2314 5030 2513 5104 ὁρμὴν,
2530 5032 2615 5099 ἐφ’
2634 5022 2680 5097 ᾧ
2696 5047 2757 5082 τε
2774 5029 3130 5101 διαναστῆσαι
3152 5028 3245 5083 τὸν
3264 5029 3534 5099 κείμενον.
3558 5031 3723 5101 Περι-

2127 5125 2267 5188 δεεῖς
2296 5124 2357 5177 δὲ
2377 5119 2517 5195 ἦσαν
2539 5124 2736 5177 ἐκεῖνοι
2760 5121 2849 5177 διὰ
2871 5122 2971 5194 τὴν
2993 5121 3104 5175 τῶν
3145 5121 3414 5175 Ἰουδαίων
3432 5121 3717 5194 ὠμότητα,

2129 5215 2365 5288 χαλεπὸν
2391 5216 2485 5270 καὶ
2515 5214 2835 5278 κινδυνῶδες
2870 5212 3182 5285 ποιούμενοι
3209 5212 3272 5267 τὸ
3301 5213 3463 5267 πάλιν
3496 5215 3594 5267 ἐπὶ
3621 5214 3719 5285 τῆς

2138 5306 2401 5370 Ἰουδαίας
2435 5308 2494 5359 ὲν
2524 5306 2675 5378 μέσῳ
2699 5305 2810 5360 τῶν
2852 5304 3136 5375 φονώντων
3179 5304 3452 5374 γενέσθαι.
3480 5306 3596 5359 Καὶ
3632 5305 3719 5360 διὰ

2129 5399 2287 5454 τοῦτο
2320 5399 2602 5469 μέλλοντες
2632 5397 2726 5453 καὶ
2756 5396 3196 5467 ἀναϐαλλόμενοι.
3230 5396 3406 5467 χρόνῳ
3438 5396 3716 5450 ποιοῦνται

2131 5489 2228 5560 τὴν
2243 5489 2352 5543 ἀπὸ
2370 5490 2469 5558 τῆς
2491 5486 2781 5550 Γαλιλαίας
2802 5486 3079 5541 ἐπάνοδον.
3098 5485 3428 5557 Κατεκράθη
3445 5485 3555 5556 γάρ
3575 5491 3609 5557 ἡ
3632 5486 3716 5555 ἐξ·

2132 5580 2308 5646 ουσία,
2334 5581 2428 5633 καὶ
2451 5580 2648 5650 ἤγοντο
2679 5578 2830 5650 παρὰ
2849 5577 2946 5633 τοῦ
2971 5578 3175 5650 Κυρίου
3195 5580 3243 5631 oi
3269 5576 3529 5648 μαθηταὶ,
3555 5577 3715 5631 οἱονεὶ

2132 5673 2201 5725 τὰ
2232 5672 2521 5744 προτέλεια
2557 5673 2655 5740 τῆς
2690 5669 2982 5740 καθολικῆς
3011 5669 3357 5731 ἀναστάσεως
3385 5669 3445 5721 ὲν
3476 5666 3712 5737 Βηθανίᾳ

2138 5765 2558 5840 μυῃθησόμενοι.
2592 5762 2868 5834 Τέσσαρες
2892 5758 3032 5835 ἦσαν
3058 5761 3159 5835 ήδη
3194 5760 3332 5834 μετὰ
3370 5759 3432 5815 τὸ
3461 5759 3633 5824 πάθος
3659 5762 3711 5814 αἱ
