3890 6358
126 502 131 507 .
158 442 252 503 2‘25

1406 445 1491 501 DE
1532 445 1816 503 llOMlNlS
1853 446 2173 506 OPlFlCIO.

3325 460 3432 516 226

161 564 489 635 ἀτονωτέραν
530 558 679 618 εἶναι
723 562 820 636 τὴν
868 563 962 617 τοῦ
1014 562 1151 617 Θεοῦ
1193 564 1413 633 γνῶσιν,
1455 564 1530 628 ὡς
1574 564 1648 636 μὴ
1680 565 1746 619 ἂν

1858 566 2093 636 positum
2133 567 2339 623 essein
2393 582 2581 634 manu,
2632 568 2854 625 Littera:
2903 569 3171 627 divinitus
3220 574 3435 629 tradita

159 658 387 729 ἑξευρεϊν
425 656 546 710 τῶν
581 656 1066 729 ἐμπεριεχομένων
1097 654 1202 709 ὑπὸ
1233 655 1334 727 τῆς
1374 655 1523 719 θείας
1556 655 1752 709 σπιθα-

1858 659 2129 713 ducent”.
2179 658 2336 726 Quod
2372 660 2417 717 si
2449 668 2509 715 tu
2561 677 2625 717 ea
2659 679 2767 717 non
2814 663 3057 734 ignoras,
3113 680 3237 734 qua:
3266 680 3433 720 manu

158 748 259 820 μ’ἠς
294 748 392 817 τὴν
427 746 758 821 ἀκρίϐειαν;

1845 756 1939 804 tua
1980 752 2335 807 continentur
2368 770 2382 806 :
2418 769 2519 809 cur
2554 753 2725 809 Deum
2767 758 2950 812 minus
2983 773 3107 813 esse
3149 759 3438 828 perspica-

158 856 283 903 rem,
318 855 488 911 quam
520 847 587 895 tu
615 840 715 905 sis,
754 838 1079 896 existimas:
1112 839 1273 911 quasi
1300 855 1411 895 non
1442 846 1697 896 accurate
1725 842 1911 898 omnia
1943 860 2066 915 quae
2099 847 2279 918 palma
2306 864 2407 904 sua
2438 851 2843 921 complectitur,
2879 861 3008 908 nota
3036 862 3436 926 perspectaque

160 932 385 986 habeat?

670 1045 1069 1103 ΚΕΦΑΛΔΙΟΝ
1106 1049 1234 1104 KZ'.

167 1166 279 1217 Ὅτι
613 1164 803 1252 ἐστιν,
833 1167 923 1252 εἰς
965 1165 1039 1219 τὰ
1074 1166 1181 1252 τρῦ
1220 1165 1450 1252 attende
1476 1163 1748 1252 στοιχεῖα

221 1233 324 1288 τοῦ
355 1236 743 1302 ἀνθρωπίνου
780 1234 1056 1304 σώματος
1084 1235 1512 1302 ἀναλυθέντος,
1560 1233 1747 1289 πάλιν

222 1305 287 1357 ἐκ
314 1304 419 1358 τοῦ
456 1305 674 1359 κοινοῦ
705 1304 943 1369 ἑκάστῳ
973 1305 1040 1358 τὸ
1080 1303 1236 1359 ιδιον
1260 1305 1671 1373 ἀποσωθῆναι.

236 1392 389 1445 Ἀλλά
423 1392 594 1462 τυχὸν
630 1393 766 1464 πρὸς
790 1392 860 1447 τὰ
886 1396 1124 1464 στοιχεῖα
1148 1392 1245 1447 τοῦ
1280 1394 1478 1458 παντὸς
1510 1394 1745 1465 βλέπων,

163 1484 408 1539 δύσκολον
453 1486 567 1539 οῐει
596 1485 693 1538 τοῦ
747 1485 807 1537 ἐν
843 1486 977 1556 ἡμῖν
1015 1485 1179 1558 ἀέρος
1211 1486 1347 1558 πρὸς
1394 1487 1455 1540 τὸ
1494 1486 1756 1555 συγγενὲς

167 1581 414 1647 στοιχεῖον
443 1578 829 1647 ἀναχεθέντος,
863 1577 1073 1631 καὶτοῦ
1104 1578 1330 1651 θερμοῦ
1348 1596 1408 1633 τε
1436 1579 1533 1633 καὶ
1561 1577 1752 1649 ὑγροῦ,

167 1671 252 1723 καὶ
294 1669 386 1723 τοῦ
422 1668 670 1740 γεώδους
719 1670 984 1734 ὡσαύτως
1032 1673 1146 1735 τοῖς
1179 1671 1471 1743 ὁμοφύλοις
1515 1672 1753 1741 ἐγκατα-

2391 1049 2625 1109 CAPUT
2670 1052 2883 1110 XXVII.

1854 1155 2004 1213 Fieri
2031 1175 2203 1229 posse,
2233 1173 2292 1216 ut
2317 1180 2507 1233 sparso
2541 1167 2595 1219 in
2637 1168 2893 1223 elementa
2936 1172 3299 1227 universitatis
3336 1173 3437 1227 Ιικ-

1924 1247 2082 1320 matto
2116 1248 2351 1301 corpore,
2383 1236 2523 1317 quod
2556 1239 2831 1320 proprium
2858 1250 3032 1294 tamen
3057 1245 3337 1313 unicuique
3355 1254 3434 1298 est

1921 1316 1987 1355 ex
2009 1303 2109 1355 illa
2135 1303 2511 1359 communitate
2534 1303 2864 1363 restituatur.

1926 1393 1996 1447 At
2021 1394 2190 1462 enim,
2237 1394 2369 1451 dum
2422 1398 2693 1455 elementa
2744 1402 3125 1460 universitatis
3174 1405 3432 1471 intueris,

1854 1484 1975 1540 fore
1996 1486 2283 1543 existimas
2329 1489 2674 1560 perdifﬁcile,
2727 1501 2787 1546 ut
2837 1510 2904 1549 ex
2940 1500 3336 1555 communitate
3375 1500 3431 1554 id

1852 1575 2000 1645 quod
2029 1591 2322 1647 corporum
2339 1581 2682 1651 singulorum
2702 1587 2985 1655 proprium
3011 1596 3118 1653 est,
3139 1590 3438 1661 aliquando

1850 1681 2049 1723 rursus
2081 1668 2345 1737 conﬂuat,
2388 1678 2679 1742 postquam
2697 1676 2865 1729 semel
2891 1684 2946 1731 et
2977 1678 3205 1746 spiritus
3238 1679 3291 1733 in
3333 1694 3433 1734 no-

173 1761 482 1832 μιχθέντων,
526 1761 695 1816 πάλιν
734 1763 798 1815 ἐκ
830 1762 924 1816 τοῦ
976 1762 1157 1817 κοινοῦ
1213 1764 1275 1818 τὸ
1312 1767 1511 1819 οἰκεῖον
1551 1766 1644 1819 ἐπὶ
1690 1764 1753 1818 τὸ

1858 1757 1937 1813 bis
1967 1769 2258 1833 cognatum
2308 1762 2364 1817 in
2402 1763 2734 1821 elementum
2790 1767 3076 1839 dispersus
3108 1779 3211 1837 est,
3260 1780 3315 1827 et
3339 1787 3435 1826 ca-

171 1856 292 1908 ίειον
326 1854 689 1925 ἀναδραμεῖν.
729 1850 864 1908 Εἶτα
890 1856 949 1909 οὐ
988 1856 1177 1931 λογίζῃ
1205 1856 1292 1910 διὰ
1330 1857 1440 1911 τῶν
1484 1857 1754 1931 ἀνθρωπί-

1858 1849 1959 1915 lor,
1982 1861 2036 1906 et
2064 1852 2282 1917 humor,
2316 1861 2370 1909 et
2399 1863 2585 1926 partes
2610 1866 2822 1923 terrete,
2871 1862 3039 1917 rebus
3090 1864 3176 1917 sui
3217 1864 3434 1918 scilicet

171 1962 268 1997 νων
299 1944 750 2015 ὑποδειγμάτων,
790 1945 850 1997 τὸ
886 1946 1023 2017 μηδὲ
1064 1947 1223 2000 τοῦτο
1253 1947 1355 2018 τῆς
1404 1947 1553 2011 Θείας
1591 1949 1753 2002 δυνά-

174 2055 306 2108 μεως
337 2037 700 2109 ὑπερϐαίνειν
730 2038 857 2101 τοὺς
889 2040 1078 2110 ὃρους;
1121 2035 1275 2104 Εἷδές
1309 2058 1413 2093 που
1442 2042 1661 2105 πάντως
1691 2043 1751 2095 ἐν

171 2131 276 2191 ταῖς
305 2129 681 2199 ἀνθρωπίναις
727 2130 976 2201 οἰκήσεσι
1015 2132 1203 2200 κοινὴν
1247 2132 1449 2204 ἀγέλην
1485 2131 1641 2197 ζώων
1671 2150 1754 2187 τι-

172 2221 286 2288 νῶν,
322 2222 385 2274 ἐκ
407 2222 598 2275 κοινοῦ
635 2223 1052 2295 συνισταμένην.
1093 2225 1234 2277 Ἀλλ’
1269 2226 1395 2279 ὅταν
1428 2226 1589 2280 πάλιν
1616 2212 1753 2297 πρός

172 2312 289 2376 τοὺς
318 2312 701 2384 κεκτημένους
748 2313 885 2385 αὐτὴ
939 2316 1398 2388 καταμερίζηται,
1432 2318 1467 2389 ἤ
1519 2336 1578 2371 τε
1614 2316 1751 2389 πρὸς

176 2403 291 2467 τοὺς
323 2403 507 2468 οίκους
550 2404 834 2474 συνήθεια,
867 2404 964 2457 καὶ
996 2404 1065 2459 τὰ
1096 2406 1420 2478 ἐπικείμενα
1460 2412 1661 2479 σημεῖα
1689 2408 1752 2461 τὸ

176 2493 293 2547 ἴδιον
341 2496 562 2564 ἑκάστῳ
611 2495 1035 2565 ἀποκαθίστησι.
1090 2495 1342 2551 Τοιοῦτόν
1386 2514 1439 2550 τι
1494 2499 1587 2551 καὶ
1620 2497 1752 2569 περὶ

177 2588 384 2642 σεαυτὸν
438 2588 665 2651 ἐννοῶν,
723 2590 822 2659 οὐχ
877 2589 1218 2663 ἀμαρτήσεις
1269 2589 1364 2643 τού
1423 2590 1747 2662 πρέποντος.

174 2680 363 2751 Ιιυσικῇ
390 2680 502 2754 γάρ
532 2698 642 2735 τινι
676 2680 859 2752 σχέσει
882 2680 978 2734 καὶ
1003 2684 1206 2753 στοργῇ
1243 2681 1378 2753 πρὸς
1409 2682 1471 2736 τὸ
1500 2684 1752 2755 συνοικῆ-

176 2790 265 2827 σαν
303 2774 462 2845 σῶμα
488 2775 592 2844 τῆς
621 2773 799 2844 ψυχῆς
832 2772 1201 2845 διακειμένης,
1230 2773 1345 2829 ἔστι
1384 2792 1468 2839 τις
1519 2775 1660 2830 κατά
1690 2776 1751 2830 τὸ

173 2864 381 2937 λεληθὸς
420 2867 564 2939 αὐτῇ
618 2864 707 2920 διὰ
757 2866 858 2937 τῆς
910 2867 1364 2938 συνανακράσεως
1402 2867 1496 2922 τοῦ
1547 2869 1748 2922 οἰκείου

175 2958 345 3029 σχέσις
400 2976 462 3012 τε
535 2957 633 3015 καὶ
694 2957 1029 3026 ἐπίγνωσις,
1105 2954 1219 3013 οἷον
1281 2961 1525 3032 σημείων
1588 2961 1753 3016 τινῶν

173 3050 312 3120 παρὰ
358 3049 461 3121 τῆς
513 3048 733 3119 φύσεως
790 3050 1178 3120 ἐπικειμένων,
1232 3050 1301 3104 δι’
1354 3045 1430 3105 ὧν
1482 3053 1517 3123 ἡ
1577 3052 1751 3106 κοινό-

1851 1942 2071 2013 generis
2119 1946 2333 2016 singula
2381 1949 2642 2017 permista
2696 1960 2848 2006 sunt.
2889 1953 3023 2017 Cur,
3072 1955 3325 2020 obsecro,
3365 1956 3440 2012 de

1852 2034 2112 2092 humanis
2147 2038 2310 2092 etiam
2343 2041 2611 2110 exemplis
2646 2058 2754 2098 non
2776 2045 2991 2116 colligis
3020 2048 3430 2112 ratiocinando,

1852 2127 2052 2183 divinae
2080 2132 2366 2200 potestatis
2399 2134 2502 2187 hoc
2541 2137 2806 2192 terminos
2840 2153 2949 2193 non
2976 2138 3285 2195 excedere?
3309 2138 3431 2193 Non

1851 2229 2008 2290 potes
2040 2236 2150 2276 non
2184 2222 2482 2293 aliquando
2522 2225 2589 2279 iis
2621 2226 2676 2280 in
2725 2227 2884 2294 locis,
2921 2229 3121 2298 quibus
3180 2230 3434 2285 homines

1852 2313 2180 2378 habitarent,
2211 2330 2558 2371 communem
2592 2319 2909 2373 animalium
2944 2337 3161 2392 gregem
3195 2322 3430 2384 vidisse,

1852 2409 1947 2478 qui
1981 2408 2222 2478 plurium
2252 2418 2420 2465 esset.
2470 2409 2570 2465 llic
2596 2412 2644 2467 si.
2673 2428 2806 2467 suos
2834 2414 2901 2469 ad
2929 2414 3187 2470 dominos
3232 2413 3436 2471 deinde

1851 2499 2250 2566 remitteretur,
2283 2499 2739 2560 animadvertere
2755 2506 2983 2575 potuisti
3031 2508 3279 2576 singulos
3309 2508 3433 2563 ani-

1851 2592 2017 2645 malia
2050 2606 2151 2646 sua
2195 2607 2543 2662 recuperare,
2598 2602 2711 2649 tum
2760 2597 2908 2666 quod
2955 2611 3019 2650 ea
3080 2596 3431 2653 dominorum

1854 2684 2069 2741 aedibus
2092 2686 2491 2752 assuevissent,
2524 2695 2640 2741 tum
2694 2686 2840 2757 quod
2876 2689 3018 2742 notis
3072 2697 3261 2745 essent
3314 2691 3436 2760 qui-

1852 2776 2083 2832 busdam
2109 2777 2348 2847 signata.
2395 2777 2543 2834 Idem
2594 2780 2640 2835 si
2673 2779 2741 2834 de
2788 2781 3082 2849 temetipso
3134 2782 3431 2852 cogitabis,

1852 2863 2277 2935 haudquaquam
2310 2881 2340 2919 a
2371 2878 2500 2922 vero
2542 2866 2912 2923 aberraveris.
2966 2867 3105 2923 Nam
3142 2884 3267 2924 cum
3308 2871 3435 2925 ani-

1853 2974 1976 3013 mus
2006 2957 2293 3014 affectione
2333 2968 2388 3014 et
2412 2975 2602 3015 amore
2632 2975 2663 3014 a
2687 2968 2882 3015 natura
2899 2961 3166 3033 singulari
3203 2978 3430 3033 corpus,

1854 3050 1909 3104 in
1964 3050 2128 3121 cujus
2183 3052 2342 3122 quasi
2408 3053 2775 3109 contubernio
2837 3053 2963 3119 fuit,
3023 3067 3434 3125 prosequatur;

174 3157 262 3213 της
340 3140 651 3212 ἀσύγχυτος
732 3139 883 3211 μένει
959 3141 1342 3214 διακρινομένη
1423 3145 1541 3207 τοῖς
1617 3143 1750 3198 ἰδιά-

1858 3143 2064 3199 idcirco
2095 3143 2144 3199 ei
2194 3143 2263 3199 de
2301 3144 2690 3215 conjunctione
2736 3145 2971 3215 pristina
3009 3146 3255 3217 quaedam
3290 3147 3436 3202 inest

176 3231 336 3294 ζουσι.
401 3233 517 3304 Τῆς
589 3231 770 3285 τοίνυν
840 3231 1022 3306 ψυχῆς
1094 3232 1155 3288 τὸ
1218 3234 1478 3303 συγγενές
1532 3252 1590 3289 τε
1657 3236 1752 3289 καὶ

176 3320 296 3379 ίδιον
350 3326 434 3396 ἐφ’
478 3324 681 3397 ἑαυτὴν
722 3325 885 3380 πάλιν
931 3324 1217 3397 ἑλκούσης,
1269 3327 1355 3391 τίς
1400 3327 1582 3391 πόνος,
1630 3329 1752 3382 εἰπέ

179 3435 278 3486 μοι.
307 3421 371 3489 τῇ
406 3419 532 3489 θείᾳ
561 3418 791 3489 δυνάμει
823 3412 1067 3475 κωλῦσαι
1102 3417 1213 3471 τῶν
1243 3417 1461 3473 οἰκείων
1496 3419 1593 3491 τὴν
1624 3437 1754 3475 συν-

175 3509 385 3583 δρομὴν,
416 3514 651 3585 ἀρρήτῳ
695 3514 802 3569 τινὶ
837 3517 904 3587 τῇ
937 3515 1039 3587 τῆς
1088 3514 1304 3585 φύσεως
1344 3517 1477 3589 ὁλκῇ
1510 3518 1647 3586 πρὸς
1691 3521 1754 3573 τὸ

178 3602 295 3658 ίδιον
309 3606 680 3677 ἐπειγομένων
700 3623 714 3669 ;
736 3605 809 3660 Τὸ
833 3607 941 3680 γὰρ
962 3608 1328 3680 ἐπιδιαμένειν
1353 3611 1475 3666 τινά
1498 3615 1561 3683 τῇ
1583 3611 1750 3683 ψυχῇ,

177 3698 262 3750 καὶ
305 3698 441 3768 μετά
475 3698 578 3769 τὴν
622 3697 885 3764 διάλυσιν,
927 3702 1127 3770 σημεῖα
1161 3700 1253 3754 τοῦ
1297 3703 1565 3774 ἡμετέρου
1619 3721 1751 3772 συγ-

180 3786 451 3857 κρίματος,
477 3788 752 3842 δείκνυσιν
782 3791 811 3843 ὁ
858 3791 1001 3843 κατά
1045 3790 1136 3844 τὸν
1168 3790 1301 3862 ᾅδην
1336 3791 1604 3861 διάλογος,
1644 3793 1753 3847 τῶν

184 3881 272 3948 μὲν
306 3882 578 3953 σωμάτων
612 3880 691 3951 τῷ
715 3883 868 3953 τάφῳ
900 3882 1334 3954 παραδοθέντων,
1373 3885 1755 3957 γνωρίσματος

180 3971 233 4026 δέ
263 3990 402 4039 τινος
443 3973 761 4044 σωματικοῦ
805 3976 924 4037 ταῖς
954 3974 1157 4044 ψυχαῖς
1198 3977 1652 4047 παραμείναντος,
1687 3977 1753 4031 δι’

182 4055 237 4118 οὗ
263 4067 351 4120 καὶ
399 4069 428 4121 ὁ
481 4066 734 4137 Λάζαρος
779 4065 1123 4137 ἐγνωρίζετο,
1162 4067 1256 4120 καί
1294 4068 1395 4121 οὐκ
1438 4069 1684 4139 ἠγνοεῖτο
1726 4070 1755 4122 ὁ

184 4156 439 4223 πλούσιος.
492 4157 703 4211 οὐκοῦν
728 4157 878 4211 οὐδὲν
911 4157 1015 4225 ἔξω
1046 4156 1140 4211 τοῦ
1181 4159 1390 4223 εἰκότος
1417 4162 1556 4223 ἐστὶ,
1593 4160 1755 4215 πάλιν

182 4249 440 4303 πιστεύειν
480 4251 546 4302 ἐκ
585 4247 681 4302 τοῦ
712 4247 890 4303 κοινοῦ
929 4248 1067 4319 πρὸς
1098 4249 1157 4302 τὸ
1205 4249 1331 4304 ῐδιον
1368 4251 1466 4323 τὴν
1497 4252 1756 4307 ἀνάλυσιν

181 4342 405 4419 γίνεσθαι
432 4341 545 4396 τῶν
575 4341 951 4411 ἀνισταμένων
993 4341 1282 4412 σωμάτων,
1312 4343 1406 4397 καὶ
1435 4344 1668 4415 μάλιστά
1690 4362 1753 4414 γε

180 4434 250 4504 τῷ
292 4433 719 4505 φιλοπονώτερον
776 4436 874 4506 τὴν
916 4434 1077 4505 φύσιν
1113 4436 1273 4507 ἡμῶν
1321 4437 1751 4503 κατεξετάζοντι.

1854 3249 1985 3306 erga
2027 3236 2313 3305 proprium
2369 3250 2569 3306 corpus
2610 3237 2829 3291 occulta
2888 3240 3004 3294 sive
3051 3237 3268 3292 aﬂ‘eetio
3320 3238 3437 3293 sive

1854 3328 2084 3398 agnitio.
2136 3337 2331 3382 natura
2366 3328 2524 3399 quasi
2574 3339 2736 3384 notas
2777 3331 3009 3398 singulis
3060 3331 3434 3401 imprimente,

1853 3435 1922 3474 ne
1959 3419 2073 3483 illa,
2104 3434 2268 3489 quam
2309 3419 2569 3482 dicimus,
2596 3421 2650 3475 in
2682 3422 3073 3477 communitate
3106 3421 3288 3475 omnia
3311 3436 3439 3477 cou-

1854 3509 2239 3570 funderentur,
2277 3508 2371 3565 sed
2404 3509 2681 3579 quoddam
2738 3509 3081 3579 singulorum
3135 3511 3432 3566 discrimen:

1853 3612 2185 3662 remaneret.
2216 3604 2563 3675 Quapropter
2597 3619 2722 3659 eum
2752 3605 2970 3661 animus
3008 3605 3125 3674 ipse
3166 3604 3438 3675 quidquid

1854 3698 1961 3754 sibi
1993 3705 2286 3768 cognatum
2316 3706 2370 3751 et
2404 3698 2689 3767 proprium
2718 3702 2825 3762 est,
2858 3697 3124 3768 colligat;
3158 3698 3303 3768 quis,
3341 3699 3439 3752 ob-

1855 3806 2037 3856 secro,
2077 3791 2234 3844 labor
2268 3788 2526 3858 potestati
2562 3787 2763 3843 divinat
2799 3784 2987 3852 fuerit,
3029 3789 3316 3859 impedire,
3375 3797 3438 3843 ut

1854 3899 1924 3940 ne
1947 3891 2179 3954 cognata
2215 3896 2408 3936 rursus
2436 3885 2795 3948 concurrant,
2845 3894 2967 3950 quaa
3020 3868 3438 3933 ductu'natura-

1855 3975 2092 4047 quodam
2120 3971 2383 4029 ineﬂahili
2412 3973 2479 4027 ad
2509 3988 2568 4029 se
2597 3980 2791 4027 mutuo
2838 3969 3092 4027 feruntur
3114 3969 3138 4023 ἰ
3161 3968 3219 4023 1η
3252 3970 3436 4022 animo

1855 4068 2101 4141 quidem,
2146 4066 2313 4121 etiam
2344 4070 2469 4133 post
2512 4062 2848 4133 diremptum
2904 4062 3068 4131 hujus
3124 4077 3155 4115 a
3183 4074 3435 4129 corpore,

1856 4161 2012 4231 signa
2032 4158 2291 4228 qumdam‘
2316 4172 2631 4226 superesse,
2649 4154 2717 4210 de
2741 4155 2944 4226 quibus
2956 4170 3163 4223 corpus
3186 4160 3436 4207 nostrum

1857 4260 2140 4323 agnoscat,
2169 4249 2412 4305 declarat
2447 4249 2512 4312 is,
2551 4248 2643 4318 qui
2675 4246 2897 4301 habitus
2927 4254 3011 4301 est
3040 4261 3069 4299 a
3097 4246 3263 4319 divite
3294 4244 3442 4313 apud

1858 4346 2068 4402 inferos
2103 4345 2169 4398 ad
2198 4341 2567 4398 Abrahamum
2593 4354 2777 4395 sermo
2796 4340 2862 4392 ".
2889 4337 3025 4392 Nam
3062 4338 3319 4408 quamvis
3352 4353 3441 4392 es-

1860 4446 1981 4493 sent
2003 4433 2228 4489 tumulis
2253 4430 2510 4485 mandata
2542 4444 2794 4500 corpora.
2817 4436 2997 4483 tamen
3032 4438 3158 4483 nota
3188 4427 3437 4497 quaedam

180 4523 306 4579 Ούτε
335 4526 441 4598 γὰρ
465 4526 534 4580 δι’
553 4525 675 4578 ὅλου
695 4526 753 4579 ἐν
781 4525 934 4595 ῥύσει
957 4526 1051 4579 καὶ
1077 4524 1345 4598 μεταϐολῇ
1381 4527 1442 4580 τὸ
1461 4528 1749 4601 ἡμέτερον.

1859 4541 2125 4596 corporea
2175 4523 2474 4579 inhaerebat
2522 4522 2728 4586 animo,
2775 4521 2843 4576 de
2893 4536 3001 4591 qua
3052 4521 3130 4574 uti
3194 4519 3439 4574 Lazarus

182 4613 251 4669 Ἦ
279 4618 383 4689 γὰρ
409 4619 477 4672 ἂν
506 4617 745 4688 ἄληπτον
769 4611 837 4689 ἦν
874 4616 1099 4670 καθόλου
1144 4616 1222 4687 τῷ
1257 4619 1527 4689 μηδεμίαν
1570 4624 1756 4678 στάσιν
1783 4676 1789 4681 .

184 4705 313 4776 ἔχειν
337 4708 401 4761 ἐκ
429 4706 648 4775 φύσεως
672 4723 687 4736 ο
720 4704 856 4759 ἀλλά
884 4706 1026 4759 κατά
1047 4706 1138 4759 τὸν
1166 4706 1453 4776 ἀκριϐέστε
1464 4726 1555 4781 ρον
1574 4709 1751 4779 λόγον,

182 4796 239 4849 τὸ
270 4798 361 4868 μέν
404 4816 458 4852 τι
495 4798 693 4869 ἔστηκε
742 4797 852 4849 τῶν
895 4800 954 4851 ἐν
1004 4799 1166 4868 ἡμῖν,
1225 4797 1286 4851 τὸ
1324 4799 1379 4851 δὲ
1420 4799 1489 4853 δι’
1525 4801 1755 4855 ἀλλοιώ-

187 4904 311 4953 σεως
333 4889 599 4961 πρόεισιν.
642 4889 973 4942 ’Δλλοιοῦται
1006 4890 1104 4959 μὲν
1143 4889 1251 4961 γὰρ
1285 4890 1352 4943 δι’
1384 4891 1665 4962 αὐξήσεως
1696 4912 1754 4948 τε

185 4981 271 5033 καὶ
322 4981 597 5051 μειώσεως
632 4980 693 5033 τὺ
725 4980 905 5051 σῶμα,
940 4975 1051 5033 οἷον
1094 4979 1291 5051 ἱμάτιά
1325 4998 1464 5047 τινα,
1502 4983 1601 5048 τὰς
1631 4985 1764 5039 καθ-

185 5070 300 5140 εξῆς
326 5072 542 5142 ἡλικίας
580 5071 1019 5143 μετενδυόμενον.
1070 5071 1311 5143 Ἔστηκε
1354 5072 1410 5125 δὲ
1453 5074 1542 5128 διὰ
1582 5078 1763 5149 πάσης

186 5164 379 5235 τροπῆς
408 5163 786 5234 ἀμετάϐλητον
824 5164 910 5233 ἐφ’
940 5161 1137 5217 ἑαυτοῦ
1167 5164 1226 5217 τὸ
1265 5160 1423 5229 εἶδος,
1457 5167 1565 5222 τῶν
1614 5169 1762 5239 ἅπαξ

187 5254 570 5326 ἐπιϐληθέντων
600 5254 747 5325 αὐτῷ
778 5255 931 5326 παρά
968 5255 1068 5325 τῆς
1119 5254 1335 5324 φύσεως
1382 5259 1625 5329 σημείων
1662 5264 1763 5316 οὐκ

186 5344 541 5419 ἐξιστάμενον,
572 5346 707 5401 ἀλλά
727 5348 927 5411 πάσαις
955 5349 1075 5411 ταῖς
1097 5346 1239 5401 κατά
1266 5348 1325 5401 τὸ
1348 5349 1508 5421 σῶμα
1528 5357 1762 5423 τροπαῖς

190 5438 317 5506 μετά
342 5440 447 5492 τῶν
482 5439 629 5493 ἰδίων
668 5440 1067 5510 ἐμφαινόμενον
1095 5439 1511 5511 γνωρισμάτων.
1566 5444 1761 5512 ’Υπεξ-

180 5529 432 5599 ἀιρείσθω
460 5530 517 5584 δὲ
545 5530 639 5584 τοῦ
679 5528 839 5600 λόγου
870 5533 903 5603 ἠ
936 5534 1000 5585 ἐκ
1037 5530 1243 5595 πάθους
1271 5531 1574 5600 ἀλλοίωσις,
1607 5538 1639 5605 ἡ
1680 5535 1759 5607 τῷ

189 5614 304 5670 εῖδει
329 5618 830 5691 ἐπιωμὸαίνουσαο
865 5616 978 5673 οἷον
1014 5620 1124 5691 γάρ
1155 5636 1208 5673 τι
1235 5625 1578 5691 προσωπεῖον
1604 5623 1761 5679 ἀλλό-

188 5723 326 5778 τριον
346 5712 380 5781 ὴ
399 5712 539 5767 κατά
569 5711 668 5784 τὴν
693 5712 848 5767 νόσον
869 5712 1115 5784 ἀμορφία
1135 5711 1490 5783 διαλαμϐάνει
1509 5713 1571 5769 τό
1594 5711 1756 5786 εἶδος,

252 5891 296 5923 ’⁸
330 5889 469 5948 Psal.
510 5908 655 5959 xciv,
698 5894 753 5948 εί.
829 5895 874 5927 ’⁸
924 5893 1058 5950 Luc.
1094 5909 1206 5960 xw,
1239 5893 1303 5949 £9
1333 5909 1455 5966 sqq.

1860 4618 2283 4689 agnoscebatur,
2343 4615 2416 4669 ita
2448 4629 2545 4684 per
2574 4613 2823 4668 eamdem
2862 4613 3083 4683 ignotus
3116 4627 3240 4667 esse
3283 4611 3439 4666 dives

1859 4713 1952 4767 ille
1987 4727 2094 4765 non
2117 4713 2354 4780 poterat.
2388 4706 2745 4776 Nequaquam
2773 4704 2943 4776 igitur
2970 4704 3233 4757 abhorret
3253 4718 3282 4757 a
3305 4718 3441 4757 vero

1861 4804 1976 4859 haec
2030 4801 2340 4873 persuasio,
2394 4816 2501 4870 qua
2543 4815 2609 4853 ex
2651 4807 2825 4852 morte
2868 4797 3139 4853 suscitata
3183 4808 3441 4864 corpora,

1861 4896 2258 4953 communitate
2324 4894 2537 4952 relicta,
2590 4891 2881 4960 pristinam
2932 4890 2999 4944 ad
3049 4890 3440 4959 proprietatem

1862 4998 2152 5041 reversura
2200 4983 2519 5038 statuimus.
2558 4978 2858 5050 Apparebit
2905 4978 3010 5032 hoc
3042 4979 3095 5032 in
3143 4979 3357 5048 primis.
3397 4975 3446 5031 si

1862 5079 1991 5150 quis
2030 5075 2375 5132 accuratiore
2414 5073 2601 5129 studio
2648 5072 3046 5142 cognoscendae
3095 5082 3306 5125 natura:
3347 5084 3449 5121 no-

1862 5187 1992 5227 sme
2029 5185 2090 5225 se
2121 5169 2323 5223 tradat.
2379 5164 2515 5219 Nam
2573 5164 2882 5221 existimari
2939 5179 3049 5218 non
3080 5162 3266 5224 debet,
3324 5174 3449 5214 esse

1861 5279 1966 5319 nos
1995 5262 2250 5316 universe
2281 5275 2404 5314 cum
2430 5257 2629 5319 ﬂuxos,
2661 5268 2774 5312 tum
2808 5254 3098 5311 mutationi
3144 5250 3442 5306 obnoxios.

1861 5354 1980 5409 Non
2013 5353 2157 5409 enim
2193 5351 2301 5405 ulla
2336 5351 2554 5405 ratione
2587 5346 2976 5419 comprehendi
3017 5352 3216 5398 natura
3258 5347 3447 5396 nostra

1863 5451 2083 5515 posset,
2138 5442 2184 5498 si
2246 5442 2396 5497 nulla
2444 5442 2493 5497 ei
2558 5441 2767 5496 tributa
2810 5438 2966 5509 quies
3015 5450 3045 5489 a
3084 5442 3237 5493 motu
3286 5430 3447 5487 foret.

1864 5539 2054 5609 Itaque
2086 5553 2146 5593 re
2181 5537 2498 5608 diligentius
2533 5535 2813 5605 indagata,
2853 5529 3197 5602 reperiemus
3244 5526 3447 5598 partim

1864 5630 2062 5686 saabile
2087 5628 2349 5700 quiddam
2400 5627 2454 5681 in
2488 5626 2649 5685 nobis
2698 5640 2842 5690 esse,
2871 5620 3091 5693 ‘partim
3138 5618 3449 5674 mutatione

1864 5721 2099 5789 varium,
2138 5720 2283 5792 quod
2323 5733 2605 5790 nunquam
2653 5731 2762 5772 non
2801 5712 3040 5771 (lusione
3069 5725 3170 5768 sua
3221 5723 3447 5782 progre-
3546 5792 3553 5799 -
