3890 6350
441 407 546 463 227
1679 405 1737 463 S.
1779 404 2108 461 GREGORII
2150 403 2445 463 NYSSENI
3626 399 3728 454 ἓὶὸ

447 523 653 580 diatur.
678 520 813 578 Nam
844 535 1045 592 corpus
1070 521 1245 577 altera
1273 520 1659 578 vicissitudine
1691 537 1787 594 per
1827 537 2019 578 acere-

2126 521 2189 597 ἧς
2220 523 2298 594 τῷ
2321 523 2464 592 λόγῳ
2495 518 2956 592 περιαιρεθείσης,
2982 516 3234 587 καθάπερ
3259 518 3350 574 ἐπὶ
3379 514 3610 587 Νεεμάν
3631 515 3728 569 τοῦ

441 614 648 668 tionem
678 627 741 667 ac
781 613 1201 667 diminutionem
1246 622 1516 679 mutatur,
1558 621 1612 670 et
1643 621 1833 669 :etates
1890 615 2021 670 vita:

2130 617 2326 688 Σύρου,
2360 616 2393 686 ἢ
2428 613 2650 668 ἐπὶτῶν
2690 612 2832 667 κατὰ
2862 610 2923 663 τὸ
2948 608 3279 678 Εὐαγγέλιον
3304 606 3728 678 ἱστορηθέντων,

443 702 806 760 succedentes
833 705 939 758 sibi
978 706 1138 774 quasi
1162 714 1344 762 vestes
1374 706 1644 777 quasdam
1669 707 1869 761 induit.
1895 705 2020 762 idea

2131 707 2294 761 πάλιν
2323 706 2385 759 τὸ
2412 703 2792 775 κεκρυμμένον
2820 701 2926 754 ὑπὸ
2956 699 3050 753 τοῦ
3081 697 3284 763 πάθους
3312 693 3472 761 εἶδος,
3509 695 3603 749 διὰ
3632 695 3731 766 τῆς

438 813 570 851 νοτ-ο
614 796 804 850 eadem
843 812 1061 867 semper
1102 806 1308 861 manet,
1362 807 1519 853 extra
1565 813 1785 854 omnem
1837 807 2020 854 muta-

2129 798 2316 866 ὑγείας
2344 797 2403 850 ὲν
2432 798 2544 859 τοῖς
2575 794 2727 857 ἰδίοις
2747 791 2991 862 ἀνεφάνη
3015 788 3381 860 γνωρίσμασι.

436 888 697 942 bilitatem
746 889 947 957 posita,
993 905 1171 959 neque
1223 898 1383 945 notas
1440 890 1646 947 inditas
1697 906 1727 946 a
1775 903 1970 948 natura
2005 890 2111 946 sibi
2143 888 2346 944 amittit
2379 907 2393 942 :
2432 886 2526 942 sed
2559 899 2905 957 quaecunque
2951 880 3169 952 corpori
3208 879 3547 933 mutationes
3576 878 3730 931 acci-

434 979 587 1045 dant,
640 981 758 1035 hzec
806 983 1170 1039 nihilominus
1227 985 1381 1057 signa
1438 1001 1560 1050 sua,
1613 987 1681 1042 de
1720 988 1926 1057 quibus
1969 993 2323 1057 agnoscatur,
2370 982 2591 1038 retinet.
2634 979 2967 1051 Ercipienda
3001 989 3181 1039 tamen
3209 974 3729 1038 veniteamutatio.

434 1087 557 1141 qua:
593 1074 782 1126 morbo
832 1073 1018 1142 aliquo
1068 1073 1203 1127 idea:
1255 1074 1542 1145 contingit.
1608 1074 1743 1130 Nam
1791 1086 1907 1131 tum
1967 1083 2088 1131 orta
2141 1090 2205 1130 ex
2271 1072 2465 1129 morbo
2523 1069 2850 1126 deformitas
2911 1070 3090 1126 ideam
3142 1080 3398 1143 occupat,
3457 1078 3726 1141 tanquam

434 1163 584 1217 larva
623 1163 898 1234 quaedam,
945 1179 1112 1235 quam
1162 1166 1207 1221 si
1252 1166 1305 1220 ei
1345 1168 1637 1238 cogitando
1682 1167 2014 1237 adimamus,
2055 1168 2200 1224 sicut
2236 1165 2306 1221 ab
2340 1181 2403 1221 ea
2461 1162 2635 1237 Syrus
2689 1164 2782 1219 ille
2838 1161 3171 1231 Neemanus,
3203 1175 3259 1219 et
3298 1175 3490 1220 decem
3531 1160 3727 1218 infecti

434 1258 603 1326 lepra,
647 1259 713 1311 de
762 1257 966 1328 quibus
1004 1272 1164 1313 sacro
1199 1258 1254 1312 in
1287 1257 1585 1329 Evangelio
1622 1260 1901 1317 memoriae
1939 1260 2214 1332 proditum
2243 1265 2329 1315 est
2356 1257 2427 1324 ",
2471 1255 2690 1313 liberati
2730 1254 2977 1321 fuerunt,
3030 1256 3206 1313 idenm
3255 1257 3491 1313 antehae
3541 1254 3726 1312 morbi

435 1353 484 1407 vi
518 1353 873 1419 occultatam,
912 1364 1235 1425 recuperata
1291 1356 1528 1411 sanitate
1568 1357 1808 1428 propriis
1858 1358 2007 1414 notis
2032 1357 2386 1429 conspicuam
2418 1369 2613 1410 rursus
2641 1354 2861 1410 elucere
2895 1368 3119 1410 necesse
3148 1363 3254 1412 est.

503 1442 872 1511 Quamobrem
906 1447 1105 1503 divinae
1132 1448 1186 1502 in
1226 1447 1387 1504 nobis
1417 1450 1586 1504 animi
1628 1450 2021 1521 praestantissi-

2199 1449 2291 1521 Τῷ
2320 1448 2501 1504 τοίνυν
2526 1446 2751 1502 θεοειδεῖ
2776 1446 2878 1518 τῆς
2908 1446 3089 1518 ψυχῆς
3118 1448 3178 1501 οὐ
3212 1447 3273 1502 τὸ
3294 1447 3416 1518 ῥέον
3449 1448 3509 1502 ὲν
3533 1450 3602 1519 τῇ
3630 1447 3726 1502 ἀλ·

436 1554 650 1609 nweque
688 1540 831 1609 parti
881 1554 994 1595 non
1049 1539 1186 1595 illud
1223 1538 1431 1595 ﬂuxum
1484 1556 1550 1599 ac
1596 1542 1879 1606 mutabile,
1923 1541 2020 1598 sed

2126 1541 2338 1596 λοιώσει
2362 1542 2456 1595 καὶ
2482 1539 2899 1612 μεθιστάμενον,
2923 1538 3059 1594 ἀλλά
3079 1540 3139 1592 τὸ
3168 1538 3392 1611 μόνιμόν
3414 1556 3473 1592 τε
3500 1541 3599 1593 καὶ
3616 1540 3726 1593 ὡσ-

436 1633 586 1703 quod
618 1633 670 1687 in
703 1647 968 1704 compage
996 1643 1185 1688 nostra
1231 1642 1319 1688 est
1352 1642 1678 1703 perpetuum
1717 1640 1771 1689 et
1802 1649 2021 1705 semper

2126 1633 2305 1698 αὕτως
2332 1633 2455 1705 ἕχον
2479 1635 2538 1686 ὲν
2559 1631 2638 1703 τῷ
2665 1631 2785 1686 καθ’
2810 1632 2956 1702 ἡμᾶς
2974 1632 3327 1703 συγκρίματι,
3345 1631 3522 1703 τούτῳ
3550 1650 3722 1704 προσ-

435 1724 603 1789 idem,
639 1723 791 1779 velut
822 1724 1054 1779 insitum
1094 1722 1619 1797 adhzerctﬂnmque
1649 1724 1868 1781 diversa
1884 1732 2023 1781 tem-

431 1823 752 1887 peramenta
795 1816 1042 1872 diversas
1070 1818 1233 1872 etiam
1277 1816 1435 1873 ideas
1476 1817 1736 1885 elliciant,
1782 1833 1847 1873 ac
1883 1829 2022 1875 tem-

436 1915 761 1977 peramenta
788 1906 923 1961 nihil
954 1906 1067 1961 sint
1106 1904 1259 1960 aliud
1295 1921 1458 1977 quam
1501 1906 1897 1963 elementorum
1934 1908 2021 1963 in-

433 2006 519 2053 ter
546 2012 606 2053 se
654 1998 986 2063 commistio,
1037 1998 1107 2054 de
1151 1999 1357 2068 quibus
1395 2012 1520 2052 cum
1564 1999 1672 2053 alia
1718 1999 1772 2053 in
1830 2012 2021 2054 rerum

434 2089 810 2154 universitate,
848 2098 962 2145 tum
997 2089 1239 2144 hominis
1286 2089 1449 2145 etiam
1498 2105 1703 2161 corpus
1753 2097 2019 2158 constat;

433 2195 661 2237 necesse
682 2188 789 2248 est,
847 2191 1200 2251 permanente
1233 2182 1285 2235 in
1316 2181 1504 2237 animo
1542 2181 1666 2237 idea
1716 2182 1879 2252 quasi
1924 2196 2023 2252 per

434 2273 852 2342 expressionem
882 2273 1071 2344 sigilli,
1117 2288 1227 2329 non
1256 2274 1440 2348 ignota
1489 2273 1541 2329 ei
1591 2288 1713 2330 esse
1741 2288 1866 2344 quas
1907 2273 2015 2329 for-

436 2375 583 2414 mam
633 2361 805 2430 ipsam
856 2362 1037 2431 sigillo
1082 2362 1507 2432 impresserunt,
1549 2362 1888 2434 omninoque
1929 2362 2021 2417 illa

436 2462 684 2522 tempore
717 2451 1140 2508 instaurationis
1188 2453 1434 2508 omnium
1468 2468 1662 2508 rursus
1696 2453 1868 2509 veluti
1900 2453 2015 2507 col-

436 2542 566 2613 liget
594 2542 661 2597 ad
686 2558 831 2611 sese,
875 2559 1217 2614 quaecunque
1256 2545 1324 2599 ad
1348 2544 1481 2601 ideae
1522 2543 1753 2599 formam
1803 2558 2025 2615 expres-

436 2648 555 2688 sam
588 2645 927 2705 congruent;
950 2645 1255 2705 congruent
1280 2643 1461 2691 autem
1489 2634 1632 2690 haud
1667 2635 1851 2701 dubie,
1873 2649 2021 2705 quae-

431 2738 651 2794 cunque
707 2726 776 2781 ab
823 2726 983 2781 initio
1038 2727 1174 2782 ideae
1229 2727 1437 2783 fuerint
1496 2728 1785 2798 impressa.
1849 2725 2021 2797 Igitur

436 2815 736 2871 absurdum
770 2832 877 2872 non
906 2825 1010 2881 est,
1037 2816 1088 2870 id
1124 2816 1270 2887 quod
1291 2826 1375 2873 est
1404 2818 1673 2888 cujusque
1710 2818 2016 2889 praprium,

438 2905 635 2960 relicta
664 2908 1061 2962 communitate
1097 2911 1163 2963 ad
1198 2908 1445 2978 singulos
1472 2909 1793 2963 rediturum.
1824 2906 2017 2963 Vivum

2124 1725 2337 1795 φύεται.
2361 1725 2470 1778 Καὶ
2486 1724 2674 1796 ἐπειδὴ
2695 1722 2795 1787 τάς
2812 1724 2953 1778 κατὰ
2977 1723 3039 1777 τὸ
3054 1720 3191 1787 εἶδος
3210 1723 3472 1796 διαφορὰς
3492 1726 3552 1778 αἰ
3568 1730 3721 1779 ποιαί

2122 1817 2225 1889 τῆς
2242 1817 2493 1889 κράσεως
2521 1816 2871 1889 παραλλαγαὶ
2891 1815 3354 1889 μεταμορφοῦσιν,
3376 1819 3412 1888 η
3429 1817 3488 1871 δὲ
3521 1820 3720 1888 κρᾶσις

2122 1909 2222 1962 οὐκ
2244 1907 2380 1981 άλλη
2397 1925 2483 1973 τις
2502 1909 2654 1981 παρὰ
2681 1906 2779 1979 τὴν
2801 1908 2910 1963 τῶν
2940 1908 3216 1978 στοιχείων
3242 1907 3387 1978 μίξιν
3414 1908 3553 1971 ἐστὶ,
3575 1926 3723 1962 στοι-

2122 1998 2324 2073 χεῖαδι
2347 2017 2528 2073 φαμεν
2564 1999 2633 2054 τά
2679 2003 2745 2072 τῇ
2786 2003 3101 2072 κατασκευῇ
3130 2000 3224 2054 τοῦ
3260 2001 3458 2065 παντὸς
3493 2002 3721 2055 ὑποκεί-

2127 2107 2279 2161 μενα,
2307 2088 2459 2147 δι’ὧν
2473 2092 2569 2146 καὶ
2580 2095 2639 2148 τὸ
2657 2091 2997 2163 ἀνθρώπινον
3029 2093 3320 2164 συνέστηκε
3344 2093 3525 2163 σῶμα,
3548 2096 3722 2163 ἀναγ-

2123 2182 2294 2247 καίως
2313 2179 2407 2237 τοῦ
2440 2182 2612 2247 εἴδους
2644 2178 2757 2237 οἷον
2794 2184 3076 2255 ὲκμαγείῳ
3123 2184 3417 2255 σφραγῖδος
3456 2188 3525 2256 τῇ
3568 2186 3717 2258 ψυχῇ

2125 2274 2584 2348 παραμείναντος,
2611 2275 2731 2330 οὐδὲ
2760 2275 2831 2329 τά
2856 2275 3319 2347 ὲναπομαξάμενα
3352 2280 3419 2349 τῇ
3456 2278 3720 2349 σφραγῖδι

2121 2368 2215 2422 τὸν
2242 2367 2411 2421 τύπον
2444 2368 2533 2420 ὑπ’
2569 2367 2738 2438 αὐτῆς
2767 2369 3059 2436 ἀγνοεῖται,
3092 2368 3204 2422 ἀλλ’
3228 2371 3286 2422 ὲν
3316 2369 3394 2440 τῷ
3416 2369 3593 2440 καιρῷ
3616 2371 3717 2442 τῆς

2122 2459 2621 2530 ἁναστοιχειώσεως
2665 2461 2846 2513 ὲκείνα
2876 2459 3088 2532 δέχεται
3122 2461 3282 2517 πάλιν
3322 2462 3460 2533 πρὸς
3485 2463 3713 2533 ἑαυτὴν,

2125 2547 2268 2620 ἅπερ
2297 2547 2363 2602 ἂν
2390 2548 2664 2620 έναρμόση
2697 2546 2777 2619 τῷ
2813 2548 2971 2620 τύπῳ
2996 2548 3092 2604 τοῦ
3137 2551 3310 2615 εἴδους
3329 2569 3343 2582 ·
3390 2554 3717 2623 ἐναρμόσειε

2121 2635 2179 2688 δὲ
2211 2636 2429 2699 πάντως
2459 2637 2664 2701 ἐκεῖνα,
2699 2635 2800 2692 ὅσα
2830 2639 2946 2691 κατ’
2982 2639 3157 2711 ἀρχάς
3189 2640 3506 2711 ὲνετυπώθη
3533 2641 3615 2712 τῷ
3640 2642 3720 2695 εἶ-

2119 2727 2220 2782 δει.
2256 2726 2465 2781 Οὐκοῦν
2492 2728 2643 2782 οὐδὲν
2677 2727 2781 2794 ἔξω
2812 2729 2905 2783 τοῦ
2932 2730 3140 2794 εἰκότος
3164 2732 3302 2799 ἐστὶ,
3331 2732 3491 2787 πάλιν
3524 2735 3590 2786 ἐκ
3615 2732 3714 2787 τοῦ

2122 2816 2304 2870 κοινοῦ
2327 2817 2464 2887 πρὸς
2500 2819 2562 2870 τὸ
2604 2818 2939 2874 καθέκαστον
2972 2821 3296 2876 ὲπαναλύειν
3322 2822 3384 2877 τὸ
3416 2821 3569 2880 ἴδιον.
3607 2822 3716 2875 Λέ-

2122 2925 2278 2977 γεται
2309 2906 2367 2960 δὲ
2402 2909 2497 2964 καὶ
2528 2909 2627 2981 τὴν
2652 2910 2993 2984 ὐδράργυρον
3016 2912 3372 2985 προχεθεῖσαν
3413 2913 3508 2967 τοῦ
3560 2931 3718 2984 πρι-

434 2993 582 3065 quod
613 3004 814 3049 vocant
846 3004 1155 3066 argentum,
1187 2996 1341 3050 aiunt
1385 2995 1617 3053 eﬂ'usum
1676 3013 1843 3067 capsa
1898 2998 2021 3052 loco

2126 3001 2358 3071 έχοντος,
2391 3000 2513 3054 καθ’
2543 3002 2736 3055 ὑπτίου
2776 3002 2920 3067 τινὸς
2951 3004 3045 3057 καὶ⁵
3069 3003 3453 3076 κονιορτὼδους
3485 3003 3715 3074 χωρίου,

434 3087 638 3158 supino
682 3088 1020 3159 pulvereque
1066 3089 1310 3160 oppieto,
1360 3090 1605 3144 minutos
1656 3089 1710 3144 in
1765 3090 2017 3161 globulos

431 3178 833 3234 conformatum
848 3180 1050 3250 passim
1079 3181 1152 3234 ita
1187 3196 1281 3251 per
1299 3188 1499 3235 terram
1518 3180 1779 3252 dispergi,
1799 3190 1859 3235 ut
1874 3182 2020 3236 nulla

433 3283 560 3324 cum
579 3285 660 3338 re,
687 3270 744 3324 in
768 3285 928 3339 quam
948 3270 1163 3335 incidit,
1193 3271 1638 3325 commisceatur.
1659 3270 1812 3337 Quod
1833 3271 1879 3327 si
1895 3272 2021 3343 quis

433 3359 634 3416 deinde
684 3359 1063 3430 multipliciter
1119 3361 1433 3431 dispersum
1482 3361 1725 3416 vicissim
1776 3362 2019 3433 colligat,

432 3453 715 3510 conﬂuere
742 3469 842 3510 sua
872 3464 1074 3526 sponte
1100 3453 1320 3526 singula
1362 3470 1484 3526 quae
1511 3455 1730 3526 generis
1771 3456 2020 3528 ejusdem

433 3557 584 3617 sunt,
604 3551 921 3621 nullamque
951 3551 1189 3623 interjici
1208 3566 1322 3608 rem
1351 3566 1515 3622 posse
1541 3566 1665 3622 qua:
1681 3553 2023 3609 commistio—

434 3658 560 3700 nem
591 3643 734 3699 hanc
763 3644 1029 3715 impedire
1071 3650 1261 3715 queat.
1298 3641 1629 3714 Hujnsmodi
1677 3644 1939 3714 quiddam
1966 3652 2022 3701 et

435 3736 491 3790 in
516 3734 743 3791 humani
779 3737 1030 3807 corporis
1052 3751 1317 3807 compage
1353 3735 1709 3793 statuendum
1739 3736 2020 3791 existimo.

434 3826 852 3900 Quamprimum
874 3828 1143 3885 divinitus
1175 3829 1335 3899 signo
1367 3828 1523 3900 quasi
1574 3828 1705 3883 dato
1756 3842 2024 3884 concessa

437 3919 673 3974 facultas
703 3914 795 3982 sit,
843 3927 1031 3989 partes
1062 3919 1169 3974 sibi
1209 3919 1605 3975 convenientes
1655 3925 1711 3974 et
1760 3930 2024 3990 cognatas

434 4010 659 4065 misceri
694 4018 892 4078 sponte
923 4024 1046 4075 sua,
1076 4025 1254 4079 neque
1279 4010 1584 4080 quidquam
1622 4024 1693 4064 ex
1728 4009 1835 4064 hoc
1866 4010 2024 4064 labo-

435 4098 517 4154 ris
551 4098 885 4154 molestiaeve
909 4100 1268 4155 iustauratori
1297 4108 1510 4153 naturae
1546 4099 1746 4154 creari.
1790 4099 1928 4153 Nam
1959 4114 2027 4156 ne

434 4189 493 4244 in
525 4190 595 4247 lis
654 4191 875 4262 quidem
926 4207 1049 4263 quae
1099 4198 1248 4247 terra
1296 4191 1651 4264 proveniunt,
1696 4206 2026 4263 magnopere

2125 3097 2203 3158 εἰς
2226 3094 2399 3149 λεπτὰ
2431 3096 2851 3167 σφαιρωθεῖσαν,
2880 3097 3025 3151 κατὰ
3047 3098 3144 3170 τὴν
3164 3098 3266 3168 γῆν
3281 3098 3715 3163 διασκίδνασθαι,

2124 3188 2259 3260 πρὸς
2312 3188 2467 3242 οὐδὲν
2518 3189 2627 3243 τῶν
2674 3191 3035 3260 ἐπιτυχόντων
3084 3189 3517 3262 ὲμμιγνυμένην.
3564 3190 3630 3244 Εἰ
3658 3189 3717 3243 δέ

2120 3299 2205 3345 τις
2239 3282 2399 3335 πάλιν
2426 3281 2485 3336 τὸ
2521 3281 2757 3354 πολλαχῆ
2782 3283 3233 3356 κατεσπαρμένον
3256 3286 3335 3348 εἰς
3370 3282 3428 3335 ἓν
3463 3284 3720 3353 συναγεί-

2127 3388 2288 3442 ρειεν,
2312 3372 2632 3443 αὐτομάτως
2653 3373 2969 3446 άναχείσθαι
2992 3374 3130 3446 πρὸς
3146 3373 3209 3427 τὸ
3228 3374 3516 3445 ὁμόφυλον,
3535 3375 3717 3429 οὐδενί

2126 3461 2276 3533 μέσῳ
2302 3463 2437 3533 πρὸς
2458 3463 2556 3536 τὴν
2587 3465 2794 3519 οἰκείαν
2833 3465 2979 3536 μίξιν
3010 3465 3410 3538 διειργομένην.
3460 3465 3717 3520 Τοιοῦτόν

2123 3573 2178 3608 τι
2203 3556 2401 3627 χρῆναι
2432 3557 2635 3627 νομίζω
2670 3556 2767 3612 καὶ
2805 3558 2935 3630 περὶ
2967 3557 3026 3611 τὸ
3058 3556 3396 3629 ἀνθρώπινον
3430 3557 3718 3629 σύγκριμα

2122 3646 2448 3702 διανοεῖσθαι
2472 3665 2486 3680 ’
2541 3650 2589 3703 εἰ
2624 3649 2784 3719 μόνον
2818 3648 3030 3718 γένοιτο
3059 3648 3208 3721 παρὰ
3246 3648 3339 3703 τοῦ
3368 3648 3502 3703 Θεοῦ
3535 3649 3597 3702 τὸ
3630 3652 3717 3703 ἐν-

2125 3739 2365 3810 δόσιμον,
2393 3741 2715 3812 αὐτομάτως
2743 3740 2810 3795 τὰ
2840 3740 3153 3812 κατάλληλα
3181 3741 3323 3812 μέρη
3347 3742 3459 3804 τοῖς
3491 3741 3715 3804 οἰκείοις

2125 3833 2623 3908 ὲπανακίρνασθαι,
2686 3834 2958 3905 μηδεμιᾶς
3006 3832 3273 3904 ὲργωδίας
3320 3830 3399 3902 τῷ
3463 3832 3717 3885 άναστοι-

2126 3923 2359 3995 χειοῦντι
2389 3926 2491 3998 τὴν
2523 3924 2684 3996 φύσιν
2711 3925 2798 3980 διά
2830 3926 3035 3979 τούτων
3065 3924 3441 3995 ἐγγινομένης.
3464 3924 3577 3976 Καὶ
3604 3923 3717 3994 γὰρ

2126 4017 2221 4071 ἐπὶ
2251 4018 2359 4072 τῶν
2388 4019 2453 4087 ¹έν
2501 4020 2568 4090 τῇ
2602 4021 2673 4089 γῇ
2708 4018 3017 4088 φυομένων,
3059 4016 3249 4071 οὐδένα
3292 4014 3453 4068 πόνον
3494 4014 3715 4084 ὁρῶμεν

2126 4109 2225 4179 τῆς
2253 4108 2469 4179 φύσεως
2498 4111 2591 4166 ἐπὶ
2624 4111 2716 4165 τὸν
2743 4110 2935 4182 πυρὸν,
2961 4110 2994 4181 ἢ
3029 4108 3127 4179 τὴν
3158 4108 3411 4179 κέγχρον,
3442 4106 3476 4178 ἢ
3513 4106 3644 4160 ἄλλο
3665 4123 3716 4161 τι

2126 4201 2235 4255 τῶν
2285 4202 2524 4275 σιτηρῶν
2557 4203 2591 4274 ἦ
2637 4202 2916 4276 χεδροπῶν
2958 4203 3307 4274 σπερμάτων,
3341 4202 3399 4254 ὲν
3432 4199 3511 4270 τῷ
3544 4216 3715 4269 μετα-

434 4291 691 4337 naturam
730 4284 995 4353 occupari
1054 4284 1329 4352 videmus,
1395 4292 1456 4340 ut
1491 4283 1575 4339 vel
1627 4282 1895 4352 triticum,
1937 4284 2021 4339 vel

2129 4293 2344 4349 ϐάλλειν
2392 4295 2475 4359 εἰς
2512 4294 2766 4366 καλάμην
2818 4294 2913 4348 καὶ
2961 4293 3222 4366 ἁθέρικας
3271 4291 3366 4346 καὶ
3411 4291 3714 4361 ἀστάχυας.

436 4373 670 4439 milium,
699 4374 787 4430 vel
809 4374 956 4431 aliud
984 4376 1219 4447 quodvis
1257 4393 1467 4441 semen,
1528 4376 1595 4432 de
1623 4391 1735 4450 quo
1784 4376 2023 4431 frumen-

435 4474 550 4522 tum
576 4474 672 4524 aut
695 4468 972 4540 legumina
1000 4481 1332 4540 nascuntur,
1383 4472 1437 4528 in
1471 4472 1740 4538 culmum,
1793 4473 2019 4541 aristas,

436 4567 490 4614 et
510 4560 693 4631 spicas
722 4569 1102 4619 convertatur.
1138 4561 1250 4619 Sua
1284 4565 1433 4620 enim
1480 4573 1676 4635 sponte
1717 4566 2021 4621 nutrimen—

438 4656 553 4703 tum
587 4650 784 4721 cuique
830 4652 1027 4707 semini
1058 4656 1417 4721 conveniens,
1469 4656 1621 4711 nullo
1674 4663 1884 4711 natura:
1920 4671 2020 4711 ne-

440 4738 587 4808 gotio
610 4738 677 4795 de
713 4741 994 4795 communi
1044 4742 1111 4796 ad
1159 4744 1503 4816 singulorum
1546 4761 1707 4801 usum
1753 4745 2021 4801 transfer-

440 4835 550 4882 tur.
588 4826 732 4898 Ergo
765 4830 812 4885 si
843 4833 1119 4889 universis
1156 4842 1303 4890 terra
1336 4837 1696 4892 nascentibus
1739 4838 2020 4892 communi

437 4921 680 4999 qpodam
712 4938 880 4979 succo
907 4926 1216 4996 proposito.
1249 4928 1520 5000 quidquid
1563 4929 1883 4985 eo.nutriri
1928 4944 2023 4983 ne-

438 5029 599 5070 cesse
629 5020 735 5080 est,
789 5015 844 5070 id
875 5017 1109 5072 attrahit
1149 5019 1331 5076 alendi
1370 5022 1455 5076 sui
1494 5036 1685 5087 causa,
1733 5022 1879 5093 quod
1917 5021 2020 5091 ipsi

438 5107 746 5174 convenit;
804 5108 940 5180 quid
974 5110 1298 5177 absurdum,
1365 5113 1413 5168 si
1466 5113 1571 5169 hac
1607 5116 1773 5171 etiam
1828 5116 1881 5169 in
1922 5115 2022 5168 do.

438 5198 620 5253 ctrina
670 5198 739 5255 de
788 5201 1199 5259 resurrectione
1243 5203 1518 5271 dicamus,
1563 5206 1790 5276 perinde
1837 5214 1896 5261 ut
1936 5222 2022 5262 sc-

439 5290 588 5344 miua
648 5293 1070 5350 convenientem
1145 5310 1402 5360 succum,
1483 5299 1564 5353 sic
1615 5298 1893 5368 quoslibet
1953 5314 2021 5352 ex

440 5379 673 5436 mortuis
702 5391 1058 5454 resurgentes
1090 5387 1314 5456 pmpria
1364 5403 1561 5445 rursus
1597 5390 1909 5445 attrahere?
1949 5389 2023 5445 lle

442 5465 531 5520 his
551 5472 805 5549 omnibus
828 5475 966 5532 adeo
1018 5478 1147 5533 licet
1199 5478 1531 5549 intelligere,
1591 5479 1808 5534 nihilin
1842 5495 2024 5535 resur-
2072 5492 2081 5499 ·

443 5560 709 5618 rectionis
731 5566 1096 5635 przcdictione
1144 5571 1441 5634 contineri,
1471 5569 1620 5641 quod
1649 5571 2020 5643 separandum

444 5646 516 5704 iis
542 5664 576 5705 a
608 5652 774 5711 rebus
810 5659 901 5721 sit,
929 5675 1068 5729 quas
1100 5676 1189 5716 res
1232 5676 1330 5730 per
1381 5661 1780 5731 experientiam
1832 5665 2026 5734 cogni-

522 5828 573 5862 ⁹⁶
604 5828 669 5885 IV
700 5831 828 5907 Reg.
859 5852 912 5899 v,
956 5837 974 5889 l
1014 5854 1142 5908 sq];
1234 5828 1373 5893 Luc.
1404 5856 1477 5907 tv,
1510 5839 1588 5892 27.

2144 4386 2648 4459 Ἀπραγματεύτως
2686 4385 2795 4458 γάρ
2832 4385 2974 4440 κατὰ
3012 4386 3075 4439 τὺ
3104 4383 3406 4454 αὐτόματον
3445 4385 3478 4453 ἡ
3509 4383 3716 4435 κατάλ-

2129 4477 2289 4549 ληλος
2329 4478 2504 4550 τροφὴ
2544 4479 2610 4531 ὲκ
2650 4478 2745 4531 τοῦ
2780 4476 2960 4532 κοινοῦ
3013 4476 3150 4549 πρὸς
3190 4475 3288 4546 τὴν
3339 4474 3571 4529 ἑκάστου
3608 4475 3715 4528 τῶν

2132 4570 2463 4642 σπερμάτων
2500 4569 2740 4639 ἰδιότητα
2767 4567 3102 4640 μεταΰαίνει.
3137 4569 3201 4622 Εἰ
3235 4563 3327 4623 οὖν
3361 4566 3550 4638 κοινῆς
3579 4569 3715 4620 πᾶσι

2129 4664 2240 4724 τοῖς
2297 4660 2587 4732 φυομένοις
2630 4661 2730 4730 τῆς
2784 4660 3009 4731 ἰκμάδος
3052 4660 3451 4732 ὑποκειμένης,
3485 4660 3715 4714 ἕκαστον

2129 4753 2237 4806 τῶν
2267 4752 2333 4806 δι’
2383 4752 2554 4823 αὐτῆς
2600 4754 2947 4825 τρεφομένων
2992 4752 3053 4805 τὸ
3086 4752 3418 4824 κατάλληλον
3479 4750 3716 4804 ἔσπασεν

2129 4846 2206 4908 εἰς
2228 4845 2326 4916 τὴν
2358 4845 2452 4898 τοῦ
2483 4844 2682 4898 οἰκείου
2718 4844 3036 4917 προσθήκην
3055 4861 3069 4873 ·
3119 4844 3173 4897 τί
3200 4844 3407 4905 καινὸν,
3454 4845 3504 4897 εἰ
3536 4844 3634 4897 καὶ
3659 4845 3715 4896 ὲν

2128 4932 2205 5004 τῷ
2227 4934 2325 5004 τῆς
2371 4934 2718 4997 ἀναστάσεως
2749 4933 2890 5004 λόγῳ
2924 4935 3054 5004 παρ’
3089 4933 3318 4987 ἑκάστου
3359 4932 3468 4985 τῶν
3495 4932 3715 4985 ἀνιστα⁶

2132 5025 2327 5097 μένων,
2356 5025 2538 5090 καθὼς
2569 5027 2661 5079 ἐπὶ
2696 5024 2804 5079 τῶν
2832 5027 3186 5097 σπερμάτων,
3224 5023 3512 5095 συμϐαίνει
3543 5023 3714 5087 οὕτως

2129 5114 2373 5184 γίνεσθαι
2407 5116 2506 5187 τὴν
2548 5116 2640 5169 τοῦ
2670 5116 2871 5170 οἰκείου
2911 5116 3115 5187 cum;
3172 5117 3331 5169 Ὥστε
3363 5114 3421 5179 ἐξ
3456 5115 3713 5169 ἁπάντων

2128 5207 2354 5260 δυνατὸν
2382 5203 2522 5261 εἶναι
2551 5209 2760 5278 μαθεῖν,
2782 5207 2950 5279 μηδὲν
2977 5206 3082 5273 ἔξω
3110 5207 3217 5261 τῶν
3240 5210 3306 5278 τῇ
3328 5207 3496 5277 πείρα
3518 5224 3715 5280 γνωρι-

2130 5295 2370 5365 ζομένων
2399 5296 2460 5350 τὸ
2491 5299 2558 5368 κή
2569 5315 2750 5368 ρυγμα
2776 5299 3049 5370 περιέχειν
3075 5298 3172 5368 τῆς
3199 5296 3713 5359 άναστάσεως.Καί-

2131 5403 2276 5454 τοιγε
2304 5387 2365 5440 τὸ
2390 5388 2811 5458 γνωριμώτατον
2848 5388 2955 5442 τῶν
2986 5388 3267 5460 ἡμετέρων
3300 5388 3710 5457 ἐσιωπήσαμεν,

2131 5478 2297 5550 αὐτὴν
2325 5479 2469 5548 λέγω
2492 5480 2589 5553 τὴν
2632 5479 2852 5552 πρώτην
2886 5481 2983 5551 τῆς
3012 5481 3323 5543 συστάσεως
3349 5477 3506 5548 ἡμῶν
3537 5479 3710 5551 ἀφορ-

2137 5573 2263 5642 μήν.
2289 5573 2384 5635 Τίς
2407 5573 2515 5645 γὰρ
2538 5574 2638 5627 οὐκ
2659 5569 2764 5626 οἶδε
2784 5573 2882 5643 τὴν
2908 5572 3334 5644 θαυματοποιίαν
3351 5571 3451 5641 τῆς
3479 5570 3712 5640 φύσεως,

2134 5662 2186 5714 τί
2232 5662 2468 5717 λαϐοῦσα
2501 5667 2534 5735 ἡ
2586 5665 2811 5736 μητρῷα
2848 5664 3044 5736 νηδὺς,
3094 5665 3148 5718 τί
3194 5662 3603 5739 ἀπεργάζεταις
3646 5660 3710 5716 Ἦ
