3890 6354
149 411 236 467 229
1335 410 1429 464 DE
1468 408 1753 466 llOMiNlS
1788 406 2106 466 OPIFICIO.
3278 406 3386 463 250

149 531 230 598 οὐχ
253 529 374 600 ὁρᾷς
402 527 553 590 ὅπως
602 522 803 578 άπλοόν
845 522 1044 595 τρόπον
1073 523 1194 578 τινὰ
1215 565 1228 590 ,
1259 525 1355 579 καὶ
1381 525 1704 598 ὁμοιομερές

1808 533 1892 582 tas
1923 524 2213 581 habemus.
2257 520 2584 592 Quanquam
2622 518 2872 590 proiecto
2933 519 3083 590 quod
3128 518 3187 574 in
3225 520 3388 576 nobis

150 622 251 701 ἐστι
272 621 328 673 τὸ
352 620 430 682 είς
457 615 712 688 ἀφορμὴν
734 615 832 687 τῆς
855 614 1168 680 συστάσεως
1189 614 1283 670 τοῦ
1317 614 1568 687 σώματος
1585 619 1700 681 τοῖς

1808 618 2245 675 illustrissimum
2311 622 2420 681 est,
2454 614 2677 671 silentio
2748 615 3156 685 prteteriimus;
3203 615 3386 685 ipsum

150 710 445 780 σπλάγχνοις
499 706 1008 777 καταδαλλόμενον;
1065 706 1164 778 τὴν
1201 707 1261 763 δὲ
1296 707 1567 762 ποικιλίαν
1603 708 1698 762 rei

1808 711 2020 768 scilicet
2050 711 2107 765 in
2137 708 2297 764 nobis
2321 708 2623 763 exsistendi
2664 707 3022 778 principium.
3061 706 3200 763 Nam
3248 708 3378 777 quis

149 799 664 869 κατασκευαζομένου
707 796 1079 868 συγκρίματος
1127 797 1211 861 τίς
1258 794 1413 865 λόγος
1450 797 1700 870 exsul-(ﬁ.

1808 802 2152 857 aﬂectionem
2173 808 2382 855 natura
2397 799 2779 855 admirandam
2810 799 3052 869 ignorat,
3069 799 3203 870 quid
3221 800 3388 853 nimi-

150 890 424 957 σεταιγΤίς
454 889 498 943 δ’
530 890 599 943 ἂν
634 888 710 961 μὴ
746 891 813 959 τῇ
850 891 1003 959 κοινῇ
1034 887 1196 957 φύσει
1236 888 1296 941 τὸ
1326 888 1564 943 τοιοῦτον
1592 907 1697 960 μα-

149 982 259 1045 θὼν,
288 981 502 1036 δυνατὸν
526 982 789 1053 ἡγήσαιτο
816 979 877 1033 τὸ
900 979 1204 1049 γινόμενον,
1234 980 1316 1033 ὅτι
1343 979 1405 1034 τὸ
1436 980 1608 1052 βραχύ
1637 998 1697 1033 τε

1801 906 1927 946 rum
1950 891 2107 947 alvus
2142 896 2390 945 materna
2435 889 2641 958 capiat,
2674 896 2732 944 et
2765 889 2895 958 quid
2941 887 3009 942 de
3046 904 3112 945 eo
3141 887 3389 943 eﬂiciat‘l

914 979 1204 1071 γινόμενον,
1234 980 1316 1033 ὅτι
1343 979 1405 1034 τὸ
1436 980 1608 1052 βραχύ
1637 998 1697 1033 τε
1800 981 1885 1036 An
1922 997 2038 1037 non
2063 979 2217 1036 vides
2245 996 2417 1050 quam
2459 982 2531 1036 sit
2559 980 2800 1050 quodam
2834 978 2999 1033 modo
3029 980 3281 1048 simplex,
3335 991 3390 1033 et

149 1076 228 1128 καὶ
279 1075 389 1127 ἀντ’
437 1074 650 1138 οὐδενὸς
696 1075 874 1128 έκεῖνο
916 1069 1023 1125 τοῦ.
1066 1072 1321 1126 τοσούτου
1375 1074 1703 1145 πράγματός

1808 1089 1971 1145 quam
2006 1073 2234 1128 minime
2275 1072 2527 1137 mistum,
2579 1072 2785 1142 quippe
2833 1070 2983 1141 quod
3015 1069 3387 1126 dissimilibus

150 1165 275 1217 ἐστιν
300 1164 466 1234 ἀρχή;
501 1163 645 1234 μέγα
676 1162 732 1216 δέ
762 1179 924 1231 φημι,
954 1163 1015 1216 οὐ
1048 1162 1210 1233 μόνον
1233 1165 1312 1228 είς
1340 1165 1439 1234 τὴν
1472 1165 1612 1220 κατὰ
1638 1164 1700 1218 τὸ

1808 1174 1999 1221 natura
2032 1166 2285 1236 partibus
2318 1180 2427 1221 non
2457 1173 2695 1229 constet,
2732 1165 2881 1236 quod
2908 1165 3178 1219 maternis
3206 1164 3261 1218 in
3293 1162 3388 1217 vi-

152 1254 287 1326 σῶμα
309 1254 513 1325 βλέπων
538 1253 973 1318 διάπλασιν,ἀλλ“
1002 1253 1031 1306 ὃ
1058 1253 1166 1323 πρὸ
1188 1252 1377 1307 τούτου
1400 1254 1698 1326 θαυμάζειν

1808 1258 2057 1313 secribus
2092 1257 2407 1329 deponitur,
2444 1265 2506 1312 ut
2533 1272 2597 1313 ex
2627 1271 2694 1313 eo
2720 1271 2925 1326 corpus
2963 1255 3203 1311 hominis
3249 1268 3386 1309 con-

150 1342 296 1406 άξιον.
323 1342 485 1413 αὐτὴν
530 1342 683 1411 λέγω
724 1340 823 1412 τὴν
853 1341 1050 1413 ψυχὴν,
1101 1343 1195 1396 καὶ
1239 1342 1309 1395 τὰ
1361 1344 1487 1415 περὶ
1528 1344 1697 1416 αὐτὴν

1808 1350 2091 1404 stituatur?
2110 1351 2180 1404 At
2202 1365 2325 1420 qua:
2346 1350 2564 1404 tandem
2592 1348 2771 1403 oratio
2788 1345 3117 1418 explicando
3141 1347 3385 1401 varieta-

150 1433 483 1504 θεωρούμενα.

1808 1449 1915 1495 tem
1947 1443 2228 1513 compagis
2259 1441 2455 1512 ipsius,
2493 1455 2618 1511 quae
2646 1449 2897 1511 paratur,
2927 1439 3194 1495 enarrat?
3226 1437 3383 1502 Quis,

150 1526 371 1591 obsecro,
400 1527 513 1581 ﬁeri
537 1541 702 1598 posse
734 1534 972 1598 putaret,
1002 1528 1050 1583 si
1088 1527 1206 1583 haec
1250 1528 1532 1584 communi
1581 1537 1794 1588 natura:
1822 1522 2007 1590 ductu
2028 1545 2318 1608 perspecta
2355 1552 2463 1591 non
2497 1535 2747 1601 haberet,
2781 1543 2842 1590 ut
2876 1536 3134 1605 exiguum
3162 1532 3297 1587 illud
3323 1546 3389 1585 ac

151 1633 295 1690 prope
337 1619 537 1675 nullius
567 1621 853 1686 momenti,
906 1627 1015 1674 tam
1043 1621 1232 1676 eximii
1280 1622 1463 1691 operis
1494 1623 1823 1695 principium
1854 1628 2043 1686 foret?
2089 1631 2276 1686 eximii
2328 1630 2477 1695 dico,
2524 1644 2635 1685 non
2668 1630 2733 1683 ad
2765 1629 3013 1698 corporis
3042 1627 3218 1682 solum
3250 1639 3388 1679 con-

152 1712 499 1767 τοτηιθιίοηθω
551 1712 875 1782 τεερὶεῖθηευ
909 1713 1005 1770 sed
1033 1713 1101 1769 ad
1134 1714 1315 1785 ipsum
1344 1715 1508 1771 etiam
1536 1718 1801 1788 animum,
1833 1731 1890 1778 et
1922 1739 2044 1795 quae
2078 1724 2263 1780 animo
2291 1724 2670 1788 continentur,
2695 1722 2915 1793 quando
2946 1721 3035 1776 hic
3063 1720 3237 1774 multo
3268 1732 3392 1772 ma-

149 1804 218 1873 gis
243 1804 644 1862 admirationem
676 1814 938 1861 meretur.

654 1898 1051 1955 ΚΕΦΑΛΑΙΟΝ
1080 1898 1218 1955 KH'.

2337 1900 2567 1957 CAPUT
2614 1898 2855 1953 XXVI".

147 1991 275 2070 Πρὸς
323 1991 460 2059 τοὺς
498 1990 797 2076 ,μέγιστ-τας
843 1992 1295 2076 προρφεσςάναι
1340 1993 1448 2076 τὰς
1474 1992 1703 2076 ⁹ψυχὰς

1808 1992 2068 2049 Adversus
2099 2009 2188 2076 eos
2219 1994 2310 2064 qui
2342 1995 2549 2047 animos
2585 2002 2707 2046 ante
2738 2006 2961 2069 corpora
2996 1990 3386 2072 traduntca'si-

205 2061 310 2141 τῷν
352 2062 723 2150 eamcircer
748 2062 786 2130 ἢ
831 2061 899 2150 τρ
940 2061 1204 2150 ἔμπαλιν
1256 2065 1381 2150 ⁸ίζρὸ
1409 2061 1545 2150 ττῶῖν
1586 2061 1705 2133 ψυ-

1873 2075 2043 2129 stere,
2081 2061 2407 2150 tte'l__cont'ra',
2448 2080 2673 2150 corpora
2764 2066 3074 2131 priusquam
3149 2062 3384 2150 elicimus,

140 2184 191 2197 Ar
206 2131 315 2217 χῶν
343 2127 908 2220 διαέξεπκξᾶσθαιὶτὰὶ
928 2127 1217 2220 adipata.
1398 2127 1446 2200 ᾧ
1488 2152 1576 2201 τις
1592 2127 1701 2188 'xal

1871 2152 1984 2190 esse
2013 2127 2249 2218 condita.
2287 2132 2512 2220 [fabulis
2539 2127 2728 2220 etiam.
2764 2127 3119 2213 consentanea
3158 2131 3222 2185 de
3268 2134 3388 2185 ani-

205 2201 490 2324 gralrpom‘z
526 2200 640 2271 τῆς
669 2200 820 2255 κατὰ
849 2204 955 2267 τὰς
992 2200 1490 2273 μετεμψυχώσεις
1515 2200 1703 2274 μυθο-

246 2290 291 2325 οι
315 2291 402 2325 ac.

1874 2222 2082 2259 morum
2117 2204 2523 2275 migrationibus
2555 2204 2800 2256 doctrina
2830 2203 3102 2257 evertitur.

315 2291 402 2338 ας.

205 2364 342 2434 Τάχα
361 2362 467 2434 γὰρ
492 2365 597 2419 οὐκ
623 2362 727 2428 ἔξω
749 2362 850 2433 τῆς
879 2364 1251 2435 προκειμένης
1278 2368 1411 2437 ἡμῖν
1444 2382 1704 2439 πραγμα-

147 2454 274 2517 τείας
296 2456 428 2519 ἐστὶ,
475 2455 537 2509 τὸ
565 2454 872 2519 διεξετάσαι
897 2455 958 2508 τὸ
986 2457 1456 2529 ἀμφιδαλλόμενον
1495 2459 1553 2511 ὲν
1582 2460 1703 2521 ταῖς

147 2545 429 2616 ἐκκλησίαις
458 2547 591 2617 περὶ
618 2547 793 2617 ψυχῆς
821 2563 880 2599 τε
903 2547 998 2601 καί
1025 2546 1294 2618 σώματος.
1316 2549 1443 2612 Τοῖς
1476 2549 1573 2619 μὲν
1594 2548 1705 2619 γὰρ

150 2636 237 2689 τῶν
261 2636 360 2708 πρὸ
398 2638 559 2709 ἡμῶν
593 2637 760 2700 δοκεῖ,
804 2631 887 2700 οἷς
923 2636 953 2688 ὁ
984 2640 1124 2705 Περὶ
1157 2638 1276 2693 τῶν
1301 2638 1503 2708 ἀρχῶν
1529 2640 1703 2710 ἐπρα-

148 2729 396 2802 γματεύθη
419 2730 600 2799 λόγος,
628 2729 874 2799 καθάπερ
892 2728 1018 2784 τινὰ
1041 2730 1211 2801 δῆμον
1231 2732 1289 2784 ὲν
1313 2730 1589 2803 ίδιαζούσῃ
1611 2748 1705 2784 πο·

148 2819 298 2893 λιτεία
340 2824 433 2887 τὰς
462 2824 645 2894 ψυχὰς
686 2823 1091 2893 προϋφεστάναι
1144 2822 1341 2892 λέγειν.
1380 2824 1705 2895 Προκείσθαι

145 2911 194 2963 δὲ
216 2914 360 2967 κάκεῖ
378 2915 442 2969 τά
452 2931 514 2968 τε
524 2916 629 2984 τῆς
640 2916 839 2980 κακίας
862 2916 1073 2987 καὶτῆς
1089 2917 1291 2989 ἀρετῆς
1309 2917 1699 2986 ὑποδείγματα.

148 3004 242 3056 Καὶ
266 3007 675 3077 παραμένουσαν
707 3007 803 3078 μὲν
842 3010 900 3060 ἐν
944 3008 1023 3078 τῷ
1055 3008 1205 3079 καλῷ
1241 3008 1342 3078 τὴν
1378 3008 1575 3077 ψυχὴν,
1605 3007 1705 3075 τῆς

150 3096 362 3164 πρὸς.τδ
405 3098 565 3171 σῶμα
602 3100 923 3170 συμπλοκῆς
960 3101 1138 3172 μένειν
1173 3101 1500 3172 ἀπείρατον·
1556 3101 1606 3152 εί
1648 3100 1705 3152 δὲ

148 3188 230 3239 καὶ
269 3190 506 3263 ἀπορρυῇ
554 3191 657 3262 τῆς
692 3191 788 3245 τοῦ
828 3193 1036 3261 ἀγαθοῦ
1091 3195 1401 3265 μετουσίας,
1433 3192 1569 3264 πρὸς
1609 3191 1703 3245 τὸν

147 3278 255 3348 τῇδε
283 3280 389 3350 βίον
418 3283 866 3352 κατολισθαίνειν,
906 3286 997 3341 καὶ
1018 3286 1191 3349 οὕτως
1217 3288 1275 3340 ἐν
1310 3285 1525 3356 σώματι
1553 3284 1704 3355 γίνε-

150 3369 272 3425 σθαι.
295 3372 506 3445 Ἐτεροι
537 3376 599 3429 δὲ
624 3379 690 3447 τῇ
722 3379 860 3430 κατὰ
884 3378 975 3430 τὸν
1001 3379 1206 3431 Μωσέα
1229 3376 1381 3443 τάξει
1414 3378 1513 3448 τῆς
1544 3394 1709 3431 κατα-

151 3468 325 3536 σκευῆς
365 3468 458 3520 τοῦ
496 3466 789 3539 ἀνθρώπου
841 3471 1220 3540 προσέχοντες,
1258 3470 1517 3540 δευτέραν
1568 3466 1705 3524 εἶναι

149 3554 231 3623 τὴν
272 3557 436 3630 ψυχὴν
488 3558 589 3612 τοῦ
630 3559 880 3630 σώματος
934 3562 1075 3616 κατὰ
1126 3561 1220 3615 τὸν
1278 3563 1469 3633 χρόνον
1517 3562 1702 3631 φασίν.

163 3644 351 3719 Ἐπειδὴ
398 3648 618 3719 πρῶτον
667 3649 846 3703 λαϐὼν
897 3653 927 3704 ὁ
956 3652 1090 3715 Θεὸς
1137 3652 1266 3723 χοῦν
1299 3653 1411 3707 ἀπὸ
1451 3653 1551 3723 τῆς
1577 3653 1703 3722 γῆς.

1873 2367 2154 2425 Fortassis
2181 2368 2326 2423 enim
2355 2368 2425 2423 ab
2452 2366 2706 2422 instituto
2736 2379 2988 2422 sermone
3011 2362 3246 2417 alienum
3278 2378 3388 2417 non

1807 2463 2005 2527 fuerit,
2040 2462 2086 2519 si
2126 2462 2182 2516 in
2215 2460 2270 2517 id
2291 2500 2305 2526 ,
2342 2461 2487 2532 quod
2521 2460 2587 2515 de
2617 2460 2802 2513 animo
2829 2465 2885 2513 et
2920 2470 3150 2528 corpore
3185 2457 3387 2526 passim

1807 2556 1863 2610 in
1910 2554 2164 2610 ccclesiis
2211 2552 2667 2615 controvertitur,
2726 2551 3093 2621 inquiramus.
3150 2547 3387 2614 Quidam

1805 2647 1955 2703 enim
1997 2644 2300 2715 superioris
2339 2643 2619 2698 memoria:
2657 2641 2947 2700 doctores,
2985 2640 3079 2709 qui
3112 2653 3390 2693 commcn-

1804 2737 1975 2793 tarios
2008 2736 2095 2799 De;
2114 2736 2385 2805 principiis
2426 2734 2796 2803 scripserunt.
2840 2733 3053 2786 animos
3103 2731 3387 2783 hominum

1803 2825 1963 2896 quasi
1994 2824 2286 2894 quamdam
2323 2825 2599 2878 nationem
2622 2866 2636 2889 ,
2670 2838 2915 2877 seorsum
2950 2819 3185 2890 quadam
3221 2818 3274 2873 in
3308 2835 3394 2872 rc-

1807 2916 2029 2988 publica
2068 2916 2338 2971 exsistere
2375 2915 2535 2984 longe
2569 2922 2695 2968 ante
2730 2925 2964 2981 corpora
3000 2910 3245 2965 tradunt.
3283 2909 3395 2963 Ibi-

1804 3009 1928 3063 dem
1963 3008 2045 3063 eis
2078 3021 2202 3061 cum
2233 3007 2495 3061 vitiorum
2531 3014 2646 3058 tum
2695 3004 2917 3059 virtutis
2946 3017 3071 3057 esse
3104 3001 3395 3071 proposita

1804 3099 2076 3171 exempla.
2114 3098 2183 3172 Et
2216 3099 2434 3153 animos
2466 3097 2686 3167 quidem
2725 3101 3047 3150 constanter
3083 3093 3307 3147 virtutis
3341 3103 3395 3146 et

1808 3194 2029 3248 honesti
2063 3191 2249 3247 studio
2281 3189 2500 3246 deditos
2521 3229 2536 3254 ,
2572 3189 2735 3259 plane
2762 3202 2888 3241 cum
2924 3185 3251 3255 corporibus
3284 3198 3395 3238 non

1808 3285 2078 3356 copulari.
2116 3283 2213 3339 Sin
2248 3290 2432 3338 autem
2484 3282 2615 3337 boni
2662 3281 2847 3335 fructu
2899 3285 2953 3333 et
3005 3274 3398 3345 conjunctione

1805 3379 2097 3445 excidant,
2132 3385 2248 3431 tum
2292 3377 2506 3432 scilicet
2533 3390 2629 3431 eos
2658 3374 2716 3428 in
2749 3373 2892 3427 hanc
2925 3372 3093 3424 vitam
3138 3367 3347 3439 prolabi
3376 3409 3388 3428 ,

1805 3480 1859 3527 et
1893 3472 1949 3526 in
1981 3485 2213 3542 corpora
2249 3469 2356 3525 hoc
2390 3475 2554 3539 pacto
2586 3466 2828 3521 immitti.
2864 3464 2971 3517 Alii
3001 3471 3194 3518 contra
3232 3460 3398 3515 seriei

1807 3563 2139 3625 creationis,
2193 3576 2301 3631 qua
2353 3559 2626 3614 formatus
2656 3565 2739 3612 est
2773 3556 2970 3615 homo,
3019 3567 3049 3606 a
3096 3551 3247 3606 Mose
3295 3550 3392 3604 de-

1806 3656 2027 3725 scriptae
2057 3652 2411 3717 inhaerendo,
2463 3651 2705 3704 animum
2755 3660 2989 3716 corpore
3041 3651 3163 3697 ortu
3212 3650 3399 3712 postc-

1806 3748 2009 3802 riorem
2070 3760 2194 3801 esse
2252 3743 2427 3798 aiunt.
2488 3740 2656 3795 Deum
2710 3752 2949 3807 namque
2999 3743 3396 3790 commemorat

1807 3840 1986 3895 Moses
2021 3837 2256 3909 primum
2293 3836 2360 3891 de
2392 3841 2539 3889 terra
2575 3839 2795 3901 sumpto
2848 3828 3072 3899 pulvere
3116 3825 3393 3880 hominem

1808 3932 2066 3995 tinxisse,
2102 3927 2302 3983 deinde
2342 3942 2440 3997 per
2485 3922 2899 3994 inspirationcm
2936 3918 3175 3974 animum
3207 3917 3257 3972 ei
3306 3916 3395 3971 in-

1807 4025 2013 4080 didisse
2043 4023 2110 4075 ".
2144 4019 2260 4076 Hac
2291 4021 2368 4075 illi
2402 4018 2617 4074 ratione
2646 4014 3080 4088 praestantiorem
3116 4025 3239 4067 esse
3269 4009 3393 4065 ani-

1808 4132 1900 4171 mo
1925 4128 2146 4170 carnem
2180 4114 2416 4183 probare
2448 4119 2741 4175 conantur,
2782 4106 2873 4178 qui
2916 4103 3070 4159 carni
3115 4102 3228 4173 jam
3268 4108 3397 4156 ante

150 3737 325 3793 ἔπλασε
365 3741 455 3795 τὸν
497 3742 817 3815 ἄνθρωπον
851 3740 953 3798 εἶθ’
995 3742 1169 3809 οὕτως
1198 3745 1447 3817 ὲψύχωσε
1495 3745 1584 3798 διὰ
1610 3746 1705 3799 τοῦ

150 3829 530 3903 ἐμφυσήματος.
598 3834 709 3888 Καὶ
755 3835 930 3907 τούτῳ
984 3836 1064 3907 τῷ
1107 3836 1252 3908 λόγῳ
1308 3838 1705 3909 προτιμοτέραν

150 3922 530 3980 ἀποδεικνύουσι
552 3927 655 3998 τῆς
679 3927 856 4000 ψυχῆς
879 3930 979 4002 τὴν
1010 3930 1210 4003 σάρκα,
1238 3932 1341 4001 τῆς
1368 3933 1708 4002 ἑπεισκρινο-

154 4014 298 4085 μένης
336 4017 431 4088 τὴν
464 4018 1073 4091 προδιαπεπλασμένην.
1108 4022 1340 4092 Λέγουσι
1378 4022 1487 4093 γὰρ
1532 4022 1621 4077 διὰ
1645 4023 1709 4077 τὸ

153 4109 289 4180 σῶμα
313 4113 405 4183 τὴν
439 4113 622 4184 ψυχὴν
660 4115 935 4183 γενέσθαι,
983 4117 1060 4181 ὡς
1086 4116 1154 4171 ἂν
1187 4117 1263 4188 μὴ
1290 4118 1492 4172 ἄπνουν
1517 4135 1577 4171 τε
1613 4118 1707 4172 καὶ

151 4202 375 4273 ἀκίνητον
405 4205 489 4277 εἴη
514 4207 579 4258 τὸ
606 4205 850 4278 πλάσμα.
885 4209 1001 4262 Πᾶν
1023 4209 1081 4262 δὲ
1106 4209 1170 4263 τὸ
1197 4208 1284 4263 διά
1316 4227 1369 4263 τι
1402 4210 1705 4281 γινόμενον,

149 4293 444 4369 ἀτιμότερον
491 4298 712 4362 πάντως
743 4301 861 4353 ἐστὶ
889 4301 984 4355 τοῦ
1015 4301 1083 4355 δι’
1110 4301 1139 4354 ὃ
1169 4301 1400 4370 γίνεται.
1433 4301 1632 4367 Καθὼς
1648 4303 1707 4356 τὸ

1808 4213 2009 4263 creata:
2037 4206 2108 4261 sit
2155 4204 2384 4259 inditus.
2426 4203 2595 4257 Aiunt
2639 4200 2821 4262 cnim,
2869 4196 3111 4251 animum
3146 4194 3397 4264 corporis

1808 4313 1976 4354 causa
2008 4298 2211 4351 factum
2244 4309 2367 4349 esse
2387 4332 2402 4357 ,
2434 4306 2501 4348 ne
2533 4305 2673 4362 opus
2702 4290 2809 4343 hoc
2838 4287 2932 4342 Dei
2963 4302 2994 4341 a
3023 4285 3390 4355 respiratione

150 4382 454 4457 Εὐαγγέλιον
505 4390 687 4459 λέγει,
741 4393 822 4446 ὅτι
870 4393 1054 4447 πλεῖόν
1104 4396 1222 4448 ἔστι
1270 4395 1370 4467 τῆς
1414 4396 1623 4467 τροφῆς
1672 4397 1705 4467 ἡ

1808 4403 1873 4444 ac
1921 4394 2075 4442 motu
2124 4385 2538 4440 destitueretur.
2590 4378 2868 4449 Quidquid
2928 4383 3112 4430 autem
3165 4373 3396 4428 alterius

148 4471 301 4547 ψυχὴ,
355 4480 449 4533 καὶ
491 4480 558 4533 τὺ
611 4480 770 4551 σῶμα
813 4482 908 4535 τοῦ
942 4481 1271 4553 ἐνδύματος,
1316 4465 1464 4537 διότι
1500 4465 1705 4537 τούτων

1809 4493 1978 4535 causa
2006 4476 2096 4531 ﬁat
2120 4514 2135 4540 ,
2167 4475 2262 4529 illo
2290 4489 2412 4530 csse
2439 4471 2584 4527 haud
2618 4469 2782 4525 dubie
2810 4468 2974 4523 vilius
2997 4505 3012 4531 ,
3045 4465 3204 4535 cujus
3229 4477 3398 4519 causa

146 4564 306 4622 ινεκεν
331 4572 533 4628 ἐκεῖνα.
593 4573 667 4625 Οὐ
704 4572 813 4646 γὰρ
847 4573 935 4628 διὰ
962 4575 1061 4647 τὴν
1092 4574 1300 4647 τροφὴν
1325 4577 1363 4647 ἠ
1388 4574 1556 4647 ψυχὴ,
1583 4575 1704 4629 οὐδὲ

1809 4570 2156 4625 instituatur.
2196 4564 2467 4620 Nimirum
2514 4570 2568 4618 et
2603 4563 2656 4617 in
2690 4559 2988 4629 Evangelio
3018 4556 3395 4612 ratiocinatio-

145 4655 223 4709 τοῦ
249 4660 537 4732 ἐνδύματος
556 4662 715 4735 χάριν
746 4645 1154 4737 κατεσκευάσθή
1192 4666 1260 4719 τά
1291 4645 1541 4737 σώματα,
1573 4666 1705 4721 ἀλλὰ

1809 4677 1935 4717 nem
1967 4655 2287 4729 huiusmodi
2319 4654 2612 4726 quamdam
2643 4666 2797 4716 esse,
2848 4664 2973 4704 cum
3020 4647 3241 4702 animus
3268 4645 3397 4700 cibo

145 4748 326 4805 τούτων
366 4754 558 4818 ὄντων,
583 4756 764 4809 ὲκείνα
799 4756 885 4810 διὰ
915 4756 1012 4828 τὴν
1051 4757 1238 4828 χρείαν
1270 4758 1704 4831 προσεξηυρέθη.

157 4838 290 4895 Ἐπεὶ
328 4840 419 4899 οὗν
471 4848 531 4899 ὲν
580 4848 918 4917 ἀμφοτέραις
960 4851 1080 4912 ταῖς
1111 4849 1447 4920 ύπολήψεσιν
1490 4851 1519 4903 ὁ
1550 4850 1708 4919 λόγος

145 4929 388 5001 ὑπαίτιος,
420 4937 532 4990 τῶν
559 4954 617 4991 τε
644 4938 1014 5009 προϐιοτεύειν
1036 4939 1134 5003 τὰς
1163 4939 1342 5010 ψυχὰς
1375 4943 1433 4994 ὲν
1471 4941 1578 5014 ἰδίᾳ
1600 4940 1709 4994 τινὶ

145 5027 451 5081 καταστάσει
502 5028 974 5099 μυθολογούντων,
1026 5032 1262 5086 καὶτῶν
1309 5033 1544 5103 ὑστέρας
1596 5032 1706 5084 τῶν

145 5115 389 5185 σωμάτων
407 5120 911 5184 κατασκευάζεσθαι
934 5122 1265 5194 νομιζόντων
1282 5140 1296 5154 ·
1321 5124 1616 5193 ἀναγκαῖον
1640 5123 1707 5177 ἂν

143 5205 218 5277 εἴη
246 5210 404 5280 μηδὲν
434 5211 545 5265 τῶν
589 5212 896 5284 λεγομένοιν
941 5218 999 5270 έν
1033 5218 1147 5280 τοῖς
1178 5215 1411 5287 δόγμασι
1445 5216 1707 5289 περιιδεῖν

143 5297 500 5361 ὰνεξέιταστον.
543 5303 703 5358 Ἀλλὰ
728 5305 787 5358 τὸ
820 5306 919 5375 μὲν
943 5306 1009 5360 δι’
1042 5305 1331 5378 ἀκριϐείας
1358 5307 1485 5370 τοὺς
1521 5304 1707 5359 ἑκατέ-

146 5389 297 5456 ρωθεν
316 5394 618 5465 γυμνάζειν
639 5394 851 5466 λόγους,
879 5399 972 5451 xui.
1010 5397 1191 5462 πάσας
1220 5397 1584 5451 ἐκκαλύπτειν
1608 5396 1707 5460 τὰς

144 5479 445 5555 ὶγκειμένας
509 5486 740 5553 ἀτοπίας
788 5490 911 5552 ταῖς
957 5489 1258 5561 ὑπολήψεσι
1281 5530 1298 5556 ,
1362 5490 1577 5562 μακροῦ
1638 5489 1707 5543 ἂν

143 5567 295 5626 δέοιτο
326 5577 423 5630 καί
452 5578 647 5651 χρόνου
687 5580 783 5634 καὶ
819 5579 998 5649 λόγου’
1061 5580 1129 5635 δι’
1168 5581 1365 5651 ὀλίγων
1404 5581 1480 5646 δὲ,
1524 5581 1708 5645 καθώς

143 5659 245 5717 ἐστι
270 5665 516 5733 δυνατὸν,
550 5668 810 5741 ἑκάτερον
845 5669 955 5725 τῶν
987 5671 1296 5744 εἰρημένων
1332 5671 1706 5742 ἐπισκεψάμε-

232 5840 275 5870 ⁹⁷
310 5840 424 5897 (ιρη
481 5861 535 5904 ιι.
570 5846 619 5903 7.

1807 4754 1990 4826 potior
2014 4764 2141 4807 esse
2170 4747 2396 4810 dicitur,
2425 4760 2629 4815 corpus
2653 4743 2986 4798 vestimento
3010 4759 3026 4795 :
3055 4738 3276 4810 quando
3303 4739 3397 4793 illa

1808 4846 2005 4900 horum
2029 4857 2200 4897 causa
2227 4839 2371 4894 facta
2399 4838 2533 4893 sint.
2562 4834 2681 4890 Non
2710 4836 2856 4891 enim
2884 4834 3102 4889 animus
3129 4831 3394 4893 alimenti,

1810 4950 1990 5005 neque
2016 4947 2220 5003 corpus
2252 4929 2428 4985 vestis
2461 4935 2545 4983 est
2579 4940 2748 4982 causa
2783 4924 3099 4989 conditum,
3137 4922 3231 4977 sed
3268 4936 3393 4975 cum

1811 5028 1926 5082 haec
1973 5025 2087 5095 jam
2136 5022 2503 5085 exsisterent,
2555 5019 2623 5073 ad
2679 5032 2840 5074 usum
2887 5029 3078 5073 eorum
3129 5013 3220 5067 illa
3267 5019 3399 5065 sunt

1808 5125 2149 5189 comparata.
2196 5113 2441 5185 Utraque
2493 5110 2681 5182 opinio
2729 5124 2854 5165 eum
2904 5103 3394 5178 reprehensionem

1807 5219 2109 5277 mereatur,
2155 5217 2266 5264 tam
2297 5219 2492 5262 eorum
2526 5204 2621 5274 qui
2653 5203 2872 5258 animos
2906 5197 3129 5270 proprio
3155 5191 3394 5265 quodam

1808 5304 1865 5358 in
1899 5309 2050 5359 statu
2081 5310 2209 5356 ante
2241 5313 2476 5370 corpora
2510 5298 2694 5351 vivere
2738 5301 3036 5362 nugantur.
3084 5299 3248 5357 quam
3297 5283 3395 5353 qui

1805 5411 1902 5454 eos
1937 5403 2062 5466 post
2102 5408 2332 5463 corpora
2372 5390 2608 5462 primum
2635 5387 2798 5443 condi
2826 5382 3184 5441 existimant:
3214 5391 3401 5447 operae

1803 5488 2041 5559 pretium
2090 5485 2259 5541 fuerit
2303 5484 2358 5538 in
2400 5481 2586 5538 omnia
2635 5478 2883 5534 studiose
2925 5471 3239 5542 inquirere,
3271 5485 3400 5540 qua:

1806 5581 1860 5634 in
1891 5576 2236 5649 explicandis
2266 5575 2560 5645 utriusque
2590 5571 2769 5642 partis
2794 5566 3035 5623 decretis
3065 5564 3119 5618 in
3151 5560 3397 5618 medium

1805 5671 2128 5727 atteruntur.
2183 5668 2254 5723 At
2307 5665 2454 5722 enim
2510 5669 2770 5719 accurate
2824 5657 3096 5716 adversus
3146 5653 3398 5713 rationes
