3890 6354
430 401 529 459 251

432 520 691 590 utrinque
744 522 1041 591 productas
1087 523 1245 593 quasi
1285 524 1582 594 pugnando
1626 525 1917 595 progredi,
1952 532 2008 578 et

2126 544 2211 591 μοι,
2250 527 2415 581 πάλιν
2462 524 2568 578 τῶν
2616 522 2991 595 προκειμένων
3035 516 3461 588 ἀντιληψόμεθα.
3508 516 3580 569 οι
3621 516 3701 583 τῷ

430 612 618 665 omnia
652 626 776 681 qua:
807 616 862 667 in
897 614 981 669 his
1018 614 1373 683 opinionibus
1406 615 1642 670 absurda
1689 623 1818 671 sunt
1864 622 2009 670 rete-

432 701 608 771 gendo
640 702 988 772 patefacere:
1023 703 1077 758 id
1110 719 1243 760 vero
1272 712 1328 759 et
1354 704 1660 760 ora’tionem
1692 706 1962 776 prolixam
1991 746 2009 772 ,

430 801 484 846 et
517 794 777 863 temporis
803 810 914 849 non
938 804 1134 859 parum
1156 792 1478 862 requireret.
1497 796 1708 851 Idcirco
1749 796 2009 863 breviter,

431 892 698 952 quantum
733 883 855 953 ejus
889 884 1008 938 ﬁeri
1053 882 1290 954 poterit,
1321 884 1686 941 consideratis
1726 888 2013 954 utriusque

429 975 605 1042 partis
637 975 1009 1045 argumentis,
1046 975 1123 1029 ita
1152 974 1353 1031 deinde
1393 976 1540 1047 quod
1584 977 1807 1047 proprie
1853 977 2015 1031 insti-

433 1065 639 1120 tuimus
660 1103 675 1129 ,
704 1081 1125 1136 prosequemur.
1158 1064 1263 1132 Qui
1293 1078 1501 1137 partem
1542 1069 1780 1138 priorem
1824 1066 2015 1122 defen-

431 1156 603 1220 dunt,
652 1165 707 1212 et
753 1157 1145 1227 rempublicam
1176 1157 1486 1212 animorum
1519 1157 1819 1227 quamdam‘
1866 1159 2016 1228 prio-

433 1265 544 1304 rem
582 1250 693 1303 vita
722 1249 776 1303 in
811 1264 1045 1318 corpore
1074 1258 1265 1305 nostra
1295 1250 1646 1305 constituunt
1677 1293 1698 1323 ,
1723 1249 1856 1304 mibi
1886 1249 2013 1319 qni-

430 1339 553 1394 dem
576 1355 608 1394 a
626 1338 960 1395 Grazcanicis
985 1341 1094 1395 illis
1113 1341 1423 1411 disciplinis
1444 1341 1726 1397 hominum
1752 1341 2017 1396 doctrina

430 1431 681 1486 veritatis
728 1431 1047 1501 ignarorum
1100 1432 1373 1487 immunes
1424 1446 1550 1488 esse
1589 1447 1696 1486 non
1737 1432 2012 1494 videntur,

431 1521 527 1592 qui
563 1521 776 1578 tabulas
806 1523 1073 1592 quasdam
1100 1522 1169 1578 de
1196 1524 1506 1578 animorum
1539 1538 1608 1579 ex
1649 1523 1770 1578 aliis
1812 1523 1867 1577 in
1909 1523 2015 1577 alia

433 1627 666 1682 corpora
696 1613 1116 1683 migrationihus
1140 1614 1435 1669 commenti
1465 1625 1614 1670 sunt.
1644 1613 1779 1669 Nam
1810 1615 1858 1669 si
1890 1615 2016 1684 quis

435 1708 696 1756 accurate
746 1717 862 1756 rem
914 1704 1229 1768 existimet,
1271 1705 1498 1759 omnino
1541 1704 1721 1759 delabi
1772 1705 2016 1775 ipsorum

437 1792 745 1847 orationem
780 1794 849 1848 ad
882 1795 933 1848 id
973 1795 1248 1858 inveniet,
1278 1795 1424 1865 quod
1472 1795 1746 1866 proditum
1788 1804 1872 1849 est
1902 1811 2018 1850 me-

1645 404 1702 459 5.
1737 401 2064 462 GREGORII
2098 404 2386 462 NYSSENl

3592 394 3704 449 ΞΩ

2112 619 2363 689 προτέρῳ
2404 616 2797 689 παριστάμενοι
2841 613 3018 684 λόγῳ,
3059 613 3153 667 καὶ
3188 607 3573 683 πρεσϐυτέραν
3598 607 3701 676 τῆς

2112 712 2170 763 ὲν
2203 710 2365 780 σαρκὶ
2397 709 2540 779 ζωῆς
2567 708 2667 779 τὴν
2692 705 2966 760 πολιτείαν
2986 704 3094 758 τῶν
3121 702 3310 774 ψυχῶν
3333 697 3700 770 δογματίζον-

2109 815 2202 864 τες
2227 838 2244 863 ,
2304 798 2366 852 οὗ
2425 815 2516 870 μοι
2561 797 2778 852 δοκοῦσι
2828 796 2938 851 τῶν
2983 792 3315 864 Ἑλληνικῶν
3370 787 3703 861 καθαρεύειν

2111 890 2416 961 δηγμάτων,
2463 889 2573 942 τῶν
2619 889 2747 958 περὶ
2792 889 2892 959 τῆς
2920 884 3463 957 μετενσωματὼσεως
3509 881 3704 943 αὐτοῖς

2116 981 2664 1052 μεμυθολογημένων.
2683 981 2746 1033 Εί
2762 980 2871 1050 γάρ
2885 996 2967 1042 τις
2987 976 3228 1047 ἀκριϐῶς
3245 974 3542 1040 ἐξετάσειε,
3558 969 3703 1041 πρὺς

2113 1070 2272 1125 τοῦτο
2290 1071 2434 1124 κατά
2468 1072 2651 1124 πᾶσαν
2678 1071 2928 1139 ἀνάγκην
2954 1068 3047 1122 τὸν
3079 1066 3236 1134 λόγον
3255 1065 3439 1127 αὐτοῖς
3470 1062 3705 1133 εὑρήσει

2115 1161 2579 1233 κατασυρόμενον,
2601 1161 2661 1213 ὄν
2681 1161 2812 1231 φασί
2832 1176 2955 1214 τινα
2977 1158 3086 1212 τῶν
3107 1158 3236 1228 παρ’
3258 1155 3489 1217 ἐκείνοις
3515 1151 3704 1220 σοφῶν

2114 1254 2424 1325 εἰρηκέναι,
2463 1253 2545 1306 ὅτι
2577 1252 2715 1323 ἀνὴρ
2745 1251 2968 1320 γέγονεν
3002 1252 3032 1304 ὁ
3062 1249 3252 1312 αὐτὸς,
3304 1247 3402 1301 καί
3430 1242 3705 1313 γυναικὸς

2120 1343 2279 1413 σῶμα
2309 1342 2753 1412 μετημφιάσατο,
2796 1342 2893 1394 καὶ
2923 1339 3039 1411 μετ’
3086 1336 3287 1409 ὀρνέων
3314 1334 3557 1402 ἀνέπτη,
3605 1332 3704 1385 καὶ

2116 1434 2317 1504 θάμνος
2348 1433 2469 1501 ἔφυ,
2513 1433 2609 1486 καὶ
2648 1431 2739 1485 τὸν
2770 1431 2989 1501 ἔνυδρον
3021 1429 3179 1499 ἔλαχε
3215 1426 3347 1496 βίον.
3393 1424 3472 1477 οὐ
3506 1422 3703 1496 πόρρω

2115 1524 2214 1595 τῆς
2246 1524 2501 1595 ἀληθείας
2530 1524 2671 1577 κατά
2698 1540 2761 1591 γε
2794 1522 2891 1593 τὴν
2914 1520 3051 1592 ὲμὴν
3092 1520 3273 1591 κρίσιν
3315 1515 3643 1588 φερόμενος,
3671 1514 3706 1566 ὁ

2117 1616 2428 1687 περὶαύτοῦ
2453 1615 2625 1669 ταῦτα
2645 1615 2836 1682 λέγων.
2863 1609 3073 1675 Ὄντως
3091 1612 3199 1681 γάρ
3222 1609 3511 1683 βατράχων
3533 1605 3705 1658 τινῶν

2118 1707 2151 1778 ἢ
2181 1706 2403 1759 κολοιῶν
2427 1706 2714 1777 φλυαρίας,
2748 1706 2781 1775 ἢ
2811 1703 3030 1772 ἀλογίας
3064 1701 3283 1773 ἰχθύων,
3322 1699 3356 1770 ἢ
3388 1696 3574 1770 δρυῶν
3608 1696 3706 1748 ἀν·-

2121 1797 2406 1868 αισθησίας
2432 1798 2558 1863 ἀξια
2585 1797 2654 1850 τὰ
2683 1795 2907 1849 τοιαῦτα
2933 1794 3193 1864 δόγματα,
3245 1790 3311 1844 τὸ
3344 1788 3476 1859 μίαν
3519 1785 3706 1857 ψυχὴν

438 1885 658 1950 moria,
709 1884 1000 1955 quemdam
1049 1887 1118 1942 de
1162 1886 1370 1942 Graecis
1403 1887 1745 1956 sapientibus
1787 1886 2011 1949 dixisse,

2126 1892 2292 1959 λέγειν
2317 1890 2404 1944 διὰ
2428 1890 2697 1943 τοσούτων
2724 1887 2917 1942 ἐλθεῖν.
2944 1887 3068 1957 Τῆς
3096 1884 3155 1938 δὲ
3181 1880 3437 1952 τοιαύτης
3465 1877 3703 1940 ἀτοπίας

439 1972 633 2029 Fuisse
658 1976 919 2031 nimirum
949 1992 1072 2032 sese
1097 1977 1393 2047 aliquando
1420 1985 1476 2031 et
1517 1977 1694 2030 virum
1714 2017 1729 2041 ,
1757 1984 1813 2031 et
1858 1975 2018 2030 femi-

437 2068 599 2131 nam,
633 2074 687 2121 et
728 2068 872 2121 inter
900 2069 1030 2122 ave's
1060 2069 1355 2130 volitasse.
1406 2075 1461 2122 et
1511 2066 1714 2121 factum
1755 2081 1879 2121 esse
1921 2066 2017 2120 de-

440 2157 565 2212 inde
594 2160 876 2213 arbustum
896 2201 914 2227 ,
958 2167 1125 2230 atque
1154 2160 1319 2214 etiam
1353 2159 1518 2213 vitam
1550 2159 1606 2212 in
1636 2158 1793 2227 aquis
1819 2158 2015 2227 egisse.

439 2248 556 2303 Meo
585 2251 804 2319 quidem
851 2250 1063 2320 judicio
1107 2265 1277 2321 prope
1324 2251 1515 2305 aberat
1554 2265 1582 2303 a
1634 2250 1863 2303 veritate
1908 2249 2021 2304 haec

440 2340 613 2409 ipsius
646 2341 825 2395 oratio
845 2382 860 2405 ,
891 2343 983 2412 qui
1022 2341 1338 2409 hnjnsmodi
1369 2340 1632 2410 quiddam
1668 2340 1736 2394 de
1767 2354 1827 2394 se
1855 2338 2022 2407 protl-

440 2438 665 2486 teretur.
724 2431 978 2486 Profecto
1041 2431 1189 2486 enim
1251 2446 1508 2485 ranarum
1565 2432 2023 2501 graculorumque

441 2537 593 2577 more
632 2522 939 2593 garriebat,
983 2530 1525 2592 consentaneamque
1567 2523 1742 2578 bruta:
1788 2523 2021 2593 piscium

439 2623 647 2669 naturae
676 2624 729 2670 et
762 2629 1072 2684 quercuum
1121 2629 1320 2670 sensus
1364 2613 1674 2685 expertium
1714 2613 2023 2668 doctrinam

439 2704 780 2773 proferebat,
810 2703 904 2774 qui
934 2719 1103 2758 unum
1147 2702 1511 2772 eumdemque
1554 2701 1798 2757 animum
1842 2701 1896 2755 in
1934 2716 2025 2757 res

436 2795 576 2852 adeo
610 2797 812 2851 multas
842 2796 1191 2867 immigrasse
1219 2793 1449 2849 diceret.
1479 2792 1578 2849 Est
1605 2801 1790 2849 autem
1824 2793 2024 2849 absur-

436 2890 521 2945 dae
546 2888 709 2958 hujus
730 2889 1021 2964 .Opinionis
1062 2890 1178 2943 haec
1206 2902 1375 2943 causa
1397 2928 1413 2949 ,
1448 2887 1598 2958 quod
1631 2895 1759 2943 ante
1793 2900 2024 2956 corpora

437 2980 705 3036 exsistere
760 2980 972 3035 animos
1022 2978 1334 3035 credebant.
1385 2976 1522 3032 Nam
1580 2979 1677 3034 ubi
1714 2979 1885 3035 semel
1923 2978 2027 3032 hoc

438 3073 743 3128 existimari
781 3081 1020 3142 emptum
1074 3070 1207 3136 fuit,
1249 3087 1479 3142 semper.
1509 3072 1745 3127 ulterius
1783 3071 1849 3126 ad
1897 3086 2028 3141 pro-

440 3166 584 3219 xima
611 3180 842 3235 quaeque
875 3163 1275 3235 progrediendo
1295 3204 1310 3227 ,
1346 3172 1401 3219 et
1430 3164 1744 3236 prodigiosa
1777 3164 2026 3235 quaedam

444 3234 807 3325 proferendo,
834 3234 1052 3308 tandem
1085 3253 1190 3306 huc
1225 3251 1432 3322 delapsi
1464 3234 1615 3307 sunt.
1650 3252 1707 3307 Si
1735 3234 1883 3308 enim
1917 3250 2026 3305 ani—
2051 3234 2095 3291 (ἶ

441 3362 565 3401 mus
595 3346 779 3417 aliquo
809 3361 871 3402 se
895 3347 1028 3401 vitio
1057 3347 1344 3417 polluens,
1378 3355 1670 3417 postquam
1705 3344 1874 3401 semel
1905 3344 2029 3398 vita:

441 3453 721 3509 corporeae
750 3449 972 3509 gustum
1017 3441 1298 3509 percepit,
1345 3452 1406 3493 ut
1454 3440 1556 3509 ipsi
1602 3439 1922 3507 loquuntur,
1961 3435 2029 3490 de

443 3529 762 3585 conditione
793 3545 858 3584 ac
888 3538 1031 3585 statu
1063 3530 1364 3585 excelsiore
1400 3529 1636 3599 quodam
1669 3527 1937 3597 dcjectus,
1972 3527 2028 3581 in

443 3623 719 3676 hominem
751 3623 1026 3693 immigrat
1050 3642 1065 3677 :
1095 3622 1254 3692 cujus
1280 3622 1507 3677 omnino
1537 3621 1648 3674 vita
1668 3658 1684 3684 ,
1712 3627 2030 3689 comparata

444 3728 567 3766 cum
608 3712 699 3766 illa
741 3721 944 3766 wterna
990 3719 1045 3766 et
1077 3711 1435 3782 incorporea,
1479 3708 1732 3780 pluribus
1778 3718 1863 3763 est
1904 3724 2029 3779 per-

443 3805 851 3860 turbationibus
880 3803 1116 3859 obnoxia
1143 3822 1158 3859 :
1187 3818 1417 3859 necesse
1452 3810 1536 3857 est
1568 3802 1723 3855 illum
1760 3801 2032 3855 exsisten-

443 3903 552 3951 tem
586 3896 644 3949 in
670 3897 782 3950 vita
802 3933 820 3960 ,
855 3910 977 3964 qua:
1007 3895 1192 3965 plures
1223 3895 1291 3949 ad
1329 3893 1669 3965 peccandum
1703 3892 2032 3947 occasiones

446 3986 675 4051 habeat,
728 3986 982 4056 pluribus
1035 3987 1201 4039 etiam
1235 3985 1384 4038 vitiis
1422 3999 1482 4038 se
1517 3984 1851 4053 inquinare:
1888 3982 2033 4035 mul-

445 4087 612 4149 toque
643 4077 817 4146 magis
838 4115 853 4140 ,
888 4090 1049 4145 quam
1086 4083 1213 4130 ante
1235 4114 1249 4139 ,
1283 4074 1492 4130 morbis
1542 4083 1598 4129 et
1643 4072 2030 4127 affectionibus

2116 1979 2255 2050 αὕτη
2284 1980 2432 2031 ἐστὶν
2462 1981 2495 2049 ή
2528 1977 2695 2036 αἰτία,
2726 1978 2790 2030 τὸ
2827 1973 3230 2047 προῦφεστάναι
3257 1970 3357 2033 τὰς
3382 1967 3565 2039 ψυχὰς
3596 1966 3707 2019 οἴε-

2120 2073 2265 2125 σθαι.
2304 2071 2381 2124 Δι’
2412 2070 2699 2124 ἀκολούθου
2729 2069 2833 2141 γὰρ
2863 2071 2897 2137 ἡ
2932 2065 3075 2137 ἀρχὴ
3094 2064 3188 2117 τοῦ
3216 2062 3463 2116 τοιούτου
3493 2060 3707 2129 δόγμα-

2119 2182 2209 2227 τος
2243 2164 2333 2217 ἐπὶ
2364 2162 2426 2215 τὸ
2475 2162 2736 2234 προσεχές
2777 2177 2836 2213 τε
2871 2160 2963 2214 καὶ
2997 2154 3398 2228 παρακείμενον
3419 2152 3512 2206 τὸν
3540 2150 3705 2219 λόγον

2122 2255 2466 2326 προάγουσα,
2515 2252 2674 2325 μέχρι
2722 2251 2912 2306 τούτου
2971 2246 3372 2321 τερατευομὲνη
3422 2242 3706 2307 διέξεισιν.

2124 2345 2188 2400 Ei
2218 2347 2327 2418 γὰρ
2369 2345 2458 2400 διά
2500 2362 2645 2408 τινος
2687 2343 2886 2408 κακίας
2927 2338 3336 2418 ἀποσπασθεῖσα
3364 2337 3461 2406 τῆς
3504 2334 3712 2405 ὑψηλο-

2122 2417 2303 2509 τέρας
2335 2439 2369 2507 ἡ
2413 2436 2557 2507 ψυχὴ
2599 2435 2905 2498 πολιτείας,
2953 2417 3090 2503 μετά
3131 2430 3191 2484 τὸ
3240 2426 3458 2497 (καθώς
3500 2426 3709 2496 φασιν)

2124 2528 2273 2593 ἀπαξ
2299 2527 2598 2598 γεύσασθαι
2639 2526 2732 2580 τοῦ
2769 2521 3083 2595 σωματικοῦ
3116 2521 3231 2592 βίου
3252 2562 3267 2586 ,
3294 2518 3454 2573 πάλιν
3489 2515 3711 2587 ἀνθρωο

2126 2638 2226 2685 πος
2268 2621 2513 2689 γίνεται,
2565 2616 2970 2689 ἐμπαθέστερος
3018 2614 3077 2668 δὲ
3121 2613 3336 2676 πάντως
3369 2612 3399 2665 δ
3436 2612 3496 2663 ὲν
3543 2608 3712 2679 σαρκὶ

2129 2714 2241 2785 βίος
2295 2711 2636 2783 ὁμολογεῖται
2679 2708 2831 2779 παρά
2872 2707 2961 2760 τὸν
3010 2704 3177 2759 ἀΐδιον
3221 2703 3318 2757 καὶ
3372 2700 3706 2769 ἀσώματον

2129 2804 2345 2873 ἀνάγκη
2376 2804 2527 2856 πᾶσα
2556 2801 2653 2870 τὴν
2686 2801 2743 2852 ὲν
2779 2796 2857 2868 τῷ
2891 2794 3117 2865 τοιούτῳ
3145 2793 3443 2864 γινομένην
3478 2790 3615 2861 βίῳ,
3650 2789 3709 2840 ἑν

2128 2889 2173 2964 ᾧ
2201 2895 2421 2957 πλείους
2449 2895 2504 2947 αἱ
2534 2891 2671 2963 πρὸς
2710 2890 2772 2943 τὸ
2801 2885 3137 2959 ἁμαρτάνειν
3163 2884 3300 2938 εἰσιν
3328 2881 3613 2951 ἀφορμαὶο
3649 2879 3711 2932 ιν

2129 2986 2336 3039 πλείονί
2360 3002 2419 3038 τε
2445 2983 2614 3053 κακίᾳ.
2637 2980 2923 3051 γενέσθαι,
2950 2981 3044 3035 καὶ
3071 2976 3482 3049 ἐμπαθέστερον
3510 2972 3543 3043 ἦ
3574 2970 3713 3041 πρό-

2128 3095 2285 3149 τερον
2322 3075 2656 3145 διατεθῆναι’
2698 3072 3047 3146 ἀνθρωπίνης
3084 3072 3143 3125 δὲ
3191 3067 3371 3139 ψυχῆς
3417 3064 3629 3127 πάθος,
3674 3063 3713 3131 ἡ

2133 3170 2267 3240 πρὸς
2309 3168 2370 3222 τὸ
2408 3167 2600 3237 άλογόν
2641 3168 2789 3220 ἔστιν
2831 3163 3123 3237 ὁμοίωσις·
3168 3165 3343 3231 τούτῳ
3388 3158 3448 3212 δε
3481 3171 3711 3228 προσοι-

2130 3256 2450 3316 κειωθεῖσαν
2490 3258 2680 3330 αὐτὴν,
2708 3259 2790 3322 είς
2821 3254 3069 3327 κτηνώδη
3102 3253 3262 3323 φύσιν
3298 3250 3709 3323 μεταῤῥυῆναι·

2131 3352 2279 3419 ἅπαξ
2307 3352 2363 3405 δὲ
2398 3350 2488 3405 διά
2519 3352 2715 3413 κακίας
2743 3347 3065 3410 ὁδεύουσαν,
3098 3345 3232 3416 μηδὲ
3264 3346 3323 3396 ὲν
3351 3341 3533 3411 ἀλόγῳ
3558 3357 3715 3407 γενο-

2135 3444 2321 3515 μένην,
2349 3442 2448 3513 τῆς
2469 3442 2561 3494 ἐπὶ
2589 3440 2649 3494 τὸ
2671 3439 2839 3494 κακὸν
2869 3436 3090 3510 προόδου
3119 3434 3278 3506 λῆξαί
3312 3448 3462 3487 ποτε.
3505 3431 3571 3483 Ἦ
3602 3430 3714 3498 γάρ

2130 3533 2226 3589 τοῦ
2281 3533 2452 3587 κακοῦ
2489 3532 2707 3598 στάσις,
2740 3530 2883 3602 ἀρχὴ
2918 3530 3015 3599 τῆς
3050 3528 3171 3581 κατ’
3202 3525 3402 3594 ἀρετήν
3433 3524 3582 3575 ἐστιν
3622 3523 3718 3590 ὀρ-

2137 3624 2244 3694 μῆς
2260 3640 2275 3655 ο
2307 3624 2477 3694 ἀρετὴ
2507 3623 2564 3676 δὲ
2587 3624 2643 3676 ὲν
2674 3620 2890 3690 ἀλόγοις
2912 3622 3012 3674 οὐκ
3037 3618 3201 3672 ἔστιν.
3228 3613 3437 3671 Οὐκοῦν
3454 3614 3545 3665 ἀελ⁵
3573 3612 3716 3682 πρὸς
3802 3602 3809 3611 .

2131 3715 2194 3767 τὸ
2224 3716 2405 3785 χεῖρον
2439 3714 2498 3779 ἐξ
2526 3713 2773 3783 ἀνάγκης
2801 3710 3256 3782 ἀλλοιωθήσεται,
3301 3708 3531 3761 πάντοτε
3575 3702 3716 3774 πρὸς

2130 3804 2192 3856 τὸ
2221 3805 2543 3874 ἀτιμότερον
2583 3803 2879 3875 προϊοῦσα,
2933 3803 3027 3856 καὶ
3072 3802 3159 3855 ἀεὶ
3203 3801 3264 3853 τὸ
3303 3801 3484 3869 χεῖρον
3508 3797 3610 3865 τῆς
3658 3796 3717 3846 ὲν

2132 3890 2166 3969 ᾖ
2197 3896 2312 3948 ἐστι
2359 3895 2573 3964 φύσεως
2603 3895 3015 3967 ὲξευρίσκουσα.
3046 3894 3257 3963 Ὠσπερ
3289 3891 3345 3943 δὲ
3370 3888 3463 3942 τοῦ
3490 3884 3713 3955 λογικοῦ

2130 3986 2193 4039 τὸ
2242 3987 2498 4056 αἰσθητὸν
2540 3987 2913 4057 ὑποϐέϐηκεν,
2943 3984 3089 4039 οὕτω
3136 3985 3232 4038 καὶ
3263 3981 3369 4036 ἀπὸ
3392 3978 3585 4032 τούτου
3623 3976 3717 4028 ἐπὶ

2132 4075 2193 4128 τὸ
2218 4076 2540 4147 ἀναίσθητον
2567 4080 2600 4147 ἡ
2634 4078 2982 4147 μετάπτωσις
3010 4075 3238 4145 γίνεται.

444 4186 567 4228 esse
603 4170 884 4227 deditum:
916 4170 1009 4240 qui
1042 4170 1218 4225 morbi
1261 4169 1519 4225 humanis
1563 4169 1620 4223 in
1663 4169 1863 4229 animis
1897 4169 2019 4239 ejus
2053 4168 2222 4240 :modi
2268 4183 2434 4238 sunt,
2486 4181 2546 4228 ut
2580 4175 2881 4230 secundum
2920 4174 3021 4229 bos
3043 4168 3414 4226 animantibus
3442 4181 3473 4220 a
3504 4163 3720 4218 ratione

446 4264 727 4319 destitutis
760 4264 1079 4320 consimiles
1123 4266 1316 4321 simus.
1365 4263 1457 4320 Eis
1515 4278 1683 4334 porro
1726 4265 1772 4319 si
1815 4272 2083 4335 cognatus
2130 4282 2254 4322 esse
2302 4270 2520 4326 animus
2555 4270 2783 4341 incipit,
2821 4270 3083 4325 nimirum
3113 4268 3182 4322 ad
3215 4266 3430 4321 brutam
3463 4274 3588 4315 sese
3617 4271 3721 4312 na-

446 4359 626 4409 turam
662 4353 922 4408 demittit.
968 4352 1215 4424 Cumque
1265 4352 1403 4409 adeo
1451 4353 1621 4409 semel
1666 4352 1922 4407 vitiorum
1965 4355 2124 4423 quasi
2169 4357 2421 4412 semitam
2454 4359 2663 4430 ingredi
2690 4360 2946 4428 coeperit,
2980 4373 3048 4412 ne
3087 4365 3202 4411 tum
3243 4354 3467 4425 quidem
3494 4349 3564 4405 ad
3598 4362 3720 4402 ma-

448 4443 557 4497 ium
593 4441 843 4512 progredi
899 4440 1147 4507 desinet,
1190 4456 1315 4496 cum
1363 4440 1429 4495 ad
1472 4451 1726 4495 naturam
1774 4441 2006 4496 rationis
2052 4454 2332 4513 expertem
2389 4450 2718 4516 pervenerit.
2770 4447 2906 4503 Nam
2954 4449 3001 4503 is
3047 4447 3266 4501 tandem
3297 4444 3427 4498 mali
3454 4442 3581 4498 ﬁnis
3603 4447 3721 4501 est,

444 4546 477 4585 a
505 4546 616 4601 quo
640 4531 862 4587 virtutis
893 4531 1074 4587 cultus
1105 4533 1331 4603 incipit;
1366 4546 1431 4587 ea
1465 4546 1594 4587 vero
1629 4532 1824 4587 cadere
1852 4534 1909 4586 in
1936 4532 2196 4589 animalia
2226 4538 2458 4595 rationis
2507 4543 2755 4611 expertia
2808 4541 3025 4610 nequit.
3067 4538 3277 4591 ldcirco
3330 4548 3550 4604 semper
3600 4530 3716 4583 ani-

449 4635 575 4675 mus
623 4620 680 4675 in
726 4621 883 4690 pejus
934 4629 1056 4675 ruet
1106 4621 1485 4677 vicissitudine
1527 4627 1825 4692 perpetua,
1866 4631 2231 4693 naturamque
2282 4628 2610 4685 deteriorem
2658 4646 2760 4695 ea,
2811 4646 2918 4701 qua
2953 4631 3284 4695 continetur,
3330 4627 3592 4697 inquiret.
3650 4620 3721 4679 Ut

446 4715 633 4763 autem
668 4716 875 4762 naturae
909 4710 1140 4797 rationis
1174 4718 1384 4764 ornatae
1423 4709 1741 4779 praestantia
1780 4710 2033 4779 proxima
2083 4711 2175 4764 illa
2222 4724 2335 4781 est,
2388 4733 2510 4787 quae
2568 4720 2776 4775 sentit:
2810 4720 2892 4776 sic
2941 4734 2972 4773 a
3023 4721 3294 4776 sentiente
3342 4714 3624 4787 prolapsio
3664 4714 3722 4767 ﬁt

452 4796 520 4852 ad
553 4811 673 4852 eam
697 4836 714 4861 ,
749 4811 870 4865 qua:
900 4796 1097 4853 sensus
1130 4798 1293 4851 etiam
1327 4814 1525 4870 expers
1556 4805 1661 4853 est.

521 4890 641 4945 lluc
666 4907 839 4960 usque
871 4907 1158 4962 progressa
1190 4896 1434 4964 ipsorum
1470 4893 1671 4958 oratio,
1709 4908 2018 4964 quanquam

2216 4894 2377 4948 Ἀλλά
2418 4897 2579 4968 μέχρι
2608 4898 2798 4951 τούτου
2838 4859 3044 4969 προῖὼν
3071 4898 3100 4953 ὁ
3136 4897 3293 4966 λόγος
3321 4897 3527 4960 αὐτοῖς,
3549 4899 3599 4950 εἰ
3625 4898 3720 4951 καὶ

449 4990 604 5038 extra
658 4983 903 5042 veritatis
953 4984 1152 5039 limites
1215 4985 1423 5040 feratur
1474 5006 1489 5041 :
1531 4995 1713 5042 tamen
1773 4988 2023 5060 continua

2135 4986 2240 5053 ἔξω
2267 4988 2364 5057 τῆς
2412 4988 2672 5058 ἀληθείας
2701 4990 2925 5062 φέρεται
2945 5031 2961 5052 ,
3008 4989 3146 5044 ἀλλά
3187 5007 3251 5058 γε
3278 4989 3368 5042 διά
3394 5005 3542 5052 τινος
3581 4989 3716 5042 ἀκοι

449 5074 687 5146 quadam
739 5076 1142 5131 consecutionis
1188 5078 1331 5132 serie
1386 5078 1455 5134 de
1488 5078 1745 5134 absurdis
1795 5078 2036 5133 absurda

449 5163 680 5236 coliigit.
719 5163 987 5235 Deinceps
1034 5182 1163 5221 vero
1207 5168 1458 5222 doctrina
1496 5168 1565 5224 de
1621 5168 1823 5223 fabulis
1869 5167 2037 5221 meris

451 5260 769 5322 constituta,
803 5259 971 5314 rebus
1000 5260 1150 5314 nullo
1178 5260 1337 5330 plane
1363 5269 1523 5330 pacto
1550 5276 1619 5315 ne
1666 5260 1769 5315 sibi
1813 5259 2035 5332 quidem

453 5347 858 5402 cohaarentibus
910 5350 1233 5418 pertexitur.
1267 5348 1637 5419 Consequitur
1661 5350 1806 5404 enim
1847 5364 2033 5419 porro.

458 5438 697 5491 animum
727 5453 957 5509 prorsus
999 5439 1246 5494 interire.
1292 5438 1428 5493 Nam
1460 5440 1553 5508 qui
1588 5441 1757 5495 semel
1786 5439 1853 5494 de
1891 5447 2037 5494 statu

461 5530 759 5584 excellente
781 5531 928 5584 velut
950 5531 1173 5596 excidit,
1202 5546 1484 5602 nunquam
1506 5533 1761 5588 vitiorum
1790 5535 1844 5588 in
1870 5550 2037 5589 cursu

460 5622 656 5668 metam
702 5617 771 5671 ad
810 5620 1070 5688 aliquam,
1107 5621 1199 5675 ubi
1227 5619 1424 5676 deinde
1457 5622 1724 5691 quiescat,
1754 5625 2037 5693 pervenire

461 5704 673 5758 scilicet
731 5710 926 5777 poterit
972 5726 986 5763 :
1033 5709 1128 5763 sed
1185 5719 1404 5783 propter
1441 5712 1617 5781 ipsius
1673 5699 1848 5766 animi
1904 5727 2033 5781 erga

460 5793 680 5850 morbos
736 5805 792 5851 et
834 5799 1268 5867 perturbationes
1313 5802 1679 5869 ali'cctionem,
1719 5804 1787 5858 de
1838 5813 2029 5857 natura

2133 5076 2355 5140 λουθίας
2396 5077 2456 5129 τὸ
2479 5077 2677 5131 ἄτοπον
2719 5080 2777 5145 ἐξ
2817 5079 3021 5133 ἀτόπου
3078 5078 3505 5150 μεταλαμϐάνει,
3553 5079 3628 5131 Τὸ
3663 5079 3721 5130 δὲ

2137 5164 2384 5219 ἐντεῦθεν
2414 5165 2515 5237 ήδη
2543 5166 2631 5219 διὰ
2671 5167 2776 5220 τῶν
2804 5170 3194 5239 ἀσυναρτήτων
3231 5169 3415 5230 αὐτοῖς
3442 5168 3503 5219 τὸ
3543 5168 3720 5238 δόγμα

2140 5255 2537 5325 μυθοποιείται.
2590 5256 2655 5309 Ἠ
2688 5258 2786 5327 μὲν
2835 5257 2941 5330 γὰρ
2982 5257 3272 5311 ἀκολουθία
3323 5256 3566 5326 παντελῆ
3607 5259 3722 5310 δια-

2143 5345 2347 5415 φθορὰν
2393 5347 2492 5416 τ’ἦς
2536 5345 2715 5417 ψυχῆς
2760 5347 3156 5401 ὑποδείκνυσιν.
3196 5347 3262 5399 Ἣ
3287 5346 3396 5417 γὰρ
3435 5345 3586 5413 am:
3627 5349 3723 5417 τῆς

2142 5436 2353 5506 ὑψηλῆς
2401 5438 2678 5501 πολιτείας
2721 5438 3163 5510 ἀπολισθήσασα,
3196 5440 3254 5491 ὲν
3302 5438 3480 5492 οὐδενὶ
3538 5439 3725 5509 μέτρῳ

2142 5530 2341 5593 κακίας
2363 5529 2556 5599 στῆναι
2580 5530 2885 5601 δυνήσεται,
2908 5530 3045 5585 ἀλλὰ
3070 5531 3160 5584 διὰ
3190 5531 3288 5602 τῆς
3321 5531 3455 5601 πρὸς
3481 5530 3552 5584 τὰ
3575 5530 3723 5600 πάθη

2149 5619 2385 5689 σχέσεως
2404 5663 2415 5683 ,
2442 5622 2551 5675 ἀπὸ
2587 5624 2685 5692 μὲν
2711 5621 2803 5674 τοῦ
2832 5622 3051 5690 λογικοῦ
3084 5622 3222 5693 πρὸς
3245 5622 3307 5674 τὸ
3326 5622 3526 5690 ἄλογον
3558 5638 3725 5692 μετα-

2143 5707 2365 5779 ϐήσεται
2386 5726 2401 5739 θ
2445 5712 2540 5765 ἀπ’
2572 5713 2779 5766 ἐκείνου
2808 5714 2867 5768 δὲ
2900 5714 3037 5786 πρὸς
3074 5713 3174 5785 τὴν
3208 5712 3316 5767 τῶν
3345 5713 3532 5782 φυτῶν
3572 5712 3727 5766 ἀναι-

2148 5801 2373 5870 σθησίαν
2424 5804 2884 5875 μετατεθήσεται·
2933 5805 3011 5876 τῷ
3048 5804 3105 5859 δὲ
3136 5805 3466 5878 ,ἀναισθήτῳ
3517 5803 3726 5873 γειτνιᾷ
