3890 6354
160 331 246 394 εδδ

1381 324 1466 382 Dii
1504 323 1718 381 ΗΟΜΙΝ
1727 324 1787 380 IS
1816 323 2125 384 OPIFICIO.

3284 331 3392 386 εδι

159 471 252 517 πως
286 451 338 504 τὸ
376 445 612 519 ἄψυχον·
656 447 828 519 τούτῳ
872 448 930 503 δὲ
974 447 1035 501 τὸ
1095 445 1439 518 ἀνύπαρκτον
1487 445 1700 502 ἕπεται.

1810 453 2063 515 compote
2102 444 2355 511 rationis,
2394 445 2459 500 ad
2502 445 2663 500 aliam
2691 444 2860 515 hujus
2887 452 3166 513 expertem
3209 452 3393 500 trans-

158 544 291 597 Ὥστε
338 541 560 596 καθόλου
616 542 702 595 διά
751 543 848 612 τῆς
901 539 1219 602 ἀκολουθίας
1254 538 1390 609 πρὸς
1428 538 1488 591 τὸ
1523 537 1597 608 μὴ
1636 536 1695 590 ὂν

156 636 309 698 αὐτοῖς
336 636 366 705 ἡ
397 633 542 704 ψυχὴ
585 633 981 705 μεταχωρήσει.
1011 631 1218 685 Οὐκοῦν
1246 631 1528 701 ἀμήχανος
1556 630 1695 700 αὐτῇ

156 722 288 778 πάλιν
325 722 379 787 ἐξ
406 723 652 791 ἀνάγκης
683 720 834 774 ἔσται
876 722 907 790 ἡ
960 719 1093 789 πρὸς
1120 717 1181 771 τὸ
1217 721 1460 787 κρεῖττον
1501 717 1700 771 ἐπάνο-

155 814 243 878 δος.
283 813 430 866 Ἀλλά
482 813 590 883 μὴν
637 814 703 866 ἐκ
745 812 950 881 θάμνου
999 809 1091 864 ἐπὶ
1122 810 1216 864 τὸν
1266 809 1552 882 ἄνθρωπον
1601 808 1699 877 τὴν

153 906 301 975 ψυχὴν
343 905 725 972 ἐπανάγουσιν.
786 902 994 956 Οὐκοῦν
1041 900 1441 982 προτιμοτέραν
1498 898 1597 970 τὴν
1641 901 1700 952 ὲν

155 995 317 1065 θάμνῳ
366 994 503 1065 ζωὴν
562 995 663 1065 τῆς
715 995 1008 1064 ἀσωμάτου
1065 992 1343 1062 διαγωγῆς
1389 994 1453 1044 ὲκ
1496 990 1700 1043 τούτων

156 1084 582 1139 ἀποδεικνύουσιν.
620 1085 897 1138 Δέδεικται
924 1084 1055 1155 γάρ,
1088 1084 1171 1136 ὅτι
1205 1085 1237 1153 ἡ
1269 1082 1405 1153 πρὸς
1436 1080 1495 1134 τὸ
1521 1083 1701 1151 χεῖρον

156 1177 381 1247 γενομένη
427 1177 653 1247 πρόοδος
699 1176 801 1247 τῆς
849 1176 1064 1247 ψυχῆς,
1099 1174 1235 1246 πρὸς
1283 1173 1343 1227 τὸ
1391 1172 1698 1243 κατώτερον

157 1267 273 1320 κατά
298 1268 352 1319 τὸ
378 1266 522 1329 εἰκὸς
556 1267 914 1337 ὑποὸἠσεται.
956 1264 1301 1336 ’Υποϐέὸηκε
1329 1263 1386 1318 δὲ
1420 1265 1517 1336 τὴν
1546 1264 1701 1317 ἀναί-

158 1357 321 1427 σθητον
356 1357 510 1427 φύσιν
539 1357 599 1410 τὸ
630 1357 853 1429 ἄψυχον,
880 1358 958 1421 είς
983 1356 1011 1409 ὃ
1044 1356 1113 1410 δι’
1142 1355 1461 1420 ἀκολουθίας
1495 1356 1527 1427 ἠ
1557 1354 1701 1425 ἀρχὴ

157 1448 235 1506 ιοῦ
282 1449 533 1518 δόγματος
577 1449 756 1502 αὐτῶν
803 1449 903 1520 τὴν
941 1446 1120 1518 ψυχὴν
1164 1446 1309 1515 ἄγει.
1350 1446 1488 1499 ’Λλλ’
1515 1444 1703 1515 ἐπειδὴ

158 1542 288 1594 τοῦτο
306 1543 360 1594 οὐ
382 1541 709 1613 βούλονταιῆ
746 1540 823 1611 τῷ
852 1540 1165 1613 ἀναισθήτῳ
1197 1540 1295 1611 τὴν
1319 1537 1498 1610 ψυχὴν
1529 1539 1703 1606 ἐγκα-

156 1633 484 1697 τακλείουσιν,
521 1633 552 1695 ἢ
600 1634 760 1704 εἴπερ
808 1632 1053 1685 ἐντεῦθεν
1102 1632 1195 1684 ἐπὶ
1223 1630 1314 1685 τὸν
1360 1629 1703 1701 ἀνθρώπινον

157 1722 299 1792 αὐτὴν
328 1724 645 1792 ὲπανάγοιεν
695 1723 838 1793 βίον,
884 1723 1277 1795 προτιμότερον
1308 1720 1520 1788 (καθὼς
1553 1718 1704 1792 εἴρηο

156 1816 259 1879 ται)
288 1815 368 1868 τὸν
413 1815 617 1888 ξυλώδη
666 1815 779 1885 βίον
823 1815 921 1886 τῆς
960 1815 1183 1886 πρώτης
1215 1813 1554 1881 ἀποδείξουσι
1597 1831 1697 1867 κα-
1735 1801 1774 1855 Β

156 1908 461 1974 ταστάσεως,
505 1909 666 1980 εἴπερ
710 1908 917 1961 ἐκεῖθεν
965 1907 1064 1977 μὲν
1106 1909 1137 1977 ἡ
1192 1906 1329 1975 πρὸς
1371 1906 1569 1959 κακίαν
1601 1923 1702 1958 κα-

155 2002 396 2065 τάπτωσις
437 2002 680 2073 γέγονεν,
718 2002 963 2057 ἐντεῦθεν
995 2003 1049 2055 δὲ
1090 2004 1122 2074 ὴ
1155 2001 1291 2073 πρὸς
1329 2001 1528 2071 ἀρετὴν
1561 2000 1698 2053 ἐπά-

157 2093 278 2157 νοδος
319 2094 536 2163 γίνεται.
598 2093 808 2148 Οὐκοῦν
854 2094 1122 2162 ἀκὲψαλός
1173 2110 1256 2157 τις
1304 2094 1397 2146 καὶ
1439 2092 1634 2162 ἀτελὴς
1674 2092 1702 2141 ὁ

156 2185 358 2252 τοιοῦτος
384 2188 714 2258 διελέγχεται
761 2187 938 2255 λόγος,
973 2189 1001 2239 ὁ
1033 2187 1132 2249 τὰς
1156 2185 1334 2256 ψυχὰς
1368 2188 1451 2254 ἐφ’
1493 2186 1701 2238 ἑαυτῶν

156 2278 357 2348 πρὸτῆς
396 2281 450 2333 ὲν
501 2280 668 2350 σαρκὶ
722 2278 867 2349 ζωῆς
920 2277 1184 2349 βιοτεύειν
1238 2276 1699 2339 κατασκευάζων,

157 2368 234 2419 καὶ
265 2368 344 2422 διὰ
379 2370 572 2434 κακίας
617 2369 925 2423 ωνδεῖσθαι
967 2371 1081 2433 τοίς
1126 2370 1362 2439 σώμασι.
1405 2369 1524 2420 Τῶν
1552 2368 1607 2420 δέ
1640 2384 1700 2435 γε

157 2457 390 2527 νεωτέραν
429 2458 521 2510 τοῦ
572 2457 826 2527 σώματος
878 2458 976 2527 τὴν
1004 2457 1182 2527 ψυχὴν
1230 2453 1368 2509 εἶναι
1400 2456 1699 2523 λεγόντων,

158 2548 644 2619 προκατεσκευάσθη
668 2548 754 2601 διά
782 2548 890 2601 τῶν
919 2548 1145 2619 κατόπιν
1175 2549 1208 2619 ἡ
1239 2547 1459 2600 ἀτοπία.
1495 2546 1703 2600 Οὐκοῦν

155 2638 424 2709 ἀπόϐλητος
467 2642 667 2711 ἐπίσης
713 2645 741 2695 ὁ
782 2644 909 2711 παρ’
957 2639 1281 2712 ἀμφοτέρων
1312 2640 1487 2708 λόγος.
1522 2640 1619 2694 Διά
1648 2641 1702 2694 δὲ

155 2729 232 2782 τοῦ
273 2732 423 2800 μέσου
472 2733 581 2786 τῶν
624 2731 944 2803 ὐπολήψεων
993 2732 1237 2785 εὐθύνειν
1279 2727 1429 2803 οἶμαι
1482 2732 1592 2784 δεῖν
1646 2734 1702 2784 ἐν

153 2821 345 2895 ἀληθείᾳ
372 2826 430 2879 τὸ
454 2826 723 2897 ἡμέτερον
752 2825 949 2896 δόγμα.
986 2826 1142 2878 Ἔστι
1179 2825 1235 2877 δὲ
1268 2823 1449 2885 τοῦτο,
1479 2824 1537 2876 τὸ
1566 2825 1701 2894 μήτε

157 2913 273 2966 κατά
304 2916 394 2986 τὴν
448 2916 766 2989 Ἑλληνικὴν
810 2916 1025 2984 ἀπάτην
1072 2918 1130 2968 ὲν
1183 2916 1351 2987 κακίᾳ
1390 2917 1496 2969 τινὶ
1534 2917 1702 2987 βαρη-

157 3001 315 3071 θείσας
352 3008 446 3072 τὰς
479 3009 554 3079 τῷ
590 3010 758 3063 παντὶ
791 3009 1303 3080 συμπεριπολούσας
1348 3009 1545 3079 ψυχὰς,
1577 3010 1703 3063 ἀδυ-

155 3096 298 3168 ναμίᾳ
336 3098 422 3151 τοῦ
471 3101 882 3172 συμπαραθέειν
914 3104 979 3170 τῇ
1026 3101 1244 3172 ὀξύτητι
1280 3102 1378 3170 τῆς
1412 3101 1505 3154 τοῦ
1539 3101 1700 3154 πόλου
1731 3142 1774 3199 C

156 3190 406 3254 κινήσεως,
445 3191 536 3243 ἐπὶ
562 3191 664 3262 τὴν
694 3191 798 3261 γῆν
825 3191 1186 3245 καταπίπτειν
1214 3192 1421 3245 οἴεσθαι
1440 3209 1451 3221 ·
1486 3192 1606 3264 μηδ’
1634 3189 1699 3246 αὖ

156 3277 292 3331 πάλιν
317 3282 471 3335 οἱονεὶ
502 3283 727 3354 πήλινον
774 3280 1063 3355 ἀνδριάντα
1088 3284 1590 3354 προδιαπλασθέντα
1625 3284 1703 3355 τῷ

154 3365 275 3436 λόγῳ
300 3372 381 3425 τὸν
420 3375 740 3445 ἄνθρωπον,
769 3375 957 3430 τούτου
988 3377 1150 3430 ἕνεκα
1200 3377 1297 3447 τὴν
1334 3376 1513 3448 ψυχὴν
1554 3378 1701 3446 γίνε-

158 3460 260 3514 σθαι
282 3463 464 3534 λέγειν.
495 3464 573 3521 Ἦ
606 3468 715 3540 γὰρ
746 3469 811 3523 ἂν
847 3470 1143 3541 ἀτιμοτέρα
1177 3470 1269 3523 τοῦ
1309 3470 1531 3541 πηλίνου
1566 3470 1702 3525 πλά-

159 3560 382 3629 σματοςή
406 3563 565 3632 νοερά
600 3562 761 3630 φύσις
798 3562 1163 3634 ἀποδειχθείη.

1800 537 1937 605 ibit;
1975 537 2042 593 de
2065 538 2167 593 hac
2199 554 2396 595 rursus
2433 539 2498 593 ad
2527 539 2763 609 plautas,
2806 553 2974 594 sensu
3006 537 3171 593 etiam
3199 552 3395 592 caren-

1799 635 1907 694 tes,
1950 629 2150 699 quibus
2179 644 2243 686 ea
2287 637 2482 684 natura
2522 639 2606 685 est
2629 628 2901 700 proxima,
2936 628 2991 682 in
3018 643 3123 699 qua
3163 643 3394 699 prorsus

1802 718 1983 772 anima
2031 720 2180 774 nulla
2223 726 2496 789 est:post
2532 734 2693 788 quam
2750 718 2889 773 nihil
2927 725 3011 773 est
3053 718 3202 771 aliud
3258 718 3388 772 reli-

1800 824 1993 878 quum,
2048 809 2153 865 nisi
2207 810 2273 864 de
2316 810 2563 864 inanimo
2609 809 2665 863 in
2710 809 2939 863 nihilum
2985 808 3390 879 commigratio.

1803 898 1879 954 De
1905 915 2016 970 quo
2042 901 2225 972 colligi
2261 912 2458 971 potest,
2487 902 2729 956 animum
2759 916 2852 971 per
2877 902 3122 972 ipsorum
3149 904 3392 955 rationes

1802 990 2059 1046 universe
2089 991 2308 1047 tandem
2352 992 2685 1047 exstinctum
2735 992 2798 1046 iri
2829 1011 2840 1047 :
2874 992 3105 1062 ideoque
3135 992 3251 1046 tieri
3282 1007 3392 1047 non

1802 1096 1967 1152 posse
2003 1083 2113 1137 ullo
2148 1093 2329 1153 pacto,
2366 1092 2426 1138 ut
2458 1084 2524 1138 ad
2577 1092 2778 1140 statum
2826 1085 3263 1155 prmstantiorem
3306 1101 3394 1140 re-

1803 1172 1946 1226 deat.
1982 1172 2050 1225 At
2083 1174 2228 1227 enim
2271 1173 2325 1227 iii
2359 1174 2600 1229 animum
2633 1191 2699 1229 ex
2740 1175 2965 1230 arbusto
3015 1175 3082 1230 ad
3114 1177 3390 1231 hominem

1805 1264 2096 1325 reducunt,
2124 1264 2483 1335 quamobrem
2516 1265 2811 1321 ostendunt
2844 1281 2903 1322 se
2936 1273 3198 1333 statuere,
3223 1268 3392 1321 vitam

1804 1354 1860 1409 in
1918 1356 2150 1410 arbusto
2198 1357 2633 1426 praestantiorem
2688 1358 2776 1412 illa
2822 1373 2966 1424 esse,
3020 1373 3183 1428 quam
3236 1364 3393 1412 extra

1804 1458 2015 1514 corpus
2046 1445 2267 1502 animus
2312 1446 2439 1515 agit.
2484 1444 2580 1501 Est
2603 1446 2748 1502 enim
2795 1446 3231 1502 demonstratum
3281 1462 3392 1500 non

1804 1551 1968 1606 posse
2028 1537 2094 1591 ad
2154 1545 2357 1593 statum
2406 1537 2734 1593 deteriorem
2789 1537 3033 1592 animum
3094 1536 3390 1609 progredi,

1804 1637 1959 1683 extra
1993 1644 2157 1700 quam
2191 1628 2235 1684 si
2273 1629 2340 1683 ad
2385 1628 2645 1684 inferiora
2693 1630 3030 1700 prolabatur.
3079 1629 3173 1685 Est
3207 1637 3392 1685 autem

1806 1721 2054 1789 proxime
2102 1720 2244 1775 infra
2299 1730 2549 1775 naturam
2596 1737 2793 1779 sensus
2842 1732 3120 1792 expertem
3164 1739 3393 1793 prorsus

1805 1813 2067 1877 inanima,
2104 1813 2157 1868 in
2191 1829 2354 1883 quam
2390 1816 2654 1870 continua
2678 1816 2819 1870 serie
2847 1815 3112 1870 doctrinae
3147 1817 3392 1887 ipsorum

1803 1907 2135 1979 principium
2165 1908 2386 1963 tandem
2438 1909 2681 1963 animum
2718 1908 2960 1963 deducit.
2994 1908 3152 1976 Quod
3196 1908 3241 1966 si
3288 1910 3393 1964 hoe

1803 1999 1940 2053 velle
2007 2014 2067 2053 se
2121 2007 2344 2069 negant,
2417 1998 2693 2053 fateantur
2748 2016 2976 2055 necesse
3026 2007 3132 2066 est,
3184 2000 3264 2054 vel
3322 1999 3393 2054 ad

1804 2097 2109 2143 extremum
2146 2104 2373 2158 prorsus
2411 2090 2653 2143 animum
2690 2098 2904 2145 natura:
2940 2106 3136 2146 sensus
3179 2092 3392 2161 experti

1804 2196 2029 2235 manere
2078 2182 2372 2247 inclusum,
2405 2183 2488 2236 vel
2532 2183 2576 2236 si
2626 2183 2694 2237 de
2732 2183 2835 2237 hac
2879 2184 2945 2238 ad
2988 2184 3151 2237 vitam
3193 2184 3391 2238 Imma-

1805 2288 1930 2327 nam
1962 2282 2284 2338 revertatur,
2333 2273 2385 2327 id
2418 2290 2541 2329 esse
2588 2291 2768 2329 verum
2799 2276 2944 2343 quod
2992 2287 3116 2332 ante
3148 2275 3392 2331 diximus

1804 2380 1871 2419 ex
1915 2366 2016 2418 hoc
2072 2366 2252 2435 sequi,
2289 2367 2724 2435 praestantiorem
2778 2368 2990 2421 scilicet
3031 2368 3097 2423 ab
3144 2369 3225 2423 eis
3270 2384 3392 2423 eam

1805 2458 1971 2512 vitam
2004 2459 2193 2523 statui,
2238 2473 2360 2528 quae
2392 2458 2444 2511 in
2492 2458 2653 2527 lignis
2684 2460 2923 2527 exsistit,
2955 2459 3063 2513 vita
3107 2468 3161 2515 et
3200 2461 3393 2514 condi-

1806 2553 1957 2607 tione
1998 2553 2246 2623 principe
2283 2573 2295 2607 :
2338 2552 2556 2623 quando
2593 2567 2622 2605 a
2674 2554 2924 2624 principe
2985 2554 3300 2609 conditione
3337 2554 3397 2607 tit

1806 2646 1871 2699 ad
1906 2646 2096 2699 vitium
2124 2644 2424 2715 prolapsio,
2453 2653 2506 2699 et
2546 2662 2572 2697 τι
2616 2654 2808 2698 natura
2849 2662 3045 2699 sensus
3074 2658 3292 2715 experte
3326 2645 3395 2698 ad

1806 2738 2067 2793 virtutem
2099 2738 2328 2791 reditus.
2366 2736 2504 2806 Ergo
2545 2745 2657 2790 tota
2693 2737 2937 2806 ipsorum
2970 2737 3109 2790 ratio
3136 2744 3190 2791 et
3215 2736 3396 2805 capite

1807 2836 1979 2893 caret,
2011 2836 2065 2884 et
2094 2828 2219 2890 line,
2263 2841 2370 2896 qua
2420 2827 2654 2896 probare
2682 2836 2953 2880 conantur
2983 2826 3199 2881 animos
3238 2835 3396 2881 autc-

1805 2935 1969 2992 quam
2015 2912 2070 2974 in
2121 2934 2289 2973 carne
2325 2921 2528 2982 vivant,
2574 2919 2736 2973 inter
2783 2934 2842 2973 se
2888 2919 3107 2987 degere,
3141 2919 3399 2988 vitiisque

1803 3014 2041 3086 primum
2086 3013 2492 3068 contaminatos
2540 3012 2865 3082 corporibus
2916 3013 3148 3083 alligari;
3191 3012 3397 3066 Eorum

1806 3121 1939 3162 vero
1970 3106 2060 3176 qui
2100 3106 2255 3159 aiunt
2281 3112 2403 3159 ortu
2449 3104 2807 3175 posteriorem
2850 3120 2975 3160 esse
3006 3105 3250 3159 animum
3277 3119 3401 3159 cor-

1810 3213 1967 3268 pore,
2012 3205 2283 3269 prazcepta
2316 3198 2428 3267 jam
2468 3196 2716 3267 quadam
2759 3206 2844 3251 est
2884 3204 3065 3252 mente
3116 3196 3395 3259 refutatio.

1812 3305 1936 3361 quae
1967 3289 2230 3357 deinceps
2272 3287 2325 3341 in
2366 3288 2434 3342 iis
2481 3302 2603 3358 qua:
2653 3295 2980 3355 sequuntur,
3020 3303 3050 3341 a
3114 3288 3274 3343 nobis
3309 3306 3404 3343 ex-

1812 3390 2066 3454 ponetur.
2122 3382 2312 3451 ]taque
2359 3381 2440 3435 sic
2488 3381 2904 3444 concludamus,
2946 3388 3006 3434 ut
3051 3396 3174 3436 esse
3228 3383 3403 3451 partis

1811 3476 2099 3544 utriusque
2138 3473 2447 3528 doctrinam
2490 3487 2644 3542 atque
2688 3471 3055 3540 abjiciendam
3089 3474 3405 3542 pronuntie-

1811 3580 1952 3621 mus.
1986 3565 2188 3620 Nostra
2232 3581 2364 3621 vero
2400 3565 2504 3619 hac
2542 3572 2657 3619 tota
2703 3564 2757 3618 in
2791 3580 2850 3619 re
2892 3566 3184 3627 sententia,
3222 3568 3402 3620 media

159 3646 278 3703 inter
298 3654 605 3723 opinionem
657 3667 940 3727 utramque
974 3658 1057 3711 via
1093 3655 1419 3723 incedendo,
1457 3658 1634 3729 ipsam
1684 3659 1750 3715 ad
1788 3661 2074 3715 veritatem
2124 3677 2246 3718 sese
2299 3660 2514 3731 diriget,
2557 3666 2641 3714 est
2687 3660 2832 3713 enim
2886 3659 3401 3726 hujusmoditAni-

157 3748 255 3797 mos
300 3761 463 3814 neque
507 3746 813 3803 secundum
860 3746 1061 3804 Graacze
1108 3748 1389 3818 sapientiai
1448 3762 1718 3815 errorem,
1772 3767 1881 3805 una
1929 3766 2056 3805 cum
2104 3751 2463 3806 universitate
2516 3749 2569 3803 in
2612 3749 2797 3803 urbem
2835 3748 3089 3817 agitatus,
3141 3751 3402 3807 redditos-

156 3844 245 3899 que
293 3851 379 3903 per
427 3837 685 3892 vitiorum
731 3840 1255 3894 contaminationem
1296 3841 1597 3910 graviores,
1628 3856 1753 3895 cum
1795 3856 1954 3911 pares
2016 3856 2139 3896 esse
2192 3856 2357 3895 cursu
2411 3839 2700 3893 celerrimo
2751 3839 2855 3906 poli
2898 3841 3068 3892 motui
3106 3853 3399 3910 nequeant.

158 3921 202 3977 in
245 3932 430 3982 terram
464 3931 646 3986 delabi
682 3949 696 3985 :
727 3947 904 4003 neque
934 3933 1185 4003 corporis
1224 3947 1392 3989 causa
1442 3942 1555 3988 tum
1604 3934 1841 4004 primum
1905 3934 2063 3999 oriri,
2126 3949 2251 3989 cum
2306 3934 2420 4004 jam
2472 3932 2603 3987 illud
2679 3932 2854 3984 instar
2912 3931 3068 3987 lutea:
3110 3931 3400 4002 cujusdam

158 4024 322 4077 statuae
350 4025 416 4079 sit
445 4024 867 4080 conformatum.
898 4025 1031 4079 Nam
1077 4040 1139 4081 ea
1170 4025 1384 4082 ratione
1426 4034 1624 4082 natura
1655 4027 2014 4098 intelligentia
2044 4026 2293 4097 praedita,
2325 4026 2473 4081 luteo
2507 4024 2765 4094 ﬁgmento
2794 4022 3030 4079 deterior
3063 4026 3220 4080 foret.

614 4134 1000 4189 ΚΕΦΑΛΛῙΟΝ
1044 4136 1171 4189 ΚΘἌ

158 4216 477 4299 Κατασκευὴ
506 4227 613 4299 τοῦ
637 4228 791 4299 μίαν
819 4228 913 4281 καὶ
945 4226 1060 4299 τὴν
1088 4228 1284 4299 αὐτὴν
1309 4228 1483 4299 ψυχῇ
1515 4248 1575 4284 τε
1606 4231 1707 4285 καὶ

284 4296 497 4365 σώματι
526 4298 644 4363 τὴν
676 4298 871 4351 αἰτίαν
898 4296 1008 4365 τῆς
1027 4296 1341 4367 ὐπάρξεωῤ
1370 4296 1544 4356 εἶναι.

2368 4134 2605 4194 CAPUT
2648 4136 2840 4193 XXIX.

1810 4226 1958 4289 Idem
1995 4251 2106 4290 esse
2139 4234 2256 4288 citm
2294 4234 2495 4294 animo,
2527 4242 2638 4286 tum
2672 4233 2901 4299 corpori,
2938 4234 3229 4289 exsistcndi
3256 4230 3406 4303 prii:-

2335 4305 2552 4371 cipium,
2598 4303 2873 4371 probatur.

225 4381 346 4437 uox
375 4387 490 4450 ἑνὸς
519 4386 675 4450 ὄντος
703 4387 796 4440 τοῦ
842 4388 1148 4458 ἀνθρώπου,
1183 4390 1275 4443 τοῦ
1303 4391 1391 4444 διά
1423 4391 1603 4462 ψυχῆς
1643 4408 1701 4444 τε

1880 4395 1986 4449 Sed
2016 4410 2141 4450 cum
2175 4408 2319 4449 unus
2352 4400 2404 4448 et
2449 4393 2589 4447 idem
2624 4394 2786 4448 homo
2834 4394 2921 4458 sit,
2957 4393 3050 4461 qui
3093 4406 3323 4463 corpore
3351 4405 3404 4449 et

158 4475 236 4528 xui.
278 4477 518 4548 σώματος
557 4481 976 4551 συνεστηκότος,
1016 4482 1147 4552 μίαν
1177 4482 1340 4536 αὑτοῦ
1391 4486 1485 4537 καὶ
1522 4484 1707 4553 κοινὴν

156 4566 241 4636 τῆς
270 4574 565 4638 συστάσεως
616 4573 713 4645 τὴν
760 4573 933 4645 ἀρχὴν
982 4574 1367 4637 ὑποτίθεσθαι.
1413 4576 1488 4639 ὡς
1532 4575 1599 4629 ἂν
1634 4574 1708 4646 μὴ

157 4658 293 4724 αὐτὸς
313 4663 497 4716 ἑαυτοῦ
530 4664 956 4735 προγενέστερός
977 4681 1037 4716 τε
1064 4664 1157 4718 καὶ
1182 4664 1447 4736 νεώτερος
1480 4666 1707 4734 γένοιτο,

157 4751 235 4804 τοῦ
266 4756 356 4825 μὲν
389 4757 702 4828 σωματικοῦ
744 4758 1166 4829 προτερεύοντος
1209 4761 1266 4813 ὲν
1310 4760 1485 4830 αὐτῷ,
1523 4759 1617 4813 τοῦ
1652 4761 1709 4814 δὲ

156 4832 317 4913 ἑτέρου
365 4847 826 4919 ὲφυστερίζοντος.
888 4848 1051 4902 Ἀλλά
1092 4853 1155 4922 τῇ
1197 4850 1297 4922 μὲν
1325 4855 1704 4925 προγνωστικῇ

155 4931 234 4985 τοῦ
270 4935 394 4990 Θεοῦ
433 4940 661 5010 δυνάμει
682 4980 696 5003 ,
742 4941 883 4995 κατὰ
914 4941 1005 4995 τὸν
1034 4943 1216 5014 μικρῷ
1246 4943 1479 5015 πρόσθεν
1506 4945 1708 4999 ἀποδο-

155 5018 293 5079 θέντα
312 5027 480 5098 λόγον,
510 5031 655 5085 ᾶπαν
684 5032 1093 5103 προϋφεστάναι
1118 5034 1178 5088 τὸ
1205 5034 1544 5106 ἀνθρώπινον
1571 5037 1708 5109 πλήν

159 5126 292 5199 ρωμα
316 5118 513 5187 λέγειν,
556 5112 1055 5195 συμμαρτυρούέης
1086 5128 1167 5188 εἰς
1195 5126 1353 5179 τοῦτο
1375 5127 1471 5196 τῆς
1494 5144 1708 5199 προφη-

156 5198 310 5269 τείας,
336 5210 434 5276 τῆς
462 5213 725 5285 λεγούσης
762 5215 959 5270 εἰδέναι
992 5217 1060 5270 τά
1094 5218 1269 5271 πάντα
1294 5218 1384 5271 τὸν
1414 5198 1546 5272 Θεὸν
1576 5198 1706 5289 πρὶν

156 5294 391 5384 γενέσεως
421 5302 618 5357 αὐτῶν.
663 5307 751 5359 Ἐν
788 5308 846 5361 δὲ
869 5312 935 5381 τῇ
970 5310 1090 5363 καθ’
1115 5311 1345 5365 ’ἑκαστον
1370 5312 1705 5384 δημιουργίᾳ

162 5380 225 5452 μὴ
246 5389 545 5457 προτιθέναι
567 5394 661 5448 τοῦ
685 5398 870 5467 ἐτέρου
899 5380 959 5454 τὸ
976 5402 1185 5473 ἓτερον,
1212 5404 1350 5474 μήτε
1489 5380 1587 5457 τού
1607 5380 1708 5456 ad);

162 5490 303 5568 ματος
321 5482 413 5552 τὴν
427 5483 624 5557 ψυχὴν,
647 5490 783 5561 μήτε
808 5490 868 5545 τὸ
891 5492 1125 5565 ἔμπαλιν
1146 5512 1158 5525 ·
1188 5495 1263 5557 ὡς
1287 5495 1350 5548 ἂν
1380 5497 1454 5568 μὴ
1487 5496 1708 5551 στασιά-

160 5562 228 5631 ζοι
253 5572 376 5643 πρὸς
404 5577 592 5632 ἑαυτὸν
623 5581 651 5633 ό
683 5562 968 5655 ἄνθρωπος
987 5590 1052 5659 τῇ
1090 5587 1232 5643 κατᾶ
1253 5587 1343 5642 τὸν
1369 5562 1558 5659 γρόνον
1589 5590 1706 5643 δια-

225 5744 264 5778 "
298 5746 428 5806 Dan.
456 5768 575 5817 xm,
606 5754 700 5811 l2.

470 5847 740 5906 ΡΑτιιοι..
789 5848 905 5908 Gn.
958 5848 1009 5907 Χ
1026 5848 1090 5907 Ll
1105 5851 1148 5909 ν

1813 4488 1996 4541 animo
2035 4492 2293 4541 constat:
2328 4499 2498 4539 unum
2541 4500 2664 4539 esse
2716 4500 3111 4553 communeque
3151 4487 3404 4539 lriluten-

1812 4577 1940 4633 dum
2000 4578 2048 4633 ei
2105 4577 2341 4631 dicimus
2386 4576 2687 4631 cxsisteudi
2736 4576 3088 4645 principium,
3142 4591 3209 4630 ne
3251 4585 3406 4647 parte

1814 4671 1915 4725 hac
1944 4671 2123 4738 seipso
2170 4670 2338 4737 prior,
2371 4668 2542 4722 altera
2576 4666 2759 4735 iunior
2789 4666 2861 4721 sit
2892 4674 2943 4720 ct
2984 4667 3273 4735 posterior.
3310 4667 3405 4721 Dei

1814 4760 2025 4818 scilicet
2070 4761 2179 4814 vim
2224 4770 2425 4813 cuncta
2460 4757 2905 4827 prospicientem,
2959 4758 3119 4810 initio
3165 4758 3405 4827 speciem

1816 4861 1983 4908 totam
2026 4853 2079 4906 in
2107 4851 2388 4907 creatione
2418 4849 2759 4919 complexam
2787 4863 2931 4912 esse,
2959 4856 3018 4902 ut
3051 4865 3114 4903 ea
3146 4849 3258 4918 jam
3287 4856 3405 4903 tum

1812 4946 2135 5007 exsisteret,
2193 4941 2653 5013 quemadmodum
2716 4946 2799 4995 est
2848 4950 2973 4996 ante
3029 4941 3403 5003 declaratum,

1812 5036 1933 5106 ipso
1959 5035 2123 5089 etiam
2162 5033 2296 5087 vatis
2326 5032 2661 5094 testimonio,
2698 5033 2791 5102 qui
2828 5032 2995 5088 Deum
3029 5047 3191 5087 nosse
3222 5030 3404 5084 omnia

1812 5128 1967 5199 prius
2002 5140 2164 5197 quam
2216 5128 2489 5189 oriantur,
2534 5123 2610 5180 ait
2630 5126 2698 5179 ³⁸.
2738 5123 3007 5191 Quocirca
3052 5126 3283 5177 alterum
3323 5122 3406 5174 a1-

1812 5217 1912 5275 t‘eri
1947 5218 2187 5289 pratponi
2218 5230 2328 5269 non
2371 5215 2589 5279 debere,
2621 5214 2779 5284 quasi
2821 5214 3161 5285 singularum
3195 5212 3247 5263 in
3277 5224 3401 5279 par-

1819 5310 1955 5366 tium
1977 5306 2256 5363 creatione
2279 5304 2364 5359 vel
2394 5304 2614 5358 animus
2639 5305 2712 5357 sit
2741 5310 2870 5357 ante
2894 5314 3093 5367 corpus
3119 5298 3400 5360 conditus,

1817 5400 1904 5455 vel
1934 5413 1964 5453 e
1996 5395 2275 5452 centrario
2324 5408 2528 5462 corpus
2572 5403 2697 5447 ante
2736 5391 3003 5445 animum.
3041 5387 3211 5457 quue
3260 5386 3403 5438 hanc

1817 5490 2164 5564 potissimum
2208 5486 2280 5542 ob
2325 5499 2572 5549 causam,
2618 5499 2687 5539 ne
2731 5495 2918 5537 secum
2966 5480 3088 5550 ipse
3136 5478 3405 5533 dissidere

1813 5585 2065 5641 videatur
2117 5582 2301 5643 homo,
2354 5588 2611 5646 tanquam
2666 5574 2910 5629 diversas
2973 5574 3027 5628 in
3092 5582 3279 5645 partes
3331 5569 3403 5627 ob

3130 5841 3171 5903 8
