  <div class='ocr_page' id='page_1' title='image "/cluster/home/n/w/nwhite01/storage/ocr_20150623/44:no.1/coo.31924054869445/125.png"; bbox 0 0 3890 6358; ppageno 0'>
   <div class='ocr_carea' id='block_1_1' title="bbox 481 347 625 417">
    <p class='ocr_par' dir='ltr' id='par_1_1' title="bbox 481 347 625 417">
     <span class='ocr_line' id='line_1_1' title="bbox 481 347 625 417; baseline 0 -16"><span class='ocrx_word' id='word_1_1' title='bbox 481 347 583 402; x_wconf 65' lang='lat'><strong>23.5</strong></span> <span class='ocrx_word' id='word_1_2' title='bbox 622 414 625 417; x_wconf 23' lang='grc' dir='ltr'><strong><em>λ</em></strong></span> 
     </span>
    </p>
   </div>
   <div class='ocr_carea' id='block_1_2' title="bbox 1721 325 2472 385">
    <p class='ocr_par' dir='ltr' id='par_1_2' title="bbox 1721 325 2472 385">
     <span class='ocr_line' id='line_1_2' title="bbox 1721 325 2472 385; baseline -0.005 -2"><span class='ocrx_word' id='word_1_3' title='bbox 1721 331 1776 385; x_wconf 87' lang='lat' dir='ltr'><strong>S.</strong></span> <span class='ocrx_word' id='word_1_4' title='bbox 1820 326 2144 385; x_wconf 63' lang='lat' dir='ltr'><strong>GRECOHH</strong></span> <span class='ocrx_word' id='word_1_5' title='bbox 2187 325 2472 379; x_wconf 60' lang='lat' dir='ltr'><strong>N‘t’SSiTNI</strong></span> 
     </span>
    </p>
   </div>
   <div class='ocr_carea' id='block_1_3' title="bbox 3652 326 3757 382">
    <p class='ocr_par' dir='ltr' id='par_1_3' title="bbox 3652 326 3757 382">
     <span class='ocr_line' id='line_1_3' title="bbox 3652 326 3757 382; baseline 0.01 -2"><span class='ocrx_word' id='word_1_6' title='bbox 3652 326 3757 382; x_wconf 70' lang='lat'><strong>236</strong></span> 
     </span>
    </p>
   </div>
   <div class='ocr_carea' id='block_1_4' title="bbox 483 441 2082 533">
    <p class='ocr_par' dir='ltr' id='par_1_4' title="bbox 483 446 2064 533">
     <span class='ocr_line' id='line_1_4' title="bbox 483 446 2064 533; baseline -0.015 -13"><span class='ocrx_word' id='word_1_7' title='bbox 483 461 748 533; x_wconf 84' lang='lat' dir='ltr'><strong>temporis</strong></span> <span class='ocrx_word' id='word_1_8' title='bbox 802 460 856 514; x_wconf 92' lang='lat' dir='ltr'><strong>in</strong></span> <span class='ocrx_word' id='word_1_9' title='bbox 906 456 1101 511; x_wconf 88' lang='lat' dir='ltr'><strong>harum</strong></span> <span class='ocrx_word' id='word_1_10' title='bbox 1144 460 1264 507; x_wconf 89' lang='lat' dir='ltr'><strong>ortu</strong></span> <span class='ocrx_word' id='word_1_11' title='bbox 1305 449 1600 503; x_wconf 87' lang='lat' dir='ltr'><strong>discrimen</strong></span> <span class='ocrx_word' id='word_1_12' title='bbox 1649 448 1879 501; x_wconf 77' lang='lat' dir='ltr'><strong>divisus.</strong></span> <span class='ocrx_word' id='word_1_13' title='bbox 1931 446 2064 499; x_wconf 78' lang='lat' dir='ltr'><strong>Nam</strong></span> 
     </span>
    </p>
   </div>
   <div class='ocr_carea' id='block_1_5' title="bbox 2187 441 3760 533">
    <p class='ocr_par' dir='ltr' id='par_1_5' title="bbox 2187 441 3760 514">
     <span class='ocr_line' id='line_1_5' title="bbox 2187 441 3760 514; baseline 0 -19"><span class='ocrx_word' id='word_1_14' title='bbox 2187 447 2312 513; x_wconf 64' lang='grc' dir='ltr'><strong>ξορᾷ</strong></span> <span class='ocrx_word' id='word_1_15' title='bbox 2363 444 2733 514; x_wconf 73' lang='grc' dir='ltr'>μεριζόμενος.</span> <span class='ocrx_word' id='word_1_16' title='bbox 2789 441 2993 513; x_wconf 81' lang='grc' dir='ltr'>Διπλῆς</span> <span class='ocrx_word' id='word_1_17' title='bbox 3047 442 3155 514; x_wconf 83' lang='grc' dir='ltr'><strong>γάρ</strong></span> <span class='ocrx_word' id='word_1_18' title='bbox 3203 442 3301 513; x_wconf 82' lang='grc' dir='ltr'><strong>τῆς</strong></span> <span class='ocrx_word' id='word_1_19' title='bbox 3346 441 3564 511; x_wconf 72' lang='grc' dir='ltr'>φύσεως</span> <span class='ocrx_word' id='word_1_20' title='bbox 3598 443 3760 514; x_wconf 73' lang='grc' dir='ltr'>ἡμῶν</span> 
     </span>
    </p>
   </div>
   <div class='ocr_carea' id='block_1_6' title="bbox 485 536 2072 635">
    <p class='ocr_par' dir='ltr' id='par_1_6' title="bbox 485 536 2072 635">
     <span class='ocr_line' id='line_1_6' title="bbox 485 536 2072 635; baseline -0.014 -25"><span class='ocrx_word' id='word_1_21' title='bbox 485 570 608 610; x_wconf 85' lang='lat' dir='ltr'><strong>cum</strong></span> <span class='ocrx_word' id='word_1_22' title='bbox 649 553 716 607; x_wconf 90' lang='lat' dir='ltr'><strong>de</strong></span> <span class='ocrx_word' id='word_1_23' title='bbox 749 543 1322 635; x_wconf 33' lang='lat' dir='ltr'><strong>Apostolbsententia,</strong></span> <span class='ocrx_word' id='word_1_24' title='bbox 1361 548 1558 594; x_wconf 90' lang='lat' dir='ltr'><strong>natura</strong></span> <span class='ocrx_word' id='word_1_25' title='bbox 1599 547 1786 591; x_wconf 89' lang='lat' dir='ltr'><strong>nostra</strong></span> <span class='ocrx_word' id='word_1_26' title='bbox 1821 536 2072 591; x_wconf 80' lang='lat' dir='ltr'><strong>bifariam</strong></span> 
     </span>
    </p>
   </div>
   <div class='ocr_carea' id='block_1_7' title="bbox 483 628 2072 711">
    <p class='ocr_par' dir='ltr' id='par_1_7' title="bbox 483 628 2072 711">
     <span class='ocr_line' id='line_1_7' title="bbox 483 628 2072 711; baseline -0.012 -14"><span class='ocrx_word' id='word_1_27' title='bbox 483 644 837 711; x_wconf 81' lang='lat' dir='ltr'><strong>intelligatur,</strong></span> <span class='ocrx_word' id='word_1_28' title='bbox 891 647 947 692; x_wconf 90' lang='lat' dir='ltr'><strong>ut</strong></span> <span class='ocrx_word' id='word_1_29' title='bbox 1000 628 1101 689; x_wconf 76' lang='lat' dir='ltr'><strong>alia</strong></span> <span class='ocrx_word' id='word_1_30' title='bbox 1153 634 1224 689; x_wconf 92' lang='lat' dir='ltr'><strong>sit</strong></span> <span class='ocrx_word' id='word_1_31' title='bbox 1274 633 1394 702; x_wconf 80' lang='lat' dir='ltr'><strong>ejus</strong></span> <span class='ocrx_word' id='word_1_32' title='bbox 1444 631 1684 684; x_wconf 81' lang='lat' dir='ltr'><strong>hominis</strong></span> <span class='ocrx_word' id='word_1_33' title='bbox 1733 636 1928 681; x_wconf 86' lang='lat' dir='ltr'><strong>natura</strong></span> <span class='ocrx_word' id='word_1_34' title='bbox 1978 628 2072 695; x_wconf 86' lang='lat' dir='ltr'><strong>qui</strong></span> 
     </span>
    </p>
   </div>
   <div class='ocr_carea' id='block_1_8' title="bbox 487 720 2074 800">
    <p class='ocr_par' dir='ltr' id='par_1_8' title="bbox 487 720 2074 800">
     <span class='ocr_line' id='line_1_8' title="bbox 487 720 2074 800; baseline -0.014 -8"><span class='ocrx_word' id='word_1_35' title='bbox 487 737 637 791; x_wconf 82' lang='lat' dir='ltr'><strong>cerni</strong></span> <span class='ocrx_word' id='word_1_36' title='bbox 698 750 725 787; x_wconf 89' lang='lat' dir='ltr'><strong>a</strong></span> <span class='ocrx_word' id='word_1_37' title='bbox 785 732 945 787; x_wconf 86' lang='lat' dir='ltr'><strong>nobis</strong></span> <span class='ocrx_word' id='word_1_38' title='bbox 982 737 1182 800; x_wconf 83' lang='lat' dir='ltr'><strong>potest,</strong></span> <span class='ocrx_word' id='word_1_39' title='bbox 1240 727 1344 781; x_wconf 88' lang='lat' dir='ltr'><strong>alia</strong></span> <span class='ocrx_word' id='word_1_40' title='bbox 1388 724 1633 791; x_wconf 77' lang='lat' dir='ltr'><strong>hominis</strong></span> <span class='ocrx_word' id='word_1_41' title='bbox 1666 722 1891 776; x_wconf 89' lang='lat' dir='ltr'><strong>interius</strong></span> <span class='ocrx_word' id='word_1_42' title='bbox 1928 720 2074 773; x_wconf 81' lang='lat' dir='ltr'><strong>velut</strong></span> 
     </span>
    </p>
   </div>
   <div class='ocr_carea' id='block_1_9' title="bbox 483 810 2074 883">
    <p class='ocr_par' dir='ltr' id='par_1_9' title="bbox 483 810 2074 883">
     <span class='ocr_line' id='line_1_9' title="bbox 483 810 2074 883; baseline -0.011 -3"><span class='ocrx_word' id='word_1_43' title='bbox 483 828 650 880; x_wconf 84' lang='lat' dir='ltr'><strong>abditi</strong></span> <span class='ocrx_word' id='word_1_44' title='bbox 689 832 741 879; x_wconf 91' lang='lat' dir='ltr'><strong>et</strong></span> <span class='ocrx_word' id='word_1_45' title='bbox 774 822 1057 883; x_wconf 75' lang='lat' dir='ltr'><strong>occultati,</strong></span> <span class='ocrx_word' id='word_1_46' title='bbox 1107 820 1151 873; x_wconf 92' lang='lat' dir='ltr'><strong>si</strong></span> <span class='ocrx_word' id='word_1_47' title='bbox 1197 825 1563 873; x_wconf 79' lang='lat' dir='ltr'><strong>statueremus</strong></span> <span class='ocrx_word' id='word_1_48' title='bbox 1613 814 1841 866; x_wconf 90' lang='lat' dir='ltr'><strong>alterum</strong></span> <span class='ocrx_word' id='word_1_49' title='bbox 1874 811 1941 865; x_wconf 88' lang='lat' dir='ltr'><strong>de</strong></span> <span class='ocrx_word' id='word_1_50' title='bbox 1988 810 2074 863; x_wconf 86' lang='lat' dir='ltr'><strong>his</strong></span> 
     </span>
    </p>
   </div>
   <div class='ocr_carea' id='block_1_10' title="bbox 481 902 2073 988">
    <p class='ocr_par' dir='ltr' id='par_1_10' title="bbox 481 902 2073 988">
     <span class='ocr_line' id='line_1_10' title="bbox 481 902 2073 988; baseline -0.013 -17"><span class='ocrx_word' id='word_1_51' title='bbox 481 919 766 988; x_wconf 82' lang='lat' dir='ltr'><strong>aliquanto</strong></span> <span class='ocrx_word' id='word_1_52' title='bbox 825 913 980 982; x_wconf 89' lang='lat' dir='ltr'><strong>prius</strong></span> <span class='ocrx_word' id='word_1_53' title='bbox 1025 917 1208 964; x_wconf 89' lang='lat' dir='ltr'><strong>ortum</strong></span> <span class='ocrx_word' id='word_1_54' title='bbox 1265 907 1568 965; x_wconf 80' lang='lat' dir='ltr'><strong>exstitisse.</strong></span> <span class='ocrx_word' id='word_1_55' title='bbox 1622 918 1785 973; x_wconf 86' lang='lat' dir='ltr'><strong>quam</strong></span> <span class='ocrx_word' id='word_1_56' title='bbox 1845 902 2073 955; x_wconf 87' lang='lat' dir='ltr'><strong>alterum</strong></span> 
     </span>
    </p>
   </div>
   <div class='ocr_carea' id='block_1_11' title="bbox 481 990 2075 1073">
    <p class='ocr_par' dir='ltr' id='par_1_11' title="bbox 481 990 2075 1073">
     <span class='ocr_line' id='line_1_11' title="bbox 481 990 2075 1073; baseline -0.011 -10"><span class='ocrx_word' id='word_1_57' title='bbox 481 1023 605 1062; x_wconf 83' lang='lat' dir='ltr'><strong>csse</strong></span> <span class='ocrx_word' id='word_1_58' title='bbox 642 1006 927 1073; x_wconf 84' lang='lat' dir='ltr'><strong>inciperet,</strong></span> <span class='ocrx_word' id='word_1_59' title='bbox 966 1001 1125 1071; x_wconf 91' lang='lat' dir='ltr'><strong>plane</strong></span> <span class='ocrx_word' id='word_1_60' title='bbox 1166 999 1270 1052; x_wconf 90' lang='lat' dir='ltr'><strong>hoc</strong></span> <span class='ocrx_word' id='word_1_61' title='bbox 1324 996 1526 1051; x_wconf 85' lang='lat' dir='ltr'><strong>indicio</strong></span> <span class='ocrx_word' id='word_1_62' title='bbox 1558 994 1719 1052; x_wconf 89' lang='lat' dir='ltr'><strong>foret.</strong></span> <span class='ocrx_word' id='word_1_63' title='bbox 1766 990 2075 1047; x_wconf 84' lang='lat' dir='ltr'><strong>conditoris</strong></span> 
     </span>
    </p>
   </div>
   <div class='ocr_carea' id='block_1_12' title="bbox 484 1084 2072 1169">
    <p class='ocr_par' dir='ltr' id='par_1_12' title="bbox 484 1084 2072 1169">
     <span class='ocr_line' id='line_1_12' title="bbox 484 1084 2072 1169; baseline -0.012 -15"><span class='ocrx_word' id='word_1_64' title='bbox 484 1105 806 1169; x_wconf 88' lang='lat' dir='ltr'><strong>potestatem</strong></span> <span class='ocrx_word' id='word_1_65' title='bbox 862 1109 973 1149; x_wconf 89' lang='lat' dir='ltr'><strong>non</strong></span> <span class='ocrx_word' id='word_1_66' title='bbox 1007 1092 1231 1147; x_wconf 91' lang='lat' dir='ltr'><strong>omnino</strong></span> <span class='ocrx_word' id='word_1_67' title='bbox 1270 1088 1567 1158; x_wconf 88' lang='lat' dir='ltr'><strong>perfectam</strong></span> <span class='ocrx_word' id='word_1_68' title='bbox 1599 1084 1896 1156; x_wconf 89' lang='lat' dir='ltr'><strong>quamdam</strong></span> <span class='ocrx_word' id='word_1_69' title='bbox 1930 1097 2072 1142; x_wconf 89' lang='lat' dir='ltr'><strong>esse.</strong></span> 
     </span>
    </p>
   </div>
   <div class='ocr_carea' id='block_1_13' title="bbox 485 1173 2078 1261">
    <p class='ocr_par' dir='ltr' id='par_1_13' title="bbox 485 1173 2078 1261">
     <span class='ocr_line' id='line_1_13' title="bbox 485 1173 2078 1261; baseline -0.011 -17"><span class='ocrx_word' id='word_1_70' title='bbox 485 1198 769 1261; x_wconf 83' lang='lat' dir='ltr'><strong>propterea</strong></span> <span class='ocrx_word' id='word_1_71' title='bbox 814 1184 961 1257; x_wconf 91' lang='lat' dir='ltr'><strong>quod</strong></span> <span class='ocrx_word' id='word_1_72' title='bbox 1014 1182 1164 1253; x_wconf 87' lang='lat' dir='ltr'><strong>operi</strong></span> <span class='ocrx_word' id='word_1_73' title='bbox 1217 1180 1476 1234; x_wconf 87' lang='lat' dir='ltr'><strong>universo</strong></span> <span class='ocrx_word' id='word_1_74' title='bbox 1527 1177 1690 1232; x_wconf 91' lang='lat' dir='ltr'><strong>simul</strong></span> <span class='ocrx_word' id='word_1_75' title='bbox 1745 1173 2078 1230; x_wconf 79' lang='lat' dir='ltr'><strong>absolvendo</strong></span> 
     </span>
    </p>
   </div>
   <div class='ocr_carea' id='block_1_14' title="bbox 484 1265 2075 1344">
    <p class='ocr_par' dir='ltr' id='par_1_14' title="bbox 484 1265 2075 1344">
     <span class='ocr_line' id='line_1_14' title="bbox 484 1265 2075 1344; baseline -0.011 -9"><span class='ocrx_word' id='word_1_76' title='bbox 484 1299 593 1336; x_wconf 88' lang='lat' dir='ltr'><strong>non</strong></span> <span class='ocrx_word' id='word_1_77' title='bbox 639 1279 941 1343; x_wconf 81' lang='lat' dir='ltr'><strong>suffecerit,</strong></span> <span class='ocrx_word' id='word_1_78' title='bbox 995 1276 1232 1344; x_wconf 82' lang='lat' dir='ltr'><strong>idecque</strong></span> <span class='ocrx_word' id='word_1_79' title='bbox 1263 1287 1459 1342; x_wconf 85' lang='lat' dir='ltr'><strong>operas</strong></span> <span class='ocrx_word' id='word_1_80' title='bbox 1499 1270 1656 1340; x_wconf 88' lang='lat' dir='ltr'><strong>quasi</strong></span> <span class='ocrx_word' id='word_1_81' title='bbox 1702 1265 2075 1336; x_wconf 90' lang='lat' dir='ltr'><strong>interruperit,</strong></span> 
     </span>
    </p>
   </div>
   <div class='ocr_carea' id='block_1_15' title="bbox 482 1357 2076 1436">
    <p class='ocr_par' dir='ltr' id='par_1_15' title="bbox 482 1357 2076 1436">
     <span class='ocr_line' id='line_1_15' title="bbox 482 1357 2076 1436; baseline -0.011 -10"><span class='ocrx_word' id='word_1_82' title='bbox 482 1388 545 1426; x_wconf 90' lang='lat' dir='ltr'><strong>ac</strong></span> <span class='ocrx_word' id='word_1_83' title='bbox 600 1370 847 1426; x_wconf 73' lang='lat' dir='ltr'><strong>vicissim</strong></span> <span class='ocrx_word' id='word_1_84' title='bbox 904 1368 959 1421; x_wconf 91' lang='lat' dir='ltr'><strong>in</strong></span> <span class='ocrx_word' id='word_1_85' title='bbox 1017 1364 1369 1436; x_wconf 78' lang='lat' dir='ltr'><strong>perficiendis</strong></span> <span class='ocrx_word' id='word_1_86' title='bbox 1424 1360 1659 1431; x_wconf 81' lang='lat' dir='ltr'><strong>singulis</strong></span> <span class='ocrx_word' id='word_1_87' title='bbox 1708 1357 1960 1429; x_wconf 87' lang='lat' dir='ltr'><strong>partibus</strong></span> <span class='ocrx_word' id='word_1_88' title='bbox 2010 1371 2076 1410; x_wconf 84' lang='lat' dir='ltr'><strong>ex</strong></span> 
     </span>
    </p>
   </div>
   <div class='ocr_carea' id='block_1_16' title="bbox 485 1445 2076 1529">
    <p class='ocr_par' dir='ltr' id='par_1_16' title="bbox 485 1445 2076 1529">
     <span class='ocr_line' id='line_1_16' title="bbox 485 1445 2076 1529; baseline -0.012 -13"><span class='ocrx_word' id='word_1_89' title='bbox 485 1463 720 1516; x_wconf 88' lang='lat' dir='ltr'><strong>semisse</strong></span> <span class='ocrx_word' id='word_1_90' title='bbox 771 1459 924 1529; x_wconf 87' lang='lat' dir='ltr'><strong>prius</strong></span> <span class='ocrx_word' id='word_1_91' title='bbox 958 1454 1223 1510; x_wconf 75' lang='lat' dir='ltr'><strong>absolutis</strong></span> <span class='ocrx_word' id='word_1_92' title='bbox 1252 1458 1520 1521; x_wconf 89' lang='lat' dir='ltr'><strong>occupata</strong></span> <span class='ocrx_word' id='word_1_93' title='bbox 1566 1449 1751 1503; x_wconf 91' lang='lat' dir='ltr'><strong>fuerit.</strong></span> <span class='ocrx_word' id='word_1_94' title='bbox 1804 1445 2076 1501; x_wconf 82' lang='lat' dir='ltr'><strong>Nimirum</strong></span> 
     </span>
    </p>
   </div>
   <div class='ocr_carea' id='block_1_17' title="bbox 486 1536 2077 1617">
    <p class='ocr_par' dir='ltr' id='par_1_17' title="bbox 486 1536 2077 1617">
     <span class='ocr_line' id='line_1_17' title="bbox 486 1536 2077 1617; baseline -0.013 -10"><span class='ocrx_word' id='word_1_95' title='bbox 486 1560 547 1607; x_wconf 87' lang='lat' dir='ltr'><strong>ut</strong></span> <span class='ocrx_word' id='word_1_96' title='bbox 600 1552 656 1605; x_wconf 92' lang='lat' dir='ltr'><strong>in</strong></span> <span class='ocrx_word' id='word_1_97' title='bbox 698 1548 864 1604; x_wconf 87' lang='lat' dir='ltr'><strong>tritici</strong></span> <span class='ocrx_word' id='word_1_98' title='bbox 917 1561 1087 1617; x_wconf 76' lang='lat' dir='ltr'><strong>grano</strong></span> <span class='ocrx_word' id='word_1_99' title='bbox 1137 1543 1221 1597; x_wconf 82' lang='lat' dir='ltr'><strong>vel</strong></span> <span class='ocrx_word' id='word_1_100' title='bbox 1268 1541 1461 1612; x_wconf 82' lang='lat' dir='ltr'><strong>quovis</strong></span> <span class='ocrx_word' id='word_1_101' title='bbox 1502 1539 1610 1594; x_wconf 87' lang='lat' dir='ltr'><strong>alio</strong></span> <span class='ocrx_word' id='word_1_102' title='bbox 1651 1536 1861 1593; x_wconf 86' lang='lat' dir='ltr'><strong>semine</strong></span> <span class='ocrx_word' id='word_1_103' title='bbox 1908 1542 2077 1589; x_wconf 85' lang='lat' dir='ltr'><strong>totam</strong></span> 
     </span>
    </p>
   </div>
   <div class='ocr_carea' id='block_1_18' title="bbox 488 1631 2072 1714">
    <p class='ocr_par' dir='ltr' id='par_1_18' title="bbox 488 1631 2072 1714">
     <span class='ocr_line' id='line_1_18' title="bbox 488 1631 2072 1714; baseline -0.011 -15"><span class='ocrx_word' id='word_1_104' title='bbox 488 1644 653 1714; x_wconf 78' lang='lat' dir='ltr'><strong>spicae</strong></span> <span class='ocrx_word' id='word_1_105' title='bbox 698 1641 780 1695; x_wconf 84' lang='lat' dir='ltr'><strong>vel</strong></span> <span class='ocrx_word' id='word_1_106' title='bbox 836 1638 1052 1709; x_wconf 79' lang='lat' dir='ltr'><strong>frugum</strong></span> <span class='ocrx_word' id='word_1_107' title='bbox 1107 1643 1448 1689; x_wconf 87' lang='lat' dir='ltr'><strong>maturarutn</strong></span> <span class='ocrx_word' id='word_1_108' title='bbox 1501 1631 1739 1702; x_wconf 81' lang='lat' dir='ltr'><strong>speciem</strong></span> <span class='ocrx_word' id='word_1_109' title='bbox 1780 1635 2072 1700; x_wconf 85' lang='lat' dir='ltr'><strong>potestate,</strong></span> 
     </span>
    </p>
   </div>
   <div class='ocr_carea' id='block_1_19' title="bbox 488 1722 2081 1804">
    <p class='ocr_par' dir='ltr' id='par_1_19' title="bbox 488 1722 2081 1804">
     <span class='ocr_line' id='line_1_19' title="bbox 488 1722 2081 1804; baseline -0.012 -13"><span class='ocrx_word' id='word_1_110' title='bbox 488 1737 650 1792; x_wconf 86' lang='lat' dir='ltr'><strong>sicuti</strong></span> <span class='ocrx_word' id='word_1_111' title='bbox 703 1734 1005 1804; x_wconf 88' lang='lat' dir='ltr'><strong>loquimur,</strong></span> <span class='ocrx_word' id='word_1_112' title='bbox 1061 1729 1508 1798; x_wconf 77' lang='lat' dir='ltr'><strong>comprehensam</strong></span> <span class='ocrx_word' id='word_1_113' title='bbox 1564 1725 1821 1787; x_wconf 84' lang='lat' dir='ltr'><strong>dicimus,</strong></span> <span class='ocrx_word' id='word_1_114' title='bbox 1854 1730 1906 1778; x_wconf 89' lang='lat' dir='ltr'><strong>ct</strong></span> <span class='ocrx_word' id='word_1_115' title='bbox 1954 1722 2081 1776; x_wconf 88' lang='lat' dir='ltr'><strong>her-</strong></span> 
     </span>
    </p>
   </div>
   <div class='ocr_carea' id='block_1_20' title="bbox 490 1815 2079 1891">
    <p class='ocr_par' dir='ltr' id='par_1_20' title="bbox 490 1815 2079 1891">
     <span class='ocr_line' id='line_1_20' title="bbox 490 1815 2079 1891; baseline -0.011 -9"><span class='ocrx_word' id='word_1_116' title='bbox 490 1831 635 1891; x_wconf 84' lang='lat' dir='ltr'><strong>bam,</strong></span> <span class='ocrx_word' id='word_1_117' title='bbox 693 1836 745 1882; x_wconf 88' lang='lat' dir='ltr'><strong>et</strong></span> <span class='ocrx_word' id='word_1_118' title='bbox 797 1826 1060 1887; x_wconf 90' lang='lat' dir='ltr'><strong>culmum,</strong></span> <span class='ocrx_word' id='word_1_119' title='bbox 1107 1828 1161 1875; x_wconf 91' lang='lat' dir='ltr'><strong>et</strong></span> <span class='ocrx_word' id='word_1_120' title='bbox 1220 1818 1549 1882; x_wconf 87' lang='lat' dir='ltr'><strong>internodia,</strong></span> <span class='ocrx_word' id='word_1_121' title='bbox 1610 1825 1663 1870; x_wconf 92' lang='lat' dir='ltr'><strong>et</strong></span> <span class='ocrx_word' id='word_1_122' title='bbox 1713 1815 1972 1876; x_wconf 89' lang='lat' dir='ltr'><strong>fructum,</strong></span> <span class='ocrx_word' id='word_1_123' title='bbox 2026 1820 2079 1866; x_wconf 89' lang='lat' dir='ltr'><strong>et</strong></span> 
     </span>
    </p>
   </div>
   <div class='ocr_carea' id='block_1_21' title="bbox 488 1903 2080 1973">
    <p class='ocr_par' dir='ltr' id='par_1_21' title="bbox 488 1903 2080 1973">
     <span class='ocr_line' id='line_1_21' title="bbox 488 1903 2080 1973; baseline -0.009 -2"><span class='ocrx_word' id='word_1_124' title='bbox 488 1920 687 1973; x_wconf 81' lang='lat' dir='ltr'><strong>aristas</strong></span> <span class='ocrx_word' id='word_1_125' title='bbox 731 1934 744 1971; x_wconf 89' lang='lat'>:</span> <span class='ocrx_word' id='word_1_126' title='bbox 791 1930 914 1970; x_wconf 90' lang='lat' dir='ltr'><strong>cum</strong></span> <span class='ocrx_word' id='word_1_127' title='bbox 959 1913 1093 1967; x_wconf 89' lang='lat' dir='ltr'><strong>nihil</strong></span> <span class='ocrx_word' id='word_1_128' title='bbox 1132 1911 1326 1965; x_wconf 89' lang='lat' dir='ltr'><strong>horum</strong></span> <span class='ocrx_word' id='word_1_129' title='bbox 1379 1910 1549 1963; x_wconf 89' lang='lat' dir='ltr'><strong>altero</strong></span> <span class='ocrx_word' id='word_1_130' title='bbox 1583 1907 1638 1960; x_wconf 89' lang='lat' dir='ltr'><strong>in</strong></span> <span class='ocrx_word' id='word_1_131' title='bbox 1688 1915 1882 1959; x_wconf 90' lang='lat' dir='ltr'><strong>natura</strong></span> <span class='ocrx_word' id='word_1_132' title='bbox 1929 1903 2080 1972; x_wconf 90' lang='lat' dir='ltr'><strong>prius</strong></span> 
     </span>
    </p>
   </div>
   <div class='ocr_carea' id='block_1_22' title="bbox 490 1996 2081 2078">
    <p class='ocr_par' dir='ltr' id='par_1_22' title="bbox 490 1996 2081 2078">
     <span class='ocr_line' id='line_1_22' title="bbox 490 1996 2081 2078; baseline -0.01 -14"><span class='ocrx_word' id='word_1_133' title='bbox 490 2011 665 2078; x_wconf 86' lang='lat' dir='ltr'><strong>reipsa</strong></span> <span class='ocrx_word' id='word_1_134' title='bbox 717 2006 980 2069; x_wconf 83' lang='lat' dir='ltr'><strong>exsistat,</strong></span> <span class='ocrx_word' id='word_1_135' title='bbox 1033 2003 1116 2058; x_wconf 78' lang='lat' dir='ltr'><strong>vel</strong></span> <span class='ocrx_word' id='word_1_136' title='bbox 1176 2002 1389 2055; x_wconf 90' lang='lat' dir='ltr'><strong>oriatur</strong></span> <span class='ocrx_word' id='word_1_137' title='bbox 1451 1999 1635 2061; x_wconf 88' lang='lat' dir='ltr'><strong>citius,</strong></span> <span class='ocrx_word' id='word_1_138' title='bbox 1703 1996 1797 2050; x_wconf 86' lang='lat' dir='ltr'><strong>sed</strong></span> <span class='ocrx_word' id='word_1_139' title='bbox 1847 1996 2081 2048; x_wconf 88' lang='lat' dir='ltr'><strong>naturali</strong></span> 
     </span>
    </p>
   </div>
   <div class='ocr_carea' id='block_1_23' title="bbox 488 2087 2081 2155">
    <p class='ocr_par' dir='ltr' id='par_1_23' title="bbox 488 2087 2081 2155">
     <span class='ocr_line' id='line_1_23' title="bbox 488 2087 2081 2155; baseline -0.011 -2"><span class='ocrx_word' id='word_1_140' title='bbox 488 2100 679 2153; x_wconf 90' lang='lat' dir='ltr'><strong>ordine</strong></span> <span class='ocrx_word' id='word_1_141' title='bbox 710 2097 927 2151; x_wconf 88' lang='lat' dir='ltr'><strong>tandem</strong></span> <span class='ocrx_word' id='word_1_142' title='bbox 961 2095 1125 2147; x_wconf 87' lang='lat' dir='ltr'><strong>insita</strong></span> <span class='ocrx_word' id='word_1_143' title='bbox 1156 2091 1359 2147; x_wconf 86' lang='lat' dir='ltr'><strong>semini</strong></span> <span class='ocrx_word' id='word_1_144' title='bbox 1392 2088 1625 2143; x_wconf 79' lang='lat' dir='ltr'><strong>facultas</strong></span> <span class='ocrx_word' id='word_1_145' title='bbox 1649 2087 1763 2155; x_wconf 85' lang='lat' dir='ltr'><strong>ipsa</strong></span> <span class='ocrx_word' id='word_1_146' title='bbox 1797 2096 2081 2154; x_wconf 84' lang='lat' dir='ltr'><strong>appareat,</strong></span> 
     </span>
    </p>
   </div>
   <div class='ocr_carea' id='block_1_24' title="bbox 489 2176 2082 2245">
    <p class='ocr_par' dir='ltr' id='par_1_24' title="bbox 489 2176 2082 2245">
     <span class='ocr_line' id='line_1_24' title="bbox 489 2176 2082 2245; baseline -0.011 0"><span class='ocrx_word' id='word_1_147' title='bbox 489 2192 637 2245; x_wconf 80' lang='lat' dir='ltr'><strong>nulla</strong></span> <span class='ocrx_word' id='word_1_148' title='bbox 685 2190 739 2243; x_wconf 91' lang='lat' dir='ltr'><strong>in</strong></span> <span class='ocrx_word' id='word_1_149' title='bbox 790 2202 974 2243; x_wconf 89' lang='lat' dir='ltr'><strong>semen</strong></span> <span class='ocrx_word' id='word_1_150' title='bbox 1024 2185 1129 2238; x_wconf 90' lang='lat' dir='ltr'><strong>alia</strong></span> <span class='ocrx_word' id='word_1_151' title='bbox 1189 2196 1249 2237; x_wconf 90' lang='lat' dir='ltr'><strong>se</strong></span> <span class='ocrx_word' id='word_1_152' title='bbox 1293 2188 1489 2235; x_wconf 88' lang='lat' dir='ltr'><strong>natura</strong></span> <span class='ocrx_word' id='word_1_153' title='bbox 1538 2178 1884 2234; x_wconf 79' lang='lat' dir='ltr'><strong>extrinsecus</strong></span> <span class='ocrx_word' id='word_1_154' title='bbox 1933 2176 2082 2228; x_wconf 89' lang='lat' dir='ltr'><strong>velut</strong></span> 
     </span>
    </p>
   </div>
   <div class='ocr_carea' id='block_1_25' title="bbox 494 2267 2083 2336">
    <p class='ocr_par' dir='ltr' id='par_1_25' title="bbox 494 2267 2083 2336">
     <span class='ocr_line' id='line_1_25' title="bbox 494 2267 2083 2336; baseline -0.009 -2"><span class='ocrx_word' id='word_1_155' title='bbox 494 2284 838 2336; x_wconf 83' lang='lat' dir='ltr'><strong>insinuante:</strong></span> <span class='ocrx_word' id='word_1_156' title='bbox 871 2278 951 2332; x_wconf 89' lang='lat' dir='ltr'><strong>sic</strong></span> <span class='ocrx_word' id='word_1_157' title='bbox 986 2275 1149 2329; x_wconf 91' lang='lat' dir='ltr'><strong>etiam</strong></span> <span class='ocrx_word' id='word_1_158' title='bbox 1185 2272 1565 2326; x_wconf 77' lang='lat' dir='ltr'><strong>existimamus</strong></span> <span class='ocrx_word' id='word_1_159' title='bbox 1612 2269 1851 2321; x_wconf 88' lang='lat' dir='ltr'><strong>humano</strong></span> <span class='ocrx_word' id='word_1_160' title='bbox 1899 2267 1952 2318; x_wconf 89' lang='lat' dir='ltr'><strong>in</strong></span> <span class='ocrx_word' id='word_1_161' title='bbox 1997 2280 2083 2320; x_wconf 82' lang='lat' dir='ltr'><strong>sc-</strong></span> 
     </span>
    </p>
   </div>
   <div class='ocr_carea' id='block_1_26' title="bbox 503 2356 2080 2433">
    <p class='ocr_par' dir='ltr' id='par_1_26' title="bbox 503 2356 2080 2433">
     <span class='ocr_line' id='line_1_26' title="bbox 503 2356 2080 2433; baseline -0.01 -11"><span class='ocrx_word' id='word_1_162' title='bbox 503 2372 670 2433; x_wconf 79' lang='lat' dir='ltr'><strong>niine,</strong></span> <span class='ocrx_word' id='word_1_163' title='bbox 716 2381 841 2421; x_wconf 88' lang='lat' dir='ltr'><strong>cum</strong></span> <span class='ocrx_word' id='word_1_164' title='bbox 881 2365 1046 2418; x_wconf 85' lang='lat' dir='ltr'><strong>homo</strong></span> <span class='ocrx_word' id='word_1_165' title='bbox 1085 2363 1322 2431; x_wconf 88' lang='lat' dir='ltr'><strong>primum</strong></span> <span class='ocrx_word' id='word_1_166' title='bbox 1354 2360 1547 2427; x_wconf 89' lang='lat' dir='ltr'><strong>incipit</strong></span> <span class='ocrx_word' id='word_1_167' title='bbox 1576 2358 1733 2421; x_wconf 89' lang='lat' dir='ltr'><strong>oriri,</strong></span> <span class='ocrx_word' id='word_1_168' title='bbox 1766 2356 2080 2409; x_wconf 89' lang='lat' dir='ltr'><strong>facultatem</strong></span> 
     </span>
    </p>
   </div>
   <div class='ocr_carea' id='block_1_27' title="bbox 495 2448 2082 2518">
    <p class='ocr_par' dir='ltr' id='par_1_27' title="bbox 495 2448 2082 2518">
     <span class='ocr_line' id='line_1_27' title="bbox 495 2448 2082 2518; baseline -0.011 -5"><span class='ocrx_word' id='word_1_169' title='bbox 495 2458 802 2514; x_wconf 86' lang='lat' dir='ltr'><strong>naturalem</strong></span> <span class='ocrx_word' id='word_1_170' title='bbox 856 2452 1166 2518; x_wconf 86' lang='lat' dir='ltr'><strong>contineri,</strong></span> <span class='ocrx_word' id='word_1_171' title='bbox 1230 2450 1391 2505; x_wconf 88' lang='lat' dir='ltr'><strong>simul</strong></span> <span class='ocrx_word' id='word_1_172' title='bbox 1438 2464 1561 2503; x_wconf 91' lang='lat' dir='ltr'><strong>cum</strong></span> <span class='ocrx_word' id='word_1_173' title='bbox 1615 2448 1736 2517; x_wconf 88' lang='lat' dir='ltr'><strong>ipso</strong></span> <span class='ocrx_word' id='word_1_174' title='bbox 1790 2456 2082 2501; x_wconf 76' lang='lat' dir='ltr'><strong>excretam.</strong></span> 
     </span>
    </p>
   </div>
   <div class='ocr_carea' id='block_1_28' title="bbox 502 2538 2089 2618">
    <p class='ocr_par' dir='ltr' id='par_1_28' title="bbox 502 2538 2089 2618">
     <span class='ocr_line' id='line_1_28' title="bbox 502 2538 2089 2618; baseline -0.008 -15"><span class='ocrx_word' id='word_1_175' title='bbox 502 2551 651 2605; x_wconf 89' lang='lat' dir='ltr'><strong>llane</strong></span> <span class='ocrx_word' id='word_1_176' title='bbox 685 2563 851 2618; x_wconf 86' lang='lat' dir='ltr'><strong>porro</strong></span> <span class='ocrx_word' id='word_1_177' title='bbox 882 2545 1118 2601; x_wconf 88' lang='lat' dir='ltr'><strong>naturali</strong></span> <span class='ocrx_word' id='word_1_178' title='bbox 1150 2542 1382 2612; x_wconf 86' lang='lat' dir='ltr'><strong>quadam</strong></span> <span class='ocrx_word' id='word_1_179' title='bbox 1415 2540 1820 2610; x_wconf 80' lang='lat' dir='ltr'><strong>progressionis</strong></span> <span class='ocrx_word' id='word_1_180' title='bbox 1847 2539 1988 2593; x_wconf 85' lang='lat' dir='ltr'><strong>serie</strong></span> <span class='ocrx_word' id='word_1_181' title='bbox 2022 2538 2089 2591; x_wconf 89' lang='lat' dir='ltr'><strong>ad</strong></span> 
     </span>
    </p>
   </div>
   <div class='ocr_carea' id='block_1_29' title="bbox 499 2630 2090 2714">
    <p class='ocr_par' dir='ltr' id='par_1_29' title="bbox 499 2630 2090 2714">
     <span class='ocr_line' id='line_1_29' title="bbox 499 2630 2090 2714; baseline -0.01 -16"><span class='ocrx_word' id='word_1_182' title='bbox 499 2642 888 2714; x_wconf 70' lang='lat' dir='ltr'><strong>perfectionem</strong></span> <span class='ocrx_word' id='word_1_183' title='bbox 923 2637 1007 2691; x_wconf 89' lang='lat' dir='ltr'><strong>sui</strong></span> <span class='ocrx_word' id='word_1_184' title='bbox 1043 2634 1487 2695; x_wconf 83' lang='lat' dir='ltr'><strong>contendentem,</strong></span> <span class='ocrx_word' id='word_1_185' title='bbox 1531 2631 1792 2700; x_wconf 87' lang='lat' dir='ltr'><strong>paulatim</strong></span> <span class='ocrx_word' id='word_1_186' title='bbox 1830 2645 1887 2684; x_wconf 88' lang='lat' dir='ltr'><strong>se</strong></span> <span class='ocrx_word' id='word_1_187' title='bbox 1917 2630 2090 2697; x_wconf 77' lang='lat' dir='ltr'><strong>expli-</strong></span> 
     </span>
    </p>
   </div>
   <div class='ocr_carea' id='block_1_30' title="bbox 497 2720 2089 2800">
    <p class='ocr_par' dir='ltr' id='par_1_30' title="bbox 497 2720 2089 2800">
     <span class='ocr_line' id='line_1_30' title="bbox 497 2720 2089 2800; baseline -0.01 -11"><span class='ocrx_word' id='word_1_188' title='bbox 497 2750 624 2789; x_wconf 88' lang='lat' dir='ltr'><strong>care</strong></span> <span class='ocrx_word' id='word_1_189' title='bbox 664 2747 727 2785; x_wconf 87' lang='lat' dir='ltr'><strong>ac</strong></span> <span class='ocrx_word' id='word_1_190' title='bbox 777 2727 1103 2800; x_wconf 82' lang='lat' dir='ltr'><strong>patefacere,</strong></span> <span class='ocrx_word' id='word_1_191' title='bbox 1148 2740 1256 2778; x_wconf 92' lang='lat' dir='ltr'><strong>non</strong></span> <span class='ocrx_word' id='word_1_192' title='bbox 1304 2722 1450 2791; x_wconf 90' lang='lat' dir='ltr'><strong>quod</strong></span> <span class='ocrx_word' id='word_1_193' title='bbox 1497 2722 1842 2776; x_wconf 74' lang='lat' dir='ltr'><strong>extrinsecus</strong></span> <span class='ocrx_word' id='word_1_194' title='bbox 1884 2720 2089 2789; x_wconf 90' lang='lat' dir='ltr'><strong>aliquid</strong></span> 
     </span>
    </p>
   </div>
   <div class='ocr_carea' id='block_1_31' title="bbox 499 2812 2087 2895">
    <p class='ocr_par' dir='ltr' id='par_1_31' title="bbox 499 2812 2087 2895">
     <span class='ocr_line' id='line_1_31' title="bbox 499 2812 2087 2895; baseline -0.011 -14"><span class='ocrx_word' id='word_1_195' title='bbox 499 2826 748 2895; x_wconf 85' lang='lat' dir='ltr'><strong>recipiat,</strong></span> <span class='ocrx_word' id='word_1_196' title='bbox 798 2821 956 2890; x_wconf 87' lang='lat' dir='ltr'><strong>cujus</strong></span> <span class='ocrx_word' id='word_1_197' title='bbox 988 2834 1088 2888; x_wconf 88' lang='lat' dir='ltr'><strong>ope</strong></span> <span class='ocrx_word' id='word_1_198' title='bbox 1132 2818 1219 2872; x_wconf 85' lang='lat' dir='ltr'><strong>sui</strong></span> <span class='ocrx_word' id='word_1_199' title='bbox 1266 2814 1658 2886; x_wconf 79' lang='lat' dir='ltr'><strong>perfectionem</strong></span> <span class='ocrx_word' id='word_1_200' title='bbox 1711 2812 2087 2882; x_wconf 87' lang='lat' dir='ltr'><strong>adipiscatur;</strong></span> 
     </span>
    </p>
   </div>
   <div class='ocr_carea' id='block_1_32' title="bbox 501 2903 2091 2986">
    <p class='ocr_par' dir='ltr' id='par_1_32' title="bbox 501 2903 2091 2986">
     <span class='ocr_line' id='line_1_32' title="bbox 501 2903 2091 2986; baseline -0.01 -12"><span class='ocrx_word' id='word_1_201' title='bbox 501 2917 597 2974; x_wconf 85' lang='lat' dir='ltr'><strong>sed</strong></span> <span class='ocrx_word' id='word_1_202' title='bbox 628 2914 848 2986; x_wconf 88' lang='lat' dir='ltr'><strong>propria</strong></span> <span class='ocrx_word' id='word_1_203' title='bbox 885 2912 934 2964; x_wconf 80' lang='lat' dir='ltr'><strong>vi</strong></span> <span class='ocrx_word' id='word_1_204' title='bbox 968 2909 1033 2963; x_wconf 87' lang='lat' dir='ltr'><strong>ad</strong></span> <span class='ocrx_word' id='word_1_205' title='bbox 1067 2923 1186 2963; x_wconf 89' lang='lat' dir='ltr'><strong>eam</strong></span> <span class='ocrx_word' id='word_1_206' title='bbox 1224 2907 1492 2979; x_wconf 85' lang='lat' dir='ltr'><strong>paulatim</strong></span> <span class='ocrx_word' id='word_1_207' title='bbox 1538 2903 1873 2975; x_wconf 86' lang='lat' dir='ltr'><strong>proficiendo</strong></span> <span class='ocrx_word' id='word_1_208' title='bbox 1902 2919 2091 2973; x_wconf 83' lang='lat' dir='ltr'><strong>perve-</strong></span> 
     </span>
    </p>
   </div>
   <div class='ocr_carea' id='block_1_33' title="bbox 497 2996 2087 3069">
    <p class='ocr_par' dir='ltr' id='par_1_33' title="bbox 497 2996 2087 3069">
     <span class='ocr_line' id='line_1_33' title="bbox 497 2996 2087 3069; baseline -0.011 -5"><span class='ocrx_word' id='word_1_209' title='bbox 497 3010 598 3064; x_wconf 86' lang='lat' dir='ltr'><strong>nit.</strong></span> <span class='ocrx_word' id='word_1_210' title='bbox 636 3006 867 3060; x_wconf 86' lang='lat' dir='ltr'><strong>Animus</strong></span> <span class='ocrx_word' id='word_1_211' title='bbox 893 3002 1050 3064; x_wconf 90' lang='lat' dir='ltr'><strong>adeo,</strong></span> <span class='ocrx_word' id='word_1_212' title='bbox 1094 2996 1554 3069; x_wconf 86' lang='lat' dir='ltr'><strong>quemadmodum</strong></span> <span class='ocrx_word' id='word_1_213' title='bbox 1589 3004 1715 3051; x_wconf 89' lang='lat' dir='ltr'><strong>ante</strong></span> <span class='ocrx_word' id='word_1_214' title='bbox 1744 3010 1943 3064; x_wconf 87' lang='lat' dir='ltr'><strong>corpus</strong></span> <span class='ocrx_word' id='word_1_215' title='bbox 1980 3009 2087 3048; x_wconf 90' lang='lat' dir='ltr'><strong>non</strong></span> 
     </span>
    </p>
   </div>
   <div class='ocr_carea' id='block_1_34' title="bbox 499 3088 2089 3159">
    <p class='ocr_par' dir='ltr' id='par_1_34' title="bbox 499 3088 2089 3159">
     <span class='ocr_line' id='line_1_34' title="bbox 499 3088 2089 3159; baseline -0.008 -5"><span class='ocrx_word' id='word_1_216' title='bbox 499 3099 737 3159; x_wconf 78' lang='lat' dir='ltr'><strong>exsistit,</strong></span> <span class='ocrx_word' id='word_1_217' title='bbox 773 3097 852 3150; x_wconf 90' lang='lat' dir='ltr'><strong>sic</strong></span> <span class='ocrx_word' id='word_1_218' title='bbox 885 3093 1121 3147; x_wconf 83' lang='lat' dir='ltr'><strong>hominis</strong></span> <span class='ocrx_word' id='word_1_219' title='bbox 1152 3092 1309 3146; x_wconf 91' lang='lat' dir='ltr'><strong>initio</strong></span> <span class='ocrx_word' id='word_1_220' title='bbox 1358 3091 1477 3144; x_wconf 87' lang='lat' dir='ltr'><strong>sine</strong></span> <span class='ocrx_word' id='word_1_221' title='bbox 1512 3088 1698 3143; x_wconf 90' lang='lat' dir='ltr'><strong>animo</strong></span> <span class='ocrx_word' id='word_1_222' title='bbox 1729 3102 1930 3157; x_wconf 89' lang='lat' dir='ltr'><strong>corpus</strong></span> <span class='ocrx_word' id='word_1_223' title='bbox 1968 3102 2089 3143; x_wconf 89' lang='lat' dir='ltr'><strong>esse</strong></span> 
     </span>
    </p>
   </div>
   <div class='ocr_carea' id='block_1_35' title="bbox 500 3178 2081 3256">
    <p class='ocr_par' dir='ltr' id='par_1_35' title="bbox 500 3178 2081 3256">
     <span class='ocr_line' id='line_1_35' title="bbox 500 3178 2081 3256; baseline -0.008 -11"><span class='ocrx_word' id='word_1_224' title='bbox 500 3191 607 3245; x_wconf 86' lang='lat' dir='ltr'><strong>dici</strong></span> <span class='ocrx_word' id='word_1_225' title='bbox 653 3204 779 3243; x_wconf 85' lang='lat' dir='ltr'><strong>vere</strong></span> <span class='ocrx_word' id='word_1_226' title='bbox 821 3185 1029 3256; x_wconf 89' lang='lat' dir='ltr'><strong>nequit.</strong></span> <span class='ocrx_word' id='word_1_227' title='bbox 1066 3182 1240 3237; x_wconf 91' lang='lat' dir='ltr'><strong>Unum</strong></span> <span class='ocrx_word' id='word_1_228' title='bbox 1273 3190 1356 3237; x_wconf 90' lang='lat' dir='ltr'><strong>est</strong></span> <span class='ocrx_word' id='word_1_229' title='bbox 1404 3181 1693 3249; x_wconf 89' lang='lat' dir='ltr'><strong>utriusque</strong></span> <span class='ocrx_word' id='word_1_230' title='bbox 1732 3178 2081 3249; x_wconf 84' lang='lat' dir='ltr'><strong>principium,</strong></span> 
     </span>
    </p>
   </div>
   <div class='ocr_carea' id='block_1_36' title="bbox 499 3267 2086 3345">
    <p class='ocr_par' dir='ltr' id='par_1_36' title="bbox 499 3267 2086 3345">
     <span class='ocr_line' id='line_1_36' title="bbox 499 3267 2086 3345; baseline -0.006 -18"><span class='ocrx_word' id='word_1_231' title='bbox 499 3275 646 3345; x_wconf 80' lang='lat' dir='ltr'><strong>quod</strong></span> <span class='ocrx_word' id='word_1_232' title='bbox 662 3271 959 3327; x_wconf 82' lang='lat' dir='ltr'><strong>secundum</strong></span> <span class='ocrx_word' id='word_1_233' title='bbox 979 3272 1245 3325; x_wconf 91' lang='lat' dir='ltr'><strong>rationem</strong></span> <span class='ocrx_word' id='word_1_234' title='bbox 1269 3268 1489 3338; x_wconf 85' lang='lat' dir='ltr'><strong>quidem</strong></span> <span class='ocrx_word' id='word_1_235' title='bbox 1514 3267 1888 3322; x_wconf 87' lang='lat' dir='ltr'><strong>sublimiorem</strong></span> <span class='ocrx_word' id='word_1_236' title='bbox 1911 3267 2086 3336; x_wconf 89' lang='lat' dir='ltr'><strong>prima</strong></span> 
     </span>
    </p>
   </div>
   <div class='ocr_carea' id='block_1_37' title="bbox 498 3357 2083 3430">
    <p class='ocr_par' dir='ltr' id='par_1_37' title="bbox 498 3357 2083 3430">
     <span class='ocr_line' id='line_1_37' title="bbox 498 3357 2083 3430; baseline -0.008 -8"><span class='ocrx_word' id='word_1_237' title='bbox 498 3369 556 3423; x_wconf 85' lang='lat' dir='ltr'><strong>in</strong></span> <span class='ocrx_word' id='word_1_238' title='bbox 604 3365 887 3419; x_wconf 80' lang='lat' dir='ltr'><strong>voluntate</strong></span> <span class='ocrx_word' id='word_1_239' title='bbox 935 3362 1050 3425; x_wconf 88' lang='lat' dir='ltr'><strong>Dei,</strong></span> <span class='ocrx_word' id='word_1_240' title='bbox 1096 3370 1354 3430; x_wconf 89' lang='lat' dir='ltr'><strong>tanquam</strong></span> <span class='ocrx_word' id='word_1_241' title='bbox 1413 3357 1769 3413; x_wconf 86' lang='lat' dir='ltr'><strong>fundamento</strong></span> <span class='ocrx_word' id='word_1_242' title='bbox 1810 3358 2083 3419; x_wconf 86' lang='lat' dir='ltr'><strong>innititur,</strong></span> 
     </span>
    </p>
   </div>
   <div class='ocr_carea' id='block_1_38' title="bbox 500 3446 2087 3516">
    <p class='ocr_par' dir='ltr' id='par_1_38' title="bbox 500 3446 2087 3516">
     <span class='ocr_line' id='line_1_38' title="bbox 500 3446 2087 3516; baseline -0.006 -6"><span class='ocrx_word' id='word_1_243' title='bbox 500 3454 713 3510; x_wconf 85' lang='lat' dir='ltr'><strong>ratione</strong></span> <span class='ocrx_word' id='word_1_244' title='bbox 756 3461 936 3507; x_wconf 89' lang='lat' dir='ltr'><strong>autem</strong></span> <span class='ocrx_word' id='word_1_245' title='bbox 981 3452 1173 3514; x_wconf 88' lang='lat' dir='ltr'><strong>altera,</strong></span> <span class='ocrx_word' id='word_1_246' title='bbox 1209 3451 1264 3503; x_wconf 89' lang='lat' dir='ltr'><strong>in</strong></span> <span class='ocrx_word' id='word_1_247' title='bbox 1313 3457 1469 3503; x_wconf 90' lang='lat' dir='ltr'><strong>ortus</strong></span> <span class='ocrx_word' id='word_1_248' title='bbox 1508 3449 1683 3503; x_wconf 91' lang='lat' dir='ltr'><strong>nostri</strong></span> <span class='ocrx_word' id='word_1_249' title='bbox 1724 3446 1950 3501; x_wconf 79' lang='lat' dir='ltr'><strong>exordio</strong></span> <span class='ocrx_word' id='word_1_250' title='bbox 1991 3462 2087 3516; x_wconf 92' lang='lat' dir='ltr'><strong>po-</strong></span> 
     </span>
    </p>
   </div>
   <div class='ocr_carea' id='block_1_39' title="bbox 504 3539 2087 3609">
    <p class='ocr_par' dir='ltr' id='par_1_39' title="bbox 504 3539 2087 3609">
     <span class='ocr_line' id='line_1_39' title="bbox 504 3539 2087 3609; baseline -0.005 -8"><span class='ocrx_word' id='word_1_251' title='bbox 504 3546 735 3601; x_wconf 90' lang='lat' dir='ltr'><strong>nendum</strong></span> <span class='ocrx_word' id='word_1_252' title='bbox 776 3552 881 3600; x_wconf 90' lang='lat' dir='ltr'><strong>est.</strong></span> <span class='ocrx_word' id='word_1_253' title='bbox 926 3542 1060 3597; x_wconf 87' lang='lat' dir='ltr'><strong>Nam</strong></span> <span class='ocrx_word' id='word_1_254' title='bbox 1104 3553 1163 3596; x_wconf 87' lang='lat' dir='ltr'><strong>ut</strong></span> <span class='ocrx_word' id='word_1_255' title='bbox 1196 3541 1250 3596; x_wconf 91' lang='lat' dir='ltr'><strong>in</strong></span> <span class='ocrx_word' id='word_1_256' title='bbox 1291 3556 1377 3604; x_wconf 90' lang='lat' dir='ltr'><strong>eo,</strong></span> <span class='ocrx_word' id='word_1_257' title='bbox 1406 3540 1549 3609; x_wconf 91' lang='lat' dir='ltr'><strong>quod</strong></span> <span class='ocrx_word' id='word_1_258' title='bbox 1602 3549 1846 3594; x_wconf 90' lang='lat' dir='ltr'><strong>materna</strong></span> <span class='ocrx_word' id='word_1_259' title='bbox 1875 3539 1930 3593; x_wconf 90' lang='lat' dir='ltr'><strong>in</strong></span> <span class='ocrx_word' id='word_1_260' title='bbox 1967 3539 2087 3593; x_wconf 90' lang='lat' dir='ltr'><strong>alvo</strong></span> 
     </span>
    </p>
   </div>
   <div class='ocr_carea' id='block_1_40' title="bbox 509 3631 2085 3705">
    <p class='ocr_par' dir='ltr' id='par_1_40' title="bbox 509 3631 2085 3705">
     <span class='ocr_line' id='line_1_40' title="bbox 509 3631 2085 3705; baseline -0.006 -13"><span class='ocrx_word' id='word_1_261' title='bbox 509 3638 577 3692; x_wconf 89' lang='lat' dir='ltr'><strong>ad</strong></span> <span class='ocrx_word' id='word_1_262' title='bbox 630 3636 1041 3705; x_wconf 78' lang='lat' dir='ltr'><strong>conceptionem</strong></span> <span class='ocrx_word' id='word_1_263' title='bbox 1121 3634 1370 3703; x_wconf 91' lang='lat' dir='ltr'><strong>corporis</strong></span> <span class='ocrx_word' id='word_1_264' title='bbox 1430 3631 1738 3701; x_wconf 84' lang='lat' dir='ltr'><strong>deponitur,</strong></span> <span class='ocrx_word' id='word_1_265' title='bbox 1794 3639 2085 3700; x_wconf 83' lang='lat' dir='ltr'><strong>antequam</strong></span> 
     </span>
    </p>
   </div>
   <div class='ocr_carea' id='block_1_41' title="bbox 499 3722 2086 3798">
    <p class='ocr_par' dir='ltr' id='par_1_41' title="bbox 499 3722 2086 3798">
     <span class='ocr_line' id='line_1_41' title="bbox 499 3722 2086 3798; baseline -0.005 -16"><span class='ocrx_word' id='word_1_266' title='bbox 499 3727 787 3793; x_wconf 79' lang='lat' dir='ltr'><strong>formetur,</strong></span> <span class='ocrx_word' id='word_1_267' title='bbox 818 3727 1053 3798; x_wconf 88' lang='lat' dir='ltr'><strong>perspici</strong></span> <span class='ocrx_word' id='word_1_268' title='bbox 1083 3726 1370 3779; x_wconf 89' lang='lat' dir='ltr'><strong>articulata</strong></span> <span class='ocrx_word' id='word_1_269' title='bbox 1402 3723 1771 3777; x_wconf 89' lang='lat' dir='ltr'><strong>membrorum</strong></span> <span class='ocrx_word' id='word_1_270' title='bbox 1804 3722 2086 3777; x_wconf 68' lang='lat' dir='ltr'><strong>cohaeren-</strong></span> 
     </span>
    </p>
   </div>
   <div class='ocr_carea' id='block_1_42' title="bbox 500 3813 2085 3887">
    <p class='ocr_par' dir='ltr' id='par_1_42' title="bbox 500 3813 2085 3887">
     <span class='ocr_line' id='line_1_42' title="bbox 500 3813 2085 3887; baseline -0.006 -13"><span class='ocrx_word' id='word_1_271' title='bbox 500 3821 633 3876; x_wconf 85' lang='lat' dir='ltr'><strong>tium</strong></span> <span class='ocrx_word' id='word_1_272' title='bbox 667 3819 949 3875; x_wconf 87' lang='lat' dir='ltr'><strong>distinctio</strong></span> <span class='ocrx_word' id='word_1_273' title='bbox 983 3818 1192 3887; x_wconf 87' lang='lat' dir='ltr'><strong>nequit,</strong></span> <span class='ocrx_word' id='word_1_274' title='bbox 1236 3817 1317 3871; x_wconf 89' lang='lat' dir='ltr'><strong>sic</strong></span> <span class='ocrx_word' id='word_1_275' title='bbox 1350 3831 1524 3885; x_wconf 87' lang='lat' dir='ltr'><strong>neque</strong></span> <span class='ocrx_word' id='word_1_276' title='bbox 1553 3815 1632 3869; x_wconf 83' lang='lat' dir='ltr'><strong>vis</strong></span> <span class='ocrx_word' id='word_1_277' title='bbox 1662 3814 1831 3868; x_wconf 89' lang='lat' dir='ltr'><strong>animi</strong></span> <span class='ocrx_word' id='word_1_278' title='bbox 1864 3813 2085 3884; x_wconf 91' lang='lat' dir='ltr'><strong>propria</strong></span> 
     </span>
    </p>
   </div>
   <div class='ocr_carea' id='block_1_43' title="bbox 499 3904 2088 3980">
    <p class='ocr_par' dir='ltr' id='par_1_43' title="bbox 499 3904 2088 3980">
     <span class='ocr_line' id='line_1_43' title="bbox 499 3904 2088 3980; baseline -0.004 -13"><span class='ocrx_word' id='word_1_279' title='bbox 499 3909 834 3980; x_wconf 88' lang='lat' dir='ltr'><strong>deprehendi</strong></span> <span class='ocrx_word' id='word_1_280' title='bbox 882 3909 939 3962; x_wconf 90' lang='lat' dir='ltr'><strong>in</strong></span> <span class='ocrx_word' id='word_1_281' title='bbox 986 3909 1176 3963; x_wconf 88' lang='lat' dir='ltr'><strong>eodem</strong></span> <span class='ocrx_word' id='word_1_282' title='bbox 1229 3913 1411 3977; x_wconf 85' lang='lat' dir='ltr'><strong>potest</strong></span> <span class='ocrx_word' id='word_1_283' title='bbox 1447 3913 1597 3967; x_wconf 90' lang='lat' dir='ltr'><strong>ante,</strong></span> <span class='ocrx_word' id='word_1_284' title='bbox 1630 3919 1795 3975; x_wconf 88' lang='lat' dir='ltr'><strong>quam</strong></span> <span class='ocrx_word' id='word_1_285' title='bbox 1847 3905 1914 3959; x_wconf 90' lang='lat' dir='ltr'><strong>ad</strong></span> <span class='ocrx_word' id='word_1_286' title='bbox 1957 3904 2088 3960; x_wconf 75' lang='lat' dir='ltr'><strong>eﬂ‘e-</strong></span> 
     </span>
    </p>
   </div>
   <div class='ocr_carea' id='block_1_44' title="bbox 502 3994 2087 4065">
    <p class='ocr_par' dir='ltr' id='par_1_44' title="bbox 502 3994 2087 4065">
     <span class='ocr_line' id='line_1_44' title="bbox 502 3994 2087 4065; baseline -0.003 -11"><span class='ocrx_word' id='word_1_287' title='bbox 502 4003 718 4058; x_wconf 83' lang='lat' dir='ltr'><strong>ctiones</strong></span> <span class='ocrx_word' id='word_1_288' title='bbox 755 4014 887 4054; x_wconf 89' lang='lat' dir='ltr'><strong>suas</strong></span> <span class='ocrx_word' id='word_1_289' title='bbox 926 3998 1017 4051; x_wconf 88' lang='lat' dir='ltr'><strong>illa</strong></span> <span class='ocrx_word' id='word_1_290' title='bbox 1061 3997 1466 4065; x_wconf 81' lang='lat' dir='ltr'><strong>progrediatur.</strong></span> <span class='ocrx_word' id='word_1_291' title='bbox 1510 3994 1576 4049; x_wconf 88' lang='lat' dir='ltr'><strong>Et</strong></span> <span class='ocrx_word' id='word_1_292' title='bbox 1624 3994 2087 4064; x_wconf 87' lang='lat' dir='ltr'><strong>quemadmodum</strong></span> 
     </span>
    </p>
   </div>
   <div class='ocr_carea' id='block_1_45' title="bbox 502 4083 2088 4150">
    <p class='ocr_par' dir='ltr' id='par_1_45' title="bbox 502 4083 2088 4150">
     <span class='ocr_line' id='line_1_45' title="bbox 502 4083 2088 4150; baseline -0.003 -5"><span class='ocrx_word' id='word_1_293' title='bbox 502 4089 710 4145; x_wconf 87' lang='lat' dir='ltr'><strong>nemini</strong></span> <span class='ocrx_word' id='word_1_294' title='bbox 754 4088 979 4142; x_wconf 85' lang='lat' dir='ltr'><strong>dubium</strong></span> <span class='ocrx_word' id='word_1_295' title='bbox 1028 4093 1133 4150; x_wconf 90' lang='lat' dir='ltr'><strong>est,</strong></span> <span class='ocrx_word' id='word_1_296' title='bbox 1171 4084 1316 4139; x_wconf 89' lang='lat' dir='ltr'><strong>idem</strong></span> <span class='ocrx_word' id='word_1_297' title='bbox 1359 4084 1493 4139; x_wconf 90' lang='lat' dir='ltr'><strong>illud</strong></span> <span class='ocrx_word' id='word_1_298' title='bbox 1537 4084 1590 4137; x_wconf 92' lang='lat' dir='ltr'><strong>in</strong></span> <span class='ocrx_word' id='word_1_299' title='bbox 1637 4083 1886 4139; x_wconf 76' lang='lat' dir='ltr'><strong>diversos</strong></span> <span class='ocrx_word' id='word_1_300' title='bbox 1934 4092 2088 4140; x_wconf 90' lang='lat' dir='ltr'><strong>artus</strong></span> 
     </span>
    </p>
   </div>
   <div class='ocr_carea' id='block_1_46' title="bbox 504 4175 2087 4250">
    <p class='ocr_par' dir='ltr' id='par_1_46' title="bbox 504 4175 2087 4250">
     <span class='ocr_line' id='line_1_46' title="bbox 504 4175 2087 4250; baseline -0.004 -13"><span class='ocrx_word' id='word_1_301' title='bbox 504 4185 833 4250; x_wconf 79' lang='lat' dir='ltr'><strong>diversaque</strong></span> <span class='ocrx_word' id='word_1_302' title='bbox 877 4179 1087 4233; x_wconf 67' lang='lat' dir='ltr'><strong>viscera</strong></span> <span class='ocrx_word' id='word_1_303' title='bbox 1141 4176 1498 4241; x_wconf 88' lang='lat' dir='ltr'><strong>conformari,</strong></span> <span class='ocrx_word' id='word_1_304' title='bbox 1551 4175 1697 4228; x_wconf 88' lang='lat' dir='ltr'><strong>nulla</strong></span> <span class='ocrx_word' id='word_1_305' title='bbox 1748 4185 1969 4229; x_wconf 85' lang='lat' dir='ltr'><strong>externa</strong></span> <span class='ocrx_word' id='word_1_306' title='bbox 2007 4176 2087 4230; x_wconf 88' lang='lat' dir='ltr'><strong>fa-</strong></span> 
     </span>
    </p>
   </div>
   <div class='ocr_carea' id='block_1_47' title="bbox 505 4266 2090 4339">
    <p class='ocr_par' dir='ltr' id='par_1_47' title="bbox 505 4266 2090 4339">
     <span class='ocr_line' id='line_1_47' title="bbox 505 4266 2090 4339; baseline -0.004 -11"><span class='ocrx_word' id='word_1_307' title='bbox 505 4274 724 4336; x_wconf 89' lang='lat' dir='ltr'><strong>cultate,</strong></span> <span class='ocrx_word' id='word_1_308' title='bbox 779 4280 838 4326; x_wconf 92' lang='lat' dir='ltr'><strong>ut</strong></span> <span class='ocrx_word' id='word_1_309' title='bbox 883 4271 986 4325; x_wconf 89' lang='lat' dir='ltr'><strong>hoc</strong></span> <span class='ocrx_word' id='word_1_310' title='bbox 1028 4267 1297 4339; x_wconf 86' lang='lat' dir='ltr'><strong>perficiat,</strong></span> <span class='ocrx_word' id='word_1_311' title='bbox 1367 4266 1748 4338; x_wconf 74' lang='lat' dir='ltr'><strong>ingrediente;</strong></span> <span class='ocrx_word' id='word_1_312' title='bbox 1788 4268 1881 4322; x_wconf 89' lang='lat' dir='ltr'><strong>sed</strong></span> <span class='ocrx_word' id='word_1_313' title='bbox 1919 4266 2090 4322; x_wconf 86' lang='lat' dir='ltr'><strong>facul-</strong></span> 
     </span>
    </p>
   </div>
   <div class='ocr_carea' id='block_1_48' title="bbox 507 4358 2087 4435">
    <p class='ocr_par' dir='ltr' id='par_1_48' title="bbox 507 4358 2087 4435">
     <span class='ocr_line' id='line_1_48' title="bbox 507 4358 2087 4435; baseline -0.003 -17"><span class='ocrx_word' id='word_1_314' title='bbox 507 4374 615 4419; x_wconf 81' lang='lat' dir='ltr'><strong>tate</strong></span> <span class='ocrx_word' id='word_1_315' title='bbox 652 4365 753 4435; x_wconf 90' lang='lat' dir='ltr'><strong>ipsi</strong></span> <span class='ocrx_word' id='word_1_316' title='bbox 796 4379 824 4417; x_wconf 90' lang='lat' dir='ltr'><strong>a</strong></span> <span class='ocrx_word' id='word_1_317' title='bbox 850 4370 1051 4417; x_wconf 85' lang='lat' dir='ltr'><strong>natura</strong></span> <span class='ocrx_word' id='word_1_318' title='bbox 1084 4361 1272 4423; x_wconf 90' lang='lat' dir='ltr'><strong>insita,</strong></span> <span class='ocrx_word' id='word_1_319' title='bbox 1307 4374 1475 4430; x_wconf 83' lang='lat' dir='ltr'><strong>opera</strong></span> <span class='ocrx_word' id='word_1_320' title='bbox 1511 4366 1566 4413; x_wconf 90' lang='lat' dir='ltr'><strong>et</strong></span> <span class='ocrx_word' id='word_1_321' title='bbox 1596 4358 1877 4414; x_wconf 72' lang='lat' dir='ltr'><strong>effectione</strong></span> <span class='ocrx_word' id='word_1_322' title='bbox 1908 4375 2004 4416; x_wconf 90' lang='lat' dir='ltr'><strong>sua</strong></span> <span class='ocrx_word' id='word_1_323' title='bbox 2034 4361 2087 4414; x_wconf 92' lang='lat' dir='ltr'><strong>in</strong></span> 
     </span>
    </p>
   </div>
   <div class='ocr_carea' id='block_1_49' title="bbox 2176 531 3759 605">
    <p class='ocr_par' dir='ltr' id='par_1_49' title="bbox 2176 531 3759 605">
     <span class='ocr_line' id='line_1_49' title="bbox 2176 531 3759 605; baseline 0 -18"><span class='ocrx_word' id='word_1_324' title='bbox 2176 536 2487 604; x_wconf 74' lang='grc' dir='ltr'>νοουμένης,</span> <span class='ocrx_word' id='word_1_325' title='bbox 2521 535 2659 587; x_wconf 72' lang='grc' dir='ltr'>κατὰ</span> <span class='ocrx_word' id='word_1_326' title='bbox 2699 535 2795 605; x_wconf 79' lang='grc' dir='ltr'><strong>τὴν</strong></span> <span class='ocrx_word' id='word_1_327' title='bbox 2819 534 3183 604; x_wconf 81' lang='grc' dir='ltr'>ἀποστολικὴν</span> <span class='ocrx_word' id='word_1_328' title='bbox 3206 533 3573 597; x_wconf 75' lang='grc' dir='ltr'><strong>διδασκαλίαν,</strong></span> <span class='ocrx_word' id='word_1_329' title='bbox 3588 531 3682 584; x_wconf 83' lang='grc' dir='ltr'><strong>τοῦ</strong></span> <span class='ocrx_word' id='word_1_330' title='bbox 3699 550 3759 587; x_wconf 83' lang='grc' dir='ltr'><strong>τε</strong></span> 
     </span>
    </p>
   </div>
   <div class='ocr_carea' id='block_1_50' title="bbox 2179 626 3759 699">
    <p class='ocr_par' dir='ltr' id='par_1_50' title="bbox 2179 626 3759 699">
     <span class='ocr_line' id='line_1_50' title="bbox 2179 626 3759 699; baseline 0.001 -20"><span class='ocrx_word' id='word_1_331' title='bbox 2179 629 2503 697; x_wconf 73' lang='grc' dir='ltr'><strong>φαινομένου</strong></span> <span class='ocrx_word' id='word_1_332' title='bbox 2556 628 2880 699; x_wconf 79' lang='grc' dir='ltr'>ἀνθρώπου,</span> <span class='ocrx_word' id='word_1_333' title='bbox 2932 629 3028 682; x_wconf 75' lang='grc' dir='ltr'><strong>καὶ</strong></span> <span class='ocrx_word' id='word_1_334' title='bbox 3083 626 3179 680; x_wconf 85' lang='grc' dir='ltr'><strong>τοῦ</strong></span> <span class='ocrx_word' id='word_1_335' title='bbox 3229 628 3651 699; x_wconf 75' lang='grc' dir='ltr'><strong>κεκρυμμένου⁹</strong></span> <span class='ocrx_word' id='word_1_336' title='bbox 3710 629 3759 681; x_wconf 77' lang='grc' dir='ltr'>εἰ</span> 
     </span>
    </p>
   </div>
   <div class='ocr_carea' id='block_1_51' title="bbox 2174 721 3761 792">
    <p class='ocr_par' dir='ltr' id='par_1_51' title="bbox 2174 721 3761 792">
     <span class='ocr_line' id='line_1_51' title="bbox 2174 721 3761 792; baseline 0.001 -20"><span class='ocrx_word' id='word_1_337' title='bbox 2174 722 2235 772; x_wconf 72' lang='grc' dir='ltr'>τὸ</span> <span class='ocrx_word' id='word_1_338' title='bbox 2269 722 2366 790; x_wconf 79' lang='grc' dir='ltr'><strong>μὲν</strong></span> <span class='ocrx_word' id='word_1_339' title='bbox 2409 722 2749 792; x_wconf 75' lang='grc' dir='ltr'><strong>προϋπάρχοι</strong></span> <span class='ocrx_word' id='word_1_340' title='bbox 2770 761 2784 784; x_wconf 89' lang='grc'><strong>,</strong></span> <span class='ocrx_word' id='word_1_341' title='bbox 2817 722 2881 775; x_wconf 80' lang='grc' dir='ltr'>τὸ</span> <span class='ocrx_word' id='word_1_342' title='bbox 2914 721 2971 773; x_wconf 83' lang='grc' dir='ltr'><strong>δέ</strong></span> <span class='ocrx_word' id='word_1_343' title='bbox 2998 721 3336 789; x_wconf 77' lang='grc' dir='ltr'><strong>ἐπιγένοιτο,</strong></span> <span class='ocrx_word' id='word_1_344' title='bbox 3370 721 3570 790; x_wconf 83' lang='grc' dir='ltr'>ἀτελής</span> <span class='ocrx_word' id='word_1_345' title='bbox 3601 737 3685 783; x_wconf 84' lang='grc' dir='ltr'><strong>τις</strong></span> <span class='ocrx_word' id='word_1_346' title='bbox 3726 722 3761 789; x_wconf 76' lang='grc' dir='ltr'><strong>ἡ</strong></span> 
     </span>
    </p>
   </div>
   <div class='ocr_carea' id='block_1_52' title="bbox 2176 809 3764 881">
    <p class='ocr_par' dir='ltr' id='par_1_52' title="bbox 2176 809 3764 881">
     <span class='ocr_line' id='line_1_52' title="bbox 2176 809 3764 881; baseline -0.001 -20"><span class='ocrx_word' id='word_1_347' title='bbox 2176 810 2269 862; x_wconf 83' lang='grc' dir='ltr'><strong>τοῦ</strong></span> <span class='ocrx_word' id='word_1_348' title='bbox 2305 811 2763 881; x_wconf 82' lang='grc' dir='ltr'>δημιουργοῦντος</span> <span class='ocrx_word' id='word_1_349' title='bbox 2805 810 3272 880; x_wconf 78' lang='grc' dir='ltr'><strong>ἀπελεγχθήσεται</strong></span> <span class='ocrx_word' id='word_1_350' title='bbox 3299 810 3554 879; x_wconf 80' lang='grc' dir='ltr'>δύναμις,</span> <span class='ocrx_word' id='word_1_351' title='bbox 3585 811 3647 863; x_wconf 76' lang='grc' dir='ltr'><strong>οὐ</strong></span> <span class='ocrx_word' id='word_1_352' title='bbox 3682 809 3764 878; x_wconf 72' lang='grc' dir='ltr'>τῷ</span> 
     </span>
    </p>
   </div>
   <div class='ocr_carea' id='block_1_53' title="bbox 2178 901 3761 973">
    <p class='ocr_par' dir='ltr' id='par_1_53' title="bbox 2178 901 3761 973">
     <span class='ocr_line' id='line_1_53' title="bbox 2178 901 3761 973; baseline 0.002 -23"><span class='ocrx_word' id='word_1_353' title='bbox 2178 904 2339 953; x_wconf 75' lang='grc' dir='ltr'>παντὶ</span> <span class='ocrx_word' id='word_1_354' title='bbox 2372 902 2510 955; x_wconf 80' lang='grc' dir='ltr'><strong>κατά</strong></span> <span class='ocrx_word' id='word_1_355' title='bbox 2536 902 2595 954; x_wconf 75' lang='grc' dir='ltr'>τὸ</span> <span class='ocrx_word' id='word_1_356' title='bbox 2636 902 2831 973; x_wconf 89' lang='grc' dir='ltr'>ἀθρόον</span> <span class='ocrx_word' id='word_1_357' title='bbox 2873 901 3197 972; x_wconf 78' lang='grc' dir='ltr'>ὲξαρκοῦσα,</span> <span class='ocrx_word' id='word_1_358' title='bbox 3228 901 3367 955; x_wconf 86' lang='grc' dir='ltr'><strong>ἀλλά</strong></span> <span class='ocrx_word' id='word_1_359' title='bbox 3402 901 3761 972; x_wconf 79' lang='grc' dir='ltr'><strong>διαιρουμένη</strong></span> 
     </span>
    </p>
   </div>
   <div class='ocr_carea' id='block_1_54' title="bbox 2176 993 3764 1065">
    <p class='ocr_par' dir='ltr' id='par_1_54' title="bbox 2176 993 3764 1065">
     <span class='ocr_line' id='line_1_54' title="bbox 2176 993 3764 1065; baseline 0 -20"><span class='ocrx_word' id='word_1_360' title='bbox 2176 993 2238 1045; x_wconf 79' lang='grc' dir='ltr'><strong>τὸ</strong></span> <span class='ocrx_word' id='word_1_361' title='bbox 2268 993 2427 1062; x_wconf 77' lang='grc' dir='ltr'>ἔργον</span> <span class='ocrx_word' id='word_1_362' title='bbox 2449 1033 2462 1057; x_wconf 92' lang='grc'><strong>,</strong></span> <span class='ocrx_word' id='word_1_363' title='bbox 2495 994 2589 1046; x_wconf 74' lang='grc' dir='ltr'><strong>καὶ</strong></span> <span class='ocrx_word' id='word_1_364' title='bbox 2623 994 2726 1047; x_wconf 84' lang='grc' dir='ltr'><strong>ἀνά</strong></span> <span class='ocrx_word' id='word_1_365' title='bbox 2769 994 2931 1065; x_wconf 81' lang='grc' dir='ltr'>μέρος</span> <span class='ocrx_word' id='word_1_366' title='bbox 2960 995 3087 1065; x_wconf 72' lang='grc' dir='ltr'>περὶ</span> <span class='ocrx_word' id='word_1_367' title='bbox 3113 995 3371 1065; x_wconf 78' lang='grc' dir='ltr'>ἑκάτερον</span> <span class='ocrx_word' id='word_1_368' title='bbox 3395 994 3504 1048; x_wconf 80' lang='grc' dir='ltr'><strong>τῶν</strong></span> <span class='ocrx_word' id='word_1_369' title='bbox 3529 996 3764 1063; x_wconf 75' lang='grc' dir='ltr'>ήμισευ-</span> 
     </span>
    </p>
   </div>
   <div class='ocr_carea' id='block_1_55' title="bbox 2183 1083 3763 1156">
    <p class='ocr_par' dir='ltr' id='par_1_55' title="bbox 2183 1083 3763 1156">
     <span class='ocr_line' id='line_1_55' title="bbox 2183 1083 3763 1156; baseline 0.001 -21"><span class='ocrx_word' id='word_1_370' title='bbox 2183 1085 2365 1154; x_wconf 87' lang='grc' dir='ltr'>μάτων</span> <span class='ocrx_word' id='word_1_371' title='bbox 2390 1084 2778 1153; x_wconf 71' lang='grc' dir='ltr'>ἀσχολουμένη.</span> <span class='ocrx_word' id='word_1_372' title='bbox 2832 1084 2969 1137; x_wconf 83' lang='grc' dir='ltr'>Ἀλλ’</span> <span class='ocrx_word' id='word_1_373' title='bbox 2996 1084 3184 1156; x_wconf 69' lang='grc' dir='ltr'>ὥσπερ</span> <span class='ocrx_word' id='word_1_374' title='bbox 3217 1086 3275 1137; x_wconf 74' lang='grc' dir='ltr'><strong>ἐν</strong></span> <span class='ocrx_word' id='word_1_375' title='bbox 3301 1083 3377 1153; x_wconf 83' lang='grc' dir='ltr'>τῷ</span> <span class='ocrx_word' id='word_1_376' title='bbox 3410 1084 3542 1154; x_wconf 80' lang='grc' dir='ltr'>σίτῳ</span> <span class='ocrx_word' id='word_1_377' title='bbox 3577 1083 3763 1153; x_wconf 78' lang='grc' dir='ltr'>φαμὲν</span> 
     </span>
    </p>
   </div>
   <div class='ocr_carea' id='block_1_56' title="bbox 2178 1175 3762 1248">
    <p class='ocr_par' dir='ltr' id='par_1_56' title="bbox 2178 1175 3762 1248">
     <span class='ocr_line' id='line_1_56' title="bbox 2178 1175 3762 1248; baseline -0.001 -21"><span class='ocrx_word' id='word_1_378' title='bbox 2178 1176 2210 1246; x_wconf 78' lang='grc' dir='ltr'>ἢ</span> <span class='ocrx_word' id='word_1_379' title='bbox 2259 1176 2316 1227; x_wconf 89' lang='grc' dir='ltr'><strong>ἐν</strong></span> <span class='ocrx_word' id='word_1_380' title='bbox 2365 1178 2538 1248; x_wconf 78' lang='grc' dir='ltr'>ἑτέρῳ</span> <span class='ocrx_word' id='word_1_381' title='bbox 2580 1176 2687 1229; x_wconf 77' lang='grc' dir='ltr'>τινὶ</span> <span class='ocrx_word' id='word_1_382' title='bbox 2735 1176 2846 1229; x_wconf 79' lang='grc' dir='ltr'><strong>τῶν</strong></span> <span class='ocrx_word' id='word_1_383' title='bbox 2893 1177 3242 1246; x_wconf 82' lang='grc' dir='ltr'>σπερμάτων,</span> <span class='ocrx_word' id='word_1_384' title='bbox 3281 1176 3428 1229; x_wconf 74' lang='grc' dir='ltr'>ἅπαν</span> <span class='ocrx_word' id='word_1_385' title='bbox 3476 1175 3762 1245; x_wconf 78' lang='grc' dir='ltr'>ἐμπεριει-</span> 
     </span>
    </p>
   </div>
   <div class='ocr_carea' id='block_1_57' title="bbox 2178 1262 3765 1338">
    <p class='ocr_par' dir='ltr' id='par_1_57' title="bbox 2178 1262 3765 1338">
     <span class='ocr_line' id='line_1_57' title="bbox 2178 1262 3765 1338; baseline 0 -20"><span class='ocrx_word' id='word_1_386' title='bbox 2178 1266 2378 1336; x_wconf 82' lang='grc' dir='ltr'>λῆφθαι</span> <span class='ocrx_word' id='word_1_387' title='bbox 2421 1270 2487 1338; x_wconf 84' lang='grc' dir='ltr'>τῇ</span> <span class='ocrx_word' id='word_1_388' title='bbox 2535 1267 2760 1336; x_wconf 76' lang='grc' dir='ltr'><strong>δυνάμει</strong></span> <span class='ocrx_word' id='word_1_389' title='bbox 2804 1268 2863 1318; x_wconf 86' lang='grc' dir='ltr'><strong>τὸ</strong></span> <span class='ocrx_word' id='word_1_390' title='bbox 2892 1266 3033 1319; x_wconf 81' lang='grc' dir='ltr'>κατά</span> <span class='ocrx_word' id='word_1_391' title='bbox 3076 1267 3167 1320; x_wconf 85' lang='grc' dir='ltr'><strong>τὸν</strong></span> <span class='ocrx_word' id='word_1_392' title='bbox 3211 1266 3411 1337; x_wconf 89' lang='grc' dir='ltr'>στάχυν</span> <span class='ocrx_word' id='word_1_393' title='bbox 3457 1262 3637 1330; x_wconf 77' lang='grc' dir='ltr'>εἶδος,</span> <span class='ocrx_word' id='word_1_394' title='bbox 3670 1265 3765 1319; x_wconf 76' lang='grc' dir='ltr'>τὸν</span> 
     </span>
    </p>
   </div>
   <div class='ocr_carea' id='block_1_58' title="bbox 2180 1359 3764 1432">
    <p class='ocr_par' dir='ltr' id='par_1_58' title="bbox 2180 1359 3764 1432">
     <span class='ocr_line' id='line_1_58' title="bbox 2180 1359 3764 1432; baseline 0.001 -21"><span class='ocrx_word' id='word_1_395' title='bbox 2180 1359 2390 1428; x_wconf 80' lang='grc' dir='ltr'><strong>χόρτον,</strong></span> <span class='ocrx_word' id='word_1_396' title='bbox 2419 1360 2516 1429; x_wconf 76' lang='grc' dir='ltr'>τὴν</span> <span class='ocrx_word' id='word_1_397' title='bbox 2537 1360 2808 1429; x_wconf 75' lang='grc' dir='ltr'><strong>καλάμην,</strong></span> <span class='ocrx_word' id='word_1_398' title='bbox 2837 1359 2935 1422; x_wconf 73' lang='grc' dir='ltr'><strong>τὰς</strong></span> <span class='ocrx_word' id='word_1_399' title='bbox 2963 1360 3052 1412; x_wconf 74' lang='grc' dir='ltr'><strong>διὰ</strong></span> <span class='ocrx_word' id='word_1_400' title='bbox 3084 1360 3247 1430; x_wconf 87' lang='grc' dir='ltr'>μέσου</span> <span class='ocrx_word' id='word_1_401' title='bbox 3277 1359 3472 1423; x_wconf 77' lang='grc' dir='ltr'>ζώνας,</span> <span class='ocrx_word' id='word_1_402' title='bbox 3496 1359 3589 1413; x_wconf 80' lang='grc' dir='ltr'>τὸν</span> <span class='ocrx_word' id='word_1_403' title='bbox 3622 1376 3764 1432; x_wconf 82' lang='grc' dir='ltr'>καρ-</span> 
     </span>
    </p>
   </div>
   <div class='ocr_carea' id='block_1_59' title="bbox 2181 1450 3764 1521">
    <p class='ocr_par' dir='ltr' id='par_1_59' title="bbox 2181 1450 3764 1521">
     <span class='ocr_line' id='line_1_59' title="bbox 2181 1450 3764 1521; baseline 0.001 -19"><span class='ocrx_word' id='word_1_404' title='bbox 2181 1450 2301 1513; x_wconf 83' lang='grc' dir='ltr'>πὸν,</span> <span class='ocrx_word' id='word_1_405' title='bbox 2346 1451 2472 1511; x_wconf 78' lang='grc' dir='ltr'>τοὺς</span> <span class='ocrx_word' id='word_1_406' title='bbox 2521 1450 2838 1521; x_wconf 80' lang='grc' dir='ltr'>ἀνθέρικας,</span> <span class='ocrx_word' id='word_1_407' title='bbox 2890 1450 2983 1503; x_wconf 72' lang='grc' dir='ltr'><strong>καὶ</strong></span> <span class='ocrx_word' id='word_1_408' title='bbox 3030 1450 3182 1504; x_wconf 79' lang='grc' dir='ltr'>οὐδὲν</span> <span class='ocrx_word' id='word_1_409' title='bbox 3215 1450 3418 1504; x_wconf 80' lang='grc' dir='ltr'>τούτων</span> <span class='ocrx_word' id='word_1_410' title='bbox 3466 1451 3525 1504; x_wconf 83' lang='grc' dir='ltr'><strong>ἐν</strong></span> <span class='ocrx_word' id='word_1_411' title='bbox 3552 1450 3636 1520; x_wconf 83' lang='grc' dir='ltr'>τῷ</span> <span class='ocrx_word' id='word_1_412' title='bbox 3661 1452 3764 1520; x_wconf 86' lang='grc' dir='ltr'><strong>τῆς</strong></span> 
     </span>
    </p>
   </div>
   <div class='ocr_carea' id='block_1_60' title="bbox 2182 1537 3762 1611">
    <p class='ocr_par' dir='ltr' id='par_1_60' title="bbox 2182 1537 3762 1611">
     <span class='ocr_line' id='line_1_60' title="bbox 2182 1537 3762 1611; baseline 0.003 -22"><span class='ocrx_word' id='word_1_413' title='bbox 2182 1537 2395 1605; x_wconf 82' lang='grc' dir='ltr'>φύσεως</span> <span class='ocrx_word' id='word_1_414' title='bbox 2435 1538 2575 1609; x_wconf 81' lang='grc' dir='ltr'>λόγῳ</span> <span class='ocrx_word' id='word_1_415' title='bbox 2612 1539 3005 1608; x_wconf 72' lang='grc' dir='ltr'>προϋπάρχειν,</span> <span class='ocrx_word' id='word_1_416' title='bbox 3040 1540 3073 1609; x_wconf 78' lang='grc' dir='ltr'>ἢ</span> <span class='ocrx_word' id='word_1_417' title='bbox 3103 1540 3455 1610; x_wconf 85' lang='grc' dir='ltr'>προγίνεσθαί</span> <span class='ocrx_word' id='word_1_418' title='bbox 3479 1557 3662 1610; x_wconf 82' lang='grc' dir='ltr'>φαμεν</span> <span class='ocrx_word' id='word_1_419' title='bbox 3696 1544 3762 1611; x_wconf 81' lang='grc' dir='ltr'>τῇ</span> 
     </span>
    </p>
   </div>
   <div class='ocr_carea' id='block_1_61' title="bbox 2183 1628 3767 1702">
    <p class='ocr_par' dir='ltr' id='par_1_61' title="bbox 2183 1628 3767 1702">
     <span class='ocr_line' id='line_1_61' title="bbox 2183 1628 3767 1702; baseline 0.001 -21"><span class='ocrx_word' id='word_1_420' title='bbox 2183 1628 2341 1697; x_wconf 81' lang='grc' dir='ltr'>φύσει</span> <span class='ocrx_word' id='word_1_421' title='bbox 2382 1630 2476 1682; x_wconf 77' lang='grc' dir='ltr'><strong>τοῦ</strong></span> <span class='ocrx_word' id='word_1_422' title='bbox 2513 1630 2853 1700; x_wconf 81' lang='grc' dir='ltr'>σπέρματος,</span> <span class='ocrx_word' id='word_1_423' title='bbox 2886 1631 3022 1684; x_wconf 77' lang='grc' dir='ltr'>ἀλλὰ</span> <span class='ocrx_word' id='word_1_424' title='bbox 3059 1632 3209 1696; x_wconf 80' lang='grc' dir='ltr'>τάξει</span> <span class='ocrx_word' id='word_1_425' title='bbox 3264 1631 3363 1701; x_wconf 78' lang='grc' dir='ltr'><strong>μέν</strong></span> <span class='ocrx_word' id='word_1_426' title='bbox 3414 1649 3522 1685; x_wconf 87' lang='grc' dir='ltr'>τινι</span> <span class='ocrx_word' id='word_1_427' title='bbox 3556 1634 3767 1702; x_wconf 79' lang='grc' dir='ltr'><strong>φυσικῇ</strong></span> 
     </span>
    </p>
   </div>
   <div class='ocr_carea' id='block_1_62' title="bbox 2180 1722 3769 1794">
    <p class='ocr_par' dir='ltr' id='par_1_62' title="bbox 2180 1722 3769 1794">
     <span class='ocr_line' id='line_1_62' title="bbox 2180 1722 3769 1794; baseline 0.001 -20"><span class='ocrx_word' id='word_1_428' title='bbox 2180 1722 2277 1792; x_wconf 82' lang='grc' dir='ltr'>τὴν</span> <span class='ocrx_word' id='word_1_429' title='bbox 2317 1723 2643 1794; x_wconf 86' lang='grc' dir='ltr'>ὲγκειμένην</span> <span class='ocrx_word' id='word_1_430' title='bbox 2675 1723 2752 1793; x_wconf 81' lang='grc' dir='ltr'><strong>τῷ</strong></span> <span class='ocrx_word' id='word_1_431' title='bbox 2797 1723 3073 1794; x_wconf 81' lang='grc' dir='ltr'>σπέρματι</span> <span class='ocrx_word' id='word_1_432' title='bbox 3103 1723 3333 1793; x_wconf 83' lang='grc' dir='ltr'>δύναμιν</span> <span class='ocrx_word' id='word_1_433' title='bbox 3365 1722 3769 1793; x_wconf 84' lang='grc' dir='ltr'>φανεροῦσθαι,</span> 
     </span>
    </p>
   </div>
   <div class='ocr_carea' id='block_1_63' title="bbox 2184 1809 3771 1882">
    <p class='ocr_par' dir='ltr' id='par_1_63' title="bbox 2184 1809 3771 1882">
     <span class='ocr_line' id='line_1_63' title="bbox 2184 1809 3771 1882; baseline 0.003 -23"><span class='ocrx_word' id='word_1_434' title='bbox 2184 1810 2245 1860; x_wconf 81' lang='grc' dir='ltr'><strong>οὺ</strong></span> <span class='ocrx_word' id='word_1_435' title='bbox 2275 1809 2377 1879; x_wconf 86' lang='grc' dir='ltr'><strong>μὴν</strong></span> <span class='ocrx_word' id='word_1_436' title='bbox 2401 1811 2589 1880; x_wconf 77' lang='grc' dir='ltr'>ἑτέραν</span> <span class='ocrx_word' id='word_1_437' title='bbox 2619 1811 3055 1882; x_wconf 74' lang='grc' dir='ltr'>ἐπεισκρίνεσθαι</span> <span class='ocrx_word' id='word_1_438' title='bbox 3091 1812 3253 1881; x_wconf 84' lang='grc' dir='ltr'>φύσιν</span> <span class='ocrx_word' id='word_1_439' title='bbox 3281 1830 3294 1845; x_wconf 89' lang='grc'><strong>·</strong></span> <span class='ocrx_word' id='word_1_440' title='bbox 3320 1812 3462 1866; x_wconf 82' lang='grc' dir='ltr'><strong>κατά</strong></span> <span class='ocrx_word' id='word_1_441' title='bbox 3490 1814 3583 1866; x_wconf 81' lang='grc' dir='ltr'><strong>τὸν</strong></span> <span class='ocrx_word' id='word_1_442' title='bbox 3604 1812 3771 1866; x_wconf 78' lang='grc' dir='ltr'>αὑτὸν</span> 
     </span>
    </p>
   </div>
   <div class='ocr_carea' id='block_1_64' title="bbox 2186 1900 3772 1974">
    <p class='ocr_par' dir='ltr' id='par_1_64' title="bbox 2186 1900 3772 1974">
     <span class='ocr_line' id='line_1_64' title="bbox 2186 1900 3772 1974; baseline 0.001 -22"><span class='ocrx_word' id='word_1_443' title='bbox 2186 1900 2339 1968; x_wconf 86' lang='grc' dir='ltr'>λόγον</span> <span class='ocrx_word' id='word_1_444' title='bbox 2394 1902 2488 1953; x_wconf 76' lang='grc' dir='ltr'><strong>καὶ</strong></span> <span class='ocrx_word' id='word_1_445' title='bbox 2541 1902 2640 1971; x_wconf 80' lang='grc' dir='ltr'>τὴν</span> <span class='ocrx_word' id='word_1_446' title='bbox 2695 1900 3043 1972; x_wconf 77' lang='grc' dir='ltr'>ἀνθρωπίνην</span> <span class='ocrx_word' id='word_1_447' title='bbox 3105 1902 3315 1974; x_wconf 87' lang='grc' dir='ltr'>σποράν</span> <span class='ocrx_word' id='word_1_448' title='bbox 3383 1902 3772 1973; x_wconf 77' lang='grc' dir='ltr'>ὑπειλήφαμεν</span> 
     </span>
    </p>
   </div>
   <div class='ocr_carea' id='block_1_65' title="bbox 2187 1990 3771 2063">
    <p class='ocr_par' dir='ltr' id='par_1_65' title="bbox 2187 1990 3771 2063">
     <span class='ocr_line' id='line_1_65' title="bbox 2187 1990 3771 2063; baseline 0.002 -21"><span class='ocrx_word' id='word_1_449' title='bbox 2187 1991 2330 2059; x_wconf 77' lang='grc' dir='ltr'>ἔχειν</span> <span class='ocrx_word' id='word_1_450' title='bbox 2353 1991 2409 2042; x_wconf 83' lang='grc' dir='ltr'><strong>ἐν</strong></span> <span class='ocrx_word' id='word_1_451' title='bbox 2437 1994 2501 2060; x_wconf 75' lang='grc' dir='ltr'>τῇ</span> <span class='ocrx_word' id='word_1_452' title='bbox 2526 1990 2711 2061; x_wconf 75' lang='grc' dir='ltr'>πρώτῃ</span> <span class='ocrx_word' id='word_1_453' title='bbox 2732 1992 2828 2061; x_wconf 81' lang='grc' dir='ltr'><strong>τῆς</strong></span> <span class='ocrx_word' id='word_1_454' title='bbox 2860 1992 3175 2055; x_wconf 77' lang='grc' dir='ltr'>συστάσεως</span> <span class='ocrx_word' id='word_1_455' title='bbox 3204 1993 3426 2063; x_wconf 80' lang='grc' dir='ltr'>ἀφορμῇ</span> <span class='ocrx_word' id='word_1_456' title='bbox 3456 2009 3771 2063; x_wconf 82' lang='grc' dir='ltr'>συνεσπαρο</span> 
     </span>
    </p>
   </div>
   <div class='ocr_carea' id='block_1_66' title="bbox 2191 2080 3770 2154">
    <p class='ocr_par' dir='ltr' id='par_1_66' title="bbox 2191 2080 3770 2154">
     <span class='ocr_line' id='line_1_66' title="bbox 2191 2080 3770 2154; baseline 0.001 -21"><span class='ocrx_word' id='word_1_457' title='bbox 2191 2082 2356 2151; x_wconf 86' lang='grc' dir='ltr'>μένην</span> <span class='ocrx_word' id='word_1_458' title='bbox 2390 2080 2486 2150; x_wconf 76' lang='grc' dir='ltr'><strong>τὴν</strong></span> <span class='ocrx_word' id='word_1_459' title='bbox 2535 2083 2627 2151; x_wconf 86' lang='grc' dir='ltr'><strong>τῆς</strong></span> <span class='ocrx_word' id='word_1_460' title='bbox 2676 2083 2888 2151; x_wconf 81' lang='grc' dir='ltr'>φύσεως</span> <span class='ocrx_word' id='word_1_461' title='bbox 2936 2083 3188 2154; x_wconf 76' lang='grc' dir='ltr'>δύναμιν.</span> <span class='ocrx_word' id='word_1_462' title='bbox 3249 2082 3651 2147; x_wconf 81' lang='grc' dir='ltr'>Ἐξαπλοῦσθαι</span> <span class='ocrx_word' id='word_1_463' title='bbox 3713 2082 3770 2135; x_wconf 79' lang='grc' dir='ltr'>δὲ</span> 
     </span>
    </p>
   </div>
   <div class='ocr_carea' id='block_1_67' title="bbox 2187 2174 3772 2246">
    <p class='ocr_par' dir='ltr' id='par_1_67' title="bbox 2187 2174 3772 2246">
     <span class='ocr_line' id='line_1_67' title="bbox 2187 2174 3772 2246; baseline 0.002 -21"><span class='ocrx_word' id='word_1_464' title='bbox 2187 2175 2281 2227; x_wconf 78' lang='grc' dir='ltr'><strong>καὶ</strong></span> <span class='ocrx_word' id='word_1_465' title='bbox 2312 2174 2672 2245; x_wconf 82' lang='grc' dir='ltr'>φανεροῦσθαι</span> <span class='ocrx_word' id='word_1_466' title='bbox 2717 2174 2804 2230; x_wconf 85' lang='grc' dir='ltr'>διά</span> <span class='ocrx_word' id='word_1_467' title='bbox 2831 2193 2975 2240; x_wconf 86' lang='grc' dir='ltr'>τινος</span> <span class='ocrx_word' id='word_1_468' title='bbox 3019 2177 3254 2245; x_wconf 80' lang='grc' dir='ltr'><strong>φυσικῆς</strong></span> <span class='ocrx_word' id='word_1_469' title='bbox 3284 2175 3608 2239; x_wconf 79' lang='grc' dir='ltr'>ἀκολουθίας</span> <span class='ocrx_word' id='word_1_470' title='bbox 3637 2175 3772 2246; x_wconf 74' lang='grc' dir='ltr'>πρὸς</span> 
     </span>
    </p>
   </div>
   <div class='ocr_carea' id='block_1_68' title="bbox 2189 2264 3775 2337">
    <p class='ocr_par' dir='ltr' id='par_1_68' title="bbox 2189 2264 3775 2337">
     <span class='ocr_line' id='line_1_68' title="bbox 2189 2264 3775 2337; baseline 0.001 -22"><span class='ocrx_word' id='word_1_471' title='bbox 2189 2265 2249 2315; x_wconf 78' lang='grc' dir='ltr'><strong>τὸ</strong></span> <span class='ocrx_word' id='word_1_472' title='bbox 2300 2264 2501 2317; x_wconf 84' lang='grc' dir='ltr'>τέλειον</span> <span class='ocrx_word' id='word_1_473' title='bbox 2551 2264 2877 2335; x_wconf 76' lang='grc' dir='ltr'>προϊοῦσαν,</span> <span class='ocrx_word' id='word_1_474' title='bbox 2921 2268 2980 2319; x_wconf 75' lang='grc' dir='ltr'><strong>οὐ</strong></span> <span class='ocrx_word' id='word_1_475' title='bbox 3019 2265 3541 2337; x_wconf 79' lang='grc' dir='ltr'>προσλαμϐάνουσάν</span> <span class='ocrx_word' id='word_1_476' title='bbox 3579 2284 3633 2318; x_wconf 88' lang='grc' dir='ltr'><strong>τι</strong></span> <span class='ocrx_word' id='word_1_477' title='bbox 3664 2264 3775 2317; x_wconf 77' lang='grc' dir='ltr'><strong>τῶν</strong></span> 
     </span>
    </p>
   </div>
   <div class='ocr_carea' id='block_1_69' title="bbox 2188 2354 3775 2425">
    <p class='ocr_par' dir='ltr' id='par_1_69' title="bbox 2188 2354 3775 2425">
     <span class='ocr_line' id='line_1_69' title="bbox 2188 2354 3775 2425; baseline 0.001 -21"><span class='ocrx_word' id='word_1_478' title='bbox 2188 2354 2385 2418; x_wconf 74' lang='grc' dir='ltr'>ἔξωθεν</span> <span class='ocrx_word' id='word_1_479' title='bbox 2417 2356 2495 2417; x_wconf 83' lang='grc' dir='ltr'>εἰς</span> <span class='ocrx_word' id='word_1_480' title='bbox 2535 2355 2787 2425; x_wconf 78' lang='grc' dir='ltr'>ἀφορμὴν</span> <span class='ocrx_word' id='word_1_481' title='bbox 2818 2354 3179 2419; x_wconf 75' lang='grc' dir='ltr'>τελειώσεωςο</span> <span class='ocrx_word' id='word_1_482' title='bbox 3208 2356 3323 2409; x_wconf 81' lang='grc' dir='ltr'>ἀλλ’</span> <span class='ocrx_word' id='word_1_483' title='bbox 3372 2355 3572 2425; x_wconf 75' lang='grc' dir='ltr'>ἑαυτὴν</span> <span class='ocrx_word' id='word_1_484' title='bbox 3603 2356 3685 2418; x_wconf 80' lang='grc' dir='ltr'><strong>εἰς</strong></span> <span class='ocrx_word' id='word_1_485' title='bbox 3715 2354 3775 2405; x_wconf 76' lang='grc' dir='ltr'><strong>τὸ</strong></span> 
     </span>
    </p>
   </div>
   <div class='ocr_carea' id='block_1_70' title="bbox 2194 2444 3773 2517">
    <p class='ocr_par' dir='ltr' id='par_1_70' title="bbox 2194 2444 3773 2517">
     <span class='ocr_line' id='line_1_70' title="bbox 2194 2444 3773 2517; baseline -0.002 -20"><span class='ocrx_word' id='word_1_486' title='bbox 2194 2445 2396 2497; x_wconf 84' lang='grc' dir='ltr'>τέλειον</span> <span class='ocrx_word' id='word_1_487' title='bbox 2425 2444 2489 2499; x_wconf 83' lang='grc' dir='ltr'>δι’</span> <span class='ocrx_word' id='word_1_488' title='bbox 2518 2446 2837 2509; x_wconf 79' lang='grc' dir='ltr'>ἀκολουθίας</span> <span class='ocrx_word' id='word_1_489' title='bbox 2880 2447 3244 2517; x_wconf 81' lang='grc' dir='ltr'>προάγουσαν.</span> <span class='ocrx_word' id='word_1_490' title='bbox 3297 2446 3384 2510; x_wconf 82' lang='grc' dir='ltr'>Ὠς</span> <span class='ocrx_word' id='word_1_491' title='bbox 3417 2446 3555 2515; x_wconf 78' lang='grc' dir='ltr'>μήτε</span> <span class='ocrx_word' id='word_1_492' title='bbox 3590 2445 3773 2514; x_wconf 66' lang='grc' dir='ltr'>ψυχὴν</span> 
     </span>
    </p>
   </div>
   <div class='ocr_carea' id='block_1_71' title="bbox 2191 2536 3773 2609">
    <p class='ocr_par' dir='ltr' id='par_1_71' title="bbox 2191 2536 3773 2609">
     <span class='ocr_line' id='line_1_71' title="bbox 2191 2536 3773 2609; baseline -0.002 -20"><span class='ocrx_word' id='word_1_493' title='bbox 2191 2538 2296 2606; x_wconf 77' lang='grc' dir='ltr'><strong>πρὸ</strong></span> <span class='ocrx_word' id='word_1_494' title='bbox 2320 2536 2413 2590; x_wconf 85' lang='grc' dir='ltr'><strong>τοῦ</strong></span> <span class='ocrx_word' id='word_1_495' title='bbox 2445 2536 2712 2607; x_wconf 82' lang='grc' dir='ltr'>σώματος,</span> <span class='ocrx_word' id='word_1_496' title='bbox 2746 2539 2883 2608; x_wconf 82' lang='grc' dir='ltr'>μήτε</span> <span class='ocrx_word' id='word_1_497' title='bbox 2905 2539 3073 2609; x_wconf 71' lang='grc' dir='ltr'>χωρὶς</span> <span class='ocrx_word' id='word_1_498' title='bbox 3097 2538 3272 2609; x_wconf 74' lang='grc' dir='ltr'>ψυχῆς</span> <span class='ocrx_word' id='word_1_499' title='bbox 3294 2537 3357 2591; x_wconf 76' lang='grc' dir='ltr'><strong>τὸ</strong></span> <span class='ocrx_word' id='word_1_500' title='bbox 3388 2536 3548 2607; x_wconf 83' lang='grc' dir='ltr'>σῶμα</span> <span class='ocrx_word' id='word_1_501' title='bbox 3574 2536 3773 2605; x_wconf 83' lang='grc' dir='ltr'>ἀληθὲς</span> 
     </span>
    </p>
   </div>
   <div class='ocr_carea' id='block_1_72' title="bbox 2191 2623 3774 2699">
    <p class='ocr_par' dir='ltr' id='par_1_72' title="bbox 2191 2623 3774 2699">
     <span class='ocr_line' id='line_1_72' title="bbox 2191 2623 3774 2699; baseline -0.001 -20"><span class='ocrx_word' id='word_1_502' title='bbox 2191 2623 2329 2680; x_wconf 75' lang='grc' dir='ltr'>εἶναι</span> <span class='ocrx_word' id='word_1_503' title='bbox 2357 2627 2555 2695; x_wconf 82' lang='grc' dir='ltr'>λέγειν,</span> <span class='ocrx_word' id='word_1_504' title='bbox 2583 2628 2718 2682; x_wconf 84' lang='grc' dir='ltr'><strong>ἀλλά</strong></span> <span class='ocrx_word' id='word_1_505' title='bbox 2751 2628 2879 2698; x_wconf 84' lang='grc' dir='ltr'>μίαν</span> <span class='ocrx_word' id='word_1_506' title='bbox 2906 2630 3229 2699; x_wconf 74' lang='grc' dir='ltr'>ἀμφοτέρων</span> <span class='ocrx_word' id='word_1_507' title='bbox 3259 2628 3454 2699; x_wconf 83' lang='grc' dir='ltr'>ἀρχὴν,</span> <span class='ocrx_word' id='word_1_508' title='bbox 3493 2628 3640 2680; x_wconf 78' lang='grc' dir='ltr'><strong>κατά</strong></span> <span class='ocrx_word' id='word_1_509' title='bbox 3676 2627 3774 2694; x_wconf 84' lang='grc' dir='ltr'>μὲν</span> 
     </span>
    </p>
   </div>
   <div class='ocr_carea' id='block_1_73' title="bbox 2191 2716 3775 2790">
    <p class='ocr_par' dir='ltr' id='par_1_73' title="bbox 2191 2716 3775 2790">
     <span class='ocr_line' id='line_1_73' title="bbox 2191 2716 3775 2790; baseline -0.003 -18"><span class='ocrx_word' id='word_1_510' title='bbox 2191 2720 2279 2772; x_wconf 83' lang='grc' dir='ltr'><strong>τὸν</strong></span> <span class='ocrx_word' id='word_1_511' title='bbox 2307 2718 2636 2790; x_wconf 67' lang='grc' dir='ltr'>ὑψηλότερον</span> <span class='ocrx_word' id='word_1_512' title='bbox 2661 2720 2837 2788; x_wconf 87' lang='grc' dir='ltr'>λόγον,</span> <span class='ocrx_word' id='word_1_513' title='bbox 2865 2721 2923 2772; x_wconf 89' lang='grc' dir='ltr'><strong>ἐν</strong></span> <span class='ocrx_word' id='word_1_514' title='bbox 2961 2719 3037 2790; x_wconf 81' lang='grc' dir='ltr'>τῷ</span> <span class='ocrx_word' id='word_1_515' title='bbox 3069 2720 3269 2790; x_wconf 81' lang='grc' dir='ltr'>πρώτῳ</span> <span class='ocrx_word' id='word_1_516' title='bbox 3295 2719 3389 2773; x_wconf 84' lang='grc' dir='ltr'><strong>τοῦ</strong></span> <span class='ocrx_word' id='word_1_517' title='bbox 3416 2718 3555 2771; x_wconf 82' lang='grc' dir='ltr'>Θεοῦ</span> <span class='ocrx_word' id='word_1_518' title='bbox 3581 2716 3775 2787; x_wconf 81' lang='grc' dir='ltr'>βουλή-</span> 
     </span>
    </p>
   </div>
   <div class='ocr_carea' id='block_1_74' title="bbox 2194 2809 3775 2881">
    <p class='ocr_par' dir='ltr' id='par_1_74' title="bbox 2194 2809 3775 2881">
     <span class='ocr_line' id='line_1_74' title="bbox 2194 2809 3775 2881; baseline -0.003 -18"><span class='ocrx_word' id='word_1_519' title='bbox 2194 2828 2321 2880; x_wconf 87' lang='grc' dir='ltr'>ματι</span> <span class='ocrx_word' id='word_1_520' title='bbox 2371 2809 2802 2881; x_wconf 78' lang='grc' dir='ltr'>καταϐληθεϊσαν</span> <span class='ocrx_word' id='word_1_521' title='bbox 2823 2850 2837 2874; x_wconf 90' lang='grc'><strong>,</strong></span> <span class='ocrx_word' id='word_1_522' title='bbox 2891 2810 3032 2864; x_wconf 81' lang='grc' dir='ltr'>κατά</span> <span class='ocrx_word' id='word_1_523' title='bbox 3067 2810 3123 2863; x_wconf 85' lang='grc' dir='ltr'><strong>δέ</strong></span> <span class='ocrx_word' id='word_1_524' title='bbox 3172 2810 3262 2863; x_wconf 83' lang='grc' dir='ltr'><strong>τὸν</strong></span> <span class='ocrx_word' id='word_1_525' title='bbox 3294 2810 3481 2880; x_wconf 75' lang='grc' dir='ltr'>ἕτερον</span> <span class='ocrx_word' id='word_1_526' title='bbox 3504 2849 3519 2873; x_wconf 91' lang='grc'><strong>,</strong></span> <span class='ocrx_word' id='word_1_527' title='bbox 3552 2810 3612 2861; x_wconf 75' lang='grc' dir='ltr'><strong>ἐν</strong></span> <span class='ocrx_word' id='word_1_528' title='bbox 3654 2809 3775 2868; x_wconf 75' lang='grc' dir='ltr'>ταῖς</span> 
     </span>
    </p>
   </div>
   <div class='ocr_carea' id='block_1_75' title="bbox 2189 2898 3775 2971">
    <p class='ocr_par' dir='ltr' id='par_1_75' title="bbox 2189 2898 3775 2971">
     <span class='ocr_line' id='line_1_75' title="bbox 2189 2898 3775 2971; baseline -0.004 -18"><span class='ocrx_word' id='word_1_529' title='bbox 2189 2900 2289 2969; x_wconf 84' lang='grc' dir='ltr'><strong>τῆς</strong></span> <span class='ocrx_word' id='word_1_530' title='bbox 2337 2901 2600 2968; x_wconf 87' lang='grc' dir='ltr'>γενέσεως</span> <span class='ocrx_word' id='word_1_531' title='bbox 2638 2901 2915 2971; x_wconf 80' lang='grc' dir='ltr'>ἀφορμαῖς</span> <span class='ocrx_word' id='word_1_532' title='bbox 2950 2899 3363 2970; x_wconf 82' lang='grc' dir='ltr'>συνισταμένην.</span> <span class='ocrx_word' id='word_1_533' title='bbox 3412 2900 3501 2960; x_wconf 78' lang='grc' dir='ltr'>Ὠς</span> <span class='ocrx_word' id='word_1_534' title='bbox 3535 2898 3649 2969; x_wconf 77' lang='grc' dir='ltr'><strong>γάρ</strong></span> <span class='ocrx_word' id='word_1_535' title='bbox 3679 2898 3775 2949; x_wconf 70' lang='grc' dir='ltr'>οὐκ</span> 
     </span>
    </p>
   </div>
   <div class='ocr_carea' id='block_1_76' title="bbox 2192 2989 3777 3064">
    <p class='ocr_par' dir='ltr' id='par_1_76' title="bbox 2192 2989 3777 3064">
     <span class='ocr_line' id='line_1_76' title="bbox 2192 2989 3777 3064; baseline -0.003 -20"><span class='ocrx_word' id='word_1_536' title='bbox 2192 2992 2306 3044; x_wconf 76' lang='grc' dir='ltr'>ἐστι</span> <span class='ocrx_word' id='word_1_537' title='bbox 2339 2993 2436 3062; x_wconf 82' lang='grc' dir='ltr'><strong>τὴν</strong></span> <span class='ocrx_word' id='word_1_538' title='bbox 2462 2992 2603 3047; x_wconf 86' lang='grc' dir='ltr'><strong>κατά</strong></span> <span class='ocrx_word' id='word_1_539' title='bbox 2636 2992 2771 3062; x_wconf 84' lang='grc' dir='ltr'>μέλη</span> <span class='ocrx_word' id='word_1_540' title='bbox 2815 2991 3143 3064; x_wconf 79' lang='grc' dir='ltr'>διάρθρωσιν</span> <span class='ocrx_word' id='word_1_541' title='bbox 3188 2991 3379 3044; x_wconf 78' lang='grc' dir='ltr'>ἐνιδεῖν</span> <span class='ocrx_word' id='word_1_542' title='bbox 3409 2989 3489 3059; x_wconf 80' lang='grc' dir='ltr'>τῷ</span> <span class='ocrx_word' id='word_1_543' title='bbox 3518 2990 3657 3061; x_wconf 77' lang='grc' dir='ltr'>πρὸς</span> <span class='ocrx_word' id='word_1_544' title='bbox 3681 2990 3777 3058; x_wconf 76' lang='grc' dir='ltr'><strong>τὴν</strong></span> 
     </span>
    </p>
   </div>
   <div class='ocr_carea' id='block_1_77' title="bbox 2115 3082 3775 3174">
    <p class='ocr_par' dir='ltr' id='par_1_77' title="bbox 2115 3082 3775 3174">
     <span class='ocr_line' id='line_1_77' title="bbox 2115 3082 3775 3174; baseline 0.002 -39"><span class='ocrx_word' id='word_1_545' title='bbox 2115 3115 2158 3174; x_wconf 79' lang='lat' dir='ltr'><strong><em>C</em></strong></span> <span class='ocrx_word' id='word_1_546' title='bbox 2196 3083 2459 3174; x_wconf 70' lang='grc' dir='ltr'>σύλληψιν</span> <span class='ocrx_word' id='word_1_547' title='bbox 2493 3083 2586 3136; x_wconf 85' lang='grc' dir='ltr'><strong>τοῦ</strong></span> <span class='ocrx_word' id='word_1_548' title='bbox 2635 3082 2883 3154; x_wconf 83' lang='grc' dir='ltr'>σώματος</span> <span class='ocrx_word' id='word_1_549' title='bbox 2921 3084 3245 3155; x_wconf 84' lang='grc' dir='ltr'>ἐντιθεμένῳ</span> <span class='ocrx_word' id='word_1_550' title='bbox 3287 3084 3392 3155; x_wconf 83' lang='grc' dir='ltr'><strong>πρὸ</strong></span> <span class='ocrx_word' id='word_1_551' title='bbox 3423 3086 3523 3155; x_wconf 82' lang='grc' dir='ltr'><strong>τῆς</strong></span> <span class='ocrx_word' id='word_1_552' title='bbox 3551 3084 3775 3139; x_wconf 81' lang='grc' dir='ltr'>διαπλά·</span> 
     </span>
    </p>
   </div>
   <div class='ocr_carea' id='block_1_78' title="bbox 2194 3172 3777 3247">
    <p class='ocr_par' dir='ltr' id='par_1_78' title="bbox 2194 3172 3777 3247">
     <span class='ocr_line' id='line_1_78' title="bbox 2194 3172 3777 3247; baseline 0 -22"><span class='ocrx_word' id='word_1_553' title='bbox 2194 3188 2363 3237; x_wconf 81' lang='grc' dir='ltr'>σεως’</span> <span class='ocrx_word' id='word_1_554' title='bbox 2406 3172 2578 3237; x_wconf 73' lang='grc' dir='ltr'>οὕτως</span> <span class='ocrx_word' id='word_1_555' title='bbox 2612 3175 2733 3228; x_wconf 76' lang='grc' dir='ltr'><strong>οὐδὲ</strong></span> <span class='ocrx_word' id='word_1_556' title='bbox 2759 3174 2870 3238; x_wconf 74' lang='grc' dir='ltr'>’τὰς</span> <span class='ocrx_word' id='word_1_557' title='bbox 2918 3175 3018 3247; x_wconf 85' lang='grc' dir='ltr'><strong>τῆς</strong></span> <span class='ocrx_word' id='word_1_558' title='bbox 3058 3175 3234 3246; x_wconf 73' lang='grc' dir='ltr'>ψυχῆς</span> <span class='ocrx_word' id='word_1_559' title='bbox 3290 3175 3557 3243; x_wconf 80' lang='grc' dir='ltr'>ἰδιότητας</span> <span class='ocrx_word' id='word_1_560' title='bbox 3611 3178 3670 3228; x_wconf 88' lang='grc' dir='ltr'><strong>ἐν</strong></span> <span class='ocrx_word' id='word_1_561' title='bbox 3701 3175 3777 3244; x_wconf 77' lang='grc' dir='ltr'><strong>τῷ</strong></span> 
     </span>
    </p>
   </div>
   <div class='ocr_carea' id='block_1_79' title="bbox 2189 3264 3777 3337">
    <p class='ocr_par' dir='ltr' id='par_1_79' title="bbox 2189 3264 3777 3337">
     <span class='ocr_line' id='line_1_79' title="bbox 2189 3264 3777 3337; baseline 0.001 -19"><span class='ocrx_word' id='word_1_562' title='bbox 2189 3264 2338 3335; x_wconf 80' lang='grc' dir='ltr'>αὐτῷ</span> <span class='ocrx_word' id='word_1_563' title='bbox 2383 3264 2604 3319; x_wconf 88' lang='grc' dir='ltr'>δυνατόν</span> <span class='ocrx_word' id='word_1_564' title='bbox 2649 3267 2762 3318; x_wconf 84' lang='grc' dir='ltr'>ἐστι</span> <span class='ocrx_word' id='word_1_565' title='bbox 2806 3267 3170 3335; x_wconf 82' lang='grc' dir='ltr'>κατανοῆσαι,</span> <span class='ocrx_word' id='word_1_566' title='bbox 3209 3267 3337 3336; x_wconf 72' lang='grc' dir='ltr'>πρὶν</span> <span class='ocrx_word' id='word_1_567' title='bbox 3375 3267 3667 3337; x_wconf 78' lang='grc' dir='ltr'>προελθεῖν</span> <span class='ocrx_word' id='word_1_568' title='bbox 3701 3269 3777 3329; x_wconf 69' lang='grc' dir='ltr'><strong>είς</strong></span> 
     </span>
    </p>
   </div>
   <div class='ocr_carea' id='block_1_80' title="bbox 2190 3357 3778 3429">
    <p class='ocr_par' dir='ltr' id='par_1_80' title="bbox 2190 3357 3778 3429">
     <span class='ocr_line' id='line_1_80' title="bbox 2190 3357 3778 3429; baseline 0 -21"><span class='ocrx_word' id='word_1_569' title='bbox 2190 3357 2493 3428; x_wconf 78' lang='grc' dir='ltr'>ἐνέργειαν.</span> <span class='ocrx_word' id='word_1_570' title='bbox 2520 3358 2628 3410; x_wconf 70' lang='grc' dir='ltr'><strong>Καὶ</strong></span> <span class='ocrx_word' id='word_1_571' title='bbox 2643 3357 2832 3429; x_wconf 79' lang='grc' dir='ltr'>ὥσπερ</span> <span class='ocrx_word' id='word_1_572' title='bbox 2857 3359 2956 3411; x_wconf 75' lang='grc' dir='ltr'><strong>οὐκ</strong></span> <span class='ocrx_word' id='word_1_573' title='bbox 2986 3359 3050 3412; x_wconf 81' lang='grc' dir='ltr'><strong>ἀν</strong></span> <span class='ocrx_word' id='word_1_574' title='bbox 3069 3375 3154 3421; x_wconf 88' lang='grc' dir='ltr'><strong>τις</strong></span> <span class='ocrx_word' id='word_1_575' title='bbox 3182 3358 3481 3427; x_wconf 78' lang='grc' dir='ltr'>ἀμφιϐάλοι</span> <span class='ocrx_word' id='word_1_576' title='bbox 3507 3358 3649 3427; x_wconf 79' lang='grc' dir='ltr'>πρὸς</span> <span class='ocrx_word' id='word_1_577' title='bbox 3680 3358 3778 3420; x_wconf 72' lang='grc' dir='ltr'><strong>τὰς</strong></span> 
     </span>
    </p>
   </div>
   <div class='ocr_carea' id='block_1_81' title="bbox 2189 3449 3779 3522">
    <p class='ocr_par' dir='ltr' id='par_1_81' title="bbox 2189 3449 3779 3522">
     <span class='ocr_line' id='line_1_81' title="bbox 2189 3449 3779 3522; baseline 0 -21"><span class='ocrx_word' id='word_1_578' title='bbox 2189 3450 2299 3504; x_wconf 81' lang='grc' dir='ltr'><strong>τῶν</strong></span> <span class='ocrx_word' id='word_1_579' title='bbox 2337 3450 2554 3522; x_wconf 79' lang='grc' dir='ltr'>ἄρθρων</span> <span class='ocrx_word' id='word_1_580' title='bbox 2601 3467 2661 3502; x_wconf 85' lang='grc' dir='ltr'><strong>τε</strong></span> <span class='ocrx_word' id='word_1_581' title='bbox 2705 3452 2799 3503; x_wconf 73' lang='grc' dir='ltr'>καὶ</span> <span class='ocrx_word' id='word_1_582' title='bbox 2834 3450 3155 3521; x_wconf 81' lang='grc' dir='ltr'>σπλάγχνων</span> <span class='ocrx_word' id='word_1_583' title='bbox 3200 3450 3461 3521; x_wconf 73' lang='grc' dir='ltr'>διαφορὰς</span> <span class='ocrx_word' id='word_1_584' title='bbox 3502 3449 3779 3504; x_wconf 63' lang='grc' dir='ltr'>ἐκεῖνοςτδ</span> 
     </span>
    </p>
   </div>
   <div class='ocr_carea' id='block_1_82' title="bbox 2190 3540 3778 3613">
    <p class='ocr_par' dir='ltr' id='par_1_82' title="bbox 2190 3540 3778 3613">
     <span class='ocr_line' id='line_1_82' title="bbox 2190 3540 3778 3613; baseline 0.002 -20"><span class='ocrx_word' id='word_1_585' title='bbox 2190 3542 2404 3593; x_wconf 85' lang='grc' dir='ltr'>ἐντεθὲν</span> <span class='ocrx_word' id='word_1_586' title='bbox 2448 3540 2909 3611; x_wconf 80' lang='grc' dir='ltr'>σχηματίζεσθαι,</span> <span class='ocrx_word' id='word_1_587' title='bbox 2962 3543 3061 3595; x_wconf 72' lang='grc' dir='ltr'><strong>οὐκ</strong></span> <span class='ocrx_word' id='word_1_588' title='bbox 3103 3542 3269 3612; x_wconf 81' lang='grc' dir='ltr'>ἄλλης</span> <span class='ocrx_word' id='word_1_589' title='bbox 3313 3542 3456 3606; x_wconf 80' lang='grc' dir='ltr'>τινὸς</span> <span class='ocrx_word' id='word_1_590' title='bbox 3492 3543 3778 3613; x_wconf 77' lang='grc' dir='ltr'>δυνάμεως</span> 
     </span>
    </p>
   </div>
   <div class='ocr_carea' id='block_1_83' title="bbox 2192 3634 3777 3705">
    <p class='ocr_par' dir='ltr' id='par_1_83' title="bbox 2192 3634 3777 3705">
     <span class='ocr_line' id='line_1_83' title="bbox 2192 3634 3777 3705; baseline -0.001 -18"><span class='ocrx_word' id='word_1_591' title='bbox 2192 3634 2682 3704; x_wconf 81' lang='grc' dir='ltr'>ὲπεισερχομένης,</span> <span class='ocrx_word' id='word_1_592' title='bbox 2725 3634 2861 3687; x_wconf 89' lang='grc' dir='ltr'><strong>ἀλλά</strong></span> <span class='ocrx_word' id='word_1_593' title='bbox 2889 3636 2986 3703; x_wconf 84' lang='grc' dir='ltr'><strong>τῆς</strong></span> <span class='ocrx_word' id='word_1_594' title='bbox 3018 3635 3342 3704; x_wconf 76' lang='grc' dir='ltr'>ἐγκειμένης</span> <span class='ocrx_word' id='word_1_595' title='bbox 3369 3634 3619 3702; x_wconf 66' lang='grc' dir='ltr'>φυσικῶς</span> <span class='ocrx_word' id='word_1_596' title='bbox 3644 3634 3777 3705; x_wconf 81' lang='grc' dir='ltr'>πρὸς</span> 
     </span>
    </p>
   </div>
   <div class='ocr_carea' id='block_1_84' title="bbox 2189 3723 3776 3797">
    <p class='ocr_par' dir='ltr' id='par_1_84' title="bbox 2189 3723 3776 3797">
     <span class='ocr_line' id='line_1_84' title="bbox 2189 3723 3776 3797; baseline -0.001 -20"><span class='ocrx_word' id='word_1_597' title='bbox 2189 3724 2287 3796; x_wconf 82' lang='grc' dir='ltr'><strong>τὴν</strong></span> <span class='ocrx_word' id='word_1_598' title='bbox 2331 3725 2612 3795; x_wconf 82' lang='grc' dir='ltr'>ἐνέργειαν</span> <span class='ocrx_word' id='word_1_599' title='bbox 2652 3726 2822 3795; x_wconf 71' lang='grc' dir='ltr'>αὐτῆς</span> <span class='ocrx_word' id='word_1_600' title='bbox 2855 3725 3258 3797; x_wconf 83' lang='grc' dir='ltr'>μεθισταμένης</span> <span class='ocrx_word' id='word_1_601' title='bbox 3281 3745 3292 3756; x_wconf 66' lang='grc' dir='ltr'><strong>ι</strong></span> <span class='ocrx_word' id='word_1_602' title='bbox 3342 3723 3484 3778; x_wconf 70' lang='grc' dir='ltr'>οὓτω</span> <span class='ocrx_word' id='word_1_603' title='bbox 3519 3727 3613 3778; x_wconf 71' lang='grc' dir='ltr'><strong>καὶ</strong></span> <span class='ocrx_word' id='word_1_604' title='bbox 3652 3725 3776 3793; x_wconf 68' lang='grc' dir='ltr'>περὶ</span> 
     </span>
    </p>
   </div>
   <div class='ocr_carea' id='block_1_85' title="bbox 2190 3812 3775 3888">
    <p class='ocr_par' dir='ltr' id='par_1_85' title="bbox 2190 3812 3775 3888">
     <span class='ocr_line' id='line_1_85' title="bbox 2190 3812 3775 3888; baseline -0.001 -19"><span class='ocrx_word' id='word_1_605' title='bbox 2190 3816 2366 3887; x_wconf 69' lang='grc' dir='ltr'>ψυχῆς</span> <span class='ocrx_word' id='word_1_606' title='bbox 2408 3816 2685 3884; x_wconf 86' lang='grc' dir='ltr'>ἀναλόγως</span> <span class='ocrx_word' id='word_1_607' title='bbox 2715 3817 2831 3870; x_wconf 76' lang='grc' dir='ltr'>ἔστι</span> <span class='ocrx_word' id='word_1_608' title='bbox 2857 3817 2918 3871; x_wconf 73' lang='grc' dir='ltr'>τὸ</span> <span class='ocrx_word' id='word_1_609' title='bbox 2943 3812 3060 3871; x_wconf 77' lang='grc' dir='ltr'>ἴσον</span> <span class='ocrx_word' id='word_1_610' title='bbox 3090 3819 3410 3888; x_wconf 80' lang='grc' dir='ltr'>ὑπονοῆσαι,</span> <span class='ocrx_word' id='word_1_611' title='bbox 3442 3818 3526 3870; x_wconf 83' lang='grc' dir='ltr'><strong>ὅτι</strong></span> <span class='ocrx_word' id='word_1_612' title='bbox 3567 3820 3675 3873; x_wconf 71' lang='grc' dir='ltr'>κᾶν</span> <span class='ocrx_word' id='word_1_613' title='bbox 3703 3818 3775 3885; x_wconf 74' lang='grc' dir='ltr'>μὴ</span> 
     </span>
    </p>
   </div>
   <div class='ocr_carea' id='block_1_86' title="bbox 2189 3908 3773 3981">
    <p class='ocr_par' dir='ltr' id='par_1_86' title="bbox 2189 3908 3773 3981">
     <span class='ocr_line' id='line_1_86' title="bbox 2189 3908 3773 3981; baseline 0 -20"><span class='ocrx_word' id='word_1_614' title='bbox 2189 3908 2279 3963; x_wconf 88' lang='grc' dir='ltr'>διά</span> <span class='ocrx_word' id='word_1_615' title='bbox 2315 3927 2475 3963; x_wconf 87' lang='grc' dir='ltr'>τινων</span> <span class='ocrx_word' id='word_1_616' title='bbox 2506 3910 2795 3981; x_wconf 78' lang='grc' dir='ltr'>ἐνεργειῶν</span> <span class='ocrx_word' id='word_1_617' title='bbox 2841 3912 2899 3963; x_wconf 89' lang='grc' dir='ltr'><strong>ἐν</strong></span> <span class='ocrx_word' id='word_1_618' title='bbox 2939 3910 3017 3980; x_wconf 81' lang='grc' dir='ltr'><strong>τῷ</strong></span> <span class='ocrx_word' id='word_1_619' title='bbox 3067 3912 3378 3981; x_wconf 75' lang='grc' dir='ltr'>φαινομένῳ</span> <span class='ocrx_word' id='word_1_620' title='bbox 3412 3910 3773 3981; x_wconf 77' lang='grc' dir='ltr'>γνωρίζηται,</span> 
     </span>
    </p>
   </div>
   <div class='ocr_carea' id='block_1_87' title="bbox 2190 3996 3775 4073">
    <p class='ocr_par' dir='ltr' id='par_1_87' title="bbox 2190 3996 3775 4073">
     <span class='ocr_line' id='line_1_87' title="bbox 2190 3996 3775 4073; baseline 0 -20"><span class='ocrx_word' id='word_1_621' title='bbox 2190 4001 2341 4054; x_wconf 77' lang='grc' dir='ltr'>οὐδὲν</span> <span class='ocrx_word' id='word_1_622' title='bbox 2384 3996 2545 4071; x_wconf 79' lang='grc' dir='ltr'>ἧττόν</span> <span class='ocrx_word' id='word_1_623' title='bbox 2586 4004 2733 4054; x_wconf 80' lang='grc' dir='ltr'>ἐστιν</span> <span class='ocrx_word' id='word_1_624' title='bbox 2777 4003 2835 4054; x_wconf 83' lang='grc' dir='ltr'><strong>ἐν</strong></span> <span class='ocrx_word' id='word_1_625' title='bbox 2871 4001 3084 4071; x_wconf 82' lang='grc' dir='ltr'>ἐκείνῳ.</span> <span class='ocrx_word' id='word_1_626' title='bbox 3121 4002 3231 4055; x_wconf 72' lang='grc' dir='ltr'>Καὶ</span> <span class='ocrx_word' id='word_1_627' title='bbox 3258 4000 3364 4073; x_wconf 77' lang='grc' dir='ltr'><strong>γὰρ</strong></span> <span class='ocrx_word' id='word_1_628' title='bbox 3401 4002 3495 4053; x_wconf 69' lang='grc' dir='ltr'>καὶ</span> <span class='ocrx_word' id='word_1_629' title='bbox 3544 4001 3607 4054; x_wconf 77' lang='grc' dir='ltr'>τὸ</span> <span class='ocrx_word' id='word_1_630' title='bbox 3636 3997 3775 4063; x_wconf 62' lang='grc' dir='ltr'>εἷὼς</span> 
     </span>
    </p>
   </div>
   <div class='ocr_carea' id='block_1_88' title="bbox 2190 4092 3777 4163">
    <p class='ocr_par' dir='ltr' id='par_1_88' title="bbox 2190 4092 3777 4163">
     <span class='ocr_line' id='line_1_88' title="bbox 2190 4092 3777 4163; baseline -0.001 -19"><span class='ocrx_word' id='word_1_631' title='bbox 2190 4092 2285 4145; x_wconf 83' lang='grc' dir='ltr'><strong>τοῦ</strong></span> <span class='ocrx_word' id='word_1_632' title='bbox 2321 4092 2603 4163; x_wconf 82' lang='grc' dir='ltr'>μέλλοντος</span> <span class='ocrx_word' id='word_1_633' title='bbox 2630 4093 2979 4146; x_wconf 86' lang='grc' dir='ltr'>συνίστασθαι</span> <span class='ocrx_word' id='word_1_634' title='bbox 3010 4092 3295 4163; x_wconf 81' lang='grc' dir='ltr'>ἀνθρώπου</span> <span class='ocrx_word' id='word_1_635' title='bbox 3338 4094 3395 4144; x_wconf 89' lang='grc' dir='ltr'><strong>ἐν</strong></span> <span class='ocrx_word' id='word_1_636' title='bbox 3424 4092 3623 4162; x_wconf 83' lang='grc' dir='ltr'>ἐκείνῳ</span> <span class='ocrx_word' id='word_1_637' title='bbox 3663 4093 3777 4144; x_wconf 70' lang='grc' dir='ltr'>ἐστὶ</span> 
     </span>
    </p>
   </div>
   <div class='ocr_carea' id='block_1_89' title="bbox 2189 4182 3778 4257">
    <p class='ocr_par' dir='ltr' id='par_1_89' title="bbox 2189 4182 3778 4257">
     <span class='ocr_line' id='line_1_89' title="bbox 2189 4182 3778 4257; baseline 0 -22"><span class='ocrx_word' id='word_1_638' title='bbox 2189 4187 2254 4255; x_wconf 79' lang='grc' dir='ltr'>τῇ</span> <span class='ocrx_word' id='word_1_639' title='bbox 2289 4185 2535 4256; x_wconf 86' lang='grc' dir='ltr'>δυνάμει,</span> <span class='ocrx_word' id='word_1_640' title='bbox 2564 4184 2814 4239; x_wconf 85' lang='grc' dir='ltr'>λανθάνει</span> <span class='ocrx_word' id='word_1_641' title='bbox 2835 4186 2890 4238; x_wconf 83' lang='grc' dir='ltr'>δὲ</span> <span class='ocrx_word' id='word_1_642' title='bbox 2920 4185 3006 4238; x_wconf 80' lang='grc' dir='ltr'><strong>διὰ</strong></span> <span class='ocrx_word' id='word_1_643' title='bbox 3035 4186 3094 4239; x_wconf 84' lang='grc' dir='ltr'><strong>τὸ</strong></span> <span class='ocrx_word' id='word_1_644' title='bbox 3120 4186 3194 4257; x_wconf 78' lang='grc' dir='ltr'>μὴ</span> <span class='ocrx_word' id='word_1_645' title='bbox 3221 4182 3359 4239; x_wconf 76' lang='grc' dir='ltr'>εἶναι</span> <span class='ocrx_word' id='word_1_646' title='bbox 3386 4185 3617 4238; x_wconf 81' lang='grc' dir='ltr'>δυνατὸν</span> <span class='ocrx_word' id='word_1_647' title='bbox 3644 4186 3778 4253; x_wconf 65' lang='grc' dir='ltr'>πρὸς</span> 
     </span>
    </p>
   </div>
   <div class='ocr_carea' id='block_1_90' title="bbox 2190 4271 3776 4343">
    <p class='ocr_par' dir='ltr' id='par_1_90' title="bbox 2190 4271 3776 4343">
     <span class='ocr_line' id='line_1_90' title="bbox 2190 4271 3776 4343; baseline -0.004 -15"><span class='ocrx_word' id='word_1_648' title='bbox 2190 4274 2290 4343; x_wconf 87' lang='grc' dir='ltr'><strong>τῆς</strong></span> <span class='ocrx_word' id='word_1_649' title='bbox 2331 4274 2637 4342; x_wconf 81' lang='grc' dir='ltr'>ἀναγκαίας</span> <span class='ocrx_word' id='word_1_650' title='bbox 2693 4272 3015 4336; x_wconf 85' lang='grc' dir='ltr'>ἀκολουθίας</span> <span class='ocrx_word' id='word_1_651' title='bbox 3053 4273 3412 4341; x_wconf 70' lang='grc' dir='ltr'>ἀναφανῆναι.</span> <span class='ocrx_word' id='word_1_652' title='bbox 3474 4271 3637 4324; x_wconf 79' lang='grc' dir='ltr'>Οῦτω</span> <span class='ocrx_word' id='word_1_653' title='bbox 3686 4272 3776 4324; x_wconf 68' lang='grc' dir='ltr'><strong>καὶ</strong></span> 
     </span>
    </p>
   </div>
   <div class='ocr_carea' id='block_1_91' title="bbox 2191 4362 3777 4435">
    <p class='ocr_par' dir='ltr' id='par_1_91' title="bbox 2191 4362 3777 4435">
     <span class='ocr_line' id='line_1_91' title="bbox 2191 4362 3777 4435; baseline -0.003 -18"><span class='ocrx_word' id='word_1_654' title='bbox 2191 4366 2223 4434; x_wconf 84' lang='grc' dir='ltr'>ὴ</span> <span class='ocrx_word' id='word_1_655' title='bbox 2268 4365 2413 4435; x_wconf 72' lang='grc' dir='ltr'>ψυχή</span> <span class='ocrx_word' id='word_1_656' title='bbox 2439 4367 2553 4417; x_wconf 85' lang='grc' dir='ltr'>ἐστι</span> <span class='ocrx_word' id='word_1_657' title='bbox 2589 4365 2685 4435; x_wconf 72' lang='grc' dir='ltr'>μὲν</span> <span class='ocrx_word' id='word_1_658' title='bbox 2716 4366 2773 4417; x_wconf 85' lang='grc' dir='ltr'><strong>ἐν</strong></span> <span class='ocrx_word' id='word_1_659' title='bbox 2806 4364 2998 4433; x_wconf 85' lang='grc' dir='ltr'>ἐκείνῳ</span> <span class='ocrx_word' id='word_1_660' title='bbox 3028 4366 3120 4417; x_wconf 75' lang='grc' dir='ltr'><strong>καὶ</strong></span> <span class='ocrx_word' id='word_1_661' title='bbox 3148 4365 3224 4434; x_wconf 76' lang='grc' dir='ltr'>μὴ</span> <span class='ocrx_word' id='word_1_662' title='bbox 3255 4362 3577 4433; x_wconf 79' lang='grc' dir='ltr'>φαινομένη,</span> <span class='ocrx_word' id='word_1_663' title='bbox 3604 4364 3777 4432; x_wconf 81' lang='grc' dir='ltr'>φανή-</span> 
     </span>
    </p>
   </div>
   <div class='ocr_carea' id='block_1_92' title="bbox 505 4445 2082 4527">
    <p class='ocr_par' dir='ltr' id='par_1_92' title="bbox 505 4445 2082 4510">
     <span class='ocr_line' id='line_1_92' title="bbox 505 4445 2082 4510; baseline -0.004 -2"><span class='ocrx_word' id='word_1_664' title='bbox 505 4456 607 4510; x_wconf 87' lang='lat' dir='ltr'><strong>hoc</strong></span> <span class='ocrx_word' id='word_1_665' title='bbox 660 4454 1007 4509; x_wconf 88' lang='lat' dir='ltr'><strong>incumbente</strong></span> <span class='ocrx_word' id='word_1_666' title='bbox 1041 4448 1271 4505; x_wconf 87' lang='lat' dir='ltr'><strong>:eadem</strong></span> <span class='ocrx_word' id='word_1_667' title='bbox 1317 4448 1535 4501; x_wconf 90' lang='lat' dir='ltr'><strong>ratione</strong></span> <span class='ocrx_word' id='word_1_668' title='bbox 1585 4445 1653 4501; x_wconf 86' lang='lat' dir='ltr'><strong>de</strong></span> <span class='ocrx_word' id='word_1_669' title='bbox 1699 4448 1881 4500; x_wconf 91' lang='lat' dir='ltr'><strong>animo</strong></span> <span class='ocrx_word' id='word_1_670' title='bbox 1930 4447 2082 4501; x_wconf 88' lang='lat' dir='ltr'><strong>nobis</strong></span> 
     </span>
    </p>
   </div>
   <div class='ocr_carea' id='block_1_93' title="bbox 2187 4445 3774 4527">
    <p class='ocr_par' dir='ltr' id='par_1_93' title="bbox 2195 4453 3774 4527">
     <span class='ocr_line' id='line_1_93' title="bbox 2195 4453 3774 4527; baseline -0.002 -18"><span class='ocrx_word' id='word_1_671' title='bbox 2195 4471 2344 4510; x_wconf 88' lang='grc' dir='ltr'>σεται</span> <span class='ocrx_word' id='word_1_672' title='bbox 2373 4458 2430 4510; x_wconf 87' lang='grc' dir='ltr'>δὲ</span> <span class='ocrx_word' id='word_1_673' title='bbox 2448 4457 2535 4510; x_wconf 83' lang='grc' dir='ltr'>διὰ</span> <span class='ocrx_word' id='word_1_674' title='bbox 2564 4459 2661 4527; x_wconf 85' lang='grc' dir='ltr'><strong>τῆς</strong></span> <span class='ocrx_word' id='word_1_675' title='bbox 2691 4457 2895 4518; x_wconf 78' lang='grc' dir='ltr'>οἰκείας</span> <span class='ocrx_word' id='word_1_676' title='bbox 2914 4457 3112 4525; x_wconf 83' lang='grc' dir='ltr'>ἑαυτῆς</span> <span class='ocrx_word' id='word_1_677' title='bbox 3140 4457 3232 4509; x_wconf 80' lang='grc' dir='ltr'><strong>καὶ</strong></span> <span class='ocrx_word' id='word_1_678' title='bbox 3259 4455 3399 4509; x_wconf 75' lang='grc' dir='ltr'>κατὰ</span> <span class='ocrx_word' id='word_1_679' title='bbox 3425 4453 3589 4523; x_wconf 80' lang='grc' dir='ltr'>φύσιν</span> <span class='ocrx_word' id='word_1_680' title='bbox 3622 4457 3774 4524; x_wconf 78' lang='grc' dir='ltr'>ἐνερ-</span> 
     </span>
    </p>
   </div>
   <div class='ocr_carea' id='block_1_94' title="bbox 504 4536 2085 4616">
    <p class='ocr_par' dir='ltr' id='par_1_94' title="bbox 504 4536 2085 4616">
     <span class='ocr_line' id='line_1_94' title="bbox 504 4536 2085 4616; baseline -0.004 -16"><span class='ocrx_word' id='word_1_681' title='bbox 504 4545 852 4616; x_wconf 83' lang='lat' dir='ltr'><strong>eogitandnm</strong></span> <span class='ocrx_word' id='word_1_682' title='bbox 891 4551 997 4604; x_wconf 81' lang='lat' dir='ltr'><strong>est,</strong></span> <span class='ocrx_word' id='word_1_683' title='bbox 1047 4541 1263 4596; x_wconf 89' lang='lat' dir='ltr'><strong>etiamsi</strong></span> <span class='ocrx_word' id='word_1_684' title='bbox 1311 4553 1409 4609; x_wconf 85' lang='lat' dir='ltr'><strong>per</strong></span> <span class='ocrx_word' id='word_1_685' title='bbox 1457 4536 1720 4607; x_wconf 87' lang='lat' dir='ltr'><strong>quasdam</strong></span> <span class='ocrx_word' id='word_1_686' title='bbox 1769 4537 2085 4593; x_wconf 83' lang='lat' dir='ltr'><strong>aﬂ‘ectiones</strong></span> 
     </span>
    </p>
   </div>
   <div class='ocr_carea' id='block_1_95' title="bbox 508 4627 2086 4702">
    <p class='ocr_par' dir='ltr' id='par_1_95' title="bbox 508 4627 2086 4702">
     <span class='ocr_line' id='line_1_95' title="bbox 508 4627 2086 4702; baseline -0.003 -14"><span class='ocrx_word' id='word_1_687' title='bbox 508 4636 562 4688; x_wconf 89' lang='lat' dir='ltr'><strong>in</strong></span> <span class='ocrx_word' id='word_1_688' title='bbox 598 4642 750 4702; x_wconf 88' lang='lat' dir='ltr'><strong>parte</strong></span> <span class='ocrx_word' id='word_1_689' title='bbox 790 4631 1029 4686; x_wconf 91' lang='lat' dir='ltr'><strong>hominis</strong></span> <span class='ocrx_word' id='word_1_690' title='bbox 1068 4637 1292 4684; x_wconf 80' lang='lat' dir='ltr'><strong>externa</strong></span> <span class='ocrx_word' id='word_1_691' title='bbox 1338 4635 1392 4682; x_wconf 87' lang='lat' dir='ltr'><strong>et</strong></span> <span class='ocrx_word' id='word_1_692' title='bbox 1442 4634 1756 4696; x_wconf 86' lang='lat' dir='ltr'><strong>apparente,</strong></span> <span class='ocrx_word' id='word_1_693' title='bbox 1791 4628 1991 4682; x_wconf 88' lang='lat' dir='ltr'><strong>indicia</strong></span> <span class='ocrx_word' id='word_1_694' title='bbox 2019 4627 2086 4683; x_wconf 87' lang='lat' dir='ltr'><strong>de</strong></span> 
     </span>
    </p>
   </div>
   <div class='ocr_carea' id='block_1_96' title="bbox 508 4719 2084 4794">
    <p class='ocr_par' dir='ltr' id='par_1_96' title="bbox 508 4719 2084 4794">
     <span class='ocr_line' id='line_1_96' title="bbox 508 4719 2084 4794; baseline -0.004 -14"><span class='ocrx_word' id='word_1_695' title='bbox 508 4743 567 4781; x_wconf 79' lang='lat' dir='ltr'><strong>se</strong></span> <span class='ocrx_word' id='word_1_696' title='bbox 625 4725 770 4778; x_wconf 86' lang='lat' dir='ltr'><strong>nulla</strong></span> <span class='ocrx_word' id='word_1_697' title='bbox 817 4724 1089 4794; x_wconf 80' lang='lat' dir='ltr'><strong>praebeat,</strong></span> <span class='ocrx_word' id='word_1_698' title='bbox 1148 4719 1505 4775; x_wconf 88' lang='lat' dir='ltr'><strong>nihilominus</strong></span> <span class='ocrx_word' id='word_1_699' title='bbox 1565 4728 1885 4788; x_wconf 64' lang='lat' dir='ltr'><strong>praesentem</strong></span> <span class='ocrx_word' id='word_1_700' title='bbox 1942 4734 2084 4775; x_wconf 88' lang='lat' dir='ltr'><strong>esse.</strong></span> 
     </span>
    </p>
   </div>
   <div class='ocr_carea' id='block_1_97' title="bbox 506 4810 2089 4879">
    <p class='ocr_par' dir='ltr' id='par_1_97' title="bbox 506 4810 2089 4879">
     <span class='ocr_line' id='line_1_97' title="bbox 506 4810 2089 4879; baseline -0.002 -10"><span class='ocrx_word' id='word_1_701' title='bbox 506 4815 644 4871; x_wconf 87' lang='lat' dir='ltr'><strong>Nam</strong></span> <span class='ocrx_word' id='word_1_702' title='bbox 674 4824 720 4870; x_wconf 88' lang='lat' dir='ltr'><strong>et</strong></span> <span class='ocrx_word' id='word_1_703' title='bbox 771 4815 940 4870; x_wconf 89' lang='lat' dir='ltr'><strong>futuri</strong></span> <span class='ocrx_word' id='word_1_704' title='bbox 977 4814 1213 4867; x_wconf 88' lang='lat' dir='ltr'><strong>hominis</strong></span> <span class='ocrx_word' id='word_1_705' title='bbox 1261 4811 1435 4865; x_wconf 89' lang='lat' dir='ltr'><strong>forma</strong></span> <span class='ocrx_word' id='word_1_706' title='bbox 1465 4816 1735 4879; x_wconf 89' lang='lat' dir='ltr'><strong>potestate</strong></span> <span class='ocrx_word' id='word_1_707' title='bbox 1778 4810 1995 4866; x_wconf 81' lang='lat' dir='ltr'><strong>exsistit</strong></span> <span class='ocrx_word' id='word_1_708' title='bbox 2033 4812 2089 4866; x_wconf 88' lang='lat' dir='ltr'><strong>in</strong></span> 
     </span>
    </p>
   </div>
   <div class='ocr_carea' id='block_1_98' title="bbox 509 4901 2087 4977">
    <p class='ocr_par' dir='ltr' id='par_1_98' title="bbox 509 4901 2087 4977">
     <span class='ocr_line' id='line_1_98' title="bbox 509 4901 2087 4977; baseline -0.004 -12"><span class='ocrx_word' id='word_1_709' title='bbox 509 4907 720 4965; x_wconf 84' lang='lat' dir='ltr'><strong>semine</strong></span> <span class='ocrx_word' id='word_1_710' title='bbox 753 4928 766 4961; x_wconf 88' lang='lat'><strong>:</strong></span> <span class='ocrx_word' id='word_1_711' title='bbox 795 4916 959 4977; x_wconf 85' lang='lat' dir='ltr'><strong>atque</strong></span> <span class='ocrx_word' id='word_1_712' title='bbox 997 4906 1205 4960; x_wconf 88' lang='lat' dir='ltr'><strong>idcirco</strong></span> <span class='ocrx_word' id='word_1_713' title='bbox 1243 4905 1394 4966; x_wconf 86' lang='lat' dir='ltr'><strong>latet,</strong></span> <span class='ocrx_word' id='word_1_714' title='bbox 1447 4901 1596 4972; x_wconf 89' lang='lat' dir='ltr'><strong>quod</strong></span> <span class='ocrx_word' id='word_1_715' title='bbox 1626 4903 1773 4956; x_wconf 90' lang='lat' dir='ltr'><strong>velut</strong></span> <span class='ocrx_word' id='word_1_716' title='bbox 1821 4901 1874 4956; x_wconf 90' lang='lat' dir='ltr'><strong>in</strong></span> <span class='ocrx_word' id='word_1_717' title='bbox 1911 4903 2087 4958; x_wconf 87' lang='lat' dir='ltr'><strong>lucem</strong></span> 
     </span>
    </p>
   </div>
   <div class='ocr_carea' id='block_1_99' title="bbox 506 4995 2091 5071">
    <p class='ocr_par' dir='ltr' id='par_1_99' title="bbox 506 4995 2091 5071">
     <span class='ocr_line' id='line_1_99' title="bbox 506 4995 2091 5071; baseline -0.003 -18"><span class='ocrx_word' id='word_1_718' title='bbox 506 4997 773 5071; x_wconf 87' lang='lat' dir='ltr'><strong>producta</strong></span> <span class='ocrx_word' id='word_1_719' title='bbox 804 4996 1048 5067; x_wconf 88' lang='lat' dir='ltr'><strong>conspici</strong></span> <span class='ocrx_word' id='word_1_720' title='bbox 1085 4997 1237 5065; x_wconf 88' lang='lat' dir='ltr'><strong>prius</strong></span> <span class='ocrx_word' id='word_1_721' title='bbox 1264 5002 1519 5064; x_wconf 87' lang='lat' dir='ltr'><strong>nequeat,</strong></span> <span class='ocrx_word' id='word_1_722' title='bbox 1552 5007 1713 5062; x_wconf 89' lang='lat' dir='ltr'><strong>quam</strong></span> <span class='ocrx_word' id='word_1_723' title='bbox 1744 4995 2091 5050; x_wconf 87' lang='lat' dir='ltr'><strong>necessarius</strong></span> 
     </span>
    </p>
   </div>
   <div class='ocr_carea' id='block_1_100' title="bbox 507 5086 2085 5159">
    <p class='ocr_par' dir='ltr' id='par_1_100' title="bbox 507 5086 2085 5159">
     <span class='ocr_line' id='line_1_100' title="bbox 507 5086 2085 5159; baseline -0.005 -11"><span class='ocrx_word' id='word_1_724' title='bbox 507 5106 691 5148; x_wconf 87' lang='lat' dir='ltr'><strong>rerum</strong></span> <span class='ocrx_word' id='word_1_725' title='bbox 731 5090 864 5144; x_wconf 84' lang='lat' dir='ltr'><strong>ordo</strong></span> <span class='ocrx_word' id='word_1_726' title='bbox 915 5089 1211 5159; x_wconf 87' lang='lat' dir='ltr'><strong>permittat,</strong></span> <span class='ocrx_word' id='word_1_727' title='bbox 1271 5086 1351 5141; x_wconf 87' lang='lat' dir='ltr'><strong>sic</strong></span> <span class='ocrx_word' id='word_1_728' title='bbox 1398 5094 1451 5140; x_wconf 92' lang='lat' dir='ltr'><strong>et</strong></span> <span class='ocrx_word' id='word_1_729' title='bbox 1500 5086 1716 5142; x_wconf 89' lang='lat' dir='ltr'><strong>animus</strong></span> <span class='ocrx_word' id='word_1_730' title='bbox 1766 5094 1849 5141; x_wconf 88' lang='lat' dir='ltr'><strong>est</strong></span> <span class='ocrx_word' id='word_1_731' title='bbox 1909 5088 1963 5140; x_wconf 90' lang='lat' dir='ltr'><strong>in</strong></span> <span class='ocrx_word' id='word_1_732' title='bbox 2020 5101 2085 5142; x_wconf 88' lang='lat' dir='ltr'><strong>eo</strong></span> 
     </span>
    </p>
   </div>
   <div class='ocr_carea' id='block_1_101' title="bbox 504 5177 2085 5256">
    <p class='ocr_par' dir='ltr' id='par_1_101' title="bbox 504 5177 2085 5256">
     <span class='ocr_line' id='line_1_101' title="bbox 504 5177 2085 5256; baseline -0.003 -17"><span class='ocrx_word' id='word_1_733' title='bbox 504 5198 815 5256; x_wconf 87' lang='lat' dir='ltr'><strong>quanquam</strong></span> <span class='ocrx_word' id='word_1_734' title='bbox 855 5198 964 5236; x_wconf 88' lang='lat' dir='ltr'><strong>non</strong></span> <span class='ocrx_word' id='word_1_735' title='bbox 1005 5189 1279 5249; x_wconf 85' lang='lat' dir='ltr'><strong>appareat.</strong></span> <span class='ocrx_word' id='word_1_736' title='bbox 1322 5177 1460 5232; x_wconf 86' lang='lat' dir='ltr'><strong>Nam</strong></span> <span class='ocrx_word' id='word_1_737' title='bbox 1491 5185 1601 5231; x_wconf 92' lang='lat' dir='ltr'><strong>tum</strong></span> <span class='ocrx_word' id='word_1_738' title='bbox 1629 5178 1846 5234; x_wconf 88' lang='lat' dir='ltr'><strong>demum</strong></span> <span class='ocrx_word' id='word_1_739' title='bbox 1880 5181 2085 5249; x_wconf 86' lang='lat' dir='ltr'><strong>patebit</strong></span> 
     </span>
    </p>
   </div>
   <div class='ocr_carea' id='block_1_102' title="bbox 507 5256 2082 5342">
    <p class='ocr_par' dir='ltr' id='par_1_102' title="bbox 507 5256 2082 5342">
     <span class='ocr_line' id='line_1_102' title="bbox 507 5256 2082 5342; baseline -0.003 -11"><span class='ocrx_word' id='word_1_740' title='bbox 507 5290 633 5331; x_wconf 86' lang='lat' dir='ltr'><strong>eum</strong></span> <span class='ocrx_word' id='word_1_741' title='bbox 679 5274 892 5337; x_wconf 85' lang='lat' dir='ltr'><strong>adesse,</strong></span> <span class='ocrx_word' id='word_1_742' title='bbox 933 5288 1056 5326; x_wconf 84' lang='lat' dir='ltr'><strong>cum</strong></span> <span class='ocrx_word' id='word_1_743' title='bbox 1094 5280 1255 5326; x_wconf 88' lang='lat' dir='ltr'><strong>aucto</strong></span> <span class='ocrx_word' id='word_1_744' title='bbox 1289 5285 1385 5341; x_wconf 90' lang='lat' dir='ltr'><strong>per</strong></span> <span class='ocrx_word' id='word_1_745' title='bbox 1419 5256 1784 5326; x_wconf 83' lang='lat' dir='ltr'><strong>aecretionem</strong></span> <span class='ocrx_word' id='word_1_746' title='bbox 1832 5287 2082 5342; x_wconf 88' lang='lat' dir='ltr'><strong>corpore,</strong></span> 
     </span>
    </p>
   </div>
   <div class='ocr_carea' id='block_1_103' title="bbox 509 5362 2082 5437">
    <p class='ocr_par' dir='ltr' id='par_1_103' title="bbox 509 5362 2082 5437">
     <span class='ocr_line' id='line_1_103' title="bbox 509 5362 2082 5437; baseline 0 -17"><span class='ocrx_word' id='word_1_747' title='bbox 509 5381 608 5420; x_wconf 88' lang='lat' dir='ltr'><strong>sua</strong></span> <span class='ocrx_word' id='word_1_748' title='bbox 634 5382 692 5421; x_wconf 88' lang='lat' dir='ltr'><strong>se</strong></span> <span class='ocrx_word' id='word_1_749' title='bbox 715 5366 932 5437; x_wconf 88' lang='lat' dir='ltr'><strong>pr0pria</strong></span> <span class='ocrx_word' id='word_1_750' title='bbox 957 5372 1007 5418; x_wconf 83' lang='lat' dir='ltr'><strong>et</strong></span> <span class='ocrx_word' id='word_1_751' title='bbox 1034 5379 1062 5417; x_wconf 95' lang='lat' dir='ltr'><strong>a</strong></span> <span class='ocrx_word' id='word_1_752' title='bbox 1086 5371 1281 5417; x_wconf 90' lang='lat' dir='ltr'><strong>natura</strong></span> <span class='ocrx_word' id='word_1_753' title='bbox 1312 5362 1476 5419; x_wconf 86' lang='lat' dir='ltr'><strong>insita</strong></span> <span class='ocrx_word' id='word_1_754' title='bbox 1502 5362 1786 5417; x_wconf 81' lang='lat' dir='ltr'><strong>effectione</strong></span> <span class='ocrx_word' id='word_1_755' title='bbox 1810 5366 2082 5424; x_wconf 89' lang='lat' dir='ltr'><strong>ostendet.</strong></span> 
     </span>
    </p>
   </div>
   <div class='ocr_carea' id='block_1_104' title="bbox 2193 4546 3776 4620">
    <p class='ocr_par' dir='ltr' id='par_1_104' title="bbox 2193 4546 3776 4620">
     <span class='ocr_line' id='line_1_104' title="bbox 2193 4546 3776 4620; baseline -0.002 -17"><span class='ocrx_word' id='word_1_756' title='bbox 2193 4550 2381 4619; x_wconf 83' lang='grc' dir='ltr'>γείας,</span> <span class='ocrx_word' id='word_1_757' title='bbox 2409 4552 2475 4620; x_wconf 78' lang='grc' dir='ltr'>τῇ</span> <span class='ocrx_word' id='word_1_758' title='bbox 2514 4551 2799 4620; x_wconf 78' lang='grc' dir='ltr'>σωματικῇ</span> <span class='ocrx_word' id='word_1_759' title='bbox 2832 4547 3059 4617; x_wconf 75' lang='grc' dir='ltr'>αὐξήσει</span> <span class='ocrx_word' id='word_1_760' title='bbox 3102 4547 3497 4618; x_wconf 83' lang='grc' dir='ltr'>συμπροῖοῦσα.</span> <span class='ocrx_word' id='word_1_761' title='bbox 3555 4546 3776 4615; x_wconf 73' lang='grc' dir='ltr'>Ἐπειδὴ</span> 
     </span>
    </p>
   </div>
   <div class='ocr_carea' id='block_1_105' title="bbox 2192 4635 3778 4710">
    <p class='ocr_par' dir='ltr' id='par_1_105' title="bbox 2192 4635 3778 4710">
     <span class='ocr_line' id='line_1_105' title="bbox 2192 4635 3778 4710; baseline -0.003 -19"><span class='ocrx_word' id='word_1_762' title='bbox 2192 4639 2300 4710; x_wconf 82' lang='grc' dir='ltr'>γὰρ</span> <span class='ocrx_word' id='word_1_763' title='bbox 2328 4640 2428 4691; x_wconf 82' lang='grc' dir='ltr'><strong>οὐκ</strong></span> <span class='ocrx_word' id='word_1_764' title='bbox 2455 4639 2563 4693; x_wconf 82' lang='grc' dir='ltr'><strong>ἀπὸ</strong></span> <span class='ocrx_word' id='word_1_765' title='bbox 2590 4638 2783 4709; x_wconf 81' lang='grc' dir='ltr'>νεκροῦ</span> <span class='ocrx_word' id='word_1_766' title='bbox 2829 4638 3076 4709; x_wconf 86' lang='grc' dir='ltr'>σώματος</span> <span class='ocrx_word' id='word_1_767' title='bbox 3116 4640 3151 4708; x_wconf 85' lang='grc' dir='ltr'>ἡ</span> <span class='ocrx_word' id='word_1_768' title='bbox 3190 4638 3325 4707; x_wconf 72' lang='grc' dir='ltr'>πρὸς</span> <span class='ocrx_word' id='word_1_769' title='bbox 3367 4637 3466 4706; x_wconf 79' lang='grc' dir='ltr'>τὴν</span> <span class='ocrx_word' id='word_1_770' title='bbox 3512 4635 3778 4706; x_wconf 65' lang='grc' dir='ltr'>σύλληψιν</span> 
     </span>
    </p>
   </div>
   <div class='ocr_carea' id='block_1_106' title="bbox 2186 4727 3773 4801">
    <p class='ocr_par' dir='ltr' id='par_1_106' title="bbox 2186 4727 3773 4801">
     <span class='ocr_line' id='line_1_106' title="bbox 2186 4727 3773 4801; baseline -0.001 -18"><span class='ocrx_word' id='word_1_771' title='bbox 2186 4729 2413 4801; x_wconf 77' lang='grc' dir='ltr'>δύναμις</span> <span class='ocrx_word' id='word_1_772' title='bbox 2456 4730 2840 4801; x_wconf 84' lang='grc' dir='ltr'>ἀποκρίνεται,</span> <span class='ocrx_word' id='word_1_773' title='bbox 2889 4729 3003 4782; x_wconf 85' lang='grc' dir='ltr'>ἀλλ’</span> <span class='ocrx_word' id='word_1_774' title='bbox 3035 4728 3096 4793; x_wconf 77' lang='grc' dir='ltr'><strong>ἐξ</strong></span> <span class='ocrx_word' id='word_1_775' title='bbox 3137 4727 3381 4799; x_wconf 69' lang='grc' dir='ltr'>ἐμψύχου</span> <span class='ocrx_word' id='word_1_776' title='bbox 3416 4728 3511 4781; x_wconf 71' lang='grc' dir='ltr'><strong>καὶ</strong></span> <span class='ocrx_word' id='word_1_777' title='bbox 3536 4727 3773 4790; x_wconf 76' lang='grc' dir='ltr'>ζῶντος·</span> 
     </span>
    </p>
   </div>
   <div class='ocr_carea' id='block_1_107' title="bbox 2186 4818 3778 4893">
    <p class='ocr_par' dir='ltr' id='par_1_107' title="bbox 2186 4818 3778 4893">
     <span class='ocr_line' id='line_1_107' title="bbox 2186 4818 3778 4893; baseline -0.003 -16"><span class='ocrx_word' id='word_1_778' title='bbox 2186 4823 2273 4877; x_wconf 85' lang='grc' dir='ltr'>διά</span> <span class='ocrx_word' id='word_1_779' title='bbox 2294 4823 2448 4876; x_wconf 86' lang='grc' dir='ltr'>τοῦτό</span> <span class='ocrx_word' id='word_1_780' title='bbox 2472 4839 2651 4893; x_wconf 88' lang='grc' dir='ltr'>φαμεν</span> <span class='ocrx_word' id='word_1_781' title='bbox 2691 4822 2909 4891; x_wconf 73' lang='grc' dir='ltr'>εὔλογον</span> <span class='ocrx_word' id='word_1_782' title='bbox 2936 4818 3073 4875; x_wconf 79' lang='grc' dir='ltr'>εἶναι</span> <span class='ocrx_word' id='word_1_783' title='bbox 3114 4822 3189 4892; x_wconf 85' lang='grc' dir='ltr'><strong>μὴ</strong></span> <span class='ocrx_word' id='word_1_784' title='bbox 3212 4821 3403 4890; x_wconf 67' lang='grc' dir='ltr'>νεκρὸν</span> <span class='ocrx_word' id='word_1_785' title='bbox 3436 4820 3532 4873; x_wconf 69' lang='grc' dir='ltr'><strong>καὶ</strong></span> <span class='ocrx_word' id='word_1_786' title='bbox 3568 4821 3778 4891; x_wconf 62' lang='grc' dir='ltr'>ἄψυχον</span> 
     </span>
    </p>
   </div>
   <div class='ocr_carea' id='block_1_108' title="bbox 2186 4912 3773 4983">
    <p class='ocr_par' dir='ltr' id='par_1_108' title="bbox 2186 4912 3773 4983">
     <span class='ocr_line' id='line_1_108' title="bbox 2186 4912 3773 4983; baseline -0.003 -16"><span class='ocrx_word' id='word_1_787' title='bbox 2186 4913 2391 4967; x_wconf 72' lang='grc' dir='ltr'>οἴεσθαι</span> <span class='ocrx_word' id='word_1_788' title='bbox 2421 4914 2481 4967; x_wconf 82' lang='grc' dir='ltr'>τὸ</span> <span class='ocrx_word' id='word_1_789' title='bbox 2506 4914 2613 4969; x_wconf 74' lang='grc' dir='ltr'><strong>ἀπὸ</strong></span> <span class='ocrx_word' id='word_1_790' title='bbox 2634 4914 2832 4977; x_wconf 77' lang='grc' dir='ltr'>ζῶντος</span> <span class='ocrx_word' id='word_1_791' title='bbox 2857 4915 2937 4976; x_wconf 86' lang='grc' dir='ltr'>εἰς</span> <span class='ocrx_word' id='word_1_792' title='bbox 2958 4912 3100 4982; x_wconf 74' lang='grc' dir='ltr'>ζωῆς</span> <span class='ocrx_word' id='word_1_793' title='bbox 3133 4913 3389 4983; x_wconf 79' lang='grc' dir='ltr'>ἀφορμὴν</span> <span class='ocrx_word' id='word_1_794' title='bbox 3423 4912 3583 4982; x_wconf 81' lang='grc' dir='ltr'>προῖέ</span> <span class='ocrx_word' id='word_1_795' title='bbox 3592 4928 3773 4981; x_wconf 83' lang='grc' dir='ltr'>μενον.</span> 
     </span>
    </p>
   </div>
   <div class='ocr_carea' id='block_1_109' title="bbox 2188 5001 3769 5073">
    <p class='ocr_par' dir='ltr' id='par_1_109' title="bbox 2188 5001 3769 5073">
     <span class='ocr_line' id='line_1_109' title="bbox 2188 5001 3769 5073; baseline -0.003 -17"><span class='ocrx_word' id='word_1_796' title='bbox 2188 5003 2262 5056; x_wconf 84' lang='grc' dir='ltr'><strong>Τὸ</strong></span> <span class='ocrx_word' id='word_1_797' title='bbox 2289 5005 2397 5073; x_wconf 83' lang='grc' dir='ltr'><strong>γάρ</strong></span> <span class='ocrx_word' id='word_1_798' title='bbox 2437 5005 2494 5056; x_wconf 83' lang='grc' dir='ltr'><strong>ἐν</strong></span> <span class='ocrx_word' id='word_1_799' title='bbox 2532 5003 2696 5073; x_wconf 67' lang='grc' dir='ltr'>σαρκὶ</span> <span class='ocrx_word' id='word_1_800' title='bbox 2738 5001 2976 5072; x_wconf 75' lang='grc' dir='ltr'>ἄψυχον,</span> <span class='ocrx_word' id='word_1_801' title='bbox 3016 5003 3111 5054; x_wconf 77' lang='grc' dir='ltr'><strong>καὶ</strong></span> <span class='ocrx_word' id='word_1_802' title='bbox 3150 5002 3341 5073; x_wconf 88' lang='grc' dir='ltr'>νεκρόν</span> <span class='ocrx_word' id='word_1_803' title='bbox 3371 5003 3485 5053; x_wconf 81' lang='grc' dir='ltr'>ἐστι</span> <span class='ocrx_word' id='word_1_804' title='bbox 3532 5001 3769 5064; x_wconf 76' lang='grc' dir='ltr'>πάντως.</span> 
     </span>
    </p>
   </div>
   <div class='ocr_carea' id='block_1_110' title="bbox 2206 5089 3776 5164">
    <p class='ocr_par' dir='ltr' id='par_1_110' title="bbox 2206 5089 3776 5164">
     <span class='ocr_line' id='line_1_110' title="bbox 2206 5089 3776 5164; baseline -0.005 -18"><span class='ocrx_word' id='word_1_805' title='bbox 2206 5094 2267 5146; x_wconf 83' lang='grc' dir='ltr'><strong>Ἡ</strong></span> <span class='ocrx_word' id='word_1_806' title='bbox 2302 5094 2359 5146; x_wconf 81' lang='grc' dir='ltr'>δὲ</span> <span class='ocrx_word' id='word_1_807' title='bbox 2408 5093 2667 5164; x_wconf 85' lang='grc' dir='ltr'>νεκρότης</span> <span class='ocrx_word' id='word_1_808' title='bbox 2706 5094 2845 5147; x_wconf 83' lang='grc' dir='ltr'><strong>κατά</strong></span> <span class='ocrx_word' id='word_1_809' title='bbox 2889 5093 3145 5163; x_wconf 83' lang='grc' dir='ltr'>στέρησιν</span> <span class='ocrx_word' id='word_1_810' title='bbox 3174 5092 3352 5163; x_wconf 71' lang='grc' dir='ltr'>ψυχῆς</span> <span class='ocrx_word' id='word_1_811' title='bbox 3377 5092 3611 5158; x_wconf 84' lang='grc' dir='ltr'>γίνεται.</span> <span class='ocrx_word' id='word_1_812' title='bbox 3663 5089 3776 5142; x_wconf 68' lang='grc' dir='ltr'><strong>Οὐκ</strong></span> 
     </span>
    </p>
   </div>
   <div class='ocr_carea' id='block_1_111' title="bbox 2194 5180 3773 5253">
    <p class='ocr_par' dir='ltr' id='par_1_111' title="bbox 2194 5180 3773 5253">
     <span class='ocr_line' id='line_1_111' title="bbox 2194 5180 3773 5253; baseline -0.008 -14"><span class='ocrx_word' id='word_1_813' title='bbox 2194 5186 2261 5239; x_wconf 83' lang='grc' dir='ltr'>ἂν</span> <span class='ocrx_word' id='word_1_814' title='bbox 2287 5185 2342 5237; x_wconf 81' lang='grc' dir='ltr'>δέ</span> <span class='ocrx_word' id='word_1_815' title='bbox 2388 5201 2471 5247; x_wconf 85' lang='grc' dir='ltr'><strong>τις</strong></span> <span class='ocrx_word' id='word_1_816' title='bbox 2511 5185 2603 5237; x_wconf 74' lang='grc' dir='ltr'>ἐπὶ</span> <span class='ocrx_word' id='word_1_817' title='bbox 2640 5184 2828 5237; x_wconf 84' lang='grc' dir='ltr'>τούτου</span> <span class='ocrx_word' id='word_1_818' title='bbox 2875 5184 3249 5253; x_wconf 76' lang='grc' dir='ltr'>πρεσϐυτέραν</span> <span class='ocrx_word' id='word_1_819' title='bbox 3287 5183 3383 5250; x_wconf 79' lang='grc' dir='ltr'><strong>τῆς</strong></span> <span class='ocrx_word' id='word_1_820' title='bbox 3419 5182 3588 5245; x_wconf 75' lang='grc' dir='ltr'>ἕξεως</span> <span class='ocrx_word' id='word_1_821' title='bbox 3631 5180 3773 5228; x_wconf 50' lang='lat' dir='ltr'><strong>elatos.</strong></span> 
     </span>
    </p>
   </div>
   <div class='ocr_carea' id='block_1_112' title="bbox 2191 5266 3772 5348">
    <p class='ocr_par' dir='ltr' id='par_1_112' title="bbox 2191 5266 3772 5348">
     <span class='ocr_line' id='line_1_112' title="bbox 2191 5266 3772 5348; baseline -0.006 -19"><span class='ocrx_word' id='word_1_822' title='bbox 2191 5277 2289 5348; x_wconf 81' lang='grc' dir='ltr'><strong>τὴν</strong></span> <span class='ocrx_word' id='word_1_823' title='bbox 2311 5276 2563 5347; x_wconf 83' lang='grc' dir='ltr'>στέρησιν</span> <span class='ocrx_word' id='word_1_824' title='bbox 2584 5316 2599 5339; x_wconf 92' lang='grc'><strong>,</strong></span> <span class='ocrx_word' id='word_1_825' title='bbox 2634 5275 2792 5344; x_wconf 82' lang='grc' dir='ltr'>εἴπερ</span> <span class='ocrx_word' id='word_1_826' title='bbox 2832 5277 2894 5328; x_wconf 78' lang='grc' dir='ltr'><strong>τὸ</strong></span> <span class='ocrx_word' id='word_1_827' title='bbox 2924 5275 3149 5344; x_wconf 62' lang='grc' dir='ltr'>ἄψυχον,</span> <span class='ocrx_word' id='word_1_828' title='bbox 3175 5275 3314 5339; x_wconf 84' lang='grc' dir='ltr'>ὅπερ</span> <span class='ocrx_word' id='word_1_829' title='bbox 3342 5266 3608 5337; x_wconf 54' lang='lat' dir='ltr'><strong>mpm;</strong></span> <span class='ocrx_word' id='word_1_830' title='bbox 3635 5270 3772 5333; x_wconf 75' lang='grc' dir='ltr'>ἐστὶ,</span> 
     </span>
    </p>
   </div>
   <div class='ocr_carea' id='block_1_113' title="bbox 2191 5359 3598 5437">
    <p class='ocr_par' dir='ltr' id='par_1_113' title="bbox 2191 5359 3598 5437">
     <span class='ocr_line' id='line_1_113' title="bbox 2191 5359 3598 5437; baseline -0.013 -6"><span class='ocrx_word' id='word_1_831' title='bbox 2191 5368 2291 5435; x_wconf 72' lang='grc' dir='ltr'><strong>τῆς</strong></span> <span class='ocrx_word' id='word_1_832' title='bbox 2316 5368 2497 5437; x_wconf 69' lang='grc' dir='ltr'>ψυχῆς</span> <span class='ocrx_word' id='word_1_833' title='bbox 2518 5362 2655 5419; x_wconf 76' lang='grc' dir='ltr'>εἷναί</span> <span class='ocrx_word' id='word_1_834' title='bbox 2677 5384 2758 5430; x_wconf 86' lang='grc' dir='ltr'><strong>τις</strong></span> <span class='ocrx_word' id='word_1_835' title='bbox 2785 5366 3180 5427; x_wconf 78' lang='grc' dir='ltr'>κατασκευάζει</span> <span class='ocrx_word' id='word_1_836' title='bbox 3207 5359 3598 5431; x_wconf 65' lang='grc' dir='ltr'>πρεσϐύτερον.</span> 
     </span>
    </p>
   </div>
   <div class='ocr_carea' id='block_1_114' title="bbox 509 5450 3771 5527">
    <p class='ocr_par' dir='ltr' id='par_1_114' title="bbox 509 5450 3771 5527">
     <span class='ocr_line' id='line_1_114' title="bbox 509 5450 3771 5527; baseline -0.002 -19"><span class='ocrx_word' id='word_1_837' title='bbox 509 5454 643 5508; x_wconf 85' lang='lat' dir='ltr'><strong>Cum</strong></span> <span class='ocrx_word' id='word_1_838' title='bbox 681 5459 823 5512; x_wconf 88' lang='lat' dir='ltr'><strong>enim</strong></span> <span class='ocrx_word' id='word_1_839' title='bbox 866 5473 896 5510; x_wconf 85' lang='lat' dir='ltr'><strong>a</strong></span> <span class='ocrx_word' id='word_1_840' title='bbox 937 5466 1153 5512; x_wconf 91' lang='lat' dir='ltr'><strong>mortuo</strong></span> <span class='ocrx_word' id='word_1_841' title='bbox 1200 5469 1429 5524; x_wconf 89' lang='lat' dir='ltr'><strong>corpore</strong></span> <span class='ocrx_word' id='word_1_842' title='bbox 1476 5454 1623 5507; x_wconf 83' lang='lat' dir='ltr'><strong>nulla</strong></span> <span class='ocrx_word' id='word_1_843' title='bbox 1672 5455 1740 5508; x_wconf 88' lang='lat' dir='ltr'><strong>ad</strong></span> <span class='ocrx_word' id='word_1_844' title='bbox 1776 5459 2192 5527; x_wconf 88' lang='lat' dir='ltr'><strong>conceptionem</strong></span> <span class='ocrx_word' id='word_1_845' title='bbox 2244 5460 2476 5514; x_wconf 80' lang='lat' dir='ltr'><strong>facultas</strong></span> <span class='ocrx_word' id='word_1_846' title='bbox 2536 5468 2886 5521; x_wconf 74' lang='lat' dir='ltr'><strong>excernatur,</strong></span> <span class='ocrx_word' id='word_1_847' title='bbox 2936 5456 3029 5510; x_wconf 80' lang='lat' dir='ltr'><strong>sed</strong></span> <span class='ocrx_word' id='word_1_848' title='bbox 3084 5456 3153 5508; x_wconf 88' lang='lat' dir='ltr'><strong>ab</strong></span> <span class='ocrx_word' id='word_1_849' title='bbox 3193 5453 3438 5507; x_wconf 90' lang='lat' dir='ltr'><strong>animato</strong></span> <span class='ocrx_word' id='word_1_850' title='bbox 3494 5457 3550 5503; x_wconf 90' lang='lat' dir='ltr'><strong>et</strong></span> <span class='ocrx_word' id='word_1_851' title='bbox 3611 5450 3771 5503; x_wconf 77' lang='lat' dir='ltr'><strong>vivo:</strong></span> 
     </span>
    </p>
   </div>
   <div class='ocr_carea' id='block_1_115' title="bbox 514 5541 3775 5616">
    <p class='ocr_par' dir='ltr' id='par_1_115' title="bbox 514 5541 3775 5616">
     <span class='ocr_line' id='line_1_115' title="bbox 514 5541 3775 5616; baseline -0 -22"><span class='ocrx_word' id='word_1_852' title='bbox 514 5542 716 5598; x_wconf 84' lang='lat' dir='ltr'><strong>idcirco</strong></span> <span class='ocrx_word' id='word_1_853' title='bbox 764 5563 893 5603; x_wconf 91' lang='lat' dir='ltr'><strong>vero</strong></span> <span class='ocrx_word' id='word_1_854' title='bbox 942 5555 1370 5602; x_wconf 88' lang='lat' dir='ltr'><strong>consentaneum</strong></span> <span class='ocrx_word' id='word_1_855' title='bbox 1412 5553 1516 5607; x_wconf 89' lang='lat' dir='ltr'><strong>est,</strong></span> <span class='ocrx_word' id='word_1_856' title='bbox 1561 5559 1627 5597; x_wconf 90' lang='lat' dir='ltr'><strong>ne</strong></span> <span class='ocrx_word' id='word_1_857' title='bbox 1665 5545 1794 5598; x_wconf 91' lang='lat' dir='ltr'><strong>illud</strong></span> <span class='ocrx_word' id='word_1_858' title='bbox 1823 5549 2042 5616; x_wconf 88' lang='lat' dir='ltr'><strong>quidem</strong></span> <span class='ocrx_word' id='word_1_859' title='bbox 2085 5556 2360 5604; x_wconf 90' lang='lat' dir='ltr'><strong>mortuum</strong></span> <span class='ocrx_word' id='word_1_860' title='bbox 2414 5560 2467 5604; x_wconf 90' lang='lat' dir='ltr'><strong>et</strong></span> <span class='ocrx_word' id='word_1_861' title='bbox 2519 5549 2818 5602; x_wconf 87' lang='lat' dir='ltr'><strong>inanimum</strong></span> <span class='ocrx_word' id='word_1_862' title='bbox 2864 5547 3186 5613; x_wconf 85' lang='lat' dir='ltr'><strong>putandum,</strong></span> <span class='ocrx_word' id='word_1_863' title='bbox 3240 5541 3384 5611; x_wconf 83' lang='lat' dir='ltr'><strong>quod</strong></span> <span class='ocrx_word' id='word_1_864' title='bbox 3433 5541 3500 5595; x_wconf 89' lang='lat' dir='ltr'><strong>de</strong></span> <span class='ocrx_word' id='word_1_865' title='bbox 3541 5554 3775 5610; x_wconf 81' lang='lat' dir='ltr'><strong>corpore</strong></span> 
     </span>
    </p>
   </div>
   <div class='ocr_carea' id='block_1_116' title="bbox 512 5630 3777 5707">
    <p class='ocr_par' dir='ltr' id='par_1_116' title="bbox 512 5630 3777 5707">
     <span class='ocr_line' id='line_1_116' title="bbox 512 5630 3777 5707; baseline 0.003 -30"><span class='ocrx_word' id='word_1_866' title='bbox 512 5630 639 5682; x_wconf 80' lang='lat' dir='ltr'><strong>vim</strong></span> <span class='ocrx_word' id='word_1_867' title='bbox 674 5634 736 5685; x_wconf 87' lang='lat' dir='ltr'><strong>ad</strong></span> <span class='ocrx_word' id='word_1_868' title='bbox 763 5635 1151 5701; x_wconf 84' lang='lat' dir='ltr'><strong>procreandum</strong></span> <span class='ocrx_word' id='word_1_869' title='bbox 1196 5649 1312 5689; x_wconf 90' lang='lat' dir='ltr'><strong>rem</strong></span> <span class='ocrx_word' id='word_1_870' title='bbox 1355 5635 1532 5689; x_wconf 86' lang='lat' dir='ltr'><strong>vivam</strong></span> <span class='ocrx_word' id='word_1_871' title='bbox 1578 5634 1868 5688; x_wconf 89' lang='lat' dir='ltr'><strong>emittitur.</strong></span> <span class='ocrx_word' id='word_1_872' title='bbox 1910 5638 2142 5693; x_wconf 83' lang='lat' dir='ltr'><strong>Carnem</strong></span> <span class='ocrx_word' id='word_1_873' title='bbox 2186 5648 2332 5693; x_wconf 88' lang='lat' dir='ltr'><strong>certe</strong></span> <span class='ocrx_word' id='word_1_874' title='bbox 2377 5638 2523 5707; x_wconf 87' lang='lat' dir='ltr'><strong>quod</strong></span> <span class='ocrx_word' id='word_1_875' title='bbox 2569 5640 2783 5701; x_wconf 89' lang='lat' dir='ltr'><strong>attinet,</strong></span> <span class='ocrx_word' id='word_1_876' title='bbox 2818 5638 3043 5692; x_wconf 90' lang='lat' dir='ltr'><strong>omnino</strong></span> <span class='ocrx_word' id='word_1_877' title='bbox 3082 5651 3145 5690; x_wconf 87' lang='lat' dir='ltr'><strong>ea</strong></span> <span class='ocrx_word' id='word_1_878' title='bbox 3177 5641 3262 5689; x_wconf 89' lang='lat' dir='ltr'><strong>est</strong></span> <span class='ocrx_word' id='word_1_879' title='bbox 3296 5643 3349 5688; x_wconf 89' lang='lat' dir='ltr'><strong>et</strong></span> <span class='ocrx_word' id='word_1_880' title='bbox 3391 5633 3697 5687; x_wconf 78' lang='lat' dir='ltr'><strong>inanimum</strong></span> <span class='ocrx_word' id='word_1_881' title='bbox 3723 5647 3777 5687; x_wconf 87' lang='lat' dir='ltr'><strong>et</strong></span> 
     </span>
    </p>
   </div>
   <div class='ocr_carea' id='block_1_117' title="bbox 517 5724 3770 5802">
    <p class='ocr_par' dir='ltr' id='par_1_117' title="bbox 517 5724 3770 5802">
     <span class='ocr_line' id='line_1_117' title="bbox 517 5724 3770 5802; baseline 0.001 -27"><span class='ocrx_word' id='word_1_882' title='bbox 517 5726 787 5776; x_wconf 82' lang='lat' dir='ltr'><strong>mortuum</strong></span> <span class='ocrx_word' id='word_1_883' title='bbox 837 5739 932 5794; x_wconf 89' lang='lat' dir='ltr'><strong>per</strong></span> <span class='ocrx_word' id='word_1_884' title='bbox 976 5741 1032 5780; x_wconf 88' lang='lat' dir='ltr'><strong>se</strong></span> <span class='ocrx_word' id='word_1_885' title='bbox 1077 5727 1357 5797; x_wconf 86' lang='lat' dir='ltr'><strong>quiddam.</strong></span> <span class='ocrx_word' id='word_1_886' title='bbox 1409 5724 1712 5779; x_wconf 86' lang='lat' dir='ltr'><strong>Mortalitas</strong></span> <span class='ocrx_word' id='word_1_887' title='bbox 1753 5736 1930 5783; x_wconf 86' lang='lat' dir='ltr'><strong>autem</strong></span> <span class='ocrx_word' id='word_1_888' title='bbox 1974 5748 2081 5784; x_wconf 90' lang='lat' dir='ltr'><strong>non</strong></span> <span class='ocrx_word' id='word_1_889' title='bbox 2136 5734 2239 5785; x_wconf 83' lang='lat' dir='ltr'><strong>nisi</strong></span> <span class='ocrx_word' id='word_1_890' title='bbox 2288 5734 2451 5785; x_wconf 79' lang='lat' dir='ltr'><strong>animi</strong></span> <span class='ocrx_word' id='word_1_891' title='bbox 2511 5741 2594 5785; x_wconf 87' lang='lat' dir='ltr'><strong>est</strong></span> <span class='ocrx_word' id='word_1_892' title='bbox 2647 5733 2899 5802; x_wconf 85' lang='lat' dir='ltr'><strong>privatio.</strong></span> <span class='ocrx_word' id='word_1_893' title='bbox 2949 5730 3017 5784; x_wconf 80' lang='lat' dir='ltr'><strong>At</strong></span> <span class='ocrx_word' id='word_1_894' title='bbox 3067 5743 3226 5783; x_wconf 87' lang='lat' dir='ltr'><strong>nemo</strong></span> <span class='ocrx_word' id='word_1_895' title='bbox 3279 5728 3496 5791; x_wconf 77' lang='lat' dir='ltr'><strong>dixerit,</strong></span> <span class='ocrx_word' id='word_1_896' title='bbox 3551 5728 3770 5797; x_wconf 77' lang='lat' dir='ltr'><strong>opinor.</strong></span> 
     </span>
    </p>
   </div>
  </div>
