  <div class='ocr_page' id='page_1' title='image "/cluster/home/n/w/nwhite01/storage/ocr_20150623/44:no.1/coo.31924054869445/126.png"; bbox 0 0 3890 6358; ppageno 0'>
   <div class='ocr_carea' id='block_1_1' title="bbox 157 377 254 431">
    <p class='ocr_par' dir='ltr' id='par_1_1' title="bbox 157 377 254 431">
     <span class='ocr_line' id='line_1_1' title="bbox 157 377 254 431; baseline -0.01 0"><span class='ocrx_word' id='word_1_1' title='bbox 157 377 254 431; x_wconf 72' lang='lat'><strong>9.37</strong></span> 
     </span>
    </p>
   </div>
   <div class='ocr_carea' id='block_1_2' title="bbox 1446 374 2200 431">
    <p class='ocr_par' dir='ltr' id='par_1_2' title="bbox 1446 374 2200 431">
     <span class='ocr_line' id='line_1_2' title="bbox 1446 374 2200 431; baseline 0.003 -4"><span class='ocrx_word' id='word_1_2' title='bbox 1446 374 1532 429; x_wconf 76' lang='lat' dir='ltr'><strong>DF.</strong></span> <span class='ocrx_word' id='word_1_3' title='bbox 1574 374 1853 431; x_wconf 62' lang='lat' dir='ltr'><strong>IlUflllNlS</strong></span> <span class='ocrx_word' id='word_1_4' title='bbox 1892 374 2200 429; x_wconf 82' lang='lat' dir='ltr'><strong>OPIFlClO.</strong></span> 
     </span>
    </p>
   </div>
   <div class='ocr_carea' id='block_1_3' title="bbox 3339 385 3444 437">
    <p class='ocr_par' dir='ltr' id='par_1_3' title="bbox 3339 385 3444 437">
     <span class='ocr_line' id='line_1_3' title="bbox 3339 385 3444 437; baseline 0 -1"><span class='ocrx_word' id='word_1_5' title='bbox 3339 385 3444 437; x_wconf 64' lang='lat'><strong>9.78</strong></span> 
     </span>
    </p>
   </div>
   <div class='ocr_carea' id='block_1_4' title="bbox 160 490 3437 567">
    <p class='ocr_par' dir='ltr' id='par_1_4' title="bbox 160 490 3437 567">
     <span class='ocr_line' id='line_1_4' title="bbox 160 490 3437 567; baseline 0.002 -19"><span class='ocrx_word' id='word_1_6' title='bbox 160 495 342 549; x_wconf 85' lang='lat' dir='ltr'><strong>habitu</strong></span> <span class='ocrx_word' id='word_1_7' title='bbox 384 495 754 564; x_wconf 81' lang='lat' dir='ltr'><strong>privationem</strong></span> <span class='ocrx_word' id='word_1_8' title='bbox 797 496 1030 567; x_wconf 92' lang='lat' dir='ltr'><strong>priorem</strong></span> <span class='ocrx_word' id='word_1_9' title='bbox 1064 507 1228 548; x_wconf 88' lang='lat' dir='ltr'><strong>esse:</strong></span> <span class='ocrx_word' id='word_1_10' title='bbox 1273 490 1419 562; x_wconf 88' lang='lat' dir='ltr'><strong>quod</strong></span> <span class='ocrx_word' id='word_1_11' title='bbox 1465 494 1618 562; x_wconf 89' lang='lat' dir='ltr'><strong>sequi</strong></span> <span class='ocrx_word' id='word_1_12' title='bbox 1687 508 1911 550; x_wconf 88' lang='lat' dir='ltr'><strong>necesse</strong></span> <span class='ocrx_word' id='word_1_13' title='bbox 1940 501 2047 559; x_wconf 88' lang='lat' dir='ltr'><strong>est,</strong></span> <span class='ocrx_word' id='word_1_14' title='bbox 2079 494 2124 548; x_wconf 89' lang='lat' dir='ltr'><strong>si</strong></span> <span class='ocrx_word' id='word_1_15' title='bbox 2167 494 2291 564; x_wconf 83' lang='lat' dir='ltr'><strong>quis</strong></span> <span class='ocrx_word' id='word_1_16' title='bbox 2339 508 2583 559; x_wconf 86' lang='lat' dir='ltr'><strong>carnem,</strong></span> <span class='ocrx_word' id='word_1_17' title='bbox 2633 510 2754 565; x_wconf 84' lang='lat' dir='ltr'><strong>quae</strong></span> <span class='ocrx_word' id='word_1_18' title='bbox 2804 497 3062 566; x_wconf 78' lang='lat' dir='ltr'><strong>quiddam</strong></span> <span class='ocrx_word' id='word_1_19' title='bbox 3112 506 3195 555; x_wconf 91' lang='lat' dir='ltr'><strong>est</strong></span> <span class='ocrx_word' id='word_1_20' title='bbox 3263 498 3371 553; x_wconf 81' lang='lat' dir='ltr'><strong>ium</strong></span> <span class='ocrx_word' id='word_1_21' title='bbox 3398 504 3437 553; x_wconf 84' lang='lat' dir='ltr'><strong>i-</strong></span> 
     </span>
    </p>
   </div>
   <div class='ocr_carea' id='block_1_5' title="bbox 160 584 1752 655">
    <p class='ocr_par' dir='ltr' id='par_1_5' title="bbox 160 584 1752 655">
     <span class='ocr_line' id='line_1_5' title="bbox 160 584 1752 655; baseline 0.002 -17"><span class='ocrx_word' id='word_1_22' title='bbox 160 601 332 650; x_wconf 88' lang='lat' dir='ltr'><strong>mum,</strong></span> <span class='ocrx_word' id='word_1_23' title='bbox 379 588 489 641; x_wconf 88' lang='lat' dir='ltr'><strong>hoc</strong></span> <span class='ocrx_word' id='word_1_24' title='bbox 527 596 616 642; x_wconf 85' lang='lat' dir='ltr'><strong>est</strong></span> <span class='ocrx_word' id='word_1_25' title='bbox 658 598 959 650; x_wconf 90' lang='lat' dir='ltr'><strong>mortuum,</strong></span> <span class='ocrx_word' id='word_1_26' title='bbox 990 586 1068 639; x_wconf 95' lang='lat' dir='ltr'><strong>ait</strong></span> <span class='ocrx_word' id='word_1_27' title='bbox 1111 585 1299 640; x_wconf 91' lang='lat' dir='ltr'><strong>animo</strong></span> <span class='ocrx_word' id='word_1_28' title='bbox 1338 584 1574 655; x_wconf 86' lang='lat' dir='ltr'><strong>priorem</strong></span> <span class='ocrx_word' id='word_1_29' title='bbox 1610 601 1752 641; x_wconf 89' lang='lat' dir='ltr'><strong>esse.</strong></span> 
     </span>
    </p>
   </div>
   <div class='ocr_carea' id='block_1_6' title="bbox 230 671 1740 751">
    <p class='ocr_par' dir='ltr' id='par_1_6' title="bbox 230 677 1740 751">
     <span class='ocr_line' id='line_1_6' title="bbox 230 677 1740 751; baseline -0.001 -19"><span class='ocrx_word' id='word_1_30' title='bbox 230 680 294 732; x_wconf 80' lang='grc' dir='ltr'>Εί</span> <span class='ocrx_word' id='word_1_31' title='bbox 317 679 373 732; x_wconf 82' lang='grc' dir='ltr'>δέ</span> <span class='ocrx_word' id='word_1_32' title='bbox 411 696 499 742; x_wconf 81' lang='grc' dir='ltr'><strong>τις</strong></span> <span class='ocrx_word' id='word_1_33' title='bbox 533 681 631 733; x_wconf 75' lang='grc' dir='ltr'>καὶ</span> <span class='ocrx_word' id='word_1_34' title='bbox 667 679 1054 751; x_wconf 74' lang='grc' dir='ltr'><strong>ἐναργέστερον</strong></span> <span class='ocrx_word' id='word_1_35' title='bbox 1092 678 1280 749; x_wconf 78' lang='grc' dir='ltr'><strong>ζητοίη</strong></span> <span class='ocrx_word' id='word_1_36' title='bbox 1322 680 1620 749; x_wconf 83' lang='grc' dir='ltr'>τεκμήριον</span> <span class='ocrx_word' id='word_1_37' title='bbox 1647 677 1740 731; x_wconf 89' lang='grc' dir='ltr'><strong>τοῦ</strong></span> 
     </span>
    </p>
   </div>
   <div class='ocr_carea' id='block_1_7' title="bbox 1844 671 3436 751">
    <p class='ocr_par' dir='ltr' id='par_1_7' title="bbox 1919 671 3436 743">
     <span class='ocr_line' id='line_1_7' title="bbox 1919 671 3436 743; baseline 0.009 -19"><span class='ocrx_word' id='word_1_38' title='bbox 1919 671 2075 737; x_wconf 85' lang='lat' dir='ltr'><strong>Quod</strong></span> <span class='ocrx_word' id='word_1_39' title='bbox 2112 671 2157 727; x_wconf 92' lang='lat' dir='ltr'><strong>si</strong></span> <span class='ocrx_word' id='word_1_40' title='bbox 2194 672 2317 741; x_wconf 86' lang='lat' dir='ltr'><strong>quis</strong></span> <span class='ocrx_word' id='word_1_41' title='bbox 2364 681 2744 743; x_wconf 77' lang='lat' dir='ltr'><strong>argumentum</strong></span> <span class='ocrx_word' id='word_1_42' title='bbox 2813 676 3089 732; x_wconf 80' lang='lat' dir='ltr'><strong>desiderat</strong></span> <span class='ocrx_word' id='word_1_43' title='bbox 3144 680 3436 743; x_wconf 73' lang='lat' dir='ltr'><strong>illustrius,</strong></span> 
     </span>
    </p>
   </div>
   <div class='ocr_carea' id='block_1_8' title="bbox 163 770 1753 845">
    <p class='ocr_par' dir='ltr' id='par_1_8' title="bbox 163 770 1753 845">
     <span class='ocr_line' id='line_1_8' title="bbox 163 770 1753 845; baseline -0.001 -21"><span class='ocrx_word' id='word_1_44' title='bbox 163 773 264 843; x_wconf 73' lang='grc' dir='ltr'><strong>ζῇν</strong></span> <span class='ocrx_word' id='word_1_45' title='bbox 293 773 474 827; x_wconf 71' lang='grc' dir='ltr'>ἐκεῖνο</span> <span class='ocrx_word' id='word_1_46' title='bbox 500 774 562 826; x_wconf 84' lang='grc' dir='ltr'>τὺ</span> <span class='ocrx_word' id='word_1_47' title='bbox 597 773 795 845; x_wconf 81' lang='grc' dir='ltr'><strong>μέρος,</strong></span> <span class='ocrx_word' id='word_1_48' title='bbox 819 775 957 844; x_wconf 79' lang='grc' dir='ltr'>ὅπερ</span> <span class='ocrx_word' id='word_1_49' title='bbox 986 772 1127 843; x_wconf 82' lang='grc' dir='ltr'>ἀρχὴ</span> <span class='ocrx_word' id='word_1_50' title='bbox 1161 770 1253 823; x_wconf 83' lang='grc' dir='ltr'><strong>τοῦ</strong></span> <span class='ocrx_word' id='word_1_51' title='bbox 1277 770 1753 841; x_wconf 78' lang='grc' dir='ltr'>κατασκευαζομέ-</span> 
     </span>
    </p>
   </div>
   <div class='ocr_carea' id='block_1_9' title="bbox 163 861 1753 932">
    <p class='ocr_par' dir='ltr' id='par_1_9' title="bbox 163 861 1753 932">
     <span class='ocr_line' id='line_1_9' title="bbox 163 861 1753 932; baseline -0.001 -18"><span class='ocrx_word' id='word_1_52' title='bbox 163 880 254 914; x_wconf 83' lang='grc' dir='ltr'><strong>νου</strong></span> <span class='ocrx_word' id='word_1_53' title='bbox 283 861 497 927; x_wconf 81' lang='grc' dir='ltr'>γίνεται</span> <span class='ocrx_word' id='word_1_54' title='bbox 541 861 705 929; x_wconf 79' lang='grc' dir='ltr'>ζώου,</span> <span class='ocrx_word' id='word_1_55' title='bbox 754 864 979 917; x_wconf 85' lang='grc' dir='ltr'>δυνατόν</span> <span class='ocrx_word' id='word_1_56' title='bbox 1018 864 1133 916; x_wconf 81' lang='grc' dir='ltr'>ἐστι</span> <span class='ocrx_word' id='word_1_57' title='bbox 1177 862 1273 915; x_wconf 79' lang='grc' dir='ltr'><strong>καὶ</strong></span> <span class='ocrx_word' id='word_1_58' title='bbox 1328 861 1394 914; x_wconf 85' lang='grc' dir='ltr'>δι’</span> <span class='ocrx_word' id='word_1_59' title='bbox 1428 862 1602 915; x_wconf 85' lang='grc' dir='ltr'>ἄλλων</span> <span class='ocrx_word' id='word_1_60' title='bbox 1655 879 1753 932; x_wconf 85' lang='grc' dir='ltr'>ση-</span> 
     </span>
    </p>
   </div>
   <div class='ocr_carea' id='block_1_10' title="bbox 167 945 1751 1024">
    <p class='ocr_par' dir='ltr' id='par_1_10' title="bbox 167 945 1751 1024">
     <span class='ocr_line' id='line_1_10' title="bbox 167 945 1751 1024; baseline 0.001 -22"><span class='ocrx_word' id='word_1_61' title='bbox 167 951 357 1021; x_wconf 85' lang='grc' dir='ltr'>μείων,</span> <span class='ocrx_word' id='word_1_62' title='bbox 392 952 458 1005; x_wconf 75' lang='grc' dir='ltr'>δι’</span> <span class='ocrx_word' id='word_1_63' title='bbox 480 945 554 1005; x_wconf 83' lang='grc' dir='ltr'>ὧν</span> <span class='ocrx_word' id='word_1_64' title='bbox 583 952 645 1005; x_wconf 82' lang='grc' dir='ltr'>τὸ</span> <span class='ocrx_word' id='word_1_65' title='bbox 685 952 925 1024; x_wconf 72' lang='grc' dir='ltr'>ἔμψυχον</span> <span class='ocrx_word' id='word_1_66' title='bbox 955 955 1019 1005; x_wconf 86' lang='grc' dir='ltr'>ὲκ</span> <span class='ocrx_word' id='word_1_67' title='bbox 1054 950 1146 1004; x_wconf 90' lang='grc' dir='ltr'><strong>τοῦ</strong></span> <span class='ocrx_word' id='word_1_68' title='bbox 1173 951 1368 1023; x_wconf 89' lang='grc' dir='ltr'>νεκροῦ</span> <span class='ocrx_word' id='word_1_69' title='bbox 1396 952 1751 1023; x_wconf 75' lang='grc' dir='ltr'>διακρίνεται,</span> 
     </span>
    </p>
   </div>
   <div class='ocr_carea' id='block_1_11' title="bbox 164 1040 1754 1113">
    <p class='ocr_par' dir='ltr' id='par_1_11' title="bbox 164 1040 1754 1113">
     <span class='ocr_line' id='line_1_11' title="bbox 164 1040 1754 1113; baseline 0 -19"><span class='ocrx_word' id='word_1_70' title='bbox 164 1041 262 1094; x_wconf 64' lang='grc' dir='ltr'><strong>δια)⁴</strong></span> <span class='ocrx_word' id='word_1_71' title='bbox 296 1043 426 1113; x_wconf 75' lang='grc' dir='ltr'>περὶ</span> <span class='ocrx_word' id='word_1_72' title='bbox 454 1042 644 1096; x_wconf 78' lang='grc' dir='ltr'>τούτου</span> <span class='ocrx_word' id='word_1_73' title='bbox 675 1043 1032 1112; x_wconf 77' lang='grc' dir='ltr'>κατανοῆσαι.</span> <span class='ocrx_word' id='word_1_74' title='bbox 1064 1042 1375 1112; x_wconf 85' lang='grc' dir='ltr'>Τεκμήριον</span> <span class='ocrx_word' id='word_1_75' title='bbox 1405 1041 1510 1113; x_wconf 77' lang='grc' dir='ltr'><strong>γάρ</strong></span> <span class='ocrx_word' id='word_1_76' title='bbox 1535 1040 1627 1094; x_wconf 88' lang='grc' dir='ltr'><strong>τοῦ</strong></span> <span class='ocrx_word' id='word_1_77' title='bbox 1655 1042 1754 1112; x_wconf 79' lang='grc' dir='ltr'><strong>ζῇν</strong></span> 
     </span>
    </p>
   </div>
   <div class='ocr_carea' id='block_1_12' title="bbox 165 1129 1754 1205">
    <p class='ocr_par' dir='ltr' id='par_1_12' title="bbox 165 1129 1754 1205">
     <span class='ocr_line' id='line_1_12' title="bbox 165 1129 1754 1205; baseline 0 -19"><span class='ocrx_word' id='word_1_78' title='bbox 165 1134 258 1187; x_wconf 72' lang='grc' dir='ltr'>ἐπὶ</span> <span class='ocrx_word' id='word_1_79' title='bbox 291 1132 403 1186; x_wconf 81' lang='grc' dir='ltr'><strong>τῶν</strong></span> <span class='ocrx_word' id='word_1_80' title='bbox 434 1133 737 1205; x_wconf 87' lang='grc' dir='ltr'>ἀνθρώπων</span> <span class='ocrx_word' id='word_1_81' title='bbox 770 1133 1093 1205; x_wconf 79' lang='grc' dir='ltr'>ποιούμεθα,</span> <span class='ocrx_word' id='word_1_82' title='bbox 1124 1133 1187 1186; x_wconf 84' lang='grc' dir='ltr'><strong>τὸ</strong></span> <span class='ocrx_word' id='word_1_83' title='bbox 1214 1132 1414 1203; x_wconf 79' lang='grc' dir='ltr'>θερμὸν</span> <span class='ocrx_word' id='word_1_84' title='bbox 1456 1129 1594 1186; x_wconf 79' lang='grc' dir='ltr'>εἷναί</span> <span class='ocrx_word' id='word_1_85' title='bbox 1632 1149 1754 1186; x_wconf 77' lang='grc' dir='ltr'>τινα</span> 
     </span>
    </p>
   </div>
   <div class='ocr_carea' id='block_1_13' title="bbox 166 1225 1751 1297">
    <p class='ocr_par' dir='ltr' id='par_1_13' title="bbox 166 1225 1751 1297">
     <span class='ocr_line' id='line_1_13' title="bbox 166 1225 1751 1297; baseline -0.001 -18"><span class='ocrx_word' id='word_1_86' title='bbox 166 1226 263 1279; x_wconf 69' lang='grc' dir='ltr'><strong>καὶ</strong></span> <span class='ocrx_word' id='word_1_87' title='bbox 300 1226 526 1295; x_wconf 73' lang='grc' dir='ltr'>ἐνεργὸν</span> <span class='ocrx_word' id='word_1_88' title='bbox 554 1227 649 1280; x_wconf 77' lang='grc' dir='ltr'><strong>καὶ</strong></span> <span class='ocrx_word' id='word_1_89' title='bbox 680 1226 1016 1297; x_wconf 76' lang='grc' dir='ltr'>κινούμενον.</span> <span class='ocrx_word' id='word_1_90' title='bbox 1048 1225 1121 1278; x_wconf 75' lang='grc' dir='ltr'><strong>Τὸ</strong></span> <span class='ocrx_word' id='word_1_91' title='bbox 1163 1226 1218 1279; x_wconf 79' lang='grc' dir='ltr'><strong>δὲ</strong></span> <span class='ocrx_word' id='word_1_92' title='bbox 1250 1225 1661 1296; x_wconf 71' lang='grc' dir='ltr'><strong>κατεψυγμένον</strong></span> <span class='ocrx_word' id='word_1_93' title='bbox 1693 1242 1751 1277; x_wconf 88' lang='grc' dir='ltr'><strong>τε</strong></span> 
     </span>
    </p>
   </div>
   <div class='ocr_carea' id='block_1_14' title="bbox 164 1314 1752 1389">
    <p class='ocr_par' dir='ltr' id='par_1_14' title="bbox 164 1314 1752 1389">
     <span class='ocr_line' id='line_1_14' title="bbox 164 1314 1752 1389; baseline -0.003 -18"><span class='ocrx_word' id='word_1_94' title='bbox 164 1319 262 1371; x_wconf 69' lang='grc' dir='ltr'>καὶ</span> <span class='ocrx_word' id='word_1_95' title='bbox 290 1317 547 1389; x_wconf 80' lang='grc' dir='ltr'>ἀκίνητον</span> <span class='ocrx_word' id='word_1_96' title='bbox 578 1318 668 1370; x_wconf 74' lang='grc' dir='ltr'>ἐπὶ</span> <span class='ocrx_word' id='word_1_97' title='bbox 712 1317 818 1371; x_wconf 82' lang='grc' dir='ltr'><strong>τῶν</strong></span> <span class='ocrx_word' id='word_1_98' title='bbox 867 1317 1155 1388; x_wconf 83' lang='grc' dir='ltr'>σωμάτων,</span> <span class='ocrx_word' id='word_1_99' title='bbox 1185 1317 1336 1370; x_wconf 77' lang='grc' dir='ltr'>οὐδὲν</span> <span class='ocrx_word' id='word_1_100' title='bbox 1365 1316 1551 1387; x_wconf 80' lang='grc' dir='ltr'>ἓτερον</span> <span class='ocrx_word' id='word_1_101' title='bbox 1599 1317 1647 1368; x_wconf 83' lang='grc' dir='ltr'><strong>εί</strong></span> <span class='ocrx_word' id='word_1_102' title='bbox 1678 1314 1752 1387; x_wconf 83' lang='grc' dir='ltr'><strong>μὴ</strong></span> 
     </span>
    </p>
   </div>
   <div class='ocr_carea' id='block_1_15' title="bbox 162 1408 1751 1481">
    <p class='ocr_par' dir='ltr' id='par_1_15' title="bbox 162 1408 1751 1481">
     <span class='ocr_line' id='line_1_15' title="bbox 162 1408 1751 1481; baseline -0.001 -19"><span class='ocrx_word' id='word_1_103' title='bbox 162 1410 430 1481; x_wconf 77' lang='grc' dir='ltr'>νεκρότης</span> <span class='ocrx_word' id='word_1_104' title='bbox 454 1409 620 1463; x_wconf 82' lang='grc' dir='ltr'>ἐστίν.</span> <span class='ocrx_word' id='word_1_105' title='bbox 656 1409 874 1480; x_wconf 82' lang='grc' dir='ltr'>Ἐπειδὴ</span> <span class='ocrx_word' id='word_1_106' title='bbox 898 1409 1076 1462; x_wconf 83' lang='grc' dir='ltr'>τοίνυν</span> <span class='ocrx_word' id='word_1_107' title='bbox 1102 1408 1358 1479; x_wconf 74' lang='grc' dir='ltr'>ἔνθερμον</span> <span class='ocrx_word' id='word_1_108' title='bbox 1390 1425 1445 1461; x_wconf 90' lang='grc' dir='ltr'><strong>τε</strong></span> <span class='ocrx_word' id='word_1_109' title='bbox 1478 1409 1570 1461; x_wconf 78' lang='grc' dir='ltr'><strong>καὶ</strong></span> <span class='ocrx_word' id='word_1_110' title='bbox 1601 1409 1751 1480; x_wconf 78' lang='grc' dir='ltr'>ἐνερ-</span> 
     </span>
    </p>
   </div>
   <div class='ocr_carea' id='block_1_16' title="bbox 162 1491 1750 1570">
    <p class='ocr_par' dir='ltr' id='par_1_16' title="bbox 162 1491 1750 1570">
     <span class='ocr_line' id='line_1_16' title="bbox 162 1491 1750 1570; baseline -0.001 -17"><span class='ocrx_word' id='word_1_111' title='bbox 162 1504 262 1568; x_wconf 76' lang='grc' dir='ltr'><strong>γὸν</strong></span> <span class='ocrx_word' id='word_1_112' title='bbox 296 1500 607 1570; x_wconf 80' lang='grc' dir='ltr'>θεωροῦμεν</span> <span class='ocrx_word' id='word_1_113' title='bbox 629 1499 804 1564; x_wconf 89' lang='grc' dir='ltr'>τοῦτο,</span> <span class='ocrx_word' id='word_1_114' title='bbox 841 1499 967 1570; x_wconf 78' lang='grc' dir='ltr'>περὶ</span> <span class='ocrx_word' id='word_1_115' title='bbox 1008 1491 1068 1551; x_wconf 76' lang='grc' dir='ltr'>οὗ</span> <span class='ocrx_word' id='word_1_116' title='bbox 1112 1498 1202 1552; x_wconf 70' lang='grc' dir='ltr'>τὸν</span> <span class='ocrx_word' id='word_1_117' title='bbox 1235 1499 1390 1567; x_wconf 84' lang='grc' dir='ltr'>λόγον</span> <span class='ocrx_word' id='word_1_118' title='bbox 1432 1497 1750 1568; x_wconf 77' lang='grc' dir='ltr'>ποιούμεθα,</span> 
     </span>
    </p>
   </div>
   <div class='ocr_carea' id='block_1_17' title="bbox 163 1586 1748 1662">
    <p class='ocr_par' dir='ltr' id='par_1_17' title="bbox 163 1586 1748 1662">
     <span class='ocr_line' id='line_1_17' title="bbox 163 1586 1748 1662; baseline -0.001 -19"><span class='ocrx_word' id='word_1_119' title='bbox 163 1590 227 1643; x_wconf 85' lang='grc' dir='ltr'>τὸ</span> <span class='ocrx_word' id='word_1_120' title='bbox 256 1591 395 1662; x_wconf 84' lang='grc' dir='ltr'>μηδὲ</span> <span class='ocrx_word' id='word_1_121' title='bbox 427 1590 631 1661; x_wconf 66' lang='grc' dir='ltr'>ἄψυχον</span> <span class='ocrx_word' id='word_1_122' title='bbox 664 1586 803 1644; x_wconf 79' lang='grc' dir='ltr'>εἶναι</span> <span class='ocrx_word' id='word_1_123' title='bbox 833 1590 919 1643; x_wconf 75' lang='grc' dir='ltr'>διὰ</span> <span class='ocrx_word' id='word_1_124' title='bbox 964 1590 1169 1643; x_wconf 72' lang='grc' dir='ltr'>τούτων</span> <span class='ocrx_word' id='word_1_125' title='bbox 1218 1589 1748 1662; x_wconf 78' lang='grc' dir='ltr'>συντεκμαιρόμεθα.</span> 
     </span>
    </p>
   </div>
   <div class='ocr_carea' id='block_1_18' title="bbox 178 1680 1748 1753">
    <p class='ocr_par' dir='ltr' id='par_1_18' title="bbox 178 1680 1748 1753">
     <span class='ocr_line' id='line_1_18' title="bbox 178 1680 1748 1753; baseline -0.001 -19"><span class='ocrx_word' id='word_1_126' title='bbox 178 1681 322 1734; x_wconf 82' lang='grc' dir='ltr'>Ἀλλ’</span> <span class='ocrx_word' id='word_1_127' title='bbox 369 1680 560 1753; x_wconf 85' lang='grc' dir='ltr'>ὥσπερ</span> <span class='ocrx_word' id='word_1_128' title='bbox 615 1681 754 1736; x_wconf 87' lang='grc' dir='ltr'><strong>κατά</strong></span> <span class='ocrx_word' id='word_1_129' title='bbox 790 1681 848 1734; x_wconf 85' lang='grc' dir='ltr'><strong>τὸ</strong></span> <span class='ocrx_word' id='word_1_130' title='bbox 898 1681 1211 1752; x_wconf 75' lang='grc' dir='ltr'>σωματικὸν</span> <span class='ocrx_word' id='word_1_131' title='bbox 1265 1680 1430 1734; x_wconf 82' lang='grc' dir='ltr'>αὐτοῦ</span> <span class='ocrx_word' id='word_1_132' title='bbox 1482 1682 1647 1752; x_wconf 80' lang='grc' dir='ltr'>μέρος</span> <span class='ocrx_word' id='word_1_133' title='bbox 1689 1680 1748 1732; x_wconf 79' lang='grc' dir='ltr'><strong>οὐ</strong></span> 
     </span>
    </p>
   </div>
   <div class='ocr_carea' id='block_1_19' title="bbox 166 1770 1751 1842">
    <p class='ocr_par' dir='ltr' id='par_1_19' title="bbox 166 1770 1751 1842">
     <span class='ocr_line' id='line_1_19' title="bbox 166 1770 1751 1842; baseline 0.002 -20"><span class='ocrx_word' id='word_1_134' title='bbox 166 1770 349 1841; x_wconf 81' lang='grc' dir='ltr'>σάρκα</span> <span class='ocrx_word' id='word_1_135' title='bbox 379 1773 555 1842; x_wconf 74' lang='grc' dir='ltr'>φαμὲν</span> <span class='ocrx_word' id='word_1_136' title='bbox 594 1772 744 1837; x_wconf 75' lang='grc' dir='ltr'>αὐτὸ,</span> <span class='ocrx_word' id='word_1_137' title='bbox 780 1772 875 1824; x_wconf 78' lang='grc' dir='ltr'><strong>καὶ</strong></span> <span class='ocrx_word' id='word_1_138' title='bbox 917 1771 1101 1837; x_wconf 82' lang='grc' dir='ltr'>ὀστέα,</span> <span class='ocrx_word' id='word_1_139' title='bbox 1142 1772 1235 1825; x_wconf 76' lang='grc' dir='ltr'><strong>καὶ</strong></span> <span class='ocrx_word' id='word_1_140' title='bbox 1274 1772 1486 1841; x_wconf 84' lang='grc' dir='ltr'>τρίχας,</span> <span class='ocrx_word' id='word_1_141' title='bbox 1523 1770 1614 1825; x_wconf 82' lang='grc' dir='ltr'><strong>καὶ</strong></span> <span class='ocrx_word' id='word_1_142' title='bbox 1652 1770 1751 1825; x_wconf 81' lang='grc' dir='ltr'>ὅσα</span> 
     </span>
    </p>
   </div>
   <div class='ocr_carea' id='block_1_20' title="bbox 163 1861 1744 1934">
    <p class='ocr_par' dir='ltr' id='par_1_20' title="bbox 163 1861 1744 1934">
     <span class='ocr_line' id='line_1_20' title="bbox 163 1861 1744 1934; baseline -0.001 -19"><span class='ocrx_word' id='word_1_143' title='bbox 163 1863 299 1933; x_wconf 74' lang='grc' dir='ltr'>περὶ</span> <span class='ocrx_word' id='word_1_144' title='bbox 327 1862 386 1916; x_wconf 83' lang='grc' dir='ltr'><strong>τδ</strong></span> <span class='ocrx_word' id='word_1_145' title='bbox 407 1863 741 1932; x_wconf 80' lang='grc' dir='ltr'>ἀνθρώπινον</span> <span class='ocrx_word' id='word_1_146' title='bbox 768 1863 1092 1934; x_wconf 76' lang='grc' dir='ltr'>καθορᾶται,</span> <span class='ocrx_word' id='word_1_147' title='bbox 1129 1862 1263 1915; x_wconf 74' lang='grc' dir='ltr'>ἀλλὰ</span> <span class='ocrx_word' id='word_1_148' title='bbox 1297 1865 1361 1933; x_wconf 76' lang='grc' dir='ltr'>τῇ</span> <span class='ocrx_word' id='word_1_149' title='bbox 1390 1862 1617 1933; x_wconf 82' lang='grc' dir='ltr'>δυνάμει</span> <span class='ocrx_word' id='word_1_150' title='bbox 1646 1861 1744 1933; x_wconf 83' lang='grc' dir='ltr'><strong>μὲν</strong></span> 
     </span>
    </p>
   </div>
   <div class='ocr_carea' id='block_1_21' title="bbox 161 1953 1747 2025">
    <p class='ocr_par' dir='ltr' id='par_1_21' title="bbox 161 1953 1747 2025">
     <span class='ocr_line' id='line_1_21' title="bbox 161 1953 1747 2025; baseline -0.001 -18"><span class='ocrx_word' id='word_1_151' title='bbox 161 1956 369 2007; x_wconf 84' lang='grc' dir='ltr'>τούτων</span> <span class='ocrx_word' id='word_1_152' title='bbox 416 1953 641 2007; x_wconf 77' lang='grc' dir='ltr'>ἕκαστον</span> <span class='ocrx_word' id='word_1_153' title='bbox 682 1953 840 2018; x_wconf 80' lang='grc' dir='ltr'>εἶναι,</span> <span class='ocrx_word' id='word_1_154' title='bbox 878 1953 1031 2007; x_wconf 72' lang='grc' dir='ltr'>οὔπω</span> <span class='ocrx_word' id='word_1_155' title='bbox 1078 1954 1133 2007; x_wconf 83' lang='grc' dir='ltr'><strong>δὲ</strong></span> <span class='ocrx_word' id='word_1_156' title='bbox 1173 1953 1314 2007; x_wconf 76' lang='grc' dir='ltr'>κατὰ</span> <span class='ocrx_word' id='word_1_157' title='bbox 1362 1954 1422 2007; x_wconf 87' lang='grc' dir='ltr'><strong>τὸ</strong></span> <span class='ocrx_word' id='word_1_158' title='bbox 1471 1954 1747 2025; x_wconf 82' lang='grc' dir='ltr'>ὁρώμενον</span> 
     </span>
    </p>
   </div>
   <div class='ocr_carea' id='block_1_22' title="bbox 1857 764 3437 842">
    <p class='ocr_par' dir='ltr' id='par_1_22' title="bbox 1857 764 3437 842">
     <span class='ocr_line' id='line_1_22' title="bbox 1857 764 3437 842; baseline 0.006 -23"><span class='ocrx_word' id='word_1_159' title='bbox 1857 766 1923 819; x_wconf 91' lang='lat' dir='ltr'><strong>de</strong></span> <span class='ocrx_word' id='word_1_160' title='bbox 1961 780 2069 835; x_wconf 86' lang='lat' dir='ltr'><strong>quo</strong></span> <span class='ocrx_word' id='word_1_161' title='bbox 2115 764 2426 832; x_wconf 75' lang='lat' dir='ltr'><strong>colligatur,</strong></span> <span class='ocrx_word' id='word_1_162' title='bbox 2461 780 2583 819; x_wconf 83' lang='lat' dir='ltr'><strong>esse</strong></span> <span class='ocrx_word' id='word_1_163' title='bbox 2629 773 2840 834; x_wconf 88' lang='lat' dir='ltr'><strong>partem</strong></span> <span class='ocrx_word' id='word_1_164' title='bbox 2870 782 3012 834; x_wconf 89' lang='lat' dir='ltr'><strong>eam,</strong></span> <span class='ocrx_word' id='word_1_165' title='bbox 3055 786 3177 841; x_wconf 72' lang='lat' dir='ltr'><strong>qua:</strong></span> <span class='ocrx_word' id='word_1_166' title='bbox 3229 775 3437 842; x_wconf 85' lang='lat' dir='ltr'><strong>princi-</strong></span> 
     </span>
    </p>
   </div>
   <div class='ocr_carea' id='block_1_23' title="bbox 1856 856 3433 933">
    <p class='ocr_par' dir='ltr' id='par_1_23' title="bbox 1856 856 3433 933">
     <span class='ocr_line' id='line_1_23' title="bbox 1856 856 3433 933; baseline 0.008 -26"><span class='ocrx_word' id='word_1_167' title='bbox 1856 856 2005 925; x_wconf 90' lang='lat' dir='ltr'><strong>pium</strong></span> <span class='ocrx_word' id='word_1_168' title='bbox 2039 865 2123 909; x_wconf 87' lang='lat' dir='ltr'><strong>est</strong></span> <span class='ocrx_word' id='word_1_169' title='bbox 2166 856 2423 909; x_wconf 79' lang='lat' dir='ltr'><strong>animalis</strong></span> <span class='ocrx_word' id='word_1_170' title='bbox 2466 857 2609 924; x_wconf 92' lang='lat' dir='ltr'><strong>quod</strong></span> <span class='ocrx_word' id='word_1_171' title='bbox 2647 858 2912 927; x_wconf 79' lang='lat' dir='ltr'><strong>gignitur,</strong></span> <span class='ocrx_word' id='word_1_172' title='bbox 2950 862 3058 914; x_wconf 89' lang='lat' dir='ltr'><strong>vita</strong></span> <span class='ocrx_word' id='word_1_173' title='bbox 3109 866 3433 933; x_wconf 72' lang='lat' dir='ltr'><strong>prmditam:</strong></span> 
     </span>
    </p>
   </div>
   <div class='ocr_carea' id='block_1_24' title="bbox 1857 945 3435 1022">
    <p class='ocr_par' dir='ltr' id='par_1_24' title="bbox 1857 945 3435 1022">
     <span class='ocr_line' id='line_1_24' title="bbox 1857 945 3435 1022; baseline 0.006 -23"><span class='ocrx_word' id='word_1_174' title='bbox 1857 945 1933 999; x_wconf 90' lang='lat' dir='ltr'><strong>uti</strong></span> <span class='ocrx_word' id='word_1_175' title='bbox 1965 946 2163 1016; x_wconf 89' lang='lat' dir='ltr'><strong>poterit</strong></span> <span class='ocrx_word' id='word_1_176' title='bbox 2211 946 2387 1016; x_wconf 82' lang='lat' dir='ltr'><strong>signis</strong></span> <span class='ocrx_word' id='word_1_177' title='bbox 2438 948 2601 1001; x_wconf 87' lang='lat' dir='ltr'><strong>etiam</strong></span> <span class='ocrx_word' id='word_1_178' title='bbox 2663 950 2897 1014; x_wconf 88' lang='lat' dir='ltr'><strong>caeteris,</strong></span> <span class='ocrx_word' id='word_1_179' title='bbox 2935 951 3001 1006; x_wconf 91' lang='lat' dir='ltr'><strong>de</strong></span> <span class='ocrx_word' id='word_1_180' title='bbox 3047 955 3249 1022; x_wconf 87' lang='lat' dir='ltr'><strong>quibus</strong></span> <span class='ocrx_word' id='word_1_181' title='bbox 3285 958 3435 1012; x_wconf 89' lang='lat' dir='ltr'><strong>inter</strong></span> 
     </span>
    </p>
   </div>
   <div class='ocr_carea' id='block_1_25' title="bbox 1858 1038 3431 1104">
    <p class='ocr_par' dir='ltr' id='par_1_25' title="bbox 1858 1038 3431 1104">
     <span class='ocr_line' id='line_1_25' title="bbox 1858 1038 3431 1104; baseline 0.009 -14"><span class='ocrx_word' id='word_1_182' title='bbox 1858 1053 1948 1092; x_wconf 87' lang='lat' dir='ltr'><strong>res</strong></span> <span class='ocrx_word' id='word_1_183' title='bbox 1981 1038 2251 1092; x_wconf 81' lang='lat' dir='ltr'><strong>animatas</strong></span> <span class='ocrx_word' id='word_1_184' title='bbox 2276 1045 2328 1091; x_wconf 93' lang='lat' dir='ltr'><strong>ct</strong></span> <span class='ocrx_word' id='word_1_185' title='bbox 2362 1046 2611 1092; x_wconf 89' lang='lat' dir='ltr'><strong>mortuas</strong></span> <span class='ocrx_word' id='word_1_186' title='bbox 2643 1042 2904 1095; x_wconf 89' lang='lat' dir='ltr'><strong>constitui</strong></span> <span class='ocrx_word' id='word_1_187' title='bbox 2937 1042 3227 1099; x_wconf 89' lang='lat' dir='ltr'><strong>discrimen</strong></span> <span class='ocrx_word' id='word_1_188' title='bbox 3273 1050 3431 1104; x_wconf 87' lang='lat' dir='ltr'><strong>solet.</strong></span> 
     </span>
    </p>
   </div>
   <div class='ocr_carea' id='block_1_26' title="bbox 1854 1127 3429 1201">
    <p class='ocr_par' dir='ltr' id='par_1_26' title="bbox 1854 1127 3429 1201">
     <span class='ocr_line' id='line_1_26' title="bbox 1854 1127 3429 1201; baseline 0.006 -20"><span class='ocrx_word' id='word_1_189' title='bbox 1854 1127 1990 1181; x_wconf 92' lang='lat' dir='ltr'><strong>Nam</strong></span> <span class='ocrx_word' id='word_1_190' title='bbox 2022 1128 2076 1182; x_wconf 91' lang='lat' dir='ltr'><strong>in</strong></span> <span class='ocrx_word' id='word_1_191' title='bbox 2105 1128 2324 1181; x_wconf 87' lang='lat' dir='ltr'><strong>homine</strong></span> <span class='ocrx_word' id='word_1_192' title='bbox 2356 1129 2458 1183; x_wconf 89' lang='lat' dir='ltr'><strong>hoc</strong></span> <span class='ocrx_word' id='word_1_193' title='bbox 2483 1145 2604 1185; x_wconf 84' lang='lat' dir='ltr'><strong>esse</strong></span> <span class='ocrx_word' id='word_1_194' title='bbox 2632 1141 3011 1201; x_wconf 83' lang='lat' dir='ltr'><strong>argumentum</strong></span> <span class='ocrx_word' id='word_1_195' title='bbox 3034 1136 3155 1190; x_wconf 83' lang='lat' dir='ltr'><strong>vitae</strong></span> <span class='ocrx_word' id='word_1_196' title='bbox 3174 1136 3429 1201; x_wconf 82' lang='lat' dir='ltr'><strong>dicimus,</strong></span> 
     </span>
    </p>
   </div>
   <div class='ocr_carea' id='block_1_27' title="bbox 1854 1208 3429 1293">
    <p class='ocr_par' dir='ltr' id='par_1_27' title="bbox 1854 1208 3429 1293">
     <span class='ocr_line' id='line_1_27' title="bbox 1854 1208 3429 1293; baseline 0.006 -19"><span class='ocrx_word' id='word_1_197' title='bbox 1854 1219 1899 1275; x_wconf 89' lang='lat' dir='ltr'><strong>si</strong></span> <span class='ocrx_word' id='word_1_198' title='bbox 1934 1227 1988 1274; x_wconf 91' lang='lat' dir='ltr'><strong>et</strong></span> <span class='ocrx_word' id='word_1_199' title='bbox 2046 1220 2241 1281; x_wconf 88' lang='lat' dir='ltr'><strong>caleat,</strong></span> <span class='ocrx_word' id='word_1_200' title='bbox 2280 1208 2352 1273; x_wconf 69' lang='grc' dir='ltr'><strong>ἐι</strong></span> <span class='ocrx_word' id='word_1_201' title='bbox 2387 1229 2693 1290; x_wconf 90' lang='lat' dir='ltr'><strong>occupetur</strong></span> <span class='ocrx_word' id='word_1_202' title='bbox 2728 1223 2958 1292; x_wconf 85' lang='lat' dir='ltr'><strong>agendo,</strong></span> <span class='ocrx_word' id='word_1_203' title='bbox 3016 1235 3069 1280; x_wconf 89' lang='lat' dir='ltr'><strong>et</strong></span> <span class='ocrx_word' id='word_1_204' title='bbox 3126 1239 3429 1293; x_wconf 78' lang='lat' dir='ltr'><strong>moveatur,</strong></span> 
     </span>
    </p>
   </div>
   <div class='ocr_carea' id='block_1_28' title="bbox 1854 1312 3430 1385">
    <p class='ocr_par' dir='ltr' id='par_1_28' title="bbox 1854 1312 3430 1385">
     <span class='ocr_line' id='line_1_28' title="bbox 1854 1312 3430 1385; baseline 0.005 -17"><span class='ocrx_word' id='word_1_205' title='bbox 1854 1312 2055 1368; x_wconf 90' lang='lat' dir='ltr'><strong>sicute</strong></span> <span class='ocrx_word' id='word_1_206' title='bbox 2095 1312 2374 1367; x_wconf 88' lang='lat' dir='ltr'><strong>contrario</strong></span> <span class='ocrx_word' id='word_1_207' title='bbox 2431 1313 2602 1384; x_wconf 83' lang='lat' dir='ltr'><strong>frigus</strong></span> <span class='ocrx_word' id='word_1_208' title='bbox 2662 1315 2713 1367; x_wconf 89' lang='lat' dir='ltr'><strong>iu</strong></span> <span class='ocrx_word' id='word_1_209' title='bbox 2771 1318 3113 1385; x_wconf 80' lang='lat' dir='ltr'><strong>corporibus,</strong></span> <span class='ocrx_word' id='word_1_210' title='bbox 3165 1328 3218 1375; x_wconf 92' lang='lat' dir='ltr'><strong>et</strong></span> <span class='ocrx_word' id='word_1_211' title='bbox 3252 1331 3430 1377; x_wconf 89' lang='lat' dir='ltr'><strong>motus</strong></span> 
     </span>
    </p>
   </div>
   <div class='ocr_carea' id='block_1_29' title="bbox 1855 1397 3490 1476">
    <p class='ocr_par' dir='ltr' id='par_1_29' title="bbox 1855 1397 3490 1476">
     <span class='ocr_line' id='line_1_29' title="bbox 1855 1397 3490 1476; baseline 0.009 -21"><span class='ocrx_word' id='word_1_212' title='bbox 1855 1403 2099 1468; x_wconf 86' lang='lat' dir='ltr'><strong>amissio,</strong></span> <span class='ocrx_word' id='word_1_213' title='bbox 2124 1402 2261 1456; x_wconf 83' lang='lat' dir='ltr'><strong>nihil</strong></span> <span class='ocrx_word' id='word_1_214' title='bbox 2288 1403 2432 1457; x_wconf 85' lang='lat' dir='ltr'><strong>aliud</strong></span> <span class='ocrx_word' id='word_1_215' title='bbox 2464 1404 2976 1476; x_wconf 83' lang='lat' dir='ltr'><strong>significant,quam</strong></span> <span class='ocrx_word' id='word_1_216' title='bbox 3006 1418 3277 1464; x_wconf 88' lang='lat' dir='ltr'><strong>mortuum</strong></span> <span class='ocrx_word' id='word_1_217' title='bbox 3306 1427 3432 1468; x_wconf 77' lang='lat' dir='ltr'><strong>esse</strong></span> <span class='ocrx_word' id='word_1_218' title='bbox 3480 1397 3490 1407; x_wconf 62' lang='grc'><strong>’</strong></span> 
     </span>
    </p>
   </div>
   <div class='ocr_carea' id='block_1_30' title="bbox 1852 1494 3431 1572">
    <p class='ocr_par' dir='ltr' id='par_1_30' title="bbox 1852 1494 3431 1572">
     <span class='ocr_line' id='line_1_30' title="bbox 1852 1494 3431 1572; baseline 0.007 -25"><span class='ocrx_word' id='word_1_219' title='bbox 1852 1494 2153 1551; x_wconf 87' lang='lat' dir='ltr'><strong>hominem.</strong></span> <span class='ocrx_word' id='word_1_220' title='bbox 2187 1495 2323 1550; x_wconf 88' lang='lat' dir='ltr'><strong>Cum</strong></span> <span class='ocrx_word' id='word_1_221' title='bbox 2376 1497 2540 1566; x_wconf 81' lang='lat' dir='ltr'><strong>igitur</strong></span> <span class='ocrx_word' id='word_1_222' title='bbox 2589 1498 2694 1553; x_wconf 92' lang='lat' dir='ltr'><strong>hoc</strong></span> <span class='ocrx_word' id='word_1_223' title='bbox 2746 1514 2984 1569; x_wconf 91' lang='lat' dir='ltr'><strong>quoque,</strong></span> <span class='ocrx_word' id='word_1_224' title='bbox 3014 1500 3082 1557; x_wconf 88' lang='lat' dir='ltr'><strong>de</strong></span> <span class='ocrx_word' id='word_1_225' title='bbox 3128 1518 3245 1572; x_wconf 83' lang='lat' dir='ltr'><strong>quo</strong></span> <span class='ocrx_word' id='word_1_226' title='bbox 3285 1520 3431 1559; x_wconf 90' lang='lat' dir='ltr'><strong>nunc</strong></span> 
     </span>
    </p>
   </div>
   <div class='ocr_carea' id='block_1_31' title="bbox 1853 1586 3431 1659">
    <p class='ocr_par' dir='ltr' id='par_1_31' title="bbox 1853 1586 3431 1659">
     <span class='ocr_line' id='line_1_31' title="bbox 1853 1586 3431 1659; baseline 0.006 -18"><span class='ocrx_word' id='word_1_227' title='bbox 1853 1586 2206 1652; x_wconf 88' lang='lat' dir='ltr'><strong>disserimus,</strong></span> <span class='ocrx_word' id='word_1_228' title='bbox 2239 1596 2293 1642; x_wconf 92' lang='lat' dir='ltr'><strong>et</strong></span> <span class='ocrx_word' id='word_1_229' title='bbox 2345 1590 2527 1645; x_wconf 87' lang='lat' dir='ltr'><strong>calore</strong></span> <span class='ocrx_word' id='word_1_230' title='bbox 2585 1591 2891 1659; x_wconf 70' lang='lat' dir='ltr'><strong>praeditum,</strong></span> <span class='ocrx_word' id='word_1_231' title='bbox 2929 1600 2983 1647; x_wconf 89' lang='lat' dir='ltr'><strong>et</strong></span> <span class='ocrx_word' id='word_1_232' title='bbox 3015 1595 3237 1650; x_wconf 89' lang='lat' dir='ltr'><strong>minime</strong></span> <span class='ocrx_word' id='word_1_233' title='bbox 3289 1598 3431 1651; x_wconf 86' lang='lat' dir='ltr'><strong>otio-</strong></span> 
     </span>
    </p>
   </div>
   <div class='ocr_carea' id='block_1_32' title="bbox 1853 1680 3425 1745">
    <p class='ocr_par' dir='ltr' id='par_1_32' title="bbox 1853 1680 3425 1745">
     <span class='ocr_line' id='line_1_32' title="bbox 1853 1680 3425 1745; baseline 0.006 -12"><span class='ocrx_word' id='word_1_234' title='bbox 1853 1693 1973 1733; x_wconf 88' lang='lat' dir='ltr'><strong>sum</strong></span> <span class='ocrx_word' id='word_1_235' title='bbox 2000 1682 2094 1745; x_wconf 89' lang='lat' dir='ltr'><strong>sit,</strong></span> <span class='ocrx_word' id='word_1_236' title='bbox 2122 1680 2502 1735; x_wconf 82' lang='lat' dir='ltr'><strong>concludimus</strong></span> <span class='ocrx_word' id='word_1_237' title='bbox 2540 1682 2704 1736; x_wconf 90' lang='lat' dir='ltr'><strong>etiam</strong></span> <span class='ocrx_word' id='word_1_238' title='bbox 2757 1682 3059 1739; x_wconf 83' lang='lat' dir='ltr'><strong>inanimum</strong></span> <span class='ocrx_word' id='word_1_239' title='bbox 3121 1701 3227 1739; x_wconf 86' lang='lat' dir='ltr'><strong>non</strong></span> <span class='ocrx_word' id='word_1_240' title='bbox 3283 1703 3425 1742; x_wconf 86' lang='lat' dir='ltr'><strong>esse.</strong></span> 
     </span>
    </p>
   </div>
   <div class='ocr_carea' id='block_1_33' title="bbox 1849 1768 3432 1848">
    <p class='ocr_par' dir='ltr' id='par_1_33' title="bbox 1849 1768 3432 1848">
     <span class='ocr_line' id='line_1_33' title="bbox 1849 1768 3432 1848; baseline 0.007 -25"><span class='ocrx_word' id='word_1_241' title='bbox 1849 1768 1928 1824; x_wconf 84' lang='lat' dir='ltr'><strong>Ac</strong></span> <span class='ocrx_word' id='word_1_242' title='bbox 1960 1772 2422 1840; x_wconf 84' lang='lat' dir='ltr'><strong>quemadmodum</strong></span> <span class='ocrx_word' id='word_1_243' title='bbox 2458 1788 2578 1827; x_wconf 88' lang='lat' dir='ltr'><strong>eam</strong></span> <span class='ocrx_word' id='word_1_244' title='bbox 2606 1775 2781 1843; x_wconf 87' lang='lat' dir='ltr'><strong>ipsius</strong></span> <span class='ocrx_word' id='word_1_245' title='bbox 2810 1785 3042 1844; x_wconf 80' lang='lat' dir='ltr'><strong>partem,</strong></span> <span class='ocrx_word' id='word_1_246' title='bbox 3071 1779 3138 1833; x_wconf 90' lang='lat' dir='ltr'><strong>de</strong></span> <span class='ocrx_word' id='word_1_247' title='bbox 3176 1794 3280 1848; x_wconf 86' lang='lat' dir='ltr'><strong>qua</strong></span> <span class='ocrx_word' id='word_1_248' title='bbox 3310 1795 3432 1834; x_wconf 87' lang='lat' dir='ltr'><strong>cor-</strong></span> 
     </span>
    </p>
   </div>
   <div class='ocr_carea' id='block_1_34' title="bbox 1848 1863 3428 1933">
    <p class='ocr_par' dir='ltr' id='par_1_34' title="bbox 1848 1863 3428 1933">
     <span class='ocr_line' id='line_1_34' title="bbox 1848 1863 3428 1933; baseline 0.006 -18"><span class='ocrx_word' id='word_1_249' title='bbox 1848 1875 1951 1930; x_wconf 87' lang='lat' dir='ltr'><strong>pus</strong></span> <span class='ocrx_word' id='word_1_250' title='bbox 1984 1863 2359 1927; x_wconf 89' lang='lat' dir='ltr'><strong>constituitur,</strong></span> <span class='ocrx_word' id='word_1_251' title='bbox 2397 1880 2503 1918; x_wconf 91' lang='lat' dir='ltr'><strong>non</strong></span> <span class='ocrx_word' id='word_1_252' title='bbox 2567 1880 2788 1921; x_wconf 89' lang='lat' dir='ltr'><strong>carnem</strong></span> <span class='ocrx_word' id='word_1_253' title='bbox 2825 1884 2946 1923; x_wconf 87' lang='lat' dir='ltr'><strong>esse</strong></span> <span class='ocrx_word' id='word_1_254' title='bbox 3006 1868 3261 1933; x_wconf 84' lang='lat' dir='ltr'><strong>dicimus,</strong></span> <span class='ocrx_word' id='word_1_255' title='bbox 3320 1885 3428 1924; x_wconf 85' lang='lat' dir='ltr'><strong>non</strong></span> 
     </span>
    </p>
   </div>
   <div class='ocr_carea' id='block_1_35' title="bbox 1851 1957 3527 2032">
    <p class='ocr_par' dir='ltr' id='par_1_35' title="bbox 1851 1957 3527 2032">
     <span class='ocr_line' id='line_1_35' title="bbox 1851 1957 3527 2032; baseline 0.007 -25"><span class='ocrx_word' id='word_1_256' title='bbox 1851 1967 2000 2017; x_wconf 88' lang='lat' dir='ltr'><strong>ossa,</strong></span> <span class='ocrx_word' id='word_1_257' title='bbox 2031 1970 2140 2008; x_wconf 89' lang='lat' dir='ltr'><strong>non</strong></span> <span class='ocrx_word' id='word_1_258' title='bbox 2176 1970 2382 2016; x_wconf 83' lang='lat' dir='ltr'><strong>comas,</strong></span> <span class='ocrx_word' id='word_1_259' title='bbox 2416 1972 2524 2010; x_wconf 86' lang='lat' dir='ltr'><strong>non</strong></span> <span class='ocrx_word' id='word_1_260' title='bbox 2569 1957 2716 2011; x_wconf 89' lang='lat' dir='ltr'><strong>aliud</strong></span> <span class='ocrx_word' id='word_1_261' title='bbox 2746 1959 3041 2029; x_wconf 82' lang='lat' dir='ltr'><strong>quidquam</strong></span> <span class='ocrx_word' id='word_1_262' title='bbox 3073 1976 3261 2015; x_wconf 88' lang='lat' dir='ltr'><strong>eorum</strong></span> <span class='ocrx_word' id='word_1_263' title='bbox 3308 1978 3430 2032; x_wconf 70' lang='lat' dir='ltr'><strong>qua:</strong></span> <span class='ocrx_word' id='word_1_264' title='bbox 3512 1966 3527 1975; x_wconf 79' lang='lat'>&#39;</span> 
     </span>
    </p>
   </div>
   <div class='ocr_carea' id='block_1_36' title="bbox 162 2039 1740 2120">
    <p class='ocr_par' dir='ltr' id='par_1_36' title="bbox 162 2042 1740 2115">
     <span class='ocr_line' id='line_1_36' title="bbox 162 2042 1740 2115; baseline -0.001 -18"><span class='ocrx_word' id='word_1_265' title='bbox 162 2043 486 2112; x_wconf 71' lang='grc' dir='ltr'>φαίνεσθαι*</span> <span class='ocrx_word' id='word_1_266' title='bbox 537 2043 679 2097; x_wconf 83' lang='grc' dir='ltr'>οῦτω</span> <span class='ocrx_word' id='word_1_267' title='bbox 712 2045 803 2097; x_wconf 75' lang='grc' dir='ltr'><strong>καὶ</strong></span> <span class='ocrx_word' id='word_1_268' title='bbox 832 2046 926 2097; x_wconf 71' lang='grc' dir='ltr'>ἐπὶ</span> <span class='ocrx_word' id='word_1_269' title='bbox 971 2043 1063 2097; x_wconf 87' lang='grc' dir='ltr'><strong>τοῦ</strong></span> <span class='ocrx_word' id='word_1_270' title='bbox 1097 2043 1327 2113; x_wconf 76' lang='grc' dir='ltr'>ψυχικοῦ</span> <span class='ocrx_word' id='word_1_271' title='bbox 1359 2044 1555 2115; x_wconf 79' lang='grc' dir='ltr'>μέρους</span> <span class='ocrx_word' id='word_1_272' title='bbox 1598 2042 1740 2096; x_wconf 69' lang='grc' dir='ltr'>οὔπα</span> 
     </span>
    </p>
   </div>
   <div class='ocr_carea' id='block_1_37' title="bbox 1844 2039 3427 2120">
    <p class='ocr_par' dir='ltr' id='par_1_37' title="bbox 1853 2039 3427 2120">
     <span class='ocr_line' id='line_1_37' title="bbox 1853 2039 3427 2120; baseline 0.008 -26"><span class='ocrx_word' id='word_1_273' title='bbox 1853 2039 1908 2095; x_wconf 90' lang='lat' dir='ltr'><strong>in</strong></span> <span class='ocrx_word' id='word_1_274' title='bbox 1945 2041 2164 2098; x_wconf 88' lang='lat' dir='ltr'><strong>homine</strong></span> <span class='ocrx_word' id='word_1_275' title='bbox 2188 2045 2487 2111; x_wconf 84' lang='lat' dir='ltr'><strong>exsistunt,</strong></span> <span class='ocrx_word' id='word_1_276' title='bbox 2522 2046 2616 2100; x_wconf 91' lang='lat' dir='ltr'><strong>sed</strong></span> <span class='ocrx_word' id='word_1_277' title='bbox 2652 2051 2947 2104; x_wconf 75' lang='lat' dir='ltr'><strong>Statuimus</strong></span> <span class='ocrx_word' id='word_1_278' title='bbox 2984 2050 3129 2103; x_wconf 80' lang='lat' dir='ltr'><strong>illam</strong></span> <span class='ocrx_word' id='word_1_279' title='bbox 3158 2058 3427 2120; x_wconf 82' lang='lat' dir='ltr'><strong>potestate</strong></span> 
     </span>
    </p>
   </div>
   <div class='ocr_carea' id='block_1_38' title="bbox 166 2135 1748 2207">
    <p class='ocr_par' dir='ltr' id='par_1_38' title="bbox 166 2135 1748 2207">
     <span class='ocr_line' id='line_1_38' title="bbox 166 2135 1748 2207; baseline 0.001 -20"><span class='ocrx_word' id='word_1_280' title='bbox 166 2135 269 2205; x_wconf 76' lang='grc' dir='ltr'><strong>μὲν</strong></span> <span class='ocrx_word' id='word_1_281' title='bbox 300 2135 360 2188; x_wconf 82' lang='grc' dir='ltr'><strong>τὸ</strong></span> <span class='ocrx_word' id='word_1_282' title='bbox 386 2135 599 2203; x_wconf 75' lang='grc' dir='ltr'>λογικὸν</span> <span class='ocrx_word' id='word_1_283' title='bbox 627 2137 718 2190; x_wconf 81' lang='grc' dir='ltr'><strong>καὶ</strong></span> <span class='ocrx_word' id='word_1_284' title='bbox 745 2135 1138 2207; x_wconf 76' lang='grc' dir='ltr'>ἐπιθυμητικὸν</span> <span class='ocrx_word' id='word_1_285' title='bbox 1172 2137 1267 2189; x_wconf 76' lang='grc' dir='ltr'><strong>καὶ</strong></span> <span class='ocrx_word' id='word_1_286' title='bbox 1297 2135 1600 2205; x_wconf 72' lang='grc' dir='ltr'>θυμοειδὲς,</span> <span class='ocrx_word' id='word_1_287' title='bbox 1656 2136 1748 2188; x_wconf 77' lang='grc' dir='ltr'><strong>καὶ</strong></span> 
     </span>
    </p>
   </div>
   <div class='ocr_carea' id='block_1_39' title="bbox 161 2226 1747 2299">
    <p class='ocr_par' dir='ltr' id='par_1_39' title="bbox 161 2226 1747 2299">
     <span class='ocr_line' id='line_1_39' title="bbox 161 2226 1747 2299; baseline 0.003 -22"><span class='ocrx_word' id='word_1_288' title='bbox 161 2226 264 2278; x_wconf 78' lang='grc' dir='ltr'><strong>ὅσα</strong></span> <span class='ocrx_word' id='word_1_289' title='bbox 323 2228 449 2298; x_wconf 75' lang='grc' dir='ltr'>περὶ</span> <span class='ocrx_word' id='word_1_290' title='bbox 479 2227 655 2298; x_wconf 65' lang='grc' dir='ltr'>ψυχὴν</span> <span class='ocrx_word' id='word_1_291' title='bbox 707 2227 1023 2298; x_wconf 80' lang='grc' dir='ltr'>καθορᾶται,</span> <span class='ocrx_word' id='word_1_292' title='bbox 1074 2228 1166 2280; x_wconf 71' lang='grc' dir='ltr'>καὶ</span> <span class='ocrx_word' id='word_1_293' title='bbox 1215 2229 1271 2280; x_wconf 80' lang='grc' dir='ltr'>ὲν</span> <span class='ocrx_word' id='word_1_294' title='bbox 1328 2227 1519 2298; x_wconf 77' lang='grc' dir='ltr'>ἐκείνῳ</span> <span class='ocrx_word' id='word_1_295' title='bbox 1565 2228 1747 2299; x_wconf 82' lang='grc' dir='ltr'>χώραν</span> 
     </span>
    </p>
   </div>
   <div class='ocr_carea' id='block_1_40' title="bbox 161 2317 1748 2389">
    <p class='ocr_par' dir='ltr' id='par_1_40' title="bbox 161 2317 1748 2389">
     <span class='ocr_line' id='line_1_40' title="bbox 161 2317 1748 2389; baseline 0.001 -20"><span class='ocrx_word' id='word_1_296' title='bbox 161 2317 309 2388; x_wconf 77' lang='grc' dir='ltr'>ἔχειν</span> <span class='ocrx_word' id='word_1_297' title='bbox 342 2318 544 2387; x_wconf 81' lang='grc' dir='ltr'>φαμὲν,</span> <span class='ocrx_word' id='word_1_298' title='bbox 590 2317 865 2386; x_wconf 72' lang='grc' dir='ltr'><strong>ἀναλόγως</strong></span> <span class='ocrx_word' id='word_1_299' title='bbox 906 2318 963 2373; x_wconf 80' lang='grc' dir='ltr'>δὲ</span> <span class='ocrx_word' id='word_1_300' title='bbox 1016 2319 1113 2389; x_wconf 75' lang='grc' dir='ltr'>τῆς</span> <span class='ocrx_word' id='word_1_301' title='bbox 1146 2318 1240 2371; x_wconf 88' lang='grc' dir='ltr'><strong>τοῦ</strong></span> <span class='ocrx_word' id='word_1_302' title='bbox 1301 2319 1546 2389; x_wconf 81' lang='grc' dir='ltr'>σώματος</span> <span class='ocrx_word' id='word_1_303' title='bbox 1582 2336 1748 2371; x_wconf 84' lang='grc' dir='ltr'>κατα-</span> 
     </span>
    </p>
   </div>
   <div class='ocr_carea' id='block_1_41' title="bbox 164 2407 1748 2482">
    <p class='ocr_par' dir='ltr' id='par_1_41' title="bbox 164 2407 1748 2482">
     <span class='ocr_line' id='line_1_41' title="bbox 164 2407 1748 2482; baseline 0.001 -21"><span class='ocrx_word' id='word_1_304' title='bbox 164 2408 369 2478; x_wconf 80' lang='grc' dir='ltr'>σκευῆς</span> <span class='ocrx_word' id='word_1_305' title='bbox 397 2426 456 2462; x_wconf 89' lang='grc' dir='ltr'><strong>τε</strong></span> <span class='ocrx_word' id='word_1_306' title='bbox 491 2410 582 2461; x_wconf 74' lang='grc' dir='ltr'><strong>καὶ</strong></span> <span class='ocrx_word' id='word_1_307' title='bbox 611 2407 965 2474; x_wconf 78' lang='grc' dir='ltr'>τελειώσεως,</span> <span class='ocrx_word' id='word_1_308' title='bbox 1006 2412 1097 2462; x_wconf 72' lang='grc' dir='ltr'><strong>καὶ</strong></span> <span class='ocrx_word' id='word_1_309' title='bbox 1129 2409 1227 2474; x_wconf 74' lang='grc' dir='ltr'><strong>τὰς</strong></span> <span class='ocrx_word' id='word_1_310' title='bbox 1261 2410 1359 2479; x_wconf 73' lang='grc' dir='ltr'>τῆς</span> <span class='ocrx_word' id='word_1_311' title='bbox 1389 2410 1564 2481; x_wconf 69' lang='grc' dir='ltr'>ψυχῆς</span> <span class='ocrx_word' id='word_1_312' title='bbox 1598 2412 1748 2482; x_wconf 84' lang='grc' dir='ltr'>ἐνερ-</span> 
     </span>
    </p>
   </div>
   <div class='ocr_carea' id='block_1_42' title="bbox 161 2498 1746 2574">
    <p class='ocr_par' dir='ltr' id='par_1_42' title="bbox 161 2498 1746 2574">
     <span class='ocr_line' id='line_1_42' title="bbox 161 2498 1746 2574; baseline 0.003 -24"><span class='ocrx_word' id='word_1_313' title='bbox 161 2500 319 2567; x_wconf 88' lang='grc' dir='ltr'>γείας</span> <span class='ocrx_word' id='word_1_314' title='bbox 354 2498 432 2568; x_wconf 82' lang='grc' dir='ltr'><strong>τῷ</strong></span> <span class='ocrx_word' id='word_1_315' title='bbox 470 2500 814 2569; x_wconf 78' lang='grc' dir='ltr'>ὑποκειμένῳ</span> <span class='ocrx_word' id='word_1_316' title='bbox 853 2499 1231 2567; x_wconf 74' lang='grc' dir='ltr'>συναύξεσθαι.</span> <span class='ocrx_word' id='word_1_317' title='bbox 1283 2502 1491 2573; x_wconf 84' lang='grc' dir='ltr'>Ὥσπερ</span> <span class='ocrx_word' id='word_1_318' title='bbox 1521 2503 1628 2574; x_wconf 76' lang='grc' dir='ltr'><strong>γὰρ</strong></span> <span class='ocrx_word' id='word_1_319' title='bbox 1658 2520 1746 2555; x_wconf 81' lang='grc' dir='ltr'>τε·</span> 
     </span>
    </p>
   </div>
   <div class='ocr_carea' id='block_1_43' title="bbox 160 2589 1744 2663">
    <p class='ocr_par' dir='ltr' id='par_1_43' title="bbox 160 2589 1744 2663">
     <span class='ocr_line' id='line_1_43' title="bbox 160 2589 1744 2663; baseline 0.003 -21"><span class='ocrx_word' id='word_1_320' title='bbox 160 2589 406 2653; x_wconf 83' lang='grc' dir='ltr'>λειωθεὶς</span> <span class='ocrx_word' id='word_1_321' title='bbox 436 2593 464 2644; x_wconf 82' lang='grc' dir='ltr'>ὁ</span> <span class='ocrx_word' id='word_1_322' title='bbox 507 2590 791 2662; x_wconf 80' lang='grc' dir='ltr'>ἄνθρωπος</span> <span class='ocrx_word' id='word_1_323' title='bbox 822 2592 879 2644; x_wconf 78' lang='grc' dir='ltr'>ἐν</span> <span class='ocrx_word' id='word_1_324' title='bbox 910 2593 1022 2654; x_wconf 85' lang='grc' dir='ltr'>τοῖς</span> <span class='ocrx_word' id='word_1_325' title='bbox 1071 2592 1335 2663; x_wconf 77' lang='grc' dir='ltr'>μείζοσιν,</span> <span class='ocrx_word' id='word_1_326' title='bbox 1386 2592 1494 2663; x_wconf 76' lang='grc' dir='ltr'>ἔχει</span> <span class='ocrx_word' id='word_1_327' title='bbox 1527 2593 1744 2661; x_wconf 69' lang='grc' dir='ltr'>διαφαι-</span> 
     </span>
    </p>
   </div>
   <div class='ocr_carea' id='block_1_44' title="bbox 161 2679 1742 2755">
    <p class='ocr_par' dir='ltr' id='par_1_44' title="bbox 161 2679 1742 2755">
     <span class='ocr_line' id='line_1_44' title="bbox 161 2679 1742 2755; baseline 0.023 -46"><span class='ocrx_word' id='word_1_328' title='bbox 161 2679 399 2749; x_wconf 61' lang='grc' dir='ltr'>νομένην</span> <span class='ocrx_word' id='word_1_329' title='bbox 445 2681 541 2750; x_wconf 73' lang='grc' dir='ltr'><strong>τῆς</strong></span> <span class='ocrx_word' id='word_1_330' title='bbox 579 2680 757 2750; x_wconf 68' lang='grc' dir='ltr'>ψυχῆς</span> <span class='ocrx_word' id='word_1_331' title='bbox 804 2681 901 2750; x_wconf 79' lang='grc' dir='ltr'><strong>τὴν</strong></span> <span class='ocrx_word' id='word_1_332' title='bbox 945 2681 1224 2751; x_wconf 73' lang='grc' dir='ltr'>ἐνέργειαν</span> <span class='ocrx_word' id='word_1_333' title='bbox 1250 2699 1262 2712; x_wconf 78' lang='grc'><strong><em>⁸</em></strong></span> <span class='ocrx_word' id='word_1_334' title='bbox 1305 2680 1475 2745; x_wconf 62' lang='grc' dir='ltr'>οὕτως</span> <span class='ocrx_word' id='word_1_335' title='bbox 1511 2685 1566 2734; x_wconf 81' lang='grc' dir='ltr'><strong>ἐν</strong></span> <span class='ocrx_word' id='word_1_336' title='bbox 1602 2684 1742 2755; x_wconf 81' lang='grc' dir='ltr'>ἀρχῇ</span> 
     </span>
    </p>
   </div>
   <div class='ocr_carea' id='block_1_45' title="bbox 159 2771 1741 2844">
    <p class='ocr_par' dir='ltr' id='par_1_45' title="bbox 159 2771 1741 2844">
     <span class='ocr_line' id='line_1_45' title="bbox 159 2771 1741 2844; baseline 0.001 -21"><span class='ocrx_word' id='word_1_337' title='bbox 159 2771 259 2840; x_wconf 72' lang='grc' dir='ltr'>τῆς</span> <span class='ocrx_word' id='word_1_338' title='bbox 291 2772 604 2834; x_wconf 71' lang='grc' dir='ltr'>συστάσεως</span> <span class='ocrx_word' id='word_1_339' title='bbox 628 2771 726 2840; x_wconf 80' lang='grc' dir='ltr'><strong>τὴν</strong></span> <span class='ocrx_word' id='word_1_340' title='bbox 758 2771 1089 2839; x_wconf 73' lang='grc' dir='ltr'>κατάλληλον</span> <span class='ocrx_word' id='word_1_341' title='bbox 1122 2789 1180 2824; x_wconf 87' lang='grc' dir='ltr'><strong>τε</strong></span> <span class='ocrx_word' id='word_1_342' title='bbox 1213 2772 1306 2825; x_wconf 75' lang='grc' dir='ltr'><strong>καὶ</strong></span> <span class='ocrx_word' id='word_1_343' title='bbox 1336 2771 1647 2844; x_wconf 78' lang='grc' dir='ltr'>σύμμετρον</span> <span class='ocrx_word' id='word_1_344' title='bbox 1676 2777 1741 2843; x_wconf 85' lang='grc' dir='ltr'>τῇ</span> 
     </span>
    </p>
   </div>
   <div class='ocr_carea' id='block_1_46' title="bbox 160 2861 1742 2935">
    <p class='ocr_par' dir='ltr' id='par_1_46' title="bbox 160 2861 1742 2935">
     <span class='ocr_line' id='line_1_46' title="bbox 160 2861 1742 2935; baseline 0.001 -22"><span class='ocrx_word' id='word_1_345' title='bbox 160 2861 415 2935; x_wconf 71' lang='grc' dir='ltr'>παρούσῃ</span> <span class='ocrx_word' id='word_1_346' title='bbox 462 2863 621 2933; x_wconf 65' lang='grc' dir='ltr'>χρεία</span> <span class='ocrx_word' id='word_1_347' title='bbox 676 2862 990 2934; x_wconf 80' lang='grc' dir='ltr'>συνέργειαν</span> <span class='ocrx_word' id='word_1_348' title='bbox 1040 2863 1140 2932; x_wconf 79' lang='grc' dir='ltr'>τῆς</span> <span class='ocrx_word' id='word_1_349' title='bbox 1187 2862 1364 2932; x_wconf 75' lang='grc' dir='ltr'>ψυχῆς</span> <span class='ocrx_word' id='word_1_350' title='bbox 1417 2862 1502 2931; x_wconf 72' lang='grc' dir='ltr'><strong>ἐφ’</strong></span> <span class='ocrx_word' id='word_1_351' title='bbox 1552 2863 1742 2915; x_wconf 81' lang='grc' dir='ltr'>ἑαυτοῦ</span> 
     </span>
    </p>
   </div>
   <div class='ocr_carea' id='block_1_47' title="bbox 155 2954 1742 3027">
    <p class='ocr_par' dir='ltr' id='par_1_47' title="bbox 155 2954 1742 3027">
     <span class='ocr_line' id='line_1_47' title="bbox 155 2954 1742 3027; baseline 0.001 -20"><span class='ocrx_word' id='word_1_352' title='bbox 155 2955 538 3017; x_wconf 75' lang='grc' dir='ltr'>διαδείκνυσιν,</span> <span class='ocrx_word' id='word_1_353' title='bbox 578 2956 635 3006; x_wconf 78' lang='grc' dir='ltr'>ὲν</span> <span class='ocrx_word' id='word_1_354' title='bbox 663 2954 740 3024; x_wconf 82' lang='grc' dir='ltr'>τῷ</span> <span class='ocrx_word' id='word_1_355' title='bbox 780 2956 1206 3019; x_wconf 74' lang='grc' dir='ltr'>κατασκευάζειν</span> <span class='ocrx_word' id='word_1_356' title='bbox 1236 2956 1403 3027; x_wconf 76' lang='grc' dir='ltr'>αὐτὴν</span> <span class='ocrx_word' id='word_1_357' title='bbox 1453 2957 1620 3026; x_wconf 77' lang='grc' dir='ltr'>ἑαυτῇ</span> <span class='ocrx_word' id='word_1_358' title='bbox 1654 2957 1742 3009; x_wconf 72' lang='grc' dir='ltr'><strong>διὰ</strong></span> 
     </span>
    </p>
   </div>
   <div class='ocr_carea' id='block_1_48' title="bbox 157 3046 1743 3118">
    <p class='ocr_par' dir='ltr' id='par_1_48' title="bbox 157 3046 1743 3118">
     <span class='ocr_line' id='line_1_48' title="bbox 157 3046 1743 3118; baseline 0 -19"><span class='ocrx_word' id='word_1_359' title='bbox 157 3046 262 3117; x_wconf 79' lang='grc' dir='ltr'>τῆς</span> <span class='ocrx_word' id='word_1_360' title='bbox 307 3046 615 3116; x_wconf 80' lang='grc' dir='ltr'>ἐντεθείσης</span> <span class='ocrx_word' id='word_1_361' title='bbox 663 3046 794 3116; x_wconf 73' lang='grc' dir='ltr'>ὕλης</span> <span class='ocrx_word' id='word_1_362' title='bbox 839 3046 903 3097; x_wconf 78' lang='grc' dir='ltr'>τὸ</span> <span class='ocrx_word' id='word_1_363' title='bbox 945 3048 1221 3116; x_wconf 76' lang='grc' dir='ltr'>προσφυὲς</span> <span class='ocrx_word' id='word_1_364' title='bbox 1248 3048 1580 3118; x_wconf 83' lang='grc' dir='ltr'>οἰκητήριον.</span> <span class='ocrx_word' id='word_1_365' title='bbox 1610 3046 1743 3099; x_wconf 68' lang='grc' dir='ltr'>Οὐδὲ</span> 
     </span>
    </p>
   </div>
   <div class='ocr_carea' id='block_1_49' title="bbox 157 3135 1741 3210">
    <p class='ocr_par' dir='ltr' id='par_1_49' title="bbox 157 3135 1741 3210">
     <span class='ocr_line' id='line_1_49' title="bbox 157 3135 1741 3210; baseline -0.003 -17"><span class='ocrx_word' id='word_1_366' title='bbox 157 3139 269 3210; x_wconf 79' lang='grc' dir='ltr'><strong>γὰρ</strong></span> <span class='ocrx_word' id='word_1_367' title='bbox 300 3135 438 3191; x_wconf 77' lang='grc' dir='ltr'>εἶναι</span> <span class='ocrx_word' id='word_1_368' title='bbox 468 3138 691 3192; x_wconf 78' lang='grc' dir='ltr'>δυνατὸν</span> <span class='ocrx_word' id='word_1_369' title='bbox 725 3136 1070 3207; x_wconf 77' lang='grc' dir='ltr'>λογιζόμεθα,</span> <span class='ocrx_word' id='word_1_370' title='bbox 1096 3138 1402 3209; x_wconf 82' lang='grc' dir='ltr'>ἀλλοτρίαις</span> <span class='ocrx_word' id='word_1_371' title='bbox 1433 3138 1741 3207; x_wconf 81' lang='grc' dir='ltr'>οἰκοδομαῖς</span> 
     </span>
    </p>
   </div>
   <div class='ocr_carea' id='block_1_50' title="bbox 156 3228 1741 3303">
    <p class='ocr_par' dir='ltr' id='par_1_50' title="bbox 156 3228 1741 3303">
     <span class='ocr_line' id='line_1_50' title="bbox 156 3228 1741 3303; baseline -0.003 -18"><span class='ocrx_word' id='word_1_372' title='bbox 156 3232 258 3303; x_wconf 77' lang='grc' dir='ltr'><strong>τὴν</strong></span> <span class='ocrx_word' id='word_1_373' title='bbox 310 3232 487 3302; x_wconf 67' lang='grc' dir='ltr'>ψυχὴν</span> <span class='ocrx_word' id='word_1_374' title='bbox 535 3231 951 3303; x_wconf 66' lang='grc' dir='ltr'>ἐναρμόζεσθαι,</span> <span class='ocrx_word' id='word_1_375' title='bbox 998 3231 1073 3293; x_wconf 87' lang='grc' dir='ltr'><strong>ώς</strong></span> <span class='ocrx_word' id='word_1_376' title='bbox 1117 3232 1216 3284; x_wconf 70' lang='grc' dir='ltr'><strong>οὐκ</strong></span> <span class='ocrx_word' id='word_1_377' title='bbox 1264 3230 1379 3283; x_wconf 83' lang='grc' dir='ltr'>ἔστι</span> <span class='ocrx_word' id='word_1_378' title='bbox 1425 3231 1523 3300; x_wconf 83' lang='grc' dir='ltr'>τὴν</span> <span class='ocrx_word' id='word_1_379' title='bbox 1569 3233 1625 3283; x_wconf 78' lang='grc' dir='ltr'>ὲν</span> <span class='ocrx_word' id='word_1_380' title='bbox 1664 3228 1741 3298; x_wconf 77' lang='grc' dir='ltr'>τῷ</span> 
     </span>
    </p>
   </div>
   <div class='ocr_carea' id='block_1_51' title="bbox 156 3320 1735 3396">
    <p class='ocr_par' dir='ltr' id='par_1_51' title="bbox 156 3320 1735 3396">
     <span class='ocr_line' id='line_1_51' title="bbox 156 3320 1735 3396; baseline -0.003 -19"><span class='ocrx_word' id='word_1_381' title='bbox 156 3324 315 3394; x_wconf 78' lang='grc' dir='ltr'>κηρῷ</span> <span class='ocrx_word' id='word_1_382' title='bbox 348 3322 620 3395; x_wconf 69' lang='grc' dir='ltr'>αρραγίδα</span> <span class='ocrx_word' id='word_1_383' title='bbox 655 3323 788 3391; x_wconf 76' lang='grc' dir='ltr'>πρὸς</span> <span class='ocrx_word' id='word_1_384' title='bbox 823 3322 1108 3396; x_wconf 76' lang='grc' dir='ltr'>ἀλλοτρίαν</span> <span class='ocrx_word' id='word_1_385' title='bbox 1140 3321 1476 3392; x_wconf 82' lang='grc' dir='ltr'>ἁρμοσθῆναι</span> <span class='ocrx_word' id='word_1_386' title='bbox 1502 3320 1735 3390; x_wconf 69' lang='grc' dir='ltr'>γλυφὴν.</span> 
     </span>
    </p>
   </div>
   <div class='ocr_carea' id='block_1_52' title="bbox 1849 2134 3423 2213">
    <p class='ocr_par' dir='ltr' id='par_1_52' title="bbox 1849 2134 3423 2213">
     <span class='ocr_line' id='line_1_52' title="bbox 1849 2134 3423 2213; baseline 0.006 -26"><span class='ocrx_word' id='word_1_387' title='bbox 1849 2134 2127 2203; x_wconf 86' lang='lat' dir='ltr'><strong>quodlibet</strong></span> <span class='ocrx_word' id='word_1_388' title='bbox 2156 2135 2350 2189; x_wconf 90' lang='lat' dir='ltr'><strong>horum</strong></span> <span class='ocrx_word' id='word_1_389' title='bbox 2380 2153 2520 2201; x_wconf 86' lang='lat' dir='ltr'><strong>esse,</strong></span> <span class='ocrx_word' id='word_1_390' title='bbox 2585 2141 2803 2195; x_wconf 84' lang='lat' dir='ltr'><strong>tametsi</strong></span> <span class='ocrx_word' id='word_1_391' title='bbox 2858 2141 3088 2195; x_wconf 84' lang='lat' dir='ltr'><strong>necdum</strong></span> <span class='ocrx_word' id='word_1_392' title='bbox 3126 2144 3423 2213; x_wconf 75' lang='lat' dir='ltr'><strong>quidquam</strong></span> 
     </span>
    </p>
   </div>
   <div class='ocr_carea' id='block_1_53' title="bbox 1851 2225 3423 2305">
    <p class='ocr_par' dir='ltr' id='par_1_53' title="bbox 1851 2225 3423 2305">
     <span class='ocr_line' id='line_1_53' title="bbox 1851 2225 3423 2305; baseline 0.008 -27"><span class='ocrx_word' id='word_1_393' title='bbox 1851 2225 2095 2293; x_wconf 85' lang='lat' dir='ltr'><strong>conspici</strong></span> <span class='ocrx_word' id='word_1_394' title='bbox 2137 2226 2245 2280; x_wconf 87' lang='lat' dir='ltr'><strong>tale</strong></span> <span class='ocrx_word' id='word_1_395' title='bbox 2279 2228 2453 2295; x_wconf 83' lang='lat' dir='ltr'><strong>possit</strong></span> <span class='ocrx_word' id='word_1_396' title='bbox 2491 2228 2605 2286; x_wconf 88' lang='lat' dir='ltr'><strong>:sic</strong></span> <span class='ocrx_word' id='word_1_397' title='bbox 2632 2232 2828 2284; x_wconf 68' lang='lat' dir='ltr'><strong>anima:</strong></span> <span class='ocrx_word' id='word_1_398' title='bbox 2862 2246 3066 2301; x_wconf 77' lang='lat' dir='ltr'><strong>partem</strong></span> <span class='ocrx_word' id='word_1_399' title='bbox 3104 2238 3246 2305; x_wconf 79' lang='lat' dir='ltr'><strong>quod</strong></span> <span class='ocrx_word' id='word_1_400' title='bbox 3291 2238 3423 2290; x_wconf 80' lang='lat' dir='ltr'><strong>atti-</strong></span> 
     </span>
    </p>
   </div>
   <div class='ocr_carea' id='block_1_54' title="bbox 1851 2314 3421 2391">
    <p class='ocr_par' dir='ltr' id='par_1_54' title="bbox 1851 2314 3421 2391">
     <span class='ocr_line' id='line_1_54' title="bbox 1851 2314 3421 2391; baseline 0.007 -22"><span class='ocrx_word' id='word_1_401' title='bbox 1851 2324 1962 2380; x_wconf 87' lang='lat' dir='ltr'><strong>net,</strong></span> <span class='ocrx_word' id='word_1_402' title='bbox 1990 2332 2303 2387; x_wconf 83' lang='lat' dir='ltr'><strong>quanquam</strong></span> <span class='ocrx_word' id='word_1_403' title='bbox 2328 2318 2383 2371; x_wconf 93' lang='lat' dir='ltr'><strong>in</strong></span> <span class='ocrx_word' id='word_1_404' title='bbox 2409 2333 2471 2373; x_wconf 87' lang='lat' dir='ltr'><strong>ea</strong></span> <span class='ocrx_word' id='word_1_405' title='bbox 2499 2314 2741 2373; x_wconf 85' lang='lat' dir='ltr'><strong>necduui‘</strong></span> <span class='ocrx_word' id='word_1_406' title='bbox 2764 2322 2995 2377; x_wconf 80' lang='lat' dir='ltr'><strong>facultas</strong></span> <span class='ocrx_word' id='word_1_407' title='bbox 3026 2327 3421 2391; x_wconf 76' lang='lat' dir='ltr'><strong>ratiocinatrix,</strong></span> 
     </span>
    </p>
   </div>
   <div class='ocr_carea' id='block_1_55' title="bbox 1850 2409 3474 2495">
    <p class='ocr_par' dir='ltr' id='par_1_55' title="bbox 1850 2409 3474 2495">
     <span class='ocr_line' id='line_1_55' title="bbox 1850 2409 3474 2495; baseline 0.004 -32"><span class='ocrx_word' id='word_1_408' title='bbox 1850 2424 1969 2478; x_wconf 69' lang='lat' dir='ltr'><strong>quze</strong></span> <span class='ocrx_word' id='word_1_409' title='bbox 2001 2418 2084 2463; x_wconf 89' lang='lat' dir='ltr'><strong>est</strong></span> <span class='ocrx_word' id='word_1_410' title='bbox 2120 2409 2455 2495; x_wconf 58' lang='lat' dir='ltr'><strong>16.),oyt26v,</strong></span> <span class='ocrx_word' id='word_1_411' title='bbox 2496 2427 2675 2482; x_wconf 78' lang='lat' dir='ltr'><strong>neque</strong></span> <span class='ocrx_word' id='word_1_412' title='bbox 2703 2420 2989 2482; x_wconf 83' lang='lat' dir='ltr'><strong>appetens,</strong></span> <span class='ocrx_word' id='word_1_413' title='bbox 3024 2432 3183 2484; x_wconf 86' lang='lat' dir='ltr'><strong>quam</strong></span> <span class='ocrx_word' id='word_1_414' title='bbox 3215 2417 3274 2469; x_wconf 77' lang='grc' dir='ltr'>τὸ</span> <span class='ocrx_word' id='word_1_415' title='bbox 3308 2420 3426 2470; x_wconf 64' lang='grc' dir='ltr'>ἐπιέ</span> <span class='ocrx_word' id='word_1_416' title='bbox 3463 2443 3474 2454; x_wconf 94' lang='grc'><strong>·</strong></span> 
     </span>
    </p>
   </div>
   <div class='ocr_carea' id='block_1_56' title="bbox 1848 2498 3424 2576">
    <p class='ocr_par' dir='ltr' id='par_1_56' title="bbox 1848 2498 3424 2576">
     <span class='ocr_line' id='line_1_56' title="bbox 1848 2498 3424 2576; baseline 0.008 -27"><span class='ocrx_word' id='word_1_417' title='bbox 1848 2498 2147 2569; x_wconf 79' lang='grc' dir='ltr'>θυμητικὸν</span> <span class='ocrx_word' id='word_1_418' title='bbox 2175 2510 2393 2566; x_wconf 87' lang='lat' dir='ltr'><strong>vocant,</strong></span> <span class='ocrx_word' id='word_1_419' title='bbox 2445 2519 2621 2572; x_wconf 57' lang='lat' dir='ltr'><strong>neque</strong></span> <span class='ocrx_word' id='word_1_420' title='bbox 2653 2504 2714 2556; x_wconf 85' lang='grc' dir='ltr'><strong>τὸ</strong></span> <span class='ocrx_word' id='word_1_421' title='bbox 2768 2504 3017 2575; x_wconf 73' lang='grc' dir='ltr'>θυμικόν,</span> <span class='ocrx_word' id='word_1_422' title='bbox 3052 2508 3195 2576; x_wconf 89' lang='lat' dir='ltr'><strong>quod</strong></span> <span class='ocrx_word' id='word_1_423' title='bbox 3258 2510 3424 2562; x_wconf 85' lang='lat' dir='ltr'><strong>animi</strong></span> 
     </span>
    </p>
   </div>
   <div class='ocr_carea' id='block_1_57' title="bbox 1849 2590 3425 2664">
    <p class='ocr_par' dir='ltr' id='par_1_57' title="bbox 1849 2590 3425 2664">
     <span class='ocr_line' id='line_1_57' title="bbox 1849 2590 3425 2664; baseline 0.006 -21"><span class='ocrx_word' id='word_1_424' title='bbox 1849 2590 2165 2646; x_wconf 77' lang='lat' dir='ltr'><strong>allectioues</strong></span> <span class='ocrx_word' id='word_1_425' title='bbox 2215 2594 2480 2658; x_wconf 87' lang='lat' dir='ltr'><strong>continet,</strong></span> <span class='ocrx_word' id='word_1_426' title='bbox 2524 2603 2825 2664; x_wconf 86' lang='lat' dir='ltr'><strong>appareat;</strong></span> <span class='ocrx_word' id='word_1_427' title='bbox 2881 2609 3057 2651; x_wconf 85' lang='lat' dir='ltr'><strong>tamen</strong></span> <span class='ocrx_word' id='word_1_428' title='bbox 3125 2615 3187 2652; x_wconf 87' lang='lat' dir='ltr'><strong>ea</strong></span> <span class='ocrx_word' id='word_1_429' title='bbox 3244 2600 3425 2653; x_wconf 69' lang='lat' dir='ltr'><strong>iues:e</strong></span> 
     </span>
    </p>
   </div>
   <div class='ocr_carea' id='block_1_58' title="bbox 1851 2683 3425 2760">
    <p class='ocr_par' dir='ltr' id='par_1_58' title="bbox 1851 2683 3425 2760">
     <span class='ocr_line' id='line_1_58' title="bbox 1851 2683 3425 2760; baseline 0.005 -24"><span class='ocrx_word' id='word_1_430' title='bbox 1851 2683 1980 2737; x_wconf 89' lang='lat' dir='ltr'><strong>huic</strong></span> <span class='ocrx_word' id='word_1_431' title='bbox 2012 2683 2278 2739; x_wconf 87' lang='lat' dir='ltr'><strong>dicimus:</strong></span> <span class='ocrx_word' id='word_1_432' title='bbox 2305 2693 2359 2738; x_wconf 86' lang='lat' dir='ltr'><strong>et</strong></span> <span class='ocrx_word' id='word_1_433' title='bbox 2383 2688 2654 2740; x_wconf 88' lang='lat' dir='ltr'><strong>consimili</strong></span> <span class='ocrx_word' id='word_1_434' title='bbox 2679 2691 2890 2741; x_wconf 87' lang='lat' dir='ltr'><strong>ratione</strong></span> <span class='ocrx_word' id='word_1_435' title='bbox 2918 2697 3190 2758; x_wconf 88' lang='lat' dir='ltr'><strong>quatenus</strong></span> <span class='ocrx_word' id='word_1_436' title='bbox 3226 2704 3425 2760; x_wconf 89' lang='lat' dir='ltr'><strong>corpus</strong></span> 
     </span>
    </p>
   </div>
   <div class='ocr_carea' id='block_1_59' title="bbox 1848 2773 3422 2845">
    <p class='ocr_par' dir='ltr' id='par_1_59' title="bbox 1848 2773 3422 2845">
     <span class='ocr_line' id='line_1_59' title="bbox 1848 2773 3422 2845; baseline 0.007 -19"><span class='ocrx_word' id='word_1_437' title='bbox 1848 2773 2118 2829; x_wconf 83' lang='lat' dir='ltr'><strong>formatur</strong></span> <span class='ocrx_word' id='word_1_438' title='bbox 2154 2789 2218 2829; x_wconf 86' lang='lat' dir='ltr'><strong>ac</strong></span> <span class='ocrx_word' id='word_1_439' title='bbox 2252 2776 2553 2845; x_wconf 68' lang='lat' dir='ltr'><strong>perficitur,</strong></span> <span class='ocrx_word' id='word_1_440' title='bbox 2586 2779 2749 2832; x_wconf 89' lang='lat' dir='ltr'><strong>etiam</strong></span> <span class='ocrx_word' id='word_1_441' title='bbox 2776 2780 3092 2836; x_wconf 77' lang='lat' dir='ltr'><strong>affectiones</strong></span> <span class='ocrx_word' id='word_1_442' title='bbox 3123 2782 3289 2835; x_wconf 82' lang='lat' dir='ltr'><strong>animi</strong></span> <span class='ocrx_word' id='word_1_443' title='bbox 3315 2799 3422 2837; x_wconf 83' lang='lat' dir='ltr'><strong>una</strong></span> 
     </span>
    </p>
   </div>
   <div class='ocr_carea' id='block_1_60' title="bbox 1846 2869 3424 2944">
    <p class='ocr_par' dir='ltr' id='par_1_60' title="bbox 1846 2869 3424 2944">
     <span class='ocr_line' id='line_1_60' title="bbox 1846 2869 3424 2944; baseline 0.005 -26"><span class='ocrx_word' id='word_1_444' title='bbox 1846 2880 1968 2918; x_wconf 91' lang='lat' dir='ltr'><strong>cum</strong></span> <span class='ocrx_word' id='word_1_445' title='bbox 2001 2880 2229 2935; x_wconf 88' lang='lat' dir='ltr'><strong>corpore</strong></span> <span class='ocrx_word' id='word_1_446' title='bbox 2261 2875 2531 2923; x_wconf 81' lang='lat' dir='ltr'><strong>crescere.</strong></span> <span class='ocrx_word' id='word_1_447' title='bbox 2571 2869 2705 2923; x_wconf 86' lang='lat' dir='ltr'><strong>Nam</strong></span> <span class='ocrx_word' id='word_1_448' title='bbox 2738 2883 2794 2925; x_wconf 93' lang='lat' dir='ltr'><strong>ut</strong></span> <span class='ocrx_word' id='word_1_449' title='bbox 2828 2872 2879 2924; x_wconf 91' lang='lat' dir='ltr'><strong>in</strong></span> <span class='ocrx_word' id='word_1_450' title='bbox 2920 2874 3139 2927; x_wconf 88' lang='lat' dir='ltr'><strong>homine</strong></span> <span class='ocrx_word' id='word_1_451' title='bbox 3162 2876 3255 2944; x_wconf 90' lang='lat' dir='ltr'><strong>qui</strong></span> <span class='ocrx_word' id='word_1_452' title='bbox 3295 2881 3424 2928; x_wconf 72' lang='lat' dir='ltr'><strong>teta-</strong></span> 
     </span>
    </p>
   </div>
   <div class='ocr_carea' id='block_1_61' title="bbox 1846 2958 3424 3031">
    <p class='ocr_par' dir='ltr' id='par_1_61' title="bbox 1846 2958 3424 3031">
     <span class='ocr_line' id='line_1_61' title="bbox 1846 2958 3424 3031; baseline 0.005 -23"><span class='ocrx_word' id='word_1_453' title='bbox 1846 2963 1952 3008; x_wconf 87' lang='lat' dir='ltr'><strong>tem</strong></span> <span class='ocrx_word' id='word_1_454' title='bbox 1983 2958 2048 3011; x_wconf 91' lang='lat' dir='ltr'><strong>ad</strong></span> <span class='ocrx_word' id='word_1_455' title='bbox 2092 2958 2358 3027; x_wconf 78' lang='lat' dir='ltr'><strong>integram</strong></span> <span class='ocrx_word' id='word_1_456' title='bbox 2393 2961 2660 3027; x_wconf 85' lang='lat' dir='ltr'><strong>pervenit,</strong></span> <span class='ocrx_word' id='word_1_457' title='bbox 2696 2970 2748 3014; x_wconf 86' lang='lat' dir='ltr'><strong>et</strong></span> <span class='ocrx_word' id='word_1_458' title='bbox 2779 2962 2920 3015; x_wconf 91' lang='lat' dir='ltr'><strong>inter</strong></span> <span class='ocrx_word' id='word_1_459' title='bbox 2946 2964 3265 3031; x_wconf 82' lang='lat' dir='ltr'><strong>grandiores</strong></span> <span class='ocrx_word' id='word_1_460' title='bbox 3300 2979 3424 3019; x_wconf 87' lang='lat' dir='ltr'><strong>cen-</strong></span> 
     </span>
    </p>
   </div>
   <div class='ocr_carea' id='block_1_62' title="bbox 1844 3046 3419 3123">
    <p class='ocr_par' dir='ltr' id='par_1_62' title="bbox 1844 3046 3419 3123">
     <span class='ocr_line' id='line_1_62' title="bbox 1844 3046 3419 3123; baseline 0.004 -22"><span class='ocrx_word' id='word_1_461' title='bbox 1844 3053 2021 3109; x_wconf 90' lang='lat' dir='ltr'><strong>setur,</strong></span> <span class='ocrx_word' id='word_1_462' title='bbox 2059 3046 2377 3101; x_wconf 74' lang='lat' dir='ltr'><strong>affectiones</strong></span> <span class='ocrx_word' id='word_1_463' title='bbox 2409 3049 2575 3102; x_wconf 90' lang='lat' dir='ltr'><strong>animi</strong></span> <span class='ocrx_word' id='word_1_464' title='bbox 2617 3050 2729 3119; x_wconf 88' lang='lat' dir='ltr'><strong>jam</strong></span> <span class='ocrx_word' id='word_1_465' title='bbox 2788 3052 3083 3107; x_wconf 86' lang='lat' dir='ltr'><strong>manifesto</strong></span> <span class='ocrx_word' id='word_1_466' title='bbox 3136 3068 3419 3123; x_wconf 87' lang='lat' dir='ltr'><strong>apparent,</strong></span> 
     </span>
    </p>
   </div>
   <div class='ocr_carea' id='block_1_63' title="bbox 1843 3139 3423 3213">
    <p class='ocr_par' dir='ltr' id='par_1_63' title="bbox 1843 3139 3423 3213">
     <span class='ocr_line' id='line_1_63' title="bbox 1843 3139 3423 3213; baseline 0.003 -18"><span class='ocrx_word' id='word_1_467' title='bbox 1843 3139 1923 3195; x_wconf 85' lang='lat' dir='ltr'><strong>sic</strong></span> <span class='ocrx_word' id='word_1_468' title='bbox 1959 3149 2114 3194; x_wconf 87' lang='lat' dir='ltr'><strong>ortus</strong></span> <span class='ocrx_word' id='word_1_469' title='bbox 2148 3140 2321 3194; x_wconf 82' lang='lat' dir='ltr'><strong>nostri</strong></span> <span class='ocrx_word' id='word_1_470' title='bbox 2356 3141 2533 3202; x_wconf 89' lang='lat' dir='ltr'><strong>initio,</strong></span> <span class='ocrx_word' id='word_1_471' title='bbox 2568 3148 2727 3209; x_wconf 88' lang='lat' dir='ltr'><strong>prout</strong></span> <span class='ocrx_word' id='word_1_472' title='bbox 2765 3149 2876 3195; x_wconf 90' lang='lat' dir='ltr'><strong>tum</strong></span> <span class='ocrx_word' id='word_1_473' title='bbox 2911 3158 2998 3198; x_wconf 85' lang='lat' dir='ltr'><strong>res</strong></span> <span class='ocrx_word' id='word_1_474' title='bbox 3033 3146 3289 3213; x_wconf 84' lang='lat' dir='ltr'><strong>postulat,</strong></span> <span class='ocrx_word' id='word_1_475' title='bbox 3346 3146 3423 3199; x_wconf 88' lang='lat' dir='ltr'><strong>ita</strong></span> 
     </span>
    </p>
   </div>
   <div class='ocr_carea' id='block_1_64' title="bbox 1844 3232 3422 3297">
    <p class='ocr_par' dir='ltr' id='par_1_64' title="bbox 1844 3232 3422 3297">
     <span class='ocr_line' id='line_1_64' title="bbox 1844 3232 3422 3297; baseline 0.003 -11"><span class='ocrx_word' id='word_1_476' title='bbox 1844 3247 1965 3286; x_wconf 83' lang='lat' dir='ltr'><strong>sese</strong></span> <span class='ocrx_word' id='word_1_477' title='bbox 2002 3232 2393 3287; x_wconf 88' lang='lat' dir='ltr'><strong>convenienter</strong></span> <span class='ocrx_word' id='word_1_478' title='bbox 2420 3233 2667 3286; x_wconf 88' lang='lat' dir='ltr'><strong>actiones</strong></span> <span class='ocrx_word' id='word_1_479' title='bbox 2711 3234 2880 3285; x_wconf 90' lang='lat' dir='ltr'><strong>animi</strong></span> <span class='ocrx_word' id='word_1_480' title='bbox 2912 3235 3208 3297; x_wconf 86' lang='lat' dir='ltr'><strong>declarant,</strong></span> <span class='ocrx_word' id='word_1_481' title='bbox 3270 3236 3320 3289; x_wconf 92' lang='lat' dir='ltr'><strong>in</strong></span> <span class='ocrx_word' id='word_1_482' title='bbox 3356 3252 3422 3290; x_wconf 86' lang='lat' dir='ltr'><strong>eo</strong></span> 
     </span>
    </p>
   </div>
   <div class='ocr_carea' id='block_1_65' title="bbox 1842 3307 3420 3395">
    <p class='ocr_par' dir='ltr' id='par_1_65' title="bbox 1842 3307 3420 3395">
     <span class='ocr_line' id='line_1_65' title="bbox 1842 3307 3420 3395; baseline 0.007 -25"><span class='ocrx_word' id='word_1_483' title='bbox 1842 3321 1985 3389; x_wconf 89' lang='lat' dir='ltr'><strong>quod</strong></span> <span class='ocrx_word' id='word_1_484' title='bbox 2017 3321 2130 3390; x_wconf 91' lang='lat' dir='ltr'><strong>ipse</strong></span> <span class='ocrx_word' id='word_1_485' title='bbox 2159 3321 2261 3374; x_wconf 89' lang='lat' dir='ltr'><strong>sibi</strong></span> <span class='ocrx_word' id='word_1_486' title='bbox 2294 3322 2360 3375; x_wconf 88' lang='lat' dir='ltr'><strong>de</strong></span> <span class='ocrx_word' id='word_1_487' title='bbox 2395 3324 2621 3377; x_wconf 83' lang='lat' dir='ltr'><strong>materie</strong></span> <span class='ocrx_word' id='word_1_488' title='bbox 2663 3323 2717 3376; x_wconf 90' lang='lat' dir='ltr'><strong>iu</strong></span> <span class='ocrx_word' id='word_1_489' title='bbox 2764 3325 2886 3375; x_wconf 87' lang='lat' dir='ltr'><strong>alvo</strong></span> <span class='ocrx_word' id='word_1_490' title='bbox 2919 3307 3109 3380; x_wconf 83' lang='lat' dir='ltr'><strong>matris</strong></span> <span class='ocrx_word' id='word_1_491' title='bbox 3173 3326 3420 3395; x_wconf 83' lang='lat' dir='ltr'><strong>deposita</strong></span> 
     </span>
    </p>
   </div>
   <div class='ocr_carea' id='block_1_66' title="bbox 154 3413 3424 3488">
    <p class='ocr_par' dir='ltr' id='par_1_66' title="bbox 154 3413 3424 3488">
     <span class='ocr_line' id='line_1_66' title="bbox 154 3413 3424 3488; baseline 0.001 -17"><span class='ocrx_word' id='word_1_492' title='bbox 154 3416 499 3471; x_wconf 82' lang='lat' dir='ltr'><strong>domicilium</strong></span> <span class='ocrx_word' id='word_1_493' title='bbox 544 3416 888 3485; x_wconf 87' lang='lat' dir='ltr'><strong>aptissimum</strong></span> <span class='ocrx_word' id='word_1_494' title='bbox 935 3424 1143 3469; x_wconf 77' lang='lat' dir='ltr'><strong>natura:</strong></span> <span class='ocrx_word' id='word_1_495' title='bbox 1193 3430 1304 3469; x_wconf 76' lang='lat' dir='ltr'><strong>sua:</strong></span> <span class='ocrx_word' id='word_1_496' title='bbox 1339 3413 1590 3470; x_wconf 88' lang='lat' dir='ltr'><strong>fabricat.</strong></span> <span class='ocrx_word' id='word_1_497' title='bbox 1632 3414 1765 3465; x_wconf 76' lang='lat' dir='ltr'><strong>Nam</strong></span> <span class='ocrx_word' id='word_1_498' title='bbox 1814 3414 1928 3466; x_wconf 81' lang='lat' dir='ltr'><strong>fieri</strong></span> <span class='ocrx_word' id='word_1_499' title='bbox 1962 3431 2068 3468; x_wconf 88' lang='lat' dir='ltr'><strong>non</strong></span> <span class='ocrx_word' id='word_1_500' title='bbox 2106 3431 2283 3482; x_wconf 74' lang='lat' dir='ltr'><strong>posse,</strong></span> <span class='ocrx_word' id='word_1_501' title='bbox 2319 3416 2384 3469; x_wconf 87' lang='lat' dir='ltr'><strong>de</strong></span> <span class='ocrx_word' id='word_1_502' title='bbox 2416 3417 2717 3471; x_wconf 80' lang='lat' dir='ltr'><strong>rationibus</strong></span> <span class='ocrx_word' id='word_1_503' title='bbox 2766 3420 2929 3471; x_wconf 82' lang='lat' dir='ltr'><strong>certis</strong></span> <span class='ocrx_word' id='word_1_504' title='bbox 2980 3420 3308 3488; x_wconf 86' lang='lat' dir='ltr'><strong>colligimus,</strong></span> <span class='ocrx_word' id='word_1_505' title='bbox 3359 3425 3424 3474; x_wconf 76' lang='lat' dir='ltr'><strong>ut</strong></span> 
     </span>
    </p>
   </div>
   <div class='ocr_carea' id='block_1_67' title="bbox 157 3498 3422 3579">
    <p class='ocr_par' dir='ltr' id='par_1_67' title="bbox 157 3498 3422 3579">
     <span class='ocr_line' id='line_1_67' title="bbox 157 3498 3422 3579; baseline 0.002 -17"><span class='ocrx_word' id='word_1_506' title='bbox 157 3510 335 3563; x_wconf 84' lang='lat' dir='ltr'><strong>aliena</strong></span> <span class='ocrx_word' id='word_1_507' title='bbox 376 3509 430 3562; x_wconf 92' lang='lat' dir='ltr'><strong>in</strong></span> <span class='ocrx_word' id='word_1_508' title='bbox 478 3507 706 3561; x_wconf 76' lang='lat' dir='ltr'><strong>:edilicia</strong></span> <span class='ocrx_word' id='word_1_509' title='bbox 756 3498 1042 3561; x_wconf 84' lang='lat' dir='ltr'><strong>commode</strong></span> <span class='ocrx_word' id='word_1_510' title='bbox 1097 3508 1313 3560; x_wconf 82' lang='lat' dir='ltr'><strong>animus</strong></span> <span class='ocrx_word' id='word_1_511' title='bbox 1373 3505 1716 3573; x_wconf 62' lang='lat' dir='ltr'><strong>commigret,</strong></span> <span class='ocrx_word' id='word_1_512' title='bbox 1760 3503 1899 3557; x_wconf 89' lang='lat' dir='ltr'><strong>sicut</strong></span> <span class='ocrx_word' id='word_1_513' title='bbox 1968 3506 2083 3559; x_wconf 87' lang='lat' dir='ltr'><strong>fleri</strong></span> <span class='ocrx_word' id='word_1_514' title='bbox 2130 3522 2236 3559; x_wconf 87' lang='lat' dir='ltr'><strong>non</strong></span> <span class='ocrx_word' id='word_1_515' title='bbox 2287 3514 2484 3574; x_wconf 82' lang='lat' dir='ltr'><strong>potest,</strong></span> <span class='ocrx_word' id='word_1_516' title='bbox 2539 3517 2595 3560; x_wconf 92' lang='lat' dir='ltr'><strong>ut</strong></span> <span class='ocrx_word' id='word_1_517' title='bbox 2642 3508 2855 3577; x_wconf 80' lang='lat' dir='ltr'><strong>signum</strong></span> <span class='ocrx_word' id='word_1_518' title='bbox 2909 3510 3233 3579; x_wconf 86' lang='lat' dir='ltr'><strong>impressum</strong></span> <span class='ocrx_word' id='word_1_519' title='bbox 3284 3530 3422 3570; x_wconf 75' lang='lat' dir='ltr'><strong>cera:</strong></span> 
     </span>
    </p>
   </div>
   <div class='ocr_carea' id='block_1_68' title="bbox 156 3599 1156 3672">
    <p class='ocr_par' dir='ltr' id='par_1_68' title="bbox 156 3599 1156 3672">
     <span class='ocr_line' id='line_1_68' title="bbox 156 3599 1156 3672; baseline 0.001 -17"><span class='ocrx_word' id='word_1_520' title='bbox 156 3603 427 3655; x_wconf 78' lang='lat' dir='ltr'><strong>diversam</strong></span> <span class='ocrx_word' id='word_1_521' title='bbox 457 3599 523 3655; x_wconf 88' lang='lat' dir='ltr'><strong>ad</strong></span> <span class='ocrx_word' id='word_1_522' title='bbox 548 3602 884 3672; x_wconf 86' lang='lat' dir='ltr'><strong>sculpturam</strong></span> <span class='ocrx_word' id='word_1_523' title='bbox 919 3610 1156 3671; x_wconf 87' lang='lat' dir='ltr'><strong>aptetur.</strong></span> 
     </span>
    </p>
   </div>
   <div class='ocr_carea' id='block_1_69' title="bbox 228 3691 1740 3768">
    <p class='ocr_par' dir='ltr' id='par_1_69' title="bbox 228 3692 1737 3768">
     <span class='ocr_line' id='line_1_69' title="bbox 228 3692 1737 3768; baseline -0.003 -19"><span class='ocrx_word' id='word_1_524' title='bbox 228 3696 497 3768; x_wconf 75' lang='grc' dir='ltr'>Καθάπερ</span> <span class='ocrx_word' id='word_1_525' title='bbox 548 3697 653 3767; x_wconf 75' lang='grc' dir='ltr'>γὰρ</span> <span class='ocrx_word' id='word_1_526' title='bbox 686 3696 747 3749; x_wconf 80' lang='grc' dir='ltr'><strong>τὸ</strong></span> <span class='ocrx_word' id='word_1_527' title='bbox 801 3697 959 3768; x_wconf 82' lang='grc' dir='ltr'>σῶμα</span> <span class='ocrx_word' id='word_1_528' title='bbox 1000 3698 1063 3749; x_wconf 84' lang='grc' dir='ltr'><strong>ἐκ</strong></span> <span class='ocrx_word' id='word_1_529' title='bbox 1111 3696 1445 3767; x_wconf 71' lang='grc' dir='ltr'>βραχυτάτου</span> <span class='ocrx_word' id='word_1_530' title='bbox 1492 3695 1625 3763; x_wconf 69' lang='grc' dir='ltr'>πρὸς</span> <span class='ocrx_word' id='word_1_531' title='bbox 1678 3692 1737 3745; x_wconf 82' lang='grc' dir='ltr'>τὸ</span> 
     </span>
    </p>
   </div>
   <div class='ocr_carea' id='block_1_70' title="bbox 1844 3691 3418 3768">
    <p class='ocr_par' dir='ltr' id='par_1_70' title="bbox 1912 3691 3418 3767">
     <span class='ocr_line' id='line_1_70' title="bbox 1912 3691 3418 3767; baseline 0.005 -23"><span class='ocrx_word' id='word_1_532' title='bbox 1912 3691 2179 3744; x_wconf 90' lang='lat' dir='ltr'><strong>Nimirum</strong></span> <span class='ocrx_word' id='word_1_533' title='bbox 2212 3691 2291 3743; x_wconf 91' lang='lat' dir='ltr'><strong>uti</strong></span> <span class='ocrx_word' id='word_1_534' title='bbox 2315 3702 2518 3759; x_wconf 89' lang='lat' dir='ltr'><strong>corpus</strong></span> <span class='ocrx_word' id='word_1_535' title='bbox 2545 3706 2799 3746; x_wconf 77' lang='lat' dir='ltr'><strong>exorsum</strong></span> <span class='ocrx_word' id='word_1_536' title='bbox 2834 3707 2862 3746; x_wconf 92' lang='lat' dir='ltr'><strong>a</strong></span> <span class='ocrx_word' id='word_1_537' title='bbox 2902 3695 3274 3763; x_wconf 82' lang='lat' dir='ltr'><strong>magnitudine</strong></span> <span class='ocrx_word' id='word_1_538' title='bbox 3298 3712 3418 3767; x_wconf 85' lang='lat' dir='ltr'><strong>per-</strong></span> 
     </span>
    </p>
   </div>
   <div class='ocr_carea' id='block_1_71' title="bbox 152 3787 1738 3859">
    <p class='ocr_par' dir='ltr' id='par_1_71' title="bbox 152 3787 1738 3859">
     <span class='ocr_line' id='line_1_71' title="bbox 152 3787 1738 3859; baseline 0.011 -18"><span class='ocrx_word' id='word_1_539' title='bbox 152 3788 363 3841; x_wconf 68' lang='grc' dir='ltr'>τέλειον</span> <span class='ocrx_word' id='word_1_540' title='bbox 414 3788 678 3859; x_wconf 78' lang='grc' dir='ltr'>πρόεισιν,</span> <span class='ocrx_word' id='word_1_541' title='bbox 734 3789 874 3842; x_wconf 75' lang='grc' dir='ltr'>οὕτω</span> <span class='ocrx_word' id='word_1_542' title='bbox 927 3790 1019 3842; x_wconf 57' lang='grc' dir='ltr'><strong>καὶ⁵</strong></span> <span class='ocrx_word' id='word_1_543' title='bbox 1071 3791 1103 3857; x_wconf 88' lang='grc' dir='ltr'>ἡ</span> <span class='ocrx_word' id='word_1_544' title='bbox 1152 3788 1251 3858; x_wconf 77' lang='grc' dir='ltr'><strong>τῆς</strong></span> <span class='ocrx_word' id='word_1_545' title='bbox 1278 3787 1455 3857; x_wconf 71' lang='grc' dir='ltr'>ψυχῆς</span> <span class='ocrx_word' id='word_1_546' title='bbox 1491 3787 1738 3855; x_wconf 76' lang='grc' dir='ltr'>ἐνέργεια</span> 
     </span>
    </p>
   </div>
   <div class='ocr_carea' id='block_1_72' title="bbox 153 3875 1737 3950">
    <p class='ocr_par' dir='ltr' id='par_1_72' title="bbox 153 3875 1737 3950">
     <span class='ocr_line' id='line_1_72' title="bbox 153 3875 1737 3950; baseline -0.003 -18"><span class='ocrx_word' id='word_1_547' title='bbox 153 3879 508 3950; x_wconf 81' lang='grc' dir='ltr'>καταλλήλως</span> <span class='ocrx_word' id='word_1_548' title='bbox 525 3879 838 3950; x_wconf 78' lang='grc' dir='ltr'>ὲμφυομένη</span> <span class='ocrx_word' id='word_1_549' title='bbox 868 3878 945 3950; x_wconf 82' lang='grc' dir='ltr'>τῷ</span> <span class='ocrx_word' id='word_1_550' title='bbox 977 3879 1339 3949; x_wconf 76' lang='grc' dir='ltr'>ὑποκειμένῳ,</span> <span class='ocrx_word' id='word_1_551' title='bbox 1364 3875 1737 3929; x_wconf 76' lang='grc' dir='ltr'>συνεπιδίδωσι</span> 
     </span>
    </p>
   </div>
   <div class='ocr_carea' id='block_1_73' title="bbox 154 3967 1736 4041">
    <p class='ocr_par' dir='ltr' id='par_1_73' title="bbox 154 3967 1736 4041">
     <span class='ocr_line' id='line_1_73' title="bbox 154 3967 1736 4041; baseline -0.004 -18"><span class='ocrx_word' id='word_1_552' title='bbox 154 3972 250 4024; x_wconf 74' lang='grc' dir='ltr'><strong>καὶ</strong></span> <span class='ocrx_word' id='word_1_553' title='bbox 279 3971 618 4035; x_wconf 80' lang='grc' dir='ltr'>συναύξεται.</span> <span class='ocrx_word' id='word_1_554' title='bbox 671 3973 1002 4041; x_wconf 76' lang='grc' dir='ltr'>Ιῐροηγεῖται</span> <span class='ocrx_word' id='word_1_555' title='bbox 1042 3969 1140 4039; x_wconf 83' lang='grc' dir='ltr'>μὲν</span> <span class='ocrx_word' id='word_1_556' title='bbox 1196 3969 1307 4037; x_wconf 78' lang='grc' dir='ltr'>γὰρ</span> <span class='ocrx_word' id='word_1_557' title='bbox 1354 3967 1523 4036; x_wconf 73' lang='grc' dir='ltr'>αὐτῆς</span> <span class='ocrx_word' id='word_1_558' title='bbox 1568 3968 1624 4018; x_wconf 74' lang='grc' dir='ltr'><strong>ἐν</strong></span> <span class='ocrx_word' id='word_1_559' title='bbox 1671 3967 1736 4035; x_wconf 82' lang='grc' dir='ltr'>τῇ</span> 
     </span>
    </p>
   </div>
   <div class='ocr_carea' id='block_1_74' title="bbox 156 4055 1740 4132">
    <p class='ocr_par' dir='ltr' id='par_1_74' title="bbox 156 4055 1740 4132">
     <span class='ocr_line' id='line_1_74' title="bbox 156 4055 1740 4132; baseline -0.004 -18"><span class='ocrx_word' id='word_1_560' title='bbox 156 4060 351 4132; x_wconf 83' lang='grc' dir='ltr'>πρώτῃ</span> <span class='ocrx_word' id='word_1_561' title='bbox 397 4064 704 4131; x_wconf 83' lang='grc' dir='ltr'>κατασκευῇ</span> <span class='ocrx_word' id='word_1_562' title='bbox 753 4055 864 4114; x_wconf 73' lang='grc' dir='ltr'>οἷον</span> <span class='ocrx_word' id='word_1_563' title='bbox 905 4059 1061 4131; x_wconf 75' lang='grc' dir='ltr'>ῥίζης</span> <span class='ocrx_word' id='word_1_564' title='bbox 1095 4059 1238 4122; x_wconf 74' lang='grc' dir='ltr'>τινος</span> <span class='ocrx_word' id='word_1_565' title='bbox 1276 4060 1334 4111; x_wconf 82' lang='grc' dir='ltr'>ἐν</span> <span class='ocrx_word' id='word_1_566' title='bbox 1354 4060 1419 4129; x_wconf 77' lang='grc' dir='ltr'>τῇ</span> <span class='ocrx_word' id='word_1_567' title='bbox 1470 4061 1539 4127; x_wconf 81' lang='grc' dir='ltr'>γῇ</span> <span class='ocrx_word' id='word_1_568' title='bbox 1572 4070 1740 4108; x_wconf 88' lang='grc' dir='ltr'>κατα-</span> 
     </span>
    </p>
   </div>
   <div class='ocr_carea' id='block_1_75' title="bbox 153 4148 1738 4225">
    <p class='ocr_par' dir='ltr' id='par_1_75' title="bbox 153 4148 1738 4225">
     <span class='ocr_line' id='line_1_75' title="bbox 153 4148 1738 4225; baseline -0.004 -19"><span class='ocrx_word' id='word_1_569' title='bbox 153 4153 489 4225; x_wconf 65' lang='grc' dir='ltr'>κρυφθείσης</span> <span class='ocrx_word' id='word_1_570' title='bbox 535 4154 568 4223; x_wconf 86' lang='grc' dir='ltr'><strong>ή</strong></span> <span class='ocrx_word' id='word_1_571' title='bbox 613 4154 875 4224; x_wconf 78' lang='grc' dir='ltr'>αὐξητικὴ</span> <span class='ocrx_word' id='word_1_572' title='bbox 934 4170 993 4204; x_wconf 90' lang='grc' dir='ltr'><strong>τε</strong></span> <span class='ocrx_word' id='word_1_573' title='bbox 1047 4151 1139 4205; x_wconf 50' lang='grc' dir='ltr'><strong>καλ¹</strong></span> <span class='ocrx_word' id='word_1_574' title='bbox 1190 4149 1456 4221; x_wconf 81' lang='grc' dir='ltr'>θρεπτικὴ</span> <span class='ocrx_word' id='word_1_575' title='bbox 1511 4148 1738 4218; x_wconf 87' lang='grc' dir='ltr'>δύναμις</span> 
     </span>
    </p>
   </div>
   <div class='ocr_carea' id='block_1_76' title="bbox 157 4235 1739 4313">
    <p class='ocr_par' dir='ltr' id='par_1_76' title="bbox 157 4235 1739 4313">
     <span class='ocr_line' id='line_1_76' title="bbox 157 4235 1739 4313; baseline -0.004 -18"><span class='ocrx_word' id='word_1_576' title='bbox 157 4244 323 4313; x_wconf 69' lang='grc' dir='ltr'>μόνη.</span> <span class='ocrx_word' id='word_1_577' title='bbox 372 4242 446 4294; x_wconf 74' lang='grc' dir='ltr'><strong>Οὐ</strong></span> <span class='ocrx_word' id='word_1_578' title='bbox 475 4242 581 4313; x_wconf 76' lang='grc' dir='ltr'><strong>γὰρ</strong></span> <span class='ocrx_word' id='word_1_579' title='bbox 613 4245 781 4312; x_wconf 88' lang='grc' dir='ltr'>χωρεί</span> <span class='ocrx_word' id='word_1_580' title='bbox 813 4242 872 4294; x_wconf 82' lang='grc' dir='ltr'><strong>τὸ</strong></span> <span class='ocrx_word' id='word_1_581' title='bbox 914 4241 1299 4312; x_wconf 86' lang='grc' dir='ltr'>περισσότερον</span> <span class='ocrx_word' id='word_1_582' title='bbox 1332 4240 1364 4309; x_wconf 79' lang='grc' dir='ltr'>ἡ</span> <span class='ocrx_word' id='word_1_583' title='bbox 1397 4238 1489 4291; x_wconf 89' lang='grc' dir='ltr'><strong>τοῦ</strong></span> <span class='ocrx_word' id='word_1_584' title='bbox 1517 4235 1739 4307; x_wconf 74' lang='grc' dir='ltr'>δεχομέο</span> 
     </span>
    </p>
   </div>
   <div class='ocr_carea' id='block_1_77' title="bbox 153 4327 1735 4405">
    <p class='ocr_par' dir='ltr' id='par_1_77' title="bbox 153 4327 1735 4405">
     <span class='ocr_line' id='line_1_77' title="bbox 153 4327 1735 4405; baseline -0.004 -19"><span class='ocrx_word' id='word_1_585' title='bbox 153 4351 243 4387; x_wconf 84' lang='grc' dir='ltr'><strong>νου</strong></span> <span class='ocrx_word' id='word_1_586' title='bbox 276 4333 567 4404; x_wconf 69' lang='grc' dir='ltr'>βραχύτης.</span> <span class='ocrx_word' id='word_1_587' title='bbox 603 4328 733 4385; x_wconf 79' lang='grc' dir='ltr'>Εἶτα</span> <span class='ocrx_word' id='word_1_588' title='bbox 777 4331 1128 4405; x_wconf 81' lang='grc' dir='ltr'>προελθόντος</span> <span class='ocrx_word' id='word_1_589' title='bbox 1157 4333 1235 4393; x_wconf 83' lang='grc' dir='ltr'>εἰς</span> <span class='ocrx_word' id='word_1_590' title='bbox 1264 4329 1379 4399; x_wconf 83' lang='grc' dir='ltr'><strong>φῶς</strong></span> <span class='ocrx_word' id='word_1_591' title='bbox 1412 4329 1505 4382; x_wconf 90' lang='grc' dir='ltr'><strong>τοῦ</strong></span> <span class='ocrx_word' id='word_1_592' title='bbox 1541 4327 1735 4397; x_wconf 71' lang='grc' dir='ltr'>φυτοῦ,</span> 
     </span>
    </p>
   </div>
   <div class='ocr_carea' id='block_1_78' title="bbox 153 4417 1738 4493">
    <p class='ocr_par' dir='ltr' id='par_1_78' title="bbox 153 4417 1738 4493">
     <span class='ocr_line' id='line_1_78' title="bbox 153 4417 1738 4493; baseline -0.004 -18"><span class='ocrx_word' id='word_1_593' title='bbox 153 4425 249 4475; x_wconf 75' lang='grc' dir='ltr'><strong>καὶ</strong></span> <span class='ocrx_word' id='word_1_594' title='bbox 278 4424 411 4493; x_wconf 74' lang='grc' dir='ltr'>ἡλίῳ</span> <span class='ocrx_word' id='word_1_595' title='bbox 455 4423 552 4491; x_wconf 81' lang='grc' dir='ltr'>τὴν</span> <span class='ocrx_word' id='word_1_596' title='bbox 585 4422 819 4491; x_wconf 78' lang='grc' dir='ltr'>βλάστην</span> <span class='ocrx_word' id='word_1_597' title='bbox 863 4422 1155 4485; x_wconf 81' lang='grc' dir='ltr'>δείξαντος,</span> <span class='ocrx_word' id='word_1_598' title='bbox 1190 4422 1223 4491; x_wconf 82' lang='grc' dir='ltr'>ἡ</span> <span class='ocrx_word' id='word_1_599' title='bbox 1257 4419 1546 4489; x_wconf 76' lang='grc' dir='ltr'>αἰσθητικὴ</span> <span class='ocrx_word' id='word_1_600' title='bbox 1578 4417 1738 4489; x_wconf 87' lang='grc' dir='ltr'>χάρις</span> 
     </span>
    </p>
   </div>
   <div class='ocr_carea' id='block_1_79' title="bbox 152 4511 1736 4584">
    <p class='ocr_par' dir='ltr' id='par_1_79' title="bbox 152 4511 1736 4584">
     <span class='ocr_line' id='line_1_79' title="bbox 152 4511 1736 4584; baseline -0.003 -18"><span class='ocrx_word' id='word_1_601' title='bbox 152 4514 481 4584; x_wconf 81' lang='grc' dir='ltr'>ἐπήνθησεν.</span> <span class='ocrx_word' id='word_1_602' title='bbox 539 4513 918 4584; x_wconf 80' lang='grc' dir='ltr'>Ἀδρυνθὲντος</span> <span class='ocrx_word' id='word_1_603' title='bbox 957 4513 1014 4565; x_wconf 84' lang='grc' dir='ltr'>δὲ</span> <span class='ocrx_word' id='word_1_604' title='bbox 1039 4514 1139 4583; x_wconf 70' lang='grc' dir='ltr'>ἤδη</span> <span class='ocrx_word' id='word_1_605' title='bbox 1173 4512 1267 4564; x_wconf 68' lang='grc' dir='ltr'><strong>καὶ</strong></span> <span class='ocrx_word' id='word_1_606' title='bbox 1299 4513 1379 4574; x_wconf 86' lang='grc' dir='ltr'>εἰς</span> <span class='ocrx_word' id='word_1_607' title='bbox 1426 4511 1736 4581; x_wconf 72' lang='grc' dir='ltr'>σύμμετρον</span> 
     </span>
    </p>
   </div>
   <div class='ocr_carea' id='block_1_80' title="bbox 154 4602 1736 4675">
    <p class='ocr_par' dir='ltr' id='par_1_80' title="bbox 154 4602 1736 4675">
     <span class='ocr_line' id='line_1_80' title="bbox 154 4602 1736 4675; baseline -0.001 -19"><span class='ocrx_word' id='word_1_608' title='bbox 154 4606 331 4675; x_wconf 80' lang='grc' dir='ltr'>μῆκος</span> <span class='ocrx_word' id='word_1_609' title='bbox 352 4604 768 4675; x_wconf 73' lang='grc' dir='ltr'>ἀναδραμόντος,</span> <span class='ocrx_word' id='word_1_610' title='bbox 792 4604 1043 4673; x_wconf 79' lang='grc' dir='ltr'>καθάπερ</span> <span class='ocrx_word' id='word_1_611' title='bbox 1062 4620 1145 4665; x_wconf 86' lang='grc' dir='ltr'><strong>τις</strong></span> <span class='ocrx_word' id='word_1_612' title='bbox 1168 4602 1378 4672; x_wconf 84' lang='grc' dir='ltr'>καρπὸς</span> <span class='ocrx_word' id='word_1_613' title='bbox 1409 4602 1736 4671; x_wconf 84' lang='grc' dir='ltr'>διαλάμπειν</span> 
     </span>
    </p>
   </div>
   <div class='ocr_carea' id='block_1_81' title="bbox 149 4692 1733 4768">
    <p class='ocr_par' dir='ltr' id='par_1_81' title="bbox 149 4692 1733 4768">
     <span class='ocr_line' id='line_1_81' title="bbox 149 4692 1733 4768; baseline -0.007 -15"><span class='ocrx_word' id='word_1_614' title='bbox 149 4699 184 4766; x_wconf 78' lang='grc' dir='ltr'><strong>ἡ</strong></span> <span class='ocrx_word' id='word_1_615' title='bbox 213 4697 409 4768; x_wconf 78' lang='grc' dir='ltr'>λογικὴ</span> <span class='ocrx_word' id='word_1_616' title='bbox 440 4696 666 4765; x_wconf 72' lang='grc' dir='ltr'>δύναμις</span> <span class='ocrx_word' id='word_1_617' title='bbox 695 4697 943 4767; x_wconf 82' lang='grc' dir='ltr'>ἄρχεται,</span> <span class='ocrx_word' id='word_1_618' title='bbox 999 4695 1059 4747; x_wconf 77' lang='grc' dir='ltr'>οὐ</span> <span class='ocrx_word' id='word_1_619' title='bbox 1108 4696 1256 4746; x_wconf 79' lang='grc' dir='ltr'>πάσα</span> <span class='ocrx_word' id='word_1_620' title='bbox 1293 4692 1503 4763; x_wconf 72' lang='grc' dir='ltr'>ἀθρόως</span> <span class='ocrx_word' id='word_1_621' title='bbox 1542 4696 1733 4762; x_wconf 65' lang='grc' dir='ltr'>ἐκφαι-</span> 
     </span>
    </p>
   </div>
   <div class='ocr_carea' id='block_1_82' title="bbox 148 4784 1736 4858">
    <p class='ocr_par' dir='ltr' id='par_1_82' title="bbox 148 4784 1736 4858">
     <span class='ocr_line' id='line_1_82' title="bbox 148 4784 1736 4858; baseline -0.003 -18"><span class='ocrx_word' id='word_1_622' title='bbox 148 4788 352 4858; x_wconf 82' lang='grc' dir='ltr'>νομένη</span> <span class='ocrx_word' id='word_1_623' title='bbox 376 4805 390 4818; x_wconf 87' lang='grc'><strong>·</strong></span> <span class='ocrx_word' id='word_1_624' title='bbox 441 4788 575 4839; x_wconf 75' lang='grc' dir='ltr'>ἀλλὰ</span> <span class='ocrx_word' id='word_1_625' title='bbox 620 4790 685 4858; x_wconf 86' lang='grc' dir='ltr'>τῇ</span> <span class='ocrx_word' id='word_1_626' title='bbox 734 4786 827 4840; x_wconf 88' lang='grc' dir='ltr'><strong>τοῦ</strong></span> <span class='ocrx_word' id='word_1_627' title='bbox 866 4786 1097 4857; x_wconf 74' lang='grc' dir='ltr'>ὀργάνου</span> <span class='ocrx_word' id='word_1_628' title='bbox 1131 4784 1406 4838; x_wconf 80' lang='grc' dir='ltr'>τελειώσει</span> <span class='ocrx_word' id='word_1_629' title='bbox 1443 4784 1510 4837; x_wconf 86' lang='grc' dir='ltr'>δι’</span> <span class='ocrx_word' id='word_1_630' title='bbox 1544 4785 1736 4853; x_wconf 74' lang='grc' dir='ltr'><strong>ὲπιμε⁴</strong></span> 
     </span>
    </p>
   </div>
   <div class='ocr_carea' id='block_1_83' title="bbox 146 4875 1732 4948">
    <p class='ocr_par' dir='ltr' id='par_1_83' title="bbox 146 4875 1732 4948">
     <span class='ocr_line' id='line_1_83' title="bbox 146 4875 1732 4948; baseline -0.004 -16"><span class='ocrx_word' id='word_1_631' title='bbox 146 4879 303 4943; x_wconf 85' lang='grc' dir='ltr'>λείας</span> <span class='ocrx_word' id='word_1_632' title='bbox 334 4879 694 4946; x_wconf 77' lang='grc' dir='ltr'>συναύξουσα,</span> <span class='ocrx_word' id='word_1_633' title='bbox 742 4879 994 4934; x_wconf 86' lang='grc' dir='ltr'>τοσοῦτον</span> <span class='ocrx_word' id='word_1_634' title='bbox 1027 4878 1114 4931; x_wconf 72' lang='grc' dir='ltr'><strong>ἀεὶ</strong></span> <span class='ocrx_word' id='word_1_635' title='bbox 1139 4875 1581 4948; x_wconf 67' lang='grc' dir='ltr'>καρποφοροῦσα,</span> <span class='ocrx_word' id='word_1_636' title='bbox 1611 4876 1732 4927; x_wconf 85' lang='grc' dir='ltr'>ὅσον</span> 
     </span>
    </p>
   </div>
   <div class='ocr_carea' id='block_1_84' title="bbox 145 4964 1731 5041">
    <p class='ocr_par' dir='ltr' id='par_1_84' title="bbox 145 4964 1731 5041">
     <span class='ocr_line' id='line_1_84' title="bbox 145 4964 1731 5041; baseline -0.005 -17"><span class='ocrx_word' id='word_1_637' title='bbox 145 4972 320 5041; x_wconf 84' lang='grc' dir='ltr'>χωρεῖ</span> <span class='ocrx_word' id='word_1_638' title='bbox 345 4969 440 5024; x_wconf 83' lang='grc' dir='ltr'><strong>τοῦ</strong></span> <span class='ocrx_word' id='word_1_639' title='bbox 496 4970 850 5040; x_wconf 79' lang='grc' dir='ltr'>ὑποκειμένου</span> <span class='ocrx_word' id='word_1_640' title='bbox 903 4971 937 5040; x_wconf 80' lang='grc' dir='ltr'><strong>ἡ</strong></span> <span class='ocrx_word' id='word_1_641' title='bbox 986 4968 1232 5037; x_wconf 82' lang='grc' dir='ltr'>δύναμις.</span> <span class='ocrx_word' id='word_1_642' title='bbox 1277 4967 1338 5019; x_wconf 78' lang='lat' dir='ltr'><strong>El</strong></span> <span class='ocrx_word' id='word_1_643' title='bbox 1370 4966 1426 5019; x_wconf 80' lang='grc' dir='ltr'><strong>δὲ</strong></span> <span class='ocrx_word' id='word_1_644' title='bbox 1456 4964 1636 5036; x_wconf 79' lang='grc' dir='ltr'>ζητεῖς</span> <span class='ocrx_word' id='word_1_645' title='bbox 1674 4966 1731 5017; x_wconf 82' lang='grc' dir='ltr'>ὲν</span> 
     </span>
    </p>
   </div>
   <div class='ocr_carea' id='block_1_85' title="bbox 145 5057 1728 5132">
    <p class='ocr_par' dir='ltr' id='par_1_85' title="bbox 145 5057 1728 5132">
     <span class='ocr_line' id='line_1_85' title="bbox 145 5057 1728 5132; baseline -0.003 -20"><span class='ocrx_word' id='word_1_646' title='bbox 145 5065 210 5132; x_wconf 76' lang='grc' dir='ltr'>τῇ</span> <span class='ocrx_word' id='word_1_647' title='bbox 278 5061 373 5114; x_wconf 85' lang='grc' dir='ltr'><strong>τοῦ</strong></span> <span class='ocrx_word' id='word_1_648' title='bbox 440 5060 689 5131; x_wconf 80' lang='grc' dir='ltr'>σώματος</span> <span class='ocrx_word' id='word_1_649' title='bbox 740 5061 933 5113; x_wconf 86' lang='grc' dir='ltr'>πλάσει</span> <span class='ocrx_word' id='word_1_650' title='bbox 984 5059 1082 5122; x_wconf 77' lang='grc' dir='ltr'>τὰς</span> <span class='ocrx_word' id='word_1_651' title='bbox 1132 5057 1368 5128; x_wconf 70' lang='grc' dir='ltr'>ψυχικάς</span> <span class='ocrx_word' id='word_1_652' title='bbox 1427 5057 1728 5128; x_wconf 73' lang='grc' dir='ltr'>ἐνεργείας,</span> 
     </span>
    </p>
   </div>
   <div class='ocr_carea' id='block_1_86' title="bbox 144 5147 1732 5223">
    <p class='ocr_par' dir='ltr' id='par_1_86' title="bbox 144 5147 1732 5223">
     <span class='ocr_line' id='line_1_86' title="bbox 144 5147 1732 5223; baseline -0.001 -22"><span class='ocrx_word' id='word_1_653' title='bbox 144 5154 383 5221; x_wconf 65' lang='grc' dir='ltr'>πρίσεχε</span> <span class='ocrx_word' id='word_1_654' title='bbox 417 5151 649 5221; x_wconf 72' lang='grc' dir='ltr'>σεαυτῷ,</span> <span class='ocrx_word' id='word_1_655' title='bbox 684 5152 817 5223; x_wconf 69' lang='grc' dir='ltr'>φησι</span> <span class='ocrx_word' id='word_1_656' title='bbox 856 5152 1080 5221; x_wconf 83' lang='grc' dir='ltr'>Μωσῆς,</span> <span class='ocrx_word' id='word_1_657' title='bbox 1110 5149 1202 5202; x_wconf 77' lang='grc' dir='ltr'><strong>καὶ</strong></span> <span class='ocrx_word' id='word_1_658' title='bbox 1242 5147 1531 5218; x_wconf 81' lang='grc' dir='ltr'>ἀναγνώσῃ</span> <span class='ocrx_word' id='word_1_659' title='bbox 1562 5147 1732 5200; x_wconf 82' lang='grc' dir='ltr'>καθά-</span> 
     </span>
    </p>
   </div>
   <div class='ocr_carea' id='block_1_87' title="bbox 148 5240 1726 5315">
    <p class='ocr_par' dir='ltr' id='par_1_87' title="bbox 148 5240 1726 5315">
     <span class='ocr_line' id='line_1_87' title="bbox 148 5240 1726 5315; baseline 0 -22"><span class='ocrx_word' id='word_1_660' title='bbox 148 5258 254 5310; x_wconf 84' lang='grc' dir='ltr'><strong>περ</strong></span> <span class='ocrx_word' id='word_1_661' title='bbox 311 5243 368 5293; x_wconf 80' lang='grc' dir='ltr'>ὲν</span> <span class='ocrx_word' id='word_1_662' title='bbox 405 5243 572 5315; x_wconf 74' lang='grc' dir='ltr'>βίϐλῳ</span> <span class='ocrx_word' id='word_1_663' title='bbox 623 5243 731 5296; x_wconf 77' lang='grc' dir='ltr'>τῶν</span> <span class='ocrx_word' id='word_1_664' title='bbox 760 5243 855 5312; x_wconf 77' lang='grc' dir='ltr'>τῆς</span> <span class='ocrx_word' id='word_1_665' title='bbox 901 5242 1078 5313; x_wconf 69' lang='grc' dir='ltr'>ψυχῆς</span> <span class='ocrx_word' id='word_1_666' title='bbox 1118 5241 1293 5313; x_wconf 77' lang='grc' dir='ltr'>ἔργων</span> <span class='ocrx_word' id='word_1_667' title='bbox 1325 5240 1425 5311; x_wconf 76' lang='grc' dir='ltr'>τὴν</span> <span class='ocrx_word' id='word_1_668' title='bbox 1466 5240 1726 5311; x_wconf 85' lang='grc' dir='ltr'>ἱστορίαν.</span> 
     </span>
    </p>
   </div>
   <div class='ocr_carea' id='block_1_88' title="bbox 146 5331 1728 5404">
    <p class='ocr_par' dir='ltr' id='par_1_88' title="bbox 146 5331 1728 5404">
     <span class='ocr_line' id='line_1_88' title="bbox 146 5331 1728 5404; baseline 0.001 -21"><span class='ocrx_word' id='word_1_669' title='bbox 146 5332 293 5402; x_wconf 72' lang='grc' dir='ltr'>Αὐτὴ</span> <span class='ocrx_word' id='word_1_670' title='bbox 324 5332 431 5404; x_wconf 86' lang='grc' dir='ltr'><strong>γάρ</strong></span> <span class='ocrx_word' id='word_1_671' title='bbox 466 5349 547 5384; x_wconf 88' lang='grc' dir='ltr'><strong>σοι</strong></span> <span class='ocrx_word' id='word_1_672' title='bbox 579 5332 843 5404; x_wconf 82' lang='grc' dir='ltr'>διηγεῖται</span> <span class='ocrx_word' id='word_1_673' title='bbox 877 5336 909 5404; x_wconf 84' lang='grc' dir='ltr'><strong>ἡ</strong></span> <span class='ocrx_word' id='word_1_674' title='bbox 940 5335 1121 5402; x_wconf 81' lang='grc' dir='ltr'>φύσις,</span> <span class='ocrx_word' id='word_1_675' title='bbox 1149 5333 1306 5400; x_wconf 83' lang='grc' dir='ltr'>λόγου</span> <span class='ocrx_word' id='word_1_676' title='bbox 1338 5331 1537 5395; x_wconf 84' lang='grc' dir='ltr'>παντὸς</span> <span class='ocrx_word' id='word_1_677' title='bbox 1569 5333 1728 5400; x_wconf 75' lang='grc' dir='ltr'>ἐναρ-</span> 
     </span>
    </p>
   </div>
   <div class='ocr_carea' id='block_1_89' title="bbox 148 5422 1729 5495">
    <p class='ocr_par' dir='ltr' id='par_1_89' title="bbox 148 5422 1729 5495">
     <span class='ocr_line' id='line_1_89' title="bbox 148 5422 1729 5495; baseline -0.001 -19"><span class='ocrx_word' id='word_1_678' title='bbox 148 5423 423 5493; x_wconf 78' lang='grc' dir='ltr'>γέστερον,</span> <span class='ocrx_word' id='word_1_679' title='bbox 470 5422 569 5486; x_wconf 77' lang='grc' dir='ltr'><strong>τὰς</strong></span> <span class='ocrx_word' id='word_1_680' title='bbox 613 5425 861 5488; x_wconf 87' lang='grc' dir='ltr'>ποικίλας</span> <span class='ocrx_word' id='word_1_681' title='bbox 912 5428 969 5479; x_wconf 81' lang='grc' dir='ltr'>ὲν</span> <span class='ocrx_word' id='word_1_682' title='bbox 1014 5424 1091 5495; x_wconf 82' lang='grc' dir='ltr'><strong>τῷ</strong></span> <span class='ocrx_word' id='word_1_683' title='bbox 1144 5424 1357 5494; x_wconf 86' lang='grc' dir='ltr'>σώματι</span> <span class='ocrx_word' id='word_1_684' title='bbox 1397 5422 1499 5494; x_wconf 79' lang='grc' dir='ltr'><strong>τῆς</strong></span> <span class='ocrx_word' id='word_1_685' title='bbox 1551 5422 1729 5493; x_wconf 75' lang='grc' dir='ltr'>ψυχῆς</span> 
     </span>
    </p>
   </div>
   <div class='ocr_carea' id='block_1_90' title="bbox 147 5514 1731 5585">
    <p class='ocr_par' dir='ltr' id='par_1_90' title="bbox 147 5514 1731 5585">
     <span class='ocr_line' id='line_1_90' title="bbox 147 5514 1731 5585; baseline -0.001 -17"><span class='ocrx_word' id='word_1_686' title='bbox 147 5516 423 5585; x_wconf 75' lang='grc' dir='ltr'>ἀσχολίας,</span> <span class='ocrx_word' id='word_1_687' title='bbox 462 5515 520 5567; x_wconf 81' lang='grc' dir='ltr'><strong>ἕν</strong></span> <span class='ocrx_word' id='word_1_688' title='bbox 556 5532 617 5566; x_wconf 87' lang='grc' dir='ltr'><strong>τε</strong></span> <span class='ocrx_word' id='word_1_689' title='bbox 651 5519 770 5579; x_wconf 86' lang='grc' dir='ltr'>ταῖς</span> <span class='ocrx_word' id='word_1_690' title='bbox 787 5517 1035 5578; x_wconf 87' lang='grc' dir='ltr'>,καθόλου</span> <span class='ocrx_word' id='word_1_691' title='bbox 1078 5516 1170 5570; x_wconf 69' lang='grc' dir='ltr'><strong>καὶ</strong></span> <span class='ocrx_word' id='word_1_692' title='bbox 1194 5519 1250 5568; x_wconf 78' lang='grc' dir='ltr'><strong>ἐν</strong></span> <span class='ocrx_word' id='word_1_693' title='bbox 1274 5517 1391 5577; x_wconf 82' lang='grc' dir='ltr'>ταῖς</span> <span class='ocrx_word' id='word_1_694' title='bbox 1408 5514 1501 5567; x_wconf 74' lang='grc' dir='ltr'><strong>ἐπὶ</strong></span> <span class='ocrx_word' id='word_1_695' title='bbox 1532 5514 1731 5585; x_wconf 81' lang='grc' dir='ltr'>μέρους</span> 
     </span>
    </p>
   </div>
   <div class='ocr_carea' id='block_1_91' title="bbox 144 5604 1728 5678">
    <p class='ocr_par' dir='ltr' id='par_1_91' title="bbox 144 5604 1728 5678">
     <span class='ocr_line' id='line_1_91' title="bbox 144 5604 1728 5678; baseline 0.001 -19"><span class='ocrx_word' id='word_1_696' title='bbox 144 5607 480 5670; x_wconf 81' lang='grc' dir='ltr'>διασκευαῖς.</span> <span class='ocrx_word' id='word_1_697' title='bbox 544 5606 702 5659; x_wconf 81' lang='grc' dir='ltr'>’Λλλά</span> <span class='ocrx_word' id='word_1_698' title='bbox 765 5609 1015 5678; x_wconf 83' lang='grc' dir='ltr'>περιττὸν</span> <span class='ocrx_word' id='word_1_699' title='bbox 1070 5604 1222 5677; x_wconf 78' lang='grc' dir='ltr'>οἶμαι</span> <span class='ocrx_word' id='word_1_700' title='bbox 1272 5608 1414 5677; x_wconf 70' lang='grc' dir='ltr'>λόγῳ</span> <span class='ocrx_word' id='word_1_701' title='bbox 1472 5607 1540 5660; x_wconf 74' lang='grc' dir='ltr'>τὰ</span> <span class='ocrx_word' id='word_1_702' title='bbox 1607 5607 1728 5660; x_wconf 72' lang='grc' dir='ltr'>καθ’</span> 
     </span>
    </p>
   </div>
   <div class='ocr_carea' id='block_1_92' title="bbox 143 5695 1729 5770">
    <p class='ocr_par' dir='ltr' id='par_1_92' title="bbox 143 5695 1729 5770">
     <span class='ocr_line' id='line_1_92' title="bbox 143 5695 1729 5770; baseline -0.003 -17"><span class='ocrx_word' id='word_1_703' title='bbox 143 5701 288 5770; x_wconf 66' lang='grc' dir='ltr'>ἡμᾶς</span> <span class='ocrx_word' id='word_1_704' title='bbox 331 5698 538 5761; x_wconf 77' lang='grc' dir='ltr'>αὐτοὺς</span> <span class='ocrx_word' id='word_1_705' title='bbox 588 5695 863 5763; x_wconf 77' lang='grc' dir='ltr'>διεξιέναι,</span> <span class='ocrx_word' id='word_1_706' title='bbox 909 5697 1162 5769; x_wconf 86' lang='grc' dir='ltr'>καθάπερ</span> <span class='ocrx_word' id='word_1_707' title='bbox 1193 5716 1245 5750; x_wconf 85' lang='grc' dir='ltr'><strong>τι</strong></span> <span class='ocrx_word' id='word_1_708' title='bbox 1282 5698 1390 5750; x_wconf 82' lang='grc' dir='ltr'><strong>τῶν</strong></span> <span class='ocrx_word' id='word_1_709' title='bbox 1423 5696 1729 5768; x_wconf 85' lang='grc' dir='ltr'>ὑπερορίων</span> 
     </span>
    </p>
   </div>
   <div class='ocr_carea' id='block_1_93' title="bbox 141 5791 1725 5867">
    <p class='ocr_par' dir='ltr' id='par_1_93' title="bbox 141 5791 1725 5867">
     <span class='ocr_line' id='line_1_93' title="bbox 141 5791 1725 5867; baseline -0.001 -20"><span class='ocrx_word' id='word_1_710' title='bbox 141 5793 535 5867; x_wconf 75' lang='grc' dir='ltr'>διηγουμένους</span> <span class='ocrx_word' id='word_1_711' title='bbox 586 5791 898 5863; x_wconf 84' lang='grc' dir='ltr'>θαυμάτων.</span> <span class='ocrx_word' id='word_1_712' title='bbox 950 5792 1045 5854; x_wconf 86' lang='grc' dir='ltr'><strong>Τίς</strong></span> <span class='ocrx_word' id='word_1_713' title='bbox 1083 5792 1190 5863; x_wconf 66' lang='grc' dir='ltr'>γὰρ</span> <span class='ocrx_word' id='word_1_714' title='bbox 1249 5792 1438 5846; x_wconf 72' lang='grc' dir='ltr'>ἑαυτὸν</span> <span class='ocrx_word' id='word_1_715' title='bbox 1496 5791 1725 5860; x_wconf 75' lang='grc' dir='ltr'>βλέπων,</span> 
     </span>
    </p>
   </div>
   <div class='ocr_carea' id='block_1_94' title="bbox 1841 3783 3421 3855">
    <p class='ocr_par' dir='ltr' id='par_1_94' title="bbox 1841 3783 3421 3855">
     <span class='ocr_line' id='line_1_94' title="bbox 1841 3783 3421 3855; baseline 0.006 -18"><span class='ocrx_word' id='word_1_716' title='bbox 1841 3785 2062 3853; x_wconf 78' lang='lat' dir='ltr'><strong>exigua,</strong></span> <span class='ocrx_word' id='word_1_717' title='bbox 2104 3797 2258 3837; x_wconf 88' lang='lat' dir='ltr'><strong>suam</strong></span> <span class='ocrx_word' id='word_1_718' title='bbox 2322 3783 2388 3835; x_wconf 90' lang='lat' dir='ltr'><strong>ad</strong></span> <span class='ocrx_word' id='word_1_719' title='bbox 2434 3783 2829 3851; x_wconf 84' lang='lat' dir='ltr'><strong>perfectionem</strong></span> <span class='ocrx_word' id='word_1_720' title='bbox 2890 3787 3277 3855; x_wconf 87' lang='lat' dir='ltr'><strong>progreditur:</strong></span> <span class='ocrx_word' id='word_1_721' title='bbox 3339 3793 3421 3846; x_wconf 90' lang='lat' dir='ltr'><strong>sic</strong></span> 
     </span>
    </p>
   </div>
   <div class='ocr_carea' id='block_1_95' title="bbox 1841 3875 3417 3935">
    <p class='ocr_par' dir='ltr' id='par_1_95' title="bbox 1841 3875 3417 3935">
     <span class='ocr_line' id='line_1_95' title="bbox 1841 3875 3417 3935; baseline 0.004 -7"><span class='ocrx_word' id='word_1_722' title='bbox 1841 3876 2009 3929; x_wconf 85' lang='lat' dir='ltr'><strong>animi</strong></span> <span class='ocrx_word' id='word_1_723' title='bbox 2049 3875 2283 3929; x_wconf 87' lang='lat' dir='ltr'><strong>facultas</strong></span> <span class='ocrx_word' id='word_1_724' title='bbox 2316 3875 2478 3929; x_wconf 87' lang='lat' dir='ltr'><strong>etiam</strong></span> <span class='ocrx_word' id='word_1_725' title='bbox 2513 3875 2726 3929; x_wconf 87' lang='lat' dir='ltr'><strong>ratione</strong></span> <span class='ocrx_word' id='word_1_726' title='bbox 2757 3877 3115 3933; x_wconf 77' lang='lat' dir='ltr'><strong>conveniente</strong></span> <span class='ocrx_word' id='word_1_727' title='bbox 3155 3895 3259 3933; x_wconf 89' lang='lat' dir='ltr'><strong>una</strong></span> <span class='ocrx_word' id='word_1_728' title='bbox 3293 3897 3417 3935; x_wconf 85' lang='lat' dir='ltr'><strong>cuiu</strong></span> 
     </span>
    </p>
   </div>
   <div class='ocr_carea' id='block_1_96' title="bbox 1840 3966 3415 4042">
    <p class='ocr_par' dir='ltr' id='par_1_96' title="bbox 1840 3966 3415 4042">
     <span class='ocr_line' id='line_1_96' title="bbox 1840 3966 3415 4042; baseline 0.004 -22"><span class='ocrx_word' id='word_1_729' title='bbox 1840 3981 2069 4036; x_wconf 88' lang='lat' dir='ltr'><strong>corpore</strong></span> <span class='ocrx_word' id='word_1_730' title='bbox 2101 3966 2316 4036; x_wconf 81' lang='lat' dir='ltr'><strong>proﬁcit</strong></span> <span class='ocrx_word' id='word_1_731' title='bbox 2341 3966 2730 4021; x_wconf 89' lang='lat' dir='ltr'><strong>accrescendo.</strong></span> <span class='ocrx_word' id='word_1_732' title='bbox 2764 3968 2839 4021; x_wconf 92' lang='lat' dir='ltr'><strong>Ac</strong></span> <span class='ocrx_word' id='word_1_733' title='bbox 2880 3968 3137 4039; x_wconf 82' lang='lat' dir='ltr'><strong>princeps</strong></span> <span class='ocrx_word' id='word_1_734' title='bbox 3191 3974 3415 4042; x_wconf 88' lang='lat' dir='ltr'><strong>quidem</strong></span> 
     </span>
    </p>
   </div>
   <div class='ocr_carea' id='block_1_97' title="bbox 1840 4056 3417 4128">
    <p class='ocr_par' dir='ltr' id='par_1_97' title="bbox 1840 4056 3417 4128">
     <span class='ocr_line' id='line_1_97' title="bbox 1840 4056 3417 4128; baseline 0.004 -17"><span class='ocrx_word' id='word_1_735' title='bbox 1840 4057 2058 4111; x_wconf 80' lang='lat' dir='ltr'><strong>exsistit</strong></span> <span class='ocrx_word' id='word_1_736' title='bbox 2089 4057 2144 4110; x_wconf 91' lang='lat' dir='ltr'><strong>in</strong></span> <span class='ocrx_word' id='word_1_737' title='bbox 2173 4070 2240 4110; x_wconf 92' lang='lat' dir='ltr'><strong>eo</strong></span> <span class='ocrx_word' id='word_1_738' title='bbox 2275 4056 2508 4111; x_wconf 87' lang='lat' dir='ltr'><strong>facultas</strong></span> <span class='ocrx_word' id='word_1_739' title='bbox 2534 4072 2858 4114; x_wconf 87' lang='lat' dir='ltr'><strong>accrescens</strong></span> <span class='ocrx_word' id='word_1_740' title='bbox 2892 4067 2946 4113; x_wconf 91' lang='lat' dir='ltr'><strong>et</strong></span> <span class='ocrx_word' id='word_1_741' title='bbox 2971 4063 3219 4117; x_wconf 82' lang='lat' dir='ltr'><strong>nutriens</strong></span> <span class='ocrx_word' id='word_1_742' title='bbox 3279 4066 3417 4128; x_wconf 85' lang='lat' dir='ltr'><strong>sola,</strong></span> 
     </span>
    </p>
   </div>
   <div class='ocr_carea' id='block_1_98' title="bbox 1840 4145 3420 4221">
    <p class='ocr_par' dir='ltr' id='par_1_98' title="bbox 1840 4145 3420 4221">
     <span class='ocr_line' id='line_1_98' title="bbox 1840 4145 3420 4221; baseline 0.006 -20"><span class='ocrx_word' id='word_1_743' title='bbox 1840 4149 2060 4218; x_wconf 87' lang='lat' dir='ltr'><strong>quando</strong></span> <span class='ocrx_word' id='word_1_744' title='bbox 2083 4148 2295 4203; x_wconf 85' lang='lat' dir='ltr'><strong>scilicet</strong></span> <span class='ocrx_word' id='word_1_745' title='bbox 2345 4148 2401 4202; x_wconf 90' lang='lat' dir='ltr'><strong>in</strong></span> <span class='ocrx_word' id='word_1_746' title='bbox 2425 4145 2623 4215; x_wconf 85' lang='lat' dir='ltr'><strong>opificii</strong></span> <span class='ocrx_word' id='word_1_747' title='bbox 2650 4150 2921 4220; x_wconf 87' lang='lat' dir='ltr'><strong>principio</strong></span> <span class='ocrx_word' id='word_1_748' title='bbox 2970 4160 3226 4221; x_wconf 70' lang='lat' dir='ltr'><strong>tanquam</strong></span> <span class='ocrx_word' id='word_1_749' title='bbox 3264 4156 3420 4210; x_wconf 87' lang='lat' dir='ltr'><strong>radix</strong></span> 
     </span>
    </p>
   </div>
   <div class='ocr_carea' id='block_1_99' title="bbox 1840 4238 3417 4309">
    <p class='ocr_par' dir='ltr' id='par_1_99' title="bbox 1840 4238 3417 4309">
     <span class='ocr_line' id='line_1_99' title="bbox 1840 4238 3417 4309; baseline 0.005 -18"><span class='ocrx_word' id='word_1_750' title='bbox 1840 4238 2085 4309; x_wconf 79' lang='lat' dir='ltr'><strong>quaedam</strong></span> <span class='ocrx_word' id='word_1_751' title='bbox 2140 4239 2317 4293; x_wconf 84' lang='lat' dir='ltr'><strong>adhuc</strong></span> <span class='ocrx_word' id='word_1_752' title='bbox 2351 4239 2536 4292; x_wconf 84' lang='lat' dir='ltr'><strong>abdita</strong></span> <span class='ocrx_word' id='word_1_753' title='bbox 2587 4240 2690 4294; x_wconf 89' lang='lat' dir='ltr'><strong>sub</strong></span> <span class='ocrx_word' id='word_1_754' title='bbox 2729 4251 2870 4295; x_wconf 87' lang='lat' dir='ltr'><strong>terra</strong></span> <span class='ocrx_word' id='word_1_755' title='bbox 2926 4242 3072 4296; x_wconf 86' lang='lat' dir='ltr'><strong>latet.</strong></span> <span class='ocrx_word' id='word_1_756' title='bbox 3112 4242 3246 4296; x_wconf 87' lang='lat' dir='ltr'><strong>Nam</strong></span> <span class='ocrx_word' id='word_1_757' title='bbox 3300 4252 3417 4299; x_wconf 89' lang='lat' dir='ltr'><strong>tum</strong></span> 
     </span>
    </p>
   </div>
   <div class='ocr_carea' id='block_1_100' title="bbox 1838 4328 3415 4405">
    <p class='ocr_par' dir='ltr' id='par_1_100' title="bbox 1838 4328 3415 4405">
     <span class='ocr_line' id='line_1_100' title="bbox 1838 4328 3415 4405; baseline 0.004 -21"><span class='ocrx_word' id='word_1_758' title='bbox 1838 4346 2035 4400; x_wconf 86' lang='lat' dir='ltr'><strong>capere</strong></span> <span class='ocrx_word' id='word_1_759' title='bbox 2086 4330 2215 4399; x_wconf 91' lang='lat' dir='ltr'><strong>quid</strong></span> <span class='ocrx_word' id='word_1_760' title='bbox 2273 4328 2510 4399; x_wconf 88' lang='lat' dir='ltr'><strong>amplius</strong></span> <span class='ocrx_word' id='word_1_761' title='bbox 2571 4345 2669 4399; x_wconf 88' lang='lat' dir='ltr'><strong>per</strong></span> <span class='ocrx_word' id='word_1_762' title='bbox 2719 4331 3152 4389; x_wconf 84' lang='lat' dir='ltr'><strong>imbecillitatem</strong></span> <span class='ocrx_word' id='word_1_763' title='bbox 3208 4339 3415 4405; x_wconf 88' lang='lat' dir='ltr'><strong>nequit.-</strong></span> 
     </span>
    </p>
   </div>
   <div class='ocr_carea' id='block_1_101' title="bbox 1840 4421 3416 4495">
    <p class='ocr_par' dir='ltr' id='par_1_101' title="bbox 1840 4421 3416 4495">
     <span class='ocr_line' id='line_1_101' title="bbox 1840 4421 3416 4495; baseline 0.005 -22"><span class='ocrx_word' id='word_1_764' title='bbox 1840 4421 2046 4476; x_wconf 83' lang='lat' dir='ltr'><strong>Deinde</strong></span> <span class='ocrx_word' id='word_1_765' title='bbox 2081 4421 2184 4475; x_wconf 85' lang='lat' dir='ltr'><strong>hac</strong></span> <span class='ocrx_word' id='word_1_766' title='bbox 2239 4422 2398 4491; x_wconf 89' lang='lat' dir='ltr'><strong>quasi</strong></span> <span class='ocrx_word' id='word_1_767' title='bbox 2450 4422 2694 4487; x_wconf 87' lang='lat' dir='ltr'><strong>plantula</strong></span> <span class='ocrx_word' id='word_1_768' title='bbox 2748 4424 2802 4475; x_wconf 91' lang='lat' dir='ltr'><strong>in</strong></span> <span class='ocrx_word' id='word_1_769' title='bbox 2853 4424 3025 4479; x_wconf 83' lang='lat' dir='ltr'><strong>lucem</strong></span> <span class='ocrx_word' id='word_1_770' title='bbox 3077 4427 3416 4495; x_wconf 84' lang='lat' dir='ltr'><strong>prodeunte,</strong></span> 
     </span>
    </p>
   </div>
   <div class='ocr_carea' id='block_1_102' title="bbox 1839 4511 3416 4580">
    <p class='ocr_par' dir='ltr' id='par_1_102' title="bbox 1839 4511 3416 4580">
     <span class='ocr_line' id='line_1_102' title="bbox 1839 4511 3416 4580; baseline 0.004 -16"><span class='ocrx_word' id='word_1_771' title='bbox 1839 4525 2171 4580; x_wconf 86' lang='lat' dir='ltr'><strong>germenque</strong></span> <span class='ocrx_word' id='word_1_772' title='bbox 2192 4526 2351 4565; x_wconf 87' lang='lat' dir='ltr'><strong>suum</strong></span> <span class='ocrx_word' id='word_1_773' title='bbox 2382 4511 2483 4565; x_wconf 90' lang='lat' dir='ltr'><strong>soli</strong></span> <span class='ocrx_word' id='word_1_774' title='bbox 2512 4520 2847 4571; x_wconf 85' lang='lat' dir='ltr'><strong>ostentante.</strong></span> <span class='ocrx_word' id='word_1_775' title='bbox 2879 4515 3152 4568; x_wconf 86' lang='lat' dir='ltr'><strong>sentiendi</strong></span> <span class='ocrx_word' id='word_1_776' title='bbox 3179 4514 3416 4572; x_wconf 85' lang='lat' dir='ltr'><strong>facultas</strong></span> 
     </span>
    </p>
   </div>
   <div class='ocr_carea' id='block_1_103' title="bbox 1837 4602 3416 4672">
    <p class='ocr_par' dir='ltr' id='par_1_103' title="bbox 1837 4602 3416 4672">
     <span class='ocr_line' id='line_1_103' title="bbox 1837 4602 3416 4672; baseline 0.004 -15"><span class='ocrx_word' id='word_1_777' title='bbox 1837 4602 2185 4657; x_wconf 76' lang='lat' dir='ltr'><strong>cll‘loresccus</strong></span> <span class='ocrx_word' id='word_1_778' title='bbox 2220 4617 2343 4656; x_wconf 89' lang='lat' dir='ltr'><strong>cum</strong></span> <span class='ocrx_word' id='word_1_779' title='bbox 2375 4602 2559 4671; x_wconf 87' lang='lat' dir='ltr'><strong>priore</strong></span> <span class='ocrx_word' id='word_1_780' title='bbox 2593 4603 2948 4672; x_wconf 85' lang='lat' dir='ltr'><strong>conjungitur</strong></span> <span class='ocrx_word' id='word_1_781' title='bbox 2970 4604 3034 4658; x_wconf 79' lang='lat'><strong>”.</strong></span> <span class='ocrx_word' id='word_1_782' title='bbox 3093 4604 3288 4661; x_wconf 87' lang='lat' dir='ltr'><strong>Verum</strong></span> <span class='ocrx_word' id='word_1_783' title='bbox 3325 4609 3416 4663; x_wconf 90' lang='lat' dir='ltr'><strong>ubi</strong></span> 
     </span>
    </p>
   </div>
   <div class='ocr_carea' id='block_1_104' title="bbox 1833 4692 3417 4765">
    <p class='ocr_par' dir='ltr' id='par_1_104' title="bbox 1833 4692 3417 4765">
     <span class='ocr_line' id='line_1_104' title="bbox 1833 4692 3417 4765; baseline 0.005 -19"><span class='ocrx_word' id='word_1_784' title='bbox 1833 4692 1946 4763; x_wconf 86' lang='lat' dir='ltr'><strong>jam</strong></span> <span class='ocrx_word' id='word_1_785' title='bbox 1978 4693 2114 4747; x_wconf 88' lang='lat' dir='ltr'><strong>bene</strong></span> <span class='ocrx_word' id='word_1_786' title='bbox 2158 4709 2353 4764; x_wconf 87' lang='lat' dir='ltr'><strong>magna</strong></span> <span class='ocrx_word' id='word_1_787' title='bbox 2416 4692 2559 4747; x_wconf 86' lang='lat' dir='ltr'><strong>facta</strong></span> <span class='ocrx_word' id='word_1_788' title='bbox 2621 4702 2725 4757; x_wconf 87' lang='lat' dir='ltr'><strong>est,</strong></span> <span class='ocrx_word' id='word_1_789' title='bbox 2768 4702 2821 4749; x_wconf 90' lang='lat' dir='ltr'><strong>et</strong></span> <span class='ocrx_word' id='word_1_790' title='bbox 2878 4697 3259 4765; x_wconf 86' lang='lat' dir='ltr'><strong>proceritatem</strong></span> <span class='ocrx_word' id='word_1_791' title='bbox 3312 4700 3417 4754; x_wconf 91' lang='lat' dir='ltr'><strong>sibi</strong></span> 
     </span>
    </p>
   </div>
   <div class='ocr_carea' id='block_1_105' title="bbox 1838 4782 3417 4857">
    <p class='ocr_par' dir='ltr' id='par_1_105' title="bbox 1838 4782 3417 4857">
     <span class='ocr_line' id='line_1_105' title="bbox 1838 4782 3417 4857; baseline 0.004 -22"><span class='ocrx_word' id='word_1_792' title='bbox 1838 4783 2255 4836; x_wconf 79' lang='lat' dir='ltr'><strong>convenientem</strong></span> <span class='ocrx_word' id='word_1_793' title='bbox 2293 4782 2531 4849; x_wconf 87' lang='lat' dir='ltr'><strong>adepta:</strong></span> <span class='ocrx_word' id='word_1_794' title='bbox 2568 4791 2682 4835; x_wconf 90' lang='lat' dir='ltr'><strong>tum</strong></span> <span class='ocrx_word' id='word_1_795' title='bbox 2732 4783 2956 4838; x_wconf 87' lang='lat' dir='ltr'><strong>demum</strong></span> <span class='ocrx_word' id='word_1_796' title='bbox 3019 4786 3196 4840; x_wconf 90' lang='lat' dir='ltr'><strong>instar</strong></span> <span class='ocrx_word' id='word_1_797' title='bbox 3244 4787 3417 4857; x_wconf 86' lang='lat' dir='ltr'><strong>ipsius</strong></span> 
     </span>
    </p>
   </div>
   <div class='ocr_carea' id='block_1_106' title="bbox 1840 4874 3417 4944">
    <p class='ocr_par' dir='ltr' id='par_1_106' title="bbox 1840 4874 3417 4944">
     <span class='ocr_line' id='line_1_106' title="bbox 1840 4874 3417 4944; baseline 0.005 -17"><span class='ocrx_word' id='word_1_798' title='bbox 1840 4874 2054 4928; x_wconf 90' lang='lat' dir='ltr'><strong>fructus</strong></span> <span class='ocrx_word' id='word_1_799' title='bbox 2110 4874 2337 4928; x_wconf 85' lang='lat' dir='ltr'><strong>rationis</strong></span> <span class='ocrx_word' id='word_1_800' title='bbox 2389 4875 2661 4944; x_wconf 88' lang='lat' dir='ltr'><strong>particeps</strong></span> <span class='ocrx_word' id='word_1_801' title='bbox 2692 4874 2923 4932; x_wconf 88' lang='lat' dir='ltr'><strong>facultas</strong></span> <span class='ocrx_word' id='word_1_802' title='bbox 2974 4878 3252 4943; x_wconf 87' lang='lat' dir='ltr'><strong>clucescit,</strong></span> <span class='ocrx_word' id='word_1_803' title='bbox 3309 4896 3417 4935; x_wconf 88' lang='lat' dir='ltr'><strong>non</strong></span> 
     </span>
    </p>
   </div>
   <div class='ocr_carea' id='block_1_107' title="bbox 1838 4964 3416 5036">
    <p class='ocr_par' dir='ltr' id='par_1_107' title="bbox 1838 4964 3416 5036">
     <span class='ocr_line' id='line_1_107' title="bbox 1838 4964 3416 5036; baseline 0.004 -18"><span class='ocrx_word' id='word_1_804' title='bbox 1838 4966 1927 5018; x_wconf 91' lang='lat' dir='ltr'><strong>illa</strong></span> <span class='ocrx_word' id='word_1_805' title='bbox 1955 4964 2173 5035; x_wconf 90' lang='lat' dir='ltr'><strong>quidem</strong></span> <span class='ocrx_word' id='word_1_806' title='bbox 2199 4965 2383 5021; x_wconf 84' lang='lat' dir='ltr'><strong>subito</strong></span> <span class='ocrx_word' id='word_1_807' title='bbox 2409 4972 2521 5019; x_wconf 88' lang='lat' dir='ltr'><strong>tota</strong></span> <span class='ocrx_word' id='word_1_808' title='bbox 2541 4967 2885 5036; x_wconf 88' lang='lat' dir='ltr'><strong>splendorem</strong></span> <span class='ocrx_word' id='word_1_809' title='bbox 2916 4984 3076 5024; x_wconf 90' lang='lat' dir='ltr'><strong>suum</strong></span> <span class='ocrx_word' id='word_1_810' title='bbox 3101 4971 3416 5036; x_wconf 75' lang='lat' dir='ltr'><strong>ostendens,</strong></span> 
     </span>
    </p>
   </div>
   <div class='ocr_carea' id='block_1_108' title="bbox 1839 5057 3420 5129">
    <p class='ocr_par' dir='ltr' id='par_1_108' title="bbox 1839 5057 3420 5129">
     <span class='ocr_line' id='line_1_108' title="bbox 1839 5057 3420 5129; baseline -0.001 -16"><span class='ocrx_word' id='word_1_811' title='bbox 1839 5057 1935 5113; x_wconf 89' lang='lat' dir='ltr'><strong>sed</strong></span> <span class='ocrx_word' id='word_1_812' title='bbox 1970 5071 2078 5111; x_wconf 89' lang='lat' dir='ltr'><strong>una</strong></span> <span class='ocrx_word' id='word_1_813' title='bbox 2107 5071 2230 5111; x_wconf 90' lang='lat' dir='ltr'><strong>cum</strong></span> <span class='ocrx_word' id='word_1_814' title='bbox 2261 5058 2614 5112; x_wconf 89' lang='lat' dir='ltr'><strong>instrumenti</strong></span> <span class='ocrx_word' id='word_1_815' title='bbox 2665 5060 2748 5112; x_wconf 89' lang='lat' dir='ltr'><strong>sui</strong></span> <span class='ocrx_word' id='word_1_816' title='bbox 2783 5059 3116 5129; x_wconf 83' lang='lat' dir='ltr'><strong>perfectione</strong></span> <span class='ocrx_word' id='word_1_817' title='bbox 3169 5061 3420 5114; x_wconf 87' lang='lat' dir='ltr'><strong>celeriter</strong></span> 
     </span>
    </p>
   </div>
   <div class='ocr_carea' id='block_1_109' title="bbox 1839 5146 3419 5218">
    <p class='ocr_par' dir='ltr' id='par_1_109' title="bbox 1839 5146 3419 5218">
     <span class='ocr_line' id='line_1_109' title="bbox 1839 5146 3419 5218; baseline 0.003 -19"><span class='ocrx_word' id='word_1_818' title='bbox 1839 5160 2187 5209; x_wconf 87' lang='lat' dir='ltr'><strong>accrescens,</strong></span> <span class='ocrx_word' id='word_1_819' title='bbox 2216 5160 2420 5216; x_wconf 89' lang='lat' dir='ltr'><strong>eosque</strong></span> <span class='ocrx_word' id='word_1_820' title='bbox 2446 5146 2662 5203; x_wconf 90' lang='lat' dir='ltr'><strong>fructus</strong></span> <span class='ocrx_word' id='word_1_821' title='bbox 2691 5150 3001 5217; x_wconf 87' lang='lat' dir='ltr'><strong>proferens,</strong></span> <span class='ocrx_word' id='word_1_822' title='bbox 3044 5150 3137 5218; x_wconf 90' lang='lat' dir='ltr'><strong>qui</strong></span> <span class='ocrx_word' id='word_1_823' title='bbox 3172 5149 3419 5218; x_wconf 89' lang='lat' dir='ltr'><strong>corporis</strong></span> 
     </span>
    </p>
   </div>
   <div class='ocr_carea' id='block_1_110' title="bbox 1842 5235 3419 5308">
    <p class='ocr_par' dir='ltr' id='par_1_110' title="bbox 1842 5235 3419 5308">
     <span class='ocr_line' id='line_1_110' title="bbox 1842 5235 3419 5308; baseline 0.001 -17"><span class='ocrx_word' id='word_1_824' title='bbox 1842 5237 2087 5291; x_wconf 88' lang='lat' dir='ltr'><strong>facultati</strong></span> <span class='ocrx_word' id='word_1_825' title='bbox 2117 5235 2504 5304; x_wconf 88' lang='lat' dir='ltr'><strong>respondeant.</strong></span> <span class='ocrx_word' id='word_1_826' title='bbox 2542 5238 2696 5304; x_wconf 77' lang='grc' dir='ltr'><strong>ρυοά</strong></span> <span class='ocrx_word' id='word_1_827' title='bbox 2727 5239 2773 5292; x_wconf 92' lang='lat' dir='ltr'><strong>si</strong></span> <span class='ocrx_word' id='word_1_828' title='bbox 2805 5240 3055 5308; x_wconf 87' lang='lat' dir='ltr'><strong>corporis</strong></span> <span class='ocrx_word' id='word_1_829' title='bbox 3114 5239 3166 5292; x_wconf 91' lang='lat' dir='ltr'><strong>in</strong></span> <span class='ocrx_word' id='word_1_830' title='bbox 3200 5238 3419 5292; x_wconf 86' lang='lat' dir='ltr'><strong>confor-</strong></span> 
     </span>
    </p>
   </div>
   <div class='ocr_carea' id='block_1_111' title="bbox 1839 5328 3415 5400">
    <p class='ocr_par' dir='ltr' id='par_1_111' title="bbox 1839 5328 3415 5400">
     <span class='ocr_line' id='line_1_111' title="bbox 1839 5328 3415 5400; baseline 0.001 -19"><span class='ocrx_word' id='word_1_831' title='bbox 1839 5329 2078 5383; x_wconf 89' lang='lat' dir='ltr'><strong>matione</strong></span> <span class='ocrx_word' id='word_1_832' title='bbox 2116 5328 2247 5398; x_wconf 90' lang='lat' dir='ltr'><strong>quid</strong></span> <span class='ocrx_word' id='word_1_833' title='bbox 2284 5330 2504 5385; x_wconf 90' lang='lat' dir='ltr'><strong>animus</strong></span> <span class='ocrx_word' id='word_1_834' title='bbox 2541 5330 2737 5384; x_wconf 88' lang='lat' dir='ltr'><strong>etliciat</strong></span> <span class='ocrx_word' id='word_1_835' title='bbox 2766 5330 3007 5400; x_wconf 74' lang='lat' dir='ltr'><strong>qumris:</strong></span> <span class='ocrx_word' id='word_1_836' title='bbox 3036 5328 3104 5383; x_wconf 89' lang='lat' dir='ltr'><strong>ad</strong></span> <span class='ocrx_word' id='word_1_837' title='bbox 3133 5336 3184 5384; x_wconf 87' lang='lat' dir='ltr'><strong>te</strong></span> <span class='ocrx_word' id='word_1_838' title='bbox 3214 5329 3415 5399; x_wconf 77' lang='lat' dir='ltr'><strong>ipsum,</strong></span> 
     </span>
    </p>
   </div>
   <div class='ocr_carea' id='block_1_112' title="bbox 1838 5418 3416 5490">
    <p class='ocr_par' dir='ltr' id='par_1_112' title="bbox 1838 5418 3416 5490">
     <span class='ocr_line' id='line_1_112' title="bbox 1838 5418 3416 5490; baseline 0.001 -17"><span class='ocrx_word' id='word_1_839' title='bbox 1838 5420 1915 5473; x_wconf 90' lang='lat' dir='ltr'><strong>ait</strong></span> <span class='ocrx_word' id='word_1_840' title='bbox 1973 5418 2171 5486; x_wconf 85' lang='lat' dir='ltr'><strong>Moses,</strong></span> <span class='ocrx_word' id='word_1_841' title='bbox 2228 5422 2462 5489; x_wconf 88' lang='lat' dir='ltr'><strong>respice,</strong></span> <span class='ocrx_word' id='word_1_842' title='bbox 2527 5422 2581 5475; x_wconf 92' lang='lat' dir='ltr'><strong>in</strong></span> <span class='ocrx_word' id='word_1_843' title='bbox 2634 5423 2809 5490; x_wconf 81' lang='lat' dir='ltr'><strong>teipso</strong></span> <span class='ocrx_word' id='word_1_844' title='bbox 2862 5429 3122 5489; x_wconf 88' lang='lat' dir='ltr'><strong>tanquam</strong></span> <span class='ocrx_word' id='word_1_845' title='bbox 3183 5422 3237 5476; x_wconf 93' lang='lat' dir='ltr'><strong>in</strong></span> <span class='ocrx_word' id='word_1_846' title='bbox 3276 5423 3416 5476; x_wconf 85' lang='lat' dir='ltr'><strong>libro</strong></span> 
     </span>
    </p>
   </div>
   <div class='ocr_carea' id='block_1_113' title="bbox 1839 5511 3415 5583">
    <p class='ocr_par' dir='ltr' id='par_1_113' title="bbox 1839 5511 3415 5583">
     <span class='ocr_line' id='line_1_113' title="bbox 1839 5511 3415 5583; baseline 0.003 -18"><span class='ocrx_word' id='word_1_847' title='bbox 1839 5512 2074 5581; x_wconf 67' lang='lat' dir='ltr'><strong>quodam</strong></span> <span class='ocrx_word' id='word_1_848' title='bbox 2109 5516 2279 5567; x_wconf 87' lang='lat' dir='ltr'><strong>totam</strong></span> <span class='ocrx_word' id='word_1_849' title='bbox 2326 5512 2494 5566; x_wconf 90' lang='lat' dir='ltr'><strong>animi</strong></span> <span class='ocrx_word' id='word_1_850' title='bbox 2526 5528 2751 5583; x_wconf 90' lang='lat' dir='ltr'><strong>operum</strong></span> <span class='ocrx_word' id='word_1_851' title='bbox 2802 5511 3092 5567; x_wconf 89' lang='lat' dir='ltr'><strong>historiam</strong></span> <span class='ocrx_word' id='word_1_852' title='bbox 3145 5513 3415 5582; x_wconf 85' lang='lat' dir='ltr'><strong>perleges.</strong></span> 
     </span>
    </p>
   </div>
   <div class='ocr_carea' id='block_1_114' title="bbox 1840 5601 3416 5673">
    <p class='ocr_par' dir='ltr' id='par_1_114' title="bbox 1840 5601 3416 5673">
     <span class='ocr_line' id='line_1_114' title="bbox 1840 5601 3416 5673; baseline 0.003 -19"><span class='ocrx_word' id='word_1_853' title='bbox 1840 5601 1959 5673; x_wconf 84' lang='lat' dir='ltr'><strong>Ipsa</strong></span> <span class='ocrx_word' id='word_1_854' title='bbox 1984 5603 2129 5657; x_wconf 89' lang='lat' dir='ltr'><strong>enim</strong></span> <span class='ocrx_word' id='word_1_855' title='bbox 2178 5612 2378 5657; x_wconf 89' lang='lat' dir='ltr'><strong>natura</strong></span> <span class='ocrx_word' id='word_1_856' title='bbox 2433 5603 2594 5673; x_wconf 87' lang='lat' dir='ltr'><strong>longe</strong></span> <span class='ocrx_word' id='word_1_857' title='bbox 2641 5602 2787 5655; x_wconf 90' lang='lat' dir='ltr'><strong>omni</strong></span> <span class='ocrx_word' id='word_1_858' title='bbox 2829 5601 3077 5655; x_wconf 87' lang='lat' dir='ltr'><strong>oratione</strong></span> <span class='ocrx_word' id='word_1_859' title='bbox 3146 5601 3416 5660; x_wconf 84' lang='lat' dir='ltr'><strong>illustrius</strong></span> 
     </span>
    </p>
   </div>
   <div class='ocr_carea' id='block_1_115' title="bbox 1836 5694 3418 5769">
    <p class='ocr_par' dir='ltr' id='par_1_115' title="bbox 1836 5694 3418 5769">
     <span class='ocr_line' id='line_1_115' title="bbox 1836 5694 3418 5769; baseline 0.001 -18"><span class='ocrx_word' id='word_1_860' title='bbox 1836 5700 2127 5769; x_wconf 78' lang='lat' dir='ltr'><strong>expiicabit</strong></span> <span class='ocrx_word' id='word_1_861' title='bbox 2162 5699 2258 5752; x_wconf 86' lang='lat' dir='ltr'><strong>tibi</strong></span> <span class='ocrx_word' id='word_1_862' title='bbox 2300 5697 2650 5751; x_wconf 76' lang='lat' dir='ltr'><strong>all‘ectiouum</strong></span> <span class='ocrx_word' id='word_1_863' title='bbox 2681 5694 2849 5748; x_wconf 89' lang='lat' dir='ltr'><strong>animi</strong></span> <span class='ocrx_word' id='word_1_864' title='bbox 2887 5694 2941 5748; x_wconf 93' lang='lat' dir='ltr'><strong>in</strong></span> <span class='ocrx_word' id='word_1_865' title='bbox 2975 5707 3207 5764; x_wconf 91' lang='lat' dir='ltr'><strong>corpore</strong></span> <span class='ocrx_word' id='word_1_866' title='bbox 3240 5694 3418 5751; x_wconf 86' lang='lat' dir='ltr'><strong>varie-</strong></span> 
     </span>
    </p>
   </div>
   <div class='ocr_carea' id='block_1_116' title="bbox 1840 5786 3412 5860">
    <p class='ocr_par' dir='ltr' id='par_1_116' title="bbox 1840 5786 3412 5860">
     <span class='ocr_line' id='line_1_116' title="bbox 1840 5786 3412 5860; baseline 0 -17"><span class='ocrx_word' id='word_1_867' title='bbox 1840 5799 2029 5853; x_wconf 84' lang='lat' dir='ltr'><strong>tatem,</strong></span> <span class='ocrx_word' id='word_1_868' title='bbox 2060 5808 2182 5845; x_wconf 82' lang='lat' dir='ltr'><strong>cum</strong></span> <span class='ocrx_word' id='word_1_869' title='bbox 2233 5792 2285 5844; x_wconf 91' lang='lat' dir='ltr'><strong>in</strong></span> <span class='ocrx_word' id='word_1_870' title='bbox 2343 5788 2609 5859; x_wconf 62' lang='lat' dir='ltr'><strong>universi,</strong></span> <span class='ocrx_word' id='word_1_871' title='bbox 2668 5796 2783 5843; x_wconf 82' lang='lat' dir='ltr'><strong>tum</strong></span> <span class='ocrx_word' id='word_1_872' title='bbox 2833 5786 3075 5860; x_wconf 84' lang='lat' dir='ltr'><strong>partium</strong></span> <span class='ocrx_word' id='word_1_873' title='bbox 3113 5795 3412 5846; x_wconf 81' lang='lat' dir='ltr'><strong>structura.</strong></span> 
     </span>
    </p>
   </div>
  </div>
