3890 6358
475 325 581 380 939

1723 326 1760 379 S
1820 323 2154 387 GREGORII
2196 324 2493 384 NYSSENI

3640 329 3744 382 2Ξο

479 443 587 500 Sed
618 443 762 498 enim
789 452 976 500 nostra
1005 443 1491 501 commemorando
1525 458 1867 516 percensere,
1895 449 2052 520 quasi

2167 452 2299 521 λόγῳ
2346 451 2514 503 δεῖται
2547 448 2642 520 τὴν
2676 449 2883 501 οἰκείαν
2922 447 3081 517 ιρύσιν
3110 448 3491 514 διδάσκεσθαις
3524 450 3747 502 δυνατὶν

476 534 722 604 qtttedam
785 546 1010 591 externa
1070 536 1357 605 miracula,
1421 538 1658 607 pretium
1713 553 1891 609 opera:
1945 557 2054 596 non

477 626 663 681 fuerit.
698 623 831 690 Quis
888 626 1031 681 enim
1069 626 1297 683 alterius
1332 628 1583 682 oratione
1622 635 1874 683 naturam
1924 645 2056 700 pro-

476 720 651 789 priam
700 732 1038 787 cognoscere
1094 716 1391 786 desideret,
1423 734 1547 774 cum
1584 720 1686 790 ipsi
1751 721 1910 776 liceat
1964 738 2054 777 se-

477 810 655 879 ipsum
682 811 976 865 contueri?
1018 809 1153 865 Nam
1205 812 1296 881 qui
1329 828 1440 883 quo
1482 823 1641 883 pacto
1693 815 1938 871 vivamus
1972 817 2055 871 in-

476 901 688 971 telligit,
723 910 776 956 et
803 918 966 972 quam
999 910 1187 973 aptum
1233 905 1306 960 sit
1331 920 1530 976 corpus
1586 906 1653 960 ad
1714 922 1902 964 omnes
1934 908 2057 964 vitae

476 991 728 1060 proprias
763 992 1009 1048 actiones
1040 991 1257 1059 didicit,
1292 994 1340 1050 is
1368 995 1535 1050 etiam
1582 996 1857 1052 aestimare
1905 997 2059 1053 facil-

478 1083 610 1139 time
668 1093 870 1155 potest,
926 1086 980 1139 in
1039 1101 1149 1155 quo
1199 1085 1485 1142 eliiciendo
1555 1088 1726 1143 animi
1788 1099 2058 1161 occupata

474 1172 650 1239 prima
685 1174 739 1227 in
761 1174 1004 1230 hominis
1028 1176 1464 1232 conformatione
1483 1192 1646 1248 opera
1680 1178 1858 1233 fuerit.
1880 1181 2058 1237 Adeo-

475 1281 580 1334 que
623 1266 692 1320 de
731 1267 837 1320 hoc
878 1268 997 1336 ipso
1026 1274 1171 1337 patet
1211 1268 1419 1323 homini
1464 1285 1570 1324 non
1596 1271 1819 1326 omnino
1852 1271 2055 1339 hebeti,

426 1355 438 1366 ‘
478 1370 822 1425 nequaquam
844 1367 1119 1412 mortuum
1145 1365 1199 1413 et
1222 1359 1521 1413 inanimum
1555 1360 1824 1417 exsistere
1855 1362 1909 1417 in
1936 1362 2056 1416 olli-

475 1446 598 1499 cina
628 1455 856 1511 naturae,
899 1448 1045 1518 quod
1097 1449 1163 1503 ad
1223 1451 1617 1535 plantationep)
1676 1452 1837 1521 quasi
1865 1469 2057 1523 quam-

477 1536 601 1590 dam
634 1538 889 1595 animalis
918 1541 987 1595 de
1020 1541 1143 1597 vivo
1171 1543 1422 1599 avulsum
1448 1558 1678 1614 corpore
1706 1544 1759 1599 in
1789 1560 1851 1600 ea
1887 1545 2055 1615 depo-

482 1628 646 1684 nitur.
677 1628 813 1685 Nam
847 1638 899 1687 et
921 1631 1195 1687 fructuum
1230 1649 1421 1705 grana,
1464 1633 1824 1706 radicumque
1864 1652 2059 1693 surcu-

480 1721 561 1774 los
592 1730 749 1776 terra:
773 1739 884 1779 non
941 1725 1289 1792 mandamus,
1345 1735 1636 1798 postquam
1696 1728 1861 1783 insita
1914 1730 1995 1784 eis
2028 1744 2057 1784 a

2164 543 2272 612 γάρ
2295 545 2410 595 ἐστι
2439 542 2527 594 τὸν
2556 540 2656 609 τῆς
2687 540 2831 610 ζωῆς
2860 540 3059 610 τρόπον
3085 542 3518 612 κατανοήσαντα,
3554 541 3655 595 καὶ
3676 540 3748 604 ὡς

2165 631 2302 702 πρὸς
2343 633 2521 684 πᾶσαν
2568 628 2805 698 ζωτικὴν
2853 629 3133 699 ἐνέργειαν
3167 630 3486 699 ἐπιτηδείως
3537 629 3749 700 ἔχεντδ

2168 724 2326 794 σῶμα
2361 720 2764 791 καταμαθόντα,
2800 720 3000 788 γνῶναι
3027 721 3155 792 περὶ
3178 722 3231 774 τί
3265 720 3650 792 κατησχολήθη
3689 720 3750 774 τί)

2167 815 2399 882 φυσικὸν
2431 814 2528 884 τῆς
2557 813 2733 883 ψυχῆς
2763 811 2914 883 παρά
2942 811 3040 883 τὴν
3075 812 3297 883 πρώτην
3339 813 3432 866 τοῦ
3459 814 3747 883 γινομένου

2164 906 2473 960 διάπλασιν.
2511 905 2673 956 Ὥστε
2701 903 2793 957 καὶ
2825 902 2913 955 διά
2961 903 3149 956 τούτου
3184 904 3414 975 φανερὸν
3457 899 3599 957 εἶναι
3637 904 3748 968 τοῖς

2164 998 2263 1051 οὐκ
2303 997 2750 1059 ἀνεπισκέπτως,
2790 994 2851 1047 τὸ
2886 994 2960 1064 μὴ
3006 994 3199 1067 νεκρόν
3229 1013 3289 1048 τε
3320 994 3411 1049 καὶ
3454 995 3663 1065 ἄψυχον
3692 996 3751 1047 ἐν

2162 1088 2239 1158 τῷ
2289 1086 2634 1158 ἐργαστηρίῳ
2665 1084 2917 1153 γενέσθαι
2949 1086 3046 1155 τῆς
3090 1084 3323 1154 φύσεως,
3379 1086 3408 1139 δ
3461 1085 3600 1156 πρὸς
3647 1086 3749 1155 τὴν

2163 1176 2255 1230 τοῦ
2294 1175 2431 1240 ζώου
2482 1174 2707 1245 φυτείαν
2755 1174 2819 1226 ἐκ
2859 1170 2955 1225 τοῦ
2991 1171 3192 1237 ζῶντος
3225 1173 3473 1243 σώματος
3500 1174 3751 1225 ἀποσπα-

2166 1269 2292 1323 σθέν
2325 1267 2563 1338 ἐνετέθη.
2614 1265 2723 1319 Καὶ
2753 1264 2863 1333 γὰρ
2903 1264 2997 1316 καὶ
3042 1263 3149 1317 τῶν
3191 1264 3419 1335 καρπῶν
3456 1263 3556 1326 τὰς
3602 1265 3751 1316 ἐντε-

2166 1361 2385 1435 ριώνας,
2410 1360 2503 1412 καὶ
2539 1359 2638 1423 τὰς
2670 1357 2779 1410 τῶν
2819 1354 2984 1426 ῥιζῶν
3012 1354 3329 1417 ἀποσπάδας
3356 1356 3416 1408 οὐ
3459 1353 3752 1426 νεκρωθεί-

2167 1468 2263 1515 σας
2303 1450 2402 1519 τῆς
2449 1448 2774 1518 ἐγκειμένης
2802 1450 2866 1519 τῇ
2912 1445 3069 1516 φύσει
3099 1444 3336 1513 ζωτικῆς
3366 1442 3653 1513 δυνάμεως
3681 1443 3749 1512 τῇ

2163 1544 2234 1611 γῇ
2267 1537 2695 1608 καταϐάλλομεν,
2728 1538 2863 1591 ἀλλά
2900 1536 3268 1608 συντηρούσας
3316 1538 3373 1589 ἐν
3406 1537 3626 1600 ἑαυταῖς
3662 1552 3751 1589 κε-

2164 1630 2488 1703 κρυμμένην
2546 1632 2666 1705 μὲν,
2700 1630 2881 1693 ζῶσαν
2929 1629 2987 1682 δέ
3017 1629 3235 1692 πάντως
3262 1626 3356 1681 τοῦ
3383 1628 3746 1698 πρωτοτύπου

2163 1724 2264 1794 τὴν
2300 1723 2558 1793 ἰδιότητα.
2596 1721 2706 1792 Τὴν
2738 1722 2795 1776 δέ
2820 1720 3075 1791 τοιαύτην
3104 1721 3333 1790 δύναμιν
3382 1719 3483 1773 οὐκ
3534 1719 3747 1791 ἐντίθη-

477 1822 675 1869 uatura
705 1814 940 1872 facultas
978 1819 1160 1874 vitalis
1220 1829 1471 1875 emortua
1530 1820 1729 1877 fuerit:
1792 1821 1887 1877 sed
1935 1837 2057 1877 cum

2167 1833 2252 1870 σιν
2288 1817 2322 1888 ἡ
2357 1815 2686 1886 περιέχουσα
2714 1815 2783 1884 γῆ
2821 1813 3019 1881 ἔξωθεν
3063 1814 3193 1883 παρ’
3220 1812 3419 1883 ἑαυτῆς
3458 1812 3748 1883 ἐπεισκρί-

477 1907 654 1962 adhuc
676 1922 865 1963 eorum
918 1925 949 1963 a
1000 1911 1201 1980 quibus
1250 1920 1371 1965 orta
1412 1920 1564 1977 sunt,
1619 1913 1729 1966 vim
1782 1913 2059 1983 propriam

476 2007 828 2065 conservant,
860 2001 1118 2057 latentem
1148 2004 1371 2073 quidem
1402 2005 1549 2059 illam
1579 2011 1634 2059 et
1668 2003 1936 2070 abditam,
1965 2006 2060 2061 sed

474 2098 655 2147 tamen
703 2093 901 2148 vivam.
961 2092 1028 2147 Et
1069 2094 1151 2150 vis
1198 2095 1419 2166 quidem
1488 2095 1803 2164 huiusmodi
1848 2112 1956 2151 non
1993 2096 2062 2152 de

477 2189 625 2237 terra
647 2185 991 2241 extrinsecus
1020 2186 1276 2240 hauritur
1310 2187 1478 2256 (nam
1502 2188 1799 2258 caeteroqui
1835 2202 2062 2243 necesse

478 2272 618 2327 foret
646 2275 809 2329 etiam
846 2277 991 2347 ligna
1013 2287 1264 2332 emortua
1299 2278 1620 2346 pullulando
1651 2279 1993 2335 elﬁorescere
2016 2279 2057 2348 ),

432 2401 441 2413 .
478 2363 576 2417 sed
606 2365 769 2419 insita
803 2368 969 2421 rebus
1007 2368 1120 2436 jam
1185 2376 1334 2433 ante,
1367 2383 1464 2437 per
1517 2378 1718 2424 terram
1784 2370 1949 2424 modo
2001 2371 2058 2424 in

481 2462 728 2522 apertum
760 2456 1110 2523 producitur,
1135 2457 1578 2526 suppeditantem
1605 2472 1831 2513 succum
1860 2472 2055 2513 suum:

428 2548 431 2559 '
478 2544 546 2599 de
578 2560 687 2615 quo
710 2546 894 2616 planta
917 2547 1119 2613 radice,
1151 2547 1646 2614 cortice,medulla,
1671 2561 2059 2617 ramorumque

477 2636 717 2691 surculis
738 2644 922 2703 aucta,
952 2638 1119 2707 plane
1153 2639 1375 2694 tandem
1416 2639 1671 2694 omnibus
1696 2639 1780 2695 sui
1807 2638 2057 2709 partibus

474 2727 797 2783 absolvitur.
860 2729 1005 2785 Idem
1037 2730 1183 2786 enim
1237 2730 1354 2787 ﬁeri
1389 2747 1495 2786 non
1549 2739 1755 2802 posset,
1795 2731 1845 2786 si
1905 2731 2055 2785 nulla

2158 1923 2346 1961 νουσα’
2370 1902 2406 1977 ἧ
2430 1906 2539 1977 γὰρ
2569 1906 2634 1959 ἂν
2659 1904 2755 1958 καὶ
2781 1902 2849 1957 τὰ
2879 1902 3047 1974 νεκρὰ
3069 1901 3178 1955 τῶν
3203 1901 3375 1969 ξύλων
3407 1903 3486 1964 εἰς
3512 1900 3750 1971 βλάστην

2158 2000 2461 2070 προήγετο·
2512 1997 2648 2052 ἀλλὰ
2695 1996 2793 2067 τὴν
2824 1994 3182 2066 ἐπικειμένην
3230 1994 3451 2065 ἔκδηλον
3497 1994 3749 2064 ἀπεργά-

2159 2090 2330 2154 ζεται,
2370 2088 2458 2142 διὰ
2505 2088 2605 2157 τῆς
2644 2084 2850 2149 οἰκείας
2885 2085 3111 2156 ἰκμάδος
3145 2083 3508 2155 τιθηνουμένη
3556 2086 3640 2145 εἰς
3669 2083 3751 2154 pt-

2160 2182 2281 2245 ζαν,
2325 2181 2421 2233 καὶ
2452 2178 2659 2247 φλοιὸν,
2713 2177 2810 2231 καὶ
2838 2175 3184 2248 ἐντεριώνην,
3217 2176 3311 2229 καλ⁸
3353 2174 3453 2239 τὰς
3479 2175 3588 2228 τῶν
3619 2173 3751 2229 κλά-

2160 2272 2264 2326 δων
2313 2269 2570 2339 ἐκφύσεις
2618 2267 2680 2321 τδ
2729 2268 2894 2338 φυτὸν
2936 2267 3239 2321 τελειοῦσα.
3272 2268 3450 2337 Ὅπερ
3493 2265 3592 2336 οὐχ
3639 2260 3750 2319 οἷόν

2160 2379 2219 2415 τε
2251 2357 2318 2432 ἦν
2350 2358 2616 2429 γίνεσθαι,
2671 2360 2743 2429 μή
2792 2375 2934 2423 τινος
2967 2359 3203 2430 φυσικῆς
3234 2357 3519 2427 δυνάμεως
3556 2372 3748 2409 συνεν-

2160 2452 2429 2520 τεθείσης,
2460 2449 2581 2519 ἥτις
2620 2447 2718 2518 τὴν
2760 2446 2999 2517 συγγενῆ
3030 2446 3124 2499 καί⁵
3150 2443 3486 2514 κατάλληλον
3532 2444 3599 2496 ὲκ
3640 2440 3749 2495 τῶν

2161 2538 2580 2614 παρακειμένων
2623 2538 2826 2610 τροφὴν
2867 2539 2948 2602 εἰς
2981 2536 3177 2608 ἐαυτὴν
3206 2536 3460 2601 ἕλκουσα,
3508 2533 3737 2604 θάμνος.

2159 2632 2192 2702 ἢ
2221 2631 2453 2703 δένδρον,
2483 2629 2516 2698 ἢ
2552 2628 2772 2703 στάχυς,
2808 2629 2843 2699 ἢ
2882 2644 2935 2680 τι
2962 2626 3069 2680 τῶν
3112 2625 3467 2698 φρυγανικῶν
3503 2622 3741 2694 βλαστη-

2167 2701 2354 2797 μάτων
2391 2701 2627 2790 ἐγένετο.

473 2821 711 2876 Iacultas
751 2822 803 2877 ei
835 2824 1099 2879 naturalis
1126 2825 1299 2880 indita
1346 2825 1508 2894 foret,
1548 2840 1579 2882 a
1611 2842 1719 2898 qua
1762 2833 2000 2898 cognato
2042 2831 2098 2880 et
2136 2818 2498 2877 conveniente
2544 2815 2805 2869 alimento
2853 2813 2919 2869 de
2967 2813 3163 2868 vicinis
3208 2810 3454 2882 partibus
3492 2818 3749 2876 attracto,

484 2915 573 2968 vel
615 2915 920 2980 arbustum,
954 2917 1037 2971 vel
1073 2918 1260 2983 arbor,
1301 2919 1387 2973 vel
1443 2918 1615 2989 spica,
1678 2918 1764 2975 vel
1792 2917 2026 2989 quodvis
2071 2912 2369 2985 virgultum
2399 2915 2739 2965 nasceretur.

1046 3031 1272 3087 CAPUT
1316 3031 1485 3088 XXX.

481 3118 716 3176 Humani
744 3123 1294 3195 torporisstructurw
1332 3125 1574 3194 quaedam
1637 3124 1800 3179 altius
1845 3141 1910 3179 ea:
1940 3127 2057 3195 ipsa

691 3192 948 3246 medicina
978 3192 1196 3247 breviter
1217 3192 1440 3263 repetita
1470 3195 1861 3261 contemplatio.

552 3280 660 3336 Sed
688 3284 832 3337 enim
873 3286 1256 3356 unusquisque
1289 3295 1563 3352 nostrum,
1594 3295 1791 3342 natura
1838 3287 2059 3358 propria

481 3368 744 3440 magistra
780 3380 833 3427 et
866 3372 1028 3438 duce,
1060 3382 1392 3430 structuram
1420 3376 1671 3447 corporis
1706 3385 1965 3433 accurate
1991 3393 2060 3433 ex

479 3475 546 3514 eo
572 3460 720 3530 quod
748 3471 801 3516 et
825 3463 970 3518 videt
999 3472 1052 3519 et
1077 3465 1210 3520 vivit
1250 3473 1307 3521 et
1337 3467 1530 3532 sentit,
1571 3482 1911 3539 cognoscere
1960 3483 2060 3539 po-

483 3551 628 3605 terit.
655 3553 798 3617 Quin
829 3562 885 3608 et
913 3570 943 3607 a
969 3556 1105 3611 viris
1145 3556 1486 3614 doctissimis
1515 3558 1632 3613 haec
1686 3560 1932 3616 studiose
1964 3576 2061 3616 ero

482 3640 679 3709 plicata
711 3656 836 3698 cum
873 3644 1004 3711 sint,
1036 3646 1165 3701 licet
1204 3649 1522 3704 universam
1560 3658 1616 3705 et
1663 3649 1931 3721 integram
1966 3666 2061 3707 eo-

481 3747 601 3787 rum
637 3734 945 3791 doctrinam
991 3739 1059 3794 de
1107 3740 1266 3797 libris
1308 3740 1506 3797 horum
1542 3757 1887 3813 expromere.
1927 3745 2056 3813 Alii,

480 3839 604 3892 quae
660 3827 951 3883 collocatio
1008 3829 1079 3884 sit
1132 3831 1476 3902 singularum
1529 3835 1587 3888 in
1622 3835 1783 3891 nobis
1822 3836 2059 3905 partium

471 3917 711 3970 scrutati
745 3927 895 3974 sunt.
922 3918 1055 3988 Alii,
1099 3937 1259 3991 quem
1292 3922 1361 3977 ad
1388 3940 1549 3980 usum
1590 3926 1778 3980 omnia
1811 3926 2061 3995 corporis

482 4010 727 4063 membra
753 4009 898 4065 facta
929 4013 1060 4078 sint,
1112 4013 1463 4085 indagarunt,
1516 4026 1571 4072 et
1608 4018 1768 4075 nobis
1820 4020 2062 4089 explica-

484 4105 640 4162 runt,
683 4107 743 4154 ut
771 4100 885 4170 iam
923 4102 990 4158 de
1021 4105 1216 4160 horum
1251 4108 1664 4165 commentariis
1698 4124 1897 4181 capere
1939 4119 2061 4167 stu-

483 4193 622 4249 diosi
677 4194 871 4251 harum
933 4212 1113 4253 rerum
1165 4200 1531 4270 cognitionem
1576 4200 1799 4257 humani
1856 4201 2062 4272 opiﬁeii

484 4284 809 4357 locupletem
866 4297 922 4343 et
957 4290 1107 4345 nulla
1138 4292 1225 4348 sui
1257 4300 1412 4362 parte
1441 4291 1785 4349 deﬁcientem
1823 4295 2058 4364 possint.

483 4375 639 4443 Quod
688 4380 736 4434 si
794 4380 919 4451 quis
948 4382 1112 4437 etiam
1164 4383 1282 4439 haec
1346 4386 1639 4449 universa,
1701 4384 1768 4441 de
1807 4384 2061 4440 doctrina

483 4470 702 4540 propria
732 4486 862 4526 vero
892 4473 947 4526 in
977 4474 1139 4531 terris
1170 4473 1265 4530 Dei
1296 4476 1465 4531 coetui
1513 4474 1730 4532 discere
1759 4477 1935 4543 malit,
1993 4490 2063 4531 ne

485 4558 593 4610 nlla
636 4559 691 4612 in
720 4574 781 4614 re
808 4560 1097 4631 disciplina
1130 4570 1319 4618 extera
1357 4580 1519 4635 egere
1552 4564 1729 4620 videri
1778 4566 2055 4635 possimus

484 4648 747 4717 (quando
794 4650 881 4704 lex
934 4653 1131 4721 ovibus
1178 4652 1563 4723 spiritualibus
1610 4662 1697 4711 est
1736 4655 2060 4726 proposita,

485 4736 949 4804 quemadmodum
976 4741 1052 4794 ait
1084 4740 1372 4808 Dominus,
1402 4741 1524 4798 Non
1557 4760 1680 4800 esse
1703 4744 1825 4799 voci
1877 4746 2018 4800 alius
2045 4786 2061 4811 ,

461 4835 640 4882 extra
668 4844 830 4898 quam
854 4834 1113 4900 pastoris,
1142 4848 1304 4891 aures
1325 4835 1647 4906 praebendas
1669 4836 1714 4867 "
1738 4834 1779 4907 ),
1815 4850 1914 4907 age
1941 4837 2067 4892 bre-

485 4916 627 4970 viter
654 4915 722 4971 de
744 4916 833 4973 his
863 4934 1082 4991 quoque
1120 4922 1481 4979 disseramus.
1512 4924 1655 4979 Sunt
1682 4925 1906 4980 omnino
1941 4941 2066 4981 cor-

480 5007 634 5076 poris
657 5008 711 5061 in
744 5016 963 5075 natura,
1000 5015 1104 5066 tria
1146 5030 1395 5080 numero,
1452 5030 1685 5084 quorum
1734 5018 1910 5087 gratia
1946 5020 2063 5074 sine

470 5099 606 5168 .gula
641 5099 696 5152 in
732 5101 892 5157 nobis
947 5103 1194 5159 membra
1235 5114 1365 5161 sunt
1418 5106 1585 5162 facta.
1630 5106 1766 5161 Nam
1820 5109 1945 5173 alia,
2003 5116 2064 5163 ut

480 5191 787 5246 viveremus
830 5193 1051 5248 condita
1086 5204 1256 5261 sunt;
1306 5197 1432 5262 alia,
1468 5205 1527 5251 ut
1571 5198 1815 5264 jucunde
1852 5200 2055 5255 vivere-

481 5295 645 5344 mus;
692 5283 823 5346 alia,
857 5292 917 5337 ut
973 5295 1121 5341 esset
1178 5288 1232 5341 in
1275 5288 1517 5343 humano
1566 5304 1767 5358 genere
1800 5302 2062 5362 perpetua

484 5372 816 5436 posteritatis
848 5380 1150 5431 successio.
1192 5377 1326 5442 Quae
1362 5393 1527 5448 porro
1574 5380 1697 5447 ejus
1729 5391 1858 5435 sunt
1900 5398 2064 5451 gene-

482 5456 582 5519 ris,
612 5465 671 5510 ut
701 5460 749 5511 si
774 5461 980 5531 absque
1010 5465 1149 5535 ipsis
1197 5465 1358 5530 foret,
1418 5467 1581 5521 homo
1636 5484 1750 5523 non
1802 5471 2058 5527 viveret:

492 5542 663 5599 tribus
692 5551 945 5609 membris
968 5557 1533 5626 comprehenduntur,
1592 5560 1838 5628 cerebro,
1871 5563 2057 5633 corde,

561 5701 603 5730 "
640 5697 798 5754 Joan.
836 5720 888 5767 ς,
917 5708 967 5773 4,
1001 5711 1053 5765 5.

2659 3022 3058 3078 ΚΕΦΔΛΛΙΟΝ
3099 3022 3179 3075 A’.

2154 3123 2389 3193 ’Θεωρία
2437 3138 2526 3193 τις
2558 3116 2938 3193 ζατρικωτέρα
2989 3114 3135 3193 {rapi
3160 3110 3433 3193 τῆς-τοῦ
3475 3110 3751 3181 σώματος

2457 3182 3059 3260 τῇιῶνάατιιάκευῆς
3100 3182 3173 3234 δι’
3212 3182 3451 3251 ὀλίγων.

2249 3285 2409 3340 Ἀλλά
2443 3282 2541 3355 τὴν
2572 3281 2669 3352 μὲν
2723 3277 2924 3351 ἀκριϐῆ
2978 3266 3374 3345 τοῦσώματος
3426 3272 3584 3343 ἡμῶν
3631 3268 3747 3326 δια.

2168 3378 2364 3450 σκευὴν
2408 3374 2646 3429 διδάσκει
2705 3370 2804 3442 μὲν
2855 3370 3086 3431 ἕκαστος
3146 3365 3360 3430 ἐαυτὸν,
3415 3365 3474 3430 ἐξ
3531 3360 3607 3419 ὧν
3650 3365 3752 3435 δρᾷ

2165 3487 2224 3523 τε
2276 3470 2369 3522 καὶ
2416 3465 2483 3537 ζῇ
2538 3464 2632 3519 καὶ
2686 3461 3020 3525 αἰσθάνεται,
3074 3459 3172 3530 τὴν
3222 3459 3358 3513 ἰδίαν
3410 3456 3604 3511 ἑαυτοῦ
3653 3457 3753 3525 cpti-

2169 3581 2252 3617 σιν
2316 3558 2634 3616 διδάσκαλον
2699 3556 2856 3627 ἔχων.
2920 3550 3139 3621 Ἔξεστι
3173 3552 3229 3606 δὲ
3285 3552 3380 3606 καὶ
3425 3552 3523 3621 τὴν
3562 3552 3621 3603 ἐν
3671 3549 3752 3619 βί-

2167 3654 2313 3716 ϐλοις
2355 3647 2802 3722 φιλοπονηθεῖσαν
2849 3648 2960 3707 τοῖς
3004 3643 3071 3697 τὰ
3112 3643 3339 3697 τοιαῦτα
3397 3643 3581 3710 σοφοῖς
3618 3640 3750 3710 περὶ

2167 3744 2370 3798 τούτων
2427 3739 2665 3811 ἱστορίαν
2712 3736 3066 3801 ἀναλαϐόντι,
3128 3737 3308 3790 πάντα
3353 3734 3420 3787 δι’
3463 3732 3756 3803 ἀκριϐείας

2171 3834 2381 3906 μαθεῖν.
2418 3827 2518 3885 Ὧν
2544 3832 2591 3884 οἰ
2625 3830 2724 3901 μὲν
2760 3830 2907 3891 ὅπως
2937 3827 3050 3898 ἔχει
3078 3827 3281 3890 θέσεως
3311 3826 3378 3879 τὰ
3412 3824 3753 3879 καθέκαστον

2166 3925 2275 3978 τῶν
2322 3925 2378 3977 ἐν
2408 3924 2563 3994 ἡμῖν,
2600 3920 2687 3973 διὰ
2717 3919 2819 3990 τῆς
2855 3918 3130 3988 ἀνατομῆς
3164 3916 3517 3986 ἐδιδάχθησαν
3538 3931 3552 3944 ο
3593 3915 3645 3967 οἱ
3697 3913 3754 3967 δὲ

2168 4017 2262 4069 καὶ
2297 4013 2432 4084 πρὸς
2460 4014 2488 4066 ὅ
2526 4030 2577 4066 τι
2609 4011 2799 4080 γέγονε
2835 4009 3014 4062 πάντα
3045 4006 3116 4060 τὰ
3162 4006 3255 4060 τοῦ
3292 4006 3540 4075 σώματος
3588 4005 3754 4077 μόρια

2170 4104 2500 4174 κατενόησάν
2529 4121 2587 4157 τε
2609 4102 2705 4157 καὶ
2731 4101 3075 4173 διηγήσαντο,
3100 4099 3175 4164 ὡς
3200 4098 3475 4172 ἀρκοῦσαν
3501 4098 3753 4151 ἐντεῦθεν

2167 4199 2265 4268 τῆς
2293 4196 2640 4270 ἀνθρωπίνης
2670 4194 3016 4263 κατασκευῆς
3042 4192 3139 4264 τὴν
3162 4192 3363 4261 γνῶσιν
3390 4194 3503 4255 τοῖς
3532 4192 3756 4261 cptione-

2168 4306 2278 4353 νοις
2306 4288 2583 4358 γενέσθαι.
2615 4287 2679 4340 Εἰ
2709 4284 2767 4338 δέ
2792 4301 2875 4348 τις
2902 4283 3185 4355 ἐπιζητοίη
3216 4285 3432 4338 πάντων
3454 4284 3637 4337 αὐτῶν
3657 4284 3753 4354 τὴν

2168 4378 2467 4450 ἐκκλησίαν
2517 4371 2835 4429 διδάσκαλον
2867 4373 3136 4442 γίνεσθαι,
3171 4374 3247 4437 ὡς
3296 4376 3377 4437 είς
3431 4374 3599 4444 μηδὲν
3653 4374 3755 4445 τῆς

2168 4471 2368 4540 ἔξωθεν
2412 4471 2594 4542 φωνῆς
2633 4468 2933 4523 ἐπιδεῖσθαι
2973 4460 3149 4540 (οὗτος
3178 4468 3288 4539 γὰρ
3312 4468 3419 4521 τῶν
3456 4484 3756 4538 πνευματιο

2170 4562 2282 4617 κῶν
2325 4562 2611 4634 προϐάτων
2655 4563 2685 4614 δ
2724 4561 2905 4631 νόμος,
2945 4557 3127 4623 καθώς
3164 4578 3327 4631 φησιν
3353 4562 3381 4613 ὁ
3416 4558 3645 4632 Κύριος,
3693 4562 3752 4613 τὸ

2170 4656 2455 4727 ἀλλοτρίας
2504 4656 2579 4726 μὴ
2622 4654 2843 4708 ἀκούειν
2874 4654 3101 4724 φωνῆς),
3124 4652 3213 4707 διὰ
3254 4652 3499 4723 βραχέων
3535 4653 3633 4705 καὶ
3666 4653 3755 4705 τδν

2172 4746 2534 4818 περὶτούτων
2567 4746 2725 4815 λόγον
2766 4744 3156 4815 διαληψόμεθα.
3199 4744 3337 4813 Τρία
3368 4745 3494 4815 περί
3530 4744 3627 4815 τὴν
3662 4743 3755 4797 τοῦ

2174 4837 2423 4908 σώματος
2445 4837 2747 4907 ἐνοήσαμεν
2777 4835 2958 4905 φύσιν,
2989 4830 3063 4887 ὧν
3089 4836 3248 4905 χάριν
3278 4833 3345 4887 τὰ
3367 4834 3487 4887 καθ’
3523 4835 3758 4888 ἕκαστον

2170 4927 2278 4981 τῶν
2299 4929 2355 4980 ἐν
2388 4928 2517 4998 ἡμῖν
2550 4925 2997 4981 κατεσκεύασται.
3034 4927 3115 4979 Τά
3146 4928 3244 4997 μὲν
3278 4922 3385 4997 γὰρ
3415 4925 3505 4980 διὰ
3542 4928 3605 4980 τὸ
3636 4926 3756 4995 ζῇν,

2170 5020 2239 5073 τὰ
2262 5021 2320 5074 δὲ
2339 5019 2426 5072 διὰ
2452 5019 2512 5072 τὸ
2546 5018 2727 5082 καλῶς
2754 5018 2874 5089 ζῇν,
2918 5018 3081 5090 ἕτερα
3107 5017 3161 5071 δὲ
3189 5018 3325 5089 πρὸς
3361 5019 3461 5090 τὴν
3502 5020 3760 5091 διαδοῂν

2169 5111 2277 5163 τῶν
2306 5110 2703 5179 ἐπιγινομένων
2729 5110 3052 5178 ἐπιτηδείως
3082 5109 3212 5179 ἔχει.
3267 5110 3409 5164 Ὅσα
3449 5112 3549 5182 μὲν
3580 5108 3678 5166 οὖν
3702 5114 3758 5166 ἐν

2170 5205 2301 5273 ἡμῖν
2330 5201 2553 5256 τοιαῦτά
2599 5203 2769 5265 ἐστιν,
2816 5193 2891 5255 ὧν
2937 5201 3067 5255 ἄνευ
3100 5201 3361 5271 συστῆναι
3399 5203 3497 5272 τὴν
3542 5204 3756 5272 ἀνθρωο
3844 5228 3845 5231 η

2168 5294 2329 5361 πίνην
2360 5291 2504 5362 ζωὴν
2542 5291 2641 5344 οὐκ
2672 5291 2967 5362 ἐνδέχεται,
3005 5292 3065 5344 ἐν
3102 5292 3251 5360 τρισὶ
3279 5292 3489 5360 μορίοις
3529 5307 3757 5345 κατενο-

2165 5382 2379 5450 ήσαμεν
2401 5397 2413 5408 ·
2446 5381 2504 5433 ἐν
2528 5380 2838 5451 ἐγκεφάλῳ,
2869 5382 2963 5434 καὶ
2988 5381 3206 5452 καρδίᾳ,
3241 5380 3335 5432 καὶ
3371 5381 3567 5449 ἥπατι.
3614 5384 3753 5437 Ὅσα

2167 5472 2223 5525 δὲ
2242 5471 2525 5541 προσθήκη
2545 5473 2628 5535 τίς
2664 5474 2779 5526 ἐστι
2814 5473 2921 5527 τῶν
2946 5473 3185 5542 ἀγαθῶν,
3226 5474 3321 5526 καὶ
3351 5472 3636 5543 φιλοτιμία
3658 5476 3755 5545 τῆς

2170 5564 2402 5634 φύσεως,
2435 5564 2494 5617 τὸ
2528 5559 2584 5617 εὖ
2611 5565 2708 5635 ζῇν
2741 5566 2807 5617 δι’
2856 5566 3076 5618 ἐκείνων
3111 5564 3185 5636 τῷ
3216 5562 3486 5635 ἀνθρώπῳ
3527 5567 3753 5636 χαριςο·
