3890 6354
113 414 213 471 2H

1374 429 1462 483 DE
1501 427 1786 485 HOMINIS
1824 430 2140 488 OPlFlClO.

3293 430 3402 485 9H

134 542 319 611 μένης,
350 541 421 597 τὰ
455 544 589 615 περὶ
637 542 729 616 τὴν
768 543 1017 614 αἴσθησίν
1060 561 1203 598 εστιν
1234 546 1461 616 ὄργανα.
1498 548 1579 602 Τὰ
1615 548 1725 621 γὰρ

1853 553 2091 608 ecinore.
2129 551 2259 618 Quae
2292 552 2559 607 bonorum
2595 554 2717 604 sunt
2757 544 2903 602 velut
2945 544 3401 605 additamentum.

133 633 359 687 τοιαῦτα
385 635 493 707 τὴν
521 633 673 705 ζωὴν
704 635 801 707 μὲν
825 636 886 689 οὐ
921 635 1250 708 συνίστησιν,
1273 639 1395 692 ἐπεὶ
1423 639 1516 693 καὶ
1542 639 1725 693 λιπόν-

137 742 245 779 των
270 725 436 780 τινῶν
485 726 769 789 πολλάκις,
792 726 941 781 οὐδὲν
968 722 1129 799 ἦττον
1161 728 1218 780 ἐν
1256 727 1333 799 τῷ
1373 728 1473 800 ζῇν
1507 729 1652 783 ἐστιν
1697 731 1727 783 ὁ

140 816 451 887 ἄνθρωπος,
480 816 597 871 ἀλλ’
618 820 897 889 ἀμήχανον
923 818 1044 889 δίχα
1064 819 1267 874 τούτων
1286 820 1393 874 τῶν
1415 821 1723 892 ἐνεργειῶν,

145 908 253 960 τῶν
312 908 456 963 κατὰ
498 908 597 979 τὴν
654 907 798 979 ζωὴν
850 910 1020 980 ὴδέων
1062 910 1157 982 τὴν
1204 912 1492 982 μετουσίαν
1562 912 1724 984 ἔχειν.

157 999 217 1052 'U
263 999 322 1051 δὲ
368 999 549 1069 τρίτος
601 1000 800 1063 σκοπὸς
845 1000 981 1072 πρὸς
1024 1002 1084 1055 τὸ
1133 1002 1331 1074 ἐφεξῆς
1372 1021 1434 1057 τε
1486 1006 1581 1058 καὶ
1629 1004 1727 1076 τὴν

146 1086 399 1158 διαδοχὴν
462 1086 670 1157 βλέπει.
745 1089 899 1143 Ἐστι
946 1091 1004 1144 δὲ
1053 1092 1147 1147 καὶ
1192 1092 1328 1147 ἄλλα
1380 1094 1503 1150 τινὰ
1581 1096 1730 1167 παρὰ

149 1179 343 1243 ταῦτα,
375 1177 412 1232 ἃ
438 1178 573 1250 πρὸς
598 1178 856 1251 διαμονὴν
894 1181 1047 1236 κοινὰ
1071 1185 1183 1246 τοῖς
1218 1185 1381 1238 πᾶσιν
1422 1185 1727 1252 ὑπόκειται,

150 1270 253 1332 τὰς
285 1269 654 1339 καταλλήλους
684 1271 1003 1343 προσθήκας
1030 1273 1096 1326 δι’
1124 1274 1332 1343 ἑαυτῶν
1351 1277 1730 1345 ἐπεισάγοντα,

153 1360 234 1423 ὡς
253 1360 432 1413 κοιλία
453 1361 546 1414 καὶ
577 1361 851 1432 πνεύμων,
870 1365 899 1415 ὁ
926 1363 1024 1433 μὲν
1042 1364 1119 1434 τῷ
1144 1366 1412 1436 πνεύματι
1441 1368 1501 1420 τὸ
1533 1369 1734 1440 ἐγκάρ-

154 1449 268 1503 διον
323 1449 434 1519 πῦρ
476 1451 870 1523 ἀναρριπίζων,
922 1454 956 1524 ἡ
1003 1454 1059 1507 δὲ
1099 1458 1212 1518 τοῖς
1257 1457 1588 1528 σπλάγχνοις
1636 1459 1734 1530 τὴν

154 1542 366 1609 τροφὴν
414 1542 797 1606 είσοικίζουσα.
832 1543 987 1598 Οὕτω
1032 1546 1210 1601 τοίνυν
1260 1550 1359 1617 τῆς
1391 1551 1735 1622 κατασκευῆς

154 1630 254 1700 τῆς
290 1632 347 1683 ἐν
380 1633 508 1702 ἡμῖν
539 1633 894 1706 διῃρημένης,
927 1635 1073 1690 ἐστιν
1107 1639 1351 1709 ἀκριϐῶς
1380 1642 1734 1712 κατανοῆσαι,

157 1722 241 1773 ὅτι
267 1722 329 1775 ού
366 1725 651 1793 μονοειδῶς
698 1729 833 1797 ἡμῖν
864 1728 931 1782 δι’
976 1729 1096 1794 ἑνός
1133 1748 1275 1794 τινος
1319 1733 1350 1802 ὴ
1383 1732 1518 1804 πρὸς
1545 1734 1605 1788 τὸ
1637 1735 1736 1805 ζῇν

157 1812 390 1881 δύναμις
432 1815 771 1885 διεξάγεται·
814 1819 950 1875 ἀλλὰ
995 1820 1201 1875 πλείοσι
1238 1824 1445 1893 μορίοις
1492 1825 1525 1895 ἠ
1577 1825 1739 1894 φύσις

1830 641 2085 712 profecta
2109 643 2177 698 de
2200 642 2435 713 benigna
2461 640 2710 711 largitate
2744 644 2974 702 naturae,
3001 637 3283 694 efﬁcientis
3307 651 3406 710 per

1828 734 1944 788 haec
1973 742 2030 788 ut
2058 734 2299 803 jucunde
2340 734 2500 787 homo
2528 733 2778 787 viveret:
2825 739 2953 785 sunt
2999 738 3263 785 sensuum
3316 729 3403 785 in-

1829 832 2152 879 strumcnta.
2198 821 2333 877 Nam
2363 822 2418 876 in
2474 822 2559 876 his
2614 821 2720 875 vita
2764 820 2987 891 quidem
3046 828 3237 873 nostra
3291 835 3406 875 non

1829 911 2103 975 consistit,
2140 910 2360 982 quando
2399 910 2585 966 vivere
2619 909 2827 964 homini
2858 909 2985 963 licet
3013 908 3178 962 etiam
3213 906 3409 977 pleris—

1830 1016 1939 1071 que
1970 1000 2161 1055 horum
2198 1000 2441 1067 amissis;
2470 998 2565 1053 sed
2600 998 2717 1053 ﬁeri
2742 1013 2850 1053 non
2880 1003 3059 1066 potest
3093 1003 3151 1049 ut
3201 996 3410 1065 absque

1833 1093 2029 1147 horum
2062 1093 2374 1148 actionibus
2405 1107 2589 1147 rerum
2612 1092 2668 1145 in
2698 1090 2939 1145 hominis
2992 1089 3103 1143 vita
3137 1086 3411 1157 jucunda-

1832 1196 1956 1238 rum
1990 1182 2269 1251 voluptate
2300 1181 2566 1235 fruamur.
2601 1178 2845 1234 Tertium
2878 1178 2931 1233 in
2958 1177 3251 1248 partitione
3286 1191 3414 1247 pro-

1835 1271 2014 1342 posita
2051 1272 2355 1326 membrum
2383 1270 2599 1341 generis
2625 1270 2691 1325 ad
2726 1269 3138 1339 perpetuitatem
3177 1274 3409 1338 spectat.

1835 1362 2041 1418 Praeter
2066 1362 2183 1418 haec
2212 1362 2316 1417 alia
2346 1361 2590 1417 membra
2620 1370 2768 1427 sunt,
2798 1373 2919 1430 quae
2952 1369 3005 1414 et
3055 1357 3173 1429 ipsa
3210 1357 3415 1427 pariter

1836 1468 1965 1510 cum
1991 1455 2205 1511 caeteris
2245 1454 2411 1508 vitam
2441 1453 2683 1509 hominis
2710 1458 3059 1516 conservant,
3101 1460 3155 1505 et
3182 1463 3415 1503 conseuo

1837 1554 2029 1602 laneas
2089 1553 2300 1601 natura:
2356 1560 2470 1600 sua:
2525 1544 2791 1614 quasdam
2854 1541 3014 1612 quasi
3073 1539 3418 1595 accessiones

1838 1643 2122 1707 praestant,
2155 1638 2210 1691 in
2274 1636 2475 1706 quibus
2531 1642 2661 1690 sunt
2722 1632 3041 1690 stomachus
3097 1646 3161 1686 ac
3207 1630 3417 1701 pulmo,

1839 1741 2074 1798 quorum
2109 1727 2198 1783 hic
2236 1728 2476 1782 calorem
2517 1725 2702 1782 cordis
2736 1723 3023 1795 perflando
3052 1721 3296 1788 excitat;
3326 1720 3419 1775 ille

1841 1816 2146 1871 visceribus
2173 1817 2489 1872 alimentum
2516 1831 2675 1872 suum
2707 1814 2942 1885 praebet.
2971 1811 3087 1867 Hoc
3116 1811 3278 1867 modo
3306 1816 3421 1864 tota

159 1903 259 1966 τὰς
290 1906 427 1975 πρὸς
460 1906 556 1976 τὴν
603 1908 862 1963 σύστασιν
895 1912 926 1981 ἡ
938 1911 1052 1979 μῶν
1085 1913 1339 1983 ἀφορμὰς
1387 1915 1737 1986 ἐπινείμασα,

1853 1908 2089 1978 :orporis
2114 1909 2289 1964 nostri
2319 1916 2600 1964 structura
2651 1907 2847 1970 divisa,
2910 1904 3204 1977 perspicue
3234 1901 3424 1957 videre

161 1994 467 2060 ἀναγκαίαν
498 1999 645 2049 ποιεῖ
676 1997 810 2068 πρὸς
843 1999 902 2051 τὸ
927 1999 1045 2052 ὅλον
1068 2000 1166 2072 τὴν
1197 2001 1326 2070 παρ’
1357 2002 1588 2057 ἑκάστου
1620 2021 1741 2057 συνο

160 2082 444 2154 εισφοράν.
476 2084 638 2138 Ὥστε
668 2086 761 2139 καὶ
802 2088 901 2141 ὅσα
946 2089 1082 2160 πρὸς
1112 2090 1413 2159 ἀσφάλειαν
1466 2092 1568 2162 τῆς
1596 2092 1742 2164 ζωῆς

161 2174 256 2226 καὶ
305 2174 499 2237 κάλλος
549 2177 582 2245 ἡ
631 2176 793 2245 φύσις
837 2180 1258 2250 ὲπετεχνάσατο,
1304 2182 1473 2243 πλείω
1520 2184 1580 2237 τέ
1625 2187 1742 2238 ἐστι

165 2262 363 2326 ταῦτα,
392 2264 485 2316 καὶ
516 2264 714 2336 πολλὴν
749 2267 882 2338 πρὸς
928 2268 1133 2342 ἄλληλα
1177 2270 1274 2342 τὴν
1303 2272 1568 2344 διαφορὰν
1606 2274 1739 2344 ἔχει.

173 2352 317 2406 Ἀλλ’
367 2352 520 2427 οἶμαι
576 2354 841 2411 διελέσθαι
898 2359 1161 2431 πρότερον
1208 2364 1266 2417 ἐν
1329 2363 1495 2435 ὀλίγῳ
1546 2366 1743 2436 χρῆναι

162 2443 274 2499 τῶν
306 2444 441 2515 πρὸς
466 2445 563 2518 τὴν
594 2446 850 2503 σύστασιν
880 2453 976 2521 τῆς
1009 2450 1157 2521 ζωῆς
1189 2454 1583 2510 συντελούντων
1611 2459 1744 2527 ἡμῖν

164 2534 265 2599 τὰς
294 2534 514 2606 πρώτας
546 2538 740 2608 ἀρχάς.
785 2539 847 2593 Ἠ
875 2541 976 2610 μὲν
1012 2538 1107 2596 οὖν
1135 2543 1228 2597 τοῦ
1273 2546 1471 2611 παντὸς
1495 2547 1746 2619 σώματος

166 2626 268 2696 ὕλη
293 2626 447 2694 κοινὴ
476 2630 587 2691 τοῖς
616 2629 737 2682 καθ’
768 2629 996 2684 ἕκαστον
1026 2632 1241 2703 μέλεσιν
1271 2635 1627 2707 ὑποκειμένη,
1659 2655 1744 2692 σι-

164 2719 357 2789 γάσθω
404 2719 599 2775 τανῦν’
652 2722 803 2775 οὐδὲν
858 2722 967 2796 γάρ
1024 2725 1160 2795 πρὸς
1210 2728 1301 2779 τὸν
1351 2724 1564 2782 ’σκοπὸν
1614 2731 1746 2800 ἡμῖν

170 2810 474 2863 συντελέσει
504 2811 536 2881 ἠ
570 2811 797 2865 καθόλου
831 2813 1145 2883 φυσιολογία
1192 2816 1327 2887 πρὸς
1370 2818 1466 2889 τὴν
1514 2820 1746 2890 μερικὴν

170 2900 427 2973 θεωρίαν.
493 2903 954 2975 Ὀμολογουμένου
1005 2906 1187 2961 τοίνυν
1251 2907 1401 2979 παρὰ
1459 2910 1593 2962 πᾶσι
1653 2911 1747 2965 τοῦ

169 2992 390 3046 πάντων
418 2995 473 3047 ἐν
506 2996 637 3065 ἡμῖν
663 2990 801 3049 εἶναι
834 2996 943 3049 τῶν
973 2999 1327 3070 στοιχειωδῶς
1354 2980 1414 3053 ἐν
1450 3001 1530 3072 τῷ
1558 3002 1749 3073 κόσμῳ

167 3084 560 3156 θεωρουμένων
599 3087 698 3158 τὴν
748 3091 960 3161 μοῖραν,
1007 3090 1101 3145 τοῦ
1150 3108 1212 3145 τε
1265 3091 1468 3164 θερμοῦ
1518 3095 1612 3149 καὶ
1656 3095 1747 3148 τοῦ

1839 2006 1949 2061 est,
1992 1997 2309 2054 facultatem
2357 2014 2467 2068 qua
2529 2000 2642 2052 vita
2691 1996 3032 2057 continetur,
3069 2008 3181 2048 non
3220 2005 3331 2046 uno
3387 2006 3417 2044 a

1841 2090 2088 2144 membro
2134 2089 2446 2158 proficisci:
2488 2088 2582 2144 sed
2612 2094 2865 2141 naturam
2905 2084 3151 2154 corporis
3197 2096 3423 2137 conser-

1841 2180 2117 2235 vationem
2141 2181 2194 2233 in
2232 2180 2387 2251 plura
2422 2179 2669 2234 membra
2735 2178 3084 2248 partientem,
3124 2173 3423 2242 unicuique

1843 2270 1948 2325 hoc
1972 2269 2190 2326 dedisse
2231 2272 2454 2342 negotii,
2490 2277 2548 2325 ut
2571 2270 2785 2341 singula
2834 2269 3086 2324 nonnihil
3134 2267 3201 2322 ad
3258 2280 3421 2322 usum

1845 2363 2086 2417 universi
2126 2360 2462 2417 conferrent.
2494 2362 2625 2416 Eam
2687 2362 2759 2415 ob
2795 2376 2910 2416 rem
2950 2359 3233 2432 complura
3271 2367 3422 2423 sunt,

1845 2451 2098 2523 interque
2118 2469 2176 2509 se
2208 2453 2553 2524 perprofccto
2583 2453 2823 2516 diversa,
2858 2466 3203 2523 quaecunque
3226 2457 3423 2505 natura

1844 2543 1931 2597 vel
1970 2543 2037 2597 ad
2073 2558 2132 2599 se
2158 2543 2438 2608 tuendam,
2474 2544 2558 2598 vel
2592 2552 2823 2598 ornatus
2857 2556 2912 2596 et
2940 2542 3227 2611 elegantia:
3254 2554 3422 2594 causa

1848 2635 2077 2691 solerter
2107 2634 2375 2692 fabricata
2422 2643 2526 2690 est.
2588 2631 2693 2686 Sed
2747 2633 2891 2686 enim
2926 2631 3195 2701 principia
3251 2629 3429 2699 prima

1847 2740 2038 2781 eorum
2073 2739 2195 2796 quae
2232 2726 2398 2779 vitam
2447 2723 2812 2786 constituunt,
2845 2721 3005 2775 nobis
3035 2727 3327 2790 antequam
3358 2718 3427 2773 ad

1848 2817 1954 2870 alia
2014 2816 2451 2886 progrediamur,
2513 2814 2755 2869 breviter
2811 2812 3103 2867 dividenda
3172 2811 3423 2865 veniunt.

1850 2903 2043 2962 Totius
2072 2903 2292 2973 quidem
2333 2903 2581 2973 corporis
2615 2901 2876 2957 membris
2910 2900 3166 2955 materies
3195 2898 3429 2969 singulis

1849 2992 2183 3062 communis,
2219 2996 2274 3049 in
2306 2995 2410 3050 hoc
2443 3003 2496 3051 et
2526 3002 2771 3065 tempore
2809 3001 2862 3049 et
2893 2992 3016 3047 loco
3074 2996 3431 3061 praetereatur

1854 3086 2095 3145 silentio.
2132 3085 2270 3141 Nam
2304 3086 2371 3141 ad
2398 3080 2713 3142 institutum
2749 3093 3000 3141 nostrum
3032 3082 3169 3138 nihil
3215 3080 3428 3143 attinet,

167 3176 451 3246 ψύχοντος,
505 3180 598 3233 καὶ
649 3179 746 3250 τῆς
796 3181 986 3254 ἐτέρας
1035 3183 1295 3253 συζυγίας
1354 3185 1453 3255 τῆς
1501 3186 1642 3241 κατὰ
1690 3188 1747 3240 τὸ

1854 3176 2114 3232 nimirum
2148 3176 2217 3232 ad
2243 3177 2741 3234 considerationem
2759 3177 3161 3248 particularem,
3185 3171 3430 3228 universi

172 3269 344 3339 ὑγρόν
370 3287 431 3322 τε
470 3272 561 3325 καὶ
582 3271 745 3343 ξηρὸν
770 3275 1080 3347 νοουμένης,
1109 3275 1181 3331 τὰ
1210 3277 1328 3339 καθ’
1354 3276 1585 3333 ἕκαστον
1619 3281 1749 3351 ἡμῖν

169 3356 514 3429 διαληπτέον.

245 3615 457 3686 Ούκοῦν
503 3634 717 3706 ὁρῶμεν
765 3636 913 3707 τρεῖς
943 3637 1040 3702 τὰς
1072 3639 1407 3711 διοικητικάς
1454 3642 1553 3713 τῆς
1604 3644 1751 3714 ζωῆς

1853 3258 2229 3339 periractatio.
2264 3266 2409 3340 Ergo
2437 3283 2564 3323 cum
2614 3268 2760 3340 apud
2785 3282 2980 3324 omnes
3002 3267 3108 3322 hoc
3136 3265 3296 3337 quasi
3327 3279 3431 3334 pro
3495 3314 3502 3320 .

1856 3358 2112 3416 confesso
2142 3360 2236 3426 sit,
2269 3362 2535 3417 exsistere
2565 3361 2826 3432 quiddam
2855 3361 2911 3414 in
2966 3359 3135 3415 nobis.
3157 3356 3226 3414 de
3253 3356 3435 3412 omni-

1850 3449 1955 3506 bus
1997 3448 2189 3504 mundi
2213 3449 2521 3517 elementis,
2563 3450 2632 3507 de
2665 3451 2849 3506 calore
2875 3464 2940 3505 ac
2971 3449 3192 3520 frigore,
3238 3447 3306 3504 de
3330 3445 3434 3501 hu-

1852 3555 2009 3598 more
2042 3548 2098 3597 et
2123 3541 2412 3599 siccitate:
2446 3542 2514 3598 de
2540 3542 2773 3613 singulis
2811 3556 3058 3614 agamus.

1923 3649 2188 3706 Videmus
2208 3661 2393 3708 autem
2415 3659 2527 3708 tres
2551 3640 2823 3722 imprimis
2848 3649 3137 3705 facultates
3161 3662 3285 3705 esse
3307 3646 3434 3702 vita!

173 3721 451 3792 δυνάμεις,
498 3717 572 3778 ὧν
611 3726 644 3796 ἡ
678 3725 775 3795 μὲν
801 3726 1081 3782 διαθάλπει
1114 3729 1175 3783 τὸ
1211 3732 1319 3784 πᾶν
1345 3734 1410 3802 τῇ
1436 3732 1747 3804 θερμότητι,

1853 3750 2054 3800 nostrae
2085 3749 2347 3814 tanquam
2394 3717 2749 3799 administras
2777 3761 2789 3797 :
2824 3755 3058 3811 quarum
3108 3756 3229 3810 quae
3256 3737 3434 3810 prima

174 3815 211 3881 ἡ
241 3814 299 3867 δὲ
340 3816 641 3881 ύπονοτίζει
666 3820 731 3889 τῇ
769 3818 954 3889 ἰκμάδι
980 3820 1040 3873 τὸ
1070 3820 1515 3893 θερμαινόμενον,
1564 3824 1640 3887 ὡς
1685 3825 1747 3880 ἂν

1853 3842 1961 3903 est,
1996 3836 2180 3890 calore
2204 3850 2305 3890 suo
2339 3842 2541 3890 cuncta
2580 3834 2765 3891 fovet:
2801 3834 2992 3898 altera,
3034 3832 3182 3903 quod
3234 3843 3435 3886 conca-

175 3908 241 3976 τῇ
280 3906 596 3979 ίσοκρατεία
628 3910 726 3981 τῆς
771 3911 879 3963 τῶν
913 3912 1172 3967 ἐναντίων
1207 3914 1509 3985 ποιότητος,
1533 3918 1623 3969 ἐπὶ
1660 3916 1747 3971 τοῦ

1853 3926 1956 3982 luit
1994 3940 2163 3982 succo
2194 3940 2295 3981 suo
2330 3927 2629 3991 humectat,
2660 3931 2722 3979 ut
2756 3940 2853 3995 per
2876 3923 3202 3994 aequabilem
3257 3919 3436 3992 quali-

180 3998 351 4071 μέσου
387 4001 702 4071 ωντηροῖτο
740 4000 803 4054 τὸ
850 4000 1008 4068 ζῶον,
1072 4004 1212 4074 μήτε
1252 4004 1347 4059 τοῦ
1390 4006 1557 4079 ὑγροῦ
1589 4025 1758 4062 κατα-

176 4092 523 4165 φρυγομένου
570 4091 649 4162 τῷ
703 4092 1025 4165 πλεονασμῷ
1072 4096 1170 4166 τῆς
1214 4096 1565 4170 θερμότητος,
1619 4102 1757 4171 μήτε

176 4179 270 4234 τοῦ
307 4178 513 4251 θερμοῦ
559 4181 916 4252 σϐεννυμένου
958 4186 1026 4255 τῇ
1078 4185 1399 4258 ἐπικρατείᾳ
1444 4186 1538 4240 τοῦ
1590 4189 1759 4242 καθυ-

177 4272 510 4344 γραίνοντος.
556 4273 620 4326 Ἠ
652 4273 710 4326 δὲ
738 4274 895 4345 τρίτη
925 4274 1154 4346 δύναμις
1201 4277 1413 4348 συνέχει
1450 4279 1517 4332 δι’
1561 4281 1760 4350 ἑαυτῆς

178 4362 319 4415 κατά
344 4379 466 4415 τινα
503 4362 776 4434 συμόολήν
819 4380 880 4417 τε
913 4365 1008 4418 καὶ
1058 4364 1325 4436 ἁρμονίαν
1370 4368 1439 4421 τά
1479 4369 1758 4439 διακεκρι-

182 4454 318 4523 μένα
348 4455 459 4508 τῶν
503 4454 721 4525 ἄρθρων
766 4458 877 4519 τοῖς
915 4456 1045 4527 παρ’
1082 4457 1282 4529 εαυτῆς
1311 4459 1626 4531 συνδέσμοις
1660 4463 1762 4533 άρ·

1856 4016 1985 4073 tatis
2022 4016 2079 4071 in
2119 4016 2284 4072 rebus
2315 4016 2737 4072 adversantibus
2772 4015 2877 4071 sibi
2913 4011 3256 4083 temperiem,
3300 4023 3436 4080 qua.

1858 4107 1982 4162 dam
2016 4107 2072 4161 in
2125 4107 2503 4163 mediocritate
2568 4108 2752 4177 ipsum
2811 4103 3016 4160 animal
3054 4108 3434 4166 conservetur,

1859 4199 2092 4254 humore
2142 4214 2242 4269 per
2272 4199 2509 4254 calorem
2571 4198 2803 4254 nimium
2855 4209 3135 4266 nunquam
3185 4198 3437 4255 exsucto,

1861 4306 2041 4361 neque
2079 4298 2273 4345 contra
2323 4281 2514 4355 'calore
2572 4305 2671 4361 per
2696 4290 2805 4343 vim
2843 4288 2999 4342 nimii
3051 4286 3300 4341 humoris
3340 4297 3441 4361 op-

1862 4358 2074 4451 presso.
2108 4378 2294 4435 Tertia
2344 4358 2597 4444 facultas,
2651 4377 2914 4439 articulos
2954 4390 3061 4430 non
3099 4358 3440 4437 cohaerentes

1862 4482 1916 4528 et
1944 4471 2328 4528 interstinctos
2364 4469 2679 4542 ligamentis
2715 4468 2833 4524 suis
2870 4482 2967 4540 per
2994 4463 3445 4521 commissionem

183 4546 446 4619 μόζουσα,
475 4547 568 4599 καὶ
600 4548 763 4600 πᾶσιν
788 4547 1177 4618 ἐπιπέμπουσα
1203 4549 1301 4621 τὴν
1323 4551 1675 4622 αὐτοκίνητόν
1701 4569 1747 4606 τε

1862 4570 1916 4617 et
1939 4562 2280 4617 harmoniam
2309 4567 2556 4615 mutuam
2584 4558 2852 4622 continet,
2918 4556 3315 4628 aptissimeque
3348 4566 3441 4608 co—

180 4638 275 4692 aut
307 4637 690 4710 προαιρετικὴν
714 4638 939 4711 δύναμιν
959 4656 972 4671 ·
1001 4635 1068 4712 ἦς
1094 4641 1499 4714 ἐπιλειπούσης,
1524 4644 1762 4716 πέρατον

181 4729 412 4797 γίνεται,
449 4732 543 4783 καὶ
589 4730 855 4801 νεκρῶδες
894 4731 955 4784 τὸ
998 4732 1181 4802 μέρος,
1232 4730 1325 4786 τοῦ
1372 4734 1758 4806 προαιρετικοῦ

182 4820 494 4890 πνεύματος
528 4820 853 4893 ἀμοιρῆσαν.
898 4822 1114 4876 Μᾶλλον
1146 4824 1203 4877 δὲ
1232 4824 1339 4897 πρὸ
1367 4825 1573 4880 τούτων
1610 4826 1760 4894 ἄξιον

179 4913 513 4982 κατανοῆσαι
559 4910 620 4965 τὸ
656 4912 901 4982 τεχνικὸν
935 4914 1036 4984 τῆς
1084 4914 1296 4982 φύσεως
1328 4916 1487 4987 ήμῶν
1516 4918 1575 4970 ἐν
1619 4919 1757 4989 αὐτῇ

178 5006 245 5075 τῇ
272 5003 604 5077 δημιουργίᾳ
630 5003 724 5057 τοῦ
745 5003 1013 5075 σώματος.
1060 5006 1276 5079 Ἐπειδὴ
1303 5007 1411 5079 γὰρ
1436 5007 1498 5060 τὸ
1528 5008 1761 5079 σκληρόν

178 5110 237 5147 τε
260 5095 359 5148 καὶ
384 5094 677 5149 ἀντίτυπον
700 5094 801 5161 τὰς
826 5095 1149 5167 αίσθητικὰς
1183 5099 1464 5170 ἐνεργείας
1488 5100 1549 5152 ού
1577 5117 1764 5155 κατα·-

180 5184 416 5256 δέχεται,
448 5184 525 5249 ὡς
556 5185 702 5239 ἐστιν
748 5186 874 5240 ἰδεῖν
927 5187 1019 5245 ἐπί
1049 5204 1108 5240 τε
1153 5187 1261 5241 τῶν
1290 5189 1347 5242 ἐν
1382 5190 1514 5259 ήμίν
1538 5189 1761 5253 ὀστέων,

184 5274 400 5328 καὶτῶν
418 5277 477 5328 ὲν
491 5278 558 5347 τῇ
574 5278 645 5348 γῇ
664 5275 866 5346 φυτῶν,
884 5278 942 5331 ὲν
956 5271 1035 5341 οἷς
1052 5278 1197 5349 ζωῆς
1212 5278 1312 5347 μέν
1328 5295 1381 5331 τι
1397 5278 1764 5350 κατανοοῦμεν

184 5360 323 5428 εἶδος
349 5364 405 5417 ἐν
434 5363 512 5435 τῷ
535 5363 720 5431 αὔξειν
737 5365 828 5419 καὶ
859 5364 1175 5436 τρέφεσθαι,
1200 5366 1262 5423 ού
1294 5366 1401 5437 μὴν
1433 5366 1766 5437 παρεδέξατο

184 5458 444 5522 ἐναντίως
474 5459 507 5529 ἡ
530 5456 820 5511 ἀντιτυπία
842 5459 933 5511 τοῦ
960 5458 1318 5528 ὑποκειμένου
1339 5457 1439 5529 τὴν
1477 5458 1729 5531 αἴσθησιν
1748 5476 1762 5491 ·

186 5549 375 5604 τούτου
406 5549 568 5621 χάριν
602 5547 712 5601 ἔδει
728 5547 979 5619 καθάπερ
998 5566 1067 5620 κη
1075 5549 1256 5621 ροειδῆ
1280 5566 1401 5602 τινα
1424 5552 1767 5622 κατασκευὴν

189 5636 510 5709 ὖποτεθῆναι
531 5640 657 5701 ταῖς
683 5636 802 5690 κατ’
840 5636 1091 5706 αἴσθησιν
1113 5636 1437 5707 ἐνεργείαις,
1464 5637 1770 5709 δυναμένην

189 5734 296 5794 τοῖς
351 5730 767 5800 ἀντιληπτικοῖς
814 5727 1007 5792 τύποις
1055 5728 1520 5801 ἐνσφραγισθῆναι
1547 5769 1561 5795 ,
1626 5733 1766 5802 μήτε

195 5823 558 5896 συγχεομένην
601 5821 669 5874 δι’
713 5819 1157 5892 ὑπερϐαλλούσης
1193 5821 1522 5892 ὑγρότητος·
1568 5824 1629 5876 ού
1662 5824 1767 5895 γὰρ

1865 4653 2037 4724 pulat,
2069 4659 2123 4709 et
2149 4651 2403 4708 omnibus
2453 4650 2592 4705 indit
2623 4650 2733 4705 vim
2780 4647 3071 4718 quamdam
3121 4655 3316 4717 sponte
3343 4660 3445 4701 sua

1867 4756 1926 4798 se
1959 4740 2249 4797 movendi:
2296 4754 2419 4811 quae
2472 4740 2518 4796 si
2567 4738 2870 4803 amittatur,
2922 4737 3229 4793 membrum
3277 4736 3443 4790 etiam

1866 4824 2015 4880 velut
2052 4830 2360 4879 emortuum
2391 4822 2659 4878 exsistere
2681 4835 2907 4876 necesse
2925 4826 3032 4884 est,
3062 4834 3092 4873 a
3129 4828 3323 4890 sponte
3346 4832 3447 4873 sua

1870 4921 2126 4969 movente
2178 4913 2356 4984 ipsum
2386 4913 2583 4983 spiritu
2617 4910 2964 4967 destitutum.
3023 4907 3209 4964 Fuerit
3265 4921 3449 4978 opera:

1868 5005 2106 5075 pretium
2158 5003 2263 5057 boc
2312 5003 2433 5059 loco
2482 5012 2692 5058 naturae
2747 5000 3041 5056 artificium
3091 5000 3147 5055 in
3199 4998 3450 5069 corporis

1870 5098 2147 5152 creatione
2174 5095 2545 5151 considerare.
2580 5084 2716 5151 Nam
2755 5111 2881 5151 cum
2911 5109 2975 5151 ea
3017 5109 3138 5164 quae
3160 5092 3295 5147 dura
3320 5090 3450 5146 soli-

1872 5188 2048 5259 daque
2073 5199 2224 5255 sunt,
2249 5203 2447 5243 sensus
2474 5188 2723 5243 actiones
2782 5187 2964 5243 nullas
3022 5183 3332 5246 admittant,
3389 5187 3451 5233 ut

1873 5289 1958 5337 est
1990 5280 2179 5336 videre
2204 5282 2260 5335 in
2281 5280 2529 5349 corporis
2560 5280 2735 5335 nostri
2761 5279 3074 5340 ossibus,et
3103 5282 3261 5329 terrae
3293 5273 3449 5343 plan-

1875 5372 1964 5438 tis,
1999 5371 2053 5425 in
2086 5370 2288 5441 quibus
2320 5386 2445 5426 esse
2469 5371 2596 5424 vita:
2620 5371 2866 5440 quaedam
2894 5367 3106 5438 species
3127 5364 3260 5419 satis
3288 5363 3450 5419 intel-

1875 5463 2063 5533 ligitur
2090 5478 2154 5517 ex
2192 5477 2257 5517 eo
2286 5461 2431 5532 quod
2452 5468 2506 5516 et
2529 5465 2853 5516 accrescunt
2878 5464 2931 5512 et
2952 5455 3290 5516 nutriuntur,
3322 5466 3446 5508 cum

1877 5551 2051 5608 solida
2083 5552 2327 5622 ipsorum
2373 5550 2606 5606 durities
2640 5562 2860 5605 sensum
2901 5560 3010 5601 non
3063 5542 3316 5614 recipiat,
3360 5540 3449 5596 id-

1878 5644 2026 5697 circo
2046 5656 2271 5698 necesse
2299 5650 2417 5698 erat
2437 5641 2709 5710 quoddam
2738 5639 2896 5708 quasi
2925 5651 3147 5693 cereum
3169 5633 3449 5706 opificium

1879 5749 2139 5791 sensuum
2173 5733 2478 5794 actionibus
2508 5731 2729 5800 subjici,
2764 5729 2909 5800 quod
2964 5734 3154 5799 posset
3202 5722 3450 5781 cedendo

1879 5827 2025 5884 velut
2056 5828 2350 5896 impressas
2380 5830 2541 5881 notas
2572 5823 2837 5894 recipere,
2871 5822 2952 5881 sic
3000 5828 3060 5875 ut
3119 5818 3190 5875 ob
3223 5816 3449 5873 nimiam
