3890 6350
153 411 242 468 Ξὸδ
1368 419 1453 472 DE
1494 419 1689 474 "0le

1868 420 2039 477 PlFlC
2050 422 2133 479 10.
3294 426 3404 481 246

153 524 375 595 ψύχεται,
406 524 496 579 διὰ
552 522 706 579 τοῦτο
757 528 848 580 καὶ
882 528 940 580 ἐν
992 527 1070 599 τῷ
1106 528 1292 601 θερμῷ
1337 532 1432 602 τὴν
1467 532 1689 605 ζωτικὴη

1862 534 1958 590 rod
1975 540 2287 590 emortuum
2322 543 2424 601 est,
2476 533 2734 606 occupari
2766 549 2797 589 a
2828 534 3033 607 frigore
3088 534 3398 601 videamus.

155 617 309 671 αἰτίαν
325 618 748 689 κατενοήσαμεν.
781 611 855 672 Οὗ
890 619 997 691 γὰρ
1029 621 1430 687 ἐπιλελοιπότος
1465 627 1691 696 ἡνεκρό

1870 626 2018 681 circo
2039 627 2200 680 etiam
2256 625 2311 681 in
2342 628 2525 683 calore
2564 642 2788 682 causam
2820 627 3114 698 quamdam
3180 626 3403 683 vivendi

154 727 238 780 της
269 708 716 781 ἐπηκολούθησεν,
748 712 959 783 ἀνάγκη
998 716 1147 766 πᾶσα
1174 718 1239 786 τῇ
1280 718 1552 788 παρουσίᾳ
1576 719 1690 772 τού-ι

1862 714 2088 768 mimus.
2118 712 2238 780 Quo
2274 715 2419 770 enim
2447 716 2650 771 amisso
2674 716 2986 772 mortalitas
3017 720 3398 786 consequitur,

153 817 232 853 του
250 800 558 855 συνεστάναι
589 803 647 855 τὸ
664 803 797 867 ζῶον
818 805 1212 875 ὁμολογεῖσθαι.
1248 809 1358 881 Τῆς
1375 810 1430 862 δὲ
1451 813 1689 882 τοιαύτης

1864 853 1866 857 ,
1895 805 2135 873 quandiu
2162 807 2322 861 nobis
2357 806 2628 878 integrum
2657 816 2763 873 est,
2800 808 2936 861 nihil
2958 807 3210 862 accidere
3236 823 3400 878 posse

152 891 403 961 δυνάμεως
435 886 543 945 οἷον
575 894 758 964 πηγήν
807 913 929 949 τινα
985 898 1079 950 καὶ
1123 900 1298 970 ἀρχὴν
1338 900 1436 971 τὴν
1476 904 1688 974 καρδίαε

1869 906 1933 951 tae
1958 895 2293 963 detrimenti,
2326 899 2641 954 necessario
2676 899 2978 971 colligitur.
3006 897 3185 969 Hujus
3218 899 3398 955 facul-

154 984 553 1053 κατενοῆσαμεν,
594 985 687 1052 ἀφ’
738 978 804 1056 ἦς
850 986 1144 1052 αὐλοειδεῖς
1180 990 1338 1061 πόροι
1373 992 1690 1064 πολυσχιδῶς

1862 989 1942 1045 itis
1984 1003 2081 1043 cor
2140 997 2224 1043 est
2250 990 2412 1060 quasi
2460 989 2683 1060 quidam
2731 989 2855 1047 fons
2893 997 2948 1046 et
2983 990 3336 1061 principium,
3368 1007 3398 1046 a

153 1070 289 1134 ἄλλος
342 1072 399 1137 ἐξ
448 1073 608 1126 ἄλλου
657 1076 1024 1148 διαφυόμενοι,
1075 1082 1237 1134 παντὶ
1279 1081 1358 1152 τῷ
1395 1083 1607 1154 σώματι
1648 1087 1689 1139 τε

1858 1092 1918 1131 uo
1943 1090 2155 1135 meatus
2177 1080 2279 1133 orti
2310 1080 2623 1135 consimiles
2654 1080 2828 1147 tibiis,
2860 1080 3237 1150 multipliciter
3268 1082 3394 1136 aliis

154 1160 375 1229 πυρῶδες
415 1164 507 1215 καὶ
556 1164 756 1235 θερμὸν
813 1168 1085 1238 διαχέουσι
1146 1170 1383 1243 πνεῦμα.
1449 1176 1603 1229 Ἐπεὶ
1650 1178 1690 1231 δὲ

1867 1168 1949 1223 ios
1979 1171 2432 1239 propagantibus,
2466 1186 2564 1241 per
2609 1185 2811 1241 corpus
2838 1172 3157 1227 universum
3207 1171 3398 1243 igneos

154 1248 343 1311 πάντως
373 1251 464 1303 καὶ
486 1252 689 1322 τροφὴν
717 1253 823 1307 ἔδει
851 1256 971 1309 τινά
1008 1255 1085 1327 τῷ
1113 1257 1302 1331 θερμῷ
1340 1268 1684 1336 συμπαρεῖνα

1862 1258 2128 1329 tlidosque
2147 1261 2374 1330 spiritus
2395 1261 2727 1317 diil'undunt.
2752 1261 3001 1333 Cumque
3024 1263 3398 1318 necessarium

153 1339 284 1409 παρὰ
313 1342 408 1409 τῆς
447 1342 661 1411 φύσεως
686 1361 696 1372 ·
729 1348 790 1398 ού
816 1347 923 1418 γάρ
948 1348 1221 1419 ἐνδέχεται
1259 1351 1318 1404 τὸ
1341 1353 1451 1423 πῦρ
1479 1356 1561 1422 ἐφ’
1584 1357 1689 1408 ἐαυ-

1862 1361 1950 1407 ιτοι
1975 1361 2033 1407 ιιι
2060 1364 2383 1424 perpetuum
2408 1355 2582 1411 calori
2608 1354 2925 1410 alimentum
2950 1355 3342 1427 adjungeretur
3369 1371 3398 1409 a

151 1427 236 1481 τοῦ
286 1431 481 1500 μένειν,
538 1434 612 1504 μὴ
674 1434 762 1487 διὰ
800 1436 893 1488 τοῦ
948 1440 1283 1511 καταλλήλου
1327 1445 1660 1515 τρεφόμενον

1864 1452 2026 1509 itura,
2060 1444 2280 1513 quando
2309 1444 2450 1515 ignis
2472 1460 2569 1515 per
2603 1461 2663 1501 se
2682 1445 2883 1500 durare
2915 1446 3128 1516 nequit,
3162 1446 3208 1499 si
3241 1460 3271 1499 a
3295 1463 3400 1500 nu-

150 1517 226 1572 διὰ
253 1521 398 1575 τοῦτο
428 1523 477 1575 οἱ
511 1523 603 1576 τοῦ
650 1525 883 1596 αἵματος
914 1529 1114 1599 ὀχετοὶ,
1143 1532 1394 1606 καθάπερ
1420 1535 1484 1588 ἐκ
1524 1539 1686 1610 πηγῆς

1864 1536 2065 1591 imento
2094 1538 2197 1591 sibi
2222 1539 2583 1594 conveniente
2625 1538 2979 1604 destituatur,
3027 1538 3245 1619 idcirco.
3272 1554 3400 1594 san-

149 1627 276 1675 τινος
295 1612 383 1666 τού
410 1614 618 1685 ἥπατος
667 1619 1075 1690 ἀφορμηθέντες
1119 1622 1197 1693 τῷ
1226 1623 1409 1696 θερμῷ
1436 1628 1682 1700 πνεύματ

1857 1625 1988 1679 linis
2009 1625 2112 1679 rivi
2143 1623 2209 1682 de
2233 1626 2478 1695 jecinore
2497 1627 2655 1697 quasi
2681 1625 2832 1682 fonte
2869 1626 3109 1697 quodam
3139 1614 3393 1696 profecti.

151 1704 371 1773 πανταχῆ
416 1705 558 1758 κατά
580 1706 638 1759 τὸ
675 1707 831 1777 σῶμα
861 1713 1387 1784 συμπαροδεύουσιν,
1418 1718 1494 1782 ὡς
1532 1720 1598 1773 ἂν
1633 1721 1687 1791 μί

1868 1724 1922 1771 to
1969 1733 2196 1789 corpore
2241 1719 2421 1774 calido
2480 1719 2703 1789 spiritui
2751 1720 2984 1775 comites
3047 1726 3199 1784 sunt,
3231 1735 3300 1774 ne
3352 1720 3398 1775 si

152 1791 365 1857 μονωθὲν
396 1791 487 1843 ruﬁ
519 1793 703 1864 ἐτέρου
740 1796 799 1849 τὸ
829 1797 1037 1869 ἕτερον,
1078 1802 1368 1880 διαφθείρῃ
1389 1807 1486 1879 τὴν
1517 1810 1681 1878 φύσιν

1867 1818 2039 1864 terum
2069 1811 2137 1867 ab
2163 1814 2336 1866 altero
2365 1811 2735 1875 desereretur,
2782 1811 2977 1866 morbo
3006 1818 3264 1882 correpta
3297 1826 3396 1866 na-

150 1878 299 1942 πάθος
325 1884 628 1951 γενόμενον.
667 1887 974 1943 Παιδευέτω
995 1891 1152 1946 τοῦτο
1180 1896 1307 1957 τοὺς
1333 1878 1686 1965 ἀτακτοῦντας

1862 1916 1929 1954 :ra
1964 1902 2236 1957 interiret.
2262 1903 2337 1958 De
2368 1920 2477 1974 quo
2509 1903 2743 1974 injustos
2777 1902 3029 1959 homines
3056 1911 3111 1960 et
3160 1905 3398 1974 inaequa-

150 1967 259 2036 περὶ
300 1968 355 2020 τὸ
400 1965 537 2033 ἴσον,
576 1971 920 2043 διδαχθέντας
953 1980 1101 2049 παρά
1151 1983 1250 2053 τῆς
1291 1985 1526 2054 φύσεως,
1567 1990 1686 2043 ὅτιὶ

1859 1999 2010 2045 ;atem
2092 1994 2500 2048 committentes
2545 1995 2650 2048 hoc
2722 2010 2920 2065 capere
3000 1994 3395 2050 admonitionis

148 2054 398 2123 πλεονεξία
450 2059 769 2130 φθοροποιόν
809 2083 862 2119 τι
916 2068 1086 2134 πάθος
1134 2072 1303 2128 ἐστίν.
1346 2077 1483 2130 Ἀλλ’
1517 2080 1684 2137 ἐπειδὶ

1857 2090 2038 2147 )ortet,
2081 2091 2138 2137 ut
2187 2099 2216 2138 a
2269 2092 2463 2139 natura
2521 2084 2737 2140 discant
2804 2085 3091 2140 avaritiam
3141 2086 3393 2141 morbum

150 2148 287 2216 μόνον
318 2152 610 2223 ἀπροσδεές
643 2156 757 2209 ἐστι
786 2158 846 2210 τὸ
866 2158 1049 2226 Θεῖον,
1073 2164 1105 2233 ἡ
1133 2164 1189 2218 δὲ
1207 2166 1521 2242 ἀνθρωπίνη
1556 2193 1674 2231 πτω

1856 2187 1944 2235 sse,
1974 2174 2065 2242 qui
2098 2174 2223 2229 aliis
2253 2174 2530 2229 interitum
2555 2174 2764 2230 aﬂ‘erat.
2800 2175 2907 2230 Sed
2953 2176 3097 2231 enim
3132 2176 3249 2232 sola
3293 2176 3392 2231 Dei

146 2241 250 2307 χεία
278 2243 378 2295 τῶν
406 2245 606 2310 ἔξωθεν
630 2251 763 2321 πρὸς
808 2251 904 2323 τὴν
941 2254 1078 2309 ίδίαν
1111 2259 1371 2315 σύστασιν
1402 2266 1677 2323 ἐπιδέεται

1857 2273 1997 2317 itura
2043 2280 2165 2319 cum
2218 2266 2364 2319 nulla
2393 2282 2451 2320 re
2476 2267 2739 2337 indigeat,
2770 2269 3048 2322 hominum
3086 2268 3271 2338 inopia
3304 2283 3393 2323 res

144 2327 218 2380 διὰ
244 2330 389 2385 τοῦτο
416 2338 537 2398 ταῖς
560 2338 708 2407 τρισὶ
738 2340 964 2404 ταύταις
992 2343 1273 2414 δυνάμεσι,
1299 2350 1364 2402 δι’
1396 2346 1470 2406 ὧν
1496 2354 1680 2426 ἔφαμει

1859 2365 2059 2411 ιιοινηοε
2116 2356 2183 2411 ad
2238 2373 2298 2413 se
2339 2359 2758 2414 sustentandum
2809 2360 3122 2414 necessario
3180 2359 3395 2415 deside—

144 2416 271 2471 ἆπαν
323 2425 719 2494 οἰκονομεῖσθαι
776 2430 835 2481 τὸ
893 2432 1054 2502 σῶμα
1090 2475 1102 2496 ,
1161 2439 1454 2510 ἐπίρρυτον
1505 2416 1680 2510 ἕξιόθει

1858 2456 1961 2501 inte
2008 2467 2019 2500 :
2058 2446 2266 2502 idcirco
2298 2449 2475 2504 tribus
2519 2449 2671 2503 hisce
2718 2449 3075 2506 facultatibus
3111 2451 3291 2506 locum
3339 2452 3394 2506 in

144 2509 399 2612 ἐπεισάγει
426 2515 525 2586 τὴν
545 2515 697 2588 ὓλην,
732 2516 1004 2593 διαφόροις
1031 2509 1266 2592 εἰσόδοις
1288 2532 1348 2584 τὸ
1372 2536 1680 2609 κατάλληλοι

1861 2539 2160 2595 ὠρνηιιηόο
2186 2556 2419 2611 corpore
2452 2542 2756 2612 principem
2774 2542 3167 2607 obtinentibus,
3195 2543 3396 2598 extrin-

143 2601 311 2666 αὑταῖς
344 2607 725 2672 είσοικίζουσα.
766 2612 842 2682 Τῇ
879 2612 977 2682 μὲν
1016 2617 1125 2688 γὰρ
1152 2624 1301 2693 πηγῇ
1325 2623 1414 2677 τοῦ
1448 2601 1678 2697 αἵματος

1857 2645 1965 2684 rcus
2016 2632 2275 2687 materies
2302 2631 2713 2686 accommodata
2752 2632 2978 2703 singulis
3026 2650 3125 2703 per
3147 2634 3393 2689 diversos

141 2691 271 2796 ᾔτιῆς
314 2698 371 2749 τὸ
412 2694 568 2771 ἧπάρ
589 2703 722 2766 ἐστι,
756 2704 855 2775 τὴν
890 2707 979 2759 διὰ
1028 2711 1127 2779 τῆς
1177 2691 1386 2784 τροφῆς
1438 2691 1677 2790 χορηγία

1855 2722 1985 2777 litus
2033 2725 2350 2778 arcessitur.
2408 2724 2542 2778 Nam
2596 2723 2856 2791 jecinori,
2909 2726 3056 2796 quod
3107 2726 3391 2795 sanguinis

142 2781 376 2877 ὑπέθηκε.
396 2790 470 2842 Τὸ
485 2791 591 2861 γὰρ
608 2794 1030 2865 ἐπεισαγόμενον
1052 2801 1137 2853 ἀεὶ
1151 2802 1238 2856 διὰ
1258 2781 1476 2877 ταύτης,
1495 2781 1678 2873 τὰς’τοὲ

1856 2829 1928 2867 sse
1983 2812 2185 2867 fontem
2228 2816 2494 2876 diximus,
2524 2818 2767 2872 alimenti
2799 2823 2883 2872 est
2927 2816 3186 2870 mandata
3219 2816 3392 2870 admi-

140 2874 349 2946 αἵματος
370 2881 553 2951 πηγάς
573 2882 756 2955 βρύειν
781 2885 867 2939 διά
884 2888 978 2941 τοῦ
1020 2891 1230 2960 ἥπατος
1269 2902 1676 2968 παρασκευάζει

1854 2906 2084 2960 istratio.
2122 2906 2278 2972 Quod
2330 2910 2475 2961 cutim
2531 2909 2811 2963 nutriendi
2855 2909 3030 2964 nostri
3067 2924 3232 2965 causa
3265 2926 3390 2977 per-

141 2965 369 3069 ἰιαθάπερ
400 2973 433 3043 ή
480 2974 573 3027 ἐπὶ
598 2976 690 3029 τοῦ
717 2978 876 3048 ὅρους
907 2979 1038 3051 χιὼν
1062 2983 1147 3036 διὰ
1176 2986 1277 3055 τῆς
1296 2965 1498 3055 οίκείας
1536 2965 1672 3065 ίκμά

1855 3004 1966 3049 3tuo
2001 2997 2287 3067 ingeritur,
2317 2999 2585 3069 jecinoris
2620 3000 2937 3068 adjumento
2973 3000 3124 3068 facit,
3163 3008 3221 3055 ut
3257 3017 3391 3058 con-

138 3055 214 3160 δος
231 3060 478 3160 τὰς-κατά
606 3068 879 3139 ὑπώρειαν
896 3071 1046 3137 αὔξει
1062 3077 1264 3146 πηγὰς,
1289 3080 1378 3133 διὰ
1392 3083 1484 3136 τοῦ
1504 3055 1669 3153 βάθου

1854 3103 1957 3142 nuo
1986 3091 2269 3160 sanguinis
2319 3093 2420 3145 rivi
2476 3092 2666 3146 ﬂuant.
2701 3094 3176 3158 Quemadmodum
3211 3093 3390 3147 nivem

139 3148 189 3198 τὸ
216 3151 404 3207 οίκείον
454 3157 619 3227 ὑγρὸν
658 3161 749 3213 ἐπὶ
786 3162 884 3226 τὰς
912 3163 1061 3218 κάτω
1084 3166 1286 3235 φλέϐας
1324 3174 1675 3232 συνθλίϐουσα

191 3239 255 3270 Τλ
302 3243 352 3270 :1.
389 3245 675 3270 2....-.’._':.-..
725 3247 855 3270 __.-,-r
914 3268 933 3270 η
999 3254 1023 3270 ι.
1059 3254 1070 3270 ι
1195 3256 1219 3267 .-
1319 3258 1331 3270 .
1510 3262 1522 3270 .

1853 3188 2118 3234 ιοηιοηοιη
2180 3182 2429 3238 videmus
2484 3184 2711 3239 humore
2757 3200 2858 3240 suo
2887 3184 3165 3255 subjectos
3214 3183 3389 3240 fontes

191 3239 257 3291 Τὸ
300 3243 353 3294 δὲ
388 3245 676 3316 ἐγκάρδιον
721 3247 937 3321 πνεῦμα
994 3254 1083 3307 διὰ
1126 3256 1222 3310 τοῦ
1243 3258 1485 3328 γείτονος
1507 3262 1699 3317 ἐπεισ-

1854 3286 2019 3341 igere,
2075 3282 2394 3343 penetrante
2435 3277 2528 3331 illo
2578 3277 2838 3332 deorsum
2889 3276 2957 3331 ad
3017 3277 3166 3346 ipsas
3219 3291 3390 3347 usque

134 3332 305 3396 ἀτίται
377 3339 688 3409 σπλάγχνου
752 3379 766 3404 ,
824 3340 853 3392 ὂ
923 3342 1169 3399 καλεῖται
1234 3348 1332 3418 μὲν
1417 3355 1670 3427 πνεύμων

752 3379 766 3404 ,
824 3340 853 3392 ὂ
923 3342 1169 3399 καλεῖται
1234 3348 1332 3418 μὲν
1417 3355 1695 3427 πνεύμων,
1800 3358 2038 3414 fontium
2070 3378 2255 3417 venas.

137 3416 238 3516 ἐστὶ
404 3424 500 3476 τοῦ
562 3426 723 3499 ἀέρος
776 3428 1004 3502 δοχεῖον,
1061 3434 1152 3489 διὰ
1223 3416 1325 3509 τῆς
1374 3416 1673 3518 ἐγκειμένη

1872 3451 2073 3507 Deinde
2104 3468 2197 3507 aer
2229 3455 2391 3507 etiam
2428 3456 2578 3535 cordi
2610 3457 2772 3512 vicini
2804 3459 3028 3514 visceris
3062 3473 3162 3529 ope
3194 3472 3390 3528 sugge-

137 3508 380 3613 ἀρτηρίας
433 3517 537 3586 τῆς
593 3519 687 3572 ἐπὶ
731 3520 790 3573 τὸ
841 3523 1015 3595 στόμα
1049 3508 1361 3603 διηκούσης,
1401 3508 1463 3587 τὸ
1500 3508 1673 3600 ἔξωοέ,

2440 3508 2509 3535 Γ
2572 3508 2575 3509 ,
2813 3508 3027 3514 ﬂ"---
3068 3508 3160 3529 Ἰ,
3194 3508 3360 3528 που-

1853 3551 1964 3609 tur;
1997 3546 2045 3598 ei
2078 3561 2279 3600 nomen
2314 3555 2398 3604 est
2425 3550 2610 3617 pulmo
2644 3569 2655 3604 :
2709 3552 3012 3606 membrum
3045 3552 3220 3621 ipsum
3246 3552 3389 3609 aeris

136 3602 337 3674 πνεῦμα
371 3611 494 3672 ταῖς
549 3611 847 3678 ἀναπνοαῖς
906 3616 1284 3690 ἐφελκόμενον.
1329 3619 1398 3693 ᾯ
1447 3629 1585 3681 κατὰ
1639 3648 1672 3682 τι

1847 3643 1883 3689 ιι
1915 3638 2339 3706 receptaculum,
2365 3643 2511 3710 quod
2544 3658 2637 3710 per
2669 3643 2929 3696 insertam
2960 3643 3067 3698 sibi
3102 3643 3383 3708 arteriam,

138 3691 286 3794 μέσον
315 3699 345 3767 ἡ
376 3701 572 3771 καρδία
605 3704 991 3779 ἐνειλημμένη,
1034 3711 1175 3765 κατά
1210 3691 1443 3785 μίμησιν
1475 3718 1570 3789 τῆς
1600 3720 1674 3773 τοί

2041 3691 2053 3706 .
2326 3691 2339 3704 ,
2374 3691 2511 3710 ι--η
2544 3691 2627 3710 rw
2960 3691 3067 3698 ----
3105 3691 3384 3708 --η-η--ν

1851 3726 1865 3778 l
1900 3742 1963 3781 os
2002 3728 2385 3798 pertinentem,
2444 3731 2695 3799 spiritum
2750 3740 3038 3786 externum
3073 3747 3170 3802 per
3210 3731 3387 3800 respi-

134 3784 423 3860 ἀεικινήτου
474 3795 646 3894 πυρὸς
691 3800 989 3871 ἐνεργείας,
1031 3784 1387 3871 ἀδιαλείπτώς
1418 3784 1670 3866 καὶ-αύτέ

1849 3819 2035 3874 ιιὶοιιθε
2073 3820 2362 3876 continuas
2400 3822 2599 3877 haurit.
2660 3823 2835 3894 Hujus
2899 3824 2954 3878 in
2995 3830 3149 3893 parte
3209 3822 3385 3878 media

134 3882 426 3951 κινουμένη,
445 3880 556 3939 οἷόν
576 3906 626 3941 τι
648 3891 891 3945 ποιοῦσιν
907 3894 964 3947 ἐν
988 3896 1101 3959 τοῖς
1122 3897 1396 3966 χαλκείοις
1418 3904 1473 3954 αἱ
1502 3903 1668 3972 φύσαι

1850 3925 1892 3962 »ι’
1917 3913 2247 3979 continetur,
2281 3914 2427 3983 quod
2478 3915 2654 3986 ipsum
2700 3933 2916 3987 quoque
2949 3916 3066 3971 sine
3100 3914 3386 3970 intermis-

132 3968 261 4024 ἕλκει
295 3992 352 4027 τε
394 3979 529 4048 πρὸς
558 3981 752 4051 ἑαυτὴν
786 3985 849 4037 ἐκ
880 3985 973 4038 τοῦ
1007 3991 1413 4060 παρακειμένου
1452 3996 1664 4067 πνεύμο

2236 3968 2314 3983 ..
2708 3968 2753 3987 τ
2818 3968 2911 3987 γ-
2949 3968 3062 3971 --η
3102 3968 3205 3969 ν
3337 3968 3349 3970 _

1852 4016 1955 4056 one
1984 4009 2258 4071 movetur,
2295 4005 2462 4076 inque
2485 4007 2587 4060 hoc
2636 4007 2779 4078 ignis
2813 4022 3091 4078 nunquam
3127 4020 3237 4059 non
3268 4020 3386 4061 mo-

133 4077 209 4124 νῡς
240 4065 520 4138 πληροῦσα
559 4076 623 4144 τῇ
684 4076 933 4149 διαστολῇ
985 4078 1082 4144 τὰς
1132 4083 1471 4155 κοιλότητας,
1520 4065 1612 4142 καί
1635 4109 1669 4143 τ‹

1848 4095 1925 4149 llis
1956 4105 2208 4152 naturam
2264 4100 2528 4154 imitatur.
2565 4099 2699 4154 Nam
2733 4101 2906 4155 instar
2936 4102 3143 4155 follium
3182 4101 3384 4172 quibus

133 4156 358 4257 πμρῶδες
388 4162 589 4235 ἑαυτῆς
606 4168 983 4237 ἐκριπίζουσα,
1023 4174 1143 4236 ταῖς
1187 4175 1476 4245 ἐχομέναις
1534 4181 1669 4254 ἀρτη

1849 4209 1855 4242 l
1888 4187 2119 4246 ofﬁcinis
2146 4192 2263 4247 suis
2294 4199 2524 4247 utuntur
2562 4192 2724 4257 fabri,
2759 4208 2977 4263 semper
3005 4208 3186 4249 aerem
3213 4199 3385 4248 attra-

133 4245 261 4312 ρίαις
308 4253 524 4320 ἐμπνεί.
572 4256 682 4309 Καὶ
717 4259 875 4313 τοῦτο
934 4260 1164 4316 ποιοῦσα
1212 4266 1270 4318 οὐ
1306 4266 1593 4337 διαλείπει,
1635 4291 1669 4326 τι

1846 4279 1946 4334 ite
2002 4275 2185 4337 vicino
2234 4285 2510 4353 pulmone,
2564 4294 2859 4354 partesque
2910 4299 3182 4340 concavas
3219 4284 3382 4339 didu-

132 4336 220 4401 μὲν
241 4340 437 4405 ἔξωθεν
455 4346 543 4399 διὰ
584 4350 683 4418 τῆς
715 4350 1003 4423 διαστολῆς
1035 4357 1115 4419 εἰς
1143 4354 1241 4420 τὰς
1274 4358 1409 4424 ἰδίας
1443 4362 1660 4436 κοιλότη

1843 4372 1977 4428 .ione
2038 4376 2230 4444 replet,
2267 4391 2331 4430 ac
2359 4377 2504 4445 quod
2563 4378 2779 4447 igneum
2832 4385 2915 4431 est
2957 4376 3008 4429 in
3048 4375 3168 4445 ipso
3215 4374 3379 4439 emat,

127 4442 213 4489 τας
236 4431 490 4501 ἕλκουσα,
524 4439 583 4490 τὸ
615 4439 670 4493 δὲ
695 4442 823 4511 παρ’
850 4443 1048 4515 ἑαυτῆς
1080 4445 1170 4500 διὰ
1194 4447 1293 4518 τῆς
1320 4431 1663 4520 συμπτώσεῷ

1842 4480 1962 4534 tque
1988 4466 2277 4535 adjunctas
2325 4469 2555 4523 arterias
2587 4470 2851 4523 excernit.
2882 4466 2997 4522 [Ioc
3056 4466 3191 4522 adeo
3230 4484 3378 4522 nun-

125 4523 235 4623 ταῖς
274 4527 568 4599 ἀρτηρίαις
611 4533 978 4603 εἰσκρίνουσα.
1015 4536 1083 4590 Ὅ
1137 4555 1229 4608 μοι
1260 4541 1408 4596 δοκεῖ
1452 4548 1545 4616 καὶ
1592 4549 1657 4619 τῆ

1845 4570 1959 4609 iam
1993 4573 2104 4623 nun
2153 4559 2282 4627 agit,
2320 4560 2465 4614 aliud
2500 4560 2846 4615 extrinsecus
2882 4574 2976 4630 per
3009 4548 3381 4614 diductionem

126 4610 417 4681 αὐτομάτου
469 4619 674 4689 ταύτης
719 4623 990 4695 ἀναπνοῆς
1036 4625 1207 4680 αίτιον
1247 4630 1380 4701 ἡμῖν
1422 4610 1662 4701 γίνεσθαί

126 4699 163 4718 η
192 4702 237 4718 ς,
267 4704 279 4718 .
456 4708 467 4718 .
556 4712 568 4718 -
657 4712 666 4718 .
796 4713 820 4718 η
894 4714 915 4718 μ
1072 4716 1080 4718 ν

2090 4618 2096 4623 .
2268 4610 2282 4624 ι
2507 4610 2842 4615 τμη---νη
2882 4610 2967 4630 τ--

1848 4645 1884 4699 ti
1912 4646 2161 4715 proprias
2187 4647 2240 4700 in
2270 4647 2562 4718 capedines
2586 4648 2934 4716 attrahendo,
2964 4646 3112 4702 aliud
3138 4663 3168 4701 a
3196 4663 3255 4703 se
3286 4664 3384 4718 per

126 4699 377 4810 partem;
406 4708 517 4779 γὰρ
545 4712 574 4763 ό
614 4712 712 4782 μὲν
732 4713 856 4776 νοῦς
886 4714 1114 4785 ἄσχολός
1144 4720 1260 4772 ἐστι
1294 4699 1443 4792 πρὸς
1470 4726 1659 4797 ἑτέρου

1847 4738 2267 4806 impressionem
2329 4740 2381 4791 in
2437 4740 2667 4794 arterias
2719 4738 3087 4795 excernenda.
3146 4738 3207 4793 In
3274 4756 3383 4810 quo

122 4791 270 4896 ἧριαὶ
304 4802 660 4873 παντάπασιν
695 4806 914 4876 ἠρεμεῖ,
945 4806 1194 4873 λυθέντος
1221 4813 1278 4864 ἐν
1304 4791 1380 4883 τῷ
1412 4791 1575 4888 ὕπνῳ’
1594 4836 1656 4872 το

1854 4827 1925 4881 ibi
1959 4829 2177 4897 quidem
2210 4830 2591 4902 respirationis
2629 4832 2793 4886 etiam
2825 4832 3102 4886 continuae
3131 4829 3187 4884 in
3221 4830 3384 4884 nobis

123 4882 380 4992 ῗιῦμικτος,
405 4894 438 4962 ἡ
463 4892 519 4944 δὲ
554 4895 796 4967 ἀναπνοὴ
841 4897 936 4951 τοῦ
978 4900 1138 4969 ἀέρος
1166 4902 1227 4953 ού
1250 4882 1547 4973 διαλείπει,
1567 4911 1659 4981 μηί

1846 4935 1920 4975 ςεε
1964 4922 2141 4989 posita
2197 4937 2366 4979 causa
2412 4924 2647 4979 videtur.
2706 4921 2839 4976 Nam
2912 4938 3067 4978 mens
3119 4936 3263 4992 saepe
3290 4919 3382 4976 dat

119 4970 285 5031 ὁτιοῦν
317 4985 690 5055 συνεργούσης
715 4990 792 5049 εἰς
816 4988 973 5041 τοῦτο
996 4991 1095 5061 τῆς
1118 4997 1509 5065 προαιρέσεως.
1567 4970 1579 4981 ’
1628 4970 1639 4981 ’

1842 4970 1916 4975 μη
1964 4970 2141 4989 rm-“
2203 4970 2366 4979 πη--
2422 4970 2647 4979 mw-.."
2913 4970 3066 4978 __--_-_
3119 4970 3260 4992 ,ηρ
3306 4970 3378 4976 η,

1842 5012 1922 5067 liis
1980 5015 2137 5082 quasi
2196 5031 2442 5085 operam,
2497 5017 2583 5071 vel
2626 5031 2853 5087 prorsus
2897 5016 3062 5070 etiam
3122 5012 3378 5084 quiescit,

118 5080 301 5176 ξοῐηηο
354 5086 560 5174 (ξοτρυε
583 5085 905 5146 οοουρίιηιο,
959 5094 1083 5133 cum
1118 5082 1342 5139 minime
1372 5089 1662 5158 respiratio
1696 5080 2099 5168 intermittitur,
2135 5080 2349 5160 etiamsi
2392 5080 2494 5161 nos
2547 5080 2687 5160 hanc
2750 5105 2900 5161 nullo
2951 5112 3111 5176 pacto
3169 5099 3382 5158 edicere

119 5155 536 5217 decreverimus.

180 5245 344 5319 Οἶμαι
389 5254 520 5323 γὰρ,
565 5255 753 5327 ἐπειδὴ
800 5262 1182 5333 περιείληπται
1237 5263 1316 5335 τῷ
1354 5269 1615 5339 πνεύμονι
1655 5275 1688 5344 ἡ

1862 5275 1973 5347 Ego
2023 5279 2103 5332 sic
2145 5280 2404 5349 arbitror,
2454 5299 2549 5338 cor
2580 5285 2781 5355 ipsum,
2817 5286 2963 5357 quod
3008 5286 3194 5357 pulmo
3228 5300 3378 5342 com-

118 5344 324 5410 καρδία,
366 5347 462 5400 καί
492 5349 879 5419 προσπέφυκεν
937 5356 1087 5428 αὑτῷ
1147 5362 1289 5414 κατὰ
1339 5362 1397 5415 τὸ
1444 5365 1654 5421 ὀπίσθιο

1835 5369 2044 5423 lectitur
2075 5385 2347 5427 annexum
2367 5374 2472 5429 sibi
2501 5378 2802 5445 posteriore
2834 5376 2917 5431 sui
2948 5384 3122 5445 parte,
3156 5377 3371 5446 quoties

116 5433 303 5507 ἑαυτῆς
325 5437 513 5511 μέρος,
538 5445 659 5505 ταῖς
695 5443 853 5509 ἰδίαις
877 5447 1182 5515 διαστολαίς
1212 5456 1305 5506 καὶ
1335 5457 1652 5527 συμπτώσει

1835 5462 2111 5531 rplicatur,
2158 5468 2242 5520 vel
2303 5467 2546 5522 vicissim
2612 5467 3013 5537 comprimitur,
3053 5482 3161 5520 una
3183 5481 3371 5523 secum

118 5532 441 5596 σνγκινοῦσα
491 5536 553 5587 τὸ
613 5537 941 5608 σπλάγχνον,
981 5544 1079 5614 τὴν
1104 5534 1197 5598 τοῦ
1241 5547 1398 5618 ἀέρος
1439 5549 1602 5622 ὁλκήν
1631 5570 1654 5604 τ

1836 5555 2100 5610 ulmonem
2133 5572 2372 5623 movere,
2407 5565 2571 5628 atque
2615 5559 2717 5612 hoc
2754 5565 2912 5628 pacto
2950 5556 3182 5627 edicere,
3233 5568 3294 5615 ut
3326 5558 3372 5617 is

116 5622 197 5672 καὶ
248 5625 492 5693 ἐμπνοὴν
544 5629 960 5699 ὲκμηχανᾶσθαι
1005 5635 1083 5705 τῷ
1145 5638 1427 5710 πνεύμονι.
1474 5643 1652 5714 Ἀραιὸ

1837 5661 1975 5700 erem
2027 5649 2297 5714 attrahat,
2338 5622 2704 5718 continuoque
2751 5622 3002 5719 spiritum
3056 5648 3242 5706 ducat.
3276 5650 3373 5708 Est

115 5711 213 5781 γάρ
268 5731 355 5779 τις
400 5716 472 5770 ὢν
506 5720 599 5772 καὶ
632 5721 960 5794 πολύπορος,
984 5728 1075 5779 καὶ
1120 5730 1297 5792 πάσας
1319 5731 1419 5794 τὰς
1447 5735 1504 5785 ἐν
1539 5735 1651 5786 αὐτα

1834 5738 1939 5791 nim
1968 5739 2070 5792 hoc
2107 5741 2290 5794 viscus
2318 5755 2522 5805 rarum,
2558 5749 2611 5793 et
2643 5748 2854 5795 meatus
2882 5740 3215 5812 multiplices
3268 5743 3368 5796 ha-

116 5803 422 5877 κοιλότητας
438 5811 575 5881 πρὸς
598 5812 686 5867 τὸν
711 5814 958 5885 πυθμένα
974 5817 1073 5889 τῆς
1092 5820 1359 5892 ἀρτηρίας
1378 5826 1467 5879 ἀνε
1479 5843 1652 5897 στομιιλ

1831 5838 1903 5893 et,
1942 5830 2170 5901 ejuSqne
2198 5831 2487 5903 capcdincs
2538 5848 2728 5889 ouincs
2781 5834 2938 5906 quasi
2984 5833 3227 5907 quaedam
3272 5848 3366 5906 per
