3890 6346
521 393 632 453 247

522 606 752 670 ετιιὶυε,
775 606 1050 674 spiritum.
1081 607 1176 676 qui
1206 619 1429 678 superat
1447 613 1499 666 in
1533 614 1708 684 ipsius
1725 617 2104 686 capcdinibus,

521 697 880 766 exprimendo
915 701 1071 768 quasi
1100 702 1381 765 emittit;e
1433 707 1715 761 contrario
1737 709 1782 762 si
1814 708 2029 764 laxetur
2054 719 2108 766 et

521 787 820 854 aperiatur,
855 789 933 853 fit,
967 791 1045 844 uti
1069 801 1254 860 partes
1286 795 1464 864 ipsius
1493 811 1700 862 vacum,
1738 815 1766 854 a
1790 815 1849 856 se
1877 801 2124 865 invicem,

521 877 776 934 distenta:
804 888 1038 936 attracto
1066 897 1192 939 aere
1229 887 1629 956 compleantur.
1665 889 1788 946 llaec
1820 902 1898 946 est
1933 893 2107 964 respi-

522 971 758 1027 rationis
785 987 816 1026 a
847 974 1000 1028 nullo
1027 977 1314 1045 pendentis
1342 979 1675 1036 velconsilio
1710 983 1791 1037 vel
1829 983 2108 1040 voluntate

518 1071 730 1127 nostra,
773 1077 960 1128 causa,
993 1066 1252 1122 nimirum
1293 1071 1439 1139 quod
1469 1073 1682 1140 igneam
1737 1080 1986 1128 naturam
2026 1073 2110 1130 fas

517 1163 731 1208 nonest
763 1155 1070 1224 quiescere.
1099 1155 1254 1223 Quod
1284 1174 1407 1214 cum
1434 1161 1507 1214 ita
1533 1163 1626 1226 sit,
1662 1163 1972 1234 calorisque
1994 1165 2106 1236 jam

517 1251 644 1296 ante
675 1243 938 1314 originem
970 1245 1026 1299 in
1058 1247 1226 1302 corde
1246 1249 1512 1307 exsistere
1533 1255 1994 1323 perspexerimus,
2026 1257 2108 1312 id-

516 1333 666 1388 circo
698 1346 997 1406 perpetuus
1030 1339 1132 1393 hoc
1183 1341 1239 1394 in
1267 1343 1513 1398 membro
1541 1355 1738 1405 motus,
1791 1358 2106 1418 perpetuam

518 1425 683 1480 simul
733 1427 790 1481 in
845 1430 1103 1498 pulmone
1154 1436 1572 1506 respirationem
1617 1439 1803 1493 ellicit.
1871 1441 2000 1494 Eam
2038 1441 2110 1496 ob

517 1531 744 1572 causam
780 1517 882 1575 hoc
915 1522 1081 1578 etiam
1117 1528 1391 1596 usuvenit,
1428 1535 1486 1582 ut
1512 1543 1636 1583 cum
1691 1531 1939 1588 intensus
1974 1547 2109 1602 pne-

520 1617 604 1663 ter
638 1620 886 1667 naturam
920 1615 1072 1670 calor
1116 1622 1354 1677 accrevit
1383 1621 1548 1693 (quod
1583 1625 1636 1680 in
1686 1625 1752 1681 iis
1809 1626 1902 1696 qui
1961 1626 2110 1682 febre

517 1697 790 1768 laborant,
828 1704 1123 1779 videmus),
1155 1713 1433 1769 anhelatio
1465 1731 1685 1788 quoque
1737 1719 1983 1774 crebrior
2010 1707 2108 1784 sit.

517 1792 687 1847 corde
741 1797 899 1865 quasi
973 1796 1269 1857 festinante
1325 1803 1602 1862 internum
1653 1816 1845 1862 aestum
1899 1808 2102 1864 recenti

518 1899 646 1940 aere
695 1890 1066 1960 exstinguere.
1119 1891 1412 1954 Enimvero
1481 1907 1677 1954 natura
1737 1912 1925 1957 nostra
1977 1917 2102 1958 cum

517 1978 763 2032 omnium
793 1995 962 2051 egena
1012 1984 1105 2052 sit,
1137 1992 1190 2041 et
1219 1987 1288 2043 ab
1316 1990 1383 2044 iis
1434 1991 1617 2057 rebus,
1649 2008 1768 2062 quae
1819 2008 1906 2048 res
1939 1995 2102 2049 vitam

517 2071 819 2140 continent,
845 2076 1004 2144 plane
1036 2093 1144 2133 non
1174 2080 1468 2147 instructa,
1507 2099 1614 2139 non
1648 2101 1774 2140 aera
1804 2087 1968 2143 modo
1996 2089 2106 2159 spi-

517 2161 796 2233 ritumque
849 2166 1059 2221 nullum
1139 2172 1420 2240 proprium
1473 2173 1657 2240 habet,
1708 2177 1804 2246 qui
1867 2177 2103 2233 calorem

517 2255 741 2319 excitet,
768 2260 989 2327 quando
1008 2259 1152 2316 hunc
1173 2265 1517 2320 extrinsecus
1548 2266 1611 2320 aJ
1637 2269 2104 2324 conservationem

519 2349 697 2403 nostri
722 2365 936 2422 semper
975 2355 1296 2412 hauriamus
1323 2369 1556 2427 oportet,
1593 2377 1777 2440 verum
1809 2365 1970 2416 etiam
2007 2381 2104 2418 nuo

517 2445 841 2499 trimentum
889 2449 1226 2504 sustinenda:
1293 2455 1542 2522 corporis
1575 2455 1704 2508 tuoli
1741 2454 1958 2510 aliunde
2013 2473 2106 2512 ne-

518 2552 677 2594 cesse
735 2538 893 2594 habet
933 2555 1234 2597 arcessere.
1297 2545 1589 2614 l’r0pterea
1645 2563 1876 2602 vacuum
1908 2564 2106 2618 corpus

515 2627 762 2687 vicissim
799 2643 924 2703 potu
961 2635 1193 2704 ciboque
1247 2638 1436 2706 repiet,
1469 2653 1706 2709 cumque
1745 2638 1809 2693 ad
1842 2655 1998 2696 usum
2026 2641 2106 2694 in-

516 2721 632 2777 dita
685 2723 847 2780 nobis
899 2735 984 2780 est
1040 2725 1275 2783 facultas
1307 2729 1590 2786 attrahens
1649 2731 1700 2785 id
1756 2732 1903 2802 quod
1953 2731 2104 2796 defit,

517 2819 775 2890 quodque
799 2829 1022 2898 superat
1061 2825 1363 2893 expellens,
1394 2825 1575 2882 cordis
1603 2827 1785 2882 calore
1815 2827 1914 2882 hac
1939 2829 2103 2882 etiam

519 2913 574 2966 in
612 2921 764 2980 parte
792 2924 1042 2968 naturam
1080 2930 1189 2969 non
1221 2931 1412 2986 parum
1456 2918 1768 2988 adjuvanle.
1805 2919 1937 2974 Nam
1979 2935 2103 2974 cum

518 3003 666 3056 inter
696 3001 938 3057 membra
959 3003 1146 3058 vitalia
1176 3019 1290 3070 cor,
1321 3014 1379 3060 ut
1406 3017 1489 3062 est
1548 3008 1844 3064 indicatum
1869 3049 1881 3073 ,
1917 3012 2106 3080 praeci-

517 3107 687 3164 puum
711 3094 783 3150 sit
809 3104 862 3150 et
887 3095 1174 3163 eximium,
1214 3099 1414 3169 quippe
1441 3101 1590 3171 quod
1610 3103 1850 3157 membra
1889 3105 2102 3175 singula

518 3186 813 3256 spirituum
843 3188 1028 3244 calore
1071 3187 1235 3256 fovet,
1282 3191 1486 3247 idcirco
1539 3195 1715 3248 nostri
1761 3194 1964 3265 opiﬂcii
2005 3211 2104 3251 au-
2133 3214 2179 3277 ο

518 3280 801 3348 ctorillud
830 3295 924 3351 per
981 3281 1165 3336 omnia
1220 3282 1409 3339 efficax
1443 3299 1570 3341 esse
1627 3285 1886 3342 facultate
1915 3297 2106 3359 vegeta

523 3373 717 3436 voluit,
758 3389 826 3429 ne
853 3389 980 3444 pars
1013 3375 1188 3444 ipsius
1220 3377 1330 3432 ulla
1362 3377 1499 3433 foret
1533 3379 1732 3446 otiosa,
1765 3381 1849 3437 vel
1879 3381 2010 3440 nihil
2041 3383 2110 3440 ad

516 3463 774 3534 corporis
790 3465 1032 3520 universi
1060 3467 1353 3524 utilitatem
1381 3471 1844 3526 subministraret.
1871 3472 2110 3545 Eamque

515 3554 589 3608 οἱ)
616 3568 731 3608 rem
764 3555 1075 3624 pulmonem
1107 3561 1414 3630 paszeriore
1447 3561 1533 3617 sui
1563 3571 1714 3634 parte
1763 3567 2108 3636 contingens,

513 3654 781 3716 perpetuo
825 3647 1010 3705 viscus
1064 3650 1168 3707 hoc
1224 3661 1374 3708 motu
1429 3655 1675 3720 attrahit,
1742 3672 1804 3715 ac
1864 3659 2109 3714 vicissim

513 3750 730 3796 meatus
779 3755 970 3798 omnes
1024 3741 1189 3813 hujus
1238 3746 1320 3800 vel
1363 3747 1562 3804 hausto
1606 3763 1732 3806 aere
1761 3751 1974 3816 dilatat,
2025 3753 2108 3808 vel

511 3833 846 3889 remittendo
893 3834 1042 3904 quod
1087 3843 1244 3892 antea
1307 3851 1591 3910 receperat
1633 3844 1874 3910 expellit.
1945 3843 2109 3900 Parte

515 3929 700 3976 autem
734 3923 1012 3978 anteriore
1041 3927 1348 3992 stomacho,
1375 3943 1485 3998 qua
1511 3929 1558 3985 is
1577 3932 1820 4002 assurgit
1849 3933 2106 4000 maxime,

516 4015 826 4078 colmrens,
861 4025 914 4072 et
947 4016 1094 4085 fovet
1134 4019 1304 4083 hunc,
1338 4029 1393 4076 et
1423 4021 1660 4078 habilem
1693 4024 1760 4079 ad
1794 4023 2109 4092 eﬂectiones

517 4121 650 4162 suas
681 4107 862 4162 reddit
900 4126 912 4161 :
965 4125 1073 4163 nun
1118 4126 1230 4180 quo
1276 4113 1532 4182 spiritum
1583 4113 1676 4169 ille
1715 4117 1975 4182 attrahat,
2015 4119 2108 4173 sed

517 4201 914 4256 nuzrimentum
953 4203 1203 4273 corporis
1266 4205 1513 4276 recipiat.
1563 4205 1698 4262 Nam
1731 4207 1924 4273 vicinae
1951 4210 2107 4281 quasi

519 4295 672 4363 fores
733 4303 884 4360 sunt,
920 4313 1016 4368 per
1066 4311 1204 4368 quas
1235 4305 1289 4352 et
1344 4298 1572 4367 spiritus
1616 4307 1669 4355 et
1707 4301 2106 4358 nutrimentum

515 4386 760 4447 hominis
789 4403 993 4458 corpus
1041 4388 1442 4460 ingrediuntur.
1470 4388 1774 4463 Utrumque
1803 4395 2108 4453 membrum

515 4482 586 4536 ab
621 4481 732 4536 imo
756 4481 1113 4551 coniunctum
1139 4482 1318 4548 alteri,
1356 4483 1656 4539 secundum
1706 4484 2103 4556 longitudinem

1101 481 1126 487 ,δ
1784 407 1845 464 s.
1889 407 2105 466 cnecc

2211 411 2220 466 ι
2258 411 2559 472 M‘SSENt
3101 449 3106 458 -
3689 443 3784 505 ,εδ

522 512 710 568 oscula
751 511 803 567 iu
829 515 1038 570 arteria:
1055 509 1280 570 funium
1306 529 1523 576 exeunt.
1559 521 1745 595 itaque
1767 541 2105 596 compressus

2224 530 2390 600 μένας
2418 533 2576 603 ἔχων,
2633 538 3058 613 συστελλόμενος
3100 546 3200 619 μὲν

3247 552 3343 606 καὶ
3373 555 3703 627 συμπίπτων
3733 562 3788 618 et

2212 623 2605 728 ἐναπολειφθέν
2661 634 2776 697 τοῖς
2838 635 3042 704 κοίλοις
3099 642 3319 716 πνεῦμα
3372 623 3496 702 κατ’
3559 651 3784 728 ἀνάγκην

2211 715 2481 780 ἐκπιέζων
2508 723 2780 791 προΐεται.
2824 725 3160 804 ’Υποχωρῶν
3202 715 3258 790 δέ
3297 741 3394 794 καὶ
3422 715 3782 816 ἀνοιγόμενος,

2209 808 2512 864 ἐπισπᾶται
2534 815 2599 884 τῇ
2626 813 2908 872 διαστάσει
2960 823 3097 893 πρὸς
3136 825 3195 878 τὸ
3236 808 3572 902 κενούμενον
3595 808 3681 889 δίὰ

2209 900 2377 973 ὁλκῆς
2405 905 2497 960 τὸν
2530 907 2684 979 ἀέρα.
2720 910 2834 965 Καὶ
2853 911 2994 986 αὕτη
3021 915 3140 969 ἐστὶ
3160 919 3260 989 τῆς
3281 900 3648 998 ἀπροαιρέτου
3673 900 3782 982 me.

2210 1011 2310 1066 της
2341 999 2616 1071 ἀναπνοῆς
2653 1003 2824 1069 αίτία,
2848 1008 2880 1075 ἡ
2908 1007 3004 1060 τοῦ
3027 1009 3288 1082 ἀτρεμεῖν
3312 1015 3374 1068 τὸ
3401 1019 3650 1090 πυρῶδες
3669 1022 3780 1074 ἀδυ-

2210 1089 2398 1158 ναμία.
2419 1090 2634 1163 Ἐπειδὴ
2662 1093 2770 1166 γὰρ
2796 1095 2926 1150 ἴδιόν
2959 1099 3076 1156 ἐστι
3110 1102 3203 1161 τοῦ
3233 1103 3438 1176 θερμοῦ
3535 1111 3674 1165 κατὲ
3703 1113 3786 1182 τὴν

2211 1179 2426 1250 κίνησιν
2459 1183 2731 1254 ἐνέργεια,
2759 1187 2950 1243 τούτου
2980 1190 3038 1244 δὲ
3068 1192 3169 1258 τὰς
3198 1196 3373 1267 ἀρχὰς
3400 1198 3458 1253 ἐν
3489 1201 3561 1272 τῇ
3610 1179 3787 1274 καρδίᾳ

2210 1275 2639 1347 κατενοήσαμεν,
2679 1277 2740 1332 τὸ
2789 1279 3036 1350 διηνεκὲς
3086 1285 3184 1357 τῆς
3225 1287 3284 1341 ἐν
3322 1287 3400 1360 τῷ
3426 1289 3590 1362 μέρει
3628 1293 3783 1364 τούτῳ

2211 1367 2476 1437 κινήσεως
2549 1367 2647 1440 τὴν
2699 1369 3041 1430 ἀδιάλειπτον
3076 1376 3168 1430 τοῦ
3206 1377 3367 1450 ἀέρος
3389 1383 3578 1453 ὁρμήν
3610 1400 3668 1437 τε
3705 1385 3786 1443 καὶ

2212 1457 2456 1529 ἐμπνοὴν
2512 1459 2601 1513 διὰ
2654 1460 2748 1514 τοῦ
2781 1463 3089 1536 πνεύματος
3139 1468 3537 1540 ἀπεργάζεται.
3586 1473 3676 1528 Διὸ
3707 1476 3785 1530 καὶ

2214 1551 2364 1621 παρὰ
2424 1552 2587 1621 φύσιν
2635 1555 2985 1622 ἐπιταθέντος
3021 1558 3112 1612 τοῦ
3179 1562 3482 1633 πυρώδους,
3519 1565 3584 1618 τὸ
3623 1561 3788 1636 ἆσθμα

2211 1644 2319 1697 τῶν
2355 1644 2753 1716 διακαιομένων
2781 1648 2856 1720 τῷ
2901 1649 3115 1727 πυρετῷ
3148 1653 3538 1726 συνεχέστερον
3569 1657 3781 1724 γίνεται,

2213 1732 2402 1806 ὥσπερ
2432 1736 2796 1809 ἐπειγομένης
2835 1741 2934 1818 τῆς
2991 1741 3218 1812 καρδίας
3251 1742 3342 1796 τὸν
3379 1746 3701 1817 ἐγκείμενον
3737 1747 3787 1800 ἐν

2213 1828 2350 1900 αὐτῇ
2417 1828 2658 1898 φλογμὸν
2697 1830 2775 1901 τῷ
2823 1833 3146 1906 νεαρωτέρῳ
3187 1834 3457 1906 πνεύματι
3504 1837 3786 1892 κατασϐεν-

2213 1920 2379 1974 νύειν.
2425 1922 2564 1975 Ἀλλ’
2597 1924 2784 1996 ἐπειδὴ
2819 1927 3050 1996 πενιχρά
3081 1927 3163 1991 τίς
3191 1929 3339 1982 ἐστιν
3365 1931 3528 2000 ἡμῶν
3554 1933 3590 2002 ἡ
3621 1931 3786 2001 φύσις,

2214 2015 2306 2066 καὶ
2330 2015 2437 2071 τῶν
2477 2017 2612 2088 πρὸς
2632 2017 2730 2085 τὴν
2755 2017 2890 2071 ἰδίαν
2919 2018 3178 2078 σύστασιν
3206 2020 3297 2074 διὰ
3324 2021 3548 2077 πάντων
3564 2024 3786 2094 ἐπιδεὴς,

2212 2107 2311 2160 οὐκ
2339 2107 2497 2178 ἀέρος
2517 2108 2676 2178 μόνον
2711 2109 2840 2162 ἰδίου
2865 2111 3155 2180 πτωχεύει,
3174 2113 3266 2168 καὶ
3289 2113 3624 2183 πνεύματος,
3641 2113 3790 2168 τοῦτο

2213 2195 2414 2266 θερμὸν
2439 2196 2816 2268 διεγείροντος,
2850 2197 2986 2270 ὅπερ
3010 2197 3206 2262 ἔξωθεν
3235 2199 3372 2270 πρὸς
3403 2199 3506 2270 τὴν
3535 2199 3630 2253 τοῦ
3653 2197 3775 2264 {dm

2217 2289 2546 2358 συντήρησιν
2609 2287 2873 2358 διηνεκῶς
2937 2289 3324 2357 ἐπεισάγεταιο
3368 2289 3506 2344 ἀλλὰ
3553 2291 3648 2345 καὶ
3704 2289 3786 2362 τὴν

2215 2379 2600 2449 ὑπερείδουσαν
2626 2379 2715 2432 τὸν
2745 2378 2839 2433 τοῦ
2866 2379 3114 2452 σώματος
3141 2381 3302 2450 ὄγκον
3337 2381 3546 2452 τροφὴν
3583 2380 3788 2450 ἐπίκτηο

2213 2488 2302 2524 τον
2333 2471 2466 2542 ἔχει.
2501 2471 2599 2525 Διὰ
2653 2472 2810 2526 τοῦτο
2847 2474 3035 2537 σιτίοις
3060 2490 3119 2527 τε
3150 2473 3244 2528 καὶ
3287 2477 3470 2538 ποτοῖς
3506 2473 3794 2544 ἀναπληροῖ

2213 2563 2275 2616 τὸ
2320 2563 2516 2629 ἐνδέον,
2565 2564 2820 2637 ἑλκτικήν
2853 2583 2976 2621 τινα
3019 2565 3114 2620 τοῦ
3141 2565 3421 2628 λείποντος
3447 2563 3679 2635 δύναμιν
3707 2563 3787 2616 καὶ

2215 2656 2534 2728 ἀπωστικὴν
2585 2657 2680 2711 τοῦ
2727 2658 3136 2729 περιττεύοντος
3197 2657 3411 2712 ἐνθεῖσα
3445 2657 3526 2728 τῷ
3572 2656 3782 2728 σώματι.

2214 2748 2333 2801 οὐδὲ
2366 2750 2502 2820 πρὸς
2532 2749 2687 2802 τοῦτο
2708 2749 2801 2803 τοῦ
2823 2750 3111 2823 ἐγκαρδίου
3134 2750 3302 2822 πυρὸς
3333 2749 3539 2821 μικρὰν
3573 2765 3786 2821 παρεχο-

2216 2839 2377 2908 μένου
2402 2843 2465 2910 τῇ
2501 2839 2658 2910 φύσει
2688 2842 3024 2914 συνέργειαν.
3073 2841 3290 2913 Ἐπειδὴ
3337 2841 3447 2912 γὰρ
3489 2841 3553 2895 τὸ
3603 2841 3782 2914 κυρώ-

2213 2949 2371 2984 τατον
2403 2930 2509 2984 τῶν
2539 2931 2786 2996 ζωτικῶν
2813 2934 3017 3006 μορίων
3059 2934 3202 2990 κατὰ
3231 2934 3322 2988 τὸν
3353 2932 3690 2988 ἀποδοθέντα
3710 2931 3784 2986 λά·

2213 3039 2308 3091 γον
2334 3025 2364 3092 ἡ
2391 3021 2588 3094 καρδία
2615 3024 2784 3087 ἐστίν,
2811 3025 2843 3095 ἡ
2866 3023 2943 3096 τῷ
2962 3024 3147 3097 θερμῷ
3180 3026 3454 3100 πνεύματι
3473 3023 3786 3096 ζωπυροῦσι

2211 3111 2280 3164 τὰ
2315 3112 2650 3166 καθέκαστον
2671 3114 2832 3186 μέρη,
2859 3116 3194 3186 πανταχόθεν
3223 3117 3392 3191 αὐτὴν
3411 3119 3637 3190 ἐνεργὸν
3661 3111 3784 3170 εἶναι

2211 3203 2288 3274 τῷ
2303 3203 2576 3274 δραστικῷ
2596 3203 2696 3273 τῆς
2717 3203 3018 3276 δυνάμεως.
3035 3208 3064 3259 ὁ
3089 3206 3330 3280 πλάστης
3347 3210 3507 3282 ἡμῶν
3526 3209 3784 3280 ἐποίησεν,

2209 3294 2284 3358 ὡς
2317 3295 2384 3349 ἂν
2415 3297 2580 3366 μηδὲν
2604 3296 2775 3367 αὐτῆς
2813 3297 2981 3370 μέρος
3023 3299 3303 3370 ἄπρακτόν
3325 3319 3384 3354 τε
3414 3302 3512 3356 καὶ
3541 3300 3783 3370 ἀνόνητον

2212 3387 2348 3456 πρὸς
2375 3387 2470 3459 τὴν
2495 3387 2590 3441 τοῦ
2653 3389 2856 3454 παντὸς
2919 3391 3234 3462 οἰκονομίαν
3268 3394 3676 3465 καταλειφθείη.
3702 3389 3784 3444 Διά

2210 3477 2368 3531 τοῦτο
2397 3479 2624 3532 κατόπιν
2675 3482 2773 3550 μὲν
2809 3481 3060 3537 ὑποθεῖσα
3101 3483 3192 3538 τὸν
3231 3485 3548 3557 πνεύμονα,
3585 3485 3672 3538 διὰ
3698 3483 3784 3551 τῆς

2210 3571 2486 3640 διηνεκοῦς
2533 3574 2821 3644 κινήσεως,
2865 3573 3206 3630 καθέλκουσά
3243 3593 3303 3630 τε
3353 3578 3486 3648 πρὸς
3517 3577 3711 3648 ἑαυτὴν
3732 3574 3783 3628 τὸ

2213 3663 2540 3733 σπλάγχνον,
2573 3664 2854 3736 ἀνευρύνει
2887 3667 3021 3735 πρὸς
3043 3666 3140 3736 τὴν
3169 3667 3335 3739 ὁλκὴν
3361 3667 3454 3722 τοῦ
3481 3669 3648 3740 ἀέρος
3675 3665 3784 3720 toi»:

2213 3754 2433 3825 πόρους,
2459 3752 2817 3826 ἀνοχλίζουσά
2845 3772 2902 3808 τε
2932 3755 3095 3808 πάλιν
3119 3757 3437 3811 ἐκπνεῖσθαι
3473 3758 3538 3812 τὸ
3584 3761 3781 3812 ἐναπει-

2211 3847 2276 3915 λη
2285 3847 2484 3918 μμένον
2509 3846 2937 3918 παρασκευάζει.
2992 3847 3078 3901 Ἐν
3109 3847 3166 3900 δὲ
3193 3851 3305 3912 τοῖς
3322 3847 3638 3920 ἔμπροσθεν
3665 3849 3780 3901 ἐαυ-

2211 3938 2310 4008 τῆς
2347 3941 2684 4009 προσφυεῖσα
2711 3937 2788 4008 τῷ
2823 3938 3112 4009 χωρήματι
3144 3939 3243 4010 τῆς
3270 3940 3382 3994 ἄνω
3419 3940 3679 4012 γαστρὸς,
3707 3937 3782 3990 ἐν·

2213 4028 2414 4100 θερμον
2441 4029 2632 4101 αὐτὴν,
2664 4029 2758 4083 καὶ
2781 4029 2914 4100 πρὸς
2941 4027 3037 4091 τὰς
3065 4029 3197 4093 ίδίας
3239 4031 3516 4102 ἐνεργείας
3549 4026 3784 4099 κινουμέ-

2213 4139 2308 4192 νην
2337 4124 2480 4174 ποιεῖ
2499 4132 2512 4146 ·
2544 4121 2644 4174 οὐκ
2671 4123 2750 4184 εἰς
2780 4123 3089 4194 πνεύματος
3107 4123 3270 4195 ὁλκὴν
3286 4121 3667 4194 ἀνεγείρουσα,
3681 4116 3781 4174 ἀλλ’

2213 4216 2293 4277 είς
2350 4213 2618 4284 ὑποδοχὴν
2661 4214 2760 4284 τῆς
2800 4216 3137 4288 καταλλήλου
3169 4215 3395 4287 τροφῆς.
3433 4215 3672 4287 Πλησίον
3697 4212 3782 4284 μὲν

2213 4306 2321 4377 γὰρ
2352 4305 2661 4375 πεφύκασιν
2683 4305 2928 4376 ἀλλήλων
2959 4308 3016 4360 αἱ
3048 4306 3243 4361 εἴσοδοι
3279 4307 3374 4363 τοῦ
3399 4306 3705 4378 πνεύματός
3730 4319 3782 4356 τε

2213 4400 2305 4452 καὶ
2361 4399 2460 4469 τῆς
2518 4400 2752 4469 τροφῆς·
2785 4397 3344 4470 ἁντιπαρεξιοῦσαιδὲ
3385 4396 3621 4452 mam
3658 4393 3780 4466 πρό-

2216 4507 2388 4562 μηκες
2421 4493 2454 4562 ἡ
2483 4490 2642 4560 ἐτέρα
2695 4491 2831 4563 πρὸς
2863 4491 2961 4562 τὴν
3003 4491 3218 4564 ἑτέραν,
3245 4491 3336 4544 καὶ
3368 4489 3446 4560 τῷ
3485 4489 3590 4559 ἴσῳ
3617 4486 3781 4559 μέτρῳ

516 4586 738 4643 sursum
776 4550 951 4638 tendit
987 4591 1000 4628 :
1055 4581 1325 4653 parteque
1371 4590 1626 4645 suprema
1661 4577 1745 4633 sui
1795 4592 1990 4636 rursus
2019 4595 2105 4634 eo-

2212 4581 2354 4635 κατὰ
2383 4579 2444 4634 τὸ
2473 4581 2585 4636 ἄνω
2618 4583 3129 4655 συναπαρτίζονται,
3153 4582 3294 4636 ὥστε
3317 4581 3413 4634 καὶ
3451 4573 3780 4647 συνεστομῶ·

516 4661 640 4716 dem
675 4662 797 4717 loco
823 4663 904 4728 sic
931 4671 1358 4730 connectuntur,
1381 4667 1613 4722 utetiam
1638 4667 1882 4738 ipsorum
1914 4670 2104 4727 oscula

517 4753 868 4824 conveniant,
907 4753 1291 4812 desinentibus
1349 4759 1404 4813 in
1439 4773 1534 4815 ore
1578 4769 1770 4817 nostro
1819 4763 2102 4818 amborum

467 4891 472 4894 .
516 4842 684 4897 veluti
701 4843 1007 4910 canalibus,
1041 4861 1279 4917 quorum
1316 4848 1455 4905 alter
1483 4850 1805 4907 alimentum
1831 4853 2102 4924 corporis,

515 4933 652 5004 alter
678 4935 928 5006 spiritum
959 4938 1296 4996 intromittit.
1325 4941 1435 4996 lma
1465 4941 1682 5012 quidem
1711 4945 1766 4999 iu
1798 4951 1952 5016 parte
1977 4953 2103 5001 tan-

513 5025 635 5080 dem
659 5026 774 5092 [μεθ
801 5037 1078 5096 meatuum
1105 5029 1424 5110 conjunctio
1439 5033 1782 5104 dissolvitur.
1811 5036 1922 5092 Cor
1951 5038 2100 5092 enim

511 5118 634 5174 loco
671 5119 816 5174 inter
844 5121 1212 5176 ventrlculum
1265 5123 1693 5198 pulmonemque
1731 5128 1934 5184 medio-
1961 5129 2099 5185 insi-

509 5207 668 5274 dens,
700 5208 829 5266 huic
867 5211 1090 5282 quidem
1119 5214 1448 5287 respirandi,
1481 5215 1558 5270 illi
1607 5232 1740 5277 vero
1774 5221 2098 5278 nutrimenti

511 5301 837 5358 conficiendi
874 5301 1192 5359 facultatem
1233 5304 1484 5378 largitur.
1531 5307 1666 5363 Nam
1699 5311 1917 5382 igneum
1953 5313 2100 5384 quod

511 5400 618 5458 est,
653 5394 734 5449 sic
765 5409 794 5449 a
852 5406 1054 5452 natura
1101 5404 1188 5452 est
1240 5408 1642 5476 comparatum,
1703 5411 1762 5456 ut
1815 5405 2100 5461 materiem

513 5485 670 5564 quasi
705 5482 1009 5544 fomentum
1040 5497 1250 5559 quaerat
1286 5509 1300 5545 :
1335 5490 1386 5544 id
1413 5492 1558 5564 quod
1593 5493 1758 5548 etiam
1790 5495 1897 5552 cibi
1947 5511 2101 5552 rece-

514 5560 733 5646 ptaculo
769 5584 1057 5647 usuveniat
1093 5598 1318 5640 necesse
1351 5594 1456 5641 est.
1480 5585 1698 5658 Quanto
1751 5589 1895 5644 enim
1927 5591 2100 5662 magis

511 5665 585 5720 ob
613 5667 814 5730 caloris
858 5671 1194 5728 vicinitatem
1238 5675 1494 5744 ignescit,
1542 5685 1698 5733 tanto
1742 5680 1958 5736 avidius
2035 5697 2097 5738 ea

519 5771 640 5840 quae
676 5757 845 5812 calori
896 5763 1190 5817 nutriendo
1223 5773 1371 5830 sunt,
1430 5768 1676 5833 attrahit,
1737 5781 1928 5840 estque
1971 5770 2100 5828 huic

515 5831 733 5906 naturae
763 5848 1047 5920 cupiditati
1079 5867 1275 5912 nomen
1312 5855 1542 5913 inditum
1575 5831 1874 5945 appetitus,

2211 4669 2334 4724 σθαι
2358 4671 2493 4743 πρὸς
2511 4670 2765 4750 ἀλλήλας,
2785 4673 2879 4726 καὶ
2895 4675 2976 4728 ένὶ
2995 4673 3222 4746 στόματι
3239 4673 3363 4736 τοὺς
3379 4673 3585 4744 πόρους
3603 4672 3780 4723 ἐναπο-

2208 4762 2416 4833 λήγειν,
2433 4761 2556 4816 ὅθεν
2578 4761 2654 4839 τῷ
2674 4762 2773 4835 μὲν
2786 4764 2882 4832 τῆς
2897 4763 3124 4837 τροφῆς,
3142 4763 3222 4834 τῷ
3237 4763 3292 4817 δὲ
3315 4761 3408 4816 τοῦ
3425 4761 3728 4832 πνεύματος
3747 4757 3775 4824 ἡ

2207 4853 2410 4917 εἴσοδος
2435 4855 2664 4922 γίνεται.
2710 4854 2848 4909 Ἀλλ’
2871 4855 2963 4907 ἐπί
2995 4855 3056 4908 τὸ
3097 4854 3258 4925 βάθος
3288 4854 3471 4907 οὐκέτι
3500 4848 3777 4910 διαπαντὸς

2206 4946 2268 5000 τὸ
2301 4947 2576 5017 προσφυὲς
2627 4947 2932 5020 παραμένει
2961 4948 3061 5015 τῆς
3119 4945 3383 5014 συζυγίας
3433 4944 3544 4999 τῶν
3589 4944 3775 5014 πόρων.

2213 5035 2366 5108 Μέση
2395 5038 2502 5110 γὰρ
2543 5037 2644 5108 τῆς
2677 5039 2953 5109 ἑκατέρων
2982 5037 3144 5108 ἕδρας
3183 5038 3216 5105 ή
3256 5035 3455 5106 καρδία
3507 5047 3777 5106 παρεμπε-

2212 5131 2400 5196 σοῦσα,
2429 5129 2507 5202 τῷ
2547 5131 2644 5201 μὲν
2678 5131 2812 5200 πρὸς
2839 5129 3147 5200 ἀναπνοὴν,
3182 5127 3260 5198 τῷ
3303 5127 3360 5179 δὲ
3389 5126 3526 5197 πρὸς
3566 5123 3773 5196 τροφὴν,

2209 5223 2308 5287 τὰς
2349 5222 2605 5294 δυνάμεις
2650 5219 2944 5291 ἐντίθησιν.
3001 5219 3218 5287 Πέφυκε
3276 5216 3384 5286 γὰρ
3435 5216 3496 5270 τὸ
3545 5213 3775 5285 πυρῶδες

2211 5314 2489 5386 ἐπιζητεῖν
2520 5312 2618 5385 τὴν
2660 5311 3064 5366 ὑπεκκαίουσαν
3092 5309 3244 5380 ὓλην,
3291 5307 3319 5360 ὃ
3347 5307 3413 5378 δὴ
3448 5307 3542 5360 καὶ
3574 5306 3697 5376 περὶ
3721 5303 3776 5356 τδ

2210 5407 2412 5474 δοχεῖον
2451 5406 2550 5476 τῆς
2596 5405 2801 5475 τροφῆς
2834 5403 2954 5457 κατ’
2999 5401 3245 5470 ἀνάγκην
3291 5397 3600 5469 συμϐαίνει.
3641 5399 3776 5464 Ὀσῳ

2211 5500 2319 5568 γὰρ
2356 5496 2600 5567 ἔμπυρον
2648 5493 2737 5548 διὰ
2781 5495 2879 5563 τῆς
2927 5493 3166 5560 γείτονος
3211 5492 3416 5561 γίνεται
3451 5489 3773 5564 θερμασίας,

2211 5588 2450 5659 τοσούτῳ
2499 5586 2699 5658 μᾶλλον
2751 5579 3040 5656 ἐφέλκεται
3088 5583 3158 5638 τὰ
3221 5583 3283 5636 τὸ
3317 5581 3520 5655 θερμὸν
3569 5576 3778 5650 ὑποτρέ-

2209 5681 2517 5752 φοντακτην
2545 5681 2597 5734 δὲ
2632 5679 2886 5750 τοιαύτην
2918 5678 3115 5750 ὁρμὴν,
3148 5675 3326 5748 ὅρεξιν
3357 5671 3706 5758 ὀνομάζομεν.
