3890 6422
274 441 396 499 249

1504 450 1589 506 οε
1624 447 1909 507 uomNts
1942 412 2237 506 omnem

3448 469 3569 527 250‘

352 561 422 616 Et
453 561 514 618 δὶ
556 566 947 637 περιδράξαιτο
972 569 1073 638 τῆς
1097 569 1371 641 ἀρκούσης
1405 570 1536 642 ὑλης
1568 572 1629 624 τὸ
1652 587 1872 642 περιεκ-

2042 570 2197 636 Quod
2238 568 2283 624 si
2327 568 2628 624 membrum
2663 582 2774 639 quo
2814 568 2971 625 cibus
3004 568 3343 637 continetur,
3379 580 3555 626 matc-

276 657 441 709 τικδν
486 658 592 729 τῆς
631 661 859 730 τροφῆς,
891 661 1011 714 οὐδὲ
1041 661 1213 725 οὑτως
1253 665 1450 734 ἠρεμεῖ
1484 662 1579 716 τοῦ
1633 664 1803 733 πυρὸς
1841 663 1873 732 ἡ

281 746 565 815 ἐνέργεια.
629 749 791 802 Ἀλλὰ
836 752 1089 823 καθάπερ
1122 756 1180 806 ὲν
1222 754 1577 825 χωνευτηρίῳ
1625 753 1874 824 σύντηξιν

282 856 413 892 τινα
454 841 555 911 τῆς
592 841 726 912 ὑλης
766 847 945 909 ποιεῖ,
979 848 1072 898 καὶ
1121 846 1273 899 διαλὺ
1287 864 1427 900 σασα
1463 847 1533 901 τὰ
1569 846 1876 900 συνεστῶτα

282 933 389 984 καὶ
411 932 709 1001 ἀναχέασα,
733 934 984 1007 καθάπερ
1013 940 1077 990 ἐκ
1104 938 1304 1009 χοάνης
1329 938 1472 1002 τινὸς
1490 941 1717 1009 μεταχεῖ
1741 937 1877 1008 πρὸς

282 1024 423 1085 τοὺς
472 1024 670 1094 ἐφεξῆς
710 1026 927 1098 πόρους.
974 1023 1105 1080 Εἶτα
1144 1029 1206 1080 τὸ
1252 1028 1733 1099 παχυμερέστερον
1780 1026 1874 1078 τοῦ

286 1111 625 1181 εἰλικρινοῦς
672 1114 1028 1185 διακρίνασα,
1079 1115 1141 1168 τὸ
1182 1116 1281 1184 μὲν
1331 1116 1525 1168 λεπτὸν
1571 1114 1637 1167 δι’
1672 1112 1875 1183 ὀχετῶν

284 1226 460 1262 τινων
489 1211 580 1261 ἐπὶ
607 1210 704 1273 τὰς
735 1210 826 1262 τοῦ
856 1210 1064 1279 ἥπατος
1091 1210 1211 1277 ἄγει
1237 1209 1411 1272 πύλας
1431 1224 1446 1238 ⁸
1482 1205 1579 1276 τὴν
1611 1205 1668 1257 δὲ
1698 1201 1875 1273 ὑλώδη

285 1301 401 1370 τῆς
432 1302 637 1371 τροφῆς
685 1300 1063 1370 ὑποστάθμην,
1103 1303 1183 1364 είς
1225 1301 1350 1363 τοὺς
1399 1294 1876 1368 εὑρυχωροτέρους

286 1391 410 1443 τῶν
440 1391 676 1461 ἐντέρων
712 1391 910 1461 πόρους
938 1388 1213 1456 ἀπώσατο,
1249 1390 1342 1442 καὶ
1376 1391 1487 1451 τοῖς
1518 1385 1876 1454 πολυτρόποις

289 1480 482 1534 αὑτῶν
514 1481 756 1551 ἑλιγμοῖς
795 1481 1206 1552 ἀναστρέφουσα
1245 1479 1419 1549 χρόνῳ
1445 1518 1459 1543 ,
1502 1473 1875 1548 παρακατέχει

288 1572 401 1639 τὴν
432 1572 639 1642 τροφὴν
667 1575 779 1634 τοῖς
818 1570 1164 1642 σπλάγχνοις,
1196 1571 1271 1634 ὡς
1298 1570 1363 1623 ἂν
1393 1570 1466 1640 μὴ
1505 1568 1573 1621 δι’
1606 1567 1874 1636 εὐθύτητα

288 1660 396 1713 τοῦ
422 1661 589 1730 πόρου
626 1661 821 1733 ῥᾳδίως
860 1661 1288 1731 ἀποϐαλόμενον,
1317 1659 1478 1724 εὐθὺς
1504 1658 1784 1727 ἀνακινοίη
1813 1656 1875 1710 τὸ

294 1751 444 1815 ζῶον
474 1753 610 1821 πρὸς
651 1751 846 1822 ὄρεξιν,
878 1753 973 1806 καὶ
1007 1752 1277 1823 μηδέποτε
1309 1751 1537 1804 παύοιτο
1567 1750 1666 1821 τῆς
1700 1747 1874 1803 τοιαύ-

289 1862 401 1915 της
435 1845 690 1915 ἀσχολίας
729 1845 869 1899 κατά
896 1844 994 1916 τὴν
1033 1845 1142 1898 τῶν
1170 1845 1378 1914 ἀλόγων
1407 1843 1568 1913 φύσιν
1597 1846 1624 1897 ὀ
1659 1841 1872 1913 ἄνθρω-

1978 662 2077 718 riei
2104 661 2242 717 satis
2264 660 2378 731 jam
2415 660 2802 731 prehenderit,
2853 676 2964 715 non
2995 670 3177 716 tamen
3209 661 3352 732 ignis
3379 662 3553 716 vicini

1978 752 2215 806 cessabit
2249 753 2416 807 actio.
2463 750 2599 807 Nam
2651 750 3056 822 colliquefacict
3101 753 3383 807 materiem
3428 761 3552 808 tan-

1977 857 2139 913 quam
2174 845 2229 897 in
2262 859 2392 899 vase
2427 843 2702 913 liquandis
2739 844 2899 898 rebus
2930 853 3076 914 apto,
3119 858 3351 912 cumque
3377 844 3546 896 cruda

1976 943 2031 990 et
2075 934 2403 989 cohaerentia
2442 933 2750 1005 digesserit.
2784 934 3037 1005 interque
3076 949 3135 989 se
3177 948 3545 989 commiscue-

1975 1026 2068 1091 rit,
2116 1026 2398 1095 proximos
2462 1026 2517 1079 in
2551 1034 2761 1079 meatus
2810 1039 2872 1079 ea
2912 1024 3071 1094 quasi
3120 1040 3218 1095 per
3266 1024 3545 1094 quoddam

1977 1115 2380 1171 infundibulum
2436 1117 2677 1184 dejiciet.
2741 1115 2945 1171 Deinde
3005 1117 3235 1171 secretis
3294 1117 3549 1185 utrinque
3598 1173 3603 1177 ,

1975 1210 2240 1281 partibus,
2282 1224 2404 1262 cum
2449 1209 2516 1264 iis
2556 1224 2676 1278 quae
2701 1211 3020 1270 crassiores,
3057 1216 3171 1262 tum
3198 1223 3320 1276 qum
3360 1209 3549 1277 purio-

1977 1317 2065 1356 res
2104 1308 2253 1363 sunt,
2288 1306 2481 1355 tenues
2523 1300 2688 1354 hasce
2722 1316 2815 1369 per
2839 1300 3103 1370 quosdam
3131 1300 3287 1369 quasi
3325 1299 3546 1353 canales

1976 1394 2041 1447 ad
2088 1391 2354 1462 jecinoris
2390 1391 2529 1446 ostia
2568 1391 2812 1445 deducit.
2857 1391 3217 1446 Subsidentes
3258 1397 3438 1443 autem
3490 1395 3546 1442 et

1975 1499 2194 1540 crassas
2221 1483 2279 1537 in
2306 1483 2641 1537 nutrimento
2677 1482 2837 1538 faeces
2878 1483 2932 1538 in
2964 1483 3254 1552 capaciora
3285 1480 3546 1535 intestina

1976 1573 2238 1638 detrudit,
2293 1588 2358 1627 ac
2397 1588 2494 1643 per
2524 1572 2848 1641 multiplicia
2881 1575 3072 1626 borum
3104 1572 3381 1626 volumina
3426 1584 3548 1625 ver-
3611 1639 3619 1648 .

1976 1676 2126 1724 satas
2211 1664 2522 1737 aliquandiu
2552 1661 2752 1717 retinet
2800 1704 2815 1728 ,
2857 1665 3057 1735 partim
3113 1672 3172 1718 ut
3211 1663 3278 1717 de
3314 1663 3397 1716 his
3429 1662 3547 1730 ipsa

1974 1762 2137 1818 etiam
2170 1760 2385 1815 viscera
2414 1757 2663 1812 nonnihil
2691 1756 3009 1812 nutrimenti
3041 1755 3318 1818 hauriant,
3350 1753 3547 1822 partim

1976 1867 2064 1917 ne,
2092 1852 2136 1905 si
2166 1866 2262 1920 per
2295 1857 2508 1904 meatus
2532 1857 2709 1902 rectos
2742 1846 3093 1915 dejiciantur,
3125 1844 3388 1899 continuo
3425 1856 3548 1896 mo-

292 1953 423 1999 πος.
462 1937 613 1989 Ἐπεὶ
645 1936 699 1989 δὲ
725 1937 817 1990 καὶ
842 1937 919 2008 τῷ
950 1938 1121 2007 ἥπατι
1157 1937 1392 2007 μάλιστα
1424 1936 1521 2005 τῆς
1548 1933 1641 1986 τοῦ
1669 1930 1872 2003 θερμοῦ

1979 1944 2113 1998 lesta
2156 1942 2316 1996 nobis
2349 1939 2609 2010 appetitio
2654 1938 2975 1993 nutrimenti
3029 1938 3119 2001 sit,
3178 1944 3232 1990 et
3266 1948 3547 2004 nunquam

294 2028 594 2097 συνεργίας
646 2024 714 2098 ἦν
752 2029 910 2099 χρεία
955 2028 1093 2100 πρὸς
1125 2029 1223 2097 τὴν
1269 2028 1378 2080 τῶν
1420 2025 1601 2097 ὑγρῶν
1649 2022 1876 2092 ἐξαιμά-

292 2136 486 2180 τωσιν,
516 2119 791 2190 ἀφέστηκε
821 2118 878 2172 δὲ
910 2118 1069 2172 τοῦτο
1102 2119 1201 2185 τῆς
1226 2118 1454 2189 καρδίας
1486 2115 1626 2170 κατὰ
1658 2114 1754 2185 τὴν
1790 2113 1876 2167 θέ-

297 2227 388 2263 σιν
420 2211 518 2281 (οὑ
547 2211 656 2281 γάρ
678 2206 767 2281 ἦν,
807 2206 979 2281 οἶμαι,
1004 2210 1227 2263 δυνατὸν
1251 2210 1424 2281 ἀρχήν
1450 2225 1572 2264 τινα
1597 2208 1691 2260 καὶ
1717 2206 1874 2278 ῥίζαν

297 2301 537 2370 ζωτικῆς
575 2297 739 2355 οὖσαν
782 2300 1104 2371 δυνάμεως,
1153 2301 1282 2371 περὶ
1328 2300 1426 2370 τὴν
1471 2299 1660 2369 ἑτέραν
1701 2297 1874 2368 ἀρχὴν

298 2393 799 2467 στενοχωρεῖσθαι),
822 2393 897 2456 ὡς
928 2393 993 2446 ἂν
1030 2393 1102 2462 μή
1146 2410 1198 2444 τι
1235 2391 1336 2461 τῆς
1379 2390 1688 2460 οἰκονομίας
1717 2389 1775 2439 ὲν
1808 2389 1872 2458 τῇ

294 2485 599 2539 ἀποστάσει
636 2484 736 2554 τῆς
789 2483 1160 2556 θερμαντικῆς
1214 2476 1413 2545 οὐσίας’
1446 2478 1828 2550 παραϐλαϐείη
1853 2494 1866 2507 ·

297 2576 469 2645 πόρος
505 2575 777 2646 νευρώδης
805 2573 1074 2644 (ἀρτηρία
1102 2572 1159 2624 δὲ
1185 2570 1341 2625 τοῦτο
1384 2570 1534 2640 παρά
1559 2569 1668 2621 τῶν
1696 2566 1871 2621 ταῦτα

301 2668 483 2736 σοφῶν
531 2664 886 2737 ὀνομάζεται)
932 2662 1327 2732 ἀναδεξάμενος
1376 2662 1474 2731 τῆς
1535 2658 1760 2731 καρδίας
1810 2656 1872 2710 τὸ

300 2756 546 2826 ἔμπυρον
580 2755 795 2825 πνεῦμα
819 2794 833 2819 ,
869 2755 1021 2826 φέρει
1060 2752 1210 2825 παρὰ
1244 2752 1304 2804 τὸ
1340 2746 1525 2822 ἧπαρ,
1561 2747 1724 2802 αὑτοῦ
1770 2765 1872 2801 που

298 2845 455 2916 παρά
482 2846 578 2917 τὴν
620 2845 821 2898 εἴσοδον
864 2844 971 2897 τῶν
1002 2844 1184 2914 ὑγρῶν
1227 2841 1737 2910 συνεστομωμένος,
1780 2837 1874 2891 καὶ

298 2937 572 3001 ἁναζέσας
597 2937 685 2991 διὰ
721 2937 821 3006 τῆς
866 2936 1197 3006 θερμότητος
1229 2932 1327 3002 τὴν
1355 2930 1641 3001 ὑγρασίαν,
1678 2931 1872 2981 ἐναπο-

298 3026 509 3080 τίθεταί
555 3045 606 3080 τι
641 3026 717 3097 τῷ
751 3026 900 3097 ὑγρῴ
938 3027 1034 3096 τῆς
1076 3024 1168 3078 τοῦ
1205 3024 1376 3093 πυρὸς
1411 3022 1759 3090 συγγενείας,
1806 3022 1870 3090 τῇ

304 3116 580 3189 πυροειδεί
626 3117 764 3186 χρόᾳ
802 3116 864 3168 τὸ
894 3114 986 3167 τοῦ
1021 3115 1248 3184 αἵματος
1281 3111 1417 3175 εἶδος
1464 3110 1870 3180 καταφοινίξας,

300 3206 437 3263 Εἶτα
471 3208 692 3261 ἐκεῖθεν
742 3206 1152 3277 ἀφορμηθέντες
1183 3205 1392 3275 δίδυμοί
1420 3221 1565 3266 τινες
1594 3202 1789 3272 ὀχετοὶ,
1815 3201 1876 3254 τὸ

301 3301 503 3352 οἰκεῖον
547 3297 804 3368 ἑκάτερος
854 3295 1218 3367 σωληνοειδῶς
1274 3295 1620 3366 περιέχοντες
1658 3293 1876 3363 πνεῦμά

301 3408 365 3443 τε
408 3391 501 3443 καὶ
551 3385 724 3459 αἷμα,
778 3387 852 3451 ὡς
896 3387 960 3440 ἂν
1009 3385 1339 3457 εὑπόρευτον
1411 3384 1495 3456 εἴη
1524 3423 1538 3447 ,
1589 3383 1649 3437 τὸ
1704 3383 1868 3454 ὑγρόν

302 3498 367 3535 τε
407 3480 501 3534 τοῦ
553 3479 754 3550 θερμοῦ
806 3480 1016 3550 κινήσει
1075 3474 1483 3549 συμπαροδεῦον
1529 3475 1624 3528 καὶ
1686 3491 1875 3542 κουφι-

307 3570 558 3640 ζόμενον,
622 3571 705 3638 ἐφ’
764 3567 909 3621 eum
964 3567 1027 3619 τὸ
1089 3566 1248 3637 σῶμα
1314 3564 1648 3634 πολυσχιδῶς
1717 3581 1877 3617 κατα-

311 3660 643 3731 σπείρονται,
682 3660 762 3721 είς
798 3658 996 3730 μυρίας
1028 3657 1232 3727 ὀχετῶν
1267 3658 1439 3727 ἀρχάς
1468 3673 1528 3709 τε
1570 3657 1664 3709 καὶ
1694 3657 1879 3724 διαφύ-

308 3770 420 3816 σεις
470 3751 611 3805 κατά
653 3753 760 3804 πᾶν
815 3752 979 3821 μέρος
1030 3750 1444 3820 διασχιζόμενοι.
1490 3748 1781 3818 Μιχθεῖσαι
1821 3748 1877 3800 δὲ

308 3844 444 3916 πρὸς
477 3843 709 3912 ἀλλήλας
738 3842 846 3895 τῶν
874 3841 1119 3906 ζωτικῶν
1147 3841 1429 3911 δυνάμεων
1461 3841 1515 3892 αἱ
1547 3840 1640 3892 δύο
1677 3839 1842 3909 ἀρχαὶ
1862 3881 1875 3903 ,

306 3936 343 4004 ἦ
372 3951 431 3986 τε
454 3935 513 3987 τὺ
550 3934 749 4005 θερμὸν
798 3935 1045 4004 πανταχῆ
1086 3934 1225 3987 κατά
1268 3934 1330 3986 τὸ
1365 3933 1524 4003 σῶμα
1548 3973 1563 3997 ,
1611 3934 1706 3985 καὶ
1745 3936 1777 4002 ἡ
1820 3932 1879 3983 τὸ

310 4024 473 4095 ὑγρὸν
505 4025 895 4096 ἐπιπέμπουσα
916 4065 930 4088 ,
958 4025 1209 4095 καθάπερ
1246 4025 1367 4078 τινά
1402 4024 1689 4095 δανεισμὸν
1708 4025 1878 4091 ἀναγ-

309 4118 460 4168 καῖον
490 4118 553 4168 ὲκ
579 4115 688 4168 τῶν
725 4116 938 4169 οἰκείων
968 4118 1034 4186 τῇ
1066 4116 1489 4187 ἀρχηγικωτέρᾳ
1516 4117 1616 4185 τῆς
1644 4115 1880 4185 ζωτικῆς

308 4208 613 4276 οἰκονομίας
659 4208 885 4277 δυνάμει
924 4208 1349 4279 δωροφοροῦσιν.
1400 4210 1556 4262 Ἔστι
1588 4210 1631 4263 δ’
1677 4208 1878 4279 αῦτηὴ

308 4299 450 4353 κατά
475 4299 574 4364 τὰς
606 4301 874 4371 μήνιγγας
916 4301 1010 4354 καὶ
1037 4301 1129 4354 τὸν
1168 4302 1470 4371 ὲγκέςραλον
1502 4301 1885 4372 θεωρουμένη,

310 4392 401 4460 ἀφ’
446 4388 515 4463 ἧς
554 4393 702 4445 πᾶσα
754 4392 852 4464 μὲν
893 4392 1094 4464 ἄρθρου
1141 4392 1388 4464 κίνησις,
1432 4395 1582 4446 πᾶσα
1625 4393 1683 4445 δὲ
1730 4392 1880 4461 μυῶν

313 4482 536 4556 συνολκὴ
560 4526 573 4547 ,
617 4486 724 4538 πᾶν
755 4485 810 4538 δὲ
849 4485 1231 4556 προαιρετικὸν
1264 4486 1480 4555 πνεῦμα
1510 4487 1606 4538 καὶ
1638 4488 1748 4550 τοῖς
1780 4502 1881 4537 κα-

1976 2048 2085 2088 non
2120 2033 2174 2087 in
2208 2048 2273 2088 eo
2320 2031 2676 2101 acquirendo,
2720 2030 3040 2083 animalium
3075 2028 3307 2082 rationis
3346 2042 3545 2096 exper-

1975 2127 2108 2178 tium
2154 2139 2325 2187 more,
2366 2122 2647 2176 hominum
2699 2128 2998 2189 occupetur
3053 2134 3240 2189 opera.
3298 2118 3547 2186 Cumque

1970 2216 2208 2286 jecinori
2244 2216 2409 2270 etiam
2458 2213 2808 2269 necessarius
2840 2212 2907 2265 ad
2952 2209 3402 2265 commutandam
3455 2222 3550 2262 res

1975 2307 2231 2363 humidas
2252 2306 2308 2360 in
2338 2305 2685 2374 sanguinem,
2717 2303 2919 2358 caloris
2958 2317 3093 2356 usus
3128 2301 3287 2363 foret,
3328 2300 3547 2353 abesset

1975 2409 2155 2454 autem
2211 2396 2511 2450 membrum
2570 2393 2673 2446 hoc
2718 2392 2828 2447 situ
2885 2406 2985 2447 suo
3033 2391 3251 2459 longius
3293 2404 3321 2442 a
3357 2388 3547 2448 corde,

1975 2496 2260 2560 propterea
2278 2485 2430 2555 'quod
2457 2485 2679 2537 minime
2708 2483 3067 2537 conveniebat
3095 2497 3209 2548 cor,
3235 2480 3379 2549 quod
3408 2479 3553 2560 prin-

1975 2583 2176 2651 cipium
2207 2587 2262 2633 et
2292 2578 2445 2632 radix
2475 2576 2754 2630 facultatis
2784 2575 2968 2630 vitalis
2993 2583 3156 2634 esset.
3185 2552 3431 2626 arctiore~
3453 2586 3552 2640 per

1974 2672 2312 2726 vicinitatem
2348 2669 2468 2721 loco
2500 2667 2656 2721 alteri
2687 2666 2812 2721 vitae
2857 2666 3127 2736 principio
3163 2663 3444 2733 conjungi,
3482 2679 3552 2717 ne

1975 2761 2105 2833 quid
2137 2762 2209 2815 ob
2250 2760 2453 2814 caloris
2493 2758 2812 2812 distantiam
2851 2756 3158 2811 detrimenti
3196 2756 3354 2809 nobis
3404 2753 3553 2807 acci-

1974 2855 2150 2916 deret,
2183 2860 2393 2906 meatus
2419 2866 2653 2905 nerveus
2681 2851 2863 2920 (quem
2898 2848 3059 2918 periti
3100 2848 3265 2916 hujus
3288 2846 3552 2900 doctrinm

1976 2947 2231 3003 arteriam
2255 2948 2471 3003 vocant)
2496 2944 2755 2997 haustum
2776 2940 2843 2994 de
2863 2940 3029 2993 corde
3053 2938 3304 3007 spiritum
3331 2937 3550 3006 igneum

1977 3039 2042 3093 ad
2085 3040 2250 3107 hepar
2290 3034 2486 3099 defert,
2534 3041 2699 3103 atque
2754 3033 2871 3085 hare
2924 3030 3145 3097 quidem
3195 3029 3391 3081 arteria
3432 3027 3553 3080 loco

1977 3142 2145 3198 prope
2186 3127 2400 3188 eodem,
2437 3139 2546 3193 quo
2577 3120 2799 3175 humida
2830 3119 3193 3188 recipiuntur,
3233 3115 3413 3186 hepati
3465 3115 3553 3167 in-

1979 3219 2202 3279 seritur,
2232 3216 2415 3283 itaque
2449 3213 2634 3267 calore
2665 3227 2764 3267 suo
2796 3209 2921 3263 facit
2950 3216 3007 3263 ut
3038 3208 3259 3261 humida
3291 3208 3553 3274 ferveant,

1978 3307 2234 3378 quiddam
2275 3322 2399 3360 cum
2453 3305 2534 3359 eis
2591 3303 2702 3373 igni
2755 3307 3050 3370 cognatum
3114 3298 3551 3360 connuunicans,

1978 3412 2087 3467 quo
2118 3396 2172 3449 fit
2201 3396 2276 3448 uti
2314 3393 2540 3464 sanguis
2572 3393 2734 3462 igneo
2770 3391 2954 3446 colore
2986 3405 3295 3460 respersus,
3344 3404 3554 3458 purpu-

1979 3505 2104 3543 reus
2147 3487 2391 3541 exsistat.
2434 3486 2562 3539 Inde
2616 3498 2809 3538 rursus
2855 3482 3032 3537 exorti
3067 3482 3269 3552 gemini
3330 3481 3555 3551 quidam

1978 3581 2138 3636 rivuli
2177 3579 2378 3633 tubulis
2425 3576 2764 3640 consimiles,
2810 3590 3045 3645 quorum
3087 3574 3229 3628 alius
3276 3574 3552 3642 spiritum,

1980 3672 2299 3741 sanguinem
2322 3669 2464 3723 alius
2481 3669 2725 3722 continet
2750 3666 3186 3737 (coniunguntur
3206 3675 3386 3719 autem
3411 3664 3553 3726 ideo,

1980 3770 2039 3815 ut
2079 3762 2275 3814 humor
2317 3774 2409 3828 per
2432 3758 2634 3811 caloris
2668 3757 3050 3816 mobilitatem,
3094 3754 3139 3807 si
3179 3753 3227 3806 is
3257 3769 3362 3805 una
3395 3751 3559 3805 veha—

1983 3861 2093 3915 tur,
2123 3852 2293 3905 levior
2327 3846 2604 3915 exsistat),
2646 3861 2744 3917 per
2778 3861 2976 3915 corpus
3010 3845 3325 3898 universum
3369 3842 3555 3895 multi-

1980 3943 2172 3997 fariam
2228 3950 2580 4011 sparguntur,
2618 3947 2940 4011 tantumque
2990 3954 3098 3992 non
3131 3936 3341 3990 infinita
3377 3936 3432 3988 in
3468 3949 3559 3988 ca-

1982 4034 2187 4087 nalium
2216 4030 2481 4100 principia
2507 4030 2776 4098 quasique
2802 4044 2984 4082 ramos
3008 4044 3066 4083 sc
3090 4027 3292 4096 passim
3323 4024 3555 4078 findunt.

1981 4127 2158 4193 Atque
2184 4124 2293 4177 duo
2324 4122 2541 4191 quidem
2576 4122 2691 4176 haec
2718 4120 3034 4174 facultatum
3075 4120 3319 4173 vitalium
3353 4115 3561 4187 princi—

1981 4213 2069 4283 pia
2112 4214 2252 4267 inter
2281 4228 2339 4266 se
2364 4208 2679 4276 commista,
2717 4225 2839 4264 cum
2871 4210 2921 4263 id
2960 4209 3105 4278 quod
3141 4208 3409 4269 calorem,
3442 4212 3558 4259 tum

1982 4306 2137 4377 quod
2167 4305 2450 4358 humorem
2488 4303 2805 4356 universum
2858 4302 2911 4355 in
2954 4316 3155 4369 corpus
3189 4300 3348 4358 didit,
3384 4296 3561 4367 quod-

1982 4397 2107 4450 dam
2149 4396 2315 4450 veluti
2356 4393 2599 4449 debitum
2637 4392 2900 4445 tributum
2931 4392 3174 4444 facultati
3218 4406 3337 4459 qua:
3381 4390 3433 4441 in
3466 4387 3562 4441 ad-
3656 4418 3659 4420 >

1983 4487 2387 4540 ministratione
2427 4483 2552 4536 vitae
2591 4497 2808 4535 summo
2838 4497 2963 4535 cum
3000 4481 3232 4555 imperio
3267 4486 3351 4533 est
3381 4487 3433 4532 et
3458 4493 3560 4547 po-

312 4575 568 4631 Oémwtov
623 4578 830 4648 μορίοις
876 4578 1342 4647 ἐπιπεμπόμενον,
1399 4578 1618 4649 ἐνεργόν
1671 4594 1730 4629 τε
1785 4578 1876 4631 καὶ

1986 4588 2201 4643 testate,
2265 4578 2524 4648 pendunt.
2587 4575 2945 4644 Intelligimus
2989 4581 3170 4626 autem
3219 4571 3560 4636 facultatem,

312 4669 621 4739 κινούμενον
652 4670 740 4723 τὸν
780 4670 965 4741 γήϊνον
988 4670 1145 4741 ἡμῶν
1183 4670 1497 4740 ἀνδριάντα,
1538 4668 1789 4739 καθάπερ
1815 4670 1879 4722 ὲκ

318 4762 559 4833 μηχανῆς
598 4778 744 4826 τινος
773 4762 1140 4817 ἀποδείκνυσι.
1178 4763 1284 4816 Τοῦ
1314 4780 1375 4815 τε
1422 4764 1532 4833 γὰρ
1572 4761 1777 4832 θερμοῦ
1818 4759 1882 4813 τὸ

313 4847 714 4919 καθαρώτατον,
764 4851 859 4902 καὶ
899 4849 992 4902 τοῦ
1038 4848 1206 4920 ὑγροῦ
1254 4849 1317 4903 τὸ
1365 4851 1692 4906 λεπτότατον
1750 4851 1880 4921 παρ’

314 4939 571 5011 ἑκατέρας
594 4940 875 5011 δυνάμεως
896 4941 983 5021 διά
1011 4959 1155 5005 τινος
1196 4941 1393 5011 μίξεώς
1423 4960 1482 4995 τε
1519 4944 1613 4996 καὶ
1637 4942 1882 5011 ἀνακρά-

316 5047 448 5093 σεως
498 5031 801 5094 ἐνωθέντα,
850 5030 1039 5102 τρέφει
1081 5050 1140 5085 τε
1174 5032 1267 5086 καὶ
1317 5033 1597 5103 συνίστησι
1643 5032 1728 5085 διὰ
1775 5032 1883 5086 τῶν

314 5123 497 5194 ἀτμῶν
542 5124 632 5177 τὸν
663 5124 988 5193 ἐγκέφαλον.
1037 5126 1158 5195 Ἀφ’
1192 5118 1253 5177 οὗ
1289 5126 1452 5180 πάλιν
1499 5126 1592 5178 ἐπὶ
1625 5123 1879 5195 καθαρώ-

314 5231 468 5268 τατον
497 5215 930 5287 ἐκλεπτυνομένη
973 5219 1007 5287 ἡ
1038 5218 1131 5270 ἀπ’
1173 5217 1382 5270 ἐκείνου
1415 5217 1665 5279 ἀνάδοσις
1687 5256 1700 5280 ,
1735 5217 1880 5271 ima.-

312 5309 480 5377 λείψει
524 5309 616 5360 τὸν
655 5309 997 5379 περιεκτικὸν
1053 5309 1146 5363 τοῦ
1197 5308 1500 5379 ἐγκεφάλου
1554 5308 1765 5380 ὑμένα,
1825 5309 1884 5372 ὃς

315 5400 514 5456 ἄνωθεν
542 5399 636 5452 ἐπὶ
665 5400 726 5452 τὸ
757 5399 917 5469 βάθος
943 5400 1233 5464 αὑλοειδῶς
1256 5402 1457 5470 διήκων
1478 5443 1491 5465 ,
1527 5401 1615 5454 διὰ
1642 5401 1750 5455 τῶν
1785 5418 1885 5454 κα-

318 5491 474 5561 θεξῆς
505 5489 831 5556 σπονδύλων,
856 5491 1046 5544 ἑαυτὸν
1076 5492 1132 5546 δὲ
1161 5492 1363 5546 καὶτὸν
1387 5493 1701 5562 ἐγκείμενον
1734 5491 1882 5561 αὑτῷ

321 5583 509 5654 μυελὸν
541 5582 824 5652 διεξάγων,
851 5586 914 5655 τῇ
948 5583 1103 5654 βάσει
1137 5584 1500 5654 συναπολήγει
1530 5586 1626 5654 τῆς
1651 5585 1879 5654 ῥάχεως*

318 5675 514 5738 πάσαις
544 5676 748 5730 ὀστέων
772 5693 830 5729 τε
850 5679 941 5730 καὶ
961 5676 1238 5747 ἁρμονιῶν
1262 5695 1323 5729 συ
1333 5675 1576 5747 μϐοὶαῖς,
1604 5676 1699 5729 καὶ
1732 5675 1883 5745 μυῶν

318 5770 510 5840 ἀρχαῖς
527 5763 638 5823 οἷόν
657 5785 742 5833 τις
758 5770 971 5841 ἡνίοχος
997 5771 1157 5832 αὐτὸς
1177 5769 1408 5832 ἐνδιδοὺς
1430 5769 1529 5838 τῆς
1548 5768 1883 5822 καθέκαστον

308 5858 577 5931 ,κιιήσεώς
617 5875 674 5927 τε
711 5858 804 5912 καὶ
838 5859 1079 5929 στάσεως
1110 5857 1207 5930 τὴν
1236 5857 1413 5928 ὁρμὴν
1456 5857 1546 5910 καὶ
1586 5856 1683 5928 τὴν
1725 5856 1882 5911 δύνα-

1982 4688 2104 4742 qua:
2123 4671 2332 4726 cerebri
2353 4669 2707 4730 membranis,
2731 4670 2959 4737 ipsoque
2978 4666 3203 4720 cerebro
3225 4665 3561 4726 continetur,

1984 4780 2014 4818 a
2070 4777 2177 4832 qua
2233 4759 2512 4830 profectus
2553 4759 2735 4813 omnis
2778 4771 3069 4810 nervorum
3125 4763 3329 4817 motus,
3384 4754 3564 4808 omnis

1984 4854 2357 4909 musculorum
2383 4850 2710 4911 contractio,
2747 4848 2930 4902 omnis
2967 4846 3218 4917 spiritus,
3256 4844 3350 4915 qui
3384 4851 3564 4897 motus

1984 4955 2068 5002 est
2100 4946 2331 5017 singulis
2372 4945 2426 4998 in
2458 4942 2718 4997 membris
2747 4940 3035 5011 spontanei
3063 4954 3253 5003 causa,
3300 4937 3562 4998 efﬁciunt,

1984 5039 2061 5094 uti
2092 5036 2339 5107 corporis
2371 5035 2595 5089 humani
2629 5033 2896 5088 fabricata
2936 5030 3004 5086 de
3041 5042 3187 5085 terra
3219 5038 3399 5085 statua
3446 5026 3564 5080 suis

1987 5102 2297 5183 actionibus
2343 5134 2396 5182 et
2426 5133 2579 5190 motu
2632 5126 2703 5179 sit
2748 5123 2997 5192 praedita.
3038 5120 3097 5175 In
3126 5110 3309 5175 calore
3340 5116 3558 5184 quidem
3642 5102 3647 5111 ”

1987 5221 2132 5292 quod
2161 5225 2244 5274 est
2270 5218 2428 5287 longe
2459 5215 2840 5287 purissimum,
2872 5222 2926 5269 et
2954 5214 3008 5268 in
3037 5213 3266 5267 humore
3296 5206 3561 5261 tenuissi-

1985 5328 2157 5378 mum,
2213 5318 2448 5379 utraque
2496 5309 2750 5364 mistione
2794 5307 3027 5378 quadam
3080 5318 3145 5357 ac
3191 5305 3562 5369 temperatura

1987 5404 2165 5466 unita,
2188 5402 2338 5457 velut
2360 5399 2667 5455 exhalando
2689 5398 2973 5453 cerebrum
2999 5393 3251 5450 nutriunt
3271 5399 3325 5447 et
3350 5389 3558 5445 fovent.

1985 5496 2069 5551 Ab
2108 5496 2211 5549 hoc
2250 5492 2437 5548 eadem
2472 5492 2635 5561 longe
2674 5488 2968 5559 purissime
3008 5490 3289 5540 attenuata
3319 5480 3558 5536 reddun-

1990 5596 2102 5651 tur,
2159 5595 2215 5641 nt
2265 5584 2639 5640 membranam
2695 5583 2874 5650 ipsum
2928 5576 3253 5630 ambientem
3306 5571 3558 5641 irrigent.

1990 5679 2113 5732 Haec
2161 5675 2228 5730 de
2277 5685 2428 5745 parte
2473 5672 2713 5727 hominis
2754 5668 3040 5741 superiore
3071 5667 3139 5722 ad
3170 5666 3278 5720 ima
3307 5664 3558 5729 tendens,

1992 5768 2292 5836 fistulmque
2314 5766 2366 5819 in
2392 5763 2611 5819 modum
2635 5763 2925 5833 contiguas
2945 5760 3225 5816 vertebras
3247 5763 3559 5827 penetrans,

1991 5873 2115 5914 cum
2147 5855 2403 5921 medulla,
2433 5868 2595 5923 quam
2629 5853 2892 5923 continet,
2918 5852 2984 5909 ad
3010 5852 3194 5909 basem
3224 5861 3397 5919 usque
3417 5843 3564 5901 dorsi
