3890 6364
375 411 473 467 9.ὺί

1614 400 1670 455 S.
1715 399 2039 455 GllEGORli
2081 399 2368 454 NYSSENI

3540 396 3662 455 9.53“

379 527 571 592 Spinae,
600 538 765 592 quam
791 529 1008 585 vocant,
1035 521 1213 574 delata
1238 519 1441 581 deﬁcit,
1470 521 1586 587 ipsa
1606 521 1770 573 etiam
1797 521 1953 587 spina

2066 538 2174 590 μιν.
2207 521 2302 570 Διὰ
2336 518 2491 571 τοῦτό
2518 536 2605 588 μοι
2636 518 2782 570 δοκεῖ
2815 518 2907 571 καὶ
2930 517 3344 588 ἀσφαλεστέρας
3371 515 3647 589 ἠξιῶσθαι

379 632 446 670 eo
485 617 603 669 loco
627 615 930 669 desinente.
984 611 1205 665 Ossium
1235 611 1456 680 quidem
1493 621 1544 664 et
1570 611 1955 679 iuncturarum

380 707 436 760 in
473 722 704 776 corpore
745 704 1126 760 commissuris
1160 704 1437 767 omnibus,
1470 703 1706 772 itemque
1742 717 1960 756 muscu-

380 798 557 851 lorum
595 798 876 866 principiis
911 797 980 851 ab
1004 797 1109 850 hac
1150 795 1486 860 membrana,
1543 800 1801 863 tanquam
1840 808 1960 847 om-

379 888 531 941 nium
566 877 952 949 moderatrice,
986 888 1050 942 ad
1077 887 1375 956 quemlibet
1413 895 1620 940 motum
1659 901 1723 939 ac
1750 887 1965 955 requie-

378 983 488 1029 tem
530 976 761 1031 facultas
794 977 1019 1031 inditur.
1068 976 1200 1030 Eam
1237 975 1308 1028 ob
1331 989 1576 1038 causam,
1606 974 1674 1027 de
1708 973 1814 1026 mei
1843 973 1958 1041 qui-

381 1067 501 1122 dem
533 1070 700 1123 animi
745 1068 975 1137 judicio,
1020 1067 1220 1122 muniri
1250 1067 1393 1121 hanc
1441 1067 1607 1121 etiam
1637 1068 1809 1135 magis
1856 1064 1954 1117 ali--

2059 612 2317 680 φρουρᾶς,
2356 612 2449 663 καὶ
2482 609 2621 663 κατὰ
2658 610 2755 679 μὲν
2786 610 2885 682 τὴν
2933 610 3175 679 κεφαλὴν
3201 609 3414 673 διπλαῖς
3438 608 3647 662 όστέων

2059 703 2370 772 περιϐολαῖς
2411 705 2468 754 ὲν
2502 701 2687 771 κύκλῳ
2714 702 3119 772 διειλημμένος,
3153 704 3212 753 ἐν
3244 701 3302 754 δὲ
3326 703 3439 763 τοῖς
3478 716 3649 752 “mw

2059 793 2234 856 δύλοις
2261 797 2380 855 ταῖς
2417 811 2474 845 τε
2503 792 2610 846 τῶν
2641 794 2893 847 ἀκανθῶν
2933 792 3226 863 προϐολαῖς
3256 793 3351 845 καλ⁵
3380 794 3504 855 ταῖς
3543 809 3646 844 πο-

2062 883 2351 954 λυτρόποις
2382 883 2520 937 κατὰ
2547 884 2608 936 τὸ
2631 884 2816 953 σχῆμα
2844 883 3187 947 διαπλοκαῖς.
3211 883 3276 935 δι’
3295 876 3370 935 ὧν
3401 884 3461 935 ἐν
3502 883 3649 934 ἁπα-

2065 975 2184 1045 Οεία
2237 976 2385 1047 πάσῃ
2420 975 2781 1043 φυλάττεται,
2815 974 2904 1028 διὰ
2936 974 3037 1045 τῆς
3074 974 3434 1046 περιεχούσης
3480 973 3645 1027 αὑτὸν

2062 1069 2303 1137 φρουρᾶς
2329 1068 2388 1119 τὸ
2412 1068 2648 1136 ἀσφαλὲς
2686 1067 2847 1137 ἔχων.

382 1168 603 1227 quanto,
637 1174 800 1229 quam
823 1159 1067 1213 membra
1096 1168 1314 1222 caetera,
1345 1156 1722 1212 conveniebat.
1756 1155 1946 1225 Itaque
1982 1157 2034 1209 in
2068 1159 2247 1227 capite
2274 1158 2479 1229 duplici
2504 1160 2713 1215 ossium
2744 1160 2951 1214 ambitu
2977 1160 3125 1214 omni
3169 1176 3234 1214 ex
3290 1169 3446 1230 parte
3495 1172 3647 1213 com-

382 1248 754 1320 prehenditur,
790 1250 847 1304 in
888 1250 1163 1305 vertebris
1208 1266 1378 1320 quum
1436 1249 1768 1304 exstantium
1833 1248 1995 1300 veluti
2034 1250 2316 1318 spinarum
2364 1252 2815 1322 propugnaculis,
2874 1260 2987 1305 tum
3037 1252 3320 1321 multiplici
3396 1251 3647 1320 ipsarum

382 1341 754 1395 vertebrarum
814 1341 960 1396 inter
1021 1356 1142 1396 sese
1203 1356 1398 1395 nexu:

1446 1356 1555 1410 quo
1592 1341 1679 1405 lit,
1739 1346 1798 1395 ut
1846 1341 1916 1395 ab
1967 1341 2055 1394 illa
2098 1357 2315 1397 omnem
2368 1344 2624 1415 injuriam
2679 1348 2815 1413 haec,
2851 1363 2959 1418 qua
2997 1348 3118 1402 lwdi
3162 1354 3371 1417 posset,
3420 1356 3649 1401 arceant

380 1431 622 1501 adeoque
654 1439 768 1487 tuta
818 1434 911 1499 sit,
970 1433 1207 1503 quodam
1248 1432 1407 1502 quasi
1460 1434 1716 1503 praesidio
1755 1435 1929 1504 ipsam
1958 1435 2196 1508 undique
2218 1439 2479 1508 sepiente.

448 1523 598 1578 Idem
650 1523 716 1579 de
766 1525 929 1579 corde
974 1525 1099 1578 licet
1140 1523 1475 1589 existimare,
1528 1539 1650 1579 esse
1699 1525 1958 1578 nimirum

380 1615 487 1669 hoc
516 1616 689 1671 instar
720 1618 943 1672 munitae
984 1616 1181 1671 domus
1214 1617 1364 1671 omni
1400 1632 1465 1671 ex
1517 1624 1671 1685 parte
1710 1630 1959 1685 compre-

380 1706 616 1761 hensum
660 1708 964 1775 aptissime,
995 1723 1060 1763 ac
1085 1709 1485 1763 circumdatum
1517 1708 1584 1761 ab
1609 1706 1829 1761 ossibus
1856 1706 1959 1760 du-

381 1799 642 1855 rissimis.
677 1799 813 1855 Nam
846 1815 876 1854 a
915 1810 1070 1871 tergo
1104 1802 1260 1872 spina
1299 1808 1386 1855 est
1414 1800 1585 1863 dorsi,
1611 1814 1774 1870 quam
1808 1810 1957 1853 utra-

2140 1528 2369 1598 Ὀμοίως
2396 1529 2441 1582 δ’
2462 1531 2527 1584 ἄν
2556 1549 2641 1595 τις
2667 1532 2761 1585 καὶ
2782 1534 3027 1603 περὶτῆς
3053 1533 3278 1603 καρδίας
3301 1533 3646 1603 στοχάσαιτο,

2055 1620 2135 1671 ὅτι
2170 1621 2416 1691 καθάπερ
2444 1639 2526 1685 τις
2547 1617 2693 1686 οἶκος
2724 1624 2971 1693 ἀσφαλὴς
3004 1624 3138 1696 αὕτη
3173 1624 3261 1677 διὰ
3280 1624 3390 1677 τῶν
3420 1627 3648 1696 στερρο-

2055 1708 2235 1761 τάτων
2266 1711 2649 1783 περιηρμόσθη
2681 1716 2802 1776 ταῖς
2836 1714 2944 1767 τῶν
2976 1715 3175 1767 ὀστέων
3216 1716 3275 1766 ὲν
3321 1714 3509 1785 κύκλῳ
3548 1732 3647 1769 πει

2059 1803 2261 1871 ριοχαῖς
2288 1803 2643 1875 ὠχυρωμένη.
2679 1806 2922 1860 Κατόπιν
2954 1807 3050 1875 μὲν
3078 1806 3188 1875 γάρ
3228 1809 3373 1860 ἐστιν
3404 1810 3437 1880 ἡ
3483 1810 3647 1879 ῥάχις

381 1907 489 1961 que
527 1902 682 1961 parte
737 1899 909 1947 tutam
959 1894 1198 1962 scapulae
1249 1893 1506 1948 reddunt.
1558 1892 1727 1947 Latus
1775 1899 1953 1947 autem

2060 1894 2175 1955 ταῖς
2219 1893 2572 1963 ὡμοπλάταις
2629 1897 2968 1968 ἑκατέρωθεν
3021 1898 3436 1969 ὴσφαλισμένη.
3502 1900 3644 1954 Καθ’

384 1992 676 2053 utrumque
705 1994 871 2039 costze
898 1987 1218 2056 complexae,
1254 1985 1403 2056 quod
1450 1986 1593 2040 inter
1630 1986 1731 2040 has
1780 1984 1958 2040 medio

379 2076 502 2132 loco
536 2076 872 2143 continetur,
910 2092 979 2132 ne
1013 2077 1142 2146 quid
1176 2078 1376 2132 diversi
1405 2076 1665 2148 patiatur,
1696 2075 1954 2130 etliciunt.

381 2167 541 2224 Parte
580 2169 816 2239 denique
859 2172 1040 2224 antica
1070 2178 1265 2239 pectus
1293 2176 1348 2224 et
1387 2169 1529 2225 binae
1559 2168 1838 2222 clavicula:
1865 2183 1959 2222 cor

381 2261 660 2326 muniunt,
700 2270 759 2314 ut
793 2263 894 2317 hoc
926 2261 1089 2316 modo
1118 2270 1294 2315 tutum
1323 2262 1566 2331 undique
1596 2259 1735 2315 foret
1763 2258 1961 2314 adver-

385 2368 483 2406 sus
533 2368 625 2407 res
662 2368 875 2417 omnes,
932 2369 1053 2422 qua:
1103 2368 1192 2407 res
1243 2353 1346 2422 ipsi
1375 2353 1458 2408 vel
1509 2354 1836 2415 molestiam,
1876 2350 1961 2407 vel

381 2444 587 2497 malum
623 2445 787 2498 etiam
836 2460 1027 2499 creare
1071 2453 1316 2513 possent.
1349 2443 1418 2497 Ut
1452 2451 1631 2499 autem
1667 2445 1722 2499 in
1749 2444 1964 2514 agrico-

382 2533 586 2589 latione
612 2534 856 2589 videmus
879 2535 946 2588 ab
978 2534 1151 2588 imbre
1176 2534 1259 2588 vel
1281 2534 1580 2588 rivulorum
1624 2533 1964 2589 immissione

382 2636 586 2681 terram
636 2625 888 2696 irrigari:
939 2626 1086 2695 (nam
1141 2633 1261 2680 esto
1293 2625 1516 2695 quidam
1566 2625 1725 2680 nobis
1768 2626 1962 2680 hortus

381 2720 719 2787 propositus,
758 2718 812 2771 in
848 2732 957 2786 quo
991 2716 1154 2772 variae
1184 2717 1295 2773 sint
1341 2718 1580 2771 maximo
1612 2731 1846 2772 numero
1874 2733 1961 2771 ar-

380 2814 541 2866 bores
572 2813 812 2881 itemque
846 2825 1026 2865 rerum
1051 2812 1232 2865 omnis
1254 2808 1469 2879 generis
1503 2825 1533 2863 e
1563 2817 1708 2863 terra
1732 2824 1961 2863 naSeen-

379 2905 515 2957 tium
532 2902 763 2972 species,
811 2916 933 2970 quae
967 2902 1195 2969 singula:
1223 2900 1418 2965 forata,
1465 2901 1743 2972 qualitate,
1778 2901 1961 2955 colore

379 2993 672 3062 plurimum
730 2991 1021 3046 dill'erant:
1076 2999 1154 3044 tot
1216 3007 1301 3045 res
1367 3006 1491 3044 cum
1562 2990 1808 3058 ejusdem
1856 2992 1958 3046 loci

379 3084 695 3139 nutriantur
731 3084 979 3145 humore,
1030 3083 1109 3136 vis
1144 3091 1323 3137 tamen
1370 3083 1484 3136 hmc
1515 3097 1682 3136 succo
1715 3099 1816 3137 suo
1847 3084 1961 3139 sino

279 3165 291 3176 ’
380 3176 503 3244 gula
573 3174 790 3243 rigans.
846 3181 1041 3227 natura
1101 3188 1199 3227 sua
1259 3174 1446 3227 eadem
1508 3182 1591 3228 cst
1634 3192 1647 3228 :
1696 3190 1819 3227 cum
1872 3190 1959 3229 res

2063 1985 2320 2057 ἑκάτερον
2344 1988 2400 2040 δὲ
2431 1989 2713 2060 πλάγιονὴ
2741 1990 2847 2041 τῶν
2879 1991 3126 2063 πλευρῶν
3158 1990 3306 2055 θέσις
3336 1991 3642 2061 περιπτύσ-

2064 2094 2231 2131 σουσα
2265 2078 2327 2131 τὸ
2360 2080 2522 2149 μέσον
2555 2081 2827 2145 δυσπαθὲς
2868 2084 3259 2154 ἀπεργάζεται.
3321 2084 3408 2137 Ἐν
3439 2084 3496 2137 δὲ
3533 2086 3643 2146 τοῖς

2064 2171 2402 2242 ἔμπροσθεν,
2439 2173 2502 2226 τὸ
2552 2174 2773 2245 στέρνον
2813 2175 2910 2227 καὶ
2943 2176 2976 2244 ἡ
3012 2175 3109 2243 τῆς
3162 2174 3370 2238 κλειδὸς
3413 2174 3643 2241 συζυγία

2063 2263 2451 2333 προϐέϐληται,
2483 2263 2559 2326 ὡς
2576 2264 2641 2318 ἂν
2668 2265 2999 2335 πανταχόθεν
3025 2267 3163 2335 αὐτῇ
3181 2267 3243 2320 τὸ
3266 2267 3507 2334 ἀσφαλὲς
3537 2268 3645 2319 ἀπὸ

2063 2353 2169 2406 τῶν
2204 2353 2401 2418 ἔξωθεν
2436 2352 2790 2424 διοχλούντων
2839 2355 3187 2424 φυλάσσοιτο.
3224 2350 3349 2408 Οἷον
3396 2355 3453 2408 δὲ
3502 2356 3644 2409 κατά

2063 2445 2159 2515 τὴν
2193 2446 2467 2517 γεωργίαν
2494 2447 2640 2501 ἔστιν
2684 2449 2810 2501 ἰδεῖν
2832 2488 2846 2512 ,
2873 2448 2971 2519 τῆς
3001 2450 3067 2502 ὲκ
3105 2448 3281 2518 νεφῶν
3312 2448 3639 2519 ἐπομϐρίας,

2064 2538 2095 2607 ἢ
2128 2538 2225 2605 τῆς
2252 2538 2359 2590 τῶν
2387 2539 2590 2607 ὀχετῶν
2639 2539 2902 2611 ἐπιρροῆς
2952 2539 3236 2611 διάϐροχον
3270 2539 3529 2609 ποιούσης
3584 2537 3645 2591 τὸ

2064 2625 2441 2696 ὑποκείμενον.
2474 2627 2666 2697 Κῆπος
2693 2628 2751 2680 δέ
2777 2646 2861 2691 τις
2888 2629 3197 2682 ὑποκείσθω
3221 2629 3300 2700 τῷ
3329 2628 3474 2700 λόγῳ
3493 2668 3509 2692 ,
3538 2648 3642 2700 μυ-

2066 2719 2188 2788 ρίας
2235 2719 2333 2789 μὲν
2360 2718 2592 2789 δένδρων
2630 2718 2923 2791 διαφορὰς,
2958 2721 3306 2784 παντοδαπάς
3337 2722 3395 2775 δὲ
3434 2722 3545 2775 τῶν
3580 2723 3645 2775 ἐκ

2062 2811 2167 2881 γῆς
2210 2812 2497 2882 φυομένων
2535 2813 2680 2875 ἰδέας
2725 2814 2783 2865 ὲν
2836 2814 3015 2885 ἐαυτῷ
3051 2815 3291 2886 τρέφων,
3326 2809 3402 2868 ὦν
3447 2814 3545 2868 καὶ
3585 2814 3645 2868 τὸ

2066 2903 2275 2973 σχῆμα,
2314 2903 2408 2956 καὶ
2445 2906 2478 2973 ἠ
2526 2904 2750 2973 ποιότης
2772 2944 2784 2968 ,
2817 2906 2912 2958 καὶ
2944 2908 2976 2976 ή
3013 2907 3113 2977 τῆς
3143 2908 3313 2977 χρόας
3354 2905 3555 2975 ἰδιότης
3585 2907 3643 2959 ὲν

2064 2994 2232 3065 πολλῇ
2266 2994 2499 3067 διαφορᾷ
2532 2999 2643 3060 τοῖς
2670 2996 3011 3051 καθέκαστον
3046 2999 3414 3070 ὲνθεωρεϊται.
3443 2998 3646 3052 Τοσούο

2062 3104 2168 3139 των
2190 3088 2367 3141 τοίνυν
2389 3088 2529 3142 κατὰ
2555 3088 2647 3141 τὸν
2674 3089 2771 3141 ἕνα
2796 3089 2974 3159 χῶρον
3000 3088 3077 3160 τῷ
3092 3090 3244 3161 ὑγρῷ
3264 3090 3640 3161 τρεφομένων,

2063 3180 2096 3247 ἡ
2137 3181 2233 3248 μὲν
2264 3180 2654 3244 ὑπονοτίζουσα
2702 3181 2773 3234 τὰ
2814 3182 2938 3235 καθ’
2968 3182 3199 3235 ἕκαστον
3227 3182 3457 3252 δύναμις
3482 3224 3498 3248 ,
3543 3182 3642 3252 μία

380 3267 512 3335 ipsa)
563 3283 682 3336 qua:
749 3267 1098 3330 nutriuntur,
1169 3281 1392 3321 succum
1454 3266 1707 3319 haustum
1775 3266 1953 3321 diver-

2060 3289 2142 3335 τις
2191 3272 2335 3326 κατὰ
2377 3274 2477 3343 τὴν
2526 3274 2687 3342 φύσιν
2739 3274 2916 3327 ἐστίν’
2953 3276 2987 3344 ἡ
3036 3274 3093 3327 δὲ
3138 3274 3247 3328 τῶν
3288 3275 3641 3346 τρεφομένων

380 3375 470 3413 sas
521 3359 574 3412 in
639 3358 931 3429 qualitates
987 3365 1340 3411 commutent.
1410 3359 1555 3411 ldcm
1604 3372 1840 3426 namque
1903 3360 1956 3412 in

380 3451 654 3507 absinthio
692 3450 1028 3504 convertitur
1072 3449 1127 3502 in
1157 3463 1459 3501 amarorcm
1488 3467 1500 3501 :
1550 3449 1604 3502 in
1632 3450 1810 3503 cicuta
1844 3466 1959 3504 suc-

378 3559 479 3597 cus
528 3542 781 3606 cllicitur,
833 3544 924 3613 qui
960 3542 1239 3597 interitum
1277 3540 1465 3594 affert:
1514 3542 1566 3594 in
1614 3542 1736 3597 aliis
1787 3543 1956 3608 aliud,

376 3636 525 3690 verbi
560 3637 753 3706 gratia,
789 3637 841 3689 in
876 3650 1058 3697 croco,
1092 3634 1356 3697 balsamo,
1395 3649 1698 3701 papavere:
1749 3651 1870 3689 nam
1903 3637 1955 3690 in

377 3729 464 3785 his
496 3730 599 3781 vim
632 3728 865 3783 calidam
903 3727 1154 3798 acquirit,
1188 3728 1242 3780 in
1279 3726 1386 3780 illis
1416 3725 1688 3796 frigidam,
1740 3728 1791 3781 in
1831 3729 1955 3783 aliis

376 3828 756 3890 temperatam.
808 3818 868 3872 ln
912 3818 1090 3884 lauro,
1131 3816 1185 3869 in
1222 3815 1391 3885 junco
1446 3817 1694 3878 odorato,
1748 3817 1800 3869 in
1834 3817 1955 3872 aliis

376 3912 689 3980 huiusmodi
724 3910 1078 3982 fragrantiam
1100 3907 1263 3961 habet
1291 3926 1303 3960 :
1329 3908 1381 3959 in
1412 3906 1510 3960 lico
1540 3918 1593 3961 et
1621 3922 1753 3977 pyro
1778 3907 1954 3960 dulci-

377 4005 641 4064 tudinem.
684 4002 745 4059 In
775 4003 884 4055 vite
914 3999 1252 4055 convertitur
1289 3998 1343 4050 in
1386 3998 1602 4053 botrum
1651 4012 1714 4049 ac
1746 3998 1951 4051 vinum.

377 4095 555 4148 Etiam
587 4099 957 4148 commutatur
1008 4090 1062 4144 in
1093 4104 1318 4143 succmn
1348 4088 1495 4148 mali.
1545 4088 1599 4142 in
1637 4088 1954 4143 rubedinem

380 4202 537 4249 rosm,
586 4186 640 4239 in
669 4182 1017 4254 splendidum
1062 4181 1159 4235 lilii
1208 4181 1522 4244 candorem,
1566 4180 1619 4233 in
1664 4182 1954 4235 cmrnleum

377 4281 553 4345 violae,
598 4280 653 4332 in
695 4292 1027 4349 purpureum
1082 4275 1360 4346 hyacinthi
1399 4275 1659 4330 colorem.
1715 4273 1956 4344 Denique

377 4370 632 4425 universa
670 4382 792 4438 qua:
818 4376 963 4421 terra
1002 4365 1233 4437 profert,
1277 4380 1590 4435 quanquam
1622 4365 1689 4419 ab
1723 4381 1832 4420 uno
1862 4382 1955 4421 eo-

376 4461 608 4530 demque
659 4460 889 4514 humore
944 4458 1305 4525 proveniant:
1342 4457 1718 4512 diversissima
1771 4466 1953 4513 tamen

376 4552 706 4613 f'lliciuntur,
742 4551 856 4606 sive
890 4550 1139 4620 ﬁguram,
1181 4550 1295 4605 sive
1339 4546 1598 4618 speciem,
1632 4548 1747 4604 sive
1777 4549 1952 4618 quali-

375 4653 512 4704 tates
540 4644 878 4712 singulorum
905 4641 1174 4712 spectes.)

447 4732 767 4804 llujnsmodi
808 4733 1079 4802 quoddam
1114 4741 1302 4786 nostro
1344 4731 1509 4785 etiam
1552 4732 1605 4785 in
1640 4747 1792 4803 agro,
1851 4733 1945 4786 illo

372 4828 597 4896 inquam
639 4825 898 4889 animato,
947 4824 1324 4878 admirandum
1368 4840 1509 4894 opus
1557 4833 1766 4878 natura!
1816 4842 1949 4880 con-

370 4920 632 4990 spicitur:
696 4924 904 4971 naturae
950 4915 1114 4970 dico?
1169 4916 1277 4969 imo
1330 4932 1461 4971 vero
1515 4916 1947 4991 ipsius_natur:e

370 5013 607 5068 Domini.
657 5006 817 5074 Ossa,
868 5006 1239 5076 cartilagines,
1278 5023 1448 5073 venae,
1492 5008 1726 5073 arteriae,
1769 5010 1942 5073 nervi,

367 5107 685 5176 ligamenta,
728 5115 943 5165 carnes,
989 5099 1151 5165 cutis,
1187 5100 1531 5171 pinguitudo,
1584 5101 1789 5170 capilli,
1829 5116 1947 5153 mu-

368 5199 526 5257 sculi.
550 5210 783 5264 ungues,
807 5192 974 5258 oculi,
998 5207 1180 5257 nares,
1206 5207 1389 5255 aures,
1413 5191 1729 5261 huiusmodi
1752 5202 1945 5246 caatera

367 5304 596 5343 numero
625 5302 793 5358 prope
816 5284 1049 5346 infinita.
1081 5284 1315 5339 diversis
1342 5300 1371 5337 a
1400 5298 1459 5338 se
1483 5283 1715 5337 invicem
1750 5282 1944 5338 distin-

367 5388 452 5432 cta
493 5379 938 5448 proprietatibus,
969 5393 1078 5432 una
1115 5376 1471 5433 nihilominus
1515 5376 1815 5444 eademque
1844 5375 1944 5428 ali-

368 5471 534 5525 menti
559 5472 759 5540 speeie,
783 5479 947 5541 prout
966 5472 1207 5541 ipsorum
1234 5480 1427 5523 natura
1450 5468 1572 5531 fert,
1594 5468 1935 5521 nutriuntur:

368 5560 442 5613 ita
470 5566 527 5613 ut
566 5560 720 5614 cibus
758 5576 881 5615 cum
911 5575 941 5613 a
974 5560 1237 5617 membris
1282 5559 1512 5630 singulis
1562 5574 1733 5628 prope
1759 5559 1933 5623 abest,

368 5650 489 5713 ejus
530 5647 584 5699 in
614 5655 866 5701 naturam
897 5658 1271 5712 convertatur,
1322 5649 1409 5703 cui
1450 5663 1571 5703 sese
1606 5648 1940 5717 adjunxerit.

371 5740 426 5792 Si
458 5738 524 5791 ad
551 5739 768 5792 oculum
798 5739 1096 5801 deferatur,
1125 5740 1267 5795 oculi
1302 5741 1365 5794 ad
1395 5750 1645 5795 naturam
1677 5748 1944 5810 tempera-

370 5844 491 5882 tur:
531 5838 577 5884 et
637 5840 795 5901 prout
839 5829 968 5898 ipsa:
1004 5832 1055 5886 in
1098 5832 1254 5888 oculo
1290 5835 1489 5887 tunica:
1537 5833 1766 5887 diversa:
1816 5843 1945 5888 sunt

2064 3366 2260 3434 ἰδιότης
2281 3405 2295 3428 ,
2332 3368 2412 3429 εἰς
2440 3366 2727 3438 διαφόρους
2764 3366 2826 3419 τὸ
2856 3367 3021 3438 ὑγρὸν
3067 3367 3392 3438 μεταϐάλλει
3422 3368 3644 3437 ποιότη-

2058 3475 2174 3520 τας.
2209 3458 2280 3511 Τὸ
2318 3459 2425 3530 γὰρ
2460 3459 2592 3512 αὐτὸ
2643 3460 2991 3530 πικραίνεται
3041 3459 3137 3528 μὲν
3180 3460 3238 3513 ὲν
3284 3462 3349 3530 τῇ
3394 3459 3638 3529 ἀψίνθῳ·

2058 3549 2139 3611 εἰς
2174 3548 2499 3619 φθοροποιὸν
2532 3549 2589 3602 δὲ
2624 3550 2795 3620 χυμὸν
2836 3553 2893 3605 ἐν
2922 3550 3001 3621 τῷ
3036 3551 3248 3620 κωνείῳ
3288 3550 3639 3620 μεθίσταται⁶

2059 3635 2151 3687 καὶ
2193 3634 2319 3687 ἄλλο
2348 3637 2406 3689 ἐν
2437 3635 2581 3707 ἄλλῳ
2624 3637 2852 3705 γίνεται,
2890 3640 2949 3691 ὲν
2976 3638 3160 3709 κρόκῳ
3181 3677 3196 3701 ,
3237 3640 3294 3693 ἐν
3337 3638 3601 3709 βαλσάμῳ
3625 3681 3638 3705 ,

2058 3723 2116 3774 ἐν
2168 3724 2407 3791 μήκωνι.
2448 3724 2539 3793 Τῷ
2576 3725 2674 3794 μὲν
2703 3726 2813 3797 γάρ
2840 3725 3293 3796 ἐκθερμαίνεται,
3324 3727 3401 3797 τῷ
3437 3727 3494 3779 δὲ
3528 3746 3643 3781 κα-

2056 3814 2376 3885 ταψύχεται,
2394 3815 2471 3887 τῷ
2492 3817 2548 3869 δὲ
2575 3820 2745 3889 μέσην
2778 3819 2889 3888 ἔχει
2920 3820 3200 3890 ποιότητα.
3229 3819 3340 3874 Καὶ
3361 3823 3417 3874 ἐν
3441 3821 3638 3894 δάφνῃ,

2058 3906 2149 3957 καὶ
2179 3908 2238 3958 ὲν
2270 3907 2497 3977 σχοίνῳ,
2540 3912 2633 3961 καὶ
2663 3913 2775 3972 τοῖς
2806 3910 3065 3973 τοιούτοις
3106 3910 3336 3965 εὔπνουν
3370 3912 3516 3964 ἐστίν
3537 3928 3552 3942 ⁸
3584 3915 3641 3967 ὲν

2060 3997 2195 4065 συκῇ
2230 3996 2287 4048 δὲ
2313 3995 2407 4047 καὶ
2430 3996 2561 4067 ὄχνῃ
2596 3997 3023 4068 κατεγλυκάνθη.
3061 3999 3171 4050 Καὶ
3203 3997 3292 4050 διὰ
3321 3997 3422 4066 τῆς
3452 3998 3640 4066 ἀμπέ-

2056 4084 2147 4140 λου
2180 4089 2375 4160 βότρυς
2397 4092 2491 4143 καὶ
2520 4085 2659 4153 οἰνος
2689 4091 2934 4157 ὲγένετο’
2970 4092 3061 4142 καὶ
3091 4092 3118 4142 ὁ
3137 4090 3230 4142 τού
3260 4089 3429 4160 μήλου
3456 4090 3639 4158 χυλὸς,

2058 4182 2152 4235 καὶ
2185 4183 2245 4235 τὸ
2276 4183 2368 4235 τοῦ
2398 4183 2550 4253 ῥόδου
2588 4183 2895 4254 ἐρύθρημα,
2933 4184 3027 4237 καὶ
3057 4184 3118 4235 τὸ
3149 4182 3244 4236 τοῦ
3278 4182 3466 4253 κρίνου
3500 4182 3643 4253 λαμ-

2058 4275 2216 4346 πρὸν,
2251 4276 2345 4328 καὶ
2375 4277 2437 4328 τὸ
2484 4275 2738 4339 κυανίζον
2783 4275 2878 4328 τοῦ
2914 4275 2992 4328 ἴου
3014 4316 3029 4340 ,
3064 4276 3158 4328 καὶ
3204 4275 3266 4328 τὸ
3300 4278 3641 4345 πορφυραῖον

2054 4367 2154 4435 τῆς
2199 4367 2453 4419 ὑακίνθου
2492 4367 2670 4438 βαφῆς
2696 4409 2708 4431 ,
2746 4369 2838 4419 καὶ
2890 4367 3049 4420 πάνθ’
3091 4369 3191 4420 ὅσα
3230 4366 3373 4420 κατὰ
3400 4367 3500 4437 τὴν
3534 4369 3641 4436 γῆν

2055 4460 2202 4511 ἔστιν
2237 4460 2384 4525 ἰδεῖν,
2417 4461 2481 4512 ὲκ
2522 4461 2649 4528 μιᾶς
2679 4461 2774 4512 καὶ
2799 4459 2900 4528 τῆς
2928 4459 3098 4528 αὐτῆς
3142 4458 3369 4528 ἰκμάδος
3394 4458 3639 4512 άναϐλαυ

2060 4551 2321 4603 στάνοντα
2345 4589 2358 4613 ,
2385 4551 2465 4611 εἰς
2484 4548 2752 4611 τοσαύτας
2777 4547 3041 4617 διαφορὰς
3070 4547 3210 4599 κατά
3238 4563 3297 4598 τε
3322 4545 3385 4598 τὸ
3411 4546 3601 4615 σχῆμα
3619 4586 3633 4610 ,

2060 4640 2154 4693 καὶ
2179 4638 2240 4690 τὸ
2273 4635 2432 4701 εἶδος,
2461 4639 2557 4692 καὶ
2588 4639 2687 4701 τὰς
2721 4638 3014 4708 ποιότητας
3043 4636 3401 4708 διακρίνεται.

2130 4727 2381 4781 Τοιοῦτόν
2410 4746 2463 4781 τι
2489 4730 2580 4781 καὶ
2619 4728 2761 4782 κατὰ
2795 4730 2893 4799 τὴν
2921 4727 3159 4798 ἔμψυχον
3206 4725 3365 4795 ἡμῶν
3396 4725 3638 4796 ἄρουραν

2058 4820 2538 4890 θαυματοποιεῖται
2578 4820 2729 4889 παρὰ
2758 4821 2858 4888 τῆς
2893 4818 3137 4888 φύσεως,
3174 4818 3375 4887 μᾶλλον
3395 4817 3453 4869 δὲ
3484 4818 3637 4888 παρὰ

2056 4911 2148 4964 τοῦ
2192 4912 2461 4963 Δεσπότου
2500 4912 2733 4979 φύσεως.
2777 4910 2968 4962 Ὁστέα
3000 4909 3096 4962 καὶ
3132 4909 3373 4979 χόνδροι,
3402 4907 3632 4975 φλέϐες,

2052 5004 2345 5075 ἀρτηρίαι,
2374 5003 2540 5075 νεῦρα
2562 5044 2575 5067 ,
2605 5003 2909 5073 σύνδεσμοι,
2959 5002 3181 5074 σάρκες,
3222 5001 3416 5072 δέρμα,
3465 5018 3631 5070 πιμε-

2052 5095 2175 5159 λαὶ,
2209 5096 2422 5166 τρίχες,
2459 5096 2642 5159 eam;
2664 5138 2677 5158 ,
2708 5095 2920 5165 ὄνυχες,
2977 5093 3278 5163 ὀφθαλμοὶ,
3315 5091 3626 5162 μυκτῆρες,

2050 5182 2194 5254 ὦτα,
2254 5189 2433 5243 πάντα
2493 5188 2561 5241 τά
2619 5188 2883 5252 τοιαῦτα,
2938 5188 3033 5240 καὶ
3103 5187 3271 5257 μυρία
3326 5186 3462 5255 πρὸς
3514 5186 3631 5238 τού·

2047 5299 2157 5345 τοις
2213 5280 2347 5336 ἄλλα
2400 5281 2680 5351 διαφόροις
2739 5280 2995 5346 ἰδιότησιν
3062 5277 3155 5329 ἀπ’
3233 5276 3477 5346 ἀλλήλων
3546 5293 3632 5328 κε-

2047 5372 2398 5442 χωρισμένα,
2457 5371 2559 5440 μιᾷ
2598 5374 2665 5441 τῇ
2716 5371 2814 5440 τῆς
2865 5369 3073 5439 τροφῆς
3112 5367 3226 5438 ἰδέα
3281 5366 3630 5437 καταλλήλως

2045 5466 2111 5533 τῇ
2160 5461 2367 5517 ἑαυτῶν
2418 5462 2681 5532 τρέφεται
2731 5460 2919 5530 φύσει,
2962 5460 3039 5522 ὡς
3081 5458 3294 5526 ἑκάστῳ
3350 5457 3460 5510 τῶν
3499 5459 3624 5510 ὑπο-

2039 5556 2306 5625 κειμένων
2363 5556 2463 5623 τὴν
2518 5555 2724 5625 τροφὴν
2787 5551 3282 5621 προσεγγίσασαν,
3341 5541 3495 5618 ᾧπερ
3561 5550 3625 5601 ἂν

2040 5647 2344 5720 ὲμπελάσῃ,
2378 5650 2498 5699 κατ’
2544 5649 2718 5698 ἐκεῖνο
2754 5646 2847 5697 καὶ
2889 5641 3254 5705 ἀλλοιοῦσθαι,
3293 5640 3502 5692 οἰκείαν
3533 5641 3623 5692 καὶ

2045 5736 2263 5805 συμφυῆ
2306 5740 2367 5805 τῇ
2423 5735 2518 5787 τού
2558 5736 2757 5805 μέρους
2812 5734 3032 5803 ἰδιότητι
3072 5730 3386 5801 γινομένην.
3420 5731 3482 5783 Εἰ
3515 5729 3621 5798 γὰρ

2034 5830 2183 5884 ’κατὰ
2214 5831 2301 5883 τὶν
2329 5828 2607 5899 ὀφθαλμὸν
2647 5829 2895 5897 γένοιτο,
2918 5825 2994 5897 τῷ
3019 5824 3259 5897 ὁρατικῷ
3292 5824 3466 5895 μορίῳ
3498 5837 3617 5891 συγ-
