3890 6424
230 449 322 506 ἓῖδ

1420 442 1505 495 ΒΕ
1547 442 1829 498 ΗΟΜΙΝΙΞ
1864 442 2173 500 OPlFlCIO.

3385 443 3494 502 254

231 556 554 630 κατεκράθη,
583 557 680 610 καὶ
702 556 810 608 τῶν
847 557 970 626 περὶ
997 555 1089 608 τὸν
1109 555 1384 627 ὀφθαλμὸν
1410 556 1652 626 χιτώνων
1681 561 1799 618 ταῖς

1906 557 2046 612 inter
2095 571 2174 618 se,
2235 555 2315 608 sic
2356 553 2520 607 etiam
2570 553 2970 606 nutrimentum
3010 551 3224 606 ratione
3255 553 3492 623 singulis

231 651 500 720 διαφοραῖς
543 647 768 710 οἰκείως
813 649 892 710 είς
938 647 1166 700 ἕκαστον
1215 648 1604 718 κατεμερίσθη.
1639 650 1702 702 Ei
1744 650 1802 702 δὲ

230 747 330 805 τοῖς
359 741 500 794 κατά
526 741 630 810 τὴν
662 739 832 810 ἀκοὴν
868 739 1088 812 μέρεσιν
1119 739 1376 810 ἐπιρρυῇ,
1407 743 1473 810 τῇ
1505 741 1800 812 ἀκουστικῇ

229 829 625 902 καταμίγνυται
667 829 828 899 φύσει
852 845 866 859 ο
917 829 1011 882 καὶ
1051 831 1110 881 ἐν
1141 828 1307 899 χείλει
1340 829 1652 899 γενόμενον,
1693 833 1804 899 χεῖ-

229 923 310 984 λος
333 923 546 990 ἐγένετο
565 938 580 950 °
609 921 709 974 καὶ
737 921 794 974 ὲν
829 919 1000 989 ὀστέῳ
1034 921 1304 989 πήγνυται
1324 959 1338 984 ,
1379 920 1474 972 καὶ
1520 921 1576 972 ὲν
1619 918 1800 990 μυελῷ

229 1011 574 1076 ἀπαλύνεται,
609 1011 710 1065 καὶ
739 1009 986 1065 τονοῦται
1026 1010 1165 1080 μετὰ
1209 1009 1301 1062 τοῦ
1345 1009 1536 1081 νεύρου
1563 1053 1579 1076 ,
1607 1012 1702 1064 καὶ
1735 1014 1799 1082 τῇ

231 1100 509 1171 ἐπιφανείᾳ
535 1099 1043 1172 συμπεριτείνεται,
1070 1101 1164 1154 καὶ
1190 1101 1269 1164 είς
1295 1100 1492 1170 ὄνυχας
1516 1101 1804 1167 διαϐαίνει,

233 1193 317 1246 καὶ
335 1195 412 1256 είς
442 1193 653 1264 τριχῶν
670 1193 883 1261 γένεσιν
908 1193 1432 1256 λεπτοποιεῖταιτοίς
1456 1193 1804 1264 καταλλήλοις

233 1285 433 1354 ἀτμοῖς.
458 1285 524 1337 Et
549 1284 655 1354 μὲν
683 1282 772 1336 διὰ
793 1283 1021 1336 σκολιῶν
1045 1283 1340 1355 προάγοιτο
1366 1284 1572 1355 πόρων,
1593 1283 1806 1337 οὐλοτέ-

237 1391 329 1446 ρας
369 1391 426 1427 τε
454 1375 552 1428 καὶ
594 1373 1104 1445 κατηγκυλωμένας
1137 1374 1236 1438 τάς
1264 1375 1458 1448 τρίχας
1484 1374 1763 1444 ὲκφύουσα
1789 1415 1804 1440 ,

234 1470 278 1522 εί
320 1468 376 1520 δὲ
425 1467 492 1521 δι’
525 1466 749 1530 εὐθείας
779 1467 814 1536 ή
843 1466 954 1520 τῶν
998 1467 1325 1537 τριχοποιῶν
1372 1467 1561 1538 ἀτμῶν
1594 1468 1806 1535 γένοιτο

235 1558 466 1630 πρόοδος,
487 1558 802 1631 τεταμένας
821 1574 882 1610 τε
911 1559 1003 1611 καὶ
1028 1557 1243 1622 εὐθείας
1269 1560 1602 1630 προάγουσα.
1647 1558 1808 1616 Ἀλλά

237 1653 359 1705 πολὺ
385 1651 496 1705 τῶν
520 1652 906 1724 προκειμένων
934 1652 962 1703 ὁ
989 1651 1145 1719 λόγος
1171 1654 1302 1722 ἡμῖν
1332 1651 1804 1720 ἀποπεπλάνηται,

234 1747 336 1806 τοῖς
359 1743 539 1814 ἔργοις
569 1743 892 1814 ἐμϐαθύνων
935 1743 1034 1813 τῆς
1073 1743 1306 1813 φύσεως,
1339 1742 1432 1795 καὶ
1462 1743 1806 1814 ὑπογράφειν

237 1836 536 1907 ἐπιχειρῶν,
588 1835 742 1897 ὅπως
783 1835 912 1906 ἡμῖν
943 1834 1038 1886 καὶ
1082 1831 1141 1898 ἐξ
1177 1832 1378 1886 ὁποίων
1411 1833 1706 1901 συνέστηκε
1739 1831 1807 1885 τὰ

238 1931 582 1991 καθέκαστον,
617 1925 763 1981 τάτε
801 1926 936 1998 πρὸς
976 1925 1036 1978 τὸ
1085 1925 1209 1996 ζῇν,
1251 1925 1346 1979 καὶ
1375 1924 1443 1977 τά
1478 1923 1614 1994 πρὸς
1646 1923 1707 1977 τὸ
1745 1919 1804 1984 εὖ

239 2021 348 2092 ζῇν,
377 2020 468 2076 καὶ
497 2019 552 2072 εί
575 2037 630 2073 τι
665 2017 807 2089 μετὰ
829 2015 1028 2070 τούτων
1059 2015 1245 2087 ἕτερον
1277 2015 1420 2069 κατᾶ
1447 2015 1544 2086 τὴν
1578 2015 1804 2088 πρώτην

236 2111 478 2182 διαίρεσιν
523 2111 850 2181 ένοήσαμεν.
883 2109 957 2162 Τὸ
995 2107 1104 2180 γὰρ
1147 2107 1506 2180 προκείμενον
1533 2104 1600 2178 ἦν
1635 2107 1806 2174 δεῖξαι

238 2201 326 2270 τὴν
355 2201 741 2273 σπερματικὴν
763 2200 862 2270 τῆς
896 2199 1209 2262 συστάσεως
1248 2197 1404 2272 ήμῶν
1439 2197 1640 2258 αἰτίαν,
1668 2199 1804 2267 μήτε

239 2291 514 2361 ἀσώματον
554 2288 698 2345 εἶναι
731 2290 930 2363 ψυχὴν,
969 2291 1104 2360 μήτε
1134 2290 1340 2360 ἄψυχον
1387 2289 1566 2359 σῶμα,
1599 2289 1713 2342 ἀλλ’
1747 2289 1806 2353 ἐξ

239 2381 480 2451 ἐμψύχων
508 2397 570 2434 τε
606 2381 705 2433 καὶ
747 2377 964 2444 ζώντων
1007 2377 1275 2448 σωμάτων
1304 2377 1412 2442 ζῶν
1441 2379 1534 2430 καὶ
1563 2377 1804 2448 ἔμψυχον

241 2472 380 2541 παρά
407 2471 505 2540 τὴν
537 2471 762 2544 πρώτην
798 2471 1194 2540 ἀπογεννιῖωθαι
1222 2469 1359 2533 ζῶον
1387 2485 1400 2500 °
1439 2467 1804 2539 ὲκδεξαμένην

241 2565 292 2618 δὲ
317 2565 408 2636 τὴν
435 2563 788 2635 ἀνθρωπίνην
813 2563 994 2632 φύσιν,
1031 2561 1282 2632 καθάπερ
1308 2561 1430 2616 τινά
1460 2560 1658 2632 τροφὸν
1685 2562 1804 2623 ταῖς

241 2655 452 2720 οἰκείαις
476 2653 784 2723 δυνάμεσιν
821 2652 989 2723 αὐτὴν
1017 2649 1415 2722 τιθηνήσασθαι
1437 2665 1451 2679 ο
1481 2651 1580 2720 τὴν
1605 2650 1661 2702 δὲ
1685 2649 1807 2720 τρέο

239 2745 418 2814 ’ςεσθαι
451 2747 570 2800 κατ’
603 2745 912 2816 ἀμφότερα,
960 2744 1057 2798 καὶ
1090 2743 1440 2814 καταλλήλως
1471 2745 1530 2796 ὲν
1560 2742 1804 2813 ἑκατέρῳ

241 2835 386 2906 μέρει
425 2837 523 2908 τὴν
564 2833 797 2907 αῦξησιν
834 2833 1088 2904 ἐπίδηλον
1133 2833 1297 2904 ἔχειν.
1346 2833 1520 2896 Εὐθὺς
1561 2833 1660 2904 μὲν
1691 2831 1802 2902 γάρ

236 2925 316 2978 διὰ
335 2928 428 2996 τῆς
460 2927 720 2998 τεχνικῆς
755 2925 958 2994 ταύτης
995 2925 1089 2979 καὶ
1118 2927 1547 2994 ὲπιστημονικῆς
1577 2923 1802 2976 διαπλά-

239 3035 367 3082 σεως
403 3017 498 3089 τὴν
529 3016 1034 3088 συμπεπλεγμένην
1083 3018 1221 3088 αύτῇ
1271 3017 1370 3086 τῆς
1409 3016 1589 3086 ψυχῆς
1633 3017 1802 3070 ἐνδεί-

239 3127 420 3165 κνυται
457 3111 712 3181 δύναμιν,
749 3110 1120 3180 ἀμυδρότερον
1149 3109 1246 3180 μὲν
1280 3107 1422 3162 κατά
1446 3107 1544 3178 τήν
1578 3107 1802 3180 πρώτην

1907 647 2265 703 conveniente
2286 645 2659 700 distribuitur.
2689 643 2744 697 Si
2773 645 2837 696 ad
2870 651 3054 712 partes
3079 644 3292 698 auditui
3323 647 3496 700 desti-

1905 751 2063 792 natas
2091 737 2352 804 confluat,
2387 737 2704 791 earumdem
2751 745 2958 790 naturae
2990 738 3290 792 miscetur:
3350 739 3495 792 sicut

1905 831 1962 884 in
1991 830 2180 894 labris,
2214 830 2510 884 labrorum.
2536 829 2597 882 ln
2627 827 2847 883 ossibus
2871 829 3141 896 durescit;
3171 829 3226 882 in
3257 828 3494 881 medulla

1906 929 2156 977 tenerum
2193 922 2462 977 edicitur:
2491 937 2614 976 cum
2641 936 2810 975 nervo
2845 921 3107 984 tenditur,
3139 935 3264 975 cum
3299 935 3494 990 super-

1905 1011 2026 1066 ﬁcie
2051 1013 2296 1084 partibus
2323 1013 2536 1067 caeteris
2561 1011 2939 1066 circumdatur
2966 1031 2978 1066 :
3015 1013 3165 1082 ipsos
3197 1013 3250 1066 in
3281 1027 3491 1082 ungues

1906 1110 2177 1174 penetrat,
2231 1111 2288 1158 et
2327 1106 2382 1156 in
2419 1103 2623 1158 halitus
2647 1101 2782 1160 adeo
2815 1112 3004 1158 tenues
3033 1105 3397 1167 convertitur,
3432 1109 3492 1156 ut

1905 1197 1972 1252 de
2009 1197 2077 1251 iis
2113 1195 2296 1250 crines
2321 1195 2484 1250 etiam
2517 1197 2788 1248 oriantur.
2831 1195 2910 1248 Ac
2939 1195 2984 1248 si
3014 1196 3230 1264 quidem
3255 1210 3352 1264 per
3381 1202 3494 1248 tor—

1909 1300 2098 1344 tuosos
2149 1298 2364 1343 meatus
2401 1285 2628 1350 feratur,
2683 1287 2896 1356 Crispos
2941 1295 2994 1342 et
3052 1285 3280 1340 innexos
3309 1285 3493 1341 crines

1905 1389 2149 1451 generat,
2185 1380 2269 1434 sin
2303 1379 2466 1436 iidem
2501 1379 2727 1442 halitus,
2774 1381 2842 1436 de
2881 1380 3084 1449 quibus
3125 1379 3257 1432 oriri
3306 1392 3493 1432 comas

1906 1473 2168 1539 diximus,
2221 1488 2317 1543 per
2368 1481 2552 1527 rectos
2606 1480 2822 1527 meatus
2869 1481 3084 1535 exeant,
3123 1473 3284 1524 etiam
3321 1484 3496 1524 οοιιιιιι

1905 1573 2077 1621 tensae
2117 1577 2170 1620 et
2205 1576 2366 1620 rectae
2401 1572 2584 1620 erunt.
2642 1563 2747 1618 Sed
2778 1564 2923 1618 enim
2963 1563 3122 1632 longe
3147 1563 3215 1616 ab
3247 1561 3496 1616 instituto

1907 1657 2151 1727 digressa
2179 1659 2356 1711 oratio
2383 1664 2490 1722 est,
2530 1656 2658 1711 dum
2687 1657 2853 1712 altius
2885 1665 3096 1710 natnrte
3125 1653 3384 1722 Oper-ibus
3411 1655 3498 1707 in-

1907 1747 2096 1812 haeret,
2128 1755 2181 1800 et
2207 1747 2382 1802 oculis
2411 1748 2567 1818 quasi
2601 1747 2876 1816 subjicere
2915 1755 3164 1812 conatur,
3201 1761 3310 1815 quo
3337 1753 3498 1814 pacto

1908 1845 1960 1890 et
1987 1838 2131 1893 unde
2156 1839 2368 1910 singula
2396 1840 2449 1893 in
2481 1839 2640 1894 nobis
2668 1840 2961 1902 exsistant,
3002 1853 3127 1893 cum
3163 1851 3284 1908 quae
3314 1838 3380 1891 ad
3413 1836 3496 1889 vi-

1911 1930 2169 1994 wudum,
2202 1941 2317 1984 tum
2345 1946 2466 2000 qua:
2495 1932 2562 1986 ad
2585 1932 2830 2002 jucunde
2853 1931 3146 1986 vivendum
3179 1935 3497 1999 comparata

1909 2029 2070 2075 sunt:
2106 2027 2160 2074 et
2190 2021 2237 2076 si
2261 2021 2391 2090 quid
2430 2021 2594 2075 etiam
2635 2032 2832 2091 praeter
2858 2022 2973 2076 haec
3007 2021 3062 2074 in
3091 2019 3254 2074 nobis
3277 2026 3383 2082 est,
3438 2019 3496 2072 in

1909 2109 2200 2180 p.n-titi0ue
2230 2112 2514 2180 superiore
2545 2113 3025 2182 comprehensum.
3065 2109 3176 2166 Nos
3202 2119 3382 2165 autem
3417 2109 3498 2163 in-

1909 2201 2262 2262 stitueramus
2309 2203 2692 2260 demonstrare
2730 2219 2956 2258 causam
3004 2203 3121 2260 sive
3160 2201 3496 2272 principium

1908 2299 2120 2346 natum
2173 2304 2394 2359 nostr-.12,
2453 2295 2598 2364 quod
2665 2293 2874 2348 semine
2929 2294 3266 2356 continetur,
3319 2306 3499 2360 neque

1909 2385 2156 2441 animum
2189 2401 2309 2440 esse
2340 2387 2458 2440 sine
2491 2401 2744 2456 corpore,
2787 2400 2963 2454 neque
2994 2399 3197 2453 corpus
3228 2383 3349 2438 sine
3377 2382 3499 2436 ani-

1907 2491 2031 2530 mo:
2066 2475 2162 2530 sed
2195 2490 2262 2530 ex
2305 2477 2630 2545 corporibus
2691 2477 2947 2531 animatis
2992 2491 3055 2530 ac
3098 2475 3260 2538 vivis,
3311 2475 3497 2528 vivum

1906 2574 1961 2622 et
1989 2568 2289 2622 animatum
2327 2569 2446 2637 ipso
2477 2569 2561 2622 sui
2593 2567 2750 2622 initio
2775 2567 2978 2622 animal
3008 2567 3312 2636 procreari,
3348 2564 3496 2635 quod

1907 2659 2146 2714 humana
2194 2668 2392 2714 natura
2439 2661 2596 2730 quasi
2628 2661 2810 2714 nutrix
2861 2660 3164 2728 excipiens,
3225 2658 3343 2712 suis
3377 2658 3499 2727 ipsa

1911 2748 2268 2805 facultatibus
2293 2751 2422 2812 alat,
2447 2752 2630 2820 itaque
2657 2751 2856 2805 nutriri
2880 2750 3182 2805 secundum
3207 2758 3500 2818 utramque

1907 2847 2138 2910 partem,
2203 2855 2327 2893 cum
2388 2839 2608 2909 quidem
2663 2840 2904 2894 accretio
2936 2841 3077 2910 parti
3110 2841 3328 2908 utrique
3365 2853 3500 2892 con-

1909 2937 2172 2984 sentanea
2213 2930 2506 2987 manifesto
2543 2931 3010 3001 deprehendatur.
3045 2929 3182 2984 Nam
3218 2929 3404 2984 statim
3429 2928 3538 2984 διν

1908 3024 2064 3078 initio
2113 3038 2210 3092 per
2261 3023 2614 3077 artificiosam
2645 3031 2699 3078 et
2730 3023 2996 3094 singulari
3023 3023 3091 3078 ab
3136 3021 3498 3091 intelligentia

1907 3113 2212 3184 profectam
2245 3115 2494 3182 corporis
2519 3113 2922 3177 formationem,
2958 3115 3138 3170 inesse
3170 3114 3298 3168 huic
3327 3112 3499 3168 facul-

242 3201 650 3272 ὲκφαινομένην,
688 3197 924 3268 καθεξῆς
950 3198 1006 3252 δὲ
1045 3201 1108 3269 τῇ
1142 3197 1236 3250 τοῦ
1267 3198 1499 3270 ὀργάνου
1525 3197 1798 3251 τελειώσει

1908 3211 2072 3259 tatem
2108 3204 2276 3258 animi
2319 3204 2651 3267 ostenditur,
2701 3213 3056 3274 apparentem
3097 3205 3247 3258 illam
3277 3203 3498 3273 quidem

239 3291 773 3362 συναναλάμπουσαν.
803 3287 926 3342 Οἷον
954 3289 1010 3341 δὲ
1041 3287 1261 3341 ἐπὶτῶν
1289 3287 1626 3356 λιθογλύξων
1655 3287 1800 3343 ἔστιν

241 3381 374 3435 ἰδεῖν.
414 3382 714 3452 Πρόκειται
748 3379 846 3451 μὲν
873 3378 984 3450 γὰρ
1020 3376 1098 3448 τῷ
1125 3377 1345 3450 τεχνίτῃ
1375 3375 1513 3441 ζώου
1542 3377 1690 3442 τινὸς
1720 3373 1800 3430 εἷ-

236 3471 315 3535 δος
344 3474 396 3525 ὲν
420 3473 549 3545 λίθῳ
572 3471 764 3538 δεῖξαι·
797 3469 953 3523 τοῦτο
981 3468 1038 3522 δὲ
1069 3468 1429 3540 προθέμενος,
1465 3467 1679 3538 πρῶτον
1704 3468 1800 3538 μὲν

237 3563 317 3616 τὸν
341 3562 480 3616 λίθον
508 3563 614 3632 τῆς
645 3559 925 3631 συμφυοῦς
955 3559 1086 3630 ὕλης
1113 3560 1424 3631 ἀπέρρηξεν
1451 3577 1465 3590 ο
1502 3555 1622 3612 εἶτα
1653 3577 1804 3630 περι-

237 3653 392 3723 κόψας
416 3654 582 3708 αὑτοῦ
605 3652 674 3706 τὰ
705 3652 954 3724 περιττὰ,
982 3652 1262 3722 προήγαγέ
1291 3669 1408 3714 πως
1429 3651 1518 3704 διὰ
1544 3649 1638 3704 τοῦ
1661 3647 1804 3720 πρώ-

237 3759 318 3796 του
359 3747 639 3815 σχήματος
682 3745 750 3812 τῇ
784 3743 1011 3814 μιμήσει
1043 3745 1109 3812 τῇ
1143 3740 1284 3794 κατά
1329 3739 1608 3811 πρόθεσιν,
1657 3739 1799 3793 ὥστε

235 3832 324 3890 καὶ
344 3834 430 3887 τὸν
461 3834 690 3904 ἄπειρον
713 3831 799 3885 διὰ
827 3831 936 3897 τῷν
961 3830 1304 3899 φαινομένων
1328 3829 1422 3882 τοῦ
1465 3829 1668 3882 σκοποῦ
1696 3829 1798 3900 τῆς

236 3924 414 3997 τέχνης
462 3922 998 3994 καταστοχάσασθαι.
1069 3921 1239 3974 Πάλιν
1291 3922 1746 3991 έπεργασάμενος
1779 3959 1793 3986 ,

236 4017 560 4088 προσήγγισε
596 4015 757 4068 πλέον
794 4017 860 4085 τῇ
887 4013 1165 4084 ὁμοιότητι
1194 4009 1288 4065 τοῦ
1335 4011 1794 4084 σπουδαζομένου.

237 4104 356 4161 Εἶτα
374 4109 431 4162 τὸ
461 4109 667 4162 τέλειον
692 4108 784 4160 καὶ
805 4107 1030 4177 ἀκριϐὲς
1052 4105 1192 4169 εἶδος
1231 4107 1697 4177 ὲγχειρουργήσας
1730 4106 1794 4176 τῇ

237 4198 345 4270 ὕλῃ,
375 4203 450 4264 είς
478 4200 656 4272 πέρας
677 4199 774 4272 τὴν
801 4199 994 4268 τέχνην
1023 4198 1305 4270 προήγαγε
1331 4213 1344 4226 ·
1378 4198 1472 4251 καὶ
1500 4197 1613 4250 ἐστι
1637 4197 1794 4264 λέων,

235 4291 264 4362 ἢ
291 4294 316 4346 ὅ
340 4310 390 4346 τι
414 4294 478 4346 ἂν
509 4292 650 4364 τύχῃ
682 4290 832 4362 ποιρά
861 4289 954 4343 τοῦ
993 4289 1234 4360 τεχνίτου
1265 4289 1576 4360 γενόμενον,
1623 4292 1652 4342 ὁ
1692 4291 1796 4362 πρὸ

237 4379 446 4450 βραχέος
475 4383 690 4452 ἄσημος
736 4380 882 4442 λίθος
911 4397 925 4411 ο
957 4381 1016 4432 οὐ
1062 4379 1163 4449 τῆς
1194 4377 1326 4449 ὕλης
1361 4379 1500 4450 πρὸς
1556 4380 1616 4432 τὸ
1661 4375 1797 4442 εἶδος

235 4470 653 4546 ύπαμειφθείσης
677 4515 692 4538 ,
732 4472 866 4526 ἀλλά
906 4471 1000 4524 τοῦ
1045 4471 1219 4534 είδους
1250 4471 1690 4544 ἐπιτεχνηθὲντος
1728 4472 1794 4542 τῇ

236 4578 344 4633 υ1.ῃ.

1901 3296 2320 3352 obscuriuscule
2368 3297 2470 3350 sub
2512 3297 2754 3362 initium,
2787 3297 2882 3352 sed
2910 3297 3108 3352 deinde
3138 3295 3386 3364 corporis
3418 3297 3496 3348 in-

1899 3394 2208 3441 strumento
2238 3387 2396 3456 plane
2421 3386 2676 3441 absoluto
2700 3387 3007 3442 clarissime
3035 3383 3496 3455 rcsplendcntcm.

1898 3475 2048 3532 Licet
2085 3477 2266 3532 simile
2299 3476 2560 3546 quiddam
2597 3479 2989 3533 statuariorum
3043 3477 3098 3531 in
3142 3487 3258 3532 arte
3289 3476 3496 3546 perspi-

1899 3585 2042 3624 cere.
2075 3568 2209 3622 Nam
2237 3579 2357 3624 esto
2387 3569 2640 3624 animalis
2671 3566 2957 3638 cujusdam
2983 3569 3177 3622 artitici
3203 3568 3489 3638 proposita

1905 3663 2051 3724 idea,
2086 3676 2250 3730 quam
2279 3660 2366 3714 ille
2395 3659 2578 3727 cupiat
2611 3659 2664 3711 in
2691 3673 2825 3713 saxo
2847 3659 3172 3727 exprimere,
3207 3665 3497 3727 postquam

1910 3753 2011 3805 hoc
2041 3751 2182 3818 apud
2209 3750 2451 3802 animum
2483 3747 2693 3812 statuit,
2753 3747 2988 3817 primum
3038 3745 3106 3799 de
3143 3747 3372 3800 materie
3401 3761 3491 3799 co-

1909 3848 2074 3909 gnata
2120 3838 2353 3907 lapidem
2389 3835 2696 3890 abscindit:
2753 3834 2950 3889 deinde
2996 3835 3290 3904 super-fluis
3341 3850 3500 3903 quasi

1910 3932 2227 3998 amputatis,
2263 3928 2498 3997 quodam
2525 3926 2687 3980 modo
2717 3925 2904 3980 rudem
2936 3926 2983 3980 ei
3015 3925 3244 3979 formam
3273 3927 3338 3980 ad
3365 3925 3491 3982 ideo?

1920 4022 2276 4076 simulacrum
2301 4019 2485 4072 animo
2513 4025 2838 4086 conceptum
2866 4017 3108 4071 inducit:
3135 4018 3200 4070 de
3235 4018 3336 4070 hac
3379 4017 3492 4086 jam

1903 4116 1992 4170 vel
2021 4115 2248 4186 ignarus
2279 4111 2552 4182 quispiam
2587 4110 2804 4165 consilii
2831 4110 3080 4184 artificis,
3117 4109 3335 4179 assequi
3371 4125 3490 4164 con-

1897 4205 2107 4276 jectura
2159 4213 2358 4275 potest,
2407 4203 2538 4272 quid
2589 4203 2772 4272 operis
2808 4201 3131 4256 instituerit.
3191 4199 3289 4254 llle
3329 4214 3491 4270 porro

1904 4294 2184 4363 prioribus
2211 4290 2415 4362 aliquid
2447 4289 2680 4352 addens,
2716 4290 2938 4359 pr0pius
2969 4290 3132 4343 etiam
3161 4292 3228 4343 ad
3252 4291 3350 4353 rei,
3386 4305 3490 4360 qua

1904 4386 1958 4439 in
2016 4383 2370 4454 exprimenda
2451 4381 2685 4446 laborat,
2755 4380 3178 4435 similitudinem
3256 4381 3491 4440 accedit.

1905 4475 2154 4546 Denique
2202 4473 2449 4528 materiei
2499 4472 2729 4526 formam
2770 4481 3030 4526 arent-ate
3073 4469 3369 4540 perfectam
3409 4471 3488 4524 in-

1903 4567 2180 4637 sculpens,
2211 4564 2371 4619 finem
2405 4565 2506 4618 arti
2539 4564 2790 4634 imponit,
2825 4572 3018 4633 estque
3051 4563 3163 4631 jam
3199 4561 3340 4632 lapis
3367 4561 3489 4630 ipse

233 4655 304 4706 vel
335 4655 436 4718 leo,
487 4655 571 4710 vel
619 4653 804 4718 homo,
853 4653 938 4708 vel
979 4649 1243 4722 quidquid
1272 4652 1488 4707 tandem
1519 4653 1711 4708 artifex
1744 4653 1810 4709 de
1848 4671 1912 4710 eo
1949 4655 2095 4721 fecit,
2127 4669 2250 4707 cum
2298 4653 2460 4724 paulo
2495 4663 2620 4708 ante
2661 4653 2912 4708 informis
2963 4660 3151 4707 esset:
3197 4667 3305 4706 non
3346 4658 3488 4722 quoa

232 4750 469 4802 materies
497 4764 592 4817 per
620 4745 851 4800 formam
899 4745 969 4799 sit
1005 4751 1358 4806 commutata,
1416 4742 1511 4797 sed
1555 4745 1701 4814 quod
1733 4745 1780 4799 ei
1817 4745 1994 4798 forma
2031 4745 2278 4814 quaedam
2311 4744 2585 4813 ejusmodi
2621 4744 2694 4797 sit
2725 4744 3026 4799 artiﬁciose
3063 4742 3308 4798 inducta.

293 4837 530 4890 Τοιοῦτόν
562 4855 612 4890 τι
641 4837 735 4890 καὶ
778 4835 870 4889 ἐπὶ
911 4836 1010 4904 τῆς
1025 4833 1246 4904 ψυχῆςὸ
1289 4833 1664 4905 λογισάμενος,
1692 4835 1786 4890 τοῦ

1977 4836 2107 4890 Tale
2133 4836 2264 4906 quid
2297 4837 2341 4890 si
2371 4836 2537 4890 etiam
2563 4835 2629 4888 de
2658 4836 2843 4889 animo
2874 4836 3260 4906 cogitabimus,
3297 4850 3328 4890 a
3361 4850 3493 4890 vero

231 4927 420 4990 εἰκότος
447 4930 546 4999 οὑχ
571 4929 964 4998 ἁμαρτήσεται.
984 4926 1096 4996 Τὴν
1118 4925 1226 4996 γὰρ
1252 4925 1428 4979 πάντα
1453 4943 1512 4978 τε
1517 4926 1795 4996 χνιτεύου-

233 5032 324 5074 σαν
359 5020 516 5089 φύσιν
545 5023 608 5074 ἐκ
651 5021 748 5090 τῆς
773 5018 1066 5089 ὁμογενοῦς
1097 5018 1228 5088 ὕλης
1254 5017 1520 5072 λαϐοῦσαν
1549 5019 1606 5070 ὲν
1631 5020 1794 5090 ἑαυτῇ

229 5105 284 5160 τὺ
305 5111 366 5162 ὲκ
407 5109 498 5162 τοῦ
535 5107 823 5179 ἀνθρώπου
871 5107 1034 5177 μέρος
1059 5147 1073 5168 ,
1110 5108 1462 5178 δημιουργεῖν
1502 5107 1796 5178 ἀνδριάντα

232 5199 413 5268 φαμέν.
447 5202 654 5270 Ὥσπερ
685 5199 744 5252 δὲ
771 5201 838 5269 τῇ
881 5198 1001 5252 κατ’
1031 5198 1210 5266 ὀλίγον
1245 5197 1476 5270 ἐργασίᾳ
1519 5199 1612 5251 τοῦ
1643 5198 1792 5252 λίθου

229 5290 284 5342 τὸ
329 5288 459 5357 εἶδος
495 5291 952 5363 ἐπηκολούθησεν,
982 5289 1346 5360 ἀμυδρότερον
1383 5290 1478 5360 μὲν
1517 5289 1668 5358 παρὰ
1695 5288 1794 5358 τὴν

231 5380 455 5452 πρώτην,
482 5383 814 5453 τελειότερον
845 5383 901 5435 δὲ
933 5381 1071 5452 μετά
1095 5381 1192 5450 τήν
1218 5381 1311 5434 τοῦ
1342 5381 1502 5452 ἔργου
1543 5381 1792 5451 συμπλή-

233 5488 382 5540 ρωσιν
407 5495 420 5508 ο
453 5475 595 5529 οὕτω
646 5475 739 5529 καὶ
773 5476 828 5528 ὲν
881 5478 946 5546 τῇ
972 5474 1066 5528 τοῦ
1115 5475 1346 5545 ὀργάνου
1387 5475 1564 5545 γλυφῇ
1596 5475 1656 5526 τὸ
1693 5475 1792 5544 τῆς

228 5563 391 5636 ψυχῆς
435 5563 572 5632 εἶδος
629 5569 770 5621 κατά
813 5567 912 5638 τὴν
968 5567 1256 5635 ἀναλογίαν
1287 5565 1380 5618 τοῦ
1428 5565 1789 5634 ὑποκειμένου

232 5658 586 5726 προφαίνεται.
619 5659 808 5723 ἀτελὲς
843 5662 900 5713 ὲν
927 5658 1004 5730 τῷ
1039 5658 1250 5723 ἀτελεῖ,
1275 5658 1368 5710 καὶ
1400 5659 1456 5710 ἐν
1485 5657 1562 5728 τῴ
1599 5657 1790 5728 τελείῳ

229 5744 436 5804 τέλειον.
475 5751 612 5804 Ἀλλ’
639 5750 698 5816 ἐξ
728 5751 905 5822 ἀρχῆς
940 5750 1006 5803 ἂν
1035 5749 1239 5804 τέλειον
1263 5745 1354 5819 ἦν,
1385 5748 1434 5801 εἰ
1469 5747 1542 5817 μὴ
1567 5745 1654 5800 διὰ
1689 5747 1790 5818 τῆς

233 5839 412 5906 κακίας
453 5845 486 5916 η
540 5843 703 5914 φύσις
740 5842 1074 5914 ἐκολοϐώθη.
1106 5842 1202 5896 Διά
1245 5841 1465 5911 τοῦτοή
1515 5841 1650 5911 πρὸς
1693 5841 1790 5910 τὴν

1909 4945 2018 4984 non
2074 4944 2304 4998 prorsus
2360 4928 2762 4982 aberrabimus.
2813 4927 3028 4997 Quippe
3070 4943 3253 4982 rerum
3308 4925 3488 4997 opifex

1905 5028 2128 5090 sumpta
2164 5019 2382 5087 generis
2410 5018 2657 5086 ejusdem
2696 5019 2941 5080 materie,
2976 5033 3097 5088 quae
3123 5033 3249 5087 pars
3278 5025 3363 5072 est
3390 5017 3486 5070 ho-

1905 5111 2090 5174 minis,
2129 5110 2421 5180 quamdam
2460 5109 2616 5178 quasi
2661 5117 2895 5163 statuam
2928 5109 3179 5163 fabricat.
3207 5106 3272 5162 Ut
3305 5113 3487 5160 autem

1902 5202 1956 5254 in
1983 5200 2390 5270 comparatione
2420 5201 2734 5268 proposita,
2771 5199 2874 5253 levi
2910 5199 3144 5268 primum
3179 5211 3344 5266 opera
3371 5194 3482 5250 for-

1899 5309 1988 5346 ma
2027 5293 2143 5346 saxi
2182 5291 2544 5360 exsculpilur,
2589 5307 2710 5360 quae
2735 5279 3154 5346 obscuriuscula
3188 5287 3346 5340 initio
3373 5293 3484 5354 est.l

1899 5382 2194 5453 perfettior
2237 5391 2418 5435 autem
2463 5397 2628 5450 Opere
2671 5381 2786 5450 jam
2827 5381 3124 5434 absoluto:
3179 5377 3261 5433 sic
3313 5378 3483 5439 etiam

1899 5475 2073 5532 nostri
2127 5475 2290 5544 hujus
2333 5475 2386 5527 in
2433 5475 2783 5528 instrumenti
2831 5473 3134 5540 sculptura,
3180 5470 3480 5525 secundum

1898 5565 2306 5637 proportionem
2339 5568 2598 5635 subjectae
2633 5565 2732 5626 rei,
2765 5571 2928 5634 prout
2963 5563 3078 5616 haec
3111 5563 3321 5618 scilicet
3355 5577 3478 5632 per-

1899 5657 2096 5721 licitur,
2147 5656 2363 5708 animus
2413 5655 2574 5709 etiam
2621 5653 2796 5722 magis
2851 5667 2913 5706 ac
2966 5651 3140 5720 magis
3188 5652 3474 5717 elucescit,

1901 5749 2160 5802 nimirum
2197 5746 2576 5817 imperfectum
2618 5759 2695 5806 se,
2732 5743 2861 5798 dum
2895 5742 3026 5797 illud
3061 5743 3238 5798 adhuc
3267 5743 3472 5811 imper-

1902 5839 2098 5896 fectum
2135 5847 2237 5904 est,
2271 5837 2469 5894 deinde
2510 5833 2814 5906 perfectum
2849 5837 2902 5891 in
2940 5837 3182 5907 perfecto
3211 5835 3473 5894 declarat.
