3890 6392
420 438 527 493 3‘55

1654 433 1711 487 S.
1748 432 2078 489 GREGORII
2117 435 2406 492 NYSSENI

3572 429 3689 486 236

422 560 503 615 Ac
534 558 727 613 fuisset
755 556 972 627 quidem
1010 554 1131 623 ipso
1179 552 1234 606 in
1268 558 1424 607 ortus
1458 551 1635 605 nostri
1681 551 1841 605 initio
1869 568 1992 621 per-

2107 554 2314 624 ἐμπαθῆ
2348 554 2441 607 καὶ
2490 553 2676 625 ζωὼδη
2708 554 2920 621 γένεσιν
2951 551 3221 615 κοινωνία,
3258 550 3360 602 οὐκ
3399 543 3565 608 εὐθὺς
3592 547 3700 600 ἐκ·

424 650 624 715 fectus,
656 650 700 704 si
726 664 821 718 per
857 654 1141 716 peccatum
1182 644 1339 714 quasi
1377 643 1625 697 mutilata
1654 651 1848 697 natura
1887 659 1997 697 non

424 751 594 796 esset.
629 739 785 794 Nunc
817 754 938 793 eum
975 738 1248 809 particeps
1288 743 1485 790 natura
1536 742 1727 790 nostra
1761 735 1834 790 sit
1877 734 1998 805 ejus

427 840 603 894 ortus,
638 830 733 901 qui
762 838 817 885 et
843 830 992 885 vitiis
1021 829 1315 892 obnoxius,
1346 835 1399 883 et
1427 828 1741 881 animalium
1770 828 1999 883 rationis

426 922 727 991 expertium
752 921 897 974 ortui
931 919 1107 974 amnis
1151 928 1235 974 est
1265 939 1278 974 :
1314 920 1430 974 ﬁeri
1462 920 1649 989 nequit
1677 927 1735 973 ut
1763 919 2001 974 hominis

425 1011 478 1064 in
514 1012 770 1080 figmento
802 1012 986 1066 statim
1028 1011 1212 1064 divina
1265 1011 1445 1079 imago
1487 1010 1719 1075 eluceat,
1768 1008 1865 1065 sed
1911 1009 1999 1063 via

425 1101 659 1169 quadam
684 1107 736 1155 et
758 1100 950 1154 ordine
973 1100 1248 1154 hominem
1273 1100 1429 1169 quasi
1455 1107 1823 1169 penetrantem
1848 1114 2002 1154 cras-

425 1208 516 1247 sas
550 1202 604 1246 et
633 1206 661 1243 a
692 1192 870 1245 brutis
913 1190 1188 1260 profectas
1216 1191 1269 1244 in
1302 1192 1485 1245 animo
1511 1191 1896 1260 preprietates,
1931 1190 1999 1243 ad

426 1284 816 1354 perfectionem
884 1282 1168 1351 pervenire
1222 1296 1449 1336 necesse
1505 1290 1609 1336 est.
1676 1280 2002 1350 Hujusmodi

424 1373 682 1443 quiddam
715 1388 816 1428 nos
849 1389 1081 1443 magnus
1114 1373 1278 1426 ctiam
1324 1372 1617 1440 Apostolus
1650 1371 1761 1431 ille.
1793 1371 1848 1425 in
1886 1371 2005 1439 epi-

426 1466 565 1521 stola
595 1466 662 1519 ad
697 1465 1012 1520 Corinthios
1040 1465 1245 1534 scripta
1281 1463 1439 1518 docet
1469 1482 1481 1517 :
1527 1481 1546 1514 ι
1574 1462 1711 1516 Cum
1740 1476 1894 1531 puer,
1923 1462 2005 1515 in-

426 1556 568 1626 quit,
610 1571 809 1619 essem,
840 1572 1131 1625 puerorum
1159 1570 1309 1609 more
1332 1554 1597 1623 loquebar
1618 1561 1671 1608 et
1702 1554 2003 1607 ratiocina-

426 1645 549 1700 bar.
572 1644 668 1699 Vir
697 1645 891 1710 factus,
914 1646 1141 1716 puerilia
1169 1646 1358 1699 isthmc
1403 1644 1614 1698 abolevi
1646 1645 1695 1677 ”
1725 1647 1764 1699 ‘.
1795 1664 1814 1696 ι
1840 1643 2004 1699 Nimi-

427 1752 548 1791 rum
584 1738 944 1807 cogitationes
972 1736 1155 1807 pueris
1193 1744 1578 1791 consentanea:
1609 1750 1717 1790 non
1748 1750 1814 1792 eo
1844 1746 2003 1806 pacto

428 1828 713 1882 abo'entur
731 1828 921 1883 ascitis
938 1828 1205 1892 virilibus,
1227 1836 1288 1881 ut
1309 1828 1449 1882 alius
1475 1827 1692 1882 animus
1712 1827 1779 1882 ab
1805 1841 1891 1890 eo,
1909 1828 2001 1897 qui

2102 644 2333 715 λάμπειν
2365 645 2462 715 τὴν
2489 645 2636 698 θείαν
2668 646 2850 700 εἰκόνα
2891 647 2948 699 ἐν
2978 643 3056 713 τῷ
3093 643 3370 712 πλάσματι
3397 644 3694 713 ἐποίησεν,

2100 735 2214 789 ἀλλ’
2242 735 2346 805 ὀδῷ
2370 753 2473 789 τινι
2505 736 2598 789 καὶ
2631 734 2923 805 ἀκολουθίᾳ
2948 733 3037 787 διὰ
3058 734 3167 786 τῶν
3194 733 3393 788 ὑλικῶν
3412 733 3509 787 καὶ
3529 732 3696 797 ζωω-

2099 826 2362 898 δεστέρων
2386 829 2484 897 τῆς
2537 826 2716 896 ψυχῆς
2751 826 3057 896 ἰδιωμάτων
3082 826 3173 878 ἐπὶ
3211 827 3271 878 τὸ
3311 824 3518 877 τέλειον
3556 825 3694 893 ἄγει

2100 918 2189 971 τὸν
2242 916 2553 989 ἄνθρωπον.
2596 917 2670 969 Τὸ
2710 916 2767 969 δὲ
2800 915 3040 969 τοιοῦτον
3085 915 3260 984 δόγμα
3301 915 3395 968 καὶ
3433 916 3463 968 ὁ
3506 916 3694 985 μέγας

2114 1005 2435 1069 Ἀπόστολος
2461 1009 2521 1060 ἐν
2540 1010 2605 1075 τῇ
2637 1007 2775 1078 πρὸς
2801 1006 3121 1076 Κορινθίους
3162 1005 3423 1069 διδάσκει,
3457 1006 3642 1074 λέγων
3674 1021 3692 1036 ’

2107 1113 2126 1146 ι
2164 1096 2293 1149 Ὅτε
2350 1098 2500 1168 ἢμην
2530 1100 2741 1168 νήπιος,
2780 1096 3003 1174 ἐλάλουν
3041 1098 3118 1161 ὡς
3165 1100 3391 1168 νήπιος,
3439 1094 3697 1165 ἐλογιζό-

2105 1205 2214 1258 μην
2247 1190 2323 1252 ὡς
2361 1191 2572 1261 νήπιος.
2620 1191 2745 1244 Ὅτε
2807 1189 2863 1241 δὲ
2902 1190 3101 1257 γέγονα
3161 1189 3317 1260 ἀνὴρ,
3353 1191 3701 1260 κατήργησα

2101 1283 2170 1336 τά
2198 1282 2290 1334 τοῦ
2325 1284 2542 1353 νηπίου.
2568 1302 2585 1334 ι
2623 1285 2736 1336 Οὐκ
2763 1283 2928 1354 ἄλλης
2979 1286 3036 1336 ἐν
3069 1282 3143 1353 τῷ
3175 1282 3327 1354 ἀνδρὶ
3374 1283 3473 1353 τῆς
3504 1282 3697 1352 ψυχῆς

2103 1371 2543 1442 ἐπεισελθούσης,
2578 1374 2727 1443 παρά
2759 1374 2858 1444 τὴν
2903 1374 2960 1425 ἐν
3012 1371 3092 1443 τῷ
3130 1372 3398 1442 μειρακίῳ
3451 1372 3693 1443 νοουμέ-

2105 1480 2224 1532 νην,
2249 1466 2281 1532 ή
2309 1464 2719 1536 νηπιωδεστέρα
2744 1468 3101 1536 καταργεῖται
3140 1465 3364 1527 διάνοια,
3386 1464 3479 1517 καὶ
3518 1466 3551 1535 ἡ
3585 1465 3692 1516 ἀν·-

2102 1554 2310 1624 δρὼδης
2354 1555 2659 1623 ἐγγίνεται·
2695 1555 2829 1608 ἀλλά
2880 1558 2979 1625 τῆς
3025 1555 3194 1625 αὐτῆς
3241 1557 3297 1608 ἐν
3337 1555 3532 1624 ἐκείνῳ
3583 1554 3694 1624 μὲν

2103 1644 2165 1697 τὸ
2216 1645 2421 1709 ἀτελὲς,
2457 1649 2516 1700 ἐν
2561 1646 2733 1715 τούτῳ
2759 1647 2815 1699 δέ
2856 1646 3295 1718 διαδεικνυούσης
3349 1646 3411 1699 τὸ
3451 1646 3687 1699 τέλειον.

2106 1742 2315 1813 Ὠσπερ
2335 1741 2443 1813 γάρ
2471 1743 2539 1797 τά
2582 1741 2826 1813 φυόμενά
2849 1758 2908 1794 τε
2936 1742 3030 1795 καὶ
3060 1741 3359 1806 αὐξάνοντα
3391 1739 3494 1811 ζῇν
3528 1739 3691 1808 λέγο-

2108 1852 2227 1904 μεν,
2263 1837 2439 1889 πάντα
2476 1851 2533 1887 τε
2583 1834 2650 1888 τά
2689 1837 2746 1887 ἐν
2798 1833 3056 1906 μετουσίᾳ
3100 1830 3242 1903 ζωῆς
3299 1832 3393 1885 καὶ
3443 1834 3692 1900 φυσικῆς

426 1928 544 1976 erat
580 1922 633 1974 in
669 1937 858 1991 puero,
895 1922 948 1975 in
979 1922 1255 1977 hominem
1305 1921 1417 1990 jam
1454 1910 1635 1974 'virum
1686 1921 2003 1992 immigret:

2107 1901 2232 1980 δντα
2270 1928 2557 1997 κινήσεως,
2603 1928 2705 1980 οὐκ
2746 1901 2811 1981 ἄν
2849 1943 2932 1989 τις
2968 1901 3147 1995 ἀψυχα
3191 1901 3435 1993 φήσειεν,
3478 1924 3541 1976 οὐ
3577 1924 3690 1993 μὴν

428 2010 524 2066 sed
554 2027 663 2066 uno
695 2013 995 2083 eodemque
1028 2013 1211 2066 animo
1237 2011 1551 2067 facultatem
1585 2012 1639 2065 in
1673 2026 1844 2081 puero
1874 2026 2007 2065 nec-

427 2101 556 2156 dum
591 2102 913 2173 perfectam,
952 2103 1010 2158 in
1067 2104 1187 2158 viro
1227 2102 1526 2174 perfectam
1565 2103 2003 2158 demonstrante.

427 2191 897 2259 Quemadmodum
921 2195 1066 2250 enim
1099 2211 1185 2251 res
1206 2207 1517 2257 nascentes.
1552 2211 1673 2266 quae
1700 2196 2009 2251 incremen-

426 2293 542 2341 tum
577 2292 823 2349 sumunt,
860 2286 1044 2341 vivere
1076 2285 1298 2356 quidem
1327 2286 1448 2340 illas
1482 2285 1755 2341 dicimus:
1787 2287 1932 2342 sicut
1953 2296 2007 2343 et

427 2375 576 2446 quod
605 2376 729 2431 vita:
762 2377 1137 2446 naturalisque
1161 2382 1344 2432 motus
1378 2385 1463 2432 est
1489 2378 1782 2447 particeps.
1830 2378 2007 2432 inani-

430 2482 581 2521 mum
614 2467 724 2523 dici
771 2470 981 2539 nequit,
1021 2484 1132 2523 non
1182 2477 1366 2524 tamen
1403 2450 1645 2538 perfecta
1693 2470 1749 2524 in
1804 2470 1886 2525 eis
1928 2469 2008 2526 sic

427 2558 745 2614 viventibus
804 2560 987 2613 anima
1037 2559 1207 2612 statui
1264 2566 1463 2628 potest.
1517 2557 1654 2612 Nam
1706 2558 1762 2613 in
1806 2559 2007 2628 plantis

429 2664 756 2722 quamquam
777 2652 1005 2706 exsistat
1036 2650 1232 2705 animae
1248 2650 1465 2720 propria
1493 2649 1741 2719 quaedam
1773 2647 2005 2715 effectio,

426 2756 538 2797 non
574 2750 757 2797 tamen
787 2757 865 2797 eae
900 2756 1161 2797 sensuum
1194 2748 1404 2795 motum
1436 2740 1657 2794 habent.
1686 2738 1889 2795 Deinde
1917 2756 2008 2795 su-

386 2902 393 2913 ,
426 2847 527 2903 pra
565 2833 687 2896 has,
732 2833 992 2887 animalia
1030 2833 1195 2887 bruta
1241 2840 1371 2887 sunt
1400 2831 1490 2886 illa
1539 2832 1761 2903 quidem
1811 2833 2009 2887 animae

426 2922 693 2980 facultate
729 2925 998 2994 praedita:
1049 2924 1213 2979 finem
1246 2939 1378 2979 vero
1407 2924 1659 2977 ultimum
1691 2931 1747 2979 et
1795 2923 2006 2993 perfec-

426 3019 636 3072 tionem
669 3032 780 3072 non
815 3026 943 3074 sunt
965 3017 1179 3087 adepta.
1207 3016 1419 3087 Quippe
1445 3032 1475 3071 a
1499 3003 1729 3071 rationis
1751 3024 1807 3070 et
1843 3017 2006 3070 intel-

428 3108 672 3179 figentia:
718 3108 1180 3180 praestantissimo
1209 3108 1356 3163 dono
1393 3122 1506 3162 non
1547 3113 1676 3161 sunt
1718 3107 2006 3162 instructa.

431 3196 527 3255 Sic
572 3215 756 3255 veram
788 3200 925 3255 adeo
954 3200 1361 3269 perfectamque
1395 3198 1633 3251 animam
1673 3197 1843 3252 solam
1887 3212 2009 3253 esse
2036 3233 2079 3291 ρ

430 3289 726 3344 humanam
770 3290 1088 3355 statuimus,
1138 3287 1595 3344 confirmantibus
1630 3286 1685 3339 in
1726 3285 1829 3339 hoc
1883 3300 2007 3340 sen-

432 3384 657 3437 tentiam
695 3392 939 3438 nostram
975 3380 1353 3437 efiectionibus
1376 3378 1498 3447 ejus
1526 3377 1816 3432 universis.
1855 3376 2011 3443 Quod

433 3475 610 3543 siqua
648 3489 736 3528 res
767 3475 873 3528 alia
920 3474 1198 3544 particeps
1244 3472 1408 3525 etiam
1454 3469 1579 3523 vitae
1617 3476 1723 3532 est,
1776 3482 1839 3523 ea
1883 3482 2011 3522 vero

432 3567 675 3620 animata
708 3566 910 3621 dicitur
950 3564 1231 3620 hominum
1266 3577 1438 3626 more,
1474 3575 1661 3615 vocem
1702 3560 1843 3615 hanc
1887 3574 2013 3630 pro-

432 3659 551 3731 pria
583 3659 984 3729 significatione
1014 3673 1124 3713 non
1147 3657 1551 3729 usurpantium.
1582 3656 1698 3711 Non
1724 3655 1870 3710 enim
1905 3655 2010 3709 hoc

431 3764 495 3805 ea
539 3748 595 3803 fit
627 3749 864 3816 ratione,
897 3750 1055 3820 quasi
1086 3748 1325 3820 perfecta
1355 3748 1428 3803 sit
1455 3748 1511 3803 in
1542 3746 1815 3817 ejusmodi
1845 3745 2010 3801 rebus

433 3842 636 3910 anima,
665 3843 760 3897 sed
795 3842 943 3914 quod
987 3849 1171 3911 partes
1209 3840 1476 3912 quasdam
1521 3840 1575 3913 in
1612 3840 1694 3895 eis
1726 3839 2010 3897 videamus

433 3932 782 3990 efl'ectionum
810 3934 1008 3987 animas
1043 3934 1386 4001 propriarum
1425 3932 1714 3995 exsistere,
1745 3946 1883 4000 quas
1922 3931 2009 4001 ip-

435 4039 528 4080 sas
566 4033 681 4079 tum
718 4024 953 4094 primum
990 4023 1223 4091 cmpisse
1274 4022 1514 4077 hominis
1541 4021 1596 4075 in
1630 4022 1824 4076 natura
1856 4036 2013 4076 acce-

434 4115 639 4188 pimus,
698 4129 824 4169 eum
871 4113 939 4168 ad
970 4119 1175 4169 statum
1225 4112 1729 4181 perturbationibus
1766 4120 1821 4167 et
1860 4111 2009 4166 vitiis

2105 2018 2225 2071 οὐδὲ
2279 2019 2490 2081 τελείας
2535 2018 2713 2087 ψυχῆς
2769 2018 3018 2088 μετέχειν
3071 2017 3169 2086 τὴν
3217 2011 3475 2083 τοιαύτην
3536 2013 3691 2083 ζωὴν

2106 2108 2252 2162 ἔστιν
2285 2112 2476 2163 εἰπεῖν.
2504 2110 2777 2179 Γενομένη
2803 2110 2912 2179 γάρ
2945 2111 3005 2162 ἐν
3026 2111 3137 2171 τοῖς
3164 2110 3349 2176 φυτοῖς
3375 2105 3581 2176 ψυχική
3602 2120 3691 2167 τις

2105 2201 2372 2270 ἐνέργεια,
2416 2200 2577 2271 μέχρι
2621 2199 2730 2253 τῶν
2767 2200 2888 2254 κατ’
2931 2198 3183 2270 αἴσθησιν
3217 2197 3537 2268 κινημάτων
3584 2195 3691 2250 οὐκ

2107 2291 2336 2361 ἔφθασε.
2360 2292 2526 2345 Πάλιν
2571 2292 2628 2345 δὲ
2664 2292 2806 2345 κατά
2851 2290 3168 2363 προσθήκην
3212 2287 3440 2359 δύναμις
3466 2305 3552 2350 τις
3583 2286 3692 2356 ψ),

2105 2382 2234 2453 χικὴ
2274 2385 2385 2445 τοῖς
2433 2382 2648 2451 ἀλόγοις
2681 2382 3029 2452 ἐγγινομένη,
3062 2380 3182 2434 οὐδὲ
3212 2378 3350 2451 αύτὴ
3372 2376 3466 2431 τοῦ
3499 2376 3693 2438 τέλους

2107 2475 2343 2543 ἐφίκετο,
2367 2475 2523 2543 λόγου
2559 2491 2616 2527 τε
2667 2476 2762 2526 καὶ
2806 2474 3042 2536 διανοίας
3084 2473 3243 2543 χάριν
3281 2474 3338 2524 ἐν
3390 2471 3559 2539 ἑαυτῇ
3615 2468 3691 2539 μὴ

2107 2566 2425 2637 χωρήσασα.
2454 2566 2549 2619 Διὰ
2588 2564 2744 2617 τοῦτό
2774 2582 2953 2635 φαμεν
2978 2564 3075 2635 τὴν
3116 2564 3212 2633 μὲν
3239 2561 3413 2632 ἀληθῆ
3453 2560 3551 2613 καὶ
3599 2577 3691 2613 τε-

2107 2658 2256 2711 λείαν
2293 2657 2469 2728 ψυχὴν
2507 2657 2850 2729 ἀνθρωπίνην
2877 2652 3047 2720 εἶναι,
3076 2654 3163 2707 διὰ
3195 2654 3375 2723 πάσης
3409 2650 3690 2723 ἐνεργείας

2107 2748 2535 2821 γνωριζομένην.
2567 2750 2629 2802 Εἰ
2660 2749 2717 2802 δέ
2743 2766 2795 2801 τι
2822 2748 2948 2802 ἄλλο
2974 2746 3188 2818 μετέχει
3224 2744 3392 2814 ζωῆς,
3430 2745 3489 2796 ἐν
3518 2758 3691 2796 καταο

2108 2843 2298 2912 χρήσει
2328 2842 2434 2895 τινὶ
2465 2840 2752 2911 συνηθείας
2807 2840 3049 2911 ἔμψυχον
3090 2838 3342 2906 λέγομεν,
3382 2834 3456 2905 μὴ
3493 2834 3576 2888 ὅτι
3603 2849 3694 2886 τεο

2109 2932 2228 2985 λεία
2258 2935 2315 2986 ἐν
2357 2931 2567 2994 τούτοις
2602 2932 2748 2984 ἐστὶν
2787 2934 2819 3002 ἡ
2855 2929 3023 3001 ψυχὴ,
3045 2928 3182 2982 ἀλλά
3204 2944 3323 2980 τινα
3361 2926 3502 2997 μέρη
3528 2924 3691 2995 ψυχι-

2110 3022 2210 3091 κῆς
2233 3020 2528 3091 ἐνεργείας,
2550 3019 2586 3073 ἃ
2624 3020 2718 3073 καὶ
2751 3021 2809 3073 ἐν
2846 3019 2925 3090 τῷ
2959 3015 3230 3090 ἀνθρώπῳ
3260 3015 3401 3068 κατά
3449 3018 3552 3087 τὴν
3588 3032 3693 3085 μυ-

2112 3111 2300 3182 στικὴν
2322 3111 2415 3163 τοῦ
2446 3111 2724 3173 Μωΰσέως
2772 3108 3215 3181 ἀνθρωπογονῖαν
3239 3106 3691 3177 ἐπιγεγενῆσθαι,

2110 3199 2198 3253 διὰ
2230 3201 2329 3270 τὴν
2360 3201 2493 3273 πρὸς
2523 3200 2585 3253 τὸ
2627 3200 2869 3271 ἐμπαθὲς
2902 3199 3211 3269 οἰκειότητα
3263 3197 3691 3269 μεμαθήκαμεν.

2113 3293 2210 3345 Διά
2253 3290 2412 3345 τοῦτο
2458 3291 2840 3363 συμϐουλεύων
2867 3293 2895 3345 ὀ
2927 3290 3138 3356 Παῦλος
3167 3292 3278 3354 τοῖς
3315 3288 3535 3344 ἀκούειν
3561 3287 3693 3358 βου-

2112 3384 2359 3455 λομένοις
2411 3385 2511 3455 τῆς
2559 3383 2890 3454 τελειότητος
2915 3382 3166 3454 ἔχεσθαι.
3210 3381 3303 3435 καὶ
3354 3380 3444 3433 τὸν
3490 3378 3697 3450 τρόπον

2113 3475 2261 3539 ὅπως
2288 3474 2353 3527 ἂν
2380 3473 2474 3526 τοῦ
2527 3473 2957 3545 σπουδαζομένου
2991 3474 3203 3543 τύχοιεν
3246 3470 3582 3535 ὑποτίθεται,
3605 3468 3697 3523 λέ-

2113 3585 2246 3635 γων,
2282 3565 2691 3619 ἀπεκδύσασθαι
2725 3566 2834 3618 δεῖν
2860 3565 2949 3619 τὸν
2993 3564 3222 3618 παλαιὸν
3247 3563 3565 3635 ἄνθρωπον,
3602 3561 3697 3614 καὶ

2114 3657 2439 3711 ἐνδύσασθαι
2468 3657 2558 3711 τὸν
2578 3658 2717 3723 νέον,
2751 3658 2841 3710 τὸν
2871 3656 3328 3728 ἀνακαινούμενον
3361 3654 3479 3707 κατ’
3508 3653 3698 3705 εἰκόνα

2115 3750 2209 3803 τοῦ
2258 3750 2559 3812 κτίσαντος.
2606 3749 2744 3803 Ἀλλ’
2778 3749 3163 3820 ἐπανέλθωμεν
3220 3750 3417 3811 πάντες
3467 3746 3563 3799 ἐπὶ
3596 3744 3698 3814 τὴν

2117 3841 2324 3911 θεοειδῆ
2348 3842 2509 3912 χάριν
2532 3841 2768 3912 ἐκείνην,
2805 3836 2916 3915 ἐνῇ
2945 3842 3126 3895 ἔκτισε
3154 3841 3213 3895 τὸ
3242 3840 3362 3894 κατ’
3392 3838 3566 3910 ἀρχὰς
3604 3837 3696 3889 τὸν

2116 3932 2399 4002 ἄνθρωπον
2426 3935 2454 3986 ὁ
2487 3931 2639 3995 Θεὸς,
2672 3930 2842 3986 εἰπών
2864 3949 2876 3962 ο
2905 3933 2985 3984 ὅτι
3012 3951 3029 3982 ι
3063 3930 3381 4002 Ποιήσωμεν
3410 3926 3697 3997 ἄνθρωπον

2117 4023 2236 4074 κατ’
2269 4022 2453 4077 εἰκόνα
2483 4024 2575 4077 καὶ
2611 4023 2870 4094 ὁμοίωσιν
2903 4022 3228 4092 ἡμετέραν.»
3257 4013 3327 4090 ᾯ
3364 4019 3399 4089 ἡ
3427 4016 3555 4080 δόξα
3602 4013 3700 4068 καὶ

2115 4114 2176 4167 τὸ
2206 4116 2405 4187 κράτος
2437 4117 2517 4178 εἱς
2546 4117 2671 4178 τοὺς
2692 4114 2893 4182 αἰῶνας
2922 4113 3031 4166 τῶν
3061 4112 3295 4167 αἰώνων.
3331 4110 3525 4181 Ἀμήν.

435 4207 733 4262 obnoxium
779 4222 881 4261 nos
922 4205 1338 4260 demisisscmus
1368 4222 1381 4259 :
1416 4204 1561 4258 sicut
1593 4212 1775 4259 estex
1813 4219 2016 4260 arcana
2052 4203 2219 4261 Mosis
2280 4207 2346 4262 de
2387 4208 2626 4263 hominis
2680 4216 2803 4262 ortu
2852 4205 3170 4260 narratione
3211 4202 3568 4259 declaratum.
3605 4197 3694 4254 ld-

435 4300 585 4354 circo
620 4300 826 4355 Paulus
860 4317 924 4356 eo
969 4301 1112 4364 loco,
1146 4315 1255 4372 quo
1290 4299 1527 4353 consulit
1558 4299 1814 4355 omnibus
1867 4301 1961 4370 qui
2009 4314 2201 4370 parere
2264 4301 2499 4359 consilio
2538 4302 2716 4372 ipsius
2757 4301 2949 4365 velint,
2986 4310 3044 4354 ut
3088 4296 3409 4370 perfectioni
3445 4295 3559 4350 sint
3606 4291 3699 4347 adv

434 4392 608 4447 dicti:
659 4393 878 4448 modum
919 4392 1081 4448 etiam
1123 4392 1366 4462 subiicit,
1418 4406 1527 4462 quo
1574 4390 1688 4445 fieri
1735 4399 2016 4462 compotes
2073 4395 2184 4449 voti
2240 4395 2325 4449 sui
2364 4393 2595 4463 possint,
2645 4408 2770 4447 cum
2824 4393 2944 4446 ait:
2991 4390 3314 4445 Exuendum
3353 4403 3475 4445 esse
3530 4383 3703 4440 homi-

434 4500 557 4540 nem
582 4494 843 4552 veterem,
872 4496 927 4542 et
987 4484 1322 4541 induendum
1372 4501 1597 4549 novum,
1627 4485 1720 4556 qui
1758 4486 1828 4541 sit
1886 4483 1953 4538 ad
2004 4485 2294 4556 imaginem
2331 4486 2610 4542 Creatoris
2654 4485 3014 4541 instauratus.
3065 4484 3178 4552 Age
3224 4482 3410 4552 igitur,
3454 4484 3701 4532 reverta—

434 4591 560 4631 mur
592 4592 784 4634 omnes
830 4579 896 4635 ad
926 4578 1168 4634 divinam
1203 4578 1353 4632 illam
1392 4578 1645 4648 gratiam,
1680 4592 1789 4651 qua
1826 4593 2012 4631 rerum
2065 4578 2225 4633 initio
2277 4578 2419 4634 Deus
2479 4577 2757 4633 hominem
2789 4588 3032 4635 creatura
3085 4574 3321 4635 ornavit,
3373 4585 3498 4626 cum
3548 4569 3701 4623 dice-

434 4677 519 4723 ret
554 4686 567 4723 :
612 4688 631 4719 ι
667 4666 956 4725 Faciamus
996 4668 1273 4726 hominem
1304 4668 1373 4725 ad
1416 4670 1704 4742 imaginem
1742 4670 2271 4742 similitudinemque
2320 4678 2589 4731 nostram.
2628 4691 2647 4725 ι
2680 4670 2742 4726 Ei
2781 4671 2853 4727 sit
2885 4670 3057 4744 gloria
3100 4675 3154 4725 et
3198 4674 3441 4739 potestas
3484 4659 3701 4718 saeculis

437 4763 685 4822 infinitis.
715 4764 906 4822 Amen.

510 4918 578 4950 "'
609 4918 734 4977 Cor.
777 4937 903 4986 xm,
937 4922 1020 4985 Η.
