  <div class='ocr_page' id='page_1' title='image "/cluster/home/n/w/nwhite01/storage/ocr_20150623/44:no.1/coo.31924054869445/136.png"; bbox 0 0 3890 6398; ppageno 0'>
   <div class='ocr_carea' id='block_1_1' title="bbox 198 366 287 421">
    <p class='ocr_par' dir='ltr' id='par_1_1' title="bbox 198 366 287 421">
     <span class='ocr_line' id='line_1_1' title="bbox 198 366 287 421; baseline -0.034 0"><span class='ocrx_word' id='word_1_1' title='bbox 198 366 287 421; x_wconf 71' lang='grc' dir='ltr'><strong>ἳνὸτ</strong></span> 
     </span>
    </p>
   </div>
   <div class='ocr_carea' id='block_1_2' title="bbox 222 501 1235 547">
    <p class='ocr_par' dir='ltr' id='par_1_2' title="bbox 222 501 1235 547">
     <span class='ocr_line' id='line_1_2' title="bbox 222 501 1235 547; baseline -0.007 -9"><span class='ocrx_word' id='word_1_2' title='bbox 222 501 1235 547; x_wconf 66' lang='lat' dir='ltr'><em>W</em></span> 
     </span>
    </p>
   </div>
   <div class='ocr_carea' id='block_1_3' title="bbox 906 332 1828 407">
    <p class='ocr_par' dir='ltr' id='par_1_3' title="bbox 906 336 1828 407">
     <span class='ocr_line' id='line_1_3' title="bbox 906 336 1828 407; baseline -0.012 -4"><span class='ocrx_word' id='word_1_3' title='bbox 906 346 972 402; x_wconf 81' lang='lat' dir='ltr'><strong>IN</strong></span> <span class='ocrx_word' id='word_1_4' title='bbox 1013 346 1257 407; x_wconf 70' lang='lat' dir='ltr'><strong>VERBA,</strong></span> <span class='ocrx_word' id='word_1_5' title='bbox 1301 338 1684 395; x_wconf 69' lang='lat' dir='ltr'><strong>FACMML&#39;S</strong></span> <span class='ocrx_word' id='word_1_6' title='bbox 1729 336 1828 392; x_wconf 84' lang='grc' dir='ltr'><strong>ΗΟ</strong></span> 
     </span>
    </p>
   </div>
   <div class='ocr_carea' id='block_1_4' title="bbox 1909 332 3424 407">
    <p class='ocr_par' dir='ltr' id='par_1_4' title="bbox 1909 332 3424 396">
     <span class='ocr_line' id='line_1_4' title="bbox 1909 332 3424 396; baseline -0.002 -7"><span class='ocrx_word' id='word_1_7' title='bbox 1909 334 2121 396; x_wconf 73' lang='grc' dir='ltr'><strong>ιΝΕΜ,</strong></span> <span class='ocrx_word' id='word_1_8' title='bbox 2167 333 2341 395; x_wconf 79' lang='lat' dir='ltr'><strong>ETC.,</strong></span> <span class='ocrx_word' id='word_1_9' title='bbox 2385 332 2589 387; x_wconf 73' lang='lat' dir='ltr'><strong>ORAT.</strong></span> <span class='ocrx_word' id='word_1_10' title='bbox 2632 332 2670 388; x_wconf 89' lang='grc'><strong>1.</strong></span> <span class='ocrx_word' id='word_1_11' title='bbox 3313 333 3424 387; x_wconf 75' lang='lat'><strong>9.58</strong></span> 
     </span>
    </p>
   </div>
   <div class='ocr_carea' id='block_1_5' title="bbox 1262 602 2331 701">
    <p class='ocr_par' dir='ltr' id='par_1_5' title="bbox 1262 602 2331 701">
     <span class='ocr_line' id='line_1_5' title="bbox 1262 602 2331 701; baseline -0.005 -2"><span class='ocrx_word' id='word_1_12' title='bbox 1262 646 1398 701; x_wconf 83' lang='grc' dir='ltr'><strong>ΤΟΥ</strong></span> <span class='ocrx_word' id='word_1_13' title='bbox 1427 646 1516 699; x_wconf 74' lang='grc' dir='ltr'><strong>ΕΝ</strong></span> <span class='ocrx_word' id='word_1_14' title='bbox 1551 602 1774 699; x_wconf 55' lang='grc' dir='ltr'><strong>ΑΓΙΟίΣ</strong></span> <span class='ocrx_word' id='word_1_15' title='bbox 1816 643 2089 697; x_wconf 82' lang='grc' dir='ltr'><strong>ΠΑΤΡΟΣ</strong></span> <span class='ocrx_word' id='word_1_16' title='bbox 2133 642 2331 695; x_wconf 72' lang='grc' dir='ltr'><strong>ΗΜΩΝ</strong></span> 
     </span>
    </p>
   </div>
   <div class='ocr_carea' id='block_1_6' title="bbox 1019 836 2577 957">
    <p class='ocr_par' dir='ltr' id='par_1_6' title="bbox 1019 836 2577 957">
     <span class='ocr_line' id='line_1_6' title="bbox 1019 836 2577 957; baseline -0.005 0"><span class='ocrx_word' id='word_1_17' title='bbox 1019 836 1887 957; x_wconf 88' lang='grc' dir='ltr'><strong>ΓΡΗΓΟΡΙΟΥ</strong></span> <span class='ocrx_word' id='word_1_18' title='bbox 1995 837 2577 951; x_wconf 85' lang='grc' dir='ltr'><strong>ΝΥΣΣΗΣ</strong></span> 
     </span>
    </p>
   </div>
   <div class='ocr_carea' id='block_1_7' title="bbox 387 1062 3213 1153">
    <p class='ocr_par' dir='ltr' id='par_1_7' title="bbox 387 1062 3213 1153">
     <span class='ocr_line' id='line_1_7' title="bbox 387 1062 3213 1153; baseline -0.009 -13"><span class='ocrx_word' id='word_1_19' title='bbox 387 1087 479 1151; x_wconf 74' lang='grc' dir='ltr'><strong>Εἰς</strong></span> <span class='ocrx_word' id='word_1_20' title='bbox 508 1083 579 1139; x_wconf 74' lang='grc' dir='ltr'>τὰ</span> <span class='ocrx_word' id='word_1_21' title='bbox 614 1081 715 1153; x_wconf 79' lang='grc' dir='ltr'>τῆς</span> <span class='ocrx_word' id='word_1_22' title='bbox 759 1076 982 1152; x_wconf 82' lang='grc' dir='ltr'>Γραφῆς</span> <span class='ocrx_word' id='word_1_23' title='bbox 1018 1076 1236 1145; x_wconf 75' lang='grc' dir='ltr'>ῥήματα</span> <span class='ocrx_word' id='word_1_24' title='bbox 1270 1088 1283 1103; x_wconf 77' lang='grc' dir='ltr'><strong>ο</strong></span> <span class='ocrx_word' id='word_1_25' title='bbox 1331 1068 1684 1137; x_wconf 79' lang='grc' dir='ltr'><strong>Ποιήσωμεν</strong></span> <span class='ocrx_word' id='word_1_26' title='bbox 1728 1068 2042 1135; x_wconf 77' lang='grc' dir='ltr'>ἄνθρωπον</span> <span class='ocrx_word' id='word_1_27' title='bbox 2075 1067 2201 1119; x_wconf 75' lang='grc' dir='ltr'>κατ’</span> <span class='ocrx_word' id='word_1_28' title='bbox 2234 1066 2436 1119; x_wconf 76' lang='grc' dir='ltr'>εικόνα</span> <span class='ocrx_word' id='word_1_29' title='bbox 2463 1063 2755 1132; x_wconf 69' lang='grc' dir='ltr'>ἡμετέραν</span> <span class='ocrx_word' id='word_1_30' title='bbox 2782 1062 2877 1115; x_wconf 75' lang='grc' dir='ltr'>καὶ</span> <span class='ocrx_word' id='word_1_31' title='bbox 2913 1062 3213 1132; x_wconf 76' lang='grc' dir='ltr'>ὁμοίωσιν.</span> 
     </span>
    </p>
   </div>
   <div class='ocr_carea' id='block_1_8' title="bbox 1776 1248 1844 1265">
    <p class='ocr_par' dir='ltr' id='par_1_8' title="bbox 1776 1248 1844 1265">
     <span class='ocr_line' id='line_1_8' title="bbox 1776 1248 1844 1265; baseline 0 -5"><span class='ocrx_word' id='word_1_32' title='bbox 1776 1248 1844 1265; x_wconf 69' lang='grc' dir='ltr'><strong>..ι-</strong></span> 
     </span>
    </p>
   </div>
   <div class='ocr_carea' id='block_1_9' title="bbox 792 1390 2822 1519">
    <p class='ocr_par' dir='ltr' id='par_1_9' title="bbox 792 1390 2822 1519">
     <span class='ocr_line' id='line_1_9' title="bbox 792 1390 2822 1519; baseline -0.009 0"><span class='ocrx_word' id='word_1_33' title='bbox 792 1407 912 1519; x_wconf 88' lang='lat' dir='ltr'><strong>S.</strong></span> <span class='ocrx_word' id='word_1_34' title='bbox 1000 1405 1123 1514; x_wconf 89' lang='lat' dir='ltr'><strong>P.</strong></span> <span class='ocrx_word' id='word_1_35' title='bbox 1215 1404 1357 1518; x_wconf 91' lang='lat' dir='ltr'><strong>N.</strong></span> <span class='ocrx_word' id='word_1_36' title='bbox 1448 1395 2126 1514; x_wconf 77' lang='lat' dir='ltr'><strong>GBEGORII</strong></span> <span class='ocrx_word' id='word_1_37' title='bbox 2204 1390 2822 1507; x_wconf 85' lang='lat' dir='ltr'><strong>NYSSENI</strong></span> 
     </span>
    </p>
   </div>
   <div class='ocr_carea' id='block_1_10' title="bbox 392 1657 3219 1753">
    <p class='ocr_par' dir='ltr' id='par_1_10' title="bbox 392 1657 3219 1753">
     <span class='ocr_line' id='line_1_10' title="bbox 392 1657 3219 1753; baseline -0.01 -12"><span class='ocrx_word' id='word_1_38' title='bbox 392 1679 460 1742; x_wconf 80' lang='lat' dir='ltr'><strong>In</strong></span> <span class='ocrx_word' id='word_1_39' title='bbox 492 1674 840 1753; x_wconf 64' lang='lat' dir='ltr'><strong>Scriptura</strong></span> <span class='ocrx_word' id='word_1_40' title='bbox 874 1668 1086 1740; x_wconf 85' lang='lat' dir='ltr'><strong>verba,</strong></span> <span class='ocrx_word' id='word_1_41' title='bbox 1122 1664 1453 1725; x_wconf 77' lang='lat' dir='ltr'><strong>Faciamus</strong></span> <span class='ocrx_word' id='word_1_42' title='bbox 1484 1660 1792 1721; x_wconf 73' lang='lat' dir='ltr'><strong>hominem</strong></span> <span class='ocrx_word' id='word_1_43' title='bbox 1821 1657 1903 1718; x_wconf 85' lang='lat' dir='ltr'><strong>ad</strong></span> <span class='ocrx_word' id='word_1_44' title='bbox 1933 1659 2259 1735; x_wconf 80' lang='lat' dir='ltr'><strong>imaginem</strong></span> <span class='ocrx_word' id='word_1_45' title='bbox 2303 1667 2357 1718; x_wconf 77' lang='lat' dir='ltr'><strong>et</strong></span> <span class='ocrx_word' id='word_1_46' title='bbox 2410 1657 2883 1719; x_wconf 74' lang='lat' dir='ltr'><strong>similitudinem</strong></span> <span class='ocrx_word' id='word_1_47' title='bbox 2916 1662 3219 1715; x_wconf 80' lang='lat' dir='ltr'><strong>nostram.</strong></span> 
     </span>
    </p>
   </div>
   <div class='ocr_carea' id='block_1_11' title="bbox 1330 1865 2233 1925">
    <p class='ocr_par' dir='ltr' id='par_1_11' title="bbox 1330 1865 2233 1925">
     <span class='ocr_line' id='line_1_11' title="bbox 1330 1865 2233 1925; baseline -0.007 -6"><span class='ocrx_word' id='word_1_48' title='bbox 1330 1871 1482 1920; x_wconf 81' lang='lat' dir='ltr'><strong>Petro</strong></span> <span class='ocrx_word' id='word_1_49' title='bbox 1504 1865 1761 1919; x_wconf 74' lang='lat' dir='ltr'><strong>Fraucisco</strong></span> <span class='ocrx_word' id='word_1_50' title='bbox 1788 1866 1909 1914; x_wconf 89' lang='lat' dir='ltr'><strong>Zino</strong></span> <span class='ocrx_word' id='word_1_51' title='bbox 1935 1867 2233 1925; x_wconf 81' lang='lat' dir='ltr'><strong>interprete.</strong></span> 
     </span>
    </p>
   </div>
   <div class='ocr_carea' id='block_1_12' title="bbox 815 2198 1843 2277">
    <p class='ocr_par' dir='ltr' id='par_1_12' title="bbox 815 2198 1843 2277">
     <span class='ocr_line' id='line_1_12' title="bbox 815 2198 1843 2277; baseline -0.006 0"><span class='ocrx_word' id='word_1_52' title='bbox 815 2220 1032 2277; x_wconf 83' lang='grc' dir='ltr'><strong>ΛΟΓΟΣ</strong></span> <span class='ocrx_word' id='word_1_53' title='bbox 1067 2219 1146 2274; x_wconf 73' lang='grc' dir='ltr'><strong>Αν.</strong></span> <span class='ocrx_word' id='word_1_54' title='bbox 1795 2198 1843 2256; x_wconf 82' lang='grc' dir='ltr'><strong>Α</strong></span> 
     </span>
    </p>
   </div>
   <div class='ocr_carea' id='block_1_13' title="bbox 271 2317 1773 2410">
    <p class='ocr_par' dir='ltr' id='par_1_13' title="bbox 271 2317 1773 2410">
     <span class='ocr_line' id='line_1_13' title="bbox 271 2317 1773 2410; baseline -0.013 -13"><span class='ocrx_word' id='word_1_55' title='bbox 271 2334 505 2397; x_wconf 84' lang='grc' dir='ltr'>Παλαιοῦ</span> <span class='ocrx_word' id='word_1_56' title='bbox 537 2337 739 2410; x_wconf 78' lang='grc' dir='ltr'><strong>χρέους</strong></span> <span class='ocrx_word' id='word_1_57' title='bbox 799 2335 1005 2388; x_wconf 75' lang='grc' dir='ltr'>ἔκτισιν</span> <span class='ocrx_word' id='word_1_58' title='bbox 1059 2324 1477 2400; x_wconf 79' lang='grc' dir='ltr'>ἁποπληρώσων</span> <span class='ocrx_word' id='word_1_59' title='bbox 1527 2327 1665 2396; x_wconf 73' lang='grc' dir='ltr'>ἥκω,</span> <span class='ocrx_word' id='word_1_60' title='bbox 1710 2317 1773 2378; x_wconf 74' lang='grc' dir='ltr'>οὗ</span> 
     </span>
    </p>
   </div>
   <div class='ocr_carea' id='block_1_14' title="bbox 213 2413 1774 2502">
    <p class='ocr_par' dir='ltr' id='par_1_14' title="bbox 213 2413 1774 2502">
     <span class='ocr_line' id='line_1_14' title="bbox 213 2413 1774 2502; baseline -0.013 -17"><span class='ocrx_word' id='word_1_61' title='bbox 213 2430 301 2502; x_wconf 78' lang='grc' dir='ltr'><strong>τὴν</strong></span> <span class='ocrx_word' id='word_1_62' title='bbox 327 2428 572 2483; x_wconf 81' lang='grc' dir='ltr'>ἀπόδοσιν</span> <span class='ocrx_word' id='word_1_63' title='bbox 603 2422 967 2493; x_wconf 75' lang='grc' dir='ltr'>ἀνεὸαλόμην,</span> <span class='ocrx_word' id='word_1_64' title='bbox 994 2418 1092 2473; x_wconf 83' lang='grc' dir='ltr'><strong>οὐκ</strong></span> <span class='ocrx_word' id='word_1_65' title='bbox 1124 2415 1484 2490; x_wconf 83' lang='grc' dir='ltr'><strong>ἀγνωμοσύνῃ</strong></span> <span class='ocrx_word' id='word_1_66' title='bbox 1518 2413 1774 2487; x_wconf 86' lang='grc' dir='ltr'>προαιρέ-</span> 
     </span>
    </p>
   </div>
   <div class='ocr_carea' id='block_1_15' title="bbox 2487 2204 2824 2264">
    <p class='ocr_par' dir='ltr' id='par_1_15' title="bbox 2487 2204 2824 2264">
     <span class='ocr_line' id='line_1_15' title="bbox 2487 2204 2824 2264; baseline -0.012 0"><span class='ocrx_word' id='word_1_67' title='bbox 2487 2204 2746 2264; x_wconf 68' lang='lat' dir='ltr'><strong>ORATIO</strong></span> <span class='ocrx_word' id='word_1_68' title='bbox 2783 2205 2824 2260; x_wconf 93' lang='grc'><strong>1.</strong></span> 
     </span>
    </p>
   </div>
   <div class='ocr_carea' id='block_1_16' title="bbox 1942 2316 3451 2389">
    <p class='ocr_par' dir='ltr' id='par_1_16' title="bbox 1942 2316 3451 2389">
     <span class='ocr_line' id='line_1_16' title="bbox 1942 2316 3451 2389; baseline -0.005 -12"><span class='ocrx_word' id='word_1_69' title='bbox 1942 2322 2195 2379; x_wconf 88' lang='lat' dir='ltr'><strong>Debitam</strong></span> <span class='ocrx_word' id='word_1_70' title='bbox 2230 2322 2461 2377; x_wconf 83' lang='lat' dir='ltr'><strong>auribus</strong></span> <span class='ocrx_word' id='word_1_71' title='bbox 2487 2320 2685 2379; x_wconf 77' lang='lat' dir='ltr'><strong>vestris</strong></span> <span class='ocrx_word' id='word_1_72' title='bbox 2711 2317 3133 2389; x_wconf 75' lang='lat' dir='ltr'><strong>expositionem,</strong></span> <span class='ocrx_word' id='word_1_73' title='bbox 3166 2316 3326 2386; x_wconf 82' lang='lat' dir='ltr'><strong>cujus</strong></span> <span class='ocrx_word' id='word_1_74' title='bbox 3353 2330 3451 2371; x_wconf 87' lang='lat' dir='ltr'><strong>no-</strong></span> 
     </span>
    </p>
   </div>
   <div class='ocr_carea' id='block_1_17' title="bbox 1875 2407 3452 2482">
    <p class='ocr_par' dir='ltr' id='par_1_17' title="bbox 1875 2407 3452 2482">
     <span class='ocr_line' id='line_1_17' title="bbox 1875 2407 3452 2482; baseline -0.006 -14"><span class='ocrx_word' id='word_1_75' title='bbox 1875 2413 2022 2469; x_wconf 82' lang='lat' dir='ltr'><strong>mine</strong></span> <span class='ocrx_word' id='word_1_76' title='bbox 2063 2420 2323 2482; x_wconf 85' lang='lat' dir='ltr'><strong>tanquam</strong></span> <span class='ocrx_word' id='word_1_77' title='bbox 2358 2427 2465 2466; x_wconf 72' lang='lat' dir='ltr'><strong>aere</strong></span> <span class='ocrx_word' id='word_1_78' title='bbox 2493 2411 2674 2464; x_wconf 89' lang='lat' dir='ltr'><strong>alieno</strong></span> <span class='ocrx_word' id='word_1_79' title='bbox 2690 2408 2858 2467; x_wconf 64' lang='lat' dir='ltr'><strong>,vobis</strong></span> <span class='ocrx_word' id='word_1_80' title='bbox 2889 2407 3218 2477; x_wconf 84' lang='lat' dir='ltr'><strong>jampridem</strong></span> <span class='ocrx_word' id='word_1_81' title='bbox 3246 2407 3452 2462; x_wconf 85' lang='lat' dir='ltr'><strong>obstri-</strong></span> 
     </span>
    </p>
   </div>
   <div class='ocr_carea' id='block_1_18' title="bbox 217 2500 1828 2582">
    <p class='ocr_par' dir='ltr' id='par_1_18' title="bbox 217 2500 1774 2582">
     <span class='ocr_line' id='line_1_18' title="bbox 217 2500 1774 2582; baseline -0.008 -15"><span class='ocrx_word' id='word_1_82' title='bbox 217 2500 356 2578; x_wconf 83' lang='grc' dir='ltr'>σεως,</span> <span class='ocrx_word' id='word_1_83' title='bbox 388 2514 499 2569; x_wconf 80' lang='grc' dir='ltr'>ἀλλ’</span> <span class='ocrx_word' id='word_1_84' title='bbox 527 2511 786 2582; x_wconf 78' lang='grc' dir='ltr'><strong>ἀσθενείᾳ</strong></span> <span class='ocrx_word' id='word_1_85' title='bbox 828 2508 1096 2577; x_wconf 83' lang='grc' dir='ltr'>σώματος,</span> <span class='ocrx_word' id='word_1_86' title='bbox 1142 2506 1305 2577; x_wconf 77' lang='grc' dir='ltr'>χρέος</span> <span class='ocrx_word' id='word_1_87' title='bbox 1346 2503 1774 2573; x_wconf 81' lang='grc' dir='ltr'><strong>ἀναγκαιότατον</strong></span> 
     </span>
    </p>
   </div>
   <div class='ocr_carea' id='block_1_19' title="bbox 1909 2500 3454 2582">
    <p class='ocr_par' dir='ltr' id='par_1_19' title="bbox 1912 2500 3454 2571">
     <span class='ocr_line' id='line_1_19' title="bbox 1912 2500 3454 2571; baseline -0.003 -14"><span class='ocrx_word' id='word_1_88' title='bbox 1912 2513 2003 2559; x_wconf 86' lang='lat' dir='ltr'><strong>tus</strong></span> <span class='ocrx_word' id='word_1_89' title='bbox 2054 2519 2175 2559; x_wconf 90' lang='lat' dir='ltr'><strong>sum</strong></span> <span class='ocrx_word' id='word_1_90' title='bbox 2221 2503 2561 2565; x_wconf 87' lang='lat' dir='ltr'><strong>necessario,</strong></span> <span class='ocrx_word' id='word_1_91' title='bbox 2600 2501 2869 2571; x_wconf 89' lang='lat' dir='ltr'><strong>cujusque</strong></span> <span class='ocrx_word' id='word_1_92' title='bbox 2910 2501 3234 2555; x_wconf 69' lang='lat' dir='ltr'><strong>solutionem</strong></span> <span class='ocrx_word' id='word_1_93' title='bbox 3275 2500 3454 2554; x_wconf 86' lang='lat' dir='ltr'><strong>adhuc</strong></span> 
     </span>
    </p>
   </div>
   <div class='ocr_carea' id='block_1_20' title="bbox 214 2592 1828 2675">
    <p class='ocr_par' dir='ltr' id='par_1_20' title="bbox 214 2592 1772 2675">
     <span class='ocr_line' id='line_1_20' title="bbox 214 2592 1772 2675; baseline -0.01 -15"><span class='ocrx_word' id='word_1_94' title='bbox 214 2606 298 2659; x_wconf 72' lang='grc' dir='ltr'>καὶ</span> <span class='ocrx_word' id='word_1_95' title='bbox 314 2604 659 2675; x_wconf 80' lang='grc' dir='ltr'>ὀφειλόμενον</span> <span class='ocrx_word' id='word_1_96' title='bbox 694 2600 848 2671; x_wconf 80' lang='grc' dir='ltr'>ὑμῶν</span> <span class='ocrx_word' id='word_1_97' title='bbox 875 2601 941 2669; x_wconf 83' lang='grc' dir='ltr'>τῇ</span> <span class='ocrx_word' id='word_1_98' title='bbox 976 2595 1260 2667; x_wconf 78' lang='grc' dir='ltr'><strong>ἀκροάσει.</strong></span> <span class='ocrx_word' id='word_1_99' title='bbox 1303 2594 1413 2647; x_wconf 78' lang='grc' dir='ltr'>Καὶ</span> <span class='ocrx_word' id='word_1_100' title='bbox 1442 2593 1550 2664; x_wconf 87' lang='grc' dir='ltr'><strong>γὰρ</strong></span> <span class='ocrx_word' id='word_1_101' title='bbox 1590 2593 1656 2647; x_wconf 86' lang='grc' dir='ltr'><strong>ἂν</strong></span> <span class='ocrx_word' id='word_1_102' title='bbox 1688 2592 1772 2663; x_wconf 76' lang='grc' dir='ltr'>εἴη</span> 
     </span>
    </p>
   </div>
   <div class='ocr_carea' id='block_1_21' title="bbox 1909 2592 3456 2675">
    <p class='ocr_par' dir='ltr' id='par_1_21' title="bbox 1909 2592 3456 2666">
     <span class='ocr_line' id='line_1_21' title="bbox 1909 2592 3456 2666; baseline -0.002 -17"><span class='ocrx_word' id='word_1_103' title='bbox 1909 2610 1990 2649; x_wconf 62' lang='grc' dir='ltr'><strong>ιοη</strong></span> <span class='ocrx_word' id='word_1_104' title='bbox 2024 2595 2223 2666; x_wconf 76' lang='lat' dir='ltr'><strong>ingrati</strong></span> <span class='ocrx_word' id='word_1_105' title='bbox 2259 2594 2425 2648; x_wconf 89' lang='lat' dir='ltr'><strong>animi</strong></span> <span class='ocrx_word' id='word_1_106' title='bbox 2454 2594 2607 2656; x_wconf 78' lang='lat' dir='ltr'><strong>vitio,</strong></span> <span class='ocrx_word' id='word_1_107' title='bbox 2646 2592 2741 2647; x_wconf 91' lang='lat' dir='ltr'><strong>sed</strong></span> <span class='ocrx_word' id='word_1_108' title='bbox 2778 2592 2990 2646; x_wconf 80' lang='lat' dir='ltr'><strong>inﬁrma</strong></span> <span class='ocrx_word' id='word_1_109' title='bbox 3027 2595 3276 2660; x_wconf 90' lang='lat' dir='ltr'><strong>corporis</strong></span> <span class='ocrx_word' id='word_1_110' title='bbox 3309 2592 3456 2646; x_wconf 81' lang='lat' dir='ltr'><strong>vale-</strong></span> 
     </span>
    </p>
   </div>
   <div class='ocr_carea' id='block_1_22' title="bbox 213 2679 1828 2760">
    <p class='ocr_par' dir='ltr' id='par_1_22' title="bbox 213 2679 1779 2760">
     <span class='ocr_line' id='line_1_22' title="bbox 213 2679 1779 2760; baseline -0.01 -13"><span class='ocrx_word' id='word_1_111' title='bbox 213 2693 379 2748; x_wconf 67' lang='grc' dir='ltr'>ὧδικον</span> <span class='ocrx_word' id='word_1_112' title='bbox 416 2691 485 2746; x_wconf 84' lang='grc' dir='ltr'>τὰ</span> <span class='ocrx_word' id='word_1_113' title='bbox 514 2691 651 2760; x_wconf 78' lang='grc' dir='ltr'>περὶ</span> <span class='ocrx_word' id='word_1_114' title='bbox 681 2686 883 2759; x_wconf 77' lang='grc' dir='ltr'><strong>Θηρίων</strong></span> <span class='ocrx_word' id='word_1_115' title='bbox 928 2685 1024 2738; x_wconf 76' lang='grc' dir='ltr'><strong>καὶ</strong></span> <span class='ocrx_word' id='word_1_116' title='bbox 1056 2681 1267 2753; x_wconf 85' lang='grc' dir='ltr'>νηκτῶν</span> <span class='ocrx_word' id='word_1_117' title='bbox 1307 2680 1400 2734; x_wconf 79' lang='grc' dir='ltr'><strong>καὶ</strong></span> <span class='ocrx_word' id='word_1_118' title='bbox 1430 2679 1645 2750; x_wconf 84' lang='grc' dir='ltr'>κτηνῶν</span> <span class='ocrx_word' id='word_1_119' title='bbox 1682 2680 1779 2733; x_wconf 72' lang='grc' dir='ltr'>καὶ</span> 
     </span>
    </p>
   </div>
   <div class='ocr_carea' id='block_1_23' title="bbox 1909 2679 3455 2760">
    <p class='ocr_par' dir='ltr' id='par_1_23' title="bbox 1909 2683 3455 2758">
     <span class='ocr_line' id='line_1_23' title="bbox 1909 2683 3455 2758; baseline -0.005 -15"><span class='ocrx_word' id='word_1_120' title='bbox 1909 2688 2073 2744; x_wconf 92' lang='lat' dir='ltr'><strong>udine</strong></span> <span class='ocrx_word' id='word_1_121' title='bbox 2102 2687 2398 2756; x_wconf 89' lang='lat' dir='ltr'><strong>impeditus</strong></span> <span class='ocrx_word' id='word_1_122' title='bbox 2425 2686 2634 2758; x_wconf 81' lang='lat' dir='ltr'><strong>distuli,</strong></span> <span class='ocrx_word' id='word_1_123' title='bbox 2670 2685 3050 2755; x_wconf 85' lang='lat' dir='ltr'><strong>persoluturus</strong></span> <span class='ocrx_word' id='word_1_124' title='bbox 3077 2683 3325 2738; x_wconf 76' lang='lat' dir='ltr'><strong>advenio.</strong></span> <span class='ocrx_word' id='word_1_125' title='bbox 3349 2683 3455 2738; x_wconf 87' lang='lat' dir='ltr'><strong>lui-</strong></span> 
     </span>
    </p>
   </div>
   <div class='ocr_carea' id='block_1_24' title="bbox 218 2767 1828 2853">
    <p class='ocr_par' dir='ltr' id='par_1_24' title="bbox 218 2767 1778 2853">
     <span class='ocr_line' id='line_1_24' title="bbox 218 2767 1778 2853; baseline -0.01 -19"><span class='ocrx_word' id='word_1_126' title='bbox 218 2780 439 2853; x_wconf 82' lang='grc' dir='ltr'>πτηνῶν,</span> <span class='ocrx_word' id='word_1_127' title='bbox 466 2776 707 2850; x_wconf 78' lang='grc' dir='ltr'>οὐρανοῦ</span> <span class='ocrx_word' id='word_1_128' title='bbox 739 2792 800 2828; x_wconf 87' lang='grc' dir='ltr'><strong>τε</strong></span> <span class='ocrx_word' id='word_1_129' title='bbox 843 2777 935 2827; x_wconf 76' lang='grc' dir='ltr'>καὶ</span> <span class='ocrx_word' id='word_1_130' title='bbox 978 2772 1083 2826; x_wconf 88' lang='grc' dir='ltr'><strong>τῶν</strong></span> <span class='ocrx_word' id='word_1_131' title='bbox 1125 2770 1244 2824; x_wconf 84' lang='grc' dir='ltr'>κατ’</span> <span class='ocrx_word' id='word_1_132' title='bbox 1275 2768 1526 2839; x_wconf 78' lang='grc' dir='ltr'>οὐρανὸν,</span> <span class='ocrx_word' id='word_1_133' title='bbox 1566 2767 1693 2838; x_wconf 75' lang='grc' dir='ltr'>περί</span> <span class='ocrx_word' id='word_1_134' title='bbox 1717 2783 1778 2819; x_wconf 80' lang='grc' dir='ltr'><strong>τε</strong></span> 
     </span>
    </p>
   </div>
   <div class='ocr_carea' id='block_1_25' title="bbox 1909 2767 3457 2853">
    <p class='ocr_par' dir='ltr' id='par_1_25' title="bbox 1909 2774 3457 2849">
     <span class='ocr_line' id='line_1_25' title="bbox 1909 2774 3457 2849; baseline -0.003 -16"><span class='ocrx_word' id='word_1_135' title='bbox 1909 2794 2049 2849; x_wconf 70' lang='lat' dir='ltr'><strong>[num</strong></span> <span class='ocrx_word' id='word_1_136' title='bbox 2079 2781 2226 2834; x_wconf 86' lang='lat' dir='ltr'><strong>enim</strong></span> <span class='ocrx_word' id='word_1_137' title='bbox 2259 2786 2426 2844; x_wconf 89' lang='lat' dir='ltr'><strong>esset,</strong></span> <span class='ocrx_word' id='word_1_138' title='bbox 2470 2792 2594 2831; x_wconf 79' lang='lat' dir='ltr'><strong>cum</strong></span> <span class='ocrx_word' id='word_1_139' title='bbox 2631 2791 2715 2839; x_wconf 89' lang='lat' dir='ltr'><strong>ea,</strong></span> <span class='ocrx_word' id='word_1_140' title='bbox 2760 2792 2880 2847; x_wconf 75' lang='lat' dir='ltr'><strong>qua:</strong></span> <span class='ocrx_word' id='word_1_141' title='bbox 2906 2776 2973 2831; x_wconf 88' lang='lat' dir='ltr'><strong>ad</strong></span> <span class='ocrx_word' id='word_1_142' title='bbox 3019 2774 3183 2838; x_wconf 80' lang='lat' dir='ltr'><strong>feras,</strong></span> <span class='ocrx_word' id='word_1_143' title='bbox 3214 2784 3329 2829; x_wconf 90' lang='lat' dir='ltr'><strong>tum</strong></span> <span class='ocrx_word' id='word_1_144' title='bbox 3369 2790 3457 2830; x_wconf 83' lang='lat' dir='ltr'><strong>ua-</strong></span> 
     </span>
    </p>
   </div>
   <div class='ocr_carea' id='block_1_26' title="bbox 215 2857 1828 2940">
    <p class='ocr_par' dir='ltr' id='par_1_26' title="bbox 215 2857 1778 2936">
     <span class='ocr_line' id='line_1_26' title="bbox 215 2857 1778 2936; baseline -0.009 -14"><span class='ocrx_word' id='word_1_145' title='bbox 215 2869 299 2921; x_wconf 79' lang='grc' dir='ltr'>καὶ</span> <span class='ocrx_word' id='word_1_146' title='bbox 328 2868 431 2921; x_wconf 84' lang='grc' dir='ltr'><strong>τῶν</strong></span> <span class='ocrx_word' id='word_1_147' title='bbox 478 2868 605 2920; x_wconf 82' lang='grc' dir='ltr'>κατ’</span> <span class='ocrx_word' id='word_1_148' title='bbox 654 2864 901 2936; x_wconf 83' lang='grc' dir='ltr'>οὐρανὸν,</span> <span class='ocrx_word' id='word_1_149' title='bbox 926 2862 1053 2932; x_wconf 81' lang='grc' dir='ltr'>περί</span> <span class='ocrx_word' id='word_1_150' title='bbox 1084 2877 1145 2912; x_wconf 89' lang='grc' dir='ltr'><strong>τε</strong></span> <span class='ocrx_word' id='word_1_151' title='bbox 1193 2859 1297 2930; x_wconf 85' lang='grc' dir='ltr'>γῆς</span> <span class='ocrx_word' id='word_1_152' title='bbox 1332 2859 1427 2911; x_wconf 75' lang='grc' dir='ltr'><strong>καὶ</strong></span> <span class='ocrx_word' id='word_1_153' title='bbox 1474 2857 1583 2909; x_wconf 88' lang='grc' dir='ltr'><strong>τῶν</strong></span> <span class='ocrx_word' id='word_1_154' title='bbox 1621 2858 1681 2909; x_wconf 76' lang='grc' dir='ltr'><strong>ἑν</strong></span> <span class='ocrx_word' id='word_1_155' title='bbox 1708 2858 1778 2927; x_wconf 84' lang='grc' dir='ltr'>τῇ</span> 
     </span>
    </p>
   </div>
   <div class='ocr_carea' id='block_1_27' title="bbox 1909 2857 3458 2940">
    <p class='ocr_par' dir='ltr' id='par_1_27' title="bbox 1909 2865 3458 2940">
     <span class='ocr_line' id='line_1_27' title="bbox 1909 2865 3458 2940; baseline -0.001 -17"><span class='ocrx_word' id='word_1_156' title='bbox 1909 2878 2085 2934; x_wconf 89' lang='lat' dir='ltr'><strong>antes,</strong></span> <span class='ocrx_word' id='word_1_157' title='bbox 2137 2879 2249 2924; x_wconf 91' lang='lat' dir='ltr'><strong>tum</strong></span> <span class='ocrx_word' id='word_1_158' title='bbox 2282 2869 2613 2940; x_wconf 74' lang='lat' dir='ltr'><strong>gradientes,</strong></span> <span class='ocrx_word' id='word_1_159' title='bbox 2660 2875 2772 2921; x_wconf 92' lang='lat' dir='ltr'><strong>tum</strong></span> <span class='ocrx_word' id='word_1_160' title='bbox 2816 2868 3087 2932; x_wconf 75' lang='lat' dir='ltr'><strong>volantes,</strong></span> <span class='ocrx_word' id='word_1_161' title='bbox 3123 2882 3352 2937; x_wconf 78' lang='lat' dir='ltr'><strong>quaeque</strong></span> <span class='ocrx_word' id='word_1_162' title='bbox 3393 2865 3458 2921; x_wconf 81' lang='lat' dir='ltr'><strong>ad</strong></span> 
     </span>
    </p>
   </div>
   <div class='ocr_carea' id='block_1_28' title="bbox 216 2949 1783 3030">
    <p class='ocr_par' dir='ltr' id='par_1_28' title="bbox 216 2949 1783 3030">
     <span class='ocr_line' id='line_1_28' title="bbox 216 2949 1783 3030; baseline -0.01 -16"><span class='ocrx_word' id='word_1_163' title='bbox 216 2962 278 3030; x_wconf 79' lang='grc' dir='ltr'><strong>γῇ</strong></span> <span class='ocrx_word' id='word_1_164' title='bbox 308 2960 483 3028; x_wconf 77' lang='grc' dir='ltr'>φυτῶν</span> <span class='ocrx_word' id='word_1_165' title='bbox 525 2956 878 3026; x_wconf 75' lang='grc' dir='ltr'><strong>διδαχθέντας</strong></span> <span class='ocrx_word' id='word_1_166' title='bbox 927 2955 1105 3023; x_wconf 78' lang='grc' dir='ltr'>ἡμᾶς,</span> <span class='ocrx_word' id='word_1_167' title='bbox 1144 2950 1218 3022; x_wconf 85' lang='grc' dir='ltr'><strong>μὴ</strong></span> <span class='ocrx_word' id='word_1_168' title='bbox 1267 2950 1359 3003; x_wconf 71' lang='grc' dir='ltr'><strong>καὶ</strong></span> <span class='ocrx_word' id='word_1_169' title='bbox 1406 2949 1476 3002; x_wconf 88' lang='grc' dir='ltr'>τὰ</span> <span class='ocrx_word' id='word_1_170' title='bbox 1524 2949 1783 3020; x_wconf 71' lang='grc' dir='ltr'>περὶτῆς</span> 
     </span>
    </p>
   </div>
   <div class='ocr_carea' id='block_1_29' title="bbox 213 3039 1786 3121">
    <p class='ocr_par' dir='ltr' id='par_1_29' title="bbox 213 3039 1786 3121">
     <span class='ocr_line' id='line_1_29' title="bbox 213 3039 1786 3121; baseline -0.008 -17"><span class='ocrx_word' id='word_1_171' title='bbox 213 3050 473 3121; x_wconf 75' lang='grc' dir='ltr'>ἡμετέρας</span> <span class='ocrx_word' id='word_1_172' title='bbox 492 3049 765 3118; x_wconf 84' lang='grc' dir='ltr'>γενέσεως</span> <span class='ocrx_word' id='word_1_173' title='bbox 790 3049 855 3099; x_wconf 86' lang='grc' dir='ltr'><strong>ἑκ</strong></span> <span class='ocrx_word' id='word_1_174' title='bbox 898 3044 996 3113; x_wconf 84' lang='grc' dir='ltr'>τῆς</span> <span class='ocrx_word' id='word_1_175' title='bbox 1025 3039 1381 3096; x_wconf 76' lang='grc' dir='ltr'>θεοπνεύστου</span> <span class='ocrx_word' id='word_1_176' title='bbox 1413 3040 1637 3111; x_wconf 79' lang='grc' dir='ltr'>Γραφῆς</span> <span class='ocrx_word' id='word_1_177' title='bbox 1675 3057 1786 3108; x_wconf 84' lang='grc' dir='ltr'><strong>φω-</strong></span> 
     </span>
    </p>
   </div>
   <div class='ocr_carea' id='block_1_30' title="bbox 216 3129 1788 3211">
    <p class='ocr_par' dir='ltr' id='par_1_30' title="bbox 216 3129 1788 3211">
     <span class='ocr_line' id='line_1_30' title="bbox 216 3129 1788 3211; baseline -0.007 -19"><span class='ocrx_word' id='word_1_178' title='bbox 216 3140 468 3211; x_wconf 82' lang='grc' dir='ltr'>τισθῆναι.</span> <span class='ocrx_word' id='word_1_179' title='bbox 508 3141 731 3207; x_wconf 81' lang='grc' dir='ltr'>Ὥσπερ</span> <span class='ocrx_word' id='word_1_180' title='bbox 758 3136 864 3207; x_wconf 85' lang='grc' dir='ltr'><strong>γὰρ</strong></span> <span class='ocrx_word' id='word_1_181' title='bbox 889 3136 937 3188; x_wconf 78' lang='grc' dir='ltr'><strong>οἱ</strong></span> <span class='ocrx_word' id='word_1_182' title='bbox 965 3133 1235 3204; x_wconf 65' lang='grc' dir='ltr'><strong>ὀφθαλμοῖ⁹</strong></span> <span class='ocrx_word' id='word_1_183' title='bbox 1259 3134 1291 3201; x_wconf 82' lang='grc' dir='ltr'>ὴ</span> <span class='ocrx_word' id='word_1_184' title='bbox 1302 3132 1416 3201; x_wconf 80' lang='grc' dir='ltr'><strong>μῶν</strong></span> <span class='ocrx_word' id='word_1_185' title='bbox 1445 3131 1511 3183; x_wconf 85' lang='grc' dir='ltr'>τὰ</span> <span class='ocrx_word' id='word_1_186' title='bbox 1540 3130 1643 3197; x_wconf 78' lang='grc' dir='ltr'>ἔξω</span> <span class='ocrx_word' id='word_1_187' title='bbox 1670 3129 1788 3199; x_wconf 84' lang='grc' dir='ltr'><strong>βλὲ-</strong></span> 
     </span>
    </p>
   </div>
   <div class='ocr_carea' id='block_1_31' title="bbox 218 3222 1787 3297">
    <p class='ocr_par' dir='ltr' id='par_1_31' title="bbox 218 3222 1787 3297">
     <span class='ocr_line' id='line_1_31' title="bbox 218 3222 1787 3297; baseline -0.007 -12"><span class='ocrx_word' id='word_1_188' title='bbox 218 3249 414 3297; x_wconf 75' lang='grc' dir='ltr'>παντες,</span> <span class='ocrx_word' id='word_1_189' title='bbox 442 3230 678 3292; x_wconf 76' lang='grc' dir='ltr'>ἑαυτοὺς</span> <span class='ocrx_word' id='word_1_190' title='bbox 706 3229 804 3297; x_wconf 80' lang='grc' dir='ltr'><strong>οὐχ</strong></span> <span class='ocrx_word' id='word_1_191' title='bbox 846 3225 1045 3297; x_wconf 85' lang='grc' dir='ltr'>ὁρῶσιν</span> <span class='ocrx_word' id='word_1_192' title='bbox 1062 3242 1075 3255; x_wconf 72' lang='grc'><strong>⁸</strong></span> <span class='ocrx_word' id='word_1_193' title='bbox 1103 3224 1198 3277; x_wconf 84' lang='grc' dir='ltr'>ἑὰν</span> <span class='ocrx_word' id='word_1_194' title='bbox 1228 3225 1408 3294; x_wconf 82' lang='grc' dir='ltr'>μήπου</span> <span class='ocrx_word' id='word_1_195' title='bbox 1440 3222 1585 3284; x_wconf 80' lang='grc' dir='ltr'>τινὸς</span> <span class='ocrx_word' id='word_1_196' title='bbox 1614 3222 1787 3292; x_wconf 73' lang='grc' dir='ltr'>ἅψων-</span> 
     </span>
    </p>
   </div>
   <div class='ocr_carea' id='block_1_32' title="bbox 217 3312 1870 3395">
    <p class='ocr_par' dir='ltr' id='par_1_32' title="bbox 217 3312 1870 3395">
     <span class='ocr_line' id='line_1_32' title="bbox 217 3312 1870 3395; baseline -0.005 -20"><span class='ocrx_word' id='word_1_197' title='bbox 217 3338 299 3378; x_wconf 82' lang='grc' dir='ltr'><strong>ται</strong></span> <span class='ocrx_word' id='word_1_198' title='bbox 337 3324 581 3395; x_wconf 80' lang='grc' dir='ltr'>στερεοῦ,</span> <span class='ocrx_word' id='word_1_199' title='bbox 631 3319 886 3374; x_wconf 81' lang='grc' dir='ltr'>κάκεῖθεν</span> <span class='ocrx_word' id='word_1_200' title='bbox 924 3315 1321 3371; x_wconf 84' lang='grc' dir='ltr'>ἀνακλασθεῖσα</span> <span class='ocrx_word' id='word_1_201' title='bbox 1364 3316 1398 3385; x_wconf 83' lang='grc' dir='ltr'><strong>ἡ</strong></span> <span class='ocrx_word' id='word_1_202' title='bbox 1431 3314 1554 3383; x_wconf 75' lang='grc' dir='ltr'>δψις</span> <span class='ocrx_word' id='word_1_203' title='bbox 1602 3312 1790 3385; x_wconf 82' lang='grc' dir='ltr'>ὥσπερ</span> <span class='ocrx_word' id='word_1_204' title='bbox 1849 3359 1870 3377; x_wconf 81' lang='grc'><strong>,</strong></span> 
     </span>
    </p>
   </div>
   <div class='ocr_carea' id='block_1_33' title="bbox 218 3405 1793 3486">
    <p class='ocr_par' dir='ltr' id='par_1_33' title="bbox 218 3405 1793 3486">
     <span class='ocr_line' id='line_1_33' title="bbox 218 3405 1793 3486; baseline -0.009 -15"><span class='ocrx_word' id='word_1_205' title='bbox 218 3415 316 3472; x_wconf 71' lang='grc' dir='ltr'><strong>ἀπὸ</strong></span> <span class='ocrx_word' id='word_1_206' title='bbox 351 3414 684 3486; x_wconf 74' lang='grc' dir='ltr'>παλιρροίας</span> <span class='ocrx_word' id='word_1_207' title='bbox 707 3413 838 3483; x_wconf 78' lang='grc' dir='ltr'>ὁρᾷν</span> <span class='ocrx_word' id='word_1_208' title='bbox 873 3412 1071 3473; x_wconf 76' lang='grc' dir='ltr'>αὐτοὺς</span> <span class='ocrx_word' id='word_1_209' title='bbox 1108 3409 1313 3481; x_wconf 80' lang='grc' dir='ltr'>ποιήσῃ</span> <span class='ocrx_word' id='word_1_210' title='bbox 1346 3406 1415 3460; x_wconf 82' lang='grc' dir='ltr'>τὰ</span> <span class='ocrx_word' id='word_1_211' title='bbox 1458 3405 1665 3459; x_wconf 78' lang='grc' dir='ltr'>ἑαυτῶν</span> <span class='ocrx_word' id='word_1_212' title='bbox 1695 3422 1793 3458; x_wconf 87' lang='grc' dir='ltr'>κα-</span> 
     </span>
    </p>
   </div>
   <div class='ocr_carea' id='block_1_34' title="bbox 1887 2957 3462 3026">
    <p class='ocr_par' dir='ltr' id='par_1_34' title="bbox 1887 2957 3462 3026">
     <span class='ocr_line' id='line_1_34' title="bbox 1887 2957 3462 3026; baseline -0.003 -12"><span class='ocrx_word' id='word_1_213' title='bbox 1887 2961 2084 3015; x_wconf 67' lang='lat' dir='ltr'><strong>caelum</strong></span> <span class='ocrx_word' id='word_1_214' title='bbox 2117 2967 2169 3013; x_wconf 90' lang='lat' dir='ltr'><strong>et</strong></span> <span class='ocrx_word' id='word_1_215' title='bbox 2192 2974 2255 3013; x_wconf 85' lang='lat' dir='ltr'><strong>ea</strong></span> <span class='ocrx_word' id='word_1_216' title='bbox 2285 2973 2406 3026; x_wconf 64' lang='lat' dir='ltr'><strong>quae</strong></span> <span class='ocrx_word' id='word_1_217' title='bbox 2439 2959 2492 3012; x_wconf 90' lang='lat' dir='ltr'><strong>iu</strong></span> <span class='ocrx_word' id='word_1_218' title='bbox 2529 2957 2669 3012; x_wconf 62' lang='lat' dir='ltr'><strong>coelo</strong></span> <span class='ocrx_word' id='word_1_219' title='bbox 2700 2964 2850 3023; x_wconf 90' lang='lat' dir='ltr'><strong>sunt,</strong></span> <span class='ocrx_word' id='word_1_220' title='bbox 2876 2972 3108 3026; x_wconf 58' lang='lat' dir='ltr'><strong>quaeque</strong></span> <span class='ocrx_word' id='word_1_221' title='bbox 3145 2957 3210 3011; x_wconf 87' lang='lat' dir='ltr'><strong>ad</strong></span> <span class='ocrx_word' id='word_1_222' title='bbox 3236 2969 3462 3018; x_wconf 86' lang='lat' dir='ltr'><strong>terram,</strong></span> 
     </span>
    </p>
   </div>
   <div class='ocr_carea' id='block_1_35' title="bbox 1887 3048 3465 3119">
    <p class='ocr_par' dir='ltr' id='par_1_35' title="bbox 1887 3048 3465 3119">
     <span class='ocr_line' id='line_1_35' title="bbox 1887 3048 3465 3119; baseline -0.003 -14"><span class='ocrx_word' id='word_1_223' title='bbox 1887 3059 1942 3105; x_wconf 84' lang='lat' dir='ltr'><strong>et</strong></span> <span class='ocrx_word' id='word_1_224' title='bbox 1988 3050 2053 3102; x_wconf 91' lang='lat' dir='ltr'><strong>ad</strong></span> <span class='ocrx_word' id='word_1_225' title='bbox 2098 3050 2191 3103; x_wconf 88' lang='lat' dir='ltr'><strong>illa</strong></span> <span class='ocrx_word' id='word_1_226' title='bbox 2236 3064 2357 3119; x_wconf 77' lang='lat' dir='ltr'><strong>quae</strong></span> <span class='ocrx_word' id='word_1_227' title='bbox 2388 3057 2519 3104; x_wconf 90' lang='lat' dir='ltr'><strong>sunt</strong></span> <span class='ocrx_word' id='word_1_228' title='bbox 2565 3048 2619 3101; x_wconf 92' lang='lat' dir='ltr'><strong>in</strong></span> <span class='ocrx_word' id='word_1_229' title='bbox 2667 3057 2834 3111; x_wconf 86' lang='lat' dir='ltr'><strong>terra,</strong></span> <span class='ocrx_word' id='word_1_230' title='bbox 2880 3049 3176 3117; x_wconf 84' lang='lat' dir='ltr'><strong>pertinent,</strong></span> <span class='ocrx_word' id='word_1_231' title='bbox 3207 3048 3465 3103; x_wconf 87' lang='lat' dir='ltr'><strong>didiceri-</strong></span> 
     </span>
    </p>
   </div>
   <div class='ocr_carea' id='block_1_36' title="bbox 1888 3140 3467 3210">
    <p class='ocr_par' dir='ltr' id='par_1_36' title="bbox 1888 3140 3467 3210">
     <span class='ocr_line' id='line_1_36' title="bbox 1888 3140 3467 3210; baseline -0.002 -14"><span class='ocrx_word' id='word_1_232' title='bbox 1888 3157 2047 3201; x_wconf 83' lang='lat' dir='ltr'><strong>mus:</strong></span> <span class='ocrx_word' id='word_1_233' title='bbox 2096 3156 2160 3196; x_wconf 84' lang='lat' dir='ltr'><strong>ea</strong></span> <span class='ocrx_word' id='word_1_234' title='bbox 2209 3141 2391 3203; x_wconf 90' lang='lat' dir='ltr'><strong>nobis,</strong></span> <span class='ocrx_word' id='word_1_235' title='bbox 2426 3155 2547 3210; x_wconf 63' lang='lat' dir='ltr'><strong>quae</strong></span> <span class='ocrx_word' id='word_1_236' title='bbox 2590 3140 2654 3194; x_wconf 86' lang='lat' dir='ltr'><strong>ad</strong></span> <span class='ocrx_word' id='word_1_237' title='bbox 2696 3146 2875 3192; x_wconf 90' lang='lat' dir='ltr'><strong>ortum</strong></span> <span class='ocrx_word' id='word_1_238' title='bbox 2921 3140 3467 3208; x_wconf 88' lang='lat' dir='ltr'><strong>procreationemque</strong></span> 
     </span>
    </p>
   </div>
   <div class='ocr_carea' id='block_1_37' title="bbox 1890 3229 3465 3301">
    <p class='ocr_par' dir='ltr' id='par_1_37' title="bbox 1890 3229 3465 3301">
     <span class='ocr_line' id='line_1_37' title="bbox 1890 3229 3465 3301; baseline 0 -14"><span class='ocrx_word' id='word_1_239' title='bbox 1890 3240 2136 3287; x_wconf 88' lang='lat' dir='ltr'><strong>nostram</strong></span> <span class='ocrx_word' id='word_1_240' title='bbox 2158 3240 2427 3301; x_wconf 85' lang='lat' dir='ltr'><strong>spectant,</strong></span> <span class='ocrx_word' id='word_1_241' title='bbox 2457 3246 2485 3285; x_wconf 89' lang='lat' dir='ltr'><strong>a</strong></span> <span class='ocrx_word' id='word_1_242' title='bbox 2518 3232 2703 3286; x_wconf 73' lang='lat' dir='ltr'><strong>divina</strong></span> <span class='ocrx_word' id='word_1_243' title='bbox 2740 3229 3029 3299; x_wconf 86' lang='lat' dir='ltr'><strong>Scriptura</strong></span> <span class='ocrx_word' id='word_1_244' title='bbox 3061 3245 3170 3284; x_wconf 87' lang='lat' dir='ltr'><strong>non</strong></span> <span class='ocrx_word' id='word_1_245' title='bbox 3196 3231 3465 3299; x_wconf 78' lang='lat' dir='ltr'><strong>pateﬁeri.</strong></span> 
     </span>
    </p>
   </div>
   <div class='ocr_carea' id='block_1_38' title="bbox 1892 3320 3471 3390">
    <p class='ocr_par' dir='ltr' id='par_1_38' title="bbox 1892 3320 3471 3390">
     <span class='ocr_line' id='line_1_38' title="bbox 1892 3320 3471 3390; baseline -0.001 -15"><span class='ocrx_word' id='word_1_246' title='bbox 1892 3320 2359 3388; x_wconf 84' lang='lat' dir='ltr'><strong>Quemadmodum</strong></span> <span class='ocrx_word' id='word_1_247' title='bbox 2409 3321 2555 3375; x_wconf 90' lang='lat' dir='ltr'><strong>enim</strong></span> <span class='ocrx_word' id='word_1_248' title='bbox 2612 3320 2756 3375; x_wconf 83' lang='lat' dir='ltr'><strong>oculi</strong></span> <span class='ocrx_word' id='word_1_249' title='bbox 2816 3320 3012 3383; x_wconf 90' lang='lat' dir='ltr'><strong>nostri,</strong></span> <span class='ocrx_word' id='word_1_250' title='bbox 3063 3335 3187 3375; x_wconf 89' lang='lat' dir='ltr'><strong>cum</strong></span> <span class='ocrx_word' id='word_1_251' title='bbox 3244 3336 3307 3375; x_wconf 89' lang='lat' dir='ltr'><strong>ea</strong></span> <span class='ocrx_word' id='word_1_252' title='bbox 3349 3333 3471 3390; x_wconf 65' lang='lat' dir='ltr'><strong>quae</strong></span> 
     </span>
    </p>
   </div>
   <div class='ocr_carea' id='block_1_39' title="bbox 1895 3411 3471 3481">
    <p class='ocr_par' dir='ltr' id='par_1_39' title="bbox 1895 3411 3471 3481">
     <span class='ocr_line' id='line_1_39' title="bbox 1895 3411 3471 3481; baseline -0.004 -11"><span class='ocrx_word' id='word_1_253' title='bbox 1895 3421 2023 3470; x_wconf 90' lang='lat' dir='ltr'><strong>sunt</strong></span> <span class='ocrx_word' id='word_1_254' title='bbox 2055 3422 2210 3468; x_wconf 84' lang='lat' dir='ltr'><strong>extra</strong></span> <span class='ocrx_word' id='word_1_255' title='bbox 2247 3428 2306 3467; x_wconf 89' lang='lat' dir='ltr'><strong>se</strong></span> <span class='ocrx_word' id='word_1_256' title='bbox 2351 3412 2593 3474; x_wconf 69' lang='lat' dir='ltr'><strong>rideant,</strong></span> <span class='ocrx_word' id='word_1_257' title='bbox 2642 3411 2855 3481; x_wconf 90' lang='lat' dir='ltr'><strong>seipsos</strong></span> <span class='ocrx_word' id='word_1_258' title='bbox 2902 3425 3015 3465; x_wconf 88' lang='lat' dir='ltr'><strong>non</strong></span> <span class='ocrx_word' id='word_1_259' title='bbox 3053 3419 3310 3472; x_wconf 88' lang='lat' dir='ltr'><strong>cernunt,</strong></span> <span class='ocrx_word' id='word_1_260' title='bbox 3360 3411 3471 3465; x_wconf 83' lang='lat' dir='ltr'><strong>nisi</strong></span> 
     </span>
    </p>
   </div>
   <div class='ocr_carea' id='block_1_40' title="bbox 219 3497 1828 3592">
    <p class='ocr_par' dir='ltr' id='par_1_40' title="bbox 219 3497 1828 3592">
     <span class='ocr_line' id='line_1_40' title="bbox 219 3497 1828 3592; baseline -0.006 -33"><span class='ocrx_word' id='word_1_261' title='bbox 219 3506 360 3560; x_wconf 78' lang='grc' dir='ltr'>τόπιν</span> <span class='ocrx_word' id='word_1_262' title='bbox 385 3522 400 3539; x_wconf 75' lang='grc' dir='ltr'><strong>ο</strong></span> <span class='ocrx_word' id='word_1_263' title='bbox 434 3505 586 3560; x_wconf 80' lang='grc' dir='ltr'>οὕτω</span> <span class='ocrx_word' id='word_1_264' title='bbox 615 3505 706 3557; x_wconf 73' lang='grc' dir='ltr'><strong>καὶ</strong></span> <span class='ocrx_word' id='word_1_265' title='bbox 731 3506 759 3556; x_wconf 99' lang='lat'><strong>6</strong></span> <span class='ocrx_word' id='word_1_266' title='bbox 788 3502 913 3565; x_wconf 82' lang='grc' dir='ltr'>νοῦς</span> <span class='ocrx_word' id='word_1_267' title='bbox 943 3503 972 3554; x_wconf 89' lang='lat'><strong>6</strong></span> <span class='ocrx_word' id='word_1_268' title='bbox 999 3500 1283 3571; x_wconf 80' lang='grc' dir='ltr'>ἡμέτερος,</span> <span class='ocrx_word' id='word_1_269' title='bbox 1320 3497 1454 3552; x_wconf 81' lang='grc' dir='ltr'>ἄλλα</span> <span class='ocrx_word' id='word_1_270' title='bbox 1477 3497 1640 3567; x_wconf 89' lang='grc' dir='ltr'>ὁρῶν,</span> <span class='ocrx_word' id='word_1_271' title='bbox 1668 3497 1793 3550; x_wconf 88' lang='grc' dir='ltr'>ἑαυ-</span> <span class='ocrx_word' id='word_1_272' title='bbox 1822 3539 1828 3592; x_wconf 44' lang='lat'>1</span> 
     </span>
    </p>
   </div>
   <div class='ocr_carea' id='block_1_41' title="bbox 1909 3497 3472 3592">
    <p class='ocr_par' dir='ltr' id='par_1_41' title="bbox 1909 3502 3472 3577">
     <span class='ocr_line' id='line_1_41' title="bbox 1909 3502 3472 3577; baseline -0.001 -20"><span class='ocrx_word' id='word_1_273' title='bbox 1909 3507 2339 3577; x_wconf 74' lang='lat' dir='ltr'><strong>ieevequippiam,</strong></span> <span class='ocrx_word' id='word_1_274' title='bbox 2367 3521 2428 3560; x_wconf 90' lang='lat' dir='ltr'><strong>ac</strong></span> <span class='ocrx_word' id='word_1_275' title='bbox 2452 3506 2687 3560; x_wconf 87' lang='lat' dir='ltr'><strong>solidum</strong></span> <span class='ocrx_word' id='word_1_276' title='bbox 2725 3505 3094 3575; x_wconf 83' lang='lat' dir='ltr'><strong>inspexerint,</strong></span> <span class='ocrx_word' id='word_1_277' title='bbox 3133 3505 3279 3559; x_wconf 85' lang='lat' dir='ltr'><strong>unde</strong></span> <span class='ocrx_word' id='word_1_278' title='bbox 3301 3502 3472 3558; x_wconf 80' lang='lat' dir='ltr'><strong>refra-</strong></span> 
     </span>
    </p>
   </div>
   <div class='ocr_carea' id='block_1_42' title="bbox 217 3588 1794 3669">
    <p class='ocr_par' dir='ltr' id='par_1_42' title="bbox 217 3588 1794 3669">
     <span class='ocr_line' id='line_1_42' title="bbox 217 3588 1794 3669; baseline -0.006 -18"><span class='ocrx_word' id='word_1_279' title='bbox 217 3596 301 3651; x_wconf 81' lang='grc' dir='ltr'><strong>τδν</strong></span> <span class='ocrx_word' id='word_1_280' title='bbox 325 3599 383 3652; x_wconf 83' lang='grc' dir='ltr'>οὐ</span> <span class='ocrx_word' id='word_1_281' title='bbox 414 3598 636 3669; x_wconf 81' lang='grc' dir='ltr'><strong>βλέπει,</strong></span> <span class='ocrx_word' id='word_1_282' title='bbox 662 3596 755 3649; x_wconf 74' lang='grc' dir='ltr'><strong>ἐὰν</strong></span> <span class='ocrx_word' id='word_1_283' title='bbox 791 3594 866 3665; x_wconf 81' lang='grc' dir='ltr'><strong>μὴ</strong></span> <span class='ocrx_word' id='word_1_284' title='bbox 903 3596 1022 3657; x_wconf 79' lang='grc' dir='ltr'>ταῖς</span> <span class='ocrx_word' id='word_1_285' title='bbox 1051 3592 1295 3664; x_wconf 79' lang='grc' dir='ltr'>Γραφαῖς</span> <span class='ocrx_word' id='word_1_286' title='bbox 1315 3591 1550 3660; x_wconf 80' lang='grc' dir='ltr'><strong>ὲγκύψῃ.</strong></span> <span class='ocrx_word' id='word_1_287' title='bbox 1585 3589 1658 3642; x_wconf 77' lang='grc' dir='ltr'><strong>Τὸ</strong></span> <span class='ocrx_word' id='word_1_288' title='bbox 1686 3588 1794 3659; x_wconf 83' lang='grc' dir='ltr'><strong>γὰρ</strong></span> 
     </span>
    </p>
   </div>
   <div class='ocr_carea' id='block_1_43' title="bbox 220 3682 1798 3759">
    <p class='ocr_par' dir='ltr' id='par_1_43' title="bbox 220 3682 1798 3759">
     <span class='ocr_line' id='line_1_43' title="bbox 220 3682 1798 3759; baseline -0.006 -18"><span class='ocrx_word' id='word_1_289' title='bbox 220 3689 441 3743; x_wconf 68' lang='grc' dir='ltr'>ἐνταῦθα</span> <span class='ocrx_word' id='word_1_290' title='bbox 491 3689 618 3759; x_wconf 83' lang='grc' dir='ltr'><strong>φῶς</strong></span> <span class='ocrx_word' id='word_1_291' title='bbox 655 3685 1056 3756; x_wconf 83' lang='grc' dir='ltr'>ἀνακλώμενον,</span> <span class='ocrx_word' id='word_1_292' title='bbox 1085 3683 1179 3738; x_wconf 80' lang='grc' dir='ltr'>τοῦ</span> <span class='ocrx_word' id='word_1_293' title='bbox 1211 3682 1544 3755; x_wconf 82' lang='grc' dir='ltr'>καθορᾶσθαι</span> <span class='ocrx_word' id='word_1_294' title='bbox 1570 3682 1798 3735; x_wconf 76' lang='grc' dir='ltr'>ἕκαστον</span> 
     </span>
    </p>
   </div>
   <div class='ocr_carea' id='block_1_44' title="bbox 216 3772 1797 3850">
    <p class='ocr_par' dir='ltr' id='par_1_44' title="bbox 216 3772 1797 3850">
     <span class='ocr_line' id='line_1_44' title="bbox 216 3772 1797 3850; baseline -0.007 -15"><span class='ocrx_word' id='word_1_295' title='bbox 216 3779 363 3850; x_wconf 77' lang='grc' dir='ltr'>ἡμῶν</span> <span class='ocrx_word' id='word_1_296' title='bbox 377 3780 552 3835; x_wconf 68' lang='grc' dir='ltr'>αἴτιον</span> <span class='ocrx_word' id='word_1_297' title='bbox 579 3779 814 3847; x_wconf 79' lang='grc' dir='ltr'>γίνεται.</span> <span class='ocrx_word' id='word_1_298' title='bbox 842 3778 995 3831; x_wconf 71' lang='grc' dir='ltr'>Ἐπεὶ</span> <span class='ocrx_word' id='word_1_299' title='bbox 1022 3777 1269 3830; x_wconf 83' lang='grc' dir='ltr'>ἀσυνετοί</span> <span class='ocrx_word' id='word_1_300' title='bbox 1291 3778 1455 3846; x_wconf 84' lang='grc' dir='ltr'>ὲσμεν</span> <span class='ocrx_word' id='word_1_301' title='bbox 1483 3775 1577 3827; x_wconf 74' lang='grc' dir='ltr'><strong>καὶ</strong></span> <span class='ocrx_word' id='word_1_302' title='bbox 1602 3772 1797 3843; x_wconf 82' lang='grc' dir='ltr'>ἀπερί-</span> 
     </span>
    </p>
   </div>
   <div class='ocr_carea' id='block_1_45' title="bbox 219 3862 1797 3943">
    <p class='ocr_par' dir='ltr' id='par_1_45' title="bbox 219 3862 1797 3943">
     <span class='ocr_line' id='line_1_45' title="bbox 219 3862 1797 3943; baseline -0.005 -20"><span class='ocrx_word' id='word_1_303' title='bbox 219 3886 365 3925; x_wconf 85' lang='grc' dir='ltr'>οπτοι</span> <span class='ocrx_word' id='word_1_304' title='bbox 427 3872 532 3943; x_wconf 77' lang='grc' dir='ltr'><strong>τῆς</strong></span> <span class='ocrx_word' id='word_1_305' title='bbox 571 3871 786 3924; x_wconf 72' lang='grc' dir='ltr'>ἑαυτῶν</span> <span class='ocrx_word' id='word_1_306' title='bbox 838 3867 1207 3936; x_wconf 80' lang='grc' dir='ltr'>κατασκευῆς,</span> <span class='ocrx_word' id='word_1_307' title='bbox 1235 3867 1373 3937; x_wconf 85' lang='grc' dir='ltr'>ὅπερ</span> <span class='ocrx_word' id='word_1_308' title='bbox 1422 3864 1588 3935; x_wconf 78' lang='grc' dir='ltr'>ἐσμὲν</span> <span class='ocrx_word' id='word_1_309' title='bbox 1618 3864 1713 3917; x_wconf 74' lang='grc' dir='ltr'>καὶ</span> <span class='ocrx_word' id='word_1_310' title='bbox 1745 3862 1797 3915; x_wconf 87' lang='grc' dir='ltr'><strong>τί</strong></span> 
     </span>
    </p>
   </div>
   <div class='ocr_carea' id='block_1_46' title="bbox 218 3951 1798 4031">
    <p class='ocr_par' dir='ltr' id='par_1_46' title="bbox 218 3951 1798 4031">
     <span class='ocr_line' id='line_1_46' title="bbox 218 3951 1798 4031; baseline -0.005 -18"><span class='ocrx_word' id='word_1_311' title='bbox 218 3961 373 4031; x_wconf 72' lang='grc' dir='ltr'>ἔσμεν</span> <span class='ocrx_word' id='word_1_312' title='bbox 405 3961 763 4030; x_wconf 78' lang='grc' dir='ltr'>ἀγνοοῦντες.</span> <span class='ocrx_word' id='word_1_313' title='bbox 808 3958 1178 4029; x_wconf 78' lang='grc' dir='ltr'>Ἀμελέστατα</span> <span class='ocrx_word' id='word_1_314' title='bbox 1210 3956 1318 4026; x_wconf 82' lang='grc' dir='ltr'><strong>γὰρ</strong></span> <span class='ocrx_word' id='word_1_315' title='bbox 1353 3954 1562 4011; x_wconf 80' lang='grc' dir='ltr'>ἑαυτῶν</span> <span class='ocrx_word' id='word_1_316' title='bbox 1595 3951 1798 4007; x_wconf 82' lang='grc' dir='ltr'>διακεί-</span> 
     </span>
    </p>
   </div>
   <div class='ocr_carea' id='block_1_47' title="bbox 225 4045 1800 4123">
    <p class='ocr_par' dir='ltr' id='par_1_47' title="bbox 225 4045 1800 4123">
     <span class='ocr_line' id='line_1_47' title="bbox 225 4045 1800 4123; baseline -0.003 -20"><span class='ocrx_word' id='word_1_317' title='bbox 225 4050 374 4120; x_wconf 84' lang='grc' dir='ltr'>μεθα,</span> <span class='ocrx_word' id='word_1_318' title='bbox 411 4052 521 4106; x_wconf 85' lang='grc' dir='ltr'><strong>τῶν</strong></span> <span class='ocrx_word' id='word_1_319' title='bbox 554 4049 869 4123; x_wconf 79' lang='grc' dir='ltr'>προχείρων</span> <span class='ocrx_word' id='word_1_320' title='bbox 915 4050 1014 4119; x_wconf 84' lang='grc' dir='ltr'>τῆς</span> <span class='ocrx_word' id='word_1_321' title='bbox 1056 4046 1310 4117; x_wconf 83' lang='grc' dir='ltr'>γνώσεως</span> <span class='ocrx_word' id='word_1_322' title='bbox 1342 4045 1573 4101; x_wconf 75' lang='grc' dir='ltr'>καὶτῶν</span> <span class='ocrx_word' id='word_1_323' title='bbox 1609 4062 1800 4117; x_wconf 79' lang='grc' dir='ltr'>μικροσ-</span> 
     </span>
    </p>
   </div>
   <div class='ocr_carea' id='block_1_48' title="bbox 221 4138 1801 4212">
    <p class='ocr_par' dir='ltr' id='par_1_48' title="bbox 221 4138 1801 4212">
     <span class='ocr_line' id='line_1_48' title="bbox 221 4138 1801 4212; baseline -0.001 -18"><span class='ocrx_word' id='word_1_324' title='bbox 221 4140 388 4196; x_wconf 85' lang='grc' dir='ltr'>τάτων</span> <span class='ocrx_word' id='word_1_325' title='bbox 420 4142 532 4196; x_wconf 86' lang='grc' dir='ltr'><strong>τῶν</strong></span> <span class='ocrx_word' id='word_1_326' title='bbox 560 4143 623 4195; x_wconf 79' lang='grc' dir='ltr'>ὲν</span> <span class='ocrx_word' id='word_1_327' title='bbox 657 4142 792 4212; x_wconf 82' lang='grc' dir='ltr'><strong>ἡμῖν</strong></span> <span class='ocrx_word' id='word_1_328' title='bbox 821 4140 1018 4208; x_wconf 84' lang='grc' dir='ltr'>γνῶσιν</span> <span class='ocrx_word' id='word_1_329' title='bbox 1044 4140 1145 4193; x_wconf 87' lang='grc' dir='ltr'><strong>οὐκ</strong></span> <span class='ocrx_word' id='word_1_330' title='bbox 1175 4139 1413 4211; x_wconf 75' lang='grc' dir='ltr'>ἔχοντες.</span> <span class='ocrx_word' id='word_1_331' title='bbox 1434 4138 1633 4193; x_wconf 73' lang='grc' dir='ltr'>Πολλαὶ</span> <span class='ocrx_word' id='word_1_332' title='bbox 1661 4154 1801 4210; x_wconf 84' lang='grc' dir='ltr'>πρα-</span> 
     </span>
    </p>
   </div>
   <div class='ocr_carea' id='block_1_49' title="bbox 222 4228 1804 4305">
    <p class='ocr_par' dir='ltr' id='par_1_49' title="bbox 222 4228 1804 4305">
     <span class='ocr_line' id='line_1_49' title="bbox 222 4228 1804 4305; baseline -0.001 -18"><span class='ocrx_word' id='word_1_333' title='bbox 222 4236 475 4301; x_wconf 80' lang='grc' dir='ltr'>γματεῖαι</span> <span class='ocrx_word' id='word_1_334' title='bbox 509 4251 581 4286; x_wconf 87' lang='grc' dir='ltr'><strong>πε</strong></span> <span class='ocrx_word' id='word_1_335' title='bbox 594 4233 649 4305; x_wconf 72' lang='grc' dir='ltr'>ρὶ</span> <span class='ocrx_word' id='word_1_336' title='bbox 694 4232 756 4285; x_wconf 85' lang='grc' dir='ltr'><strong>τὸ</strong></span> <span class='ocrx_word' id='word_1_337' title='bbox 790 4232 950 4303; x_wconf 85' lang='grc' dir='ltr'>σῶμα</span> <span class='ocrx_word' id='word_1_338' title='bbox 982 4231 1044 4285; x_wconf 81' lang='grc' dir='ltr'>τὸ</span> <span class='ocrx_word' id='word_1_339' title='bbox 1079 4230 1344 4302; x_wconf 79' lang='grc' dir='ltr'>ἡμέτερον</span> <span class='ocrx_word' id='word_1_340' title='bbox 1379 4230 1440 4285; x_wconf 83' lang='grc' dir='ltr'><strong>τὸ</strong></span> <span class='ocrx_word' id='word_1_341' title='bbox 1466 4228 1804 4302; x_wconf 77' lang='grc' dir='ltr'>ἀνθρώπινον</span> 
     </span>
    </p>
   </div>
   <div class='ocr_carea' id='block_1_50' title="bbox 222 4323 1806 4397">
    <p class='ocr_par' dir='ltr' id='par_1_50' title="bbox 222 4323 1806 4397">
     <span class='ocr_line' id='line_1_50' title="bbox 222 4323 1806 4397; baseline -0.001 -20"><span class='ocrx_word' id='word_1_342' title='bbox 222 4324 314 4397; x_wconf 75' lang='grc' dir='ltr'>τὴν</span> <span class='ocrx_word' id='word_1_343' title='bbox 348 4328 533 4381; x_wconf 78' lang='grc' dir='ltr'>πᾶσαν</span> <span class='ocrx_word' id='word_1_344' title='bbox 568 4324 782 4379; x_wconf 83' lang='grc' dir='ltr'>ἑαυτῶν</span> <span class='ocrx_word' id='word_1_345' title='bbox 809 4323 1043 4394; x_wconf 83' lang='grc' dir='ltr'>σπουδὴν</span> <span class='ocrx_word' id='word_1_346' title='bbox 1070 4323 1460 4395; x_wconf 86' lang='grc' dir='ltr'>κατηνάλωσαν</span> <span class='ocrx_word' id='word_1_347' title='bbox 1478 4340 1493 4356; x_wconf 85' lang='grc'><strong>·</strong></span> <span class='ocrx_word' id='word_1_348' title='bbox 1516 4323 1617 4378; x_wconf 85' lang='grc' dir='ltr'><strong>κᾶν</strong></span> <span class='ocrx_word' id='word_1_349' title='bbox 1642 4326 1806 4394; x_wconf 79' lang='grc' dir='ltr'>ἰατρι-</span> 
     </span>
    </p>
   </div>
   <div class='ocr_carea' id='block_1_51' title="bbox 225 4414 1806 4490">
    <p class='ocr_par' dir='ltr' id='par_1_51' title="bbox 225 4414 1806 4490">
     <span class='ocr_line' id='line_1_51' title="bbox 225 4414 1806 4490; baseline 0 -23"><span class='ocrx_word' id='word_1_350' title='bbox 225 4416 321 4486; x_wconf 84' lang='grc' dir='ltr'>κὴν</span> <span class='ocrx_word' id='word_1_351' title='bbox 374 4418 644 4490; x_wconf 81' lang='grc' dir='ltr'>ἑπέλθῃς,</span> <span class='ocrx_word' id='word_1_352' title='bbox 672 4417 928 4487; x_wconf 81' lang='grc' dir='ltr'>εὑρήσεις</span> <span class='ocrx_word' id='word_1_353' title='bbox 985 4415 1125 4469; x_wconf 88' lang='grc' dir='ltr'>πόσα</span> <span class='ocrx_word' id='word_1_354' title='bbox 1176 4415 1303 4484; x_wconf 71' lang='grc' dir='ltr'>περὶ</span> <span class='ocrx_word' id='word_1_355' title='bbox 1338 4414 1436 4485; x_wconf 83' lang='grc' dir='ltr'>τῆς</span> <span class='ocrx_word' id='word_1_356' title='bbox 1465 4414 1655 4487; x_wconf 77' lang='grc' dir='ltr'>χρείας</span> <span class='ocrx_word' id='word_1_357' title='bbox 1694 4414 1806 4467; x_wconf 90' lang='grc' dir='ltr'><strong>τῶν</strong></span> 
     </span>
    </p>
   </div>
   <div class='ocr_carea' id='block_1_52' title="bbox 224 4505 1807 4580">
    <p class='ocr_par' dir='ltr' id='par_1_52' title="bbox 224 4505 1807 4580">
     <span class='ocr_line' id='line_1_52' title="bbox 224 4505 1807 4580; baseline -0.001 -19"><span class='ocrx_word' id='word_1_358' title='bbox 224 4508 503 4580; x_wconf 78' lang='grc' dir='ltr'>ἡμετέρων</span> <span class='ocrx_word' id='word_1_359' title='bbox 553 4510 690 4579; x_wconf 83' lang='grc' dir='ltr'><strong>ἡμῖν</strong></span> <span class='ocrx_word' id='word_1_360' title='bbox 741 4507 1027 4576; x_wconf 83' lang='grc' dir='ltr'>διηγεῖται,</span> <span class='ocrx_word' id='word_1_361' title='bbox 1058 4505 1231 4569; x_wconf 86' lang='grc' dir='ltr'>πόσας</span> <span class='ocrx_word' id='word_1_362' title='bbox 1277 4507 1405 4576; x_wconf 84' lang='grc' dir='ltr'><strong>περὶ</strong></span> <span class='ocrx_word' id='word_1_363' title='bbox 1449 4507 1550 4576; x_wconf 77' lang='grc' dir='ltr'>τῆς</span> <span class='ocrx_word' id='word_1_364' title='bbox 1598 4505 1807 4560; x_wconf 76' lang='grc' dir='ltr'>ἔνδοθεν</span> 
     </span>
    </p>
   </div>
   <div class='ocr_carea' id='block_1_53' title="bbox 225 4599 1809 4671">
    <p class='ocr_par' dir='ltr' id='par_1_53' title="bbox 225 4599 1809 4671">
     <span class='ocr_line' id='line_1_53' title="bbox 225 4599 1809 4671; baseline -0.002 -16"><span class='ocrx_word' id='word_1_365' title='bbox 225 4601 348 4670; x_wconf 74' lang='grc' dir='ltr'><strong>ἡμῖν</strong></span> <span class='ocrx_word' id='word_1_366' title='bbox 377 4600 735 4669; x_wconf 83' lang='grc' dir='ltr'>κατασκευῆς</span> <span class='ocrx_word' id='word_1_367' title='bbox 768 4601 825 4652; x_wconf 85' lang='grc' dir='ltr'><strong>ἑν</strong></span> <span class='ocrx_word' id='word_1_368' title='bbox 864 4601 987 4662; x_wconf 84' lang='grc' dir='ltr'>ταῖς</span> <span class='ocrx_word' id='word_1_369' title='bbox 1041 4599 1397 4669; x_wconf 81' lang='grc' dir='ltr'>ἁνατομικαῖς</span> <span class='ocrx_word' id='word_1_370' title='bbox 1435 4600 1809 4671; x_wconf 83' lang='grc' dir='ltr'>ἑγχειρήσεσιν</span> 
     </span>
    </p>
   </div>
   <div class='ocr_carea' id='block_1_54' title="bbox 223 4672 1812 4763">
    <p class='ocr_par' dir='ltr' id='par_1_54' title="bbox 223 4672 1812 4763">
     <span class='ocr_line' id='line_1_54' title="bbox 223 4672 1812 4763; baseline -0.002 -18"><span class='ocrx_word' id='word_1_371' title='bbox 223 4690 407 4763; x_wconf 71' lang='grc' dir='ltr'>ἐξεῦρε</span> <span class='ocrx_word' id='word_1_372' title='bbox 460 4688 860 4761; x_wconf 83' lang='grc' dir='ltr'>κεκρυμμένας</span> <span class='ocrx_word' id='word_1_373' title='bbox 914 4672 1068 4752; x_wconf 62' lang='grc' dir='ltr'>ὁδοὺς</span> <span class='ocrx_word' id='word_1_374' title='bbox 1123 4688 1571 4759; x_wconf 86' lang='grc' dir='ltr'>συνυπαρχούσας</span> <span class='ocrx_word' id='word_1_375' title='bbox 1629 4689 1688 4741; x_wconf 88' lang='grc' dir='ltr'><strong>ἑν</strong></span> <span class='ocrx_word' id='word_1_376' title='bbox 1732 4686 1812 4759; x_wconf 80' lang='grc' dir='ltr'>τῷ</span> 
     </span>
    </p>
   </div>
   <div class='ocr_carea' id='block_1_55' title="bbox 223 4777 1812 4854">
    <p class='ocr_par' dir='ltr' id='par_1_55' title="bbox 223 4777 1812 4854">
     <span class='ocr_line' id='line_1_55' title="bbox 223 4777 1812 4854; baseline -0.002 -17"><span class='ocrx_word' id='word_1_377' title='bbox 223 4786 437 4852; x_wconf 67' lang='grc' dir='ltr'>ἀφανεῖ,</span> <span class='ocrx_word' id='word_1_378' title='bbox 478 4784 619 4854; x_wconf 83' lang='grc' dir='ltr'>μίαν</span> <span class='ocrx_word' id='word_1_379' title='bbox 654 4779 958 4850; x_wconf 86' lang='grc' dir='ltr'>σύμπνοιαν</span> <span class='ocrx_word' id='word_1_380' title='bbox 996 4777 1105 4832; x_wconf 77' lang='grc' dir='ltr'><strong>ἀπὸ</strong></span> <span class='ocrx_word' id='word_1_381' title='bbox 1136 4777 1227 4833; x_wconf 77' lang='grc' dir='ltr'>τοῦ</span> <span class='ocrx_word' id='word_1_382' title='bbox 1276 4778 1528 4850; x_wconf 85' lang='grc' dir='ltr'>σώματος</span> <span class='ocrx_word' id='word_1_383' title='bbox 1549 4817 1562 4839; x_wconf 91' lang='grc'><strong>,</strong></span> <span class='ocrx_word' id='word_1_384' title='bbox 1593 4780 1812 4850; x_wconf 81' lang='grc' dir='ltr'>ὀχετοὺς</span> 
     </span>
    </p>
   </div>
   <div class='ocr_carea' id='block_1_56' title="bbox 1896 3595 3473 3666">
    <p class='ocr_par' dir='ltr' id='par_1_56' title="bbox 1896 3595 3473 3666">
     <span class='ocr_line' id='line_1_56' title="bbox 1896 3595 3473 3666; baseline -0.002 -14"><span class='ocrx_word' id='word_1_385' title='bbox 1896 3607 2018 3654; x_wconf 89' lang='lat' dir='ltr'><strong>ctus</strong></span> <span class='ocrx_word' id='word_1_386' title='bbox 2046 3599 2270 3653; x_wconf 86' lang='lat' dir='ltr'><strong>obtutus</strong></span> <span class='ocrx_word' id='word_1_387' title='bbox 2305 3613 2369 3653; x_wconf 88' lang='lat' dir='ltr'><strong>ac</strong></span> <span class='ocrx_word' id='word_1_388' title='bbox 2398 3597 2630 3652; x_wconf 86' lang='lat' dir='ltr'><strong>reﬂuens</strong></span> <span class='ocrx_word' id='word_1_389' title='bbox 2658 3595 2856 3651; x_wconf 77' lang='lat' dir='ltr'><strong>emciat</strong></span> <span class='ocrx_word' id='word_1_390' title='bbox 2890 3604 2948 3650; x_wconf 88' lang='lat' dir='ltr'><strong>ut</strong></span> <span class='ocrx_word' id='word_1_391' title='bbox 2995 3612 3053 3651; x_wconf 91' lang='lat' dir='ltr'><strong>se</strong></span> <span class='ocrx_word' id='word_1_392' title='bbox 3086 3596 3189 3666; x_wconf 87' lang='lat' dir='ltr'><strong>ipsi</strong></span> <span class='ocrx_word' id='word_1_393' title='bbox 3224 3598 3473 3650; x_wconf 88' lang='lat' dir='ltr'><strong>intuean-</strong></span> 
     </span>
    </p>
   </div>
   <div class='ocr_carea' id='block_1_57' title="bbox 1898 3687 3474 3756">
    <p class='ocr_par' dir='ltr' id='par_1_57' title="bbox 1898 3687 3474 3756">
     <span class='ocr_line' id='line_1_57' title="bbox 1898 3687 3474 3756; baseline -0.001 -14"><span class='ocrx_word' id='word_1_394' title='bbox 1898 3696 1991 3743; x_wconf 91' lang='lat' dir='ltr'><strong>tur</strong></span> <span class='ocrx_word' id='word_1_395' title='bbox 2024 3707 2037 3743; x_wconf 89' lang='lat'><strong>:</strong></span> <span class='ocrx_word' id='word_1_396' title='bbox 2072 3690 2153 3743; x_wconf 89' lang='lat' dir='ltr'><strong>sic</strong></span> <span class='ocrx_word' id='word_1_397' title='bbox 2182 3689 2399 3742; x_wconf 87' lang='lat' dir='ltr'><strong>animus</strong></span> <span class='ocrx_word' id='word_1_398' title='bbox 2430 3697 2618 3743; x_wconf 86' lang='lat' dir='ltr'><strong>noster</strong></span> <span class='ocrx_word' id='word_1_399' title='bbox 2644 3687 2749 3741; x_wconf 87' lang='lat' dir='ltr'><strong>alia</strong></span> <span class='ocrx_word' id='word_1_400' title='bbox 2780 3702 3035 3750; x_wconf 84' lang='lat' dir='ltr'><strong>cernens,</strong></span> <span class='ocrx_word' id='word_1_401' title='bbox 3071 3703 3130 3742; x_wconf 90' lang='lat' dir='ltr'><strong>se</strong></span> <span class='ocrx_word' id='word_1_402' title='bbox 3160 3688 3336 3756; x_wconf 84' lang='lat' dir='ltr'><strong>ipsum</strong></span> <span class='ocrx_word' id='word_1_403' title='bbox 3362 3701 3474 3741; x_wconf 90' lang='lat' dir='ltr'><strong>non</strong></span> 
     </span>
    </p>
   </div>
   <div class='ocr_carea' id='block_1_58' title="bbox 1899 3776 3476 3849">
    <p class='ocr_par' dir='ltr' id='par_1_58' title="bbox 1899 3776 3476 3849">
     <span class='ocr_line' id='line_1_58' title="bbox 1899 3776 3476 3849; baseline 0.001 -16"><span class='ocrx_word' id='word_1_404' title='bbox 1899 3782 2064 3845; x_wconf 77' lang='lat' dir='ltr'><strong>videt,</strong></span> <span class='ocrx_word' id='word_1_405' title='bbox 2110 3778 2216 3833; x_wconf 89' lang='lat' dir='ltr'><strong>nisi</strong></span> <span class='ocrx_word' id='word_1_406' title='bbox 2257 3776 2559 3847; x_wconf 89' lang='lat' dir='ltr'><strong>Scripturis</strong></span> <span class='ocrx_word' id='word_1_407' title='bbox 2604 3779 2905 3841; x_wconf 71' lang='lat' dir='ltr'><strong>inhaeserit,</strong></span> <span class='ocrx_word' id='word_1_408' title='bbox 2937 3788 3100 3849; x_wconf 88' lang='lat' dir='ltr'><strong>atque</strong></span> <span class='ocrx_word' id='word_1_409' title='bbox 3143 3780 3476 3834; x_wconf 87' lang='lat' dir='ltr'><strong>incubuerit.</strong></span> 
     </span>
    </p>
   </div>
   <div class='ocr_carea' id='block_1_59' title="bbox 1900 3870 3480 3942">
    <p class='ocr_par' dir='ltr' id='par_1_59' title="bbox 1900 3870 3480 3942">
     <span class='ocr_line' id='line_1_59' title="bbox 1900 3870 3480 3942; baseline 0 -16"><span class='ocrx_word' id='word_1_410' title='bbox 1900 3872 2055 3939; x_wconf 86' lang='lat' dir='ltr'><strong>Quod</strong></span> <span class='ocrx_word' id='word_1_411' title='bbox 2089 3871 2235 3927; x_wconf 87' lang='lat' dir='ltr'><strong>enim</strong></span> <span class='ocrx_word' id='word_1_412' title='bbox 2269 3870 2325 3926; x_wconf 88' lang='lat' dir='ltr'><strong>in</strong></span> <span class='ocrx_word' id='word_1_413' title='bbox 2372 3871 2481 3926; x_wconf 85' lang='lat' dir='ltr'><strong>illis</strong></span> <span class='ocrx_word' id='word_1_414' title='bbox 2509 3878 2593 3926; x_wconf 87' lang='lat' dir='ltr'><strong>est</strong></span> <span class='ocrx_word' id='word_1_415' title='bbox 2641 3871 2845 3935; x_wconf 91' lang='lat' dir='ltr'><strong>lumen,</strong></span> <span class='ocrx_word' id='word_1_416' title='bbox 2880 3872 3200 3937; x_wconf 81' lang='lat' dir='ltr'><strong>reﬂectitur,</strong></span> <span class='ocrx_word' id='word_1_417' title='bbox 3240 3872 3480 3942; x_wconf 82' lang='lat' dir='ltr'><strong>facitque</strong></span> 
     </span>
    </p>
   </div>
   <div class='ocr_carea' id='block_1_60' title="bbox 1901 3961 3479 4035">
    <p class='ocr_par' dir='ltr' id='par_1_60' title="bbox 1901 3961 3479 4035">
     <span class='ocr_line' id='line_1_60' title="bbox 1901 3961 3479 4035; baseline -0.002 -17"><span class='ocrx_word' id='word_1_418' title='bbox 1901 3971 1963 4018; x_wconf 89' lang='lat' dir='ltr'><strong>ut</strong></span> <span class='ocrx_word' id='word_1_419' title='bbox 2000 3978 2100 4018; x_wconf 86' lang='lat' dir='ltr'><strong>nos</strong></span> <span class='ocrx_word' id='word_1_420' title='bbox 2130 3963 2232 4033; x_wconf 87' lang='lat' dir='ltr'><strong>ipsi</strong></span> <span class='ocrx_word' id='word_1_421' title='bbox 2267 3962 2670 4035; x_wconf 86' lang='lat' dir='ltr'><strong>perspiciamus</strong></span> <span class='ocrx_word' id='word_1_422' title='bbox 2703 3969 2757 4017; x_wconf 88' lang='lat' dir='ltr'><strong>et</strong></span> <span class='ocrx_word' id='word_1_423' title='bbox 2792 3976 3219 4032; x_wconf 78' lang='lat' dir='ltr'><strong>cognoscamus.</strong></span> <span class='ocrx_word' id='word_1_424' title='bbox 3257 3961 3479 4026; x_wconf 84' lang='lat' dir='ltr'><strong>Verum,</strong></span> 
     </span>
    </p>
   </div>
   <div class='ocr_carea' id='block_1_61' title="bbox 1904 4051 3483 4123">
    <p class='ocr_par' dir='ltr' id='par_1_61' title="bbox 1904 4051 3483 4123">
     <span class='ocr_line' id='line_1_61' title="bbox 1904 4051 3483 4123; baseline -0.001 -16"><span class='ocrx_word' id='word_1_425' title='bbox 1904 4052 2160 4123; x_wconf 89' lang='lat' dir='ltr'><strong>quoniam</strong></span> <span class='ocrx_word' id='word_1_426' title='bbox 2187 4065 2280 4106; x_wconf 86' lang='lat' dir='ltr'><strong>eas</strong></span> <span class='ocrx_word' id='word_1_427' title='bbox 2298 4051 2646 4121; x_wconf 78' lang='lat' dir='ltr'><strong>negligimus,</strong></span> <span class='ocrx_word' id='word_1_428' title='bbox 2670 4065 2771 4106; x_wconf 87' lang='lat' dir='ltr'><strong>nec</strong></span> <span class='ocrx_word' id='word_1_429' title='bbox 2793 4052 2937 4106; x_wconf 90' lang='lat' dir='ltr'><strong>scire</strong></span> <span class='ocrx_word' id='word_1_430' title='bbox 2953 4066 3233 4117; x_wconf 85' lang='lat' dir='ltr'><strong>curamus,</strong></span> <span class='ocrx_word' id='word_1_431' title='bbox 3259 4064 3483 4123; x_wconf 86' lang='lat' dir='ltr'><strong>quomo-</strong></span> 
     </span>
    </p>
   </div>
   <div class='ocr_carea' id='block_1_62' title="bbox 1903 4141 3486 4213">
    <p class='ocr_par' dir='ltr' id='par_1_62' title="bbox 1903 4141 3486 4213">
     <span class='ocr_line' id='line_1_62' title="bbox 1903 4141 3486 4213; baseline -0.003 -14"><span class='ocrx_word' id='word_1_432' title='bbox 1903 4143 1976 4199; x_wconf 90' lang='lat' dir='ltr'><strong>do</strong></span> <span class='ocrx_word' id='word_1_433' title='bbox 1998 4142 2124 4196; x_wconf 80' lang='lat' dir='ltr'><strong>facti</strong></span> <span class='ocrx_word' id='word_1_434' title='bbox 2143 4141 2558 4212; x_wconf 89' lang='lat' dir='ltr'><strong>constructique</strong></span> <span class='ocrx_word' id='word_1_435' title='bbox 2571 4142 2767 4204; x_wconf 87' lang='lat' dir='ltr'><strong>simus,</strong></span> <span class='ocrx_word' id='word_1_436' title='bbox 2794 4142 2918 4196; x_wconf 84' lang='lat' dir='ltr'><strong>inde</strong></span> <span class='ocrx_word' id='word_1_437' title='bbox 2933 4143 3010 4211; x_wconf 85' lang='lat' dir='ltr'><strong>ﬁt,</strong></span> <span class='ocrx_word' id='word_1_438' title='bbox 3038 4150 3096 4197; x_wconf 90' lang='lat' dir='ltr'><strong>ut</strong></span> <span class='ocrx_word' id='word_1_439' title='bbox 3114 4141 3243 4212; x_wconf 85' lang='lat' dir='ltr'><strong>quid</strong></span> <span class='ocrx_word' id='word_1_440' title='bbox 3265 4142 3486 4213; x_wconf 87' lang='lat' dir='ltr'><strong>quales-</strong></span> 
     </span>
    </p>
   </div>
   <div class='ocr_carea' id='block_1_63' title="bbox 1902 4233 3483 4305">
    <p class='ocr_par' dir='ltr' id='par_1_63' title="bbox 1902 4233 3483 4305">
     <span class='ocr_line' id='line_1_63' title="bbox 1902 4233 3483 4305; baseline -0.003 -16"><span class='ocrx_word' id='word_1_441' title='bbox 1902 4250 1968 4289; x_wconf 80' lang='lat' dir='ltr'><strong>ve</strong></span> <span class='ocrx_word' id='word_1_442' title='bbox 2001 4233 2197 4297; x_wconf 83' lang='lat' dir='ltr'><strong>simus,</strong></span> <span class='ocrx_word' id='word_1_443' title='bbox 2230 4233 2565 4305; x_wconf 79' lang='lat' dir='ltr'><strong>ignoremus,</strong></span> <span class='ocrx_word' id='word_1_444' title='bbox 2596 4240 2651 4288; x_wconf 90' lang='lat' dir='ltr'><strong>et</strong></span> <span class='ocrx_word' id='word_1_445' title='bbox 2682 4248 2870 4287; x_wconf 87' lang='lat' dir='ltr'><strong>eorum</strong></span> <span class='ocrx_word' id='word_1_446' title='bbox 2907 4248 3028 4304; x_wconf 59' lang='lat' dir='ltr'><strong>quae</strong></span> <span class='ocrx_word' id='word_1_447' title='bbox 3056 4235 3111 4288; x_wconf 86' lang='lat' dir='ltr'><strong>in</strong></span> <span class='ocrx_word' id='word_1_448' title='bbox 3150 4235 3313 4290; x_wconf 87' lang='lat' dir='ltr'><strong>nobis</strong></span> <span class='ocrx_word' id='word_1_449' title='bbox 3334 4241 3483 4296; x_wconf 81' lang='lat' dir='ltr'><strong>sunt,</strong></span> 
     </span>
    </p>
   </div>
   <div class='ocr_carea' id='block_1_64' title="bbox 1906 4324 3487 4393">
    <p class='ocr_par' dir='ltr' id='par_1_64' title="bbox 1906 4324 3487 4393">
     <span class='ocr_line' id='line_1_64' title="bbox 1906 4324 3487 4393; baseline -0.001 -13"><span class='ocrx_word' id='word_1_450' title='bbox 1906 4325 2033 4381; x_wconf 89' lang='lat' dir='ltr'><strong>licet</strong></span> <span class='ocrx_word' id='word_1_451' title='bbox 2078 4325 2328 4388; x_wconf 90' lang='lat' dir='ltr'><strong>minima,</strong></span> <span class='ocrx_word' id='word_1_452' title='bbox 2380 4324 2728 4393; x_wconf 77' lang='lat' dir='ltr'><strong>maximeque</strong></span> <span class='ocrx_word' id='word_1_453' title='bbox 2772 4339 2955 4378; x_wconf 90' lang='lat' dir='ltr'><strong>rerum</strong></span> <span class='ocrx_word' id='word_1_454' title='bbox 3003 4326 3250 4379; x_wconf 90' lang='lat' dir='ltr'><strong>omnium</strong></span> <span class='ocrx_word' id='word_1_455' title='bbox 3306 4325 3487 4379; x_wconf 84' lang='lat' dir='ltr'><strong>facilia</strong></span> 
     </span>
    </p>
   </div>
   <div class='ocr_carea' id='block_1_65' title="bbox 1906 4415 3484 4487">
    <p class='ocr_par' dir='ltr' id='par_1_65' title="bbox 1906 4415 3484 4487">
     <span class='ocr_line' id='line_1_65' title="bbox 1906 4415 3484 4487; baseline -0.002 -15"><span class='ocrx_word' id='word_1_456' title='bbox 1906 4427 2068 4487; x_wconf 80' lang='lat' dir='ltr'><strong>atque</strong></span> <span class='ocrx_word' id='word_1_457' title='bbox 2094 4415 2149 4470; x_wconf 94' lang='lat' dir='ltr'><strong>in</strong></span> <span class='ocrx_word' id='word_1_458' title='bbox 2180 4425 2434 4485; x_wconf 88' lang='lat' dir='ltr'><strong>promptu</strong></span> <span class='ocrx_word' id='word_1_459' title='bbox 2484 4417 2614 4479; x_wconf 86' lang='lat' dir='ltr'><strong>sint,</strong></span> <span class='ocrx_word' id='word_1_460' title='bbox 2641 4416 2848 4469; x_wconf 87' lang='lat' dir='ltr'><strong>nullam</strong></span> <span class='ocrx_word' id='word_1_461' title='bbox 2884 4416 3134 4471; x_wconf 89' lang='lat' dir='ltr'><strong>notitiam</strong></span> <span class='ocrx_word' id='word_1_462' title='bbox 3167 4417 3484 4471; x_wconf 85' lang='lat' dir='ltr'><strong>habeamus.</strong></span> 
     </span>
    </p>
   </div>
   <div class='ocr_carea' id='block_1_66' title="bbox 1908 4505 3489 4576">
    <p class='ocr_par' dir='ltr' id='par_1_66' title="bbox 1908 4505 3489 4576">
     <span class='ocr_line' id='line_1_66' title="bbox 1908 4505 3489 4576; baseline -0.003 -12"><span class='ocrx_word' id='word_1_463' title='bbox 1908 4509 1986 4564; x_wconf 83' lang='lat' dir='ltr'><strong>Ac</strong></span> <span class='ocrx_word' id='word_1_464' title='bbox 2040 4507 2260 4562; x_wconf 86' lang='lat' dir='ltr'><strong>tametsi</strong></span> <span class='ocrx_word' id='word_1_465' title='bbox 2299 4507 2486 4561; x_wconf 73' lang='lat' dir='ltr'><strong>multae</strong></span> <span class='ocrx_word' id='word_1_466' title='bbox 2532 4505 2822 4561; x_wconf 80' lang='lat' dir='ltr'><strong>facultates</strong></span> <span class='ocrx_word' id='word_1_467' title='bbox 2873 4507 2929 4560; x_wconf 92' lang='lat' dir='ltr'><strong>in</strong></span> <span class='ocrx_word' id='word_1_468' title='bbox 2974 4521 3204 4576; x_wconf 89' lang='lat' dir='ltr'><strong>corpore</strong></span> <span class='ocrx_word' id='word_1_469' title='bbox 3246 4506 3489 4559; x_wconf 90' lang='lat' dir='ltr'><strong>humano</strong></span> 
     </span>
    </p>
   </div>
   <div class='ocr_carea' id='block_1_67' title="bbox 1909 4596 3489 4670">
    <p class='ocr_par' dir='ltr' id='par_1_67' title="bbox 1909 4596 3489 4670">
     <span class='ocr_line' id='line_1_67' title="bbox 1909 4596 3489 4670; baseline -0.001 -17"><span class='ocrx_word' id='word_1_470' title='bbox 1909 4597 2282 4670; x_wconf 86' lang='lat' dir='ltr'><strong>dignoscendo</strong></span> <span class='ocrx_word' id='word_1_471' title='bbox 2328 4611 2491 4651; x_wconf 90' lang='lat' dir='ltr'><strong>omne</strong></span> <span class='ocrx_word' id='word_1_472' title='bbox 2536 4611 2697 4651; x_wconf 89' lang='lat' dir='ltr'><strong>suum</strong></span> <span class='ocrx_word' id='word_1_473' title='bbox 2739 4597 2979 4651; x_wconf 88' lang='lat' dir='ltr'><strong>studium</strong></span> <span class='ocrx_word' id='word_1_474' title='bbox 3034 4597 3374 4651; x_wconf 87' lang='lat' dir='ltr'><strong>collocarunt</strong></span> <span class='ocrx_word' id='word_1_475' title='bbox 3420 4596 3489 4666; x_wconf 90' lang='lat' dir='ltr'><strong>(si</strong></span> 
     </span>
    </p>
   </div>
   <div class='ocr_carea' id='block_1_68' title="bbox 1912 4687 3494 4750">
    <p class='ocr_par' dir='ltr' id='par_1_68' title="bbox 1912 4687 3494 4750">
     <span class='ocr_line' id='line_1_68' title="bbox 1912 4687 3494 4750; baseline -0.003 -4"><span class='ocrx_word' id='word_1_476' title='bbox 1912 4690 2058 4746; x_wconf 90' lang='lat' dir='ltr'><strong>enim</strong></span> <span class='ocrx_word' id='word_1_477' title='bbox 2089 4687 2359 4743; x_wconf 81' lang='lat' dir='ltr'><strong>medicam</strong></span> <span class='ocrx_word' id='word_1_478' title='bbox 2389 4695 2561 4742; x_wconf 88' lang='lat' dir='ltr'><strong>artem</strong></span> <span class='ocrx_word' id='word_1_479' title='bbox 2593 4687 2931 4750; x_wconf 88' lang='lat' dir='ltr'><strong>consideres,</strong></span> <span class='ocrx_word' id='word_1_480' title='bbox 2961 4687 3122 4743; x_wconf 81' lang='lat' dir='ltr'><strong>facile</strong></span> <span class='ocrx_word' id='word_1_481' title='bbox 3147 4687 3494 4747; x_wconf 78' lang='lat' dir='ltr'><strong>animadver-</strong></span> 
     </span>
    </p>
   </div>
   <div class='ocr_carea' id='block_1_69' title="bbox 1912 4767 3492 4849">
    <p class='ocr_par' dir='ltr' id='par_1_69' title="bbox 1912 4767 3492 4849">
     <span class='ocr_line' id='line_1_69' title="bbox 1912 4767 3492 4849; baseline -0.003 -14"><span class='ocrx_word' id='word_1_482' title='bbox 1912 4767 2033 4842; x_wconf 44' lang='lat' dir='ltr'><strong>tes,</strong></span> <span class='ocrx_word' id='word_1_483' title='bbox 2064 4792 2229 4849; x_wconf 87' lang='lat' dir='ltr'><strong>quam</strong></span> <span class='ocrx_word' id='word_1_484' title='bbox 2274 4777 2447 4831; x_wconf 90' lang='lat' dir='ltr'><strong>multa</strong></span> <span class='ocrx_word' id='word_1_485' title='bbox 2492 4776 2559 4832; x_wconf 92' lang='lat' dir='ltr'><strong>de</strong></span> <span class='ocrx_word' id='word_1_486' title='bbox 2603 4793 2703 4832; x_wconf 89' lang='lat' dir='ltr'><strong>usu</strong></span> <span class='ocrx_word' id='word_1_487' title='bbox 2747 4778 2985 4847; x_wconf 90' lang='lat' dir='ltr'><strong>partium</strong></span> <span class='ocrx_word' id='word_1_488' title='bbox 3020 4777 3139 4846; x_wconf 85' lang='lat' dir='ltr'><strong>ejus</strong></span> <span class='ocrx_word' id='word_1_489' title='bbox 3178 4777 3492 4844; x_wconf 87' lang='lat' dir='ltr'><strong>tradiderit;</strong></span> 
     </span>
    </p>
   </div>
   <div class='ocr_carea' id='block_1_70' title="bbox 226 4859 1828 4944">
    <p class='ocr_par' dir='ltr' id='par_1_70' title="bbox 226 4869 1810 4944">
     <span class='ocr_line' id='line_1_70' title="bbox 226 4869 1810 4944; baseline -0.002 -18"><span class='ocrx_word' id='word_1_490' title='bbox 226 4873 570 4944; x_wconf 79' lang='grc' dir='ltr'>πνεύματος,</span> <span class='ocrx_word' id='word_1_491' title='bbox 621 4870 970 4942; x_wconf 75' lang='grc' dir='ltr'>ὑδραγωγεας</span> <span class='ocrx_word' id='word_1_492' title='bbox 1013 4869 1277 4940; x_wconf 80' lang='grc' dir='ltr'>αἵματος,</span> <span class='ocrx_word' id='word_1_493' title='bbox 1311 4870 1584 4941; x_wconf 82' lang='grc' dir='ltr'>ἀναπνοῆς</span> <span class='ocrx_word' id='word_1_494' title='bbox 1624 4871 1810 4943; x_wconf 82' lang='grc' dir='ltr'>ὁλκὴν,</span> 
     </span>
    </p>
   </div>
   <div class='ocr_carea' id='block_1_71' title="bbox 1909 4859 3497 4944">
    <p class='ocr_par' dir='ltr' id='par_1_71' title="bbox 1916 4867 3497 4942">
     <span class='ocr_line' id='line_1_71' title="bbox 1916 4867 3497 4942; baseline -0.001 -18"><span class='ocrx_word' id='word_1_495' title='bbox 1916 4884 2080 4942; x_wconf 89' lang='lat' dir='ltr'><strong>quam</strong></span> <span class='ocrx_word' id='word_1_496' title='bbox 2108 4869 2278 4923; x_wconf 88' lang='lat' dir='ltr'><strong>multa</strong></span> <span class='ocrx_word' id='word_1_497' title='bbox 2302 4867 2369 4923; x_wconf 90' lang='lat' dir='ltr'><strong>de</strong></span> <span class='ocrx_word' id='word_1_498' title='bbox 2404 4868 2650 4923; x_wconf 88' lang='lat' dir='ltr'><strong>interiori</strong></span> <span class='ocrx_word' id='word_1_499' title='bbox 2682 4875 2873 4923; x_wconf 91' lang='lat' dir='ltr'><strong>nostra</strong></span> <span class='ocrx_word' id='word_1_500' title='bbox 2908 4874 3185 4922; x_wconf 85' lang='lat' dir='ltr'><strong>structura</strong></span> <span class='ocrx_word' id='word_1_501' title='bbox 3212 4869 3266 4921; x_wconf 92' lang='lat' dir='ltr'><strong>in</strong></span> <span class='ocrx_word' id='word_1_502' title='bbox 3299 4869 3497 4923; x_wconf 85' lang='lat' dir='ltr'><strong>sectio-</strong></span> 
     </span>
    </p>
   </div>
   <div class='ocr_carea' id='block_1_72' title="bbox 225 4957 1814 5033">
    <p class='ocr_par' dir='ltr' id='par_1_72' title="bbox 225 4957 1814 5033">
     <span class='ocr_line' id='line_1_72' title="bbox 225 4957 1814 5033; baseline -0.002 -17"><span class='ocrx_word' id='word_1_503' title='bbox 225 4963 433 5033; x_wconf 82' lang='grc' dir='ltr'>οῐκησιν</span> <span class='ocrx_word' id='word_1_504' title='bbox 459 4959 656 5023; x_wconf 79' lang='grc' dir='ltr'>ἑστίας</span> <span class='ocrx_word' id='word_1_505' title='bbox 695 4957 788 5011; x_wconf 81' lang='grc' dir='ltr'>τοῦ</span> <span class='ocrx_word' id='word_1_506' title='bbox 819 4957 1025 5029; x_wconf 82' lang='grc' dir='ltr'>Θερμοῦ</span> <span class='ocrx_word' id='word_1_507' title='bbox 1057 4958 1151 5011; x_wconf 76' lang='grc' dir='ltr'>ἐπὶ</span> <span class='ocrx_word' id='word_1_508' title='bbox 1180 4959 1279 5028; x_wconf 82' lang='grc' dir='ltr'><strong>τῆς</strong></span> <span class='ocrx_word' id='word_1_509' title='bbox 1304 4959 1551 5030; x_wconf 83' lang='grc' dir='ltr'>καρδίας,</span> <span class='ocrx_word' id='word_1_510' title='bbox 1601 4961 1814 5029; x_wconf 79' lang='grc' dir='ltr'>κίνησιν</span> 
     </span>
    </p>
   </div>
   <div class='ocr_carea' id='block_1_73' title="bbox 225 5048 1816 5125">
    <p class='ocr_par' dir='ltr' id='par_1_73' title="bbox 225 5048 1816 5125">
     <span class='ocr_line' id='line_1_73' title="bbox 225 5048 1816 5125; baseline 0.001 -21"><span class='ocrx_word' id='word_1_511' title='bbox 225 5051 419 5125; x_wconf 79' lang='grc' dir='ltr'>διαρκῆ</span> <span class='ocrx_word' id='word_1_512' title='bbox 489 5052 592 5105; x_wconf 75' lang='grc' dir='ltr'>τοῦ</span> <span class='ocrx_word' id='word_1_513' title='bbox 659 5049 1007 5121; x_wconf 73' lang='grc' dir='ltr'>περικαρδίω</span> <span class='ocrx_word' id='word_1_514' title='bbox 1064 5048 1397 5119; x_wconf 80' lang='grc' dir='ltr'>πνεύματος.</span> <span class='ocrx_word' id='word_1_515' title='bbox 1454 5052 1638 5122; x_wconf 85' lang='grc' dir='ltr'>Μυρία</span> <span class='ocrx_word' id='word_1_516' title='bbox 1686 5053 1816 5123; x_wconf 83' lang='grc' dir='ltr'>παρ’</span> 
     </span>
    </p>
   </div>
   <div class='ocr_carea' id='block_1_74' title="bbox 228 5131 1817 5210">
    <p class='ocr_par' dir='ltr' id='par_1_74' title="bbox 228 5131 1817 5210">
     <span class='ocr_line' id='line_1_74' title="bbox 228 5131 1817 5210; baseline -0.003 -16"><span class='ocrx_word' id='word_1_517' title='bbox 228 5143 456 5206; x_wconf 75' lang='grc' dir='ltr'>ἐκείνοις</span> <span class='ocrx_word' id='word_1_518' title='bbox 506 5139 970 5210; x_wconf 84' lang='grc' dir='ltr'>πεφιλοσόφηται,</span> <span class='ocrx_word' id='word_1_519' title='bbox 996 5131 1070 5192; x_wconf 85' lang='grc' dir='ltr'><strong>ῶν</strong></span> <span class='ocrx_word' id='word_1_520' title='bbox 1123 5139 1301 5202; x_wconf 78' lang='grc' dir='ltr'>οὐδεὶς</span> <span class='ocrx_word' id='word_1_521' title='bbox 1357 5138 1513 5209; x_wconf 77' lang='grc' dir='ltr'>ὴμῶν</span> <span class='ocrx_word' id='word_1_522' title='bbox 1542 5141 1691 5192; x_wconf 79' lang='grc' dir='ltr'>ἐστιν</span> <span class='ocrx_word' id='word_1_523' title='bbox 1717 5138 1817 5209; x_wconf 79' lang='grc' dir='ltr'><strong>ἐμ-</strong></span> 
     </span>
    </p>
   </div>
   <div class='ocr_carea' id='block_1_75' title="bbox 229 5229 1823 5305">
    <p class='ocr_par' dir='ltr' id='par_1_75' title="bbox 229 5229 1823 5305">
     <span class='ocr_line' id='line_1_75' title="bbox 229 5229 1823 5305; baseline -0.001 -21"><span class='ocrx_word' id='word_1_524' title='bbox 229 5242 434 5305; x_wconf 80' lang='grc' dir='ltr'>πειρος,</span> <span class='ocrx_word' id='word_1_525' title='bbox 465 5231 553 5303; x_wconf 83' lang='grc' dir='ltr'>τῷ</span> <span class='ocrx_word' id='word_1_526' title='bbox 577 5230 847 5301; x_wconf 79' lang='grc' dir='ltr'>μηδεμίαν</span> <span class='ocrx_word' id='word_1_527' title='bbox 871 5230 1067 5300; x_wconf 77' lang='grc' dir='ltr'>σχολὴν</span> <span class='ocrx_word' id='word_1_528' title='bbox 1091 5230 1383 5300; x_wconf 83' lang='grc' dir='ltr'>ἀπονεῖμαι</span> <span class='ocrx_word' id='word_1_529' title='bbox 1415 5229 1492 5299; x_wconf 82' lang='grc' dir='ltr'>τῷ</span> <span class='ocrx_word' id='word_1_530' title='bbox 1523 5230 1677 5301; x_wconf 83' lang='grc' dir='ltr'>μέρει</span> <span class='ocrx_word' id='word_1_531' title='bbox 1705 5230 1823 5283; x_wconf 67' lang='grc' dir='ltr'>τούς</span> 
     </span>
    </p>
   </div>
   <div class='ocr_carea' id='block_1_76' title="bbox 225 5321 1821 5395">
    <p class='ocr_par' dir='ltr' id='par_1_76' title="bbox 225 5321 1821 5395">
     <span class='ocr_line' id='line_1_76' title="bbox 225 5321 1821 5395; baseline 0 -21"><span class='ocrx_word' id='word_1_532' title='bbox 225 5340 316 5376; x_wconf 84' lang='grc' dir='ltr'><strong>του</strong></span> <span class='ocrx_word' id='word_1_533' title='bbox 340 5325 445 5395; x_wconf 78' lang='grc' dir='ltr'><strong>τῆς</strong></span> <span class='ocrx_word' id='word_1_534' title='bbox 495 5322 827 5388; x_wconf 77' lang='grc' dir='ltr'>ἐξετάσεως,</span> <span class='ocrx_word' id='word_1_535' title='bbox 863 5321 996 5392; x_wconf 76' lang='grc' dir='ltr'>μηδὲ</span> <span class='ocrx_word' id='word_1_536' title='bbox 1038 5321 1241 5390; x_wconf 86' lang='grc' dir='ltr'>γνῶναι</span> <span class='ocrx_word' id='word_1_537' title='bbox 1282 5321 1472 5374; x_wconf 82' lang='grc' dir='ltr'>ἑαυτὸν</span> <span class='ocrx_word' id='word_1_538' title='bbox 1513 5322 1821 5384; x_wconf 82' lang='grc' dir='ltr'>ἑκαστοςδς</span> 
     </span>
    </p>
   </div>
   <div class='ocr_carea' id='block_1_77' title="bbox 226 5410 1822 5482">
    <p class='ocr_par' dir='ltr' id='par_1_77' title="bbox 226 5410 1822 5482">
     <span class='ocr_line' id='line_1_77' title="bbox 226 5410 1822 5482; baseline -0.001 -17"><span class='ocrx_word' id='word_1_539' title='bbox 226 5414 305 5478; x_wconf 84' lang='grc' dir='ltr'><strong>τίς</strong></span> <span class='ocrx_word' id='word_1_540' title='bbox 338 5418 513 5468; x_wconf 82' lang='grc' dir='ltr'>ἐστιν.</span> <span class='ocrx_word' id='word_1_541' title='bbox 540 5411 777 5466; x_wconf 76' lang='grc' dir='ltr'>Εὖκολοι</span> <span class='ocrx_word' id='word_1_542' title='bbox 804 5410 913 5482; x_wconf 81' lang='grc' dir='ltr'><strong>γάρ</strong></span> <span class='ocrx_word' id='word_1_543' title='bbox 938 5412 1104 5481; x_wconf 85' lang='grc' dir='ltr'>ἑσμεν</span> <span class='ocrx_word' id='word_1_544' title='bbox 1134 5410 1334 5480; x_wconf 85' lang='grc' dir='ltr'>γνῶναι</span> <span class='ocrx_word' id='word_1_545' title='bbox 1363 5410 1591 5480; x_wconf 81' lang='grc' dir='ltr'>οὐρανὸν</span> <span class='ocrx_word' id='word_1_546' title='bbox 1623 5410 1822 5480; x_wconf 82' lang='grc' dir='ltr'>μᾶλλον</span> 
     </span>
    </p>
   </div>
   <div class='ocr_carea' id='block_1_78' title="bbox 227 5499 1821 5575">
    <p class='ocr_par' dir='ltr' id='par_1_78' title="bbox 227 5499 1821 5575">
     <span class='ocr_line' id='line_1_78' title="bbox 227 5499 1821 5575; baseline -0.004 -16"><span class='ocrx_word' id='word_1_547' title='bbox 227 5507 260 5575; x_wconf 84' lang='grc' dir='ltr'><strong>ἦ</strong></span> <span class='ocrx_word' id='word_1_548' title='bbox 284 5506 545 5568; x_wconf 80' lang='grc' dir='ltr'>ἑαυτούς.</span> <span class='ocrx_word' id='word_1_549' title='bbox 594 5504 759 5556; x_wconf 80' lang='grc' dir='ltr'>Ὥστε</span> <span class='ocrx_word' id='word_1_550' title='bbox 791 5502 866 5573; x_wconf 79' lang='grc' dir='ltr'><strong>μὴ</strong></span> <span class='ocrx_word' id='word_1_551' title='bbox 893 5502 1225 5571; x_wconf 87' lang='grc' dir='ltr'>καταφρόνει</span> <span class='ocrx_word' id='word_1_552' title='bbox 1270 5499 1364 5554; x_wconf 81' lang='grc' dir='ltr'>τοῦ</span> <span class='ocrx_word' id='word_1_553' title='bbox 1398 5502 1456 5554; x_wconf 83' lang='grc' dir='ltr'><strong>ἑν</strong></span> <span class='ocrx_word' id='word_1_554' title='bbox 1496 5501 1578 5554; x_wconf 82' lang='grc' dir='ltr'><strong>σοί</strong></span> <span class='ocrx_word' id='word_1_555' title='bbox 1607 5501 1821 5570; x_wconf 85' lang='grc' dir='ltr'>θαύμα-</span> 
     </span>
    </p>
   </div>
   <div class='ocr_carea' id='block_1_79' title="bbox 228 5586 1823 5666">
    <p class='ocr_par' dir='ltr' id='par_1_79' title="bbox 228 5586 1823 5666">
     <span class='ocr_line' id='line_1_79' title="bbox 228 5586 1823 5666; baseline -0.003 -20"><span class='ocrx_word' id='word_1_556' title='bbox 228 5610 334 5657; x_wconf 86' lang='grc' dir='ltr'>τος.</span> <span class='ocrx_word' id='word_1_557' title='bbox 369 5594 594 5666; x_wconf 83' lang='grc' dir='ltr'>Μικρὸς</span> <span class='ocrx_word' id='word_1_558' title='bbox 630 5592 741 5663; x_wconf 86' lang='grc' dir='ltr'><strong>γὰρ</strong></span> <span class='ocrx_word' id='word_1_559' title='bbox 773 5586 844 5653; x_wconf 78' lang='grc' dir='ltr'>εἴ,</span> <span class='ocrx_word' id='word_1_560' title='bbox 872 5591 948 5654; x_wconf 86' lang='grc' dir='ltr'>ὡς</span> <span class='ocrx_word' id='word_1_561' title='bbox 992 5587 1264 5660; x_wconf 75' lang='grc' dir='ltr'>νομίζειςο</span> <span class='ocrx_word' id='word_1_562' title='bbox 1296 5590 1468 5661; x_wconf 79' lang='grc' dir='ltr'>μέγαν</span> <span class='ocrx_word' id='word_1_563' title='bbox 1505 5589 1562 5642; x_wconf 81' lang='grc' dir='ltr'>δὲ</span> <span class='ocrx_word' id='word_1_564' title='bbox 1595 5589 1823 5659; x_wconf 77' lang='grc' dir='ltr'>ἐπερχό-</span> 
     </span>
    </p>
   </div>
   <div class='ocr_carea' id='block_1_80' title="bbox 233 5679 1830 5757">
    <p class='ocr_par' dir='ltr' id='par_1_80' title="bbox 233 5679 1830 5757">
     <span class='ocr_line' id='line_1_80' title="bbox 233 5679 1830 5757; baseline -0.005 -18"><span class='ocrx_word' id='word_1_565' title='bbox 417 5688 446 5738; x_wconf 87' lang='grc' dir='ltr'><strong>ό</strong></span> <span class='ocrx_word' id='word_1_566' title='bbox 467 5684 640 5752; x_wconf 81' lang='grc' dir='ltr'>λόγος</span> <span class='ocrx_word' id='word_1_567' title='bbox 662 5681 904 5752; x_wconf 82' lang='grc' dir='ltr'>εὑρήσει.</span> <span class='ocrx_word' id='word_1_568' title='bbox 940 5679 1038 5733; x_wconf 81' lang='grc' dir='ltr'><strong>Διά</strong></span> <span class='ocrx_word' id='word_1_569' title='bbox 1060 5680 1219 5734; x_wconf 81' lang='grc' dir='ltr'>τοῦτο</span> <span class='ocrx_word' id='word_1_570' title='bbox 1249 5682 1276 5733; x_wconf 92' lang='lat'><strong>6</strong></span> <span class='ocrx_word' id='word_1_571' title='bbox 1303 5680 1465 5748; x_wconf 76' lang='grc' dir='ltr'>σοφὸς</span> <span class='ocrx_word' id='word_1_572' title='bbox 1488 5680 1651 5734; x_wconf 70' lang='grc' dir='ltr'><strong>Δαόὶδ</strong></span> <span class='ocrx_word' id='word_1_573' title='bbox 1674 5680 1830 5743; x_wconf 82' lang='grc' dir='ltr'>εἰδὼς</span> 
     </span>
    </p>
   </div>
   <div class='ocr_carea' id='block_1_81' title="bbox 232 5769 1825 5845">
    <p class='ocr_par' dir='ltr' id='par_1_81' title="bbox 232 5769 1825 5845">
     <span class='ocr_line' id='line_1_81' title="bbox 232 5769 1825 5845; baseline 0 -20"><span class='ocrx_word' id='word_1_574' title='bbox 232 5773 476 5845; x_wconf 70' lang='grc' dir='ltr'>ἀκριϐῶς</span> <span class='ocrx_word' id='word_1_575' title='bbox 516 5769 716 5827; x_wconf 66' lang='grc' dir='ltr'>ἑαυτὸν</span> <span class='ocrx_word' id='word_1_576' title='bbox 746 5770 1016 5838; x_wconf 80' lang='grc' dir='ltr'>ἐξετάσαι,</span> <span class='ocrx_word' id='word_1_577' title='bbox 1047 5790 1065 5823; x_wconf 78' lang='grc' dir='ltr'><strong>ι</strong></span> <span class='ocrx_word' id='word_1_578' title='bbox 1098 5770 1546 5843; x_wconf 79' lang='grc' dir='ltr'>Ἑθαυμαστώθη,</span> <span class='ocrx_word' id='word_1_579' title='bbox 1579 5792 1596 5824; x_wconf 74' lang='grc' dir='ltr'><strong>ι</strong></span> <span class='ocrx_word' id='word_1_580' title='bbox 1630 5773 1825 5841; x_wconf 71' lang='grc' dir='ltr'>φησὶν,</span> 
     </span>
    </p>
   </div>
   <div class='ocr_carea' id='block_1_82' title="bbox 1921 4958 3496 5029">
    <p class='ocr_par' dir='ltr' id='par_1_82' title="bbox 1921 4958 3496 5029">
     <span class='ocr_line' id='line_1_82' title="bbox 1921 4958 3496 5029; baseline -0.001 -14"><span class='ocrx_word' id='word_1_581' title='bbox 1921 4962 2083 5016; x_wconf 90' lang='lat' dir='ltr'><strong>nibus</strong></span> <span class='ocrx_word' id='word_1_582' title='bbox 2115 4958 2476 5029; x_wconf 81' lang='lat' dir='ltr'><strong>excogitarit;</strong></span> <span class='ocrx_word' id='word_1_583' title='bbox 2525 4974 2689 5029; x_wconf 88' lang='lat' dir='ltr'><strong>quam</strong></span> <span class='ocrx_word' id='word_1_584' title='bbox 2728 4959 2945 5014; x_wconf 86' lang='lat' dir='ltr'><strong>abditas</strong></span> <span class='ocrx_word' id='word_1_585' title='bbox 2990 4960 3341 5029; x_wconf 82' lang='lat' dir='ltr'><strong>occultasque</strong></span> <span class='ocrx_word' id='word_1_586' title='bbox 3380 4959 3496 5013; x_wconf 80' lang='lat' dir='ltr'><strong>vias</strong></span> 
     </span>
    </p>
   </div>
   <div class='ocr_carea' id='block_1_83' title="bbox 1925 5050 3493 5122">
    <p class='ocr_par' dir='ltr' id='par_1_83' title="bbox 1925 5050 3493 5122">
     <span class='ocr_line' id='line_1_83' title="bbox 1925 5050 3493 5122; baseline -0.001 -17"><span class='ocrx_word' id='word_1_587' title='bbox 1925 5050 2260 5122; x_wconf 73' lang='lat' dir='ltr'><strong>patefecerit,</strong></span> <span class='ocrx_word' id='word_1_588' title='bbox 2306 5059 2368 5105; x_wconf 89' lang='lat' dir='ltr'><strong>ut</strong></span> <span class='ocrx_word' id='word_1_589' title='bbox 2411 5066 2581 5106; x_wconf 91' lang='lat' dir='ltr'><strong>unum</strong></span> <span class='ocrx_word' id='word_1_590' title='bbox 2636 5052 2804 5107; x_wconf 89' lang='lat' dir='ltr'><strong>totius</strong></span> <span class='ocrx_word' id='word_1_591' title='bbox 2850 5054 3098 5121; x_wconf 90' lang='lat' dir='ltr'><strong>corporis</strong></span> <span class='ocrx_word' id='word_1_592' title='bbox 3144 5062 3493 5115; x_wconf 88' lang='lat' dir='ltr'><strong>concentum,</strong></span> 
     </span>
    </p>
   </div>
   <div class='ocr_carea' id='block_1_84' title="bbox 1925 5144 3499 5217">
    <p class='ocr_par' dir='ltr' id='par_1_84' title="bbox 1925 5144 3499 5217">
     <span class='ocr_line' id='line_1_84' title="bbox 1925 5144 3499 5217; baseline -0.001 -19"><span class='ocrx_word' id='word_1_593' title='bbox 1925 5154 2091 5215; x_wconf 83' lang='lat' dir='ltr'><strong>atque</strong></span> <span class='ocrx_word' id='word_1_594' title='bbox 2128 5144 2500 5211; x_wconf 87' lang='lat' dir='ltr'><strong>concordiam,</strong></span> <span class='ocrx_word' id='word_1_595' title='bbox 2542 5145 2789 5214; x_wconf 87' lang='lat' dir='ltr'><strong>spiritus,</strong></span> <span class='ocrx_word' id='word_1_596' title='bbox 2840 5146 3125 5217; x_wconf 88' lang='lat' dir='ltr'><strong>sanguinis</strong></span> <span class='ocrx_word' id='word_1_597' title='bbox 3162 5145 3380 5208; x_wconf 90' lang='lat' dir='ltr'><strong>ductus,</strong></span> <span class='ocrx_word' id='word_1_598' title='bbox 3414 5151 3499 5196; x_wconf 88' lang='lat' dir='ltr'><strong>at-</strong></span> 
     </span>
    </p>
   </div>
   <div class='ocr_carea' id='block_1_85' title="bbox 1929 5233 3499 5302">
    <p class='ocr_par' dir='ltr' id='par_1_85' title="bbox 1929 5233 3499 5302">
     <span class='ocr_line' id='line_1_85' title="bbox 1929 5233 3499 5302; baseline -0.002 -13"><span class='ocrx_word' id='word_1_599' title='bbox 1929 5235 2252 5290; x_wconf 88' lang='lat' dir='ltr'><strong>tractionem</strong></span> <span class='ocrx_word' id='word_1_600' title='bbox 2303 5235 2518 5298; x_wconf 67' lang='lat' dir='ltr'><strong>animae,</strong></span> <span class='ocrx_word' id='word_1_601' title='bbox 2563 5250 2627 5289; x_wconf 90' lang='lat' dir='ltr'><strong>ac</strong></span> <span class='ocrx_word' id='word_1_602' title='bbox 2666 5235 3029 5302; x_wconf 91' lang='lat' dir='ltr'><strong>domicilium,</strong></span> <span class='ocrx_word' id='word_1_603' title='bbox 3067 5235 3268 5288; x_wconf 88' lang='lat' dir='ltr'><strong>caloris</strong></span> <span class='ocrx_word' id='word_1_604' title='bbox 3314 5233 3499 5287; x_wconf 90' lang='lat' dir='ltr'><strong>sedem</strong></span> 
     </span>
    </p>
   </div>
   <div class='ocr_carea' id='block_1_86' title="bbox 1931 5323 3501 5395">
    <p class='ocr_par' dir='ltr' id='par_1_86' title="bbox 1931 5323 3501 5395">
     <span class='ocr_line' id='line_1_86' title="bbox 1931 5323 3501 5395; baseline -0.003 -15"><span class='ocrx_word' id='word_1_605' title='bbox 1931 5326 1984 5380; x_wconf 90' lang='lat' dir='ltr'><strong>in</strong></span> <span class='ocrx_word' id='word_1_606' title='bbox 2017 5325 2204 5387; x_wconf 88' lang='lat' dir='ltr'><strong>corde,</strong></span> <span class='ocrx_word' id='word_1_607' title='bbox 2238 5332 2559 5395; x_wconf 91' lang='lat' dir='ltr'><strong>perpetuum</strong></span> <span class='ocrx_word' id='word_1_608' title='bbox 2591 5324 2821 5395; x_wconf 89' lang='lat' dir='ltr'><strong>spiritus</strong></span> <span class='ocrx_word' id='word_1_609' title='bbox 2850 5324 2902 5378; x_wconf 91' lang='lat' dir='ltr'><strong>in</strong></span> <span class='ocrx_word' id='word_1_610' title='bbox 2926 5323 3240 5393; x_wconf 68' lang='lat' dir='ltr'><strong>praecordiis</strong></span> <span class='ocrx_word' id='word_1_611' title='bbox 3270 5332 3501 5384; x_wconf 88' lang='lat' dir='ltr'><strong>motum.</strong></span> 
     </span>
    </p>
   </div>
   <div class='ocr_carea' id='block_1_87' title="bbox 1929 5408 3511 5485">
    <p class='ocr_par' dir='ltr' id='par_1_87' title="bbox 1929 5408 3511 5485">
     <span class='ocr_line' id='line_1_87' title="bbox 1929 5408 3511 5485; baseline -0.003 -17"><span class='ocrx_word' id='word_1_612' title='bbox 1929 5423 2093 5485; x_wconf 84' lang='lat' dir='ltr'><strong>atque</strong></span> <span class='ocrx_word' id='word_1_613' title='bbox 2118 5414 2223 5467; x_wconf 85' lang='lat' dir='ltr'><strong>alia</strong></span> <span class='ocrx_word' id='word_1_614' title='bbox 2266 5412 2686 5467; x_wconf 89' lang='lat' dir='ltr'><strong>innumerabilia</strong></span> <span class='ocrx_word' id='word_1_615' title='bbox 2728 5408 3376 5479; x_wconf 70' lang='lat' dir='ltr'><strong>investigaverit),tamen</strong></span> <span class='ocrx_word' id='word_1_616' title='bbox 3409 5424 3511 5463; x_wconf 88' lang='lat' dir='ltr'><strong>ea-</strong></span> 
     </span>
    </p>
   </div>
   <div class='ocr_carea' id='block_1_88' title="bbox 1930 5497 3504 5573">
    <p class='ocr_par' dir='ltr' id='par_1_88' title="bbox 1930 5497 3504 5573">
     <span class='ocr_line' id='line_1_88' title="bbox 1930 5497 3504 5573; baseline -0.006 -15"><span class='ocrx_word' id='word_1_617' title='bbox 1930 5520 2050 5558; x_wconf 89' lang='lat' dir='ltr'><strong>rum</strong></span> <span class='ocrx_word' id='word_1_618' title='bbox 2079 5519 2181 5559; x_wconf 90' lang='lat' dir='ltr'><strong>nos</strong></span> <span class='ocrx_word' id='word_1_619' title='bbox 2213 5504 2457 5557; x_wconf 90' lang='lat' dir='ltr'><strong>omnium</strong></span> <span class='ocrx_word' id='word_1_620' title='bbox 2482 5501 2655 5573; x_wconf 88' lang='lat' dir='ltr'><strong>ignari</strong></span> <span class='ocrx_word' id='word_1_621' title='bbox 2691 5515 2905 5561; x_wconf 79' lang='lat' dir='ltr'><strong>sumus,</strong></span> <span class='ocrx_word' id='word_1_622' title='bbox 2935 5500 3135 5570; x_wconf 86' lang='lat' dir='ltr'><strong>quippe</strong></span> <span class='ocrx_word' id='word_1_623' title='bbox 3161 5497 3254 5566; x_wconf 91' lang='lat' dir='ltr'><strong>qui</strong></span> <span class='ocrx_word' id='word_1_624' title='bbox 3280 5497 3335 5551; x_wconf 90' lang='lat' dir='ltr'><strong>in</strong></span> <span class='ocrx_word' id='word_1_625' title='bbox 3360 5498 3504 5567; x_wconf 86' lang='lat' dir='ltr'><strong>ejus-</strong></span> 
     </span>
    </p>
   </div>
   <div class='ocr_carea' id='block_1_89' title="bbox 1936 5589 3505 5652">
    <p class='ocr_par' dir='ltr' id='par_1_89' title="bbox 1936 5589 3505 5652">
     <span class='ocr_line' id='line_1_89' title="bbox 1936 5589 3505 5652; baseline -0.005 -3"><span class='ocrx_word' id='word_1_626' title='bbox 1936 5596 2084 5649; x_wconf 85' lang='lat' dir='ltr'><strong>modi</strong></span> <span class='ocrx_word' id='word_1_627' title='bbox 2135 5595 2376 5649; x_wconf 88' lang='lat' dir='ltr'><strong>studium</strong></span> <span class='ocrx_word' id='word_1_628' title='bbox 2434 5593 2573 5647; x_wconf 84' lang='lat' dir='ltr'><strong>nihil</strong></span> <span class='ocrx_word' id='word_1_629' title='bbox 2624 5589 3029 5652; x_wconf 86' lang='lat' dir='ltr'><strong>incumbimus,</strong></span> <span class='ocrx_word' id='word_1_630' title='bbox 3094 5603 3197 5643; x_wconf 89' lang='lat' dir='ltr'><strong>nec</strong></span> <span class='ocrx_word' id='word_1_631' title='bbox 3244 5596 3329 5644; x_wconf 89' lang='lat' dir='ltr'><strong>est</strong></span> <span class='ocrx_word' id='word_1_632' title='bbox 3394 5589 3505 5642; x_wconf 76' lang='lat' dir='ltr'><strong>fere</strong></span> 
     </span>
    </p>
   </div>
   <div class='ocr_carea' id='block_1_90' title="bbox 1934 5677 3506 5754">
    <p class='ocr_par' dir='ltr' id='par_1_90' title="bbox 1934 5677 3506 5754">
     <span class='ocr_line' id='line_1_90' title="bbox 1934 5677 3506 5754; baseline -0.001 -22"><span class='ocrx_word' id='word_1_633' title='bbox 1934 5686 2246 5754; x_wconf 79' lang='lat' dir='ltr'><strong>quisquam,</strong></span> <span class='ocrx_word' id='word_1_634' title='bbox 2293 5684 2385 5753; x_wconf 91' lang='lat' dir='ltr'><strong>qui</strong></span> <span class='ocrx_word' id='word_1_635' title='bbox 2422 5682 2564 5737; x_wconf 88' lang='lat' dir='ltr'><strong>scire</strong></span> <span class='ocrx_word' id='word_1_636' title='bbox 2598 5688 2770 5745; x_wconf 89' lang='lat' dir='ltr'><strong>curet,</strong></span> <span class='ocrx_word' id='word_1_637' title='bbox 2816 5678 2948 5748; x_wconf 91' lang='lat' dir='ltr'><strong>quid</strong></span> <span class='ocrx_word' id='word_1_638' title='bbox 2991 5678 3109 5749; x_wconf 86' lang='lat' dir='ltr'><strong>ipse</strong></span> <span class='ocrx_word' id='word_1_639' title='bbox 3145 5677 3235 5734; x_wconf 90' lang='lat' dir='ltr'><strong>sit.</strong></span> <span class='ocrx_word' id='word_1_640' title='bbox 3266 5677 3506 5733; x_wconf 86' lang='lat' dir='ltr'><strong>Facilius</strong></span> 
     </span>
    </p>
   </div>
   <div class='ocr_carea' id='block_1_91' title="bbox 1937 5771 3506 5844">
    <p class='ocr_par' dir='ltr' id='par_1_91' title="bbox 1937 5771 3506 5844">
     <span class='ocr_line' id='line_1_91' title="bbox 1937 5771 3506 5844; baseline -0.002 -16"><span class='ocrx_word' id='word_1_641' title='bbox 1937 5776 2133 5830; x_wconf 81' lang='lat' dir='ltr'><strong>coelum</strong></span> <span class='ocrx_word' id='word_1_642' title='bbox 2185 5788 2345 5844; x_wconf 86' lang='lat' dir='ltr'><strong>quam</strong></span> <span class='ocrx_word' id='word_1_643' title='bbox 2404 5771 2768 5842; x_wconf 79' lang='lat' dir='ltr'><strong>nosmetipsos</strong></span> <span class='ocrx_word' id='word_1_644' title='bbox 2807 5783 3139 5840; x_wconf 81' lang='lat' dir='ltr'><strong>cognoscere</strong></span> <span class='ocrx_word' id='word_1_645' title='bbox 3192 5784 3506 5842; x_wconf 77' lang='lat' dir='ltr'><strong>possumus.</strong></span> 
     </span>
    </p>
   </div>
  </div>
