3890 6396
394 362 498 417 259

1638 352 1688 406 S.
1726 348 2056 407 GRECORII
2090 340 2378 405 NYSSENI

3554 339 3665 395 2‘30

398 482 793 550 Quamobrem,
824 478 967 550 quod
1024 478 1077 531 in
1128 484 1179 530 te
1209 474 1587 529 admirandum
1637 485 1744 538 est,
1786 475 1972 536 homo,

2134 477 2165 541 ή
2201 471 2399 539 γνῶσίς
2453 476 2543 524 σου
2577 470 2634 533 ἐξ
2668 468 2822 537 ἐμοῦ.
2864 488 2881 517 ι
2924 464 3202 541 Κατὰπὴν
3247 464 3440 534 τέχνην
3472 463 3571 535 τήν
3602 465 3666 517 ἐν

398 589 470 629 ne
499 571 916 640 contempseris.
948 568 1161 622 Parvus
1187 574 1242 620 tu
1271 566 1491 636 quidem
1518 581 1597 626 es.
1628 573 1686 618 ut
1709 564 1970 634 opinaris,

401 664 496 721 sed
540 678 782 734 praesens
812 661 989 715 oratio
1028 668 1083 714 te
1115 674 1373 729 magnum
1417 672 1540 713 esse
1584 656 1971 726 deprehendet.

402 756 613 810 Idcirco
660 753 881 822 sapiens
913 748 1107 813 David,
1136 751 1227 819 qui
1261 765 1319 804 se
1350 749 1528 819 ipsum
1570 748 1857 818 diligenter
1884 760 1978 800 ex-

410 850 620 921 plorare
676 850 922 907 noverat,
974 862 993 893 ι
1035 841 1320 905 Mirabilis,
1361 858 1380 891 ι
1421 838 1615 909 inquit,
1662 852 1685 888 ι
1733 837 1871 891 facta
1896 844 1980 892 est

432 936 636 989 cientia
666 943 761 987 tua
793 950 856 987 ex
888 949 990 986 me.
1032 952 1049 983 ι
1090 931 1370 985 Undenam
1399 929 1763 998 cognitionem
1793 929 1871 982 tui
1898 942 1980 980 ra-

413 1028 551 1082 tione
606 1023 839 1078 mirifica
891 1023 1020 1077 licet
1087 1021 1359 1077 inveniri?
1417 1036 1484 1075 ex
1549 1035 1656 1084 me,
1717 1019 1981 1074 Mirabilis

406 1119 547 1171 facta
594 1124 678 1170 est
720 1116 950 1170 srientia
981 1123 1073 1168 tua
1105 1129 1171 1167 ex
1209 1128 1317 1167 me.
1360 1110 1665 1166 Artificium
1705 1111 1985 1181 sapientiae

406 1215 529 1271 tute,
574 1223 685 1277 quo
729 1221 930 1275 corpus
981 1220 1164 1258 mcqu
1205 1211 1582 1259 constructum
1622 1211 1729 1267 est,
1780 1215 1985 1271 cogno-

410 1316 591 1361 scens,
628 1316 692 1353 ex
731 1313 897 1369 parva
927 1297 1136 1351 fabrica
1177 1294 1714 1367 magnumOpilicem
1742 1293 1989 1347 animad-

407 1399 577 1444 verto.
615 1408 632 1440 ι
661 1389 948 1445 Faciamus
981 1388 1253 1443 hominem
1282 1386 1349 1440 ad
1378 1387 1669 1457 imaginem
1699 1391 1753 1439 et
1782 1383 1982 1439 simili-

407 1479 651 1532 tudinem
694 1488 959 1532 nostram.
1001 1496 1019 1529 ι
1044 1474 1263 1540 Paucis,
1294 1473 1387 1528 sed
1434 1473 1566 1528 satis
1593 1478 1778 1541 aperte
1800 1477 1980 1522 tamen

408 1566 841 1622 demonstratum
866 1573 951 1620 est
976 1574 1101 1619 ante
1132 1579 1252 1634 quae
1290 1564 1421 1628 sint,
1458 1570 1512 1616 et
1551 1561 1617 1614 ad
1645 1575 1808 1629 quem
1846 1557 1984 1612 refe-

409 1672 601 1716 rantur
627 1660 741 1714 hmc
770 1659 953 1714 verba.
986 1658 1047 1711 Et
1079 1657 1240 1711 habet
1267 1654 1510 1709 Ecclesia
1536 1653 1602 1707 de
1641 1653 1730 1707 his
1763 1652 1988 1705 demon-

410 1751 723 1814 strationes,
749 1749 857 1803 imo
880 1763 1007 1803 vero
1029 1746 1183 1800 ﬁdem
1209 1744 1370 1798 habet
1397 1742 1544 1796 omni
1561 1740 1987 1795 demonstratio-

412 1858 478 1897 ne
495 1840 810 1895 firmiorem.
853 1858 869 1890 ι
898 1837 1183 1892 Faciamus
1206 1837 1503 1889 hominem.
1542 1853 1560 1885 ι
1598 1832 1736 1887 lline
1763 1832 1991 1902 incipies

410 1938 463 1986 te
484 1932 661 2001 ipsum
695 1945 1047 2001 cognoscere.
1083 1926 1328 1981 Nondum
1358 1927 1410 1980 in
1435 1925 1542 1978 ulla
1571 1924 1851 1977 molitione
1880 1923 1991 1975 haec

413 2039 513 2079 vox
548 2024 752 2092 seripta
806 2029 913 2076 est.
965 2012 1127 2073 Fa‘cta
1174 2018 1276 2073 fuit
1314 2019 1431 2077 lux.
1494 2015 1586 2071 sed
1631 2015 1862 2083 simplici
1900 2012 1989 2066 Dei

412 2114 670 2169 mandato
707 2113 963 2173 dicentis,
1009 2110 1127 2163 Fiat
1161 2111 1272 2163 lux.
1308 2108 1543 2172 (Icelum,
1585 2106 1678 2160 sed
1716 2107 1834 2159 sine
1860 2119 1991 2158 con-

422 2204 717 2257 sultatione
744 2221 755 2255 :
792 2201 983 2265 stellm,
1014 2200 1106 2253 sed
1138 2199 1285 2252 nulla
1316 2200 1592 2267 przccessit
1620 2196 1943 2248 deliberatio
1976 2215 1989 2249 :

2083 565 2222 634 ἐμοὶ,
2258 564 2357 633 ὅσῃ
2405 561 2563 631 σοφία
2617 557 3027 628 κατεσκευάσθη
3058 573 3158 627 μου
3195 556 3256 608 τδ
3291 554 3449 625 σῶμα
3489 571 3665 607 κατα-

2082 658 2300 726 νοήσας,
2335 656 2397 707 ὲκ
2453 652 2546 705 τοῦ
2602 650 2799 723 μικροῦ
2846 649 3038 703 τούτου
3100 647 3664 715 κατασκευάσματος,

2081 744 2171 797 τὸν
2204 744 2374 814 μέγαν
2398 740 2740 811 Δημιουργδν
2767 739 2988 809 ἐνόησα.
3030 757 3048 789 ι
3089 738 3413 807 Ποιήσωμεν
3452 735 3669 805 ἄνθρω-

2084 853 2184 890 πον
2219 835 2337 889 κατ’
2364 835 2545 888 εἰκόνα
2586 832 2861 905 ἡμετέραν
2903 832 2997 885 καὶ
3034 831 3312 901 ὁμοίωσιν.
3353 847 3372 880 ι
3419 826 3668 897 Ἐδείχθη

2086 926 2277 998 πρῴην
2307 927 2363 980 ὲν
2397 924 2749 997 παραδρομῇ,
2781 924 2876 1001 καῖ
2920 921 3234 994 ἀρκούντως
3274 918 3491 989 ἐδείχθη
3522 918 3608 981 τίς
3640 919 3672 970 6

2085 1020 2260 1087 λέγων
2294 1018 2545 1089 καὶπρὸς
2588 1017 2710 1071 τίνα
2742 1019 2771 1069 6
2809 1016 2991 1084 λόγος·
3023 1014 3118 1068 καὶ
3145 1014 3258 1083 ἔχει
3300 1014 3334 1083 ἠ
3366 1011 3671 1082 Ἐκκλησία

2082 1112 2180 1174 τὰς
2210 1112 2338 1181 περὶ
2370 1110 2575 1163 τούτων
2613 1108 2915 1173 ἀποδείξεις
2944 1122 2959 1137 ο
2992 1106 3193 1176 μᾶλλον
3228 1104 3285 1158 δὲ
3315 1104 3430 1173 ἔχει
3458 1104 3669 1165 πίστιν,

2085 1202 2413 1265 ἀποδείξεως
2461 1199 2831 1271 βεϐαιοτέραν.
2864 1216 2882 1248 ι
2921 1198 3249 1266 Ποιήσωμεν
3298 1194 3610 1266 ἄνθρωπον.
3643 1208 3666 1245 ι

2085 1291 2385 1363 Κατάμαθε
2423 1291 2647 1345 σεαυτὸν
2687 1288 2933 1342 ἐντεῦθεν
2979 1285 3316 1359 ἀρξάμενος,
3354 1283 3513 1337 οὔπω
3542 1280 3676 1354 περὶ

2088 1385 2249 1438 ἄλλου
2300 1383 2407 1436 τῶν
2438 1382 2976 1451 κατασκευασμάτων
3009 1379 3148 1450 αὕτη
3181 1382 3214 1449 ἡ
3246 1376 3398 1450 φωνὴ
3423 1378 3675 1448 ἀνάγρα-

2094 1493 2244 1539 πτος.
2280 1475 2397 1536 Φῶς
2456 1476 2691 1541 ἐγένετο,
2722 1475 2815 1527 καὶ
2868 1471 3070 1525 ἁπλοῦν
3127 1471 3475 1542 πρόσταγμα·
3507 1466 3677 1522 Εἶπεν

2091 1567 2119 1619 6
2150 1567 2297 1629 Θεὸς,
2340 1565 2627 1635 Γενηθήτω
2671 1565 2806 1633 φῶς.
2851 1563 3112 1634 Οὐρανὸς,
3148 1563 3242 1615 καὶ
3273 1562 3400 1616 ἄνευ
3430 1560 3625 1629 βουλῆς
3648 1560 3707 1611 6'

2093 1656 2341 1726 οὐρανός.
2367 1656 2682 1724 Φωστῆρες,
2721 1655 2815 1708 καὶ
2855 1654 3007 1706 οὐδὲν
3052 1650 3519 1723 προεϐουλεύσατο
3546 1646 3679 1719 περὶ

2094 1747 2203 1798 τῶν
2247 1748 2567 1814 φωστήρων.
2620 1744 2874 1797 Θάλασσα
2913 1745 3007 1797 καὶ⁵
3038 1744 3249 1812 πελάγη
3299 1743 3525 1813 ἄπειρα,
3581 1739 3680 1793 καὶ

2095 1840 2376 1908 προσταγῇ
2404 1835 2662 1906 παρήχθη
2699 1838 2780 1899 εἱς
2804 1835 2865 1887 τὸ
2895 1831 3055 1889 εἶναι.
3099 1833 3319 1903 ’ἰχθύων
3354 1832 3487 1902 γένη
3540 1848 3678 1883 παν-

2092 1928 2319 1991 τοδαπὰ,
2353 1928 2710 1980 κελευσθέντα
2749 1928 2986 1994 ἐγένετο.
3020 1927 3218 1996 Θηρία,
3254 1926 3348 1977 καὶ¹
3377 1924 3550 1994 κτήνη
3583 1921 3682 1974 καὶ

2093 2018 2161 2071 τὰ
2200 2018 2397 2087 πτηνὰ,
2444 2014 2596 2083 εἶπε,
2631 2018 2724 2070 καὶ
2776 2017 3013 2085 ἐγένετο.
3073 2016 3335 2069 Ἐνταῦθα
3375 2014 3529 2067 οὔπω
3586 2014 3683 2067 ἇν-

2094 2110 2121 2161 0
2130 2128 2329 2179 ρωπος,
2352 2111 2444 2163 καὶ
2472 2110 2634 2179 βουλὴ
2659 2110 2782 2180 περὶ
2808 2109 2903 2160 ἀνθ
2914 2108 3114 2179 ρώπου.
3133 2109 3245 2161 Οὐκ
3268 2104 3421 2161 εἶπεν
3445 2106 3521 2170 ὡς
3544 2123 3614 2159 πε
3625 2106 3679 2176 pi.

2105 2196 2214 2248 τῶν
2238 2197 2433 2260 ἄλλων,
2467 2196 2754 2265 Γενηθήτω
2776 2195 2871 2249 ἄνθ
2881 2212 3081 2265 ρωπος.

415 2295 657 2365 pelagus,
709 2303 872 2363 atque
931 2290 1348 2345 innumerabilia
1389 2288 1561 2343 maria
1603 2288 1935 2357 adjubentis
1967 2304 2154 2343 vocem
2205 2291 2555 2344 exstiterunt.
2590 2288 2790 2343 Eodem
2847 2288 3009 2344 modo
3048 2290 3229 2345 omnia
3292 2290 3523 2361 piscium
3586 2303 3686 2361 ge-

415 2399 567 2446 nera,
600 2383 805 2443 bestia},
846 2393 899 2435 et
926 2390 1062 2442 cete,
1096 2392 1219 2448 qua:
1259 2384 1468 2441 natant,
1528 2390 1757 2445 qumque
1818 2377 2001 2431 volant
2050 2378 2328 2441 animalia,
2371 2377 2464 2431 Dei
2529 2377 2771 2446 iubentis
2810 2377 2975 2432 verbo
3004 2377 3144 2431 facta
3190 2388 3339 2436 sunt.
3381 2376 3481 2432 llic
3541 2393 3689 2433 non-

418 2477 551 2532 dum
594 2483 677 2527 est
708 2473 894 2535 homo,
927 2469 1067 2525 etde
1112 2468 1330 2524 homine
1379 2467 1610 2522 habetur
1656 2468 1973 2521 consilium.
2007 2467 2144 2530 Non,
2180 2477 2236 2523 ut
2280 2470 2402 2523 aliis
2438 2470 2492 2524 in
2525 2470 2688 2524 rebus
2719 2468 2858 2523 dixit
2887 2487 2899 2522 :
2941 2467 3061 2523 Fiat
3095 2468 3278 2524 homo.

491 2565 651 2621 Disce
683 2563 918 2635 pretium
964 2577 1028 2616 ac
1061 2561 1377 2631 dignitatem
1406 2568 1574 2615 tuam.
1608 2560 1723 2614 Non
1761 2560 1993 2629 projecit

418 2657 677 2712 mandato
709 2662 762 2709 et
803 2653 958 2723 jussu
992 2658 1136 2706 tuam
1170 2651 1623 2720 prccreationem,
1669 2651 1763 2705 sed
1806 2652 1991 2705 consi-

418 2748 548 2803 lium
582 2762 645 2800 ac
672 2745 992 2799 deliberatio
1035 2742 1134 2796 fuit
1179 2742 1229 2795 in
1259 2742 1388 2802 Deo,
1430 2743 1705 2811 quomodo
1741 2744 1850 2797 tale
1876 2743 1995 2795 ani-

418 2841 523 2894 mal
559 2838 956 2908 produceretur
988 2836 1041 2887 in
1073 2835 1259 2888 vitam.
1302 2852 1322 2884 ι
1368 2832 1676 2896 Faciamus,
1713 2855 1732 2886 ι
1778 2835 1999 2904 sapiens

419 2928 699 2993 consulit,
761 2925 953 2979 artifex
1021 2924 1335 2978 meditatur.
1401 2916 1609 2993 Ecquid
1672 2925 1827 2979 deest
1896 2924 2000 2979 arti

424 3019 584 3090 ejus?
605 3017 852 3083 Quanam
887 3015 1201 3070 difficultate
1224 3016 1491 3070 adductus
1515 3015 1774 3078 consulit,
1808 3025 1868 3070 ut
1902 3016 1999 3070 ab-

422 3114 659 3169 solutqu
688 3122 739 3163 et
770 3108 1071 3177 perlectum
1099 3107 1547 3176 elaboratumque
1582 3106 1745 3160 faciat
1769 3106 1998 3161 charum

422 3219 562 3274 Opus
624 3199 821 3255 suum?
872 3216 939 3252 an
1004 3208 1061 3252 ut
1117 3199 1372 3254 ostendat
1426 3207 1479 3252 te
1525 3197 1825 3268 perfectum
1877 3213 2001 3253 esse

422 3295 565 3365 apud
603 3292 814 3346 Deum?
859 3290 1004 3344 Duas
1054 3288 1278 3344 adverte
1321 3304 1626 3360 personas;
1661 3304 1848 3356 unam,
1883 3305 2033 3358 quae.

424 3388 712 3456 loquitur:
754 3383 1006 3442 alteram,
1046 3379 1113 3434 ad
1153 3395 1317 3450 quam
1362 3379 1614 3449 dirigitur
1651 3380 1847 3434 oratio.
1892 3380 2007 3435 Cur

426 3484 607 3529 autem
656 3487 764 3526 non
795 3470 954 3536 dixit,
981 3467 1189 3527 Facito.
1246 3467 1648 3533 sed,Faciamus
1689 3469 2006 3524 hominem?

428 3574 490 3620 ut
521 3563 836 3633 imperium,
872 3575 935 3615 ac
961 3560 1301 3614 dominatum
1340 3558 1671 3628 iutelligercs
1700 3578 1712 3613 :
1745 3575 1813 3615 ne
1845 3562 2007 3617 Patre

425 3656 668 3725 cognito,
693 3650 889 3705 Filium
927 3652 1231 3721 ignorares,
1270 3657 1331 3703 ut
1363 3650 1534 3704 scires
1560 3649 1775 3705 Patrem
1811 3650 2006 3706 fecisse

429 3762 523 3812 per
564 3744 787 3806 Filium,
847 3750 901 3799 et
952 3743 1150 3795 Filium
1186 3752 1409 3811 paterna
1436 3758 1651 3798 creasse
1701 3743 2005 3803 voluntate.

428 3838 787 3906 laudaresque
812 3833 1029 3888 Patrem
1085 3834 1138 3886 in
1168 3833 1327 3899 Filio,
1380 3843 1433 3888 et
1469 3832 1665 3887 Filium
1708 3835 1762 3888 in
1801 3836 2007 3905 Spiritu

428 3938 641 3986 sancto.
690 3928 992 3981 Commune
1035 3941 1226 3980 eorum
1265 3941 1406 3995 opus
1441 3927 1719 3990 exstitisti,
1753 3937 1812 3982 ut
1863 3929 2010 3998 ipsos

429 4026 640 4089 pariter
663 4018 859 4071 adores
889 4027 943 4070 et
971 4016 1144 4081 colas,
1169 4032 1234 4070 ne
1257 4017 1663 4072 venerationem
1691 4019 2010 4089 cultumque

431 4109 667 4170 dividas,
719 4123 843 4161 cum
888 4107 1104 4160 unicam
1150 4121 1273 4161 esse
1320 4106 1663 4162 divinitatem
1710 4109 2008 4180 intelligas.

432 4196 573 4254 Vide
600 4200 883 4253 historiam
925 4215 989 4252 ex
1038 4197 1228 4268 figura,
1256 4208 1309 4252 et
1355 4198 1680 4268 theologiam
1723 4215 1788 4255 ex
1810 4202 1884 4258 vi.
1905 4223 1922 4255 ι
1946 4196 2013 4256 Et

434 4294 565 4349 fecit
594 4289 1045 4346 Deushominem.
1059 4310 1150 4342 ›-‹
1164 4291 1464 4360 Faciamus,
1483 4295 1700 4363 linquit,
1714 4306 1767 4350 et
1786 4295 2007 4352 fecitzne

2168 2561 2465 2630 Κατάμαθε
2510 2561 2739 2615 σεαυτοῦ
2777 2561 2838 2615 τὸ
2865 2563 3062 2632 τίμιον.
3089 2564 3164 2615 Οὐ
3210 2564 3545 2637 προσέρρηξε
3590 2581 3683 2618 σου

2097 2654 2194 2722 τὴν
2242 2653 2457 2719 γένεσιν
2497 2654 2903 2724 προστάγματι,
2936 2654 3074 2707 ἀλλὰ
3108 2653 3489 2726 βουλευτήριον
3524 2658 3582 2709 ὲν
3608 2655 3687 2725 τῷ

2099 2742 2237 2813 Θεῷ,
2273 2744 2392 2806 πῶς
2425 2743 2606 2813 μέλλει
2640 2742 2700 2795 τὸ
2728 2744 2909 2813 τίμιον
2952 2744 3092 2808 ζῶον
3129 2746 3210 2807 είς
3239 2744 3332 2798 τὸν
3371 2745 3486 2815 βίον
3516 2748 3692 2817 παρά-

2101 2835 2312 2902 γεσθαι.
2347 2853 2365 2885 ι
2397 2836 2746 2904 Ποιήσωμεν,
2782 2852 2799 2884 ι
2838 2836 2866 2886 6
2907 2835 3065 2903 σοφὸς
3095 2834 3423 2905 βουλεύεται,
3451 2839 3480 2889 ό
3509 2838 3689 2906 τεχνὶ-

2106 2943 2205 2994 της
2238 2926 2550 2995 ἐνθυμεῖται
2572 2942 2583 2953 ’
2626 2922 2734 2995 ἆρα
2772 2925 2945 2977 λείπει
2978 2925 3142 2979 αὑτοῦ
3171 2929 3236 2996 τῇ
3268 2926 3453 2998 τέχνῃ,
3490 2928 3586 2981 καὶ
3625 2930 3689 2979 ἑκ

2108 3017 2206 3086 τῆς
2237 3017 2506 3085 μερίμνης
2539 3015 2786 3085 βούλεται
2814 3017 3220 3086 ἁπηρτισμένον
3247 3018 3341 3069 καὶ
3368 3018 3574 3069 τέλειον
3595 3017 3690 3070 καὶ

2112 3107 2489 3177 ήκριϐωμένον
2530 3105 2694 3159 αὑτοῦ
2740 3106 2965 3174 ποιήσαι
2999 3107 3061 3160 τὸ
3095 3098 3559 3179 φιλοτέχνημα;ἥ
3600 3109 3688 3161 ἵνα

2105 3215 2186 3250 σοι
2213 3198 2361 3270 δείξῃ
2393 3198 2475 3250 ὅτι
2504 3198 2707 3261 τέλειος
2737 3192 2787 3249 εἶ
2825 3197 2975 3268 παρὰ
3018 3198 3137 3267 Θεῷ
3168 3214 3182 3263 ;
3216 3200 3458 3269 Ἐμαθες
3487 3201 3572 3253 ὅτι
3596 3199 3691 3254 δύο

2104 3289 2393 3357 πρόσωπα,
2436 3289 2465 3340 6
2493 3287 2688 3355 λέγων,
2721 3286 2814 3340 καὶ
2844 3288 2980 3358 πρὸς
3013 3288 3071 3341 ὃν
3099 3292 3128 3342 ὁ
3154 3288 3330 3357 λόγος.
3372 3290 3473 3343 Διὰ
3515 3291 3569 3343 τί
3592 3292 3694 3345 οὑκ

2104 3378 2221 3434 εἷπε
2242 3421 2256 3444 ,
2284 3381 2518 3449 Ποίησον
2536 3419 2551 3442 ,
2581 3378 2715 3432 ἀλλὰ
2753 3380 3073 3449 Ποιήσωμεν
3103 3379 3415 3450 ἄνθρωπονς
3440 3381 3529 3435 ἴνα
3567 3376 3694 3453 νοή-

2105 3490 2204 3543 σῃς
2227 3473 2325 3543 τὴν
2344 3472 2681 3534 δεσποτείαν,
2704 3472 2792 3525 ἴνα
2818 3470 2893 3542 μὴ
2914 3470 3005 3523 τὸν
3032 3472 3255 3542 Πατέρα
3283 3470 3689 3541 ἐπιγινώσκων,

2104 3567 2197 3618 τὸν
2233 3566 2360 3618 rev
2404 3567 2644 3635 ἀγνοῇςο
2698 3565 2784 3617 ἴνα
2828 3565 2973 3634 εἰδῇς
3005 3566 3085 3617 ὅτι
3128 3564 3317 3635 Πατὴρ
3348 3564 3573 3635 ἐποίησε
3603 3556 3728 3620 οιά’

2109 3657 2240 3709 Υίοῦ
2266 3699 2280 3720 ,
2330 3658 2423 3711 καὶ
2479 3658 2607 3720 Υίὸς
2652 3657 2905 3708 ὲκτίσατο
2951 3654 3188 3726 πατρὼῳ
3233 3655 3537 3724 θελήματι·
3598 3659 3693 3711 καὶ

2106 3748 2336 3818 δοξάσῃς
2365 3747 2585 3817 Πατέρα
2605 3749 2662 3799 ἐν
2696 3745 2831 3815 Υίῷ,
2865 3746 2959 3798 καὶ
2986 3744 3111 3798 Υἰὺν
3139 3747 3197 3797 ὲν
3225 3744 3499 3815 Πνεύματι
3528 3747 3691 3817 ἁγίῳ.

2109 3840 2264 3892 Οὕτω
2292 3837 2470 3891 κοινὸν
2499 3836 2727 3905 γέγονας
2765 3835 2947 3905 ἔργον,
2987 3834 3073 3886 ἴνα
3105 3833 3282 3897 κοινὸς
3310 3836 3693 3907 προσκυνητὴς

2110 3930 2436 4001 ἀμφοτέρων
2469 3924 2536 4001 ᾗς
2560 3968 2574 3991 ,
2625 3928 2699 3998 μὴ
2748 3927 2946 3997 σχίζων
2975 3925 3072 3997 τὴν
3104 3924 3505 3996 προσκύνησιν,
3557 3927 3695 3980 ἀλλᾶ

2112 4025 2247 4077 ὲνῶν
2271 4024 2371 4093 τὴν
2400 4021 2651 4091 θεότητα.
2688 4020 2829 4091 ’Ὀρα
2858 4019 3100 4089 ἱστορίαν
3145 4020 3243 4090 μὲν
3273 4020 3533 4088 σχήματι,
3580 4019 3696 4073 θεο-

2112 4118 2297 4184 λογίαν
2340 4115 2398 4168 δὲ
2444 4114 2691 4183 δυνάμει.
2753 4112 2859 4166 Kal
2899 4112 3192 4178 ἐποίησεν
3223 4115 3255 4165 o’
3282 4113 3427 4178 Θεὸς
3459 4113 3566 4165 τὸν
3593 4112 3697 4165 ἆν-

2114 4211 2366 4275 θρωπον.
2412 4206 2793 4273 Ποιήσωμεν,
2835 4204 2944 4255 Καὶ
2969 4203 3070 4255 οὐκ
3094 4199 3237 4267 εἶπε,
3264 4204 3376 4257 Καὶ
3405 4203 3695 4273 ἐποίησαν,

2115 4302 2201 4353 ἵνα
2231 4300 2304 4371 μὴ
2328 4300 2617 4361 πλυθεῖας
2644 4297 2814 4369 λάϐῃς
2847 4296 3120 4368 ἀφορμάς.
3172 4296 3237 4349 Εί
3264 4294 3372 4366 γὰρ
3400 4294 3697 4364 πληθυντιυ

436 4387 791 4456 multiplicem
835 4386 1070 4441 Deorum
1118 4401 1403 4441 numerum
1454 4385 1729 4442 crederes.
1767 4385 1825 4441 Si
1859 4386 1998 4441 enim

2113 4392 2208 4445 κδν
2237 4388 2577 4460 παρεισήχθη
2623 4389 2683 4441 τὺ
2717 4388 3008 4458 πρόσωπον
3027 4427 3041 4449 ,
3085 4386 3324 4454 ἀφειδεῖς
3353 4385 3419 4438 ἂν
3448 4387 3699 4454 ἐγένοντο

437 4481 623 4550 plures
654 4478 847 4534 fecisse
876 4479 1211 4542 dicerentur,
1245 4479 1438 4533 adduci
1476 4487 1701 4548 possent
1731 4478 2000 4543 homines,

404 4579 498 4633 ,ιιι
518 4571 710 4639 plures
743 4571 846 4626 sibi
880 4570 1016 4626 Deos
1046 4572 1435 4641 confingerent.
1466 4571 1624 4625 Nunc
1657 4580 1836 4627 autem
1867 4572 2006 4626 scri-

438 4668 589 4729 ptum
615 4670 698 4714 est
742 4661 1178 4727 «Faciamusnut
1215 4676 1518 4732 cognoscas
1549 4661 1788 4723 Patrem,
1822 4671 1875 4715 et
1912 4660 2006 4714 Fi-

442 4750 595 4811 lium,
626 4756 681 4802 et
712 4749 972 4819 Spiritum
1003 4760 1251 4807 sanctum
1294 4761 1402 4818 :et,
1423 4771 1442 4803 ι
1479 4751 1629 4806 Fecit
1659 4752 1801 4808 Deus
1834 4753 2008 4805 homi-

441 4856 563 4894 nem
592 4852 713 4893 ειυι
748 4841 1084 4897 divinitatem
1115 4845 1441 4913 coniungas,
1481 4853 1643 4913 atque
1688 4858 1851 4896 unam
1887 4859 2010 4897 esse

440 4932 585 4987 scias
625 4950 638 4986 :
688 4949 850 4987 unam
902 4934 1046 4999 dico,
1091 4952 1198 4990 non
1240 4937 1449 4990 unitate
1486 4950 1865 5005 personarum,
1912 4935 2006 4990 sed

439 5028 757 5093 potestate:
809 5031 868 5076 ut
898 5038 1022 5077 cum
1070 5026 1134 5078 ad
1179 5024 1516 5079 adorandum
1549 5024 1786 5086 accedis,
1836 5022 2007 5077 Deum

440 5130 608 5170 unum
641 5115 832 5169 laudes
854 5124 906 5169 et
931 5115 1101 5177 colas,
1135 5129 1233 5169 nec
1262 5115 1315 5167 in
1350 5113 1584 5168 Deorum
1606 5113 2009 5167 multitudinem

439 5207 790 5261 distraharis.
844 5204 962 5259 Non
1009 5206 1190 5259 dixit:
1243 5204 1514 5259 Fecerunt
1560 5205 1835 5259 hominem
1888 5203 2005 5258 Dei.

442 5296 548 5350 Sed
580 5304 949 5361 :tFecitDeus
963 5297 1531 5367 bomiuenmi’ropria
1561 5306 1644 5347 est
1674 5295 2009 5365 hypostasis,

440 5403 535 5440 seu
571 5402 804 5455 persona
835 5386 1036 5450 Patris,
1078 5386 1297 5455 propria
1328 5383 1470 5446 Filii,
1522 5386 1737 5454 propria
1775 5386 2013 5456 Spiritus

441 5478 637 5530 sancti.
673 5477 784 5532 Cur
808 5477 971 5545 igitur
1002 5492 1106 5530 non
1134 5484 1242 5528 tres
1273 5473 1411 5528 Dei?
1442 5476 1568 5543 quia
1598 5493 1701 5530 una
1733 5477 2012 5532 divinitas.

442 5566 617 5627 Quam
670 5569 817 5620 enim
866 5568 919 5620 in
955 5565 1115 5620 Patre
1148 5568 1331 5619 cernis
1369 5569 1732 5631 divinitatem,
1765 5568 2011 5624 eamdem

440 5653 625 5708 cernis
659 5671 713 5710 tn
739 5650 895 5709 Filio.
917 5656 981 5707 Et
1011 5672 1171 5724 quam
1198 5657 1248 5711 in
1276 5650 1431 5721 Filio,
1455 5657 1701 5713 eamdem
1733 5659 1785 5711 in
1806 5657 2010 5727 Spiritu

444 5753 657 5817 sancto.
688 5746 958 5814 Quoniam
987 5764 1091 5801 una
1132 5749 1184 5802 iu
1221 5756 1455 5819 utroque
1491 5751 1685 5814 forma,
1721 5759 1774 5805 et
1810 5752 2012 5818 princi-

2110 4481 2162 4533 οἱ
2190 4479 2489 4551 ἄνθρωποι,
2523 4477 2695 4532 πολλὰ
2729 4477 2905 4548 πλήθη
2945 4477 3095 4529 Θεῶν
3135 4477 3345 4539 ἑαυτοῖς
3389 4477 3699 4547 ἐπισωρεύ-

2111 4560 2278 4636 οντες.
2299 4547 2308 4551 ﬂ
2333 4572 2448 4625 Νῦν
2479 4569 2575 4638 μέν
2604 4586 2705 4631 τοι,
2752 4547 3124 4637 Ποιήσωμεν,
3159 4570 3245 4620 ἵνα
3274 4568 3549 4640 γνωρίσῃς
3580 4569 3698 4623 lla-
3726 4547 3731 4553 ’

2113 4664 2245 4733 τέρα
2276 4662 2371 4715 καὶ
2398 4661 2525 4713 Υἱὺν
2555 4660 2646 4713 καὶ
2680 4660 2902 4729 Πνεῦμα
2930 4659 3465 4726 ἆγιον.·-Ἔποΐησεν
3489 4664 3523 4712 ὀ
3552 4661 3699 4725 Θεὸς

2114 4752 2221 4805 τὸν
2248 4750 2583 4816 ἄνθρωπον,
2631 4750 2716 4801 ἵνα
2741 4746 2947 4818 ἐνώσῃς
2976 4746 3075 4817 τὴν
3111 4746 3362 4817 θεότητα,
3405 4747 3614 4819 ἑνώσῃς
3642 4749 3699 4802 δὲ

2116 4842 2177 4894 οὺ
2204 4842 2300 4903 τὰς
2336 4839 2679 4902 ὑποστάσεις,
2715 4838 2850 4892 ἀλλὰ
2878 4841 2943 4907 τῇ
2971 4838 3220 4907 δυνάμει,
3255 4837 3341 4891 ἵνα
3378 4838 3508 4909 μίαν
3538 4838 3698 4903 δόξαν

2117 4933 2246 5005 ἔχῃς
2270 4931 2343 5003 μὴ
2371 4930 2728 5001 μεριζόμενος
2753 4946 2817 4982 πε
2828 4930 2879 5000 ρὶ
2897 4929 2997 5000 τὴν
3022 4929 3411 5001 προσκύνησιν,
3444 4930 3516 5000 μὴ
3546 4936 3696 5002 μερι-

2122 5022 2348 5092 ζόμενος
2379 5022 2458 5080 είς
2485 5012 2795 5074 πολυθεῖαν.
2829 5020 2944 5072 Οὐκ
2970 5014 3143 5083 εἶπεν,
3188 5021 3480 5090 Ἐποίησαν
3509 5023 3559 5074 οἱ
3587 5022 3698 5075 Θεοὶ

2117 5116 2206 5167 τὸν
2221 5113 2315 5168 ἄνθ
2324 5112 2667 5185 ρωπον,άλλ’,
2679 5134 2698 5163 ε
2722 5114 3006 5182 Ἐποίησεν
3018 5114 3047 5165 6
3061 5112 3209 5175 Θεός.
3226 5131 3244 5163 ›
3264 5113 3389 5166 ’ἰδία
3403 5115 3698 5179 ὑπόστασις

2116 5202 2346 5273 Πατρὺς,
2365 5204 2458 5256 καὶ
2484 5203 2587 5255 ίδία
2605 5202 2756 5265 Υἰοῦ,
2777 5203 2870 5255 καὶ
2898 5201 3001 5255 ίδία
3014 5201 3329 5272 Πνεύματος
3342 5203 3517 5269 ἁγίου.
3535 5203 3635 5255 Διά
3650 5203 3698 5254 τί

2116 5292 2207 5348 οὖν
2230 5297 2287 5347 οὐ
2309 5299 2454 5364 τρεῖς
2479 5313 2492 5357 ;
2521 5296 2603 5348 ὄτι
2635 5296 2733 5364 μία
2749 5295 2957 5365 θεότης.
2988 5295 3089 5348 Ἦν
3112 5295 3218 5362 γὰρ
3246 5294 3426 5364 βλέπω
3447 5295 3503 5346 ἐν
3526 5296 3703 5366 Πατρὶ

2120 5388 2381 5456 θεότηταξ
2417 5386 2619 5456 ταύτην
2664 5388 2759 5440 καὶ
2804 5388 2862 5439 ὲν
2908 5385 3046 5455 Υἱῷ·
3095 5387 3188 5440 καὶ
3233 5387 3298 5456 ἦν
3330 5389 3387 5438 ὲν
3419 5387 3701 5457 Πνεύματι

2120 5475 2280 5544 ἁγίῳ,
2326 5474 2526 5544 ταύτην
2575 5476 2668 5527 καὶ
2711 5479 2767 5527 ἐν
2810 5476 2944 5546 Υίῷ,
2978 5475 3115 5529 διότι
3148 5475 3328 5547 μορφὴ
3363 5478 3423 5528 ὲν
3455 5478 3699 5549 ἐκατέρῳ

2129 5567 2243 5636 μία.
2290 5567 2401 5619 Καὶ
2435 5568 2575 5638 ἁρχὴ
2621 5569 2729 5620 ἀπὸ
2759 5569 2971 5639 Πατρὸς
3000 5570 3058 5620 ὲν
3090 5567 3203 5637 Υἱῷ
3228 5570 3261 5637 ἡ
3295 5567 3453 5638 αὑτὴ,
3490 5569 3587 5622 καὶ
3613 5569 3695 5623 διὰ

2120 5656 2281 5709 τοῦτο
2310 5659 2400 5710 καὶ
2428 5658 2556 5728 παρ’
2591 5661 2721 5728 ἡμῖν
2750 5659 3119 5731 προσκύνησις
3150 5660 3243 5713 καὶ
3277 5659 3554 5728 δοξολογία
3583 5663 3701 5730 μία.

2124 5751 2411 5819 Προοίμιον
2438 5754 2532 5821 τῆς
2558 5752 2830 5821 ἡμετέρας
2857 5753 3141 5820 γενέσεως,
3170 5750 3415 5819 θεολογία
3450 5753 3695 5824 ἀληθινή.
