3890 6358
225 338 324 401 εει

986 337 1049 391 IN
1088 336 1339 400 VERBA,
1385 335 1763 389 l"ALl.l.lfl'S
1809 342 1821 389 Α

1925 335 2197 391 ἰΗΛῊΜ.
2240 334 2418 399 l'l'i'C.,
2458 334 2667 390 ΟΙὶᾹΤ.
2714 335 2752 387 l.

3384 338 3495 395 ἰ(ἷῖ

233 477 250 506 ι
276 454 571 526 Ποιήσωμε
586 472 605 505 ι
634 452 924 523 ἄνθρωπον
984 468 1087 503 κατ
1104 452 1117 471 ’
1137 451 1319 503 εἰκόνα
1341 452 1435 504 καί
1455 450 1558 504 καθ
1577 452 1590 469 ‘
1612 453 1811 521 ὁμοίω-

1929 455 2076 523 pimn
2111 468 2138 504 a
2170 453 2328 505 Patre
2358 454 2409 506 in
2446 452 2584 505 Filio
2615 453 2753 504 idem
2795 456 2901 515 est,
2941 450 3147 504 idcirco
3174 468 3313 507 unus
3345 458 3488 525 apud

232 539 1005 614 σινήμετέραν.›Κατέἰκόνα
1031 540 1165 593 Θεοῦ
1206 542 1524 613 γεγόναμεν.
1570 542 1693 605 Πῶς
1720 537 1811 595 οῦν

233 638 349 691 κατ’
379 636 566 688 εἰκόνα
614 634 787 696 Θεοῦ;
831 631 1296 702 Ἀποκαθάρωμεν
1347 634 1571 704 καρδίαν
1619 634 1814 686 ἰδιωτι-

234 728 355 797 κὴν,
387 725 661 795 πρόληψιν
689 725 1032 790 ἀπαίδευτον,
1077 725 1307 795 ἀμαθεῖς
1341 726 1467 796 περί
1515 725 1650 778 Θεοῦ
1684 726 1815 779 ὑπο-

233 818 442 890 λήψεις.

1917 560 2017 599 nos
2048 546 2333 612 utriusque
2359 543 2561 603 cultus,
2596 548 2650 595 et
2683 541 2870 595 eadem
2905 542 3255 597 collaudatio.
3283 543 3494 599 Nostra!

1917 637 2314 706 procreationis
2342 634 2631 688 exordium
2666 648 2848 687 veram
2875 634 3116 687 continet
3142 634 3490 706 theologiam.

1913 719 2519 778 «Faciamushominem
2536 720 2603 776 ad
2625 725 2912 794 imaginem
2946 736 3208 779 nostram.
3226 725 3332 779 »Λᾶ
3356 728 3495 780 ima-

1919 816 2101 886 ginem
2132 815 2228 868 Dei
2256 813 2384 867 facti
2411 830 2621 869 sumus.
2654 815 2900 880 Quonam
2924 816 3087 871 modo
3110 817 3175 870 ad
3200 817 3494 888 imaginem

233 910 387 979 ejus?
419 909 649 963 Animos
691 923 721 963 a
761 908 1099 978 vulgaribus,
1133 918 1186 962 et
1234 908 1522 977 imperitis,
1560 924 1623 961 ac
1655 911 1837 963 stultis
1883 908 1989 961 illis
2033 907 2099 960 de
2140 904 2246 957 Deo
2280 906 2625 973 opinionibus
2654 906 2956 975 cxpiemus.

303 1003 369 1054 Εἰ
394 1004 516 1055 κατ’
546 1001 729 1054 εἰκόνα
755 999 889 1053 Θεοῦ
952 1002 1273 1070 γεγόναμεν,
1307 1001 1460 1070 φησὶ,
1497 1001 1817 1070 σύμμορςος

234 1096 366 1165 ἡμῖν
398 1096 544 1147 ἐστιν
568 1095 597 1145 ὁ
630 1093 760 1155 Θεός
780 1110 792 1122 ·
828 1093 1093 1162 ὀφθαλμοὶ
1120 1094 1246 1163 περὶ
1269 1092 1399 1145 Θεὸν
1429 1092 1523 1144 καὶ
1557 1086 1691 1153 ὦτα,
1726 1109 1816 1143 κε-

234 1185 401 1254 φαλὴ,
430 1186 630 1254 χεῖρες,
669 1182 836 1252 ἰσχίον
863 1184 947 1251 ἐφ’
977 1176 1037 1236 οὗ
1065 1183 1271 1254 ἵδρυται
1293 1202 1305 1213 ο
1354 1182 1592 1250 (λέγεται
1622 1182 1728 1253 γὰρ
1760 1184 1815 1235 ἐν

232 1278 298 1345 τῇ
342 1274 533 1345 Γραφῇ
578 1277 607 1327 ό
651 1273 783 1337 Θεὸς
827 1274 1201 1350 καθέζεσθαι·)
1237 1274 1394 1336 πόδες
1432 1274 1497 1327 δι’
1539 1268 1612 1327 ὦν
1657 1292 1811 1344 περι-

235 1367 428 1417 πατεῖ·
468 1363 676 1417 Οὐκοῦν
704 1366 941 1428 τοιοῦτος
993 1367 1022 1418 ό
1064 1363 1234 1427 Θεός;
1274 1364 1673 1416 ’Λποσκεύασον
1714 1366 1812 1429 τῆς

234 1456 462 1526 καρδία,
509 1455 867 1525 φαντάσματα
921 1455 1165 1527 ἀπρεπῆ.
1233 1456 1501 1510 Ἐκϐαλλε
1559 1456 1665 1508 ἀπὸ
1719 1456 1810 1508 σοῦ

220 1546 473 1600 διάνοιαν
499 1546 919 1617 ἀφαρμόζουσαν
940 1546 1018 1617 τῷ
1052 1546 1267 1617 μεγέθει
1291 1545 1385 1599 τοῦ
1416 1546 1571 1599 Θεοῦ.
1615 1547 1810 1617 ’Λσχη-

1996 998 2049 1053 Si
2085 999 2150 1052 ad
2206 998 2494 1067 imaginem
2546 995 2662 1063 Dei,
2700 997 2876 1066 inquit
2928 998 3042 1063 ille,
3091 998 3223 1053 facti
3273 1016 3489 1064 sumus,

1919 1091 2149 1144 formam
2192 1090 2333 1145 Deus
2365 1098 2569 1144 nostra:
2611 1090 2845 1145 similem
2887 1091 3306 1157 habet:oculis,
3344 1094 3493 1147 auri-

1918 1183 2040 1243 bus,
2088 1183 2288 1251 capite,
2337 1182 2589 1235 manibus
2640 1181 2901 1251 prwditus
2952 1190 3058 1248 est,
3113 1199 3491 1255 curarumque

1917 1275 2207 1334 vertebris,
2232 1275 2435 1343 quibus
2466 1274 2690 1327 fulcitur
2713 1282 2766 1329 et
2798 1274 3018 1339 insidet,
3041 1278 3488 1348 quandoquidem

1917 1364 2107 1419 sedere
2143 1365 2316 1418 Deum
2367 1366 2653 1435 Scriptura
2688 1366 2852 1419 tradit
2875 1367 2919 1397 θ’
2942 1370 3019 1419 ":
3060 1368 3285 1436 pedibus
3334 1370 3487 1436 item,

1918 1456 2118 1527 quibus
2161 1456 2387 1509 incedit.
2419 1455 2641 1510 Talisne
2670 1456 2836 1525 igitur
2864 1455 3055 1511 Dens?
3107 1456 3387 1512 Recedant
3419 1460 3488 1515 ab

1917 1550 2099 1601 animo
2121 1556 2215 1601 tuo
2239 1549 2496 1603 absurdm
2525 1548 2836 1618 opiniones.
2856 1549 3047 1615 Abjiee
3074 1552 3485 1620 cogitationem,

236 1638 499 1708 μάτιστος
542 1639 571 1690 ό
623 1637 774 1701 Θεὸς,
824 1637 1047 1701 ἁπλοῦς,
1096 1638 1393 1709 ἀμεγέθης,
1442 1637 1681 1701 ἀποσος’
1738 1639 1811 1707 μὴ

1925 1640 2041 1698 qua:
2058 1629 2147 1686 Dei
2169 1617 2599 1702 magnitudinem
2616 1635 2911 1690 imminuit.
2930 1636 3134 1706 Figura
3150 1617 3309 1691 vacat
3327 1617 3497 1703 Deus,

234 1729 551 1800 φαντασθῇς
585 1729 797 1800 μορφὴν
843 1730 969 1801 περί
1001 1730 1163 1783 αὐτόν
1192 1748 1207 1763 ·
1260 1733 1334 1801 μὴ
1368 1733 1814 1804 κατασμικρύνῃς

246 1819 557 1884 Ἰουδαϊκῶς
588 1821 679 1873 τὸν
714 1821 886 1891 μέγαν
917 1838 930 1851 ο
988 1821 1062 1891 μὴ
1098 1822 1396 1893 περιλάϐῃς
1426 1822 1513 1874 τὸν
1546 1823 1677 1875 Θεὸν
1714 1841 1816 1876 σω-

238 1915 495 1982 ματικαῖς
528 1913 776 1978 ἐννοίαις,
810 1914 883 1982 μὴ
918 1914 1263 1985 περιγράῲῃς
1301 1914 1459 1967 αὑτὸν
1491 1914 1566 1985 τῷ
1601 1915 1679 1985 σῷ
1718 1916 1811 1985 νῷ.

249 2004 641 2074 Ἀπερίληπτός
667 2006 782 2056 ἐστι
826 2005 902 2074 τῷ
930 2006 1147 2074 μεγέθει
1182 2021 1195 2033 ⁸
1241 2007 1571 2076 κατανόησον
1597 2008 1687 2059 τὸν
1719 2009 1814 2077 μὲο

235 2111 365 2161 γαν,
414 2096 506 2147 καὶ
545 2093 624 2164 τῷ
672 2095 891 2165 μεγάλῳ
940 2095 1174 2167 πρόσθες
1221 2097 1400 2149 πλεῖον
1435 2098 1527 2149 τοῦ
1558 2099 1813 2168 νενοημέο

235 2203 351 2250 νου,
386 2187 479 2239 καὶ
510 2186 588 2256 τῷ
634 2185 836 2238 πλείονι
878 2186 938 2239 τὸ
985 2187 1186 2251 ⁸πλεῖον,
1221 2190 1313 2241 καὶ
1341 2188 1432 2241 τὸν
1474 2190 1699 2242 σεαυτοῦ
1726 2189 1815 2244 λο-

238 2277 438 2347 γισμὸν
484 2281 703 2339 πεῖσον,
757 2278 837 2330 ὅτι
886 2277 991 2330 τῶν
1037 2278 1359 2349 ἀπεράντων
1409 2281 1509 2332 οὐκ
1553 2278 1814 2348 ἐφίξεται.

238 2366 438 2435 Σχῆμα
484 2366 559 2435 μὴ
601 2366 797 2436 νοήσῃς
826 2383 838 2395 ’
900 2365 1007 2418 ἀπὸ
1056 2365 1334 2435 δυνάμεως
1389 2366 1521 2429 Θεὸς
1577 2370 1815 2420 νοεῖταιθ

239 2460 522 2529 έπλῖτητα
586 2457 801 2525 φύσεως
834 2474 847 2487 ο
901 2456 1129 2527 μέγεθος
1163 2457 1346 2510 πόσον.
1383 2457 1664 2525 Πανταχτιῦ
1705 2461 1817 2510 ἐστι

245 2550 341 2603 καὶ
368 2548 508 2620 ὑπὲρ
535 2549 594 2601 τὸ
621 2551 728 2602 πᾶν
771 2548 1104 2619 περισσεύει,
1146 2550 1241 2601 καί¹
1285 2548 1428 2602 ἔστιν
1469 2550 1632 2618 ἁφαῖς
1665 2551 1817 2619 ἀόρι-

246 2657 391 2705 στον,
428 2641 563 2711 ὅπερ
590 2641 689 2711 τὴν
731 2640 828 2710 σὴν
862 2642 1125 2692 ἐκπῖπτον
1156 2638 1478 2709 κατάληψιν,
1507 2638 1629 2691 οὔτε
1659 2640 1821 2709 μεγέ-

242 2731 328 2785 θει
354 2730 741 2801 περιορίζεται,
769 2729 889 2782 οὔτε
922 2730 1159 2799 σχήματι
1191 2728 1673 2800 περιλαμϐάνεται,
1698 2729 1820 2783 οὔτε

240 2822 467 2891 δυνάμει
513 2822 895 2891 ὲκμετρεῖται,
951 2819 1073 2874 οὔτε
1113 2820 1324 2891 χρόνοις
1381 2823 1817 2892 περισφίγγεται,

241 2914 370 2965 οὔτε
421 2914 650 2981 πέρασιν
692 2910 952 2980 ὁρίζεται.
1009 2910 1173 2964 Οὐδέν
1215 2910 1330 2963 ὲστι
1375 2912 1503 2981 περὶ
1548 2911 1679 2963 Θεὸν
1707 2903 1820 2964 οἷον
1850 2946 1890 3000 C

242 3005 377 3075 τπρί
408 3005 571 3074 ἡμᾶς.
603 3003 729 3066 Πῶς
750 2998 844 3054 οῦν
867 3005 900 3072 ἡ
927 3001 1115 3073 Γραφὴ
1144 3000 1298 3054 εἶπεν
1326 3003 1473 3071 ἡμᾶς
1498 3004 1618 3056 κατ’
1645 3002 1823 3054 εἰκόνα

244 3094 384 3146 Θεοῦ
412 3093 764 3163 γεγενῆσθαι;
788 3092 871 3145 Τὰ
900 3093 1028 3162 περὶ
1052 3089 1187 3143 Θεοῦ
1217 3090 1573 3162 διδαχθῶμεν,
1605 3092 1672 3145 τὰ
1701 3111 1762 3144 πε
1774 3095 1825 3163 pl.

246 3185 406 3255 ἡμῶν
452 3183 632 3238 αὐτῶν
663 3184 968 3253 νοήσωμεν,
1010 3183 1092 3234 ὅτι
1136 3182 1237 3235 οὐκ
1270 3181 1463 3252 ἔχομεν
1488 3182 1549 3235 τὸ
1592 3184 1711 3236 κατ’
1747 3185 1825 3235 εἰ-

245 3276 381 3329 κόνα
416 3277 474 3328 ὲν
510 3277 691 3347 μορφῇ
729 3274 975 3342 σώματος
1000 3289 1012 3302 ·
1068 3273 1422 3343 φθειρομένου
1460 3273 1567 3343 γὰρ
1599 3273 1690 3327 τοῦ
1722 3274 1825 3327 σώ-

250 3384 426 3438 ματος
465 3369 497 3437 ή
555 3365 735 3437 μορφὴ
781 3363 1096 3418 ἀπόλλυται.
1138 3364 1252 3416 Οὐκ
1300 3365 1356 3417 ἐν
1407 3364 1632 3435 φθαρτῷ
1676 3365 1732 3417 δὲ
1767 3365 1827 3417 τὸ

246 3458 527 3529 ἄφθαρτον
569 3454 981 3527 σχηματίζεται,
1032 3453 1091 3505 οὐ
1142 3452 1379 3523 φθαρτόν
1426 3456 1541 3507 ἐστι
1592 3453 1685 3507 τοῦ
1726 3456 1826 3523 ἁφο

253 3549 454 3621 θάρτου
472 3547 652 3601 εἰκών.
675 3545 747 3599 Τὸ
774 3544 932 3615 σῶμα
957 3542 1199 3609 αὔξεται,
1234 3543 1500 3614 μειοῦται,
1530 3548 1695 3616 γηρᾷ,
1729 3546 1826 3598 ἀλ-

246 3639 489 3695 λοιοῦται
524 3654 537 3667 ’
584 3637 711 3693 ἄλλο
741 3635 887 3688 ἐστὶν
922 3635 980 3687 ὲν
1017 3637 1249 3705 νεότητι,
1288 3635 1415 3689 ἄλλο
1444 3635 1571 3689 ὅταν
1603 3636 1824 3707 εὐεκτῇ,

249 3734 345 3789 καὶ
377 3733 505 3787 ἄλλο
535 3733 661 3785 ὅταν
709 3732 766 3784 ὲν
795 3728 1023 3784 πάθεσιν
1118 3743 1130 3758 ·
1186 3728 1314 3784 ἄλλο
1347 3728 1699 3799 φοϐούμενον,
1732 3732 1827 3781 καὶ

246 3824 377 3895 apo
401 3823 818 3895 εὐφραινόμενον
838 3838 853 3853 ·
896 3823 1023 3876 ἄλλο
1052 3825 1110 3875 ὲν
1135 3822 1331 3892 ἐνδείᾳ,
1350 3821 1477 3874 ἄλλο
1506 3823 1563 3873 ἐν
1584 3821 1828 3889 πλησμοι

249 3919 352 3987 νῇ,
388 3915 483 3970 καὶ
528 3915 655 3970 ἄλλο
698 3915 756 3967 ὲν
804 3915 1015 3984 εἰρήνῃ,
1062 3912 1155 3966 καὶ
1204 3913 1331 3967 ἄλλο
1364 3913 1422 3964 ἐν
1469 3912 1612 3981 μάχῃ
1641 3929 1653 3941 ·
1703 3912 1829 3965 ἄλλο

248 4008 449 4080 χρῶμα
478 3992 859 4079 ἐγρηγορότος,
895 4010 988 4062 καὶ
1017 4006 1145 4060 ἄλλο
1176 4005 1527 4067 καθεύδοντος
1549 4021 1562 4035 θ
1606 4004 1698 4056 τοῦ
1734 4005 1828 4074 μὲν

248 4100 467 4166 ἐξανθεί
518 4100 578 4152 τὸ
616 4099 1011 4171 ἐρυθρότερον,
1074 4096 1168 4150 τοῦ
1225 4090 1433 4167 θερμοῦ
1479 4095 1572 4148 ἐπὶ
1615 4096 1675 4147 τὸ
1725 4093 1829 4158 ἔξω

248 4190 558 4262 χωροῦντος
624 4190 717 4243 τοῦ
759 4190 816 4243 δὲ
862 4188 1201 4255 κατέψυκται
1231 4187 1325 4241 καὶ
1357 4185 1706 4239 συνέσταλται
1738 4185 1830 4238 ἐπὶ

1918 1725 2153 1793 simplex
2203 1735 2320 1786 est,
2360 1727 2755 1796 magnitudinis
2798 1736 2853 1783 et
2901 1730 3231 1799 quantitatis
3269 1746 3487 1800 expers.

1915 1815 2060 1880 Noli,
2083 1833 2205 1871 cum
2248 1818 2317 1873 de
2343 1819 2436 1873 illo
2461 1824 2690 1889 cogitas,
2720 1821 2952 1875 formam
2983 1824 3145 1875 ullam
3184 1822 3496 1893 conﬁngere

1913 1917 1967 1961 et
1986 1910 2337 1965 comminisci
2359 1929 2371 1964 :
2395 1927 2462 1965 ne
2483 1928 2634 1965 more
2658 1911 2891 1965 Judaico
2919 1930 3175 1983 magnum
3203 1922 3487 1970 extenues.

1912 1997 2030 2051 Noli
2080 2004 2360 2070 corporeis
2408 2003 2558 2056 illum
2601 2005 3027 2073 cogitationibus
3068 2006 3345 2075 amplecti,
3399 2015 3493 2060 aut

1911 2101 2093 2146 mente
2132 2102 2222 2146 tua
2254 2096 2739 2149 circumscribere.
2765 2095 2839 2148 Ea
2875 2104 2957 2151 est
2985 2098 3393 2165 magnitudine,
3432 2106 3492 2151 nt

1909 2185 2301 2254 comprehendi
2357 2188 2856 2257 cireumsrribique
2907 2197 3166 2257 nequeat.
3230 2189 3485 2259 Magnum

1908 2277 2106 2346 cogita,
2140 2286 2194 2331 et
2219 2277 2346 2330 huic
2373 2294 2571 2348 magno
2608 2279 2732 2348 plus
2756 2279 2920 2333 etiam
2947 2290 3112 2349 atque
3151 2280 3315 2334 etiam
3348 2279 3487 2335 addc

1906 2382 2070 2434 qnam
2102 2370 2384 2437 cogitasti.
2413 2378 2577 2437 atque
2608 2370 2681 2438 ita
2706 2370 2867 2439 exple
2890 2370 3281 2440 cogitationem
3310 2377 3482 2423 tuam.

1905 2456 2093 2528 Neque
2116 2459 2289 2519 enim.
2317 2476 2439 2529 qme
2466 2460 2681 2514 inﬁnita
2710 2468 2859 2523 sunt,
2888 2476 3131 2529 unquam
3162 2460 3366 2529 capiet.
3395 2460 3486 2513 Fi-

1906 2564 2097 2617 guram
2132 2565 2201 2604 ne
2231 2550 2393 2619 ﬁnge.
2428 2550 2702 2613 Potentia,
2742 2552 3100 2620 simplicitate
3136 2559 3366 2614 naturzc,
3403 2565 3484 2602 re-

1905 2654 2027 2694 rum
2059 2648 2477 2709 procreatarum
2506 2648 2621 2693 tum
2655 2641 3059 2711 magnitudine,
3090 2649 3204 2693 tum
3235 2641 3483 2709 pulchri-

1903 2734 2094 2787 tudine
2111 2733 2472 2803 cognoscitur
2494 2732 2660 2786 Deus.
2690 2731 2904 2802 Ubique
2921 2739 3026 2794 est,
3047 2741 3099 2785 et
3120 2731 3303 2784 omnia
3332 2745 3452 2784 com
3510 2745 3517 2779 ς

1908 2824 2219 2895 prehendit.
2243 2836 2292 2879 et
2327 2825 2476 2893 tangi
2501 2824 2790 2893 viderique
2810 2840 2915 2877 non
2944 2831 3142 2892 potest.
3162 2820 3481 2889 Amplitudo

1923 2918 2008 2964 est
2028 2913 2331 2979 quantitate
2358 2927 2573 2972 carens,
2595 2926 2759 2980 quam
2791 2926 2898 2963 non
2925 2911 3067 2977 capit
3098 2910 3314 2962 animus
3347 2920 3490 2962 tuus.

1926 3001 2036 3055 Nec
2070 3003 2443 3070 magnitudine
2478 3002 2843 3066 concluditur,
2873 3017 2970 3055 nec
3000 3000 3168 3069 ﬁgura
3192 3009 3496 3059 coercetur.

1927 3108 2025 3145 nec
2061 3095 2303 3161 potentia
2336 3095 2672 3157 continetur,
2709 3110 2811 3147 nec
2855 3093 3196 3161 temporibus
3250 3107 3502 3161 compre—

1928 3183 2205 3248 henditur,
2243 3200 2343 3238 nec
2381 3185 2579 3239 ﬁnibus
2616 3185 2923 3238 cohibetur.
2960 3183 3104 3237 Nihil
3158 3198 3344 3238 eormn
3379 3197 3502 3251 quae

1927 3284 2055 3326 sunt
2078 3274 2226 3327 circa
2254 3290 2370 3329 nos.
2407 3290 2530 3328 cum
2567 3274 2676 3328 Deo
2704 3274 3115 3329 similitudinem
3153 3274 3313 3325 habet
3358 3270 3505 3337 Quo—

1926 3365 2090 3419 modo
2122 3367 2289 3435 igitur
2338 3365 2474 3419 dicit
2511 3365 2790 3435 Scriptura
2828 3380 2928 3418 nos
2962 3380 3083 3419 esse
3128 3363 3300 3417 factos
3332 3361 3398 3414 ad
3430 3363 3506 3415 si-

1926 3460 2291 3513 militudinem
2324 3458 2417 3512 Dci
2444 3459 2466 3510 ?
2498 3474 2617 3528 quaa
2658 3458 2724 3511 ad
2778 3457 2943 3511 Deum
2988 3456 3281 3527 pertinent,
3316 3470 3506 3508 recen-

1927 3551 2139 3605 suimus
2167 3568 2179 3602 :
2210 3564 2330 3617 qua:
2359 3549 2424 3601 ad
2458 3564 2557 3602 nos
2590 3555 2858 3617 spectant,
2895 3546 3327 3600 consideremus.
3359 3543 3503 3598 Nihil

1927 3638 2174 3708 profecto
2205 3638 2260 3690 in
2294 3637 2465 3689 forma
2502 3636 2752 3705 corporis
2787 3641 2892 3695 est,
2932 3635 3074 3701 quod
3109 3633 3228 3701 ejus
3280 3631 3504 3700 imagini

1928 3737 2214 3798 congruat.
2272 3729 2370 3782 Est
2406 3728 2608 3781 etenim
2649 3726 2828 3779 forma
2889 3724 3138 3792 corporis
3191 3723 3382 3777 caduci
3440 3737 3505 3776 ac

1929 3819 2140 3889 fragilis
2172 3838 2185 3873 :
2218 3820 2274 3873 in
2298 3819 2509 3873 caduco
2540 3826 2719 3873 autem
2749 3824 2804 3872 et
2827 3816 3003 3887 fragili
3031 3831 3137 3869 non
3172 3815 3505 3884 imprimitur

1927 3910 2073 3979 quod
2106 3910 2386 3979 corrumpi
2420 3923 2533 3963 non
2580 3913 2777 3977 potest,
2826 3921 2930 3960 nec
2962 3912 3278 3974 corruptum
3321 3904 3507 3957 incor-

1928 4001 2073 4070 r'upti
2131 4011 2215 4055 est
2277 4002 2473 4070 imago.
2542 4000 2757 4069 Corpus
2823 4004 3073 4065 augetur,
3139 3993 3504 4054 imminuitur,

1928 4095 2293 4156 consenescit,
2352 4094 2691 4157 immutalur,
2762 4089 2929 4162 [aliud
2994 4090 3047 4142 in
3104 4096 3322 4145 senecta
3376 4082 3507 4158 est,]

1932 4185 2079 4239 aliud
2112 4186 2164 4238 in
2198 4184 2445 4254 juventa,
2477 4184 2622 4237 aliud
2656 4198 2779 4236 eum
2812 4164 3072 4250 prospera
3103 4181 3276 4233 utitur
3304 4180 3509 4233 valetu-

249 4284 316 4336 τὸ
345 4282 507 4352 βάθος
541 4282 575 4353 ὴ
607 4281 879 4353 θερμότης
919 4297 930 4311 ·
984 4280 1064 4333 διὸ
1106 4279 1202 4331 καὶ
1236 4277 1464 4347 ὕπωχρα
1489 4277 1597 4329 τῶν
1625 4294 1821 4346 κοιμω-

1934 4276 2084 4339 dine,
2119 4275 2264 4328 aliud
2292 4289 2415 4327 cum
2448 4274 2654 4327 morbis
2677 4273 2940 4343 jactatur,
2964 4270 3106 4323 aliud
3135 4286 3256 4323 cum
3286 4270 3504 4334 metuit,

255 4375 433 4446 μένων
461 4374 529 4426 τὰ
557 4373 801 4444 σώματα.
832 4372 956 4434 Πῶς
981 4368 1075 4424 οῦν
1098 4369 1319 4423 δύναται
1349 4369 1409 4421 τὸ
1444 4367 1827 4437 ἀλλοιούμενον

1933 4369 2078 4422 aliud
2115 4382 2240 4421 cum
2301 4365 2517 4436 gaudet,
2575 4364 2718 4418 aliud
2760 4363 2977 4433 quando
3028 4364 3281 4416 satiatum
3343 4368 3507 4429 atque

252 4464 333 4536 τῷ
386 4464 726 4534 ἀναλλοιώτῳ
773 4463 1056 4525 ὲοικέναι;
1121 4459 1198 4530 τῷ
1244 4459 1331 4513 ἀεὶ
1380 4457 1523 4511 κατὰ
1572 4457 1639 4509 τὰ
1698 4456 1821 4509 αὐτό

1933 4461 2207 4530 expletum
2242 4465 2349 4524 est,
2386 4457 2532 4510 aliud
2567 4455 2785 4522 quando
2817 4455 2906 4508 siti
2945 4453 3157 4507 fameve
3199 4458 3509 4520 torquetur.-

252 4558 465 4627 ἔχοντι,
514 4555 576 4609 τὸ
621 4555 752 4626 μηδέ
787 4571 914 4607 ποτε
948 4551 1211 4621 ὲστηκός;
1259 4549 1546 4618 Ἐκφεόγει
1582 4549 1730 4618 ἡμᾶς
1760 4547 1836 4611 ὼς

1936 4550 2085 4604 aliud
2120 4550 2175 4603 in
2209 4564 2360 4617 pace,
2401 4547 2545 4601 aliud
2580 4548 2631 4601 in
2670 4546 2834 4609 bello;
2878 4545 3020 4598 alius
3047 4542 3345 4613 vigilantis,
3372 4541 3511 4596 alius

250 4648 324 4701 τὰ
350 4646 551 4717 ῥευστά
568 4663 582 4675 ·
610 4647 737 4716 πρὶν
771 4643 1030 4714 θεαθῆναι
1058 4643 1367 4713 ὑπέδραμεν
1390 4657 1402 4675 ο
1438 4639 1565 4694 ἄλλο
1597 4639 1655 4703 ἐξ
1679 4638 1821 4691 ἄλλοι

1936 4637 2262 4691 dormientis
2296 4644 2379 4690 est
2426 4636 2596 4689 color.
2637 4631 2885 4703 Vigilans
2935 4632 3136 4686 rubore
3169 4630 3344 4699 magis
3383 4643 3510 4699 per-

253 4738 505 4808 φαίνεται
532 4737 594 4790 τὸ
624 4735 960 4807 ἀνθρώπινον
991 4734 1172 4805 σῶμα.
1222 4752 1240 4783 ι
1266 4733 1401 4785 Κατ’
1424 4731 1607 4784 εἰκόνα
1631 4730 1830 4800 ἡμετέ-

255 4845 378 4901 ραν.
412 4847 432 4880 ι
482 4828 606 4891 Πῶς
633 4826 800 4880 σῶσαι
830 4814 1115 4895 δυνήσεται
1143 4823 1243 4892 τῆς
1267 4823 1524 4893 ἀκινήτου
1555 4820 1768 4889 φύσεως
1796 4820 1829 4888 ή

257 4921 459 4992 cavati:
490 4921 683 4986 εἰκώνς
718 4921 814 4991 τῆς
840 4918 1086 4989 ἀμόρφου
1113 4920 1145 4985 ἡ
1177 4913 1619 4986 μεμορφωμένης

1938 4728 2184 4783 funditur
2209 4767 2222 4789 ,
2255 4727 2513 4795 quoniam
2571 4725 2719 4779 calor
2755 4733 2907 4778 extra
2943 4720 3311 4793 progreditur.
3372 4719 3513 4773 Ποῖ-ι

1938 4821 2119 4874 micns
2175 4827 2356 4873 autem
2421 4817 2604 4870 calore
2665 4816 2814 4871 intus
2874 4828 3191 4883 compresso
3243 4813 3507 4883 pallescit.

1940 4909 2186 4975 Quonam
2225 4908 2391 4978 igitur
2420 4914 2597 4973 pacto,
2631 4905 2776 4974 quod
2812 4912 2891 4958 tot
2939 4902 3260 4955 immntatur
3311 4899 3511 4965 modis,

254 4988 458 5066 simile-
490 5014 562 5067 sit
610 5013 657 5067 ei
719 4988 889 5080 quod
926 5015 1011 5063 est
1043 5004 1424 5059 immutabile?
1461 5005 1534 5068 ei,
1567 5001 1712 5072 quod
1745 4999 1935 5055 eodem
1965 5011 2182 5065 semper
2225 5004 2307 5049 est
2360 5002 2527 5058 statu,
2574 4993 2625 5046 id
2684 4993 2828 5063 quod
2888 5006 3165 5060 nunquam
3217 4988 3511 5047 consistit?

259 5102 539 5159 Undarum
590 5079 764 5155 instar
798 5116 885 5155 res
917 5107 1119 5155 nostras
1159 5111 1258 5152 nos
1308 5094 1545 5166 fugiunt,
1601 5103 1654 5147 et
1689 5100 1981 5159 antequam
2010 5087 2318 5149 videantur,
2368 5086 2733 5140 defluxerunt.
2787 5083 2947 5138 Aliud
3012 5099 3075 5137 ex
3140 5081 3246 5135 alio
3302 5079 3517 5134 videtur

256 5197 560 5249 humanum
592 5207 814 5260 corpus.
846 5191 927 5244 Ad
960 5190 1248 5260 imaginem
1314 5178 1567 5241 nostram
1609 5178 2202 5237 naturaaimmutabilis
2250 5179 2354 5231 erit
2400 5177 2608 5230 caduca
2664 5173 3011 5230 similitudo?
3047 5173 3219 5227 forma
3253 5168 3513 5232 carentis,

254 5300 376 5355 qua:
418 5283 651 5338 formam
685 5281 844 5338 habet
864 5281 887 5333 ?

330 5375 454 5438 Πῶς
478 5370 571 5427 οῦν
600 5374 907 5443 ζητήσομεν
941 5373 1001 5425 τὸ
1044 5373 1163 5424 κατ’
1189 5370 1405 5433 εἰκόνας
1451 5370 1538 5421 Ἐν
1567 5362 1646 5429 οἷς
1677 5364 1836 5427 αὐτὸς

257 5462 411 5522 εἶπεν
435 5469 464 5520 ό
488 5466 710 5536 Κύριος.
756 5465 879 5517 Ἐὰν
905 5463 1036 5533 ἐμόν
1064 5481 1117 5515 τι
1138 5463 1294 5523 εἷται),
1325 5460 1397 5529 μὴ
1428 5458 1791 5528 προσδέξησθε
1817 5473 1832 5487 ⁸

256 5560 352 5613 ἐὰν
381 5554 732 5620 Δεσποτικὸν,
774 5553 1158 5617 καταδέξαςθε.
1200 5553 1521 5621 Ποιήσωμεν
1552 5548 1834 5617 ἄνθρωπον

336 5700 381 5733 ⁹⁹
407 5703 443 5719 ’⁸
468 5699 615 5755 Psal.
646 5715 790 5764 xu't,
811 5704 862 5755 8.

2017 5357 2118 5412 Ubi
2174 5371 2305 5426 ergo
2339 5370 2671 5425 quaeremus,
2724 5353 2870 5423 quod
2924 5349 3213 5418 imaginem
3276 5342 3517 5398 referat?

1941 5449 2209 5503 Nimirum
2253 5450 2305 5501 in
2349 5449 2438 5511 iis,
2473 5464 2593 5516 quae
2646 5449 2762 5515 ipse
2792 5443 3059 5497 Dominus
3095 5437 3253 5492 dixit.
3295 5436 3350 5489 Si
3386 5434 3516 5504 quid

1944 5559 2123 5599 meum
2163 5544 2219 5596 in
2252 5540 2492 5597 medium
2527 5540 2785 5599 attulcro,
2829 5535 2879 5588 id
2921 5547 2989 5586 ne
3041 5526 3380 5598 suscipiatis.
3416 5525 3512 5581 Fa~
