3890 6358
386 349 491 406 263

1586 333 1642 387 S.
1668 329 1997 387 GREGORII
2031 323 2322 381 NYSSENI

3536 304 3651 363 161

389 460 605 514 ciamus
659 451 935 508 hominem
984 447 1051 502 ad
1088 444 1379 516 imaginem
1432 450 1487 498 et
1540 443 1997 503 similitudinem,

2104 442 2183 492 ατ*
2215 438 2397 491 εἰκόνα
2445 432 2718 505 ἡμετέραν
2746 428 2839 484 καὶ
2859 426 2977 483 καθ’
3003 424 3381 498 ὁμοίωσιν⁶κα¹ι
3407 420 3651 516 αρχέτωῗ

393 555 665 610 nostram,
719 550 774 598 et
806 541 987 611 prmsit
1021 537 1268 609 piscibus
1300 535 1508 608 [maris,
1566 541 1619 588 et
1649 533 1967 588 volatilibus

397 643 547 703 caeli,
580 649 633 695 et
659 638 870 699 bestiis,
905 644 955 690 et
984 650 1105 704 quae
1148 630 1503 703 sequuntur,]
1538 646 1860 701 corporene,
1898 644 1968 684 an

398 731 658 788 ratione?
686 731 743 782 ln
782 728 967 781 animo
997 726 1163 780 situm
1203 732 1290 779 est
1323 724 1429 777 hoc
1464 723 1775 792 imperium,
1812 737 1880 775 an
1914 721 1970 774 in

397 822 606 878 carne?
660 834 791 874 caro
841 824 1029 872 nostra
1080 817 1378 869 multorum
1441 814 1758 867 animalium
1808 827 1972 868 carne

399 917 557 983 longe
597 920 681 966 est
715 911 1059 964 imbecillior.
1093 908 1197 975 Qui
1230 910 1374 962 enim
1416 908 1657 962 heminis
1688 920 1816 961 caro
1845 920 1970 959 cum

400 1020 568 1059 carne
595 1002 813 1067 cameli,
852 1010 946 1055 aut
974 1001 1154 1063 bovis,
1179 1000 1522 1069 aliorumque
1555 997 1792 1052 ferarum
1823 1011 1973 1050 com-

397 1096 583 1167 parari
648 1084 849 1164 potest,
903 1094 994 1148 cui
1060 1094 1260 1148 collata
1321 1094 1481 1148 facile
1536 1099 1849 1161 superatur,
1908 1105 1974 1144 ac

398 1186 682 1241 vincitur?
708 1185 765 1239 In
802 1200 913 1255 quo
968 1186 1136 1255 igitur
1170 1185 1428 1238 consistit
1468 1185 1555 1238 hic
1589 1182 1975 1253 principatus?

398 1278 455 1331 in
487 1277 721 1330 rationis
755 1276 1094 1346 praestantia.
1127 1274 1346 1341 Quanto
1398 1274 1540 1328 enim
1579 1274 1829 1345 corporis
1875 1274 1976 1327 im-

397 1369 701 1425 becillitate
758 1368 923 1421 homo
980 1365 1211 1435 reliquis
1272 1364 1646 1419 animantibus
1711 1364 1977 1417 infirmior

399 1468 507 1523 est,
535 1471 686 1514 tanto
713 1467 797 1513 est
822 1458 1054 1511 rationis
1078 1456 1399 1510 excellentia
1423 1456 1694 1525 superior.
1722 1455 1978 1525 Ingentes

401 1552 547 1606 enim
600 1552 772 1605 moles
826 1565 891 1603 ac
933 1548 1197 1619 pondera,
1255 1564 1378 1618 quae
1426 1563 1525 1617 pro
1592 1548 1828 1603 arbitrio
1877 1561 1979 1601 suo

403 1641 748 1697 transferunt
803 1642 1074 1703 homines,
1106 1655 1435 1710 quocunque
1478 1640 1686 1703 volunt,
1726 1639 1976 1703 solertia,

406 1748 518 1788 non
567 1734 818 1803 corporis
860 1733 1068 1788 viribus
1135 1741 1376 1802 aguntur
1442 1739 1495 1785 ct
1571 1737 1974 1801 permoventur.

410 1841 429 1873 ι
470 1821 756 1877 Faciamus
789 1823 1063 1877 hominem
1101 1822 1167 1876 ad
1209 1822 1497 1892 imaginem
1522 1831 1824 1876 .nostram:
1863 1840 1881 1871 ι
1914 1821 1981 1874 de

403 1916 654 1969 interiori
710 1915 928 1968 homine
992 1915 1249 1983 IOquitur.
1287 1915 1354 1966 At
1411 1915 1576 1976 enim,
1611 1914 1784 1976 dices,
1827 1923 1883 1967 tu
1914 1913 1982 1968 de

405 2005 619 2059 ratione
649 2005 897 2060 disseris.
949 2001 1188 2059 Ostende
1219 2004 1379 2058 nobis
1425 2004 1703 2058 hominem
1738 2004 1807 2058 ad
1842 2004 1981 2057 ima-

405 2095 590 2163 ginem
634 2093 748 2149 Dei.
788 2094 957 2150 Estne
1005 2095 1145 2147 ratio
1186 2094 1399 2148 homo?
1436 2094 1575 2148 Audi
1609 2095 1928 2164 Apostolum
1966 2110 1981 2150 :

410 2202 431 2236 ι
468 2185 637 2250 Licet,
672 2205 689 2236 ι
733 2186 929 2256 inquit,
967 2204 984 2237 ι
1027 2186 1075 2239 is
1110 2186 1202 2255 qui
1242 2185 1380 2241 foris
1413 2193 1497 2240 est
1555 2196 1744 2239 noster
1798 2186 1982 2251 homo,

405 2277 814 2338 corrumpatur,
843 2276 1027 2323 tamen
1059 2268 1127 2332 is,
1155 2268 1248 2338 qui
1278 2269 1429 2322 intus
1461 2280 1565 2330 est,
1597 2276 1893 2324 renovatur
1916 2268 1984 2321 de

407 2357 497 2414 die
524 2360 580 2413 in
616 2360 780 2413 diem.
821 2378 840 2410 ι
884 2358 1134 2425 Quonam
1190 2360 1392 2428 pacto?
1427 2358 1708 2428 Duplicem
1747 2371 1986 2427 agnosco

410 2449 710 2509 hominem,
735 2464 900 2501 unum
927 2449 1018 2517 qui
1049 2448 1287 2510 videtur,
1317 2448 1547 2501 alterum
1576 2446 1983 2509 absconditum,

410 2555 573 2608 quem
605 2538 693 2592 ille
734 2538 851 2607 ipse
883 2538 976 2607 qui
1013 2538 1229 2591 videtur
1264 2552 1373 2591 non
1433 2538 1630 2592 cernit.
1671 2536 1989 2591 lnteriorem

410 2627 577 2699 igitur
648 2627 911 2681 habemus
971 2625 1272 2692 hominem,
1329 2635 1383 2681 et
1441 2626 1690 2696 duplices
1749 2626 1989 2697 quodam

411 2716 575 2772 modo
624 2732 836 2771 sumus.
891 2718 1001 2787 Ego
1029 2717 1174 2771 enim
1238 2733 1360 2771 sum
1394 2718 1504 2785 ille,
1551 2718 1643 2787 qui
1703 2718 1852 2773 intus
1905 2725 1990 2772 est

414 2808 741 2875 homo.Qu:e
769 2824 899 2863 vero
921 2817 1052 2864 sunt
1080 2809 1444 2874 extrinsecus,
1465 2824 1574 2863 non
1596 2824 1697 2880 ego
1723 2809 1814 2863 illa
1840 2823 1987 2872 sum,

2070 549 2169 585 σαν
2194 528 2301 583 τῶν
2347 525 2574 596 ἰχθύων,
2630 522 2839 591 σώματι
2874 520 2908 590 ἢ
2937 514 3218 586 λογισμᾷη
3271 513 3359 565 Ἐν
3398 511 3547 581 ψυχῇ
3586 511 3655 564 τὸ

2068 624 2255 693 ἄρχον,
2284 619 2317 687 ἢ
2349 620 2406 671 ὲν
2443 613 2636 687 σαρκί;
2683 613 2747 665 Ἥ
2779 609 2935 681 σὰρξ,
2978 606 3187 661 πολλῶν
3226 602 3381 667 ζώων
3425 601 3660 693 ἀσθενε-

2072 692 2259 785 στέρα.
2292 711 2428 765 Ποία
2459 709 2742 778 σύγκρισις
2773 702 2973 774 σαρκὸς
3010 697 3300 770 ἀνθρώπου
3332 692 3428 748 καί⁵
3468 692 3657 785 scapi...

2070 774 2185 870 λου,
2228 801 2512 873 ἀνθρώπου
2540 774 2652 851 *καὶ
2685 795 2833 864 βοὸς,
2868 789 3156 862 ἀνθρώπου
3190 787 3282 840 καὶ
3314 774 3661 839 έκάστουῶν

2073 899 2139 952 ἂν
2184 872 2342 965 θέλῃς
2393 891 2615 962 θηρίους
2668 886 2934 946 εὐάλωτος
2976 883 3010 952 ή
3058 878 3196 949 σὰρξ
3236 878 3269 948 ή
3316 872 3659 945 ἀνθρωπίνη,

2077 988 2239 1059 σαρκὶ
2283 985 2470 1055 θηρίου
2505 976 2939 1051 προϐαλλομένη.
2994 971 3153 1026 Ἀλλὰ
3184 972 3239 1023 ἐν
3274 968 3380 1021 τίνι
3414 966 3477 1018 τὸ
3506 966 3665 1059 ἀρχιῖ

2075 1056 2199 1144 κόνς
2243 1081 2300 1131 ὲν
2327 1079 2395 1146 τῇ
2421 1075 2514 1127 τοῦ
2543 1068 2806 1141 λογισμοῦ
2839 1063 3147 1137 περιουσία.
3190 1063 3353 1115 Ὅσον
3383 1058 3560 1111 λείπει
3590 1056 3662 1124 τῇ

2075 1172 2301 1240 δυνάμει
2330 1166 2422 1219 τοῦ
2452 1164 2723 1234 σώματος,
2760 1157 3013 1213 τοσοῦτον
3062 1154 3312 1225 περίεστι
3348 1152 3415 1220 τῇ
3447 1146 3544 1199 τοῦ
3568 1147 3663 1199 λο-

2076 1235 2274 1333 γισμοῦ
2308 1257 2642 1326 κατασκευῇ.
2694 1250 2863 1305 Πόθεν
2901 1248 2971 1302 τὰ
3005 1245 3217 1318 μεγάλα
3257 1242 3396 1312 βάρη
3435 1235 3666 1333 μετατίδ

2079 1330 2235 1426 θησιν
2296 1351 2619 1421 ἄνθρωπος,
2673 1343 2885 1411 ἐπινοίᾳ
2944 1341 2979 1408 ἦ
3039 1340 3211 1398 τόνοις
3275 1330 3664 1426 σωματικοξὶς

2085 1466 2102 1499 t
2136 1417 2458 1515 Ποιήσωμεν
2490 1438 2775 1508 ἄνθρωπον
2804 1432 2924 1486 κατ’
2960 1428 3143 1483 εἰκόνα
3176 1424 3472 1496 ἡμετέραν.

2082 1539 2188 1591 ἔσω
2219 1506 2502 1604 ἄνθρωπον
2530 1506 2700 1595 λέγει,
2732 1543 2750 1576 ι
2770 1524 3090 1592 Ποιήσωμεν
3119 1516 3423 1586 ἄνθρωπον.
3451 1531 3471 1563 ι
3522 1506 3667 1604 Ἀλλ’

2083 1631 2225 1700 ἐρεῖς
2256 1602 2343 1691 σὺ,
2378 1623 2476 1676 Διὰ
2515 1621 2564 1674 τί
2593 1620 2652 1674 ού
2688 1618 2833 1684 λέγει
2872 1616 3002 1685 ἡμῖν
3036 1612 3163 1681 περί
3201 1604 3463 1676 λογισμοῦ
3483 1621 3509 1700 Δ;
3565 1602 3672 1700 Ἰξὸν

2084 1695 2368 1791 ἄνθρωπον
2403 1711 2522 1769 εἷπε
2553 1711 2669 1766 κατ’
2703 1710 2885 1763 εἰκόνα
2911 1704 3068 1758 Θεοῦ.
3113 1703 3169 1755 '0
3197 1702 3253 1754 δὲ
3281 1696 3543 1791 λογισμέυς
3576 1695 3675 1791 ἄνα·

2012 1779 2057 1839 Β
2088 1779 2333 1881 θρωποςς
2384 1806 2581 1856 ’Ἄκουε
2612 1800 2706 1853 τοῦ
2748 1794 3067 1851 Ἀποστόλον
3102 1792 3373 1860 λέγοντος,
3418 1807 3437 1838 ι
3464 1786 3529 1839 Ei
3561 1786 3674 1854 γὰρ

2088 1903 2115 1954 ὁ
2144 1899 2248 1964 ἔξω
2281 1899 2314 1968 ἡ
2324 1896 2435 1967 μῶν
2465 1894 2746 1963 ἄνθρωπος
2778 1888 3078 1958 φθείρεται,
3110 1884 3221 1939 ἀλλ’
3249 1885 3278 1937 ὁ
3303 1882 3413 1935 ἔσω
3436 1882 3675 1933 ἀνακαι-

2088 1990 2271 2043 νοῦται
2304 1985 2485 2057 ἡμέρα
2515 1984 2608 2037 καὶ
2638 1981 2838 2051 ἡμέρᾳ.
2868 1998 2885 2030 ι
2943 1976 3097 2041 Πῶς;
3142 1975 3243 2027 Δύο
3279 1970 3537 2042 γνωρίζω
3578 1968 3678 2020 ἁν-

2090 2080 2373 2153 θρὼπους,
2420 2078 2518 2128 ’ἑνα
2567 2074 2655 2126 τὸν
2704 2071 3051 2140 φαινόμενον,
3096 2065 3192 2119 καὶ
3220 2065 3319 2118 ἕνα
3345 2062 3439 2115 τὸν
3473 2060 3678 2113 ὑποκε-

2091 2151 2404 2244 κρυμμένον
2438 2166 2514 2236 τῷ
2544 2163 2873 2235 φαινομένῳ,
2909 2157 3256 2229 ἁόρατον,τὸν
3301 2153 3410 2207 ἔσω
3457 2151 3678 2219 ἄνθριιι⁹

2088 2241 2209 2318 πον.
2251 2262 2401 2315 Ἕσω
2426 2259 2601 2313 τοίνυν
2633 2257 2825 2326 ἔχομεν
2866 2252 3172 2323 ἄνθρωπον,
3202 2248 3297 2302 καί⁵
3321 2246 3502 2299 διπλοῖ
3530 2241 3677 2304 τινές

2090 2356 2278 2424 ὲσμεν,
2312 2351 2406 2404 καὶ
2433 2350 2492 2401 τό
2532 2364 2596 2415 γε
2634 2345 2830 2415 ἀληθὲς
2869 2342 3159 2411 λεγόμενον
3192 2339 3275 2392 ὅτι
3303 2337 3449 2389 ἔνδον
3483 2333 3674 2403 ἐσμέν.

2104 2444 2245 2513 Ἐγὼ
2293 2442 2403 2513 γὰρ
2439 2439 2579 2494 κατὰ
2621 2437 2713 2489 τὸν
2769 2434 2876 2487 ἔσω
2923 2431 3230 2502 ἄνθρωπον.
3280 2428 3363 2479 Τὰ
3410 2427 3539 2491 ἔξω,
3576 2425 3681 2477 οὐκ

2095 2535 2224 2604 ἐγὼ,
2249 2532 2384 2587 ἀλλὰ
2414 2529 2634 2600 ὲμά.ού
2668 2526 2776 2596 γὰρ
2804 2526 2835 2594 ή
2868 2524 2988 2593 χεὶρ
3022 2520 3154 2589 ἐγὼ,
3187 2518 3323 2572 ἀλλὰ
3359 2516 3470 2584 ὲγὼ
3503 2515 3565 2568 τὸ
3593 2514 3684 2567 λο-

2096 2626 2252 2696 γικὸν
2297 2622 2397 2693 τῆς
2444 2620 2641 2690 ψυχῆς.
2698 2617 2762 2669 Ἦ
2802 2615 2858 2667 δὲ
2898 2613 3021 2684 χεὶρ
3052 2612 3213 2682 μέρος
3244 2607 3337 2662 τοῦ
3367 2604 3681 2678 ἀνθρώπου.

2099 2719 2262 2771 Ὥστε
2291 2714 2350 2767 τὸ
2381 2712 2477 2783 μὲν
2510 2710 2697 2780 σῶμα,
2748 2707 2978 2777 ὄργανον
3032 2703 3126 2755 τοῦ
3162 2699 3475 2771 ἀνθρώπου,
3504 2697 3687 2767 ψυχῆς

2097 2808 2349 2879 ὄργανον,
2376 2802 2659 2873 ἄνθρωπος
2684 2798 2740 2851 δὲ
2770 2796 2973 2866 κυρίως
3009 2794 3128 2847 κατ’
3160 2791 3328 2862 αὐτὴν
3354 2790 3453 2860 τὴν
3486 2788 3685 2858 ψυχήν.

415 2898 511 2953 sed
546 2900 636 2953 illa
664 2906 793 2954 sunt
820 2914 957 2954 mea.
982 2897 1170 2968 Neque
1196 2902 1344 2956 enim
1371 2918 1471 2972 ego
1496 2916 1616 2957 sum
1645 2916 1862 2967 manus,
1890 2900 1989 2956 sed
2026 2900 2189 2963 ratio,
2224 2913 2347 2968 quae
2376 2897 2431 2950 in
2461 2896 2642 2948 animo
2668 2898 2771 2946 est.
2823 2887 3016 2941 Manus
3055 2892 3236 2938 autem
3280 2881 3574 2937 exterioris
3603 2886 3688 2933 est

417 2988 657 3042 hominis
686 3002 833 3057 pars.
864 2986 1234 3052 Quamobrem
1278 3005 1501 3062 corpus,
1541 2991 1782 3046 hominis
1824 2993 2275 3053 instrumentum,
2322 2994 2407 3043 est
2448 2984 2618 3039 animi
2655 2983 3124 3037 instrumentum:
3157 2974 3203 3030 si
3249 2973 3472 3045 quidem
3521 2972 3691 3027 homo

419 3080 641 3150 proprie
678 3076 861 3130 animo
899 3086 1176 3135 censetur.

455 3171 461 3177 '
496 3188 515 3221 ι
540 3167 831 3222 Faciamus
855 3168 1130 3223 hominem
1149 3167 1217 3222 ad
1241 3166 1536 3236 imaginem
1563 3172 1860 3221 nostram.)
1887 3164 2005 3219 Hoc
2031 3169 2074 3227 C

419 3266 526 3322 est,
554 3256 632 3311 illi
669 3257 901 3312 rationis
938 3253 1999 3323 praestantiamtribuamusaEtpraasit.’

420 3345 542 3399 Non
574 3346 773 3413 inquit,
804 3342 1095 3399 Faciamus
1123 3343 1403 3399 hominem
1435 3343 1505 3398 ad
1556 3343 1850 3415 imaginem
1905 3359 2007 3397 no-

431 3451 627 3502 stram,
645 3445 699 3490 et-
724 3437 1017 3498 irascatur,
1036 3436 1411 3506 concupiscat,
1431 3444 1484 3490 et
1514 3446 1763 3491 niterent.
1788 3435 2008 3491 Pertur—

428 3527 682 3583 bationes
712 3526 855 3579 enim
894 3539 1003 3577 non
1057 3524 1260 3578 cadunt
1311 3523 1366 3576 in
1403 3524 1697 3591 imaginem
1756 3523 1871 3585 Dei,
1912 3522 2007 3576 sed

426 3620 570 3674 ratio
602 3615 1076 3687 perturbationum
1130 3614 1466 3669 moderatrix
1519 3629 1585 3669 ac
1615 3614 1856 3668 domina.
1895 3634 1912 3665 ι
1942 3613 2011 3667 Et

426 3708 895 3780 praesitpiscibus.
931 3725 949 3758 ι
985 3705 1131 3770 Tibi,
1169 3706 1334 3761 simul
1368 3714 1532 3775 atque
1564 3712 1887 3775 procreatus
1924 3719 2006 3767 es,

429 3801 718 3870 imperium
749 3807 832 3852 est
871 3798 1220 3853 attributum.
1276 3796 1380 3863 Qui
1421 3813 1677 3868 magnum
1714 3798 1769 3853 in
1805 3797 2011 3851 multos

431 3906 605 3944 annos
638 3905 668 3943 a
717 3905 845 3957 rege
881 3890 1248 3958 principatum
1283 3889 1502 3957 accipit,
1539 3890 1701 3942 homo
1738 3888 1807 3941 ab
1834 3886 2014 3940 homi-

430 3994 520 4042 ne,
554 3993 583 4031 a
622 3977 839 4030 mortali
887 3978 1158 4037 mortalis,
1198 3992 1309 4030 non
1357 3984 1563 4031 tantam
1614 3986 1874 4046 quantam
1931 3987 2011 4039 tu,

431 4069 645 4123 obtinet
719 4073 1070 4134 potestatem.
1126 4066 1221 4119 llle
1275 4068 1419 4121 enim
1475 4082 1506 4120 a
1575 4083 1704 4136 rege
1759 4068 2015 4136 princeps

432 4158 815 4223 constituitur,
866 4164 926 4211 ut
977 4158 1070 4212 uni
1130 4165 1346 4212 tantum
1400 4157 1614 4227 regioni
1668 4158 1876 4227 praesit.
1932 4159 2015 4213 Tu

435 4260 619 4305 autem
668 4264 699 4301 a
756 4249 867 4304 Deo
929 4258 1089 4303 terrae
1150 4250 1318 4315 totius
1378 4249 1668 4319 imperium
1727 4250 2013 4319 accepisti.

442 4340 751 4411 Divinaque
781 4356 887 4396 vox
921 4357 1028 4396 non
1066 4341 1118 4395 in
1153 4342 1357 4396 tabulis
1408 4341 1625 4409 ligneis,
1660 4348 1755 4393 aut
1785 4340 2017 4394 volumi-

437 4432 623 4497 nibus,
672 4446 793 4501 quae
841 4446 873 4485 a
926 4431 1092 4484 tineis
1139 4439 1592 4499 corrumpuntur,
1649 4428 1745 4483 sed
1796 4429 1850 4483 in
1898 4429 2017 4498 ipsa

436 4531 637 4577 natura
655 4523 919 4592 inscripta
940 4520 1329 4584 est.tPresit,i
1348 4521 1552 4590 quibus
1574 4528 1754 4576 autem
1784 4522 1967 4590 praesit
1993 4521 2014 4573 ?
2048 4507 2090 4562 Ι)

441 4612 539 4672 His
569 4616 826 4669 nimirum
883 4616 1144 4670 omnibus
1175 4614 1440 4669 “Praesit
1489 4613 1770 4683 piscibus,
1824 4612 2017 4669 bestiis

439 4714 622 4767 terrm,
654 4704 971 4759 volatilibus
1003 4705 1154 4768 cmli,
1197 4713 1252 4759 et
1290 4704 1564 4759 universis
1620 4705 2014 4769 animantibus,

442 4809 568 4863 qua:
602 4802 889 4847 moventur
922 4809 1089 4863 super
1119 4800 1340 4847 terram.
1376 4792 1520 4847 »Νοιι
1542 4788 1700 4854 dixit,
1726 4790 2019 4847 Faciamus

445 4884 725 4940 hominem
760 4883 828 4938 ad
857 4884 1148 4954 imaginem
1184 4891 1237 4938 et
1278 4883 1690 4940 similitudinem
1745 4890 2016 4945 nostram,

444 4986 499 5032 et
524 4981 778 5031 vescatur
804 4990 866 5029 ex
899 4975 1049 5029 omni
1083 4975 1227 5044 ligno
1261 4973 1566 5038 fructifera,
1595 4974 1741 5043 quod
1777 4973 2017 5029 fructum

444 5067 610 5121 habet
672 5065 730 5120 in
781 5066 1100 5135 semetipso.
1164 5063 1418 5119 Secundo
1472 5067 1593 5119 loco
1628 5080 1715 5131 ea,
1765 5081 1887 5135 qua:
1952 5065 2020 5119 ad

445 5171 666 5212 carnem
698 5155 1000 5226 pertinent,
1031 5157 1466 5211 constituuntur.
1501 5154 1688 5210 Primo
1722 5165 1926 5218 autem,
1959 5170 2024 5209 ac

446 5250 797 5322 potissimum
839 5250 951 5312 illa,
987 5263 1109 5318 qua:
1140 5249 1203 5301 ad
1241 5249 1483 5302 animum
1537 5256 1805 5318 spectant.
1842 5248 2023 5303 Prima

453 5344 611 5400 nobis
646 5340 950 5410 imperandi
978 5349 1223 5411 potestas
1251 5341 1586 5394 decernitur.
1637 5340 1719 5394 Ad
1755 5342 2028 5409 imperan-

450 5434 580 5488 dum
622 5441 785 5489 natus
836 5450 918 5498 es,
960 5434 1146 5487 homo.
1180 5432 1320 5498 Quid
1355 5447 1486 5502 ergo
1523 5433 2027 5503 perturbationibus

455 5524 675 5579 servis?
723 5539 823 5578 cur
866 5525 1182 5595 dignitatem
1219 5524 1413 5593 abjicis
1447 5532 1595 5578 tuam
1622 5524 1646 5575 ?
1673 5539 1773 5578 cur
1808 5534 1859 5579 te
1902 5541 2021 5594 pec-

455 5623 579 5667 cato
615 5612 788 5666 tradis
817 5614 871 5666 in
905 5614 1270 5669 servitutem?
1303 5628 1402 5666 cur
1454 5624 1507 5672 te
1532 5610 1824 5667 constituis
1875 5629 2028 5666 man-

460 5701 663 5769 cipium
695 5701 940 5755 diaboli?
969 5701 1169 5756 Rerum
1232 5703 1565 5758 constitutus
1624 5719 1683 5758 es
1724 5702 1977 5772 princeps
2011 5722 2022 5756 :

2185 3179 2204 3212 ι
2231 3161 2551 3231 Ποιήσωμεν
2599 3158 2883 3231 ἄνθρωπον
2917 3159 3036 3212 κατ’
3088 3155 3272 3210 εἰκόνα
3325 3156 3621 3227 ἡμετέραν,
3669 3172 3687 3205 ο

2108 3253 2374 3316 τουτέστι,
2421 3251 2665 3321 δώσομεν
2710 3248 2860 3320 αύτῷ
2909 3249 3069 3318 λόγου
3119 3248 3460 3319 περιουσίαν.
3528 3266 3547 3298 ι
3581 3248 3696 3302 Καὶ

2108 3346 2477 3415 ἀρχέτωσαν.»
2514 3344 2669 3413 Οὐχὶ,
2694 3342 3012 3412 Ποιήσωμεν
3031 3340 3334 3410 ἄνθρωπον,
3362 3341 3481 3392 κατ’
3506 3339 3697 3394 εἰκόνα

2109 3437 2404 3507 ἡμετέραν,
2439 3436 2531 3489 καὶ
2560 3434 2972 3505 θυμούσθωσαν,
2998 3432 3087 3485 καί
3115 3432 3573 3497 ὲπιθυμείτωσαν,
3599 3434 3697 3485 καί

2110 3527 2520 3581 λυπείσθωσαν·
2563 3527 2624 3579 ού
2663 3525 2771 3595 γὰρ
2798 3526 2864 3577 τὰ
2895 3524 3040 3593 πάθη
3074 3526 3153 3587 εἰς
3190 3523 3289 3593 τὴν
3316 3523 3410 3576 τοῦ
3441 3522 3580 3576 Θεοῦ
3620 3524 3698 3575 εξ-

2112 3619 2247 3673 κὸνα
2274 3616 2620 3688 παρελήφθη,
2652 3616 2767 3669 ἀλλ’
2797 3617 2825 3669 ό
2858 3614 3116 3685 λογισμὸς
3146 3614 3253 3666 τῶν
3287 3613 3473 3666 παθῶν
3501 3613 3700 3666 δεσπό-

2110 3723 2210 3778 της
2238 3741 2254 3759 .
2304 3726 2323 3759 ι
2354 3709 2464 3762 Καὶ
2507 3706 2824 3777 ἁρχέτωσαν
2872 3705 2978 3758 τῶν
3027 3704 3242 3774 ἰχθύων.
3279 3724 3296 3756 ι
3337 3704 3515 3767 Εὐθὺς
3546 3704 3698 3757 ἐκτί-

2116 3800 2269 3871 σθης,
2293 3800 2388 3854 καὶ
2415 3784 2597 3870 ἄρχων
2623 3797 2898 3867 ὲκτίσθης.
2946 3814 2964 3848 ι
2989 3798 3099 3849 Καὶ
3121 3795 3455 3867 ἁρχέτωσαν.
3483 3814 3503 3847 ι
3548 3795 3701 3859 Ἐνὺς

2114 3889 2267 3952 ἔτους
2296 3888 2546 3953 ἐξουσίαν
2569 3887 2718 3957 παρὰ
2739 3886 3003 3956 βασιλέως
3024 3885 3206 3938 λαϐὼν
3229 3885 3514 3956 ἄνθρωπος
3544 3883 3702 3956 παρὰ

2114 3978 2403 4051 ἀνθρώπου
2427 4014 2443 4041 ,
2477 3977 2668 4048 θνητὸς
2692 3977 2843 4046 παρὰ
2868 3976 3084 4046 θνητοῦ,
3118 3975 3296 4029 λαϐὼν
3322 3974 3472 4045 παρὰ
3500 3975 3595 4027 τοῦ
3625 3974 3702 4045 μὴ

2115 4069 2347 4139 ἔχοντος.
2380 4068 2546 4122 Ποίαν
2572 4068 2680 4139 γὰρ
2705 4067 2951 4132 ἐξουσίαν
2978 4067 3158 4137 ψυχῆς
3190 4066 3456 4138 λαμϐάνει
3486 4065 3705 4136 ἄνθρωι

2117 4179 2249 4228 πος;
2298 4160 2370 4212 Σὺ
2412 4160 2591 4230 μέντοι
2632 4158 2783 4230 παρὰ
2823 4157 2959 4211 Θεοῦ
3008 4158 3219 4221 ἔλαϐες,
3253 4160 3354 4211 οὐκ
3397 4159 3458 4209 ὲν
3523 4156 3704 4220 ξύλοις

2116 4252 2530 4323 γεγραμμένην,
2561 4251 2681 4303 οὐδὲ
2726 4251 2785 4304 ἐν
2824 4249 2985 4314 πτυξὶ
3011 4249 3275 4320 φθαρταῖς
3306 4249 3482 4319 σητῶν
3517 4258 3702 4319 παρα-

2118 4342 2454 4413 ναλώμασιν,
2493 4340 2609 4394 ἀλλ’
2642 4341 2992 4412 ἀνάγραπτον
3023 4342 3055 4411 ή
3084 4341 3246 4409 φύσις
3283 4341 3396 4409 ἔχει
3422 4340 3523 4410 τὴν
3550 4340 3706 4393 θείαν

2123 4436 2325 4506 φωνήν.
2363 4453 2381 4484 ι
2407 4433 2767 4504 Ἀρχέτωσαν.
2802 4451 2822 4483 ι
2862 4431 3048 4483 Ταῦτα
3087 4431 3377 4501 σύμπαντα
3408 4431 3584 4501 ἀρχῆς
3612 4431 3707 4483 ἀν-

2119 4528 2414 4599 θρωπίνης.
2469 4543 2487 4576 ι
2524 4525 2863 4596 Ἀρχέτωσαν
2914 4523 3023 4575 τῶν
3076 4524 3307 4593 ἰχθύων,
3354 4523 3462 4576 τῶν
3498 4523 3708 4594 θηρίων

2120 4619 2223 4687 τῆς
2261 4618 2388 4686 γῆς,
2437 4617 2545 4670 τῶν
2580 4616 2841 4669 πετεινῶν
2887 4614 2979 4667 τοῦ
3028 4615 3280 4685 ούρανοῦ,
3327 4614 3433 4667 τῶν
3467 4614 3707 4680 κτηνῶν,

2119 4710 2229 4763 τῶν
2251 4708 2517 4782 ἑρπετῶν,
2540 4708 2647 4761 τῶν
2671 4708 2947 4777 ἑρπόντων
2969 4707 3061 4759 ἐπὶ
3082 4707 3178 4777 τῆς
3202 4709 3325 4777 γῆς.
3359 4725 3377 4757 ι
3411 4708 3526 4759 Οὐκ
3555 4704 3703 4772 εἷπε,

2123 4803 2446 4872 Ποιήσωμεν
2474 4800 2763 4871 ἄνθρωπον
2788 4800 2909 4852 κατ’
2932 4798 3117 4851 εἰκόνα
3151 4799 3244 4851 καὶ
3287 4797 3409 4850 καθ’
3443 4799 3707 4867 ὁμοίωσιν

2125 4893 2434 4965 ήμετέραν,
2484 4892 2578 4945 καὶ
2625 4890 2952 4944 ὲσθιέτωσαν
2995 4890 3103 4942 πᾶν
3155 4888 3309 4953 ξύλον
3354 4889 3633 4960 κάρπιμον
3680 4889 3709 4942 ὃ

2127 4984 2242 5055 ἔχει
2288 4983 2497 5055 καρπὸν
2544 4984 2603 5036 ὲν
2654 4981 2853 5051 ἑαυτῷ.
2912 4980 3151 5052 Δεύτερα
3191 4980 3260 5032 τὰ
3308 4981 3409 5048 τῆς
3462 4981 3666 5047 σαρκός
3694 4996 3707 5010 ·

2130 5074 2324 5146 πρῶτα
2348 5074 2417 5127 τὰ
2457 5074 2555 5143 τῆς
2581 5072 2759 5143 ψυχῆς
2795 5072 2864 5125 τὰ
2898 5071 3301 5143 προηγούμενα.
3346 5069 3547 5141 Πρῶτα
3579 5074 3713 5140 ήμῐν

2132 5163 2607 5236 συνεχειροτονήθη
2639 5166 2673 5235 ή
2703 5162 2795 5216 τοῦ
2838 5162 3027 5233 ἄρχειν
3063 5161 3308 5231 δύναμις.
3376 5162 3630 5233 Ἀρχικὸν
3665 5159 3715 5214 εἶ

2132 5254 2290 5319 ζῶον,
2322 5253 2595 5325 ἄνθρωπε.
2631 5254 2741 5307 Καὶ
2768 5254 2818 5305 τί
2847 5251 3115 5315 δουλεύεις
3142 5252 3372 5317 πάθεσις
3404 5252 3457 5304 τί
3482 5252 3711 5306 σεαυτοῦ

2131 5344 2347 5414 ἀξίωμα
2375 5343 2734 5405 καταϐάλλεις
2762 5346 2858 5397 καὶ
2883 5343 3067 5406 δοῦλος
3106 5342 3227 5413 γίνῃ
3259 5343 3361 5413 τῆς
3395 5344 3671 5414 ἁμαρτίας
3697 5362 3712 5410 ;

2130 5435 2218 5488 διὰ
2275 5435 2327 5488 τί
2382 5435 2607 5489 σεαυτὸν
2653 5438 2823 5499 ποιεῖς
2887 5434 3232 5505 αἰχμάλωτον
3275 5434 3369 5486 τοῦ
3417 5434 3709 5500 διαϐόλου;

2135 5528 2352 5596 ’Ἄρχων
2385 5526 2615 5589 κτίσεως
2655 5525 3090 5597 ὲχειροτονήθης,
3136 5527 3229 5580 καὶ
3264 5526 3576 5598 ἀπέρριψας
3620 5544 3711 5581 σε·

2136 5617 2374 5687 μνότητα
2404 5618 2501 5685 τῆς
2535 5617 2727 5671 ἑαυτοῦ
2756 5619 2995 5688 φύσεως
3038 5618 3233 5681 Δοῦλος
3262 5619 3499 5689 ἐκλήθης
3519 5635 3534 5649 ·
3570 5619 3624 5673 τί
3653 5637 3709 5672 σε

2133 5704 2291 5758 λυπεῖ
2348 5708 2379 5775 ή
2442 5705 2653 5759 δουλεία
2704 5708 2797 5760 τοῦ
2852 5708 3149 5777 σώματος;
3213 5707 3299 5760 διὰ
3357 5708 3410 5761 τί
3460 5709 3521 5761 οὐ
3571 5710 3712 5780 μέγα
