3890 6410
143 380 230 437 Ξϐε

892 370 954 424 ΙΝ
1000 369 1245 435 VERBA,
1294 366 1673 447 FACIAMUS
1718 364 2105 428 ΙΙΟΜΙΝΕΜ,
2139 364 2316 428 ΕΤΕ..
2358 358 2565 419 οιιΑΤ.
2596 363 2634 419 l.

3242 341 3247 347 ’
3313 369 3417 427 εδο

144 493 351 567 ορονεῖς
399 492 471 562 τῇ
520 488 811 561 δεσποτεία
862 491 928 561 τῇ
984 488 1138 560 παρὰ
1156 484 1300 567 Θεοῦ
1337 502 1419 538 σοι
1459 482 1730 564 δεδομένη.

1848 494 1950 534 cur
1976 485 2187 533 natura:
2215 486 2322 533 tua:
2366 478 2690 547 gravitatem
2726 481 3059 553 projecisti?
3116 484 3185 538 At
3223 498 3420 541 servus

145 566 220 640 ὅτι
246 580 515 651 λογισμὸν
543 579 689 651 ἔχεις
732 579 919 632 παθῶν
947 566 1248 648 δεσπότηνξ
1287 576 1454 629 Ὅταν
1498 574 1614 644 ἴδῃς
1643 573 1736 627 τδν

147 668 407 745 δεσπότην
441 689 539 726 σου
587 671 773 725 δοῦλον
819 672 949 725 ὄντα
987 671 1087 741 τῆς
1136 668 1329 747 ήδονῇς
1352 707 1367 734 ,
1422 666 1646 719 σεαυτὸν
1677 665 1736 718 δὲ

150 764 419 836 σώφρονα,
462 763 702 831 γίνωσκε
734 761 817 814 ὅτι
851 761 916 814 σὺ
954 760 1053 832 μὲν
1090 755 1143 813 εῐ
1169 757 1354 821 δοῦλος
1378 756 1606 825 ὀνόματι
1634 755 1739 825 p.6-

149 873 263 920 νον,
311 856 524 917 ἐκεῖνος
567 853 626 907 δὲ
668 852 892 923 ὀνόματι
946 851 1047 922 μὲν
1084 850 1197 921 ἔχει
1248 848 1347 920 τὴν
1393 847 1734 912 δεσποτείαν,

146 946 289 1018 ἔργῳ
346 943 406 996 δὲ
466 940 862 1013 βεϐαιουμένην
923 939 1037 1012 ἔχει
1085 940 1185 1011 τὴν
1248 935 1510 995 δουλείαν.
1571 937 1734 1008 Ὁρᾷς

149 1037 351 1091 ἐκεῖνον
382 1033 523 1107 μετά
551 1033 654 1104 τῆς
683 1033 887 1104 πόρνης
918 1032 1218 1102 συρόμενον
1240 1046 1256 1062 ·
1304 1029 1530 1082 σεαυτὸν
1554 1028 1610 1081 δὲ
1635 1028 1733 1098 τῆς

148 1126 354 1197 πόρνης
397 1122 839 1195 καταφρονοῦντα
857 1139 870 1151 ·
925 1121 1044 1185 πῶς
1082 1120 1202 1191 οὐχὶ
1233 1119 1297 1173 σὺ
1337 1119 1434 1189 μὲν
1466 1112 1513 1170 εἳ
1538 1117 1733 1170 δεσπό-

146 1234 245 1287 της
272 1214 370 1270 τοῦ
401 1214 627 1277 πάθους,
664 1216 867 1276 ἐκεῖνος
893 1212 950 1266 δὲ
979 1210 1163 1274 δοῦλός
1192 1212 1311 1263 ἐστι
1350 1207 1459 1263 τῶν
1491 1207 1598 1260 ὑπὸ
1636 1205 1731 1260 σοῦ

150 1304 505 1375 πατουμένων
538 1301 774 1374 ήδονῶν;
816 1301 979 1355 ’Ὥστε
1002 1300 1083 1364 τὸ,
1122 1317 1140 1351 ι
1165 1299 1492 1371 Ποιήσωμεν
1517 1294 1730 1365 ἀνθρω-

147 1414 268 1461 πον,
303 1396 400 1450 καὶ
431 1396 775 1466 ἀρχέτωσαν,
805 1412 824 1445 ι
861 1392 1009 1463 δηλοῖ
1039 1392 1123 1444 ὅτι
1166 1391 1299 1444 ὅπου
1345 1392 1379 1460 ή
1412 1387 1506 1441 τοῦ
1540 1387 1731 1457 ἄρχειν

146 1489 398 1560 δύναμις,
430 1489 548 1541 ἐκεῖ
573 1488 607 1557 ἡ
631 1483 726 1539 τοῦ
762 1483 901 1538 Θεοῦ
936 1482 1123 1539 εἰκών.

218 1693 241 1727 1
282 1673 623 1748 ’Δρχέτωσαν
671 1672 778 1726 τῶν
835 1670 1050 1741 ἰχθύων.
1087 1688 1105 1721 ι
1170 1665 1391 1737 Πρῶτον
1442 1663 1576 1734 ἡμῖν
1622 1660 1727 1713 τῶν

146 1767 548 1838 ἀπῳκισμένων
580 1767 614 1836 ή
644 1763 785 1835 ἀρχὴ
815 1762 990 1833 ἐδόθη.
1024 1760 1139 1814 Οὐκ
1166 1755 1339 1823 εἴπεν,
1388 1756 1730 1826 Ἀρχέτωσαν

145 1858 254 1911 τῶν
281 1858 595 1929 συντρόφων
615 1855 789 1919 ζώων,
810 1853 944 1907 ἀλλά
969 1852 1077 1905 τῶν
1114 1850 1311 1921 ἰχθύων
1333 1867 1346 1881 ο
1380 1848 1605 1918 ἔνυδρος,
1621 1846 1730 1916 γάρ

143 1951 325 2005 αὐτῶν
352 1952 389 2021 ἡ
430 1950 629 2002 δίαιτα.
665 1947 784 2000 Τῶν
811 1941 903 2000 οὗν
930 1944 1126 2016 ἰχθύων
1158 1942 1331 2020 ἐδόθη·
1354 1944 1488 2013 ἡμῖν
1516 1943 1548 2011 ἡ
1587 1938 1728 2010 ἀρχὴ

142 2045 384 2116 πρῶτον.
445 2042 556 2096 Καὶ
600 2039 717 2103 πῶς
764 2038 872 2092 τῶν
916 2036 1117 2109 ἰχθύων
1164 2035 1406 2107 ἄρχομεν
1441 2050 1456 2098 ;
1514 2030 1584 2086 Εῑ
1625 2048 1739 2084 που

142 2139 316 2207 ἔγνως
343 2135 533 2190 ἑαυτὸν
563 2137 620 2188 ὲν
641 2134 808 2206 λίμνῃ
836 2128 1247 2203 παραφανέντα,
1268 2127 1384 2191 πῶς
1416 2128 1448 2198 ἡ
1482 2126 1610 2180 σκιά
1635 2141 1730 2178 σου

143 2230 323 2284 πάντα
354 2225 663 2296 διεπτόησε.
705 2223 802 2286 Τίς
835 2220 1008 2284 οὕτως
1041 2219 1309 2287 δεσπότης
1352 2216 1527 2279 οἰκίας
1570 2216 1730 2287 θορυ-

142 2316 412 2388 ϐουμένου
434 2312 528 2367 τοῦ
560 2313 707 2366 οἰκου
746 2310 961 2382 ἀθρόως
994 2307 1226 2371 ἐπιστὰς
1270 2307 1506 2379 ἡσυχίαν
1543 2307 1731 2377 ἐποίη-

139 2426 225 2474 σε,
252 2408 348 2462 καὶ
393 2406 571 2460 πάντα
602 2403 898 2477 μετέϐαλεν
939 2403 1019 2466 εἰς
1038 2400 1334 2472 εὐκοσμίαν
1361 2402 1428 2471 τῇ
1459 2400 1731 2472 παρουσίᾳ

139 2501 237 2557 τοῦ
279 2497 638 2571 κρατοῦντος;
692 2496 815 2559 Πῶς
855 2496 1006 2549 πᾶσα
1047 2495 1080 2565 ἡ
1131 2492 1349 2565 ἔνυδρος
1382 2492 1561 2565 κτίσις
1611 2493 1730 2545 ὲπι-

141 2593 402 2663 φανέντος
426 2592 542 2655 ἐνὸς
568 2588 875 2661 ἀνθρώπου,
906 2586 1235 2659 μεταϐάλλει
1264 2585 1324 2639 τὸ
1352 2587 1572 2657 σχῆμας
1602 2585 1730 2639 οὐκ-

140 2689 222 2741 έτι
258 2685 360 2755 τὴν
392 2682 681 2755 ἐλευθέραν
711 2681 824 2753 ἔχει
851 2680 1149 2751 διαγωγὴν,
1178 2679 1241 2732 οὐ
1263 2678 1438 2749 τολμᾷ
1474 2677 1730 2748 ἐπινήξα-

141 2777 270 2832 σθαι
302 2778 415 2839 τοῖς
447 2773 636 2838 νώτοις
665 2773 763 2844 τῆς
786 2771 1062 2842 θαλάσσης
1087 2770 1120 2842 ἢ
1151 2770 1249 2841 τῆς
1277 2769 1494 2840 λίμνης.
1535 2768 1594 2822 'U
1614 2768 1730 2822 δελ-

138 2871 234 2938 φὶς
254 2870 386 2924 ὅταν
403 2885 505 2921 που
528 2866 752 2938 πλησίον
771 2864 1056 2936 ἄνθρωπον
1076 2862 1205 2917 ὄντα
1246 2861 1529 2933 θεάσηται,
1552 2860 1728 2915 καίτοι

136 2960 327 3030 δελφίς
362 2961 484 3033 ,ἐστι
525 2958 632 3012 τῶν
673 2955 886 3027 νηκτῶν
921 2959 952 3010 ὁ
1000 2953 1441 3026 βασιλικώτατος,
1477 2953 1723 3008 αἰδεῖται.

1840 568 2084 625 diceris:
2141 584 2243 624 cur
2292 582 2495 624 mmres
2545 571 2796 641 corporis
2842 573 3136 642 servitute,
3184 589 3251 630 ac
3306 590 3420 631 nos:

1838 659 2023 730 potius
2076 659 2388 730 principatu
2443 659 2542 714 tibi
2599 676 2629 715 a
2662 663 2770 718 Deo
2822 663 3025 720 tradito
3079 667 3307 736 gaudes,
3364 676 3421 721 et

1840 750 2142 822 gloriaris?
2191 750 2329 806 Cum
2389 750 2542 807 vides
2596 751 2882 808 dominum
2941 763 3096 811 tuum
3149 757 3419 828 voluptati

1840 841 2235 911 man‘cipatum,
2268 841 2500 912 teipsum
2552 851 2734 899 autem
2771 852 3188 917 temperantem,
3233 864 3421 903 nonne

1840 931 2124 1011 intelligis,
2155 940 2211 987 te
2242 933 2466 989 nomine
2504 934 2773 991 duntaxat
2823 953 2949 993 esse
2987 954 3227 1004 servum,
3262 939 3415 995 illum

1836 1033 2031 1080 contra
2078 1027 2300 1081 nomine
2336 1034 2546 1081 tantum
2599 1029 2765 1099 potiri
2801 1028 3107 1099 dominatu,
3145 1047 3206 1088 re
3234 1041 3417 1087 autem

1839 1116 1894 1170 in
1960 1117 2293 1188 gravissima
2345 1119 2611 1174 servitute
2670 1120 2952 1176 detineri?
3014 1122 3168 1177 illum
3233 1132 3419 1178 scorto

1836 1206 2172 1274 devinctum,
2206 1215 2262 1263 et
2310 1208 2637 1264 obstrictum
2682 1211 2885 1278 cernis,
2915 1222 2970 1267 tu
2999 1221 3180 1268 autem
3234 1223 3417 1269 scorta

1838 1296 2077 1366 despicis
2108 1303 2272 1367 atque
2310 1298 2649 1368 aspernaris.
2680 1299 2868 1372 Itaque
2897 1309 2951 1356 tu
2979 1303 3417 1372 perturbationis
3453 1348 3457 1352 .

1839 1387 2097 1445 dominus
2129 1405 2210 1454 es,
2238 1391 2330 1446 ille
2370 1392 2736 1462 voluptatum,
2769 1410 2891 1463 qua:
2938 1396 3037 1452 abs
3093 1404 3145 1452 te
3189 1397 3418 1453 devicta:

1839 1486 1988 1545 sunt,
2007 1496 2222 1536 servus.
2262 1499 2279 1533 ι
2302 1482 2591 1539 Faciamus
2614 1499 2743 1555 ergo
2767 1485 3064 1553 hominem,
3089 1496 3143 1542 et
3167 1489 3369 1561 praesit.
3394 1509 3412 1541 ι

1819 1569 1942 1627 ~Ubi
1971 1579 2056 1627 est
2088 1572 2391 1644 imperandi
2419 1576 2524 1641 vis,
2553 1577 2665 1633 illic
2694 1586 2749 1633 et
2771 1579 2948 1649 imago
2984 1578 3102 1634 Dei.

1913 1684 1932 1717 ι
1955 1664 2148 1721 Praesit
2172 1668 2435 1738 piscibus.
2462 1688 2481 1722 ι
2523 1668 2768 1725 Primum
2803 1672 2964 1727 nobis
2987 1673 3174 1731 datum
3199 1681 3283 1729 est
3315 1673 3421 1728 im-

1764 1735 1806 1792 Β
1836 1757 2047 1825 perium
2064 1758 2118 1813 in
2135 1735 2220 1821 ea,
2248 1775 2369 1829 quae
2396 1760 2732 1818 habitatione
2757 1777 2789 1817 a
2818 1763 2979 1818 nobis
2997 1764 3246 1835 seiuncta
3265 1774 3416 1822 sunt.

1834 1848 1950 1905 Non
1978 1850 2116 1905 dixit
2146 1892 2161 1918 ,
2192 1850 2390 1909 Praesit
2420 1855 2812 1923 animantibus,
2843 1872 2965 1927 quae
2988 1858 3152 1913 simul
3176 1874 3301 1913 cum
3339 1859 3421 1930 ip‘v

1833 1954 1895 1996 so
1927 1948 2057 1995 sunt
2085 1940 2340 2009 educata,
2376 1942 2470 1998 sed
2496 1943 2763 2014 piscibus,
2806 1945 2902 2015 qui
2954 1947 3123 2000 vitam
3165 1947 3220 2001 in
3261 1949 3418 2019 aquis

1833 2032 2058 2101 degunt.
2096 2030 2284 2087 Primo
2333 2032 2500 2104 igitur
2530 2035 2689 2091 nobis
2725 2036 2780 2089 in
2831 2036 3012 2105 pisces
3036 2038 3298 2093 traditum
3335 2050 3419 2096 est

1836 2124 2146 2196 imperium.
2185 2125 2473 2192 Quomodo
2505 2134 2689 2182 autem
2742 2129 2987 2198 piscibus
3038 2129 3421 2199 imperamus?

1834 2216 1888 2271 Si
1920 2226 2143 2288 propter
2174 2216 2355 2287 lacum
2386 2218 2623 2288 aliquem
2662 2220 3020 2289 conspiceris,
3072 2221 3231 2278 facile
3260 2233 3417 2291 potes

1834 2309 2296 2376 animadvertere,
2330 2311 2608 2381 quomodo
2653 2311 2720 2366 ad
2764 2313 3011 2369 umbram
3047 2322 3196 2369 tuam
3223 2327 3418 2373 omnes

1834 2399 2109 2471 trepident
2140 2401 2206 2456 ac
2253 2402 2708 2457 contremiscant.
2762 2402 2898 2470 Quis
2938 2404 3107 2461 herus
3154 2404 3416 2461 familiam

1836 2489 2264 2544 tumultuantem
2317 2489 2466 2543 domi
2516 2499 2741 2560 repente
2774 2491 3085 2548 consistens
3134 2494 3208 2548 ita
3239 2495 3414 2559 sedat,

1831 2582 2237 2654 praesentiaque
2274 2598 2372 2639 sua
2419 2595 2618 2638 cuncta
2673 2583 2728 2637 in
2783 2583 3034 2640 ordinem
3097 2586 3310 2655 redigit,
3362 2596 3419 2642 et

1832 2674 2152 2731 universum
2214 2675 2523 2729 natantium
2599 2690 2774 2745 genus
2835 2676 2901 2731 ad
2965 2677 3127 2732 unius
3179 2678 3417 2734 hominis

1832 2774 2117 2837 aspectum
2166 2765 2395 2838 ﬁguram
2455 2774 2650 2833 mutat,
2707 2775 2765 2821 ut
2813 2783 2922 2821 non
2977 2770 3215 2840 amplius
3248 2771 3419 2826 libere

1829 2860 2046 2932 degere,
2074 2877 2178 2917 nec
2198 2876 2294 2932 per
2318 2861 2485 2917 maris
2512 2862 2731 2917 lucusve
2757 2878 3002 2919 summas
3028 2864 3205 2920 undas
3227 2872 3420 2922 natare

1831 2952 2081 3008 audeat?
2105 2951 2408 3023 Delphinus
2434 2952 2574 3023 ipse,
2606 2954 2699 3024 qui
2734 2954 2876 3009 inter
2903 2955 3186 3020 animalia,
3217 2971 3340 3027 qua:
3360 2956 3419 3011 in
3496 3020 3503 3027 _

136 3053 331 3117 Οὕτως
364 3038 520 3122 ἒδόθη
544 3050 621 3121 τῷ
647 3049 919 3121 ἀνθρώπῳ
947 3051 980 3121 ἡ
1007 3048 1147 3103 κατά
1176 3047 1285 3101 τῶν
1315 3044 1530 3118 νηκτῶν
1557 3045 1723 3117 ἀρχή.

1836 3045 1989 3116 aquis
2018 3044 2243 3117 degunt,
2281 3046 2576 3116 plurimum
2620 3054 2822 3118 potest,
2862 3048 3140 3105 hominem
3176 3058 3417 3114 veretur.

137 3149 316 3201 ὀταν
343 3146 402 3200 δὲ
427 3143 542 3215 ἴδῃς
575 3140 802 3198 σεαυτοῦ
828 3141 922 3196 τὸν
949 3140 1205 3211 λογισμὸν
1231 3139 1449 3194 πάντων
1474 3137 1729 3207 διήκοντα

1836 3146 1886 3193 et
1924 3138 2201 3195 observat.
2230 3137 2323 3193 Sic
2347 3139 2556 3194 homini
2587 3142 2639 3194 in
2667 3156 2730 3195 ea
2759 3140 2920 3198 datus
2944 3152 3027 3198 est
3050 3144 3417 3215 principatus.

134 3237 237 3292 καὶ
263 3235 485 3291 πάντων
514 3230 839 3305 κρατοῦντα,
870 3231 990 3296 πῶς
1014 3231 1134 3301 ούχί
1159 3228 1268 3285 τῶν
1295 3228 1478 3301 κητῶν
1504 3229 1728 3305 ἀρχειςς

134 3326 302 3385 Εἰδον
334 3325 448 3396 ἐγὼ
477 3326 719 3380 ἐπίνοιαν
765 3322 1136 3393 ἀνθρωπίνην,
1165 3323 1246 3377 ὅτι
1284 3321 1527 3376 ποιοῦσιν
1567 3321 1730 3391 ἀγκί-

137 3440 323 3495 στρων
362 3420 527 3474 τινῶν
568 3419 934 3491 κατασκευὴν,
986 3417 1079 3472 καί¹
1108 3417 1317 3479 τούτοις
1349 3414 1730 3478 ἐπιϐάλλοντες

131 3514 486 3586 δελεάσματα
546 3512 835 3584 σύμμετρα
900 3508 981 3581 τῷ
1047 3508 1268 3580 μεγέθει
1327 3508 1437 3562 τῶν
1489 3526 1730 3563 καταπι-

131 3609 345 3662 νόντων
369 3604 572 3675 κητῶν.
599 3601 735 3659 Εἶτα
754 3603 862 3657 τῶν
893 3602 1079 3673 ἀκρων
1099 3601 1325 3654 ἐκείνων
1346 3599 1460 3654 τῶν
1483 3599 1732 3671 σχοινίων

127 3689 213 3751 ὧν
247 3697 598 3768 ἀπήρτηνται
630 3695 686 3748 αἰ
721 3693 1007 3764 ἀγκιστροι
1050 3690 1194 3745 κατά
1233 3691 1296 3745 τὸ
1335 3690 1524 3763 ἕτερον
1556 3690 1731 3761 πέρας

130 3787 349 3850 ἀσκοὺς
391 3786 668 3857 πνεύμασι
704 3785 1073 3847 διατείναντες
1121 3784 1218 3838 καὶ
1248 3783 1581 3855 ἐκδήσαντες
1621 3781 1729 3835 τῶν

129 3881 333 3952 ἄκρων
381 3878 642 3944 ἐκείνων,
679 3878 989 3950 μετεώρους
1035 3875 1260 3946 ἀφίασιν
1301 3874 1465 3946 ὓπερ,
1499 3874 1592 3927 ἐπὶ
1635 3872 1729 3926 τοῦ

128 3971 439 4040 πελάγους.
513 3970 832 4042 Ἐνεχθέντα
890 3970 1069 4024 τοίνυν
1125 3967 1196 4022 τά
1248 3968 1414 4038 ἄγρια
1443 3969 1584 4039 κήτη
1620 3968 1731 4027 τοῖς

123 4061 500 4134 δελεάσμασι,
534 4063 626 4118 καί
653 4062 721 4116 τά
750 4063 1025 4134 ἄγκιστρα
1057 4060 1150 4130 ἀφ’
1185 4059 1394 4113 ἑαυτῶν
1436 4059 1728 4129 δεξάμενοι,

129 4156 304 4227 σύρει
338 4155 437 4226 μὲν
479 4156 607 4218 τοὺς
632 4156 835 4219 ἀσκοὺς
882 4155 964 4217 είς
1028 4154 1091 4206 τὸ
1155 4151 1341 4222 βάθος.
1407 4149 1473 4204 Ἠ
1518 4150 1575 4203 δὲ
1623 4149 1731 4204 τῶν

122 4245 332 4301 ἀσκῶν
360 4244 524 4315 φύσις
551 4245 838 4316 ἀνωφερὴς
871 4241 1028 4308 οὖσα,
1057 4243 1219 4297 πάλιν
1247 4240 1496 4296 ἀνθέλκει
1530 4243 1609 4303 εἰς
1635 4239 1731 4312 τὴν

130 4336 495 4405 ἐπιφάνειαν,
528 4337 623 4389 καὶ
645 4335 1054 4407 ἐμπεπαρμένα
1079 4337 1145 4405 τῇ
1178 4335 1285 4404 ἰδίᾳ
1308 4335 1480 4404 τροφῇ
1506 4331 1618 4387 ἀνω
1637 4332 1732 4385 καὶ

1833 3218 1996 3297 Quid,
2034 3246 2160 3285 cum
2195 3230 2412 3287 ratione
2444 3233 2510 3286 ad
2549 3233 2640 3287 illa
2673 3234 2912 3298 accedis,
2936 3247 2992 3290 et
3025 3237 3209 3291 omnia
3256 3254 3422 3308 supe-

1834 3339 1947 3389 ras,
1973 3340 2156 3380 nonne
2184 3325 2292 3381 illis
2314 3325 2622 3381 dominaris
2648 3327 2671 3379 ?
2711 3328 3084 3384 Animadverti
3125 3345 3225 3402 ego
3249 3332 3423 3387 soler-

1777 3489 1787 3505 ἱ
1836 3418 1963 3472 tiam
2018 3418 2338 3482 hominum,
2390 3420 2483 3488 qui
2540 3420 2717 3475 hamis
2781 3422 2847 3475 ad
2904 3432 3057 3478 cetos
3125 3424 3422 3492 capiendos

1833 3508 2121 3572 confectis.
2150 3520 2312 3580 atque
2348 3525 2475 3567 esca
2508 3527 2607 3581 pro
2637 3513 2851 3573 ratione
2900 3514 3298 3584 magnitudinis
3323 3531 3422 3591 eo-

1834 3618 1955 3656 rum
1982 3601 2411 3674 deglutientium
2448 3604 2687 3674 adjecta,
2715 3606 2949 3660 summis
3005 3606 3115 3662 illis
3172 3605 3420 3672 funibus,

1833 3694 2039 3764 quibus
2081 3695 2226 3748 hami
2277 3695 2530 3764 suspensi
2562 3704 2711 3760 sunt,
2759 3706 2909 3751 utres
2954 3712 3018 3751 ex
3050 3682 3224 3753 altera
3267 3707 3424 3768 parte

1833 3798 1995 3839 vento
2029 3784 2219 3854 plenos
2282 3786 2528 3854 alligant,
2585 3799 2793 3855 eosque
2846 3782 3085 3855 pensiles
3129 3786 3423 3842 demittunt

1834 3890 1999 3946 super
2029 3889 2201 3929 mare.
2254 3875 2324 3929 At
2369 3876 2631 3931 immania
2677 3884 2800 3932 cet-e
2852 3877 3047 3934 hamos
3080 3877 3245 3933 simul
3294 3894 3421 3933 cum

1833 3981 1961 4021 esca
1989 3966 2372 4038 degluticntia,
2404 3975 2556 4023 utres
2591 3967 2815 4038 quidem
2850 3969 2907 4024 in
2931 3967 3277 4038 profundum
3311 3978 3424 4025 tra-

1835 4057 1995 4122 hunt,
2025 4071 2241 4123 verum,
2267 4072 2391 4112 cum
2420 4072 2483 4113 ea
2513 4060 2586 4113 sit
2617 4060 2823 4114 utrium
2854 4067 3076 4125 natura,
3109 4068 3169 4114 ut
3198 4076 3421 4115 sursum

1835 4150 2088 4214 tendant,
2125 4165 2347 4206 rursum
2371 4150 2439 4204 ad
2465 4152 2634 4207 maris
2665 4152 3011 4222 superﬁciem
3037 4152 3424 4219 retrahuntur,

1834 4251 2040 4299 etcum
2099 4259 2199 4299 suo
2238 4244 2454 4299 conﬁxa
2505 4245 2844 4300 nutrimento
2898 4260 3119 4301 sursum
3163 4252 3219 4301 et
3264 4245 3426 4301 deor-

1836 4351 1958 4391 sum
2015 4337 2446 4404 tumultuantur,
2505 4337 2824 4408 jactataque
2886 4338 3308 4409 obstupescunt,
3368 4347 3426 4394 et

119 4429 296 4483 κάτω
368 4426 770 4498 μαιμάσσοντα,
831 4428 926 4480 καὶ⁹
983 4423 1300 4480 ἀλλοιοῦντα
1349 4426 1475 4487 τοὺς
1534 4423 1730 4494 βυθοὺς

1837 4428 1999 4483 modo
2036 4430 2160 4494 hoc,
2197 4427 2362 4484 modo
2416 4426 2543 4483 illoc
2597 4429 2961 4484 dimetiuntur
3010 4444 3181 4491 mare,
3223 4428 3421 4491 donec,

115 4522 505 4592 διερευνᾶται.
559 4519 780 4591 Πελάγη
827 4520 1082 4589 πελαγῶν
1114 4520 1445 4590 ἀναμετρεί,
1495 4517 1590 4570 καὶ
1641 4516 1732 4569 τὸν

112 4613 314 4667 πολὺν
342 4612 494 4666 τόνον
523 4610 804 4684 ἄπρακτον
834 4611 979 4683 ἔχον,
1004 4611 1314 4664 τελευταῖον
1347 4608 1424 4679 τῷ
1448 4608 1732 4679 ἀγκίστρῳ

116 4705 341 4774 ἐκείνῳ
370 4703 646 4775 ἁλώσιμον
688 4704 941 4773 γίνεται,
988 4703 1067 4775 τῷ
1115 4703 1262 4772 πόνῳ
1295 4700 1571 4773 δαμασθὲν
1594 4739 1609 4764 ,
1655 4699 1733 4770 τῷ

108 4795 287 4867 λιμῷ
315 4796 715 4867 καταπονηθὲν,
743 4797 938 4868 νεκρὸν
971 4796 1110 4867 μετά
1141 4794 1248 4847 τῶν
1284 4794 1471 4848 ἀσκῶν
1501 4792 1733 4864 συρόμε-

106 4906 248 4953 νον,
282 4886 509 4959 θήραμα
530 4887 738 4956 γίνεται
767 4887 846 4959 τῷ
868 4887 1080 4960 θηρατῇ
1099 4904 1112 4917 ο
1135 4885 1215 4957 τῷ
1246 4885 1451 4957 μικρῷ,
1481 4884 1541 4938 τὸ
1568 4883 1728 4955 μέγα’

101 4978 215 5048 τῷ
244 4976 491 5043 ἀσθενεῖ,
520 4978 583 5032 τὸ
608 4978 862 5033 ἄπλετον.
887 4979 986 5032 Διά
1020 4978 1108 5044 τί;
1140 4979 1221 5032 ὅτι
1254 4981 1321 5051 τῇ
1350 4976 1445 5031 τοῦ
1468 4974 1730 5047 λογισμοῦ

98 5069 435 5144 τεεριουσία
477 5070 706 5142 δύναμιν
747 5068 840 5124 τοῦ
886 5070 1076 5142 ἄρχειν
1126 5069 1309 5125 λαϐὼν
1335 5109 1351 5133 ,
1409 5070 1484 5133 ὼς
1526 5068 1732 5131 κακοὺς

91 5163 417 5238 δραπέτας
455 5164 591 5234 πρὸς
624 5163 913 5235 ἀκρίϐειαν
945 5162 1068 5233 ἄγει
1102 5163 1230 5227 τοὺς
1264 5161 1688 5224 ἀπειθεστάτους
1715 5177 1729 5191 ·

88 5256 266 5317 τοὺς
317 5254 394 5324 μὴ
441 5253 773 5325 δυναμένους
824 5255 894 5308 δι’
933 5254 1274 5327 ἡμερότητος
1330 5252 1730 5324 προσαχθῆναι,

84 5345 363 5409 τούτους
384 5345 473 5400 διά
497 5345 600 5416 τῆς
630 5347 877 5418 ἀνάγκης
900 5344 1201 5401 δουλοῦται.
1231 5343 1421 5407 Οὕτως
1454 5340 1731 5412 πανταχοῦ

82 5446 144 5515 ἡ
194 5437 298 5493 τοῦ
324 5439 514 5510 ἄρχειν
537 5439 767 5509 δύναμις
798 5440 950 5511 παρὰ
976 5439 1071 5494 τοῦ
1098 5439 1382 5501 κτίσαντος
1404 5437 1731 5508 ἐγγινομένη

76 5532 214 5605 τῷ
246 5530 524 5604 ἀνθρώπῳ
554 5533 811 5604 ὑπάρχει.
859 5534 1143 5589 Ἐντεῦθεν
1175 5533 1381 5603 Ξιφίαι,
1417 5534 1512 5587 καὶ
1534 5532 1734 5600 Ζύγαι-

72 5641 248 5684 ναι,
280 5622 378 5676 καὶ
404 5621 689 5687 Φάλαιναι,
720 5622 818 5677 καὶ
847 5623 1097 5695 Πρίονες,
1129 5623 1224 5678 καὶ
1252 5621 1395 5693 βόες,
1429 5621 1525 5676 καὶ
1552 5620 1732 5675 πάντα

73 5715 325 5773 ἐκεῖνα
376 5712 448 5767 τὰ
497 5713 706 5785 φοϐερὰ
746 5713 854 5767 τῶν
911 5715 1094 5780 κητῶν
1130 5716 1392 5788 ὀνόματα,
1443 5713 1730 5786 ὑποχείρια

74 5806 327 5881 γέγονε
364 5804 443 5875 τῷ
473 5805 768 5875 ἀνθρώπῳ.

440 5898 723 5958 ΡΑτιιοι..
774 5898 894 5959 Gn.
942 5899 1164 5960 XLIV.
1272 5964 1283 5967 _

1168 6036 1252 6051 ιιι...

1836 4521 2012 4575 multo
2048 4520 2255 4577 frustra
2298 4522 2487 4578 labore
2520 4530 2874 4592 consumpto,
2910 4521 3124 4577 defessa
3173 4521 3425 4591 fameque

1835 4614 2063 4678 domita,
2119 4622 2285 4684 atque
2334 4615 2512 4670 hamis
2562 4615 2958 4684 comprehensa
2993 4614 3214 4670 tandem
3277 4614 3425 4669 occi-

1835 4707 1992 4774 dunt,
2022 4716 2077 4761 et
2111 4722 2236 4761 cum
2258 4707 2474 4763 utribus
2500 4706 2815 4772 trahuntur,
2844 4716 2898 4761 et
2929 4709 3211 4761 venatoris
3236 4703 3423 4775 praeda

1838 4799 1994 4864 ﬁunt,
2038 4799 2351 4870 ceduntque
2388 4812 2557 4868 parvo
2580 4798 2833 4869 grandia,
2857 4798 3136 4853 imbecillo
3158 4797 3419 4852 valentia.

1835 4892 1980 4960 Quid
2030 4892 2149 4946 ita?
2203 4889 2475 4958 Quoniam
2536 4892 2603 4955 is,
2670 4890 2763 4959 qui
2810 4890 3043 4946 rationis
3106 4890 3437 4962 praestantia

1834 4982 2173 5037 dominatum
2202 4989 2288 5038 est
2339 4989 2646 5044 assecutus.
2709 4989 2972 5053 tanquam
3018 4982 3294 5050 mancipia
3326 4997 3422 5036 ne-

1835 5086 2025 5143 quam,
2057 5087 2122 5131 ac
2153 5069 2384 5143 fugitiva
2410 5087 2506 5143 per
2534 5060 2643 5128 vim
2673 5074 2740 5129 ad
2768 5073 3006 5129 ofﬁcium
3038 5081 3276 5135 revocat,
3298 5088 3422 5142 quae

1836 5164 1945 5218 alio
1977 5167 2152 5234 {pacto
2180 5164 2386 5221 adduci
2441 5180 2553 5220 non
2603 5166 2937 5237 potuissent,
2999 5174 3057 5221 ut
3095 5181 3219 5221 cum
3273 5165 3419 5218 ultro

1836 5272 2032 5327 parere
2073 5258 2376 5323 noluerint,
2430 5259 2745 5330 necessario
2807 5260 3068 5317 serviant.
3129 5257 3280 5312 Adeo
3334 5246 3443 5312 vis.

1837 5350 2141 5419 imperandi
2172 5365 2202 5405 a
2237 5350 2349 5408 Deo
2399 5351 2608 5407 homini
2643 5353 2806 5409 insita
2846 5363 2902 5408 et
2930 5353 3169 5422 ingenita
3212 5349 3420 5420 ubique

1836 5448 2006 5510 patet.
2041 5441 2116 5496 Ex
2170 5458 2279 5513 quo
2334 5442 2411 5509 ﬁt,
2461 5450 2521 5499 ut
2572 5445 2709 5500 eiet
2761 5443 2958 5515 xiphia:
2991 5457 3086 5497 seu
3128 5440 3318 5512 gladii,
3361 5447 3421 5496 et

1837 5548 2089 5604 zygaanaa,
2121 5545 2175 5591 et
2229 5536 2476 5600 balaanaa,
2507 5545 2562 5591 et
2593 5550 2776 5598 serrae,
2825 5544 2880 5589 et
2902 5534 3057 5588 vituli
3112 5529 3335 5598 marini,
3363 5537 3421 5586 et

1837 5621 2046 5691 reliqua
2073 5623 2334 5679 terribilia
2368 5631 2613 5680 cetorum
2649 5639 2851 5695 genera
2889 5622 3139 5699 subjecta
3171 5622 3304 5679 sint.

3103 5889 3137 5951 9
