3890 6396
498 362 595 416 267

1728 361 1784 415 S.
1826 359 2155 417 GllEGORIl
2192 362 2484 423 NYSSENI

3652 374 3755 429 268

573 499 592 532 ι
615 478 810 536 Praesit
830 480 1068 551 piscibus
1087 479 1273 543 maris,
1299 489 1353 533 et
1381 478 1572 535 bestiis
1594 489 1773 535 terrae.
1799 502 1817 533 ι
1844 482 2057 537 Gravcn

2259 506 2279 539 ι
2328 488 2669 560 Ἀρχέτωσαν
2701 454 2811 543 τιῖιν
2840 486 3038 560 ἰχθύων
3070 489 3167 560 τῆς
3195 488 3494 560 θαλάσσης,
3526 491 3622 546 καὶ
3649 489 3756 546 τῶν

496 586 561 626 ac
586 567 922 626 frondentem
973 570 1186 624 leonem
1234 584 1346 624 non
1382 571 1610 640 aspicis,
1652 571 1812 641 cujus
1842 573 1925 627 vel
1968 587 2073 628 no-

497 674 621 715 men
661 661 837 730 ipsum
882 658 1015 714 ferri
1064 674 1177 713 non
1213 668 1413 729 potest,
1451 656 1817 732 fremitusque
1866 670 2069 719 terram

496 750 837 804 tremefecit?
870 748 1094 819 Ecquod
1130 757 1353 811 tantum
1384 758 1470 805 est
1505 752 1694 816 robur,
1720 761 1779 806 ut
1807 752 2070 823 impetum

492 840 610 909 ejus
657 847 823 908 queat
860 839 1175 894 sustinere?
1213 838 1429 894 Nullum
1478 840 1683 895 animal
1726 851 1835 896 tam
1860 828 2070 898 viribus

490 929 718 985 confidit
757 930 906 995 suis,
944 939 1004 984 ut
1050 928 1228 984 leonis
1260 929 1368 983 vim
1400 929 1645 999 perferre
1677 932 1875 1002 possit.
1909 932 2069 986 Atta-

489 1034 614 1074 men
649 1019 802 1072 illum
836 1017 893 1072 in
926 1031 1098 1088 parvo
1145 1016 1357 1070 vivario
1406 1016 1681 1072 inclusum
1725 1018 1899 1073 vides.
1933 1018 2069 1085 Quis

488 1110 669 1180 ipsum
699 1109 970 1171 cohibuit,
1018 1123 1083 1162 ac
1121 1107 1376 1162 domuit?
1411 1107 1546 1174 Quis
1571 1111 1829 1180 exiguum
1860 1112 2067 1182 ingenti

487 1201 710 1255 animali
757 1214 1037 1256 carcerem
1095 1199 1459 1269 excogitavit?
1507 1198 1643 1267 Quis
1685 1216 1844 1256 raros
1887 1217 2068 1259 caveae

465 1299 678 1365 -ligneae
720 1296 997 1351 cancellos
1023 1296 1298 1351 exstruxit
1328 1292 1478 1358 ferae,
1510 1309 1620 1365 quo
1651 1295 1967 1365 respiraret,
1998 1312 2067 1353 ne

484 1404 587 1446 suo
627 1391 743 1459 ipsa
776 1388 1019 1442 anhelitu
1060 1385 1446 1452 sufl‘ocaretur,
1491 1387 1586 1442 sed
1620 1388 1792 1443 libere
1824 1389 2064 1444 animam

485 1481 735 1543 duceret,
779 1493 1085 1548 secureque
1131 1477 1393 1548 degeret?
1435 1478 1599 1548 quis?
1629 1494 1814 1535 nonne
1861 1481 2066 1536 homo?

482 1573 537 1626 ls
597 1570 939 1626 saevissimas
989 1584 1240 1639 quasque
1299 1567 1445 1623 feras
1501 1569 1611 1623 sibi
1662 1569 1851 1624 ludum
1910 1570 2060 1626 facit.

483 1663 679 1719 Nonne
722 1662 1020 1731 pantheras
1070 1658 1251 1715 illudit
1284 1660 1497 1730 objecta
1541 1661 1755 1727 charta,
1792 1662 2061 1732 depictam

488 1757 728 1811 hominis
762 1755 997 1824 speciem
1034 1751 1393 1822 praeferente?
1418 1751 1527 1830 Illa:
1560 1762 1869 1823 correptam
1902 1754 2062 1807 char-

484 1857 595 1902 tam
625 1849 943 1917 discerpunt
978 1863 993 1899 :
1025 1844 1189 1898 homo
1228 1858 1361 1899 vero
1391 1841 1536 1897 infra
1574 1843 1789 1913 positus
1814 1840 2055 1899 ferarum

482 1942 769 1999 stultitiam
798 1940 1025 1996 deridet.
1050 1935 1241 1992 Nonne
1265 1937 1431 2009 igitur
1458 1938 1717 1992 omnibus
1739 1938 2058 1992 antecellit?

481 2034 621 2101 Quid
658 2035 724 2088 de
757 2033 1077 2089 volucribus
1129 2030 1354 2086 dicam?
1399 2030 1454 2083 in
1489 2045 1616 2084 aera
1663 2045 1772 2084 non
1803 2030 2054 2085 ascendit

481 2127 667 2191 homo,
716 2141 830 2181 non
878 2126 1023 2180 enim
1076 2125 1239 2179 habet
1282 2123 1401 2178 alas
1436 2142 1449 2177 :
1483 2130 1538 2176 at
1586 2124 1767 2177 avium
1812 2124 2054 2178 volatum

478 2219 530 2272 vi
570 2218 804 2273 rationis
845 2216 1178 2287 assequitur.
1211 2213 1358 2268 Nihil
1399 2213 1545 2268 enim
1585 2214 1853 2269 rationem
1893 2230 2054 2269 coer-

479 2312 615 2364 cere‘
652 2317 863 2379 potest._
912 2306 1061 2371 Haec,
1113 2320 1235 2375 qua:
1282 2305 1336 2359 in
1390 2304 1835 2373 profundissimis
1878 2305 2052 2373 pelagi

481 2400 732 2470 partibus
780 2408 929 2466 sunt,
960 2402 1262 2454 scrutatur.
1295 2393 1540 2448 Venatur
1568 2409 1655 2459 ea,
1692 2409 1813 2463 qua:
1852 2402 2054 2448 terram

481 2492 725 2546 incolunt
758 2509 771 2544 :
803 2491 967 2560 capit,
1015 2501 1137 2558 qua:
1195 2493 1492 2541 versantur
1542 2486 1596 2538 in
1660 2499 1805 2538 aere.
1854 2484 2056 2539 Vidisti

479 2583 774 2654 aliquando
815 2584 869 2637 in
901 2595 1116 2638 summo
1148 2578 1364 2634 arhoris
1406 2592 1558 2631 ramo
1596 2577 1920 2632 insidentem
1964 2591 2057 2643 vo-

478 2678 686 2730 lucrem
715 2686 990 2735 securam,
1019 2678 1183 2740 atquc
1207 2668 1456 2722 homines
1479 2675 1887 2737 aspernantem,
1914 2668 2056 2720 hanc

478 2747 660 2820 tamen
713 2778 849 2834 puer
887 2761 1083 2817 ludens
1127 2757 1563 2828 comprehendit.
1615 2756 1869 2813 Calamos
1907 2759 2053 2840 enim

477 2857 703 2911 calamis
732 2854 977 2922 subjicit,
1005 2866 1211 2922 eosque
1239 2864 1484 2906 summos
1508 2850 1670 2904 illinit
1704 2850 1876 2905 visco.
1904 2849 2052 2905 Tum

481 2964 574 3017 per
602 2962 806 3011 ramos,
853 2961 918 3000 ac
963 2945 1093 2998 folia
1128 2945 1267 2999 clam
1317 2943 1390 2996 ita
1423 2942 1668 3012 disponit
1712 2952 1767 2998 ct
1798 2944 1959 3009 locat,
1996 2953 2054 2999 ut

475 3041 687 3094 viscqu
731 3052 839 3092 non
897 3042 1161 3106 appareat
1211 3036 1389 3091 oculis
1435 3036 1675 3090 volucris
1726 3034 1779 3088 in
1828 3036 2050 3091 sublimi

2174 579 2378 652 θηρίων
2409 581 2507 650 τῆς
2541 581 2664 651 γῆς.
2715 599 2735 633 ι
2775 580 2888 650 Οὑχ
2917 581 3052 652 όρᾷς
3092 579 3183 634 τὸν
3211 580 3400 635 λέοντα
3430 581 3526 635 τὸν
3556 581 3751 653 βαρὺν,

2171 672 2262 725 τὸν
2306 670 2654 743 βρυχητικὸν,
2704 666 2767 726 οὑ
2808 672 2905 725 καὶ
2947 671 3007 725 τὸ
3047 670 3220 741 ὄνομα
3254 670 3547 742 ἀφόρητον,
3598 674 3699 726 καὶ
3726 675 3756 726 6

2173 764 2418 836 βρυγμὸς
2449 763 2755 834 ὑπότρομον
2784 765 2929 816 ποιεῖ
2946 762 3046 833 τὴν
3074 762 3206 834 γῆν;
3228 754 3273 829 ᾧ
3301 763 3409 815 τίνι
3436 762 3591 817 ἐστὶν
3610 762 3757 818 οὕτω

2171 856 2426 927 φορητὸν,
2465 855 2605 910 ὥστε
2649 856 2824 927 ὁρμὴν
2857 854 3021 910 αὑτοῦ
3072 848 3397 926 ὑπομεῖναι;
3432 856 3593 911 οὐδὲν
3645 857 3756 912 τῶν

2170 945 2324 1012 ζώων
2365 946 2601 1018 τοσαύτῃ
2651 944 2875 999 πέποιθε
2920 946 3202 1016 δυνάμεως
3255 946 3570 1019 περιουσίᾳ,
3608 948 3753 1002 ὥστε

2170 1038 2467 1110 ὑποστῆναι
2496 1039 2673 1110 ὁρμὴν
2708 1038 2938 1103 λέοντος.
2995 1039 3134 1092 Ἀλλ’
3167 1040 3314 1109 ὅμως
3360 1040 3569 1093 ἐκεῖνον
3618 1041 3753 1112 ὁρᾷς

2167 1131 2224 1183 ἐν
2257 1129 2437 1201 μικρῷ
2469 1128 2666 1202 ζώγρῳ
2698 1128 3243 1199 κατακεκλεισμένον.
3271 1130 3367 1193 Τίς
3394 1130 3424 1181 6
3452 1130 3753 1201 καθείρξας

2167 1222 2363 1287 αὑτόνς
2394 1223 2422 1276 6
2459 1221 2522 1275 τό
2572 1222 2767 1294 μικρὸν
2812 1221 3184 1293 δεσμωτήριον
3226 1220 3304 1291 τῷ
3352 1221 3580 1292 μεγάλῳ
3629 1221 3753 1291 ζώῳ

2166 1314 2494 1383 ἐπινοήσας;
2519 1313 2602 1377 τίς
2624 1314 2653 1366 6
2678 1316 2744 1385 τῇ
2771 1313 3052 1385 ἀραιότητι
3074 1313 3183 1366 τῶν
3213 1313 3499 1383 στημόνων
3523 1313 3752 1366 ἐκείνων

2165 1403 2273 1457 τῶν
2301 1403 2524 1470 ξυλίνων
2551 1403 2649 1473 τὴν
2676 1403 2948 1475 ἀναπνοὴν
2977 1403 3055 1475 τῷ
3088 1403 3262 1476 θηρίῳ
3293 1404 3750 1475 παρασκευάσας,

2162 1493 2239 1557 ὼς
2281 1494 2358 1566 μὴ
2399 1496 2690 1560 ἀποπνῖξαι
2735 1495 2868 1549 αὑτὸ
2910 1494 2987 1565 τῷ
3018 1495 3134 1565 ἰδίῳ
3173 1493 3435 1564 ἄσθματι,
3470 1493 3617 1548 ἀλλά
3659 1496 3752 1548 καὶ

2166 1585 2440 1653 ἀναπνοὴν
2473 1584 2775 1655 ἐλευθέριον
2813 1583 2961 1653 αὑτῷ
2997 1583 3119 1647 δοὺς
3139 1626 3153 1648 ,
3190 1583 3286 1635 καί
3312 1583 3413 1653 τὴν
3441 1582 3751 1650 ἀσφάλειαν
3774 1623 3785 1631 .

2160 1661 2613 1749 ¹διοικησόιμενος;
2646 1677 2775 1741 Τίς;
2807 1676 2941 1746 Οὑχί
2969 1674 3285 1747 ἀνθρωπος;
3313 1674 3545 1742 παίγνια
3572 1675 3750 1727 ποιεῖ-

2165 1784 2255 1822 ται
2286 1767 2392 1820 τῶν
2420 1766 2623 1837 θηρίων
2664 1766 2731 1818 τὰ
2757 1765 3143 1836 χαλεπώτατα·
3174 1764 3275 1818 οὑκ
3304 1763 3613 1828 ἀποπαίξει
3642 1764 3748 1818 τῶν

2164 1859 2520 1931 παρδάλεων,
2578 1859 2707 1911 ὅταν
2751 1858 3011 1931 ὑποτείνῃ
3064 1858 3273 1928 χάρτην
3323 1858 3404 1919 εἰς
3453 1857 3749 1928 ἄνθρωπον

2164 1952 2632 2023 ἐσχηματισμένον
2655 1966 2670 2015 ;
2697 1951 2788 2003 καὶ
2815 1951 2849 2020 ὴ
2884 1951 3000 2020 μὲν,
3033 1950 3123 2002 τὸν
3161 1950 3369 2020 χάρτην
3407 1948 3745 2019 ἐσπάραξεν·

2161 2046 2189 2097 6
2212 2044 2267 2097 δέ
2301 2043 2586 2114 ἄνθρωπος
2616 2043 2766 2095 κάτω
2800 2042 3069 2111 κείμενος,
3101 2040 3201 2111 τῆς
3228 2040 3412 2103 ἀνοίας
3429 2040 3526 2093 τοῦ
3555 2040 3749 2112 θηρίου

2163 2134 2545 2203 κατεγέλασεν.
2582 2133 2657 2186 Οὑ
2690 2132 2974 2203 περιουσίᾳ
3007 2131 3223 2185 πάντων
3253 2132 3448 2200 κρατεῖ
3472 2131 3503 2184 ό
3531 2131 3747 2202 ἄνθρω-

2162 2243 2292 2290 πος;
2335 2223 2460 2287 Πῶς
2495 2224 2632 2276 εἴπω
2674 2239 2756 2275 σοι
2799 2223 2927 2291 περὶ
2964 2221 3072 2274 τῶν
3119 2220 3470 2289 πετομένων;
3522 2220 3609 2272 ὅτι
3649 2218 3751 2271 οὑκ

2163 2316 2437 2371 ἀναϐαίνει
2481 2315 2632 2385 pitu-6
2664 2314 2949 2383 ἄνθρωπος
2979 2314 3058 2375 εἰς
3093 2310 3183 2363 τὸν
3209 2310 3364 2380 ἀέρα·
3397 2310 3458 2364 οὑ
3487 2309 3600 2381 γὰρ
3632 2309 3748 2380 ἔχει

2162 2410 2367 2479 πτερά·
2402 2405 2848 2476 συμπαρίπταται
2879 2403 2934 2456 δέ
2973 2402 3083 2464 τοῖς
3131 2403 3355 2471 πτηνοῖς
3391 2403 3455 2471 τῇ
3505 2399 3605 2453 τοῦ
3654 2399 3746 2454 νοῦ

2160 2502 2406 2570 δυνάμει.
2448 2497 2615 2551 Οὐδὲν
2652 2495 2871 2565 κατέχει
2920 2494 3010 2546 τὸν
3046 2491 3326 2563 λογισμόν.
3367 2492 3447 2544 Ta
3488 2493 3549 2547 ἐν
3599 2492 3749 2563 βυθῷ

2160 2590 2533 2662 διερευνᾶται,
2580 2586 2647 2640 τὰ
2690 2586 2829 2655 ὑπὲρ
2863 2584 2967 2654 γῆς
3005 2583 3260 2653 θηρᾶται,
3301 2582 3370 2634 τὰ
3413 2583 3470 2635 ἐν
3515 2580 3597 2652 τῷ
3625 2581 3745 2653 ἀέρι

2163 2677 2696 2752 προκαταλαμϐάνει.
2758 2672 2913 2740 Εἰδές
2975 2692 3102 2728 ποτε
3158 2676 3245 2727 ἐπ’
3309 2674 3482 2744 ἀκρον
3542 2673 3742 2727 κλάδου

2162 2773 2524 2842 καθεζόμενον
2581 2770 2766 2839 ὑρνεον
2830 2765 3148 2835 καταγελῶν
3216 2765 3325 2817 τῶν
3396 2763 3742 2834 ἀνθρώπωνς

2162 2867 2387 2920 πέποιθε
2426 2864 2534 2935 γὰρ
2574 2865 2641 2933 τῇ
2691 2860 2981 2929 κουφότητι
3019 2858 3115 2911 τοῦ
3160 2856 3395 2929 πτεροῦ·
3436 2855 3555 2909 ἀλλ’
3583 2857 3745 2926 ὅμως

2161 2962 2306 3016 ἔστιν
2370 2960 2497 3013 ἰδεῖν
2554 2956 2718 3010 παῖδα
2756 2938 3094 3023 ἀδολεσχεῖν,
3140 2952 3418 3022 καλάμους
3473 2950 3747 3020 καλάμοις

2162 3049 2550 3111 ὑποϐάλλοντα,
2594 3046 2688 3099 καὶ
2724 3044 2865 3097 κατὰ
2896 3043 2957 3096 τὸ
2987 3042 3155 3112 ἄκρον
3183 3041 3291 3094 τῶν
3331 3039 3599 3109 καλάμων
3634 3038 3742 3104 ἰξὸν

477 3128 753 3185 versantis
801 3148 814 3182 :
869 3136 1034 3198 atque
1102 3127 1157 3180 in
1226 3128 1426 3197 exiguo
1475 3135 1732 3180 contactu
1793 3135 2050 3197 superat,

2163 3140 2635 3216 προσαρτήσαντα,
2675 3130 2792 3186 εἶτα
2831 3131 3203 3193 λανθανόντως
3243 3130 3331 3183 διὰ
3373 3129 3483 3182 τῶν
3530 3128 3745 3183 κλάδων

477 3222 907 3290 obstrictamque
943 3227 1090 3275 tenet
1122 3234 1266 3285 eam,
1319 3233 1441 3289 quae
1477 3232 1657 3273 aerem
1684 3218 1894 3286 incolit,
1929 3233 2051 3288 quae

477 3315 532 3368 in
574 3312 775 3368 aethere
817 3320 1066 3380 vagatur.
1119 3309 1266 3365 Infra
1315 3317 1503 3364 manet
1544 3310 1728 3377 homo,
1773 3310 1915 3365 infra
1968 3322 2053 3368 est

478 3406 629 3460 illius
656 3419 872 3462 manus.
908 3402 1003 3458 sed
1034 3402 1154 3472 ejus
1184 3401 1434 3457 ascendit
1459 3403 1743 3473 cogitatio.
1766 3405 1945 3474 Atque
1979 3405 2052 3459 ita

474 3499 611 3575 nihil
645 3504 751 3558 est.
791 3495 856 3551 ad
888 3496 1033 3566 quod
1089 3495 1182 3550 ille
1215 3504 1343 3558 ,arte
1382 3509 1491 3548 non
1532 3494 2053 3574 perveniat..Alites

476 3588 706 3651 retibus,
739 3587 1062 3658 sagittisque
1094 3586 1255 3657 petit,
1292 3592 1348 3642 et
1399 3601 1589 3641 earum
1624 3588 1897 3643 avidiores
1926 3604 2053 3644 esca

476 3681 667 3737 allicit.
692 3664 885 3737 Nonne
910 3679 1206 3750 aliquando
1243 3681 1432 3735 vidisti
1464 3681 1706 3752 aquilam
1746 3681 2052 3736 inhiantem

473 3777 687 3849 praedae,
735 3778 917 3849 plagis.
961 3776 1203 3832 irretiri?
1256 3777 1349 3831 Sic
1406 3791 1527 3847 quae
1558 3777 1747 3831 volatu
1794 3776 2052 3831 sublimia

475 3872 715 3942 petebat,
748 3871 1003 3925 humanis
1039 3869 1311 3924 illecebris
1334 3867 1591 3923 deorsum
1629 3869 1888 3923 trahitur.
1924 3866 2055 3923 0m-

475 3963 567 4016 nia
610 3961 851 4016 hominis
888 3961 1080 4014 manui
1112 3959 1348 4028 subjecit
1379 3958 1543 4014 Deus.
1587 3958 1787 4014 Orbem
1831 3958 2055 4013 univer-

476 4069 597 4109 sum
629 4048 938 4121 complevit,
984 4059 1039 4107 et
1083 4051 1363 4106 hominem
1391 4050 1733 4119 principatus
1778 4059 2055 4121 expertem

476 4158 600 4198 esse
651 4142 846 4196 noluit.
895 4139 973 4195 Ne
1030 4130 1238 4195 diieris
1298 4146 1351 4193 te
1401 4140 1469 4192 ab
1525 4139 1616 4203 iis,
1660 4149 1783 4209 quae
1829 4142 1883 4193 in
1930 4155 2057 4195 aere

479 4241 791 4296 versantur,
834 4229 1104 4301 superari.
1136 4227 1370 4282 Ratione
1400 4227 1546 4281 enim
1579 4234 1633 4282 et
1675 4228 1766 4281 illa
1800 4228 1898 4283 tibi
1924 4227 2058 4284 sub-

474 4325 616 4394 jecta
657 4332 804 4388 sunt,
842 4325 985 4378 sicut
1011 4336 1230 4384 eorum,
1263 4334 1385 4390 qua:
1414 4328 1512 4391 per
1542 4329 1745 4374 terram
1790 4319 2056 4390 gradiun‘

474 4429 565 4473 tur
596 4424 651 4473 et
683 4424 934 4487 serpunt,
982 4416 1196 4470 ratione
1224 4414 1493 4468 dominus
1519 4428 1599 4470 es.
1639 4412 1810 4470 Vides
1852 4415 1908 4469 in
1943 4430 2058 4486 quo

470 4510 740 4566 consistat
769 4517 822 4564 te
860 4508 1062 4563 factum
1090 4520 1216 4563 esse
1244 4505 1313 4561 ad
1344 4505 1638 4577 imaginem
1672 4505 1765 4561 Dei
1785 4507 1811 4560 ?

2156 3239 2253 3294 καὶ
2293 3234 2400 3287 τῶν
2433 3228 2644 3299 φύλλων
2670 3225 2944 3296 κλέψαντα
2986 3223 3080 3277 τοῦ
3127 3220 3239 3288 ἰξοῦ
3284 3221 3384 3292 τὴν
3415 3222 3743 3291 παρουσίαν,

2154 3328 2247 3382 καὶ
2272 3316 2847 3392 ἀπομετεωριζόμενον
2874 3313 2933 3365 τὸ
2955 3312 3109 3383 όμμα
3135 3308 3229 3364 τοῦ
3255 3309 3445 3380 ὀρνέου
3470 3310 3743 3381 τηρήσας,

2157 3401 2328 3491 μικρᾷ
2359 3409 2697 3484 προσψαὺσει
2730 3406 3003 3478 ἐκράτησε
3044 3402 3105 3456 τὸ
3147 3400 3508 3473 ἀεροποροῦν,
3545 3400 3609 3453 τὸ
3658 3400 3745 3454 διὰ

2154 3508 2248 3564 τοῦ
2284 3506 2500 3576 αἰθέρος
2537 3500 2836 3571 φερόμενον
2880 3496 3113 3567 πτηνὸν,
3144 3494 3365 3566 δέσμιον
3413 3491 3509 3564 ἰξῷ
3539 3493 3743 3564 ἤγαγε.

2155 3601 2325 3654 Κάτω
2351 3599 2525 3650 κεῖται
2549 3591 2855 3669 ἀνθρωπος,
2887 3589 2982 3643 καί
3006 3589 3039 3659 ὴ
3066 3586 3186 3659 χεὶρ
3217 3587 3390 3651 κάτω,
3421 3584 3537 3638 ἀλλ’
3560 3587 3595 3656 ἡ
3625 3584 3745 3638 διά-

2153 3708 2274 3746 νοια
2308 3686 2606 3749 ἀναϐαίνει,
2644 3682 2738 3737 καὶ
2767 3682 2854 3735 διὰ
2900 3682 3000 3751 τῆς
3042 3681 3237 3751 τέχνης
3285 3678 3483 3748 ἐφικτὰ
3531 3676 3750 3747 γίνεται

2159 3781 2236 3852 τῷ
2264 3777 2535 3850 ἀνθρώπῳ
2566 3776 2763 3829 πάντα.
2793 3773 2995 3825 Δίκτυα
3025 3772 3239 3824 ἵσταται
3272 3771 3595 3841 πτερωτοῖς.
3640 3769 3748 3822 Το-

2158 3871 2307 3939 ξόται
2340 3871 2446 3924 τῶν
2481 3866 2795 3938 πετομένων
2834 3863 3330 3934 καταστοχάζονται
3352 3902 3368 3926 ,
3409 3861 3747 3933 δελεάσματι

2157 3965 2392 4036 θηρᾶται
2423 3962 2494 4015 τὰ
2520 3958 2953 4031 λαιμαργότερα.
2987 3956 3104 4009 Οὐκ
3140 3952 3280 4018 εἶδές
3310 3969 3440 4007 ποτε
3465 3952 3748 4009 aratasth

2159 4055 2374 4126 λάϐρως
2436 4051 2746 4122 ἐμπεσόντα
2817 4047 3125 4120 θηράματι,
3188 4040 3307 4099 εἶτα
3366 4046 3747 4117 περιπαρέντα

2157 4150 2279 4211 ταῖς
2308 4145 2462 4199 κάτω
2491 4144 2730 4211 πάγαις;
2774 4139 2963 4219 Οὕτως
3003 4140 3064 4193 τὸ
3109 4140 3311 4209 ὑψηλὸν
3349 4138 3499 4192 κάτω
3533 4139 3745 4207 γίνεται

2157 4241 2269 4303 τοῖς
2301 4236 2661 4310 ἀνθρωπίνοις
2701 4234 3064 4304 δελεάσμασιν
3098 4231 3373 4286 ἐλκυσθέν.
3408 4230 3598 4285 Πάντα
3641 4230 3749 4284 ὑπο

2158 4330 2256 4402 τὴν
2281 4332 2438 4401 χεῖρα
2468 4329 2642 4399 ἤγαγε
2667 4324 2760 4380 τοῦ
2789 4323 3098 4396 ἀνθρώπου,
3131 4324 3225 4377 καί
3245 4324 3343 4393 τὴν
3372 4323 3553 4375 κτίσιν
3583 4321 3747 4393 ἐπληα

2163 4437 2326 4492 ρωσε,
2352 4420 2446 4473 καὶ
2474 4418 2567 4471 τὸν
2591 4417 2874 4488 ἄνθρωπον
2901 4415 3128 4486 ἄμοιρον
3159 4415 3258 4485 τῆς
3292 4413 3613 4475 δεσποτείας
3648 4413 3748 4466 οὑκ

2078 4505 2124 4560 D
2154 4513 2398 4582 ἐποίησε.
2424 4510 2516 4581 Μὴ
2539 4508 2720 4581 εἴπῃς,
2749 4508 2829 4561 Τά
2851 4509 2908 4561 ἐν
2928 4506 3005 4578 τῷ
3026 4507 3146 4577 ἀέρι
3170 4505 3444 4576 φερόμενα
3473 4502 3595 4566 πῶς
3621 4503 3748 4573 ἐμοὶ

471 4600 746 4672 διαφέρει;
789 4600 888 4654 Διά
927 4600 1037 4671 γάρ
1077 4598 1170 4653 τοῦ
1206 4596 1469 4670 λογισμοῦ
1517 4599 1744 4654 κάκεῖνά
1785 4617 1869 4654 σοι
1914 4602 2200 4675 ὑποχείρια
2237 4604 2468 4673 γίνεται.
2519 4601 2682 4659 ιΚαὶ
2724 4600 2833 4654 τῶν
2877 4598 3123 4671 ἐρπετῶν
3164 4598 3271 4651 τῶν
3324 4596 3606 4669 ἑρπόντων
3658 4592 3750 4645 ἐπὶ

472 4697 574 4765 τῆς
611 4695 734 4763 γῆς.
764 4714 783 4745 ι
821 4694 983 4766 ὀρᾷς
1020 4694 1123 4748 ποῦ
1160 4695 1304 4765 ἔχεις
1341 4695 1406 4749 τὸ
1433 4698 1554 4750 κατ’
1595 4696 1780 4750 εἰκόνα
1806 4699 2134 4769 γεγενῆσθαι
2167 4698 2337 4763 Θεοῦς

550 4803 569 4833 ι
607 4782 670 4835 Et
701 4783 830 4837 fecit
854 4784 994 4838 Deus
1022 4784 1319 4840 hominem.
1352 4804 1371 4837 ›
1395 4784 1539 4851 Quid
1559 4786 1725 4856 igitur
1744 4793 1828 4842 est
1857 4788 2060 4842 homo?

476 4873 549 4926 Ex
580 4873 650 4927 iis
681 4888 801 4941 quae
832 4873 900 4926 de
927 4872 1047 4941 ipso
1068 4875 1446 4943 cognovimus,
1479 4882 1535 4931 et
1568 4875 1903 4941 audivimus,
1932 4891 2057 4932 eum

472 4965 820 5019 detiniamus.
867 4962 1052 5033 Neque
1084 4966 1230 5020 enim
1259 4966 1372 5037 jam
1403 4981 1549 5037 opus
1595 4976 1702 5034 est,
1740 4976 1801 5023 ut
1845 4969 2059 5025 alienas

473 5052 821 5109 deﬁnitiones
841 5062 1174 5117 mutueinus,
1204 5070 1381 5127 neque
1412 5072 1506 5112 eas
1543 5057 1612 5112 ab
1645 5065 1875 5112 externa
1905 5057 2062 5113 vani-

474 5154 584 5201 tate
611 5151 861 5214 sumptas
891 5144 945 5199 in
974 5145 1222 5201 oratione
1244 5146 1490 5201 veritatis
1521 5147 1847 5202 inseramus.
1883 5146 2060 5203 llomo

474 5251 558 5296 est
608 5255 745 5310 opus
798 5238 914 5303 Dei,
974 5239 1189 5293 ratione
1237 5238 1546 5309 praeditum,
1604 5238 1670 5292 ad
1718 5238 1840 5309 ejus
1874 5252 1903 5290 a
1946 5254 2057 5308 quo

474 5340 719 5385 creatum
753 5339 858 5394 est,
893 5330 1186 5399 imaginem
1221 5328 1443 5384 factum.
1484 5328 1543 5383 Si
1572 5330 1705 5398 quid
1734 5328 1971 5399 amplius
2000 5330 2055 5383 in

475 5418 578 5476 hac
639 5422 958 5478 definitione
1010 5421 1378 5484 desideratur,
1435 5421 1784 5475 considerent
1840 5421 1898 5485 ii,
1960 5420 2057 5491 qui

476 5513 706 5566 multum
751 5514 804 5567 in
842 5514 1067 5569 caducae
1117 5513 1397 5583 sapientiae
1441 5511 1639 5568 studiis
1672 5514 2053 5568 elaborarunt.

478 5599 560 5652 Ad
606 5600 894 5670 imaginem
940 5601 1034 5657 Dei
1080 5601 1261 5656 factus
1290 5610 1371 5656 est
1403 5602 1583 5655 homo.
1625 5621 1644 5653 ι
1670 5600 1733 5655 Et
1773 5602 2053 5656 benedixit

481 5683 624 5738 Deus
671 5686 903 5749 homini,
944 5698 999 5743 et
1049 5690 1159 5743 ait:
1189 5689 1453 5752 Crescite,
1495 5698 1550 5745 et
1594 5689 2051 5759 multiplicamini,

481 5777 538 5827 et
565 5772 765 5841 replete
805 5780 1023 5829 terram.
1060 5797 1078 5829 ι
1122 5776 1323 5833 Eodem
1367 5777 1528 5833 modo
1576 5778 1848 5832 benedixit
1890 5780 2052 5833 ctiam

2241 4805 2260 4838 ι
2301 4788 2413 4841 Ka‘t
2448 4786 2705 4857 ἐποίησεν
2736 4787 2766 4839 6
2800 4785 2934 4848 Θεὸς
2977 4784 3068 4837 τὸν
3114 4781 3420 4853 ἄνθρωπον.
3472 4801 3491 4832 ι
3537 4782 3605 4834 Τί
3656 4778 3751 4834 οὖν

2161 4884 2310 4935 ἐστιν
2342 4878 2663 4950 ἀνθρωπος;
2694 4879 2753 4944 ἐξ
2794 4871 2869 4931 ὧν
2900 4875 3217 4945 ἀνέγνωμεν
3248 4876 3343 4928 καὶ
3380 4874 3440 4940 ἐξ
3471 4867 3550 4928 ὧν
3577 4874 3757 4942 ἡκοὺ-ν-

2163 4986 2357 5041 σαμεν,
2390 4967 2706 5041 όρισόμεθα.
2743 4968 2942 5021 Οὐκέτι
2980 4965 3091 5037 γὰρ
3133 4968 3266 5037 ἡμῖν
3308 4965 3467 5037 χρεία
3502 4964 3744 5030 δανείζε-

2164 5064 2289 5117 σθαι
2317 5064 2477 5134 ὃρους
2519 5061 2857 5133 ἀλλοτρίους,
2885 5058 3006 5113 οὑδὲ
3045 5058 3113 5112 τὰ
3141 5061 3205 5111 ἐκ
3251 5058 3349 5129 τῆς
3384 5057 3747 5128 ματαιότητος

2160 5153 2478 5221 ἐπεισάγειν
2526 5151 2606 5223 τῷ
2654 5151 2903 5222 λογισμῷ
2943 5150 3045 5220 τῆς
3087 5149 3371 5219 ἀληθείας.
3421 5149 3747 5219 ’Ἄνθρωπός

2159 5243 2277 5294 ἐστι
2338 5242 2548 5313 ποίημα
2597 5240 2734 5295 Θεοῦ
2771 5241 3020 5309 λογικὸν,
3067 5241 3185 5293 κατ’
3223 5239 3406 5292 εἰκόνα
3456 5239 3746 5308 γενόμενον

2158 5331 2251 5384 τοῦ
2283 5332 2569 5396 κτίσαντος
2603 5331 2788 5387 αὐτόν.
2834 5332 2904 5385 Εἴ
2940 5349 2994 5384 τι
3024 5330 3203 5384 λείπει
3245 5329 3326 5400 τῷ
3355 5329 3499 5400 λόγῳ
3548 5330 3748 5401 τούτῳ,

2158 5423 2211 5474 οἰ
2264 5422 2432 5476 πολλὰ
2465 5422 2985 5493 προσαναλώσαντες
3030 5425 3098 5494 τῇ
3130 5420 3399 5492 ἀναλήψει
3446 5422 3547 5490 τῆς
3593 5422 3748 5491 φθει-

2163 5511 2395 5581 ρομένης
2428 5513 2621 5581 σοφίας
2663 5512 3141 5582 ἐπισκεψόπωσαν.
3190 5512 3329 5564 Κατ’
3372 5511 3561 5565 εἰκόνα
3610 5509 3746 5565 Θεοῦ

2159 5603 2383 5671 γέγονεν
2415 5603 2723 5675 ἄνθρωπος.
2765 5623 2784 5655 ι
2822 5606 2934 5658 Καὶ
2975 5604 3271 5673 εὐλόγησεν
3301 5604 3331 5656 6
3361 5602 3493 5666 Θεὸς
3524 5603 3620 5655 τὸν
3654 5604 3746 5657 ἀν-

2162 5691 2396 5762 θρωπον,
2428 5694 2522 5747 καὶ
2566 5691 2741 5758 εἶπεν,
2787 5692 3097 5759 Αὑξάνεσθε
3137 5692 3232 5746 καί
3258 5690 3623 5760 πληθύνεσθε,
3655 5690 3746 5743 καὶ

2163 5781 2484 5855 πληρώσατε
2498 5788 2604 5855 τὴν
2630 5787 2754 5857 γῆν.
2786 5807 2803 5838 ι
2838 5786 2986 5859 Αὕτη
3019 5788 3052 5856 ἡ
3086 5785 3281 5856 ἰχθύων
3304 5784 3547 5853 εὐλογία.
3586 5803 3604 5834 ι
3636 5780 3745 5835 Καὶ
