  <div class='ocr_page' id='page_1' title='image "/cluster/home/n/w/nwhite01/storage/ocr_20150623/44:no.1/coo.31924054869445/142.png"; bbox 0 0 3890 6410; ppageno 0'>
   <div class='ocr_carea' id='block_1_1' title="bbox 223 338 314 399">
    <p class='ocr_par' dir='ltr' id='par_1_1' title="bbox 223 338 314 399">
     <span class='ocr_line' id='line_1_1' title="bbox 223 338 314 399; baseline 0.011 -2"><span class='ocrx_word' id='word_1_1' title='bbox 223 338 314 399; x_wconf 71' lang='lat'><strong>269</strong></span> 
     </span>
    </p>
   </div>
   <div class='ocr_carea' id='block_1_2' title="bbox 957 329 2689 400">
    <p class='ocr_par' dir='ltr' id='par_1_2' title="bbox 957 329 2689 400">
     <span class='ocr_line' id='line_1_2' title="bbox 957 329 2689 400; baseline -0.006 -8"><span class='ocrx_word' id='word_1_2' title='bbox 957 335 1025 392; x_wconf 86' lang='lat' dir='ltr'><strong>IN</strong></span> <span class='ocrx_word' id='word_1_3' title='bbox 1053 334 1309 400; x_wconf 77' lang='lat' dir='ltr'><strong>VERBA,</strong></span> <span class='ocrx_word' id='word_1_4' title='bbox 1352 331 1730 389; x_wconf 77' lang='lat' dir='ltr'><strong>FACIAMUS</strong></span> <span class='ocrx_word' id='word_1_5' title='bbox 1771 330 2157 397; x_wconf 77' lang='lat' dir='ltr'><strong>HOMINEM,</strong></span> <span class='ocrx_word' id='word_1_6' title='bbox 2196 330 2375 397; x_wconf 82' lang='lat' dir='ltr'><strong>ETC.,</strong></span> <span class='ocrx_word' id='word_1_7' title='bbox 2415 329 2689 387; x_wconf 81' lang='lat' dir='ltr'><strong>ORAT.i.</strong></span> 
     </span>
    </p>
   </div>
   <div class='ocr_carea' id='block_1_3' title="bbox 3382 324 3487 378">
    <p class='ocr_par' dir='ltr' id='par_1_3' title="bbox 3382 324 3487 378">
     <span class='ocr_line' id='line_1_3' title="bbox 3382 324 3487 378; baseline -0.019 0"><span class='ocrx_word' id='word_1_8' title='bbox 3382 324 3487 378; x_wconf 65' lang='lat'><strong>270</strong></span> 
     </span>
    </p>
   </div>
   <div class='ocr_carea' id='block_1_4' title="bbox 231 437 1819 519">
    <p class='ocr_par' dir='ltr' id='par_1_4' title="bbox 231 447 1809 519">
     <span class='ocr_line' id='line_1_4' title="bbox 231 447 1809 519; baseline -0.006 -9"><span class='ocrx_word' id='word_1_9' title='bbox 231 452 366 510; x_wconf 73' lang='grc' dir='ltr'>εἶπεν</span> <span class='ocrx_word' id='word_1_10' title='bbox 388 454 420 507; x_wconf 84' lang='grc' dir='ltr'><strong>ὀ</strong></span> <span class='ocrx_word' id='word_1_11' title='bbox 451 451 613 514; x_wconf 81' lang='grc' dir='ltr'>Θεός·</span> <span class='ocrx_word' id='word_1_12' title='bbox 665 449 1008 519; x_wconf 77' lang='grc' dir='ltr'>Ἑξαγαγέτω</span> <span class='ocrx_word' id='word_1_13' title='bbox 1048 450 1118 504; x_wconf 85' lang='grc' dir='ltr'><strong>τὰ</strong></span> <span class='ocrx_word' id='word_1_14' title='bbox 1162 449 1329 504; x_wconf 73' lang='grc' dir='ltr'>ὕδατα</span> <span class='ocrx_word' id='word_1_15' title='bbox 1377 448 1584 519; x_wconf 75' lang='grc' dir='ltr'>ἑρπετὰ</span> <span class='ocrx_word' id='word_1_16' title='bbox 1622 447 1809 519; x_wconf 78' lang='grc' dir='ltr'>ψυχῶν</span> 
     </span>
    </p>
   </div>
   <div class='ocr_carea' id='block_1_5' title="bbox 1922 437 3487 519">
    <p class='ocr_par' dir='ltr' id='par_1_5' title="bbox 1922 437 3487 516">
     <span class='ocr_line' id='line_1_5' title="bbox 1922 437 3487 516; baseline -0.005 -17"><span class='ocrx_word' id='word_1_17' title='bbox 1922 443 2296 516; x_wconf 71' lang='lat' dir='ltr'><strong>piscibus.cEt</strong></span> <span class='ocrx_word' id='word_1_18' title='bbox 2328 443 2464 500; x_wconf 81' lang='lat' dir='ltr'><strong>dixit</strong></span> <span class='ocrx_word' id='word_1_19' title='bbox 2509 442 2688 499; x_wconf 86' lang='lat' dir='ltr'><strong>Deus:</strong></span> <span class='ocrx_word' id='word_1_20' title='bbox 2719 438 3031 495; x_wconf 82' lang='lat' dir='ltr'><strong>Producant</strong></span> <span class='ocrx_word' id='word_1_21' title='bbox 3072 449 3228 506; x_wconf 79' lang='lat' dir='ltr'><strong>aquae</strong></span> <span class='ocrx_word' id='word_1_22' title='bbox 3273 437 3487 503; x_wconf 74' lang='lat' dir='ltr'><strong>t‘t‘ptilia</strong></span> 
     </span>
    </p>
   </div>
   <div class='ocr_carea' id='block_1_6' title="bbox 237 535 1795 613">
    <p class='ocr_par' dir='ltr' id='par_1_6' title="bbox 237 535 1795 613">
     <span class='ocr_line' id='line_1_6' title="bbox 237 535 1795 613; baseline -0.006 -12"><span class='ocrx_word' id='word_1_23' title='bbox 237 546 430 613; x_wconf 76' lang='grc' dir='ltr'>ζωσῶν,</span> <span class='ocrx_word' id='word_1_24' title='bbox 467 544 565 597; x_wconf 78' lang='grc' dir='ltr'>καὶ</span> <span class='ocrx_word' id='word_1_25' title='bbox 607 535 1061 611; x_wconf 81' lang='grc' dir='ltr'>ὲγένετοόὐτως.</span> <span class='ocrx_word' id='word_1_26' title='bbox 1109 538 1240 595; x_wconf 80' lang='grc' dir='ltr'>Εῐτα</span> <span class='ocrx_word' id='word_1_27' title='bbox 1269 543 1363 595; x_wconf 78' lang='grc' dir='ltr'>καὶ</span> <span class='ocrx_word' id='word_1_28' title='bbox 1404 535 1557 593; x_wconf 77' lang='grc' dir='ltr'>εἶπεν</span> <span class='ocrx_word' id='word_1_29' title='bbox 1588 542 1617 593; x_wconf 76' lang='grc' dir='ltr'><strong>ὁ</strong></span> <span class='ocrx_word' id='word_1_30' title='bbox 1641 539 1795 606; x_wconf 84' lang='grc' dir='ltr'>Θεδς,</span> 
     </span>
    </p>
   </div>
   <div class='ocr_carea' id='block_1_7' title="bbox 236 630 1800 705">
    <p class='ocr_par' dir='ltr' id='par_1_7' title="bbox 236 630 1800 705">
     <span class='ocr_line' id='line_1_7' title="bbox 236 630 1800 705; baseline -0.004 -15"><span class='ocrx_word' id='word_1_31' title='bbox 236 635 547 702; x_wconf 77' lang='grc' dir='ltr'>Δύξάνεσθε,</span> <span class='ocrx_word' id='word_1_32' title='bbox 590 634 686 688; x_wconf 74' lang='grc' dir='ltr'>καὶ</span> <span class='ocrx_word' id='word_1_33' title='bbox 706 632 1065 705; x_wconf 86' lang='grc' dir='ltr'>πληθύνεσθε,</span> <span class='ocrx_word' id='word_1_34' title='bbox 1106 633 1201 688; x_wconf 76' lang='grc' dir='ltr'>καὶ</span> <span class='ocrx_word' id='word_1_35' title='bbox 1231 630 1555 703; x_wconf 89' lang='grc' dir='ltr'>πληρώσατε</span> <span class='ocrx_word' id='word_1_36' title='bbox 1583 631 1652 684; x_wconf 89' lang='grc' dir='ltr'><strong>τὰ</strong></span> <span class='ocrx_word' id='word_1_37' title='bbox 1678 631 1800 684; x_wconf 83' lang='grc' dir='ltr'>ὓδα-</span> 
     </span>
    </p>
   </div>
   <div class='ocr_carea' id='block_1_8' title="bbox 236 714 1802 795">
    <p class='ocr_par' dir='ltr' id='par_1_8' title="bbox 236 714 1802 795">
     <span class='ocr_line' id='line_1_8' title="bbox 236 714 1802 795; baseline -0.002 -14"><span class='ocrx_word' id='word_1_38' title='bbox 236 745 318 782; x_wconf 88' lang='grc' dir='ltr'><strong>τα.</strong></span> <span class='ocrx_word' id='word_1_39' title='bbox 351 747 371 779; x_wconf 74' lang='grc' dir='ltr'><strong>ι</strong></span> <span class='ocrx_word' id='word_1_40' title='bbox 412 727 478 780; x_wconf 87' lang='grc' dir='ltr'>Τί</span> <span class='ocrx_word' id='word_1_41' title='bbox 521 720 618 780; x_wconf 76' lang='grc' dir='ltr'>οὖν</span> <span class='ocrx_word' id='word_1_42' title='bbox 658 724 917 795; x_wconf 89' lang='grc' dir='ltr'>περισσόν</span> <span class='ocrx_word' id='word_1_43' title='bbox 936 736 959 786; x_wconf 84' lang='lat'><strong>;&#39;</strong></span> <span class='ocrx_word' id='word_1_44' title='bbox 1001 724 1340 792; x_wconf 84' lang='grc' dir='ltr'>Ἀναγκαίως</span> <span class='ocrx_word' id='word_1_45' title='bbox 1384 714 1557 776; x_wconf 74' lang='grc' dir='ltr'>ταῦτα</span> <span class='ocrx_word' id='word_1_46' title='bbox 1591 723 1686 775; x_wconf 75' lang='grc' dir='ltr'>καὶ</span> <span class='ocrx_word' id='word_1_47' title='bbox 1732 724 1802 778; x_wconf 86' lang='grc' dir='ltr'><strong>τὰ</strong></span> 
     </span>
    </p>
   </div>
   <div class='ocr_carea' id='block_1_9' title="bbox 239 814 1801 889">
    <p class='ocr_par' dir='ltr' id='par_1_9' title="bbox 239 814 1801 889">
     <span class='ocr_line' id='line_1_9' title="bbox 239 814 1801 889; baseline -0.004 -16"><span class='ocrx_word' id='word_1_48' title='bbox 239 818 385 873; x_wconf 79' lang='grc' dir='ltr'>κοινά</span> <span class='ocrx_word' id='word_1_49' title='bbox 417 834 499 871; x_wconf 80' lang='grc' dir='ltr'><strong>σοι</strong></span> <span class='ocrx_word' id='word_1_50' title='bbox 542 816 855 889; x_wconf 73' lang='grc' dir='ltr'>ἐχαρίσατο,</span> <span class='ocrx_word' id='word_1_51' title='bbox 898 814 994 869; x_wconf 81' lang='grc' dir='ltr'>καὶ</span> <span class='ocrx_word' id='word_1_52' title='bbox 1018 815 1088 869; x_wconf 85' lang='grc' dir='ltr'><strong>τὰ</strong></span> <span class='ocrx_word' id='word_1_53' title='bbox 1126 814 1237 869; x_wconf 83' lang='grc' dir='ltr'>ῐδιά</span> <span class='ocrx_word' id='word_1_54' title='bbox 1274 830 1333 868; x_wconf 92' lang='grc' dir='ltr'><strong>σε</strong></span> <span class='ocrx_word' id='word_1_55' title='bbox 1381 814 1660 885; x_wconf 82' lang='grc' dir='ltr'>ἀναμένει.</span> <span class='ocrx_word' id='word_1_56' title='bbox 1691 815 1801 867; x_wconf 73' lang='grc' dir='ltr'><strong>Αὐ-</strong></span> 
     </span>
    </p>
   </div>
   <div class='ocr_carea' id='block_1_10' title="bbox 242 905 1802 985">
    <p class='ocr_par' dir='ltr' id='par_1_10' title="bbox 242 905 1802 985">
     <span class='ocr_line' id='line_1_10' title="bbox 242 905 1802 985; baseline -0.004 -21"><span class='ocrx_word' id='word_1_57' title='bbox 242 910 367 985; x_wconf 77' lang='grc' dir='ltr'>ξάνῃ</span> <span class='ocrx_word' id='word_1_58' title='bbox 405 908 515 980; x_wconf 89' lang='grc' dir='ltr'><strong>γὰρ</strong></span> <span class='ocrx_word' id='word_1_59' title='bbox 560 908 638 972; x_wconf 86' lang='grc' dir='ltr'><strong>ὡς</strong></span> <span class='ocrx_word' id='word_1_60' title='bbox 679 909 775 962; x_wconf 80' lang='grc' dir='ltr'>καὶ</span> <span class='ocrx_word' id='word_1_61' title='bbox 816 908 887 961; x_wconf 88' lang='grc' dir='ltr'><strong>τὰ</strong></span> <span class='ocrx_word' id='word_1_62' title='bbox 929 906 1093 961; x_wconf 87' lang='grc' dir='ltr'>λοιπὰ</span> <span class='ocrx_word' id='word_1_63' title='bbox 1126 906 1276 972; x_wconf 84' lang='grc' dir='ltr'>ζῶα,</span> <span class='ocrx_word' id='word_1_64' title='bbox 1311 906 1419 960; x_wconf 84' lang='grc' dir='ltr'>ἀπὸ</span> <span class='ocrx_word' id='word_1_65' title='bbox 1469 905 1667 978; x_wconf 82' lang='grc' dir='ltr'><strong>μικροῦ</strong></span> <span class='ocrx_word' id='word_1_66' title='bbox 1708 905 1802 959; x_wconf 79' lang='grc' dir='ltr'><strong>τοῦ</strong></span> 
     </span>
    </p>
   </div>
   <div class='ocr_carea' id='block_1_11' title="bbox 240 994 1805 1068">
    <p class='ocr_par' dir='ltr' id='par_1_11' title="bbox 240 994 1805 1068">
     <span class='ocr_line' id='line_1_11' title="bbox 240 994 1805 1068; baseline -0.003 -17"><span class='ocrx_word' id='word_1_67' title='bbox 240 997 451 1068; x_wconf 81' lang='grc' dir='ltr'><strong>πρώτου</strong></span> <span class='ocrx_word' id='word_1_68' title='bbox 481 999 602 1061; x_wconf 82' lang='grc' dir='ltr'>ταῖς</span> <span class='ocrx_word' id='word_1_69' title='bbox 641 997 761 1051; x_wconf 89' lang='grc' dir='ltr'>κατ’</span> <span class='ocrx_word' id='word_1_70' title='bbox 806 995 985 1064; x_wconf 82' lang='grc' dir='ltr'>ὀλίγον</span> <span class='ocrx_word' id='word_1_71' title='bbox 1024 994 1364 1067; x_wconf 83' lang='grc' dir='ltr'><strong>προσθήκαις</strong></span> <span class='ocrx_word' id='word_1_72' title='bbox 1403 994 1805 1049; x_wconf 82' lang='grc' dir='ltr'>ὲπ1.’τε).είωσιν</span> 
     </span>
    </p>
   </div>
   <div class='ocr_carea' id='block_1_12' title="bbox 239 1085 1807 1160">
    <p class='ocr_par' dir='ltr' id='par_1_12' title="bbox 239 1085 1807 1160">
     <span class='ocr_line' id='line_1_12' title="bbox 239 1085 1807 1160; baseline -0.002 -19"><span class='ocrx_word' id='word_1_73' title='bbox 239 1088 388 1160; x_wconf 67' lang='grc' dir='ltr'>ἔρχῃ.</span> <span class='ocrx_word' id='word_1_74' title='bbox 435 1087 593 1141; x_wconf 77' lang='grc' dir='ltr'>Οὕτω</span> <span class='ocrx_word' id='word_1_75' title='bbox 624 1088 721 1141; x_wconf 77' lang='grc' dir='ltr'>καὶ</span> <span class='ocrx_word' id='word_1_76' title='bbox 761 1087 920 1141; x_wconf 78' lang='grc' dir='ltr'>ἵπποι</span> <span class='ocrx_word' id='word_1_77' title='bbox 976 1087 1071 1140; x_wconf 73' lang='lat' dir='ltr'><strong>xui.</strong></span> <span class='ocrx_word' id='word_1_78' title='bbox 1109 1085 1269 1151; x_wconf 83' lang='grc' dir='ltr'>κύνες</span> <span class='ocrx_word' id='word_1_79' title='bbox 1291 1104 1305 1119; x_wconf 89' lang='grc'><strong>·</strong></span> <span class='ocrx_word' id='word_1_80' title='bbox 1340 1085 1482 1140; x_wconf 79' lang='grc' dir='ltr'>οὕτω</span> <span class='ocrx_word' id='word_1_81' title='bbox 1523 1088 1618 1141; x_wconf 79' lang='grc' dir='ltr'>καὶ</span> <span class='ocrx_word' id='word_1_82' title='bbox 1658 1087 1807 1140; x_wconf 72' lang='grc' dir='ltr'>ἀετοὶ</span> 
     </span>
    </p>
   </div>
   <div class='ocr_carea' id='block_1_13' title="bbox 239 1179 1807 1252">
    <p class='ocr_par' dir='ltr' id='par_1_13' title="bbox 239 1179 1807 1252">
     <span class='ocr_line' id='line_1_13' title="bbox 239 1179 1807 1252; baseline -0.001 -18"><span class='ocrx_word' id='word_1_83' title='bbox 239 1182 330 1235; x_wconf 76' lang='grc' dir='ltr'><strong>καὶ</strong></span> <span class='ocrx_word' id='word_1_84' title='bbox 354 1180 540 1234; x_wconf 77' lang='grc' dir='ltr'><strong>κύκνοι</strong></span> <span class='ocrx_word' id='word_1_85' title='bbox 559 1197 575 1211; x_wconf 70' lang='grc' dir='ltr'><strong>ο</strong></span> <span class='ocrx_word' id='word_1_86' title='bbox 629 1180 723 1234; x_wconf 74' lang='grc' dir='ltr'>καὶ</span> <span class='ocrx_word' id='word_1_87' title='bbox 775 1179 955 1234; x_wconf 91' lang='grc' dir='ltr'>πάντα</span> <span class='ocrx_word' id='word_1_88' title='bbox 996 1179 1142 1249; x_wconf 72' lang='grc' dir='ltr'>άπερ</span> <span class='ocrx_word' id='word_1_89' title='bbox 1174 1179 1241 1233; x_wconf 81' lang='grc' dir='ltr'>ἂν</span> <span class='ocrx_word' id='word_1_90' title='bbox 1272 1180 1456 1252; x_wconf 83' lang='grc' dir='ltr'>εῐπῃς,</span> <span class='ocrx_word' id='word_1_91' title='bbox 1477 1179 1565 1233; x_wconf 88' lang='grc' dir='ltr'><strong>διὰ</strong></span> <span class='ocrx_word' id='word_1_92' title='bbox 1606 1181 1807 1251; x_wconf 74' lang='grc' dir='ltr'>μικρᾶς</span> 
     </span>
    </p>
   </div>
   <div class='ocr_carea' id='block_1_14' title="bbox 239 1269 1807 1344">
    <p class='ocr_par' dir='ltr' id='par_1_14' title="bbox 239 1269 1807 1344">
     <span class='ocr_line' id='line_1_14' title="bbox 239 1269 1807 1344; baseline 0.002 -22"><span class='ocrx_word' id='word_1_93' title='bbox 239 1270 332 1340; x_wconf 80' lang='grc' dir='ltr'>τῆς</span> <span class='ocrx_word' id='word_1_94' title='bbox 367 1269 590 1344; x_wconf 85' lang='grc' dir='ltr'>πρώτης</span> <span class='ocrx_word' id='word_1_95' title='bbox 634 1271 884 1340; x_wconf 85' lang='grc' dir='ltr'><strong>κυήσεως</strong></span> <span class='ocrx_word' id='word_1_96' title='bbox 924 1272 989 1340; x_wconf 86' lang='grc' dir='ltr'>τῇ</span> <span class='ocrx_word' id='word_1_97' title='bbox 1041 1271 1161 1323; x_wconf 84' lang='grc' dir='ltr'>κατ’</span> <span class='ocrx_word' id='word_1_98' title='bbox 1202 1270 1382 1339; x_wconf 82' lang='grc' dir='ltr'><strong>ὀλίγον</strong></span> <span class='ocrx_word' id='word_1_99' title='bbox 1427 1271 1712 1344; x_wconf 78' lang='grc' dir='ltr'><strong>προσθήκῃ</strong></span> <span class='ocrx_word' id='word_1_100' title='bbox 1746 1271 1807 1325; x_wconf 80' lang='grc' dir='ltr'>τὸ</span> 
     </span>
    </p>
   </div>
   <div class='ocr_carea' id='block_1_15' title="bbox 239 1362 1808 1434">
    <p class='ocr_par' dir='ltr' id='par_1_15' title="bbox 239 1362 1808 1434">
     <span class='ocr_line' id='line_1_15' title="bbox 239 1362 1808 1434; baseline 0.001 -18"><span class='ocrx_word' id='word_1_101' title='bbox 239 1363 437 1417; x_wconf 80' lang='grc' dir='ltr'>τέλειον</span> <span class='ocrx_word' id='word_1_102' title='bbox 481 1363 581 1433; x_wconf 84' lang='grc' dir='ltr'><strong>τῆς</strong></span> <span class='ocrx_word' id='word_1_103' title='bbox 626 1362 912 1432; x_wconf 78' lang='grc' dir='ltr'><strong>αὐξήσεως</strong></span> <span class='ocrx_word' id='word_1_104' title='bbox 954 1362 1298 1416; x_wconf 89' lang='grc' dir='ltr'>ἀπολαϐόντα</span> <span class='ocrx_word' id='word_1_105' title='bbox 1319 1405 1333 1429; x_wconf 93' lang='grc'><strong>,</strong></span> <span class='ocrx_word' id='word_1_106' title='bbox 1380 1364 1542 1418; x_wconf 88' lang='grc' dir='ltr'>πάλιν</span> <span class='ocrx_word' id='word_1_107' title='bbox 1587 1364 1675 1417; x_wconf 90' lang='grc' dir='ltr'><strong>διὰ</strong></span> <span class='ocrx_word' id='word_1_108' title='bbox 1709 1365 1808 1434; x_wconf 79' lang='grc' dir='ltr'>τῆς</span> 
     </span>
    </p>
   </div>
   <div class='ocr_carea' id='block_1_16' title="bbox 243 1440 1809 1526">
    <p class='ocr_par' dir='ltr' id='par_1_16' title="bbox 243 1440 1809 1526">
     <span class='ocr_line' id='line_1_16' title="bbox 243 1440 1809 1526; baseline 0.003 -22"><span class='ocrx_word' id='word_1_109' title='bbox 243 1451 515 1523; x_wconf 81' lang='grc' dir='ltr'><strong>μειώσεως</strong></span> <span class='ocrx_word' id='word_1_110' title='bbox 559 1451 696 1522; x_wconf 82' lang='grc' dir='ltr'>πρὸς</span> <span class='ocrx_word' id='word_1_111' title='bbox 744 1452 806 1505; x_wconf 82' lang='grc' dir='ltr'>τὸ</span> <span class='ocrx_word' id='word_1_112' title='bbox 847 1440 1067 1507; x_wconf 79' lang='grc' dir='ltr'>ἔλαττον</span> <span class='ocrx_word' id='word_1_113' title='bbox 1118 1453 1470 1526; x_wconf 82' lang='grc' dir='ltr'><strong>ὑποστρέφει.</strong></span> <span class='ocrx_word' id='word_1_114' title='bbox 1526 1455 1595 1508; x_wconf 84' lang='lat' dir='ltr'><strong>&#39;A</strong></span> <span class='ocrx_word' id='word_1_115' title='bbox 1629 1455 1809 1509; x_wconf 83' lang='grc' dir='ltr'>τοίνυν</span> 
     </span>
    </p>
   </div>
   <div class='ocr_carea' id='block_1_17' title="bbox 243 1538 1808 1617">
    <p class='ocr_par' dir='ltr' id='par_1_17' title="bbox 243 1538 1808 1617">
     <span class='ocr_line' id='line_1_17' title="bbox 243 1538 1808 1617; baseline 0.003 -23"><span class='ocrx_word' id='word_1_116' title='bbox 243 1542 390 1595; x_wconf 85' lang='grc' dir='ltr'>κοινά</span> <span class='ocrx_word' id='word_1_117' title='bbox 427 1543 527 1611; x_wconf 79' lang='grc' dir='ltr'>τῆς</span> <span class='ocrx_word' id='word_1_118' title='bbox 561 1541 777 1609; x_wconf 84' lang='grc' dir='ltr'>φύσεως</span> <span class='ocrx_word' id='word_1_119' title='bbox 822 1538 912 1613; x_wconf 78' lang='grc' dir='ltr'>ἦν,</span> <span class='ocrx_word' id='word_1_120' title='bbox 954 1545 1049 1598; x_wconf 72' lang='grc' dir='ltr'>καὶ</span> <span class='ocrx_word' id='word_1_121' title='bbox 1098 1547 1233 1615; x_wconf 84' lang='grc' dir='ltr'>ήμῖν</span> <span class='ocrx_word' id='word_1_122' title='bbox 1264 1546 1593 1617; x_wconf 73' lang='grc' dir='ltr'>ἐδωρήσατο.</span> <span class='ocrx_word' id='word_1_123' title='bbox 1632 1565 1650 1598; x_wconf 77' lang='grc' dir='ltr'><strong>ι</strong></span> <span class='ocrx_word' id='word_1_124' title='bbox 1700 1546 1808 1599; x_wconf 79' lang='grc' dir='ltr'><strong>Αὐ-</strong></span> 
     </span>
    </p>
   </div>
   <div class='ocr_carea' id='block_1_18' title="bbox 243 1631 1806 1708">
    <p class='ocr_par' dir='ltr' id='par_1_18' title="bbox 243 1631 1806 1708">
     <span class='ocr_line' id='line_1_18' title="bbox 243 1631 1806 1708; baseline 0.004 -23"><span class='ocrx_word' id='word_1_125' title='bbox 243 1631 483 1696; x_wconf 78' lang='grc' dir='ltr'>εάνεσθε,</span> <span class='ocrx_word' id='word_1_126' title='bbox 520 1650 540 1683; x_wconf 72' lang='grc' dir='ltr'><strong>ι</strong></span> <span class='ocrx_word' id='word_1_127' title='bbox 569 1631 849 1697; x_wconf 81' lang='grc' dir='ltr'>τουτέστι,</span> <span class='ocrx_word' id='word_1_128' title='bbox 904 1632 1192 1707; x_wconf 86' lang='grc' dir='ltr'>τρέφεσθε,</span> <span class='ocrx_word' id='word_1_129' title='bbox 1230 1639 1419 1706; x_wconf 75' lang='grc' dir='ltr'>μικροὶ</span> <span class='ocrx_word' id='word_1_130' title='bbox 1456 1637 1806 1708; x_wconf 83' lang='grc' dir='ltr'>γεννώμενοι,</span> 
     </span>
    </p>
   </div>
   <div class='ocr_carea' id='block_1_19' title="bbox 240 1722 1808 1799">
    <p class='ocr_par' dir='ltr' id='par_1_19' title="bbox 240 1722 1808 1799">
     <span class='ocr_line' id='line_1_19' title="bbox 240 1722 1808 1799; baseline 0.006 -26"><span class='ocrx_word' id='word_1_131' title='bbox 240 1722 464 1792; x_wconf 86' lang='grc' dir='ltr'>μεγάλοι</span> <span class='ocrx_word' id='word_1_132' title='bbox 493 1722 729 1790; x_wconf 83' lang='grc' dir='ltr'>γίνεσθε,</span> <span class='ocrx_word' id='word_1_133' title='bbox 766 1725 861 1777; x_wconf 77' lang='grc' dir='ltr'>καὶ</span> <span class='ocrx_word' id='word_1_134' title='bbox 896 1724 1069 1796; x_wconf 84' lang='grc' dir='ltr'>πέρας</span> <span class='ocrx_word' id='word_1_135' title='bbox 1099 1724 1239 1779; x_wconf 73' lang='grc' dir='ltr'>ἔστω</span> <span class='ocrx_word' id='word_1_136' title='bbox 1269 1728 1368 1797; x_wconf 83' lang='grc' dir='ltr'>τῆς</span> <span class='ocrx_word' id='word_1_137' title='bbox 1397 1725 1698 1799; x_wconf 79' lang='grc' dir='ltr'>αὐξήσεως.</span> <span class='ocrx_word' id='word_1_138' title='bbox 1733 1729 1808 1782; x_wconf 90' lang='grc' dir='ltr'>Οὐ</span> 
     </span>
    </p>
   </div>
   <div class='ocr_carea' id='block_1_20' title="bbox 1915 526 3488 601">
    <p class='ocr_par' dir='ltr' id='par_1_20' title="bbox 1915 526 3488 601">
     <span class='ocr_line' id='line_1_20' title="bbox 1915 526 3488 601; baseline -0.007 -11"><span class='ocrx_word' id='word_1_139' title='bbox 1915 536 2224 591; x_wconf 86' lang='lat' dir='ltr'><strong>animarum</strong></span> <span class='ocrx_word' id='word_1_140' title='bbox 2249 535 2569 601; x_wconf 78' lang='lat' dir='ltr'><strong>viventium,</strong></span> <span class='ocrx_word' id='word_1_141' title='bbox 2591 542 2645 589; x_wconf 91' lang='lat' dir='ltr'><strong>et</strong></span> <span class='ocrx_word' id='word_1_142' title='bbox 2668 531 2872 587; x_wconf 84' lang='lat' dir='ltr'><strong>factum</strong></span> <span class='ocrx_word' id='word_1_143' title='bbox 2898 536 2983 585; x_wconf 91' lang='lat' dir='ltr'><strong>est</strong></span> <span class='ocrx_word' id='word_1_144' title='bbox 3011 529 3107 582; x_wconf 89' lang='lat' dir='ltr'><strong>ita.</strong></span> <span class='ocrx_word' id='word_1_145' title='bbox 3135 526 3204 581; x_wconf 85' lang='lat' dir='ltr'><strong>Et</strong></span> <span class='ocrx_word' id='word_1_146' title='bbox 3224 528 3300 581; x_wconf 86' lang='lat' dir='ltr'><strong>ait</strong></span> <span class='ocrx_word' id='word_1_147' title='bbox 3321 526 3488 582; x_wconf 88' lang='lat' dir='ltr'><strong>Deus:</strong></span> 
     </span>
    </p>
   </div>
   <div class='ocr_carea' id='block_1_21' title="bbox 1898 616 3488 695">
    <p class='ocr_par' dir='ltr' id='par_1_21' title="bbox 1898 616 3488 695">
     <span class='ocr_line' id='line_1_21' title="bbox 1898 616 3488 695; baseline -0.008 -13"><span class='ocrx_word' id='word_1_148' title='bbox 1898 624 2167 691; x_wconf 76' lang='lat' dir='ltr'><strong>Crescite,</strong></span> <span class='ocrx_word' id='word_1_149' title='bbox 2197 633 2251 681; x_wconf 91' lang='lat' dir='ltr'><strong>et</strong></span> <span class='ocrx_word' id='word_1_150' title='bbox 2282 622 2740 695; x_wconf 78' lang='lat' dir='ltr'><strong>multiplicamini,</strong></span> <span class='ocrx_word' id='word_1_151' title='bbox 2773 628 2828 677; x_wconf 91' lang='lat' dir='ltr'><strong>et</strong></span> <span class='ocrx_word' id='word_1_152' title='bbox 2858 619 3061 690; x_wconf 90' lang='lat' dir='ltr'><strong>replete</strong></span> <span class='ocrx_word' id='word_1_153' title='bbox 3081 637 3268 693; x_wconf 83' lang='lat' dir='ltr'><strong>aquas.</strong></span> <span class='ocrx_word' id='word_1_154' title='bbox 3293 640 3314 674; x_wconf 72' lang='grc' dir='ltr'><strong>ι</strong></span> <span class='ocrx_word' id='word_1_155' title='bbox 3340 616 3488 684; x_wconf 86' lang='lat' dir='ltr'><strong>Quid</strong></span> 
     </span>
    </p>
   </div>
   <div class='ocr_carea' id='block_1_22' title="bbox 1901 710 3489 789">
    <p class='ocr_par' dir='ltr' id='par_1_22' title="bbox 1901 710 3489 789">
     <span class='ocr_line' id='line_1_22' title="bbox 1901 710 3489 789; baseline -0.005 -17"><span class='ocrx_word' id='word_1_156' title='bbox 1901 717 2087 789; x_wconf 92' lang='lat' dir='ltr'><strong>igitur,</strong></span> <span class='ocrx_word' id='word_1_157' title='bbox 2127 716 2363 787; x_wconf 89' lang='lat' dir='ltr'><strong>inquies,</strong></span> <span class='ocrx_word' id='word_1_158' title='bbox 2409 716 2642 786; x_wconf 84' lang='lat' dir='ltr'><strong>amplius</strong></span> <span class='ocrx_word' id='word_1_159' title='bbox 2672 722 2756 770; x_wconf 89' lang='lat' dir='ltr'><strong>est</strong></span> <span class='ocrx_word' id='word_1_160' title='bbox 2784 712 2955 768; x_wconf 84' lang='lat' dir='ltr'><strong>mihi?</strong></span> <span class='ocrx_word' id='word_1_161' title='bbox 2985 711 3308 767; x_wconf 85' lang='lat' dir='ltr'><strong>Necessario</strong></span> <span class='ocrx_word' id='word_1_162' title='bbox 3350 710 3489 776; x_wconf 86' lang='lat' dir='ltr'><strong>haec,</strong></span> 
     </span>
    </p>
   </div>
   <div class='ocr_carea' id='block_1_23' title="bbox 1902 803 3493 877">
    <p class='ocr_par' dir='ltr' id='par_1_23' title="bbox 1902 803 3493 877">
     <span class='ocr_line' id='line_1_23' title="bbox 1902 803 3493 877; baseline -0.004 -16"><span class='ocrx_word' id='word_1_163' title='bbox 1902 822 2025 877; x_wconf 69' lang='lat' dir='ltr'><strong>quae</strong></span> <span class='ocrx_word' id='word_1_164' title='bbox 2064 806 2491 863; x_wconf 74' lang='lat' dir='ltr'><strong>communicavit</strong></span> <span class='ocrx_word' id='word_1_165' title='bbox 2534 806 2700 861; x_wconf 88' lang='lat' dir='ltr'><strong>etiam</strong></span> <span class='ocrx_word' id='word_1_166' title='bbox 2750 804 2872 870; x_wconf 90' lang='lat' dir='ltr'><strong>tibi,</strong></span> <span class='ocrx_word' id='word_1_167' title='bbox 2929 812 2984 861; x_wconf 94' lang='lat' dir='ltr'><strong>et</strong></span> <span class='ocrx_word' id='word_1_168' title='bbox 3023 803 3129 858; x_wconf 90' lang='lat' dir='ltr'><strong>alia</strong></span> <span class='ocrx_word' id='word_1_169' title='bbox 3174 803 3395 872; x_wconf 86' lang='lat' dir='ltr'><strong>propria</strong></span> <span class='ocrx_word' id='word_1_170' title='bbox 3441 812 3493 856; x_wconf 87' lang='lat' dir='ltr'><strong>te</strong></span> 
     </span>
    </p>
   </div>
   <div class='ocr_carea' id='block_1_24' title="bbox 1903 894 3494 966">
    <p class='ocr_par' dir='ltr' id='par_1_24' title="bbox 1903 894 3494 966">
     <span class='ocr_line' id='line_1_24' title="bbox 1903 894 3494 966; baseline -0.003 -15"><span class='ocrx_word' id='word_1_171' title='bbox 1903 904 2127 953; x_wconf 89' lang='lat' dir='ltr'><strong>manent</strong></span> <span class='ocrx_word' id='word_1_172' title='bbox 2171 911 2420 951; x_wconf 89' lang='lat' dir='ltr'><strong>munera.</strong></span> <span class='ocrx_word' id='word_1_173' title='bbox 2451 896 2673 952; x_wconf 89' lang='lat' dir='ltr'><strong>Crescis</strong></span> <span class='ocrx_word' id='word_1_174' title='bbox 2721 895 2889 959; x_wconf 89' lang='lat' dir='ltr'><strong>enim,</strong></span> <span class='ocrx_word' id='word_1_175' title='bbox 2924 894 3383 966; x_wconf 86' lang='lat' dir='ltr'><strong>quemadmodum</strong></span> <span class='ocrx_word' id='word_1_176' title='bbox 3437 900 3494 948; x_wconf 87' lang='lat' dir='ltr'><strong>ct</strong></span> 
     </span>
    </p>
   </div>
   <div class='ocr_carea' id='block_1_25' title="bbox 1904 987 3493 1060">
    <p class='ocr_par' dir='ltr' id='par_1_25' title="bbox 1904 987 3493 1060">
     <span class='ocr_line' id='line_1_25' title="bbox 1904 987 3493 1060; baseline -0.004 -16"><span class='ocrx_word' id='word_1_177' title='bbox 1904 991 2119 1060; x_wconf 89' lang='lat' dir='ltr'><strong>reliqua</strong></span> <span class='ocrx_word' id='word_1_178' title='bbox 2179 989 2458 1055; x_wconf 82' lang='lat' dir='ltr'><strong>animalia,</strong></span> <span class='ocrx_word' id='word_1_179' title='bbox 2510 997 2564 1045; x_wconf 91' lang='lat' dir='ltr'><strong>et</strong></span> <span class='ocrx_word' id='word_1_180' title='bbox 2605 987 2867 1059; x_wconf 87' lang='lat' dir='ltr'><strong>paulatim</strong></span> <span class='ocrx_word' id='word_1_181' title='bbox 2914 1002 3013 1057; x_wconf 92' lang='lat' dir='ltr'><strong>per</strong></span> <span class='ocrx_word' id='word_1_182' title='bbox 3042 987 3377 1041; x_wconf 88' lang='lat' dir='ltr'><strong>incrementa</strong></span> <span class='ocrx_word' id='word_1_183' title='bbox 3424 1000 3493 1039; x_wconf 67' lang='lat' dir='ltr'><strong>ex</strong></span> 
     </span>
    </p>
   </div>
   <div class='ocr_carea' id='block_1_26' title="bbox 1906 1075 3493 1153">
    <p class='ocr_par' dir='ltr' id='par_1_26' title="bbox 1906 1075 3493 1153">
     <span class='ocr_line' id='line_1_26' title="bbox 1906 1075 3493 1153; baseline -0.004 -17"><span class='ocrx_word' id='word_1_184' title='bbox 1906 1095 2073 1151; x_wconf 87' lang='lat' dir='ltr'><strong>parva</strong></span> <span class='ocrx_word' id='word_1_185' title='bbox 2105 1081 2172 1137; x_wconf 89' lang='lat' dir='ltr'><strong>ad</strong></span> <span class='ocrx_word' id='word_1_186' title='bbox 2198 1081 2407 1152; x_wconf 84' lang='lat' dir='ltr'><strong>justam</strong></span> <span class='ocrx_word' id='word_1_187' title='bbox 2452 1079 2866 1153; x_wconf 80' lang='lat' dir='ltr'><strong>perfectamque</strong></span> <span class='ocrx_word' id='word_1_188' title='bbox 2900 1075 3335 1148; x_wconf 82' lang='lat' dir='ltr'><strong>magnitudinem</strong></span> <span class='ocrx_word' id='word_1_189' title='bbox 3370 1090 3493 1146; x_wconf 91' lang='lat' dir='ltr'><strong>per-</strong></span> 
     </span>
    </p>
   </div>
   <div class='ocr_carea' id='block_1_27' title="bbox 1906 1170 3494 1245">
    <p class='ocr_par' dir='ltr' id='par_1_27' title="bbox 1906 1170 3494 1245">
     <span class='ocr_line' id='line_1_27' title="bbox 1906 1170 3494 1245; baseline -0.004 -18"><span class='ocrx_word' id='word_1_190' title='bbox 1906 1175 2081 1230; x_wconf 89' lang='lat' dir='ltr'><strong>venis.</strong></span> <span class='ocrx_word' id='word_1_191' title='bbox 2137 1172 2230 1229; x_wconf 89' lang='lat' dir='ltr'><strong>Sic</strong></span> <span class='ocrx_word' id='word_1_192' title='bbox 2280 1183 2336 1230; x_wconf 91' lang='lat' dir='ltr'><strong>et</strong></span> <span class='ocrx_word' id='word_1_193' title='bbox 2382 1175 2535 1245; x_wconf 90' lang='lat' dir='ltr'><strong>equi,</strong></span> <span class='ocrx_word' id='word_1_194' title='bbox 2588 1179 2643 1228; x_wconf 89' lang='lat' dir='ltr'><strong>et</strong></span> <span class='ocrx_word' id='word_1_195' title='bbox 2695 1187 2885 1236; x_wconf 88' lang='lat' dir='ltr'><strong>canes,</strong></span> <span class='ocrx_word' id='word_1_196' title='bbox 2944 1171 3026 1227; x_wconf 90' lang='lat' dir='ltr'><strong>sic</strong></span> <span class='ocrx_word' id='word_1_197' title='bbox 3066 1177 3120 1226; x_wconf 89' lang='lat' dir='ltr'><strong>et</strong></span> <span class='ocrx_word' id='word_1_198' title='bbox 3176 1170 3397 1240; x_wconf 73' lang='lat' dir='ltr'><strong>aquilae,</strong></span> <span class='ocrx_word' id='word_1_199' title='bbox 3436 1173 3494 1222; x_wconf 86' lang='lat' dir='ltr'><strong>et</strong></span> 
     </span>
    </p>
   </div>
   <div class='ocr_carea' id='block_1_28' title="bbox 1910 1262 3495 1337">
    <p class='ocr_par' dir='ltr' id='par_1_28' title="bbox 1910 1262 3495 1337">
     <span class='ocr_line' id='line_1_28' title="bbox 1910 1262 3495 1337; baseline -0.006 -17"><span class='ocrx_word' id='word_1_200' title='bbox 1910 1266 2088 1337; x_wconf 87' lang='lat' dir='ltr'><strong>cycni,</strong></span> <span class='ocrx_word' id='word_1_201' title='bbox 2131 1275 2186 1321; x_wconf 93' lang='lat' dir='ltr'><strong>et</strong></span> <span class='ocrx_word' id='word_1_202' title='bbox 2215 1274 2414 1321; x_wconf 66' lang='lat' dir='ltr'><strong>caetera</strong></span> <span class='ocrx_word' id='word_1_203' title='bbox 2457 1264 2759 1320; x_wconf 83' lang='lat' dir='ltr'><strong>animantia</strong></span> <span class='ocrx_word' id='word_1_204' title='bbox 2799 1263 3039 1319; x_wconf 88' lang='lat' dir='ltr'><strong>eduntur</strong></span> <span class='ocrx_word' id='word_1_205' title='bbox 3068 1262 3318 1332; x_wconf 85' lang='lat' dir='ltr'><strong>parvula,</strong></span> <span class='ocrx_word' id='word_1_206' title='bbox 3358 1273 3495 1330; x_wconf 86' lang='lat' dir='ltr'><strong>pau-</strong></span> 
     </span>
    </p>
   </div>
   <div class='ocr_carea' id='block_1_29' title="bbox 1907 1352 3493 1428">
    <p class='ocr_par' dir='ltr' id='par_1_29' title="bbox 1907 1352 3493 1428">
     <span class='ocr_line' id='line_1_29' title="bbox 1907 1352 3493 1428; baseline -0.005 -17"><span class='ocrx_word' id='word_1_207' title='bbox 1907 1357 2171 1427; x_wconf 88' lang='lat' dir='ltr'><strong>latimque</strong></span> <span class='ocrx_word' id='word_1_208' title='bbox 2219 1372 2317 1428; x_wconf 89' lang='lat' dir='ltr'><strong>per</strong></span> <span class='ocrx_word' id='word_1_209' title='bbox 2359 1356 2614 1413; x_wconf 86' lang='lat' dir='ltr'><strong>assiduas</strong></span> <span class='ocrx_word' id='word_1_210' title='bbox 2665 1354 3014 1410; x_wconf 85' lang='lat' dir='ltr'><strong>accessiones</strong></span> <span class='ocrx_word' id='word_1_211' title='bbox 3062 1353 3129 1407; x_wconf 78' lang='lat' dir='ltr'><strong>at]</strong></span> <span class='ocrx_word' id='word_1_212' title='bbox 3179 1352 3493 1407; x_wconf 87' lang='lat' dir='ltr'><strong>absolutum</strong></span> 
     </span>
    </p>
   </div>
   <div class='ocr_carea' id='block_1_30' title="bbox 1907 1439 3495 1518">
    <p class='ocr_par' dir='ltr' id='par_1_30' title="bbox 1907 1439 3495 1518">
     <span class='ocr_line' id='line_1_30' title="bbox 1907 1439 3495 1518; baseline -0.006 -15"><span class='ocrx_word' id='word_1_213' title='bbox 1907 1447 2232 1518; x_wconf 88' lang='lat' dir='ltr'><strong>perveniunt</strong></span> <span class='ocrx_word' id='word_1_214' title='bbox 2280 1454 2671 1517; x_wconf 78' lang='lat' dir='ltr'><strong>augmentum,</strong></span> <span class='ocrx_word' id='word_1_215' title='bbox 2732 1458 3063 1513; x_wconf 88' lang='lat' dir='ltr'><strong>rursumque</strong></span> <span class='ocrx_word' id='word_1_216' title='bbox 3115 1442 3373 1511; x_wconf 76' lang='lat' dir='ltr'><strong>paulatim</strong></span> <span class='ocrx_word' id='word_1_217' title='bbox 3425 1439 3495 1493; x_wconf 89' lang='lat' dir='ltr'><strong>ad</strong></span> 
     </span>
    </p>
   </div>
   <div class='ocr_carea' id='block_1_31' title="bbox 1908 1534 3497 1603">
    <p class='ocr_par' dir='ltr' id='par_1_31' title="bbox 1908 1534 3497 1603">
     <span class='ocr_line' id='line_1_31' title="bbox 1908 1534 3497 1603; baseline -0.005 -11"><span class='ocrx_word' id='word_1_218' title='bbox 1908 1538 2178 1594; x_wconf 88' lang='lat' dir='ltr'><strong>minorem</strong></span> <span class='ocrx_word' id='word_1_219' title='bbox 2234 1539 2430 1593; x_wconf 91' lang='lat' dir='ltr'><strong>molem</strong></span> <span class='ocrx_word' id='word_1_220' title='bbox 2472 1544 2849 1593; x_wconf 89' lang='lat' dir='ltr'><strong>revertuntur.</strong></span> <span class='ocrx_word' id='word_1_221' title='bbox 2898 1534 3031 1601; x_wconf 86' lang='lat' dir='ltr'><strong>Quae</strong></span> <span class='ocrx_word' id='word_1_222' title='bbox 3075 1534 3242 1603; x_wconf 82' lang='lat' dir='ltr'><strong>igitur</strong></span> <span class='ocrx_word' id='word_1_223' title='bbox 3286 1539 3497 1586; x_wconf 67' lang='lat' dir='ltr'><strong>naturae</strong></span> 
     </span>
    </p>
   </div>
   <div class='ocr_carea' id='block_1_32' title="bbox 1910 1620 3499 1695">
    <p class='ocr_par' dir='ltr' id='par_1_32' title="bbox 1910 1620 3499 1695">
     <span class='ocr_line' id='line_1_32' title="bbox 1910 1620 3499 1695; baseline -0.002 -17"><span class='ocrx_word' id='word_1_224' title='bbox 1910 1625 2222 1679; x_wconf 88' lang='lat' dir='ltr'><strong>communia</strong></span> <span class='ocrx_word' id='word_1_225' title='bbox 2256 1632 2406 1689; x_wconf 89' lang='lat' dir='ltr'><strong>sunt,</strong></span> <span class='ocrx_word' id='word_1_226' title='bbox 2437 1640 2501 1681; x_wconf 89' lang='lat' dir='ltr'><strong>ea</strong></span> <span class='ocrx_word' id='word_1_227' title='bbox 2531 1625 2760 1695; x_wconf 88' lang='lat' dir='ltr'><strong>largitus</strong></span> <span class='ocrx_word' id='word_1_228' title='bbox 2800 1631 2884 1680; x_wconf 90' lang='lat' dir='ltr'><strong>est</strong></span> <span class='ocrx_word' id='word_1_229' title='bbox 2909 1623 3075 1679; x_wconf 88' lang='lat' dir='ltr'><strong>etiam</strong></span> <span class='ocrx_word' id='word_1_230' title='bbox 3106 1621 3289 1676; x_wconf 88' lang='lat' dir='ltr'><strong>nobis.</strong></span> <span class='ocrx_word' id='word_1_231' title='bbox 3323 1639 3341 1671; x_wconf 76' lang='grc' dir='ltr'><strong>ι</strong></span> <span class='ocrx_word' id='word_1_232' title='bbox 3366 1620 3499 1675; x_wconf 90' lang='lat' dir='ltr'><strong>Cre-</strong></span> 
     </span>
    </p>
   </div>
   <div class='ocr_carea' id='block_1_33' title="bbox 1912 1711 3495 1784">
    <p class='ocr_par' dir='ltr' id='par_1_33' title="bbox 1912 1711 3495 1784">
     <span class='ocr_line' id='line_1_33' title="bbox 1912 1711 3495 1784; baseline -0.004 -12"><span class='ocrx_word' id='word_1_233' title='bbox 1912 1715 2071 1781; x_wconf 84' lang='lat' dir='ltr'><strong>scite,</strong></span> <span class='ocrx_word' id='word_1_234' title='bbox 2098 1736 2117 1768; x_wconf 83' lang='grc'><strong>›</strong></span> <span class='ocrx_word' id='word_1_235' title='bbox 2149 1716 2206 1771; x_wconf 90' lang='lat' dir='ltr'><strong>id</strong></span> <span class='ocrx_word' id='word_1_236' title='bbox 2232 1724 2336 1783; x_wconf 90' lang='lat' dir='ltr'><strong>est,</strong></span> <span class='ocrx_word' id='word_1_237' title='bbox 2368 1716 2709 1780; x_wconf 89' lang='lat' dir='ltr'><strong>enutrimini,</strong></span> <span class='ocrx_word' id='word_1_238' title='bbox 2741 1723 2796 1770; x_wconf 91' lang='lat' dir='ltr'><strong>et</strong></span> <span class='ocrx_word' id='word_1_239' title='bbox 2824 1730 2948 1771; x_wconf 93' lang='lat' dir='ltr'><strong>cum</strong></span> <span class='ocrx_word' id='word_1_240' title='bbox 2976 1714 3129 1784; x_wconf 89' lang='lat' dir='ltr'><strong>parvi</strong></span> <span class='ocrx_word' id='word_1_241' title='bbox 3151 1712 3318 1783; x_wconf 82' lang='lat' dir='ltr'><strong>geniti</strong></span> <span class='ocrx_word' id='word_1_242' title='bbox 3352 1711 3495 1772; x_wconf 92' lang='lat' dir='ltr'><strong>sitis.</strong></span> 
     </span>
    </p>
   </div>
   <div class='ocr_carea' id='block_1_34' title="bbox 242 1802 1819 1888">
    <p class='ocr_par' dir='ltr' id='par_1_34' title="bbox 242 1811 1811 1888">
     <span class='ocr_line' id='line_1_34' title="bbox 242 1811 1811 1888; baseline 0.006 -26"><span class='ocrx_word' id='word_1_243' title='bbox 242 1811 345 1881; x_wconf 82' lang='grc' dir='ltr'><strong>γὰρ</strong></span> <span class='ocrx_word' id='word_1_244' title='bbox 374 1811 561 1880; x_wconf 77' lang='grc' dir='ltr'>ἐπειδὴ</span> <span class='ocrx_word' id='word_1_245' title='bbox 602 1813 659 1865; x_wconf 76' lang='grc' dir='ltr'>ἐν</span> <span class='ocrx_word' id='word_1_246' title='bbox 702 1815 768 1883; x_wconf 82' lang='grc' dir='ltr'>τῇ</span> <span class='ocrx_word' id='word_1_247' title='bbox 822 1812 1014 1886; x_wconf 90' lang='grc' dir='ltr'>πρώτῃ</span> <span class='ocrx_word' id='word_1_248' title='bbox 1057 1816 1317 1887; x_wconf 79' lang='grc' dir='ltr'>έπταετίᾳ</span> <span class='ocrx_word' id='word_1_249' title='bbox 1349 1818 1688 1888; x_wconf 84' lang='grc' dir='ltr'>τρεφόμεθα,</span> <span class='ocrx_word' id='word_1_250' title='bbox 1718 1820 1811 1872; x_wconf 78' lang='grc' dir='ltr'>καὶ</span> 
     </span>
    </p>
   </div>
   <div class='ocr_carea' id='block_1_35' title="bbox 1922 1802 3500 1888">
    <p class='ocr_par' dir='ltr' id='par_1_35' title="bbox 1922 1802 3500 1879">
     <span class='ocr_line' id='line_1_35' title="bbox 1922 1802 3500 1879; baseline -0.004 -18"><span class='ocrx_word' id='word_1_251' title='bbox 1922 1808 2097 1879; x_wconf 88' lang='lat' dir='ltr'><strong>magni</strong></span> <span class='ocrx_word' id='word_1_252' title='bbox 2127 1808 2361 1871; x_wconf 86' lang='lat' dir='ltr'><strong>evadite,</strong></span> <span class='ocrx_word' id='word_1_253' title='bbox 2394 1817 2450 1864; x_wconf 91' lang='lat' dir='ltr'><strong>et</strong></span> <span class='ocrx_word' id='word_1_254' title='bbox 2495 1807 2820 1863; x_wconf 88' lang='lat' dir='ltr'><strong>incrementi</strong></span> <span class='ocrx_word' id='word_1_255' title='bbox 2850 1807 2921 1861; x_wconf 89' lang='lat' dir='ltr'><strong>sit</strong></span> <span class='ocrx_word' id='word_1_256' title='bbox 2959 1805 3250 1860; x_wconf 88' lang='lat' dir='ltr'><strong>terminus.</strong></span> <span class='ocrx_word' id='word_1_257' title='bbox 3313 1802 3500 1871; x_wconf 84' lang='lat' dir='ltr'><strong>Neque</strong></span> 
     </span>
    </p>
   </div>
   <div class='ocr_carea' id='block_1_36' title="bbox 242 1901 1813 1979">
    <p class='ocr_par' dir='ltr' id='par_1_36' title="bbox 242 1901 1813 1979">
     <span class='ocr_line' id='line_1_36' title="bbox 242 1901 1813 1979; baseline 0.006 -26"><span class='ocrx_word' id='word_1_258' title='bbox 242 1901 504 1971; x_wconf 89' lang='grc' dir='ltr'>λαμϐάνει</span> <span class='ocrx_word' id='word_1_259' title='bbox 533 1903 678 1972; x_wconf 84' lang='grc' dir='ltr'>ήμᾶς</span> <span class='ocrx_word' id='word_1_260' title='bbox 716 1903 1105 1974; x_wconf 77' lang='grc' dir='ltr'>μεθηλικίωσις</span> <span class='ocrx_word' id='word_1_261' title='bbox 1134 1907 1228 1960; x_wconf 77' lang='grc' dir='ltr'>ἐπὶ</span> <span class='ocrx_word' id='word_1_262' title='bbox 1258 1906 1355 1978; x_wconf 83' lang='grc' dir='ltr'>τὴν</span> <span class='ocrx_word' id='word_1_263' title='bbox 1383 1908 1640 1979; x_wconf 84' lang='grc' dir='ltr'>δευτέραν</span> <span class='ocrx_word' id='word_1_264' title='bbox 1672 1908 1813 1963; x_wconf 80' lang='grc' dir='ltr'>ἐϐδο-</span> 
     </span>
    </p>
   </div>
   <div class='ocr_carea' id='block_1_37' title="bbox 246 1991 1859 2070">
    <p class='ocr_par' dir='ltr' id='par_1_37' title="bbox 246 1991 1859 2070">
     <span class='ocr_line' id='line_1_37' title="bbox 246 1991 1859 2070; baseline 0.005 -26"><span class='ocrx_word' id='word_1_265' title='bbox 246 1991 383 2062; x_wconf 84' lang='grc' dir='ltr'>μάδα</span> <span class='ocrx_word' id='word_1_266' title='bbox 405 1991 514 2044; x_wconf 82' lang='grc' dir='ltr'><strong>τῶν</strong></span> <span class='ocrx_word' id='word_1_267' title='bbox 539 1992 695 2059; x_wconf 77' lang='grc' dir='ltr'>ἑτῶν,</span> <span class='ocrx_word' id='word_1_268' title='bbox 714 1993 815 2063; x_wconf 74' lang='grc' dir='ltr'><strong>ήδη</strong></span> <span class='ocrx_word' id='word_1_269' title='bbox 841 1994 1131 2065; x_wconf 81' lang='grc' dir='ltr'>ὀφείλομεν</span> <span class='ocrx_word' id='word_1_270' title='bbox 1155 1996 1355 2066; x_wconf 82' lang='grc' dir='ltr'>ὁμοίως</span> <span class='ocrx_word' id='word_1_271' title='bbox 1379 1997 1436 2049; x_wconf 87' lang='grc' dir='ltr'>ὲν</span> <span class='ocrx_word' id='word_1_272' title='bbox 1467 2000 1629 2051; x_wconf 70' lang='grc' dir='ltr'>παντὶ</span> <span class='ocrx_word' id='word_1_273' title='bbox 1656 1998 1810 2070; x_wconf 84' lang='grc' dir='ltr'>μέρει</span> <span class='ocrx_word' id='word_1_274' title='bbox 1854 2010 1859 2019; x_wconf 90' lang='grc'>·</span> 
     </span>
    </p>
   </div>
   <div class='ocr_carea' id='block_1_38' title="bbox 244 2083 1814 2163">
    <p class='ocr_par' dir='ltr' id='par_1_38' title="bbox 244 2083 1814 2163">
     <span class='ocr_line' id='line_1_38' title="bbox 244 2083 1814 2163; baseline 0.006 -27"><span class='ocrx_word' id='word_1_275' title='bbox 244 2084 342 2152; x_wconf 78' lang='grc' dir='ltr'>τῆς</span> <span class='ocrx_word' id='word_1_276' title='bbox 388 2083 533 2154; x_wconf 79' lang='grc' dir='ltr'>ζωῆς</span> <span class='ocrx_word' id='word_1_277' title='bbox 579 2083 678 2154; x_wconf 85' lang='grc' dir='ltr'>τῆς</span> <span class='ocrx_word' id='word_1_278' title='bbox 725 2085 1031 2157; x_wconf 74' lang='grc' dir='ltr'>ἡμετέρας,</span> <span class='ocrx_word' id='word_1_279' title='bbox 1071 2087 1192 2142; x_wconf 84' lang='grc' dir='ltr'>καθ’</span> <span class='ocrx_word' id='word_1_280' title='bbox 1242 2088 1539 2159; x_wconf 76' lang='grc' dir='ltr'>ἑϐδομάδας</span> <span class='ocrx_word' id='word_1_281' title='bbox 1596 2092 1814 2163; x_wconf 86' lang='grc' dir='ltr'>μεθηλι-</span> 
     </span>
    </p>
   </div>
   <div class='ocr_carea' id='block_1_39' title="bbox 245 2174 1814 2255">
    <p class='ocr_par' dir='ltr' id='par_1_39' title="bbox 245 2174 1814 2255">
     <span class='ocr_line' id='line_1_39' title="bbox 245 2174 1814 2255; baseline 0.007 -28"><span class='ocrx_word' id='word_1_282' title='bbox 245 2174 511 2229; x_wconf 81' lang='grc' dir='ltr'>κιοῦσθαι.</span> <span class='ocrx_word' id='word_1_283' title='bbox 555 2177 621 2228; x_wconf 85' lang='grc' dir='ltr'><em>Ἢ</em></span> <span class='ocrx_word' id='word_1_284' title='bbox 654 2175 844 2247; x_wconf 82' lang='grc' dir='ltr'>πρώτη</span> <span class='ocrx_word' id='word_1_285' title='bbox 885 2178 1118 2250; x_wconf 79' lang='grc' dir='ltr'>ἑϐδομὰς</span> <span class='ocrx_word' id='word_1_286' title='bbox 1158 2180 1258 2250; x_wconf 85' lang='grc' dir='ltr'>τὴν</span> <span class='ocrx_word' id='word_1_287' title='bbox 1306 2182 1557 2254; x_wconf 82' lang='grc' dir='ltr'>παιδικὴν</span> <span class='ocrx_word' id='word_1_288' title='bbox 1601 2184 1814 2255; x_wconf 81' lang='grc' dir='ltr'>ἡλικίαν</span> 
     </span>
    </p>
   </div>
   <div class='ocr_carea' id='block_1_40' title="bbox 243 2267 1814 2348">
    <p class='ocr_par' dir='ltr' id='par_1_40' title="bbox 243 2267 1814 2348">
     <span class='ocr_line' id='line_1_40' title="bbox 243 2267 1814 2348; baseline 0.008 -30"><span class='ocrx_word' id='word_1_289' title='bbox 243 2267 374 2336; x_wconf 77' lang='grc' dir='ltr'>εχει.</span> <span class='ocrx_word' id='word_1_290' title='bbox 441 2269 596 2341; x_wconf 89' lang='grc' dir='ltr'>Ὅροι</span> <span class='ocrx_word' id='word_1_291' title='bbox 645 2268 744 2339; x_wconf 87' lang='grc' dir='ltr'>τῆς</span> <span class='ocrx_word' id='word_1_292' title='bbox 788 2270 1044 2342; x_wconf 84' lang='grc' dir='ltr'>παιδικῆς</span> <span class='ocrx_word' id='word_1_293' title='bbox 1086 2270 1300 2342; x_wconf 89' lang='grc' dir='ltr'>ήλικίας</span> <span class='ocrx_word' id='word_1_294' title='bbox 1344 2276 1665 2348; x_wconf 71' lang='grc' dir='ltr'>φανεροὶ,ή</span> <span class='ocrx_word' id='word_1_295' title='bbox 1706 2276 1814 2332; x_wconf 84' lang='grc' dir='ltr'><strong>τῶν</strong></span> 
     </span>
    </p>
   </div>
   <div class='ocr_carea' id='block_1_41' title="bbox 241 2356 1812 2439">
    <p class='ocr_par' dir='ltr' id='par_1_41' title="bbox 241 2356 1812 2439">
     <span class='ocr_line' id='line_1_41' title="bbox 241 2356 1812 2439; baseline 0.009 -30"><span class='ocrx_word' id='word_1_296' title='bbox 241 2356 467 2410; x_wconf 82' lang='grc' dir='ltr'>ὀδόντων</span> <span class='ocrx_word' id='word_1_297' title='bbox 502 2358 792 2428; x_wconf 89' lang='grc' dir='ltr'>μεταϐολή.</span> <span class='ocrx_word' id='word_1_298' title='bbox 829 2360 891 2413; x_wconf 81' lang='grc' dir='ltr'><strong>Οἱ</strong></span> <span class='ocrx_word' id='word_1_299' title='bbox 925 2360 1023 2430; x_wconf 86' lang='grc' dir='ltr'>μὲν</span> <span class='ocrx_word' id='word_1_300' title='bbox 1058 2361 1286 2415; x_wconf 80' lang='grc' dir='ltr'>ἔπεσον·</span> <span class='ocrx_word' id='word_1_301' title='bbox 1315 2365 1366 2416; x_wconf 88' lang='grc' dir='ltr'><strong>οί</strong></span> <span class='ocrx_word' id='word_1_302' title='bbox 1389 2365 1445 2419; x_wconf 83' lang='grc' dir='ltr'>δὲ</span> <span class='ocrx_word' id='word_1_303' title='bbox 1472 2366 1812 2439; x_wconf 80' lang='grc' dir='ltr'>ὐπεφύησαν.</span> 
     </span>
    </p>
   </div>
   <div class='ocr_carea' id='block_1_42' title="bbox 245 2449 1817 2531">
    <p class='ocr_par' dir='ltr' id='par_1_42' title="bbox 245 2449 1817 2531">
     <span class='ocr_line' id='line_1_42' title="bbox 245 2449 1817 2531; baseline 0.009 -31"><span class='ocrx_word' id='word_1_304' title='bbox 245 2450 509 2519; x_wconf 83' lang='grc' dir='ltr'>Δευτέραν</span> <span class='ocrx_word' id='word_1_305' title='bbox 533 2449 723 2503; x_wconf 77' lang='grc' dir='ltr'>ἐλαϐεν</span> <span class='ocrx_word' id='word_1_306' title='bbox 746 2452 922 2522; x_wconf 81' lang='grc' dir='ltr'>ἀρχὴν</span> <span class='ocrx_word' id='word_1_307' title='bbox 944 2453 1190 2524; x_wconf 80' lang='grc' dir='ltr'>αὐξησις,</span> <span class='ocrx_word' id='word_1_308' title='bbox 1216 2457 1298 2519; x_wconf 86' lang='grc' dir='ltr'><strong>είς</strong></span> <span class='ocrx_word' id='word_1_309' title='bbox 1320 2456 1390 2510; x_wconf 88' lang='grc' dir='ltr'><strong>τὰ</strong></span> <span class='ocrx_word' id='word_1_310' title='bbox 1416 2458 1543 2531; x_wconf 84' lang='grc' dir='ltr'>τέλη</span> <span class='ocrx_word' id='word_1_311' title='bbox 1572 2460 1672 2531; x_wconf 84' lang='grc' dir='ltr'>τῆς</span> <span class='ocrx_word' id='word_1_312' title='bbox 1694 2477 1817 2514; x_wconf 87' lang='grc' dir='ltr'>τεσ-</span> 
     </span>
    </p>
   </div>
   <div class='ocr_carea' id='block_1_43' title="bbox 247 2541 1813 2616">
    <p class='ocr_par' dir='ltr' id='par_1_43' title="bbox 247 2541 1813 2616">
     <span class='ocr_line' id='line_1_43' title="bbox 247 2541 1813 2616; baseline 0.006 -23"><span class='ocrx_word' id='word_1_313' title='bbox 247 2541 764 2612; x_wconf 84' lang='grc' dir='ltr'>σαρεσκαιδεκάτης,</span> <span class='ocrx_word' id='word_1_314' title='bbox 801 2544 833 2611; x_wconf 85' lang='grc' dir='ltr'>ἡ</span> <span class='ocrx_word' id='word_1_315' title='bbox 876 2542 1101 2613; x_wconf 90' lang='grc' dir='ltr'>δευτέρα</span> <span class='ocrx_word' id='word_1_316' title='bbox 1140 2544 1327 2599; x_wconf 71' lang='grc' dir='ltr'>λοιπὸν</span> <span class='ocrx_word' id='word_1_317' title='bbox 1372 2548 1405 2616; x_wconf 78' lang='grc' dir='ltr'>ἡ</span> <span class='ocrx_word' id='word_1_318' title='bbox 1436 2547 1543 2603; x_wconf 82' lang='grc' dir='ltr'><strong>τῶν</strong></span> <span class='ocrx_word' id='word_1_319' title='bbox 1588 2544 1813 2603; x_wconf 81' lang='grc' dir='ltr'>παίδων.</span> 
     </span>
    </p>
   </div>
   <div class='ocr_carea' id='block_1_44' title="bbox 244 2631 1817 2711">
    <p class='ocr_par' dir='ltr' id='par_1_44' title="bbox 244 2631 1817 2711">
     <span class='ocr_line' id='line_1_44' title="bbox 244 2631 1817 2711; baseline 0.006 -26"><span class='ocrx_word' id='word_1_320' title='bbox 244 2632 468 2705; x_wconf 85' lang='grc' dir='ltr'>Πρῶτον</span> <span class='ocrx_word' id='word_1_321' title='bbox 501 2634 610 2704; x_wconf 91' lang='grc' dir='ltr'><strong>γὰρ</strong></span> <span class='ocrx_word' id='word_1_322' title='bbox 648 2634 893 2698; x_wconf 76' lang='grc' dir='ltr'>παιδίον,</span> <span class='ocrx_word' id='word_1_323' title='bbox 939 2631 1059 2689; x_wconf 81' lang='grc' dir='ltr'>εἷτα</span> <span class='ocrx_word' id='word_1_324' title='bbox 1094 2640 1223 2701; x_wconf 81' lang='grc' dir='ltr'>παῖς</span> <span class='ocrx_word' id='word_1_325' title='bbox 1243 2679 1258 2703; x_wconf 94' lang='grc'><strong>,</strong></span> <span class='ocrx_word' id='word_1_326' title='bbox 1285 2634 1401 2692; x_wconf 76' lang='grc' dir='ltr'>εἶτα</span> <span class='ocrx_word' id='word_1_327' title='bbox 1442 2639 1670 2711; x_wconf 77' lang='grc' dir='ltr'>ἔφηϐος,</span> <span class='ocrx_word' id='word_1_328' title='bbox 1699 2638 1817 2695; x_wconf 77' lang='grc' dir='ltr'>εἷτα</span> 
     </span>
    </p>
   </div>
   <div class='ocr_carea' id='block_1_45' title="bbox 245 2722 1818 2804">
    <p class='ocr_par' dir='ltr' id='par_1_45' title="bbox 245 2722 1818 2804">
     <span class='ocr_line' id='line_1_45' title="bbox 245 2722 1818 2804; baseline 0.006 -29"><span class='ocrx_word' id='word_1_329' title='bbox 245 2723 382 2792; x_wconf 79' lang='grc' dir='ltr'>ἀνὴρ</span> <span class='ocrx_word' id='word_1_330' title='bbox 409 2722 517 2775; x_wconf 82' lang='grc' dir='ltr'><strong>ἀπὸ</strong></span> <span class='ocrx_word' id='word_1_331' title='bbox 540 2725 1215 2794; x_wconf 79' lang='grc' dir='ltr'>τεσσάρεσκαιδεκαέτους,</span> <span class='ocrx_word' id='word_1_332' title='bbox 1247 2728 1478 2783; x_wconf 81' lang='grc' dir='ltr'>ἐνταῦθα</span> <span class='ocrx_word' id='word_1_333' title='bbox 1504 2731 1553 2782; x_wconf 86' lang='grc' dir='ltr'><strong>οί</strong></span> <span class='ocrx_word' id='word_1_334' title='bbox 1581 2732 1697 2802; x_wconf 83' lang='grc' dir='ltr'>ὅροι</span> <span class='ocrx_word' id='word_1_335' title='bbox 1719 2733 1818 2804; x_wconf 82' lang='grc' dir='ltr'>τῆς</span> 
     </span>
    </p>
   </div>
   <div class='ocr_carea' id='block_1_46' title="bbox 243 2809 1818 2891">
    <p class='ocr_par' dir='ltr' id='par_1_46' title="bbox 243 2809 1818 2891">
     <span class='ocr_line' id='line_1_46' title="bbox 243 2809 1818 2891; baseline 0.008 -29"><span class='ocrx_word' id='word_1_336' title='bbox 243 2809 434 2879; x_wconf 82' lang='grc' dir='ltr'>τρίτης</span> <span class='ocrx_word' id='word_1_337' title='bbox 457 2809 755 2881; x_wconf 73' lang='grc' dir='ltr'>αὐξήσεως.</span> <span class='ocrx_word' id='word_1_338' title='bbox 789 2812 1096 2876; x_wconf 83' lang='grc' dir='ltr'>Αὐξάνεσθε</span> <span class='ocrx_word' id='word_1_339' title='bbox 1122 2812 1245 2869; x_wconf 77' lang='grc' dir='ltr'>οὖν’</span> <span class='ocrx_word' id='word_1_340' title='bbox 1283 2818 1384 2871; x_wconf 86' lang='grc' dir='ltr'><strong>οὐκ</strong></span> <span class='ocrx_word' id='word_1_341' title='bbox 1408 2819 1502 2871; x_wconf 80' lang='grc' dir='ltr'>ἐὰν</span> <span class='ocrx_word' id='word_1_342' title='bbox 1529 2820 1659 2891; x_wconf 89' lang='grc' dir='ltr'>γένῃ</span> <span class='ocrx_word' id='word_1_343' title='bbox 1690 2824 1818 2875; x_wconf 74' lang='grc' dir='ltr'>ἐκα-</span> 
     </span>
    </p>
   </div>
   <div class='ocr_carea' id='block_1_47' title="bbox 242 2901 1819 2987">
    <p class='ocr_par' dir='ltr' id='par_1_47' title="bbox 242 2901 1819 2987">
     <span class='ocr_line' id='line_1_47' title="bbox 242 2901 1819 2987; baseline 0.01 -33"><span class='ocrx_word' id='word_1_344' title='bbox 242 2901 335 2955; x_wconf 84' lang='grc' dir='ltr'>τὸν</span> <span class='ocrx_word' id='word_1_345' title='bbox 370 2901 527 2967; x_wconf 77' lang='grc' dir='ltr'>ἑτῶν,</span> <span class='ocrx_word' id='word_1_346' title='bbox 567 2902 676 2956; x_wconf 80' lang='grc' dir='ltr'>ἀπὸ</span> <span class='ocrx_word' id='word_1_347' title='bbox 725 2903 942 2975; x_wconf 88' lang='grc' dir='ltr'>πρώτου</span> <span class='ocrx_word' id='word_1_348' title='bbox 987 2907 1065 2969; x_wconf 83' lang='grc' dir='ltr'><strong>είς</strong></span> <span class='ocrx_word' id='word_1_349' title='bbox 1105 2910 1394 2964; x_wconf 80' lang='grc' dir='ltr'>ἑκατοστὸν</span> <span class='ocrx_word' id='word_1_350' title='bbox 1435 2910 1553 2976; x_wconf 80' lang='grc' dir='ltr'>έτος</span> <span class='ocrx_word' id='word_1_351' title='bbox 1593 2912 1819 2987; x_wconf 78' lang='grc' dir='ltr'>αὔξησιν</span> 
     </span>
    </p>
   </div>
   <div class='ocr_carea' id='block_1_48' title="bbox 244 2997 1820 3075">
    <p class='ocr_par' dir='ltr' id='par_1_48' title="bbox 244 2997 1820 3075">
     <span class='ocr_line' id='line_1_48' title="bbox 244 2997 1820 3075; baseline 0.004 -25"><span class='ocrx_word' id='word_1_352' title='bbox 244 2997 489 3069; x_wconf 78' lang='grc' dir='ltr'>ὲπιδὲχῃ.</span> <span class='ocrx_word' id='word_1_353' title='bbox 520 2999 653 3052; x_wconf 85' lang='grc' dir='ltr'>ἀλλὰ</span> <span class='ocrx_word' id='word_1_354' title='bbox 681 2998 839 3053; x_wconf 81' lang='grc' dir='ltr'>τοῦτο</span> <span class='ocrx_word' id='word_1_355' title='bbox 879 3000 942 3054; x_wconf 82' lang='grc' dir='ltr'>τὸ</span> <span class='ocrx_word' id='word_1_356' title='bbox 975 3020 995 3053; x_wconf 76' lang='grc' dir='ltr'><strong>ι</strong></span> <span class='ocrx_word' id='word_1_357' title='bbox 1039 3001 1333 3069; x_wconf 82' lang='grc' dir='ltr'>αὐξάνεσθε</span> <span class='ocrx_word' id='word_1_358' title='bbox 1371 3020 1391 3055; x_wconf 73' lang='grc' dir='ltr'><strong>ι</strong></span> <span class='ocrx_word' id='word_1_359' title='bbox 1448 3001 1506 3056; x_wconf 73' lang='grc' dir='ltr'>ἓν</span> <span class='ocrx_word' id='word_1_360' title='bbox 1546 3002 1698 3075; x_wconf 79' lang='grc' dir='ltr'>ῥῆμα</span> <span class='ocrx_word' id='word_1_361' title='bbox 1733 3020 1820 3057; x_wconf 84' lang='grc' dir='ltr'>σο-</span> 
     </span>
    </p>
   </div>
   <div class='ocr_carea' id='block_1_49' title="bbox 1914 1896 3501 1970">
    <p class='ocr_par' dir='ltr' id='par_1_49' title="bbox 1914 1896 3501 1970">
     <span class='ocr_line' id='line_1_49' title="bbox 1914 1896 3501 1970; baseline -0.004 -15"><span class='ocrx_word' id='word_1_362' title='bbox 1914 1900 2060 1955; x_wconf 90' lang='lat' dir='ltr'><strong>enim</strong></span> <span class='ocrx_word' id='word_1_363' title='bbox 2101 1901 2360 1970; x_wconf 84' lang='lat' dir='ltr'><strong>quoniam</strong></span> <span class='ocrx_word' id='word_1_364' title='bbox 2404 1900 2460 1955; x_wconf 92' lang='lat' dir='ltr'><strong>in</strong></span> <span class='ocrx_word' id='word_1_365' title='bbox 2488 1901 2665 1969; x_wconf 90' lang='lat' dir='ltr'><strong>primo</strong></span> <span class='ocrx_word' id='word_1_366' title='bbox 2695 1899 2980 1969; x_wconf 89' lang='lat' dir='ltr'><strong>septennio</strong></span> <span class='ocrx_word' id='word_1_367' title='bbox 3011 1899 3084 1952; x_wconf 86' lang='lat' dir='ltr'><strong>ita</strong></span> <span class='ocrx_word' id='word_1_368' title='bbox 3122 1896 3405 1959; x_wconf 85' lang='lat' dir='ltr'><strong>vertimur,</strong></span> <span class='ocrx_word' id='word_1_369' title='bbox 3442 1906 3501 1949; x_wconf 88' lang='grc' dir='ltr'><strong>ιιι</strong></span> 
     </span>
    </p>
   </div>
   <div class='ocr_carea' id='block_1_50' title="bbox 1915 1986 3499 2060">
    <p class='ocr_par' dir='ltr' id='par_1_50' title="bbox 1915 1986 3499 2060">
     <span class='ocr_line' id='line_1_50' title="bbox 1915 1986 3499 2060; baseline -0.003 -18"><span class='ocrx_word' id='word_1_370' title='bbox 1915 1990 2089 2044; x_wconf 89' lang='lat' dir='ltr'><strong>altero</strong></span> <span class='ocrx_word' id='word_1_371' title='bbox 2124 1990 2414 2060; x_wconf 87' lang='lat' dir='ltr'><strong>septennio</strong></span> <span class='ocrx_word' id='word_1_372' title='bbox 2450 1991 2502 2043; x_wconf 91' lang='lat' dir='ltr'><strong>in</strong></span> <span class='ocrx_word' id='word_1_373' title='bbox 2552 1989 2965 2043; x_wconf 72' lang='lat' dir='ltr'><strong>aliamaetatcm</strong></span> <span class='ocrx_word' id='word_1_374' title='bbox 3012 1989 3384 2049; x_wconf 87' lang='lat' dir='ltr'><strong>immutemur,</strong></span> <span class='ocrx_word' id='word_1_375' title='bbox 3417 1986 3499 2039; x_wconf 90' lang='lat' dir='ltr'><strong>sic</strong></span> 
     </span>
    </p>
   </div>
   <div class='ocr_carea' id='block_1_51' title="bbox 1916 2075 3499 2148">
    <p class='ocr_par' dir='ltr' id='par_1_51' title="bbox 1916 2075 3499 2148">
     <span class='ocr_line' id='line_1_51' title="bbox 1916 2075 3499 2148; baseline -0.002 -16"><span class='ocrx_word' id='word_1_376' title='bbox 1916 2078 1971 2132; x_wconf 95' lang='lat' dir='ltr'><strong>in</strong></span> <span class='ocrx_word' id='word_1_377' title='bbox 2011 2079 2161 2134; x_wconf 91' lang='lat' dir='ltr'><strong>omni</strong></span> <span class='ocrx_word' id='word_1_378' title='bbox 2195 2081 2304 2133; x_wconf 90' lang='lat' dir='ltr'><strong>vita</strong></span> <span class='ocrx_word' id='word_1_379' title='bbox 2354 2080 2620 2135; x_wconf 85' lang='lat' dir='ltr'><strong>debemus</strong></span> <span class='ocrx_word' id='word_1_380' title='bbox 2650 2093 2747 2148; x_wconf 91' lang='lat' dir='ltr'><strong>per</strong></span> <span class='ocrx_word' id='word_1_381' title='bbox 2795 2078 3079 2148; x_wconf 90' lang='lat' dir='ltr'><strong>septennia</strong></span> <span class='ocrx_word' id='word_1_382' title='bbox 3120 2076 3187 2131; x_wconf 86' lang='lat' dir='ltr'><strong>de</strong></span> <span class='ocrx_word' id='word_1_383' title='bbox 3238 2085 3398 2130; x_wconf 62' lang='lat' dir='ltr'><strong>aetate</strong></span> <span class='ocrx_word' id='word_1_384' title='bbox 3441 2075 3499 2129; x_wconf 91' lang='lat' dir='ltr'><strong>in</strong></span> 
     </span>
    </p>
   </div>
   <div class='ocr_carea' id='block_1_52' title="bbox 1914 2167 3500 2238">
    <p class='ocr_par' dir='ltr' id='par_1_52' title="bbox 1914 2167 3500 2238">
     <span class='ocr_line' id='line_1_52' title="bbox 1914 2167 3500 2238; baseline -0.004 -14"><span class='ocrx_word' id='word_1_385' title='bbox 1914 2177 2128 2225; x_wconf 60' lang='lat' dir='ltr'><strong>aetatem</strong></span> <span class='ocrx_word' id='word_1_386' title='bbox 2163 2172 2511 2225; x_wconf 90' lang='lat' dir='ltr'><strong>commutari.</strong></span> <span class='ocrx_word' id='word_1_387' title='bbox 2558 2169 2801 2224; x_wconf 86' lang='lat' dir='ltr'><strong>Primum</strong></span> <span class='ocrx_word' id='word_1_388' title='bbox 2852 2169 3195 2238; x_wconf 89' lang='lat' dir='ltr'><strong>seplennium</strong></span> <span class='ocrx_word' id='word_1_389' title='bbox 3233 2167 3500 2236; x_wconf 89' lang='lat' dir='ltr'><strong>puerilem</strong></span> 
     </span>
    </p>
   </div>
   <div class='ocr_carea' id='block_1_53' title="bbox 1915 2245 3502 2333">
    <p class='ocr_par' dir='ltr' id='par_1_53' title="bbox 1915 2245 3502 2333">
     <span class='ocr_line' id='line_1_53' title="bbox 1915 2245 3502 2333; baseline -0.004 -16"><span class='ocrx_word' id='word_1_390' title='bbox 1915 2270 2131 2317; x_wconf 66' lang='lat' dir='ltr'><strong>aetatem</strong></span> <span class='ocrx_word' id='word_1_391' title='bbox 2189 2245 2454 2325; x_wconf 83' lang='lat' dir='ltr'><strong>continet,</strong></span> <span class='ocrx_word' id='word_1_392' title='bbox 2513 2263 2676 2333; x_wconf 87' lang='lat' dir='ltr'><strong>cujus</strong></span> <span class='ocrx_word' id='word_1_393' title='bbox 2723 2262 2903 2317; x_wconf 56' lang='lat' dir='ltr'><strong>aetatis</strong></span> <span class='ocrx_word' id='word_1_394' title='bbox 2953 2260 3245 2315; x_wconf 86' lang='lat' dir='ltr'><strong>terminum</strong></span> <span class='ocrx_word' id='word_1_395' title='bbox 3294 2258 3502 2312; x_wconf 84' lang='lat' dir='ltr'><strong>indicat</strong></span> 
     </span>
    </p>
   </div>
   <div class='ocr_carea' id='block_1_54' title="bbox 1917 2348 3501 2419">
    <p class='ocr_par' dir='ltr' id='par_1_54' title="bbox 1917 2348 3501 2419">
     <span class='ocr_line' id='line_1_54' title="bbox 1917 2348 3501 2419; baseline -0.005 -10"><span class='ocrx_word' id='word_1_396' title='bbox 1917 2353 2160 2409; x_wconf 90' lang='lat' dir='ltr'><strong>dentium</strong></span> <span class='ocrx_word' id='word_1_397' title='bbox 2208 2354 2540 2418; x_wconf 88' lang='lat' dir='ltr'><strong>immutatio,</strong></span> <span class='ocrx_word' id='word_1_398' title='bbox 2608 2368 2733 2409; x_wconf 92' lang='lat' dir='ltr'><strong>cum</strong></span> <span class='ocrx_word' id='word_1_399' title='bbox 2795 2355 2852 2407; x_wconf 90' lang='lat' dir='ltr'><strong>in</strong></span> <span class='ocrx_word' id='word_1_400' title='bbox 2915 2353 3095 2407; x_wconf 91' lang='lat' dir='ltr'><strong>locum</strong></span> <span class='ocrx_word' id='word_1_401' title='bbox 3148 2360 3338 2405; x_wconf 78' lang='lat' dir='ltr'><strong>eorum</strong></span> <span class='ocrx_word' id='word_1_402' title='bbox 3404 2348 3501 2419; x_wconf 86' lang='lat' dir='ltr'><strong>qui</strong></span> 
     </span>
    </p>
   </div>
   <div class='ocr_carea' id='block_1_55' title="bbox 1917 2444 3504 2513">
    <p class='ocr_par' dir='ltr' id='par_1_55' title="bbox 1917 2444 3504 2513">
     <span class='ocr_line' id='line_1_55' title="bbox 1917 2444 3504 2513; baseline -0.007 -10"><span class='ocrx_word' id='word_1_403' title='bbox 1917 2447 2253 2513; x_wconf 84' lang='lat' dir='ltr'><strong>ceciderunt,</strong></span> <span class='ocrx_word' id='word_1_404' title='bbox 2300 2448 2391 2500; x_wconf 87' lang='lat' dir='ltr'><strong>alii</strong></span> <span class='ocrx_word' id='word_1_405' title='bbox 2441 2455 2821 2502; x_wconf 85' lang='lat' dir='ltr'><strong>succrescunt.</strong></span> <span class='ocrx_word' id='word_1_406' title='bbox 2872 2444 3117 2498; x_wconf 89' lang='lat' dir='ltr'><strong>Alterum</strong></span> <span class='ocrx_word' id='word_1_407' title='bbox 3157 2457 3352 2497; x_wconf 90' lang='lat' dir='ltr'><strong>rursus</strong></span> <span class='ocrx_word' id='word_1_408' title='bbox 3404 2455 3504 2493; x_wconf 89' lang='lat' dir='ltr'><strong>au-</strong></span> 
     </span>
    </p>
   </div>
   <div class='ocr_carea' id='block_1_56' title="bbox 1918 2532 3505 2609">
    <p class='ocr_par' dir='ltr' id='par_1_56' title="bbox 1918 2532 3505 2609">
     <span class='ocr_line' id='line_1_56' title="bbox 1918 2532 3505 2609; baseline -0.005 -16"><span class='ocrx_word' id='word_1_409' title='bbox 1918 2538 2123 2609; x_wconf 88' lang='lat' dir='ltr'><strong>gmenti</strong></span> <span class='ocrx_word' id='word_1_410' title='bbox 2154 2538 2480 2609; x_wconf 87' lang='lat' dir='ltr'><strong>principium</strong></span> <span class='ocrx_word' id='word_1_411' title='bbox 2531 2538 2589 2592; x_wconf 86' lang='lat' dir='ltr'><strong>ﬁt</strong></span> <span class='ocrx_word' id='word_1_412' title='bbox 2627 2539 2691 2592; x_wconf 86' lang='lat' dir='ltr'><strong>ad</strong></span> <span class='ocrx_word' id='word_1_413' title='bbox 2737 2537 2895 2591; x_wconf 82' lang='lat' dir='ltr'><strong>ﬁnem</strong></span> <span class='ocrx_word' id='word_1_414' title='bbox 2922 2549 3097 2605; x_wconf 91' lang='lat' dir='ltr'><strong>usque</strong></span> <span class='ocrx_word' id='word_1_415' title='bbox 3133 2533 3259 2587; x_wconf 90' lang='lat' dir='ltr'><strong>anni</strong></span> <span class='ocrx_word' id='word_1_416' title='bbox 3292 2532 3505 2603; x_wconf 66' lang='lat' dir='ltr'><strong>quartio</strong></span> 
     </span>
    </p>
   </div>
   <div class='ocr_carea' id='block_1_57' title="bbox 1920 2627 3504 2702">
    <p class='ocr_par' dir='ltr' id='par_1_57' title="bbox 1920 2627 3504 2702">
     <span class='ocr_line' id='line_1_57' title="bbox 1920 2627 3504 2702; baseline -0.006 -16"><span class='ocrx_word' id='word_1_417' title='bbox 1920 2631 2137 2686; x_wconf 90' lang='lat' dir='ltr'><strong>decimi.</strong></span> <span class='ocrx_word' id='word_1_418' title='bbox 2187 2632 2368 2702; x_wconf 83' lang='lat' dir='ltr'><strong>Atque</strong></span> <span class='ocrx_word' id='word_1_419' title='bbox 2397 2633 2513 2687; x_wconf 66' lang='lat' dir='ltr'><strong>haec</strong></span> <span class='ocrx_word' id='word_1_420' title='bbox 2545 2637 2631 2686; x_wconf 89' lang='lat' dir='ltr'><strong>est</strong></span> <span class='ocrx_word' id='word_1_421' title='bbox 2658 2630 2896 2686; x_wconf 85' lang='lat' dir='ltr'><strong>secunda</strong></span> <span class='ocrx_word' id='word_1_422' title='bbox 2937 2630 2991 2682; x_wconf 93' lang='lat' dir='ltr'><strong>in</strong></span> <span class='ocrx_word' id='word_1_423' title='bbox 3032 2629 3218 2697; x_wconf 91' lang='lat' dir='ltr'><strong>pueris</strong></span> <span class='ocrx_word' id='word_1_424' title='bbox 3246 2627 3504 2681; x_wconf 79' lang='lat' dir='ltr'><strong>immuta-</strong></span> 
     </span>
    </p>
   </div>
   <div class='ocr_carea' id='block_1_58' title="bbox 1920 2718 3499 2793">
    <p class='ocr_par' dir='ltr' id='par_1_58' title="bbox 1920 2718 3499 2793">
     <span class='ocr_line' id='line_1_58' title="bbox 1920 2718 3499 2793; baseline -0.005 -17"><span class='ocrx_word' id='word_1_425' title='bbox 1920 2722 2016 2776; x_wconf 91' lang='lat' dir='ltr'><strong>tio.</strong></span> <span class='ocrx_word' id='word_1_426' title='bbox 2051 2721 2187 2776; x_wconf 86' lang='lat' dir='ltr'><strong>Nam</strong></span> <span class='ocrx_word' id='word_1_427' title='bbox 2240 2723 2334 2793; x_wconf 92' lang='lat' dir='ltr'><strong>qui</strong></span> <span class='ocrx_word' id='word_1_428' title='bbox 2392 2726 2629 2793; x_wconf 89' lang='lat' dir='ltr'><strong>primum</strong></span> <span class='ocrx_word' id='word_1_429' title='bbox 2684 2729 2768 2776; x_wconf 92' lang='lat' dir='ltr'><strong>est</strong></span> <span class='ocrx_word' id='word_1_430' title='bbox 2820 2718 3022 2781; x_wconf 81' lang='lat' dir='ltr'><strong>infans,</strong></span> <span class='ocrx_word' id='word_1_431' title='bbox 3077 2728 3169 2772; x_wconf 88' lang='lat' dir='ltr'><strong>aut</strong></span> <span class='ocrx_word' id='word_1_432' title='bbox 3212 2718 3499 2788; x_wconf 85' lang='lat' dir='ltr'><strong>puerulus.</strong></span> 
     </span>
    </p>
   </div>
   <div class='ocr_carea' id='block_1_59' title="bbox 1920 2809 3504 2883">
    <p class='ocr_par' dir='ltr' id='par_1_59' title="bbox 1920 2809 3504 2883">
     <span class='ocr_line' id='line_1_59' title="bbox 1920 2809 3504 2883; baseline -0.004 -16"><span class='ocrx_word' id='word_1_433' title='bbox 1920 2821 2036 2867; x_wconf 93' lang='lat' dir='ltr'><strong>tum</strong></span> <span class='ocrx_word' id='word_1_434' title='bbox 2084 2816 2146 2866; x_wconf 87' lang='lat' dir='ltr'><strong>tit</strong></span> <span class='ocrx_word' id='word_1_435' title='bbox 2187 2828 2343 2882; x_wconf 84' lang='lat' dir='ltr'><strong>puer,</strong></span> <span class='ocrx_word' id='word_1_436' title='bbox 2377 2822 2502 2883; x_wconf 91' lang='lat' dir='ltr'><strong>post</strong></span> <span class='ocrx_word' id='word_1_437' title='bbox 2529 2822 2710 2867; x_wconf 90' lang='lat' dir='ltr'><strong>autem</strong></span> <span class='ocrx_word' id='word_1_438' title='bbox 2750 2812 2943 2881; x_wconf 87' lang='lat' dir='ltr'><strong>puber.</strong></span> <span class='ocrx_word' id='word_1_439' title='bbox 2975 2826 3039 2864; x_wconf 91' lang='lat' dir='ltr'><strong>ac</strong></span> <span class='ocrx_word' id='word_1_440' title='bbox 3077 2810 3274 2864; x_wconf 88' lang='lat' dir='ltr'><strong>deinde</strong></span> <span class='ocrx_word' id='word_1_441' title='bbox 3306 2809 3406 2875; x_wconf 81' lang='lat' dir='ltr'><strong>vir,</strong></span> <span class='ocrx_word' id='word_1_442' title='bbox 3448 2816 3504 2861; x_wconf 84' lang='lat' dir='ltr'><strong>et</strong></span> 
     </span>
    </p>
   </div>
   <div class='ocr_carea' id='block_1_60' title="bbox 1920 2901 3502 2973">
    <p class='ocr_par' dir='ltr' id='par_1_60' title="bbox 1920 2901 3502 2973">
     <span class='ocr_line' id='line_1_60' title="bbox 1920 2901 3502 2973; baseline -0.004 -15"><span class='ocrx_word' id='word_1_443' title='bbox 1920 2904 2011 2959; x_wconf 87' lang='lat' dir='ltr'><strong>hic</strong></span> <span class='ocrx_word' id='word_1_444' title='bbox 2044 2905 2368 2960; x_wconf 87' lang='lat' dir='ltr'><strong>incrementi</strong></span> <span class='ocrx_word' id='word_1_445' title='bbox 2394 2905 2613 2960; x_wconf 88' lang='lat' dir='ltr'><strong>termini</strong></span> <span class='ocrx_word' id='word_1_446' title='bbox 2647 2903 3020 2973; x_wconf 64' lang='lat' dir='ltr'><strong>praefiguntur.</strong></span> <span class='ocrx_word' id='word_1_447' title='bbox 3045 2901 3289 2955; x_wconf 79' lang='lat' dir='ltr'><strong>Crescite</strong></span> <span class='ocrx_word' id='word_1_448' title='bbox 3314 2901 3502 2970; x_wconf 83' lang='lat' dir='ltr'><strong>igitur,</strong></span> 
     </span>
    </p>
   </div>
   <div class='ocr_carea' id='block_1_61' title="bbox 1922 2995 3503 3068">
    <p class='ocr_par' dir='ltr' id='par_1_61' title="bbox 1922 2995 3503 3068">
     <span class='ocr_line' id='line_1_61' title="bbox 1922 2995 3503 3068; baseline -0.001 -17"><span class='ocrx_word' id='word_1_449' title='bbox 1922 3013 2031 3052; x_wconf 93' lang='lat' dir='ltr'><strong>non</strong></span> <span class='ocrx_word' id='word_1_450' title='bbox 2077 2998 2153 3052; x_wconf 86' lang='lat' dir='ltr'><strong>ita</strong></span> <span class='ocrx_word' id='word_1_451' title='bbox 2199 3007 2403 3062; x_wconf 83' lang='lat' dir='ltr'><strong>tamen,</strong></span> <span class='ocrx_word' id='word_1_452' title='bbox 2437 3007 2494 3053; x_wconf 91' lang='lat' dir='ltr'><strong>ut</strong></span> <span class='ocrx_word' id='word_1_453' title='bbox 2524 2998 2569 3054; x_wconf 88' lang='lat' dir='ltr'><strong>si</strong></span> <span class='ocrx_word' id='word_1_454' title='bbox 2618 2997 2743 3068; x_wconf 88' lang='lat' dir='ltr'><strong>quis</strong></span> <span class='ocrx_word' id='word_1_455' title='bbox 2786 3006 3004 3052; x_wconf 90' lang='lat' dir='ltr'><strong>centum</strong></span> <span class='ocrx_word' id='word_1_456' title='bbox 3036 3011 3303 3050; x_wconf 90' lang='lat' dir='ltr'><strong>annorum</strong></span> <span class='ocrx_word' id='word_1_457' title='bbox 3337 2995 3503 3049; x_wconf 90' lang='lat' dir='ltr'><strong>vitam</strong></span> 
     </span>
    </p>
   </div>
   <div class='ocr_carea' id='block_1_62' title="bbox 242 3084 1819 3163">
    <p class='ocr_par' dir='ltr' id='par_1_62' title="bbox 242 3087 1817 3163">
     <span class='ocr_line' id='line_1_62' title="bbox 242 3087 1817 3163; baseline 0.004 -23"><span class='ocrx_word' id='word_1_458' title='bbox 242 3088 360 3157; x_wconf 83' lang='grc' dir='ltr'><strong>φῶς</strong></span> <span class='ocrx_word' id='word_1_459' title='bbox 409 3087 595 3159; x_wconf 84' lang='grc' dir='ltr'>λεχθὲν</span> <span class='ocrx_word' id='word_1_460' title='bbox 642 3092 1017 3161; x_wconf 76' lang='grc' dir='ltr'>προνοητικῶς</span> <span class='ocrx_word' id='word_1_461' title='bbox 1066 3092 1449 3163; x_wconf 72' lang='grc' dir='ltr'>οἰκονομεῖται.</span> <span class='ocrx_word' id='word_1_462' title='bbox 1512 3092 1817 3159; x_wconf 79' lang='grc' dir='ltr'>Αὐξάνεσθε</span> 
     </span>
    </p>
   </div>
   <div class='ocr_carea' id='block_1_63' title="bbox 1922 3084 3507 3163">
    <p class='ocr_par' dir='ltr' id='par_1_63' title="bbox 1923 3084 3507 3162">
     <span class='ocr_line' id='line_1_63' title="bbox 1923 3084 3507 3162; baseline -0.002 -18"><span class='ocrx_word' id='word_1_463' title='bbox 1923 3100 2270 3161; x_wconf 87' lang='lat' dir='ltr'><strong>assequatur,</strong></span> <span class='ocrx_word' id='word_1_464' title='bbox 2318 3105 2347 3144; x_wconf 92' lang='lat' dir='ltr'><strong>a</strong></span> <span class='ocrx_word' id='word_1_465' title='bbox 2393 3092 2570 3162; x_wconf 88' lang='lat' dir='ltr'><strong>primo</strong></span> <span class='ocrx_word' id='word_1_466' title='bbox 2615 3106 2761 3145; x_wconf 88' lang='lat' dir='ltr'><strong>anno</strong></span> <span class='ocrx_word' id='word_1_467' title='bbox 2815 3090 2881 3145; x_wconf 90' lang='lat' dir='ltr'><strong>ad</strong></span> <span class='ocrx_word' id='word_1_468' title='bbox 2935 3090 3292 3144; x_wconf 88' lang='lat' dir='ltr'><strong>centesimum</strong></span> <span class='ocrx_word' id='word_1_469' title='bbox 3332 3084 3507 3157; x_wconf 79' lang='lat' dir='ltr'><strong>usque</strong></span> 
     </span>
    </p>
   </div>
   <div class='ocr_carea' id='block_1_64' title="bbox 242 3179 1820 3254">
    <p class='ocr_par' dir='ltr' id='par_1_64' title="bbox 242 3179 1820 3254">
     <span class='ocr_line' id='line_1_64' title="bbox 242 3179 1820 3254; baseline 0.003 -22"><span class='ocrx_word' id='word_1_470' title='bbox 242 3179 411 3252; x_wconf 86' lang='grc' dir='ltr'>μέχρι</span> <span class='ocrx_word' id='word_1_471' title='bbox 456 3180 637 3242; x_wconf 86' lang='grc' dir='ltr'>τινός·</span> <span class='ocrx_word' id='word_1_472' title='bbox 696 3179 809 3234; x_wconf 82' lang='grc' dir='ltr'>ἀλλ’</span> <span class='ocrx_word' id='word_1_473' title='bbox 851 3183 911 3235; x_wconf 87' lang='grc' dir='ltr'><strong>οὐ</strong></span> <span class='ocrx_word' id='word_1_474' title='bbox 955 3182 1129 3254; x_wconf 83' lang='grc' dir='ltr'>μέτρα</span> <span class='ocrx_word' id='word_1_475' title='bbox 1166 3182 1265 3253; x_wconf 84' lang='grc' dir='ltr'>τῆς</span> <span class='ocrx_word' id='word_1_476' title='bbox 1313 3181 1610 3254; x_wconf 84' lang='grc' dir='ltr'>αὐξήσεως.</span> <span class='ocrx_word' id='word_1_477' title='bbox 1666 3181 1820 3237; x_wconf 84' lang='grc' dir='ltr'>Κατὰ</span> 
     </span>
    </p>
   </div>
   <div class='ocr_carea' id='block_1_65' title="bbox 239 3270 1823 3345">
    <p class='ocr_par' dir='ltr' id='par_1_65' title="bbox 239 3270 1823 3345">
     <span class='ocr_line' id='line_1_65' title="bbox 239 3270 1823 3345; baseline -0.014 -2"><span class='ocrx_word' id='word_1_478' title='bbox 239 3270 343 3341; x_wconf 65' lang='grc' dir='ltr'><strong>τὴν</strong></span> <span class='ocrx_word' id='word_1_479' title='bbox 370 3270 591 3341; x_wconf 82' lang='grc' dir='ltr'>πρώτην</span> <span class='ocrx_word' id='word_1_480' title='bbox 632 3271 889 3326; x_wconf 80' lang='grc' dir='ltr'>σύστασιν</span> <span class='ocrx_word' id='word_1_481' title='bbox 918 3272 1017 3344; x_wconf 85' lang='grc' dir='ltr'>τὴν</span> <span class='ocrx_word' id='word_1_482' title='bbox 1052 3272 1486 3343; x_wconf 86' lang='grc' dir='ltr'>καταϐληθεῖσαν</span> <span class='ocrx_word' id='word_1_483' title='bbox 1517 3274 1576 3326; x_wconf 82' lang='grc' dir='ltr'>ὲν</span> <span class='ocrx_word' id='word_1_484' title='bbox 1617 3276 1683 3345; x_wconf 78' lang='grc' dir='ltr'>τῇ</span> <span class='ocrx_word' id='word_1_485' title='bbox 1719 3277 1823 3345; x_wconf 82' lang='grc' dir='ltr'>μή..</span> 
     </span>
    </p>
   </div>
   <div class='ocr_carea' id='block_1_66' title="bbox 240 3364 1819 3436">
    <p class='ocr_par' dir='ltr' id='par_1_66' title="bbox 240 3364 1819 3436">
     <span class='ocr_line' id='line_1_66' title="bbox 240 3364 1819 3436; baseline 0.003 -21"><span class='ocrx_word' id='word_1_486' title='bbox 240 3379 369 3433; x_wconf 84' lang='grc' dir='ltr'>τρᾳ,</span> <span class='ocrx_word' id='word_1_487' title='bbox 414 3364 820 3436; x_wconf 82' lang='grc' dir='ltr'>κατεϐλήθησαν</span> <span class='ocrx_word' id='word_1_488' title='bbox 855 3365 949 3418; x_wconf 82' lang='grc' dir='ltr'><strong>καὶ</strong></span> <span class='ocrx_word' id='word_1_489' title='bbox 997 3367 1045 3418; x_wconf 83' lang='grc' dir='ltr'><strong>οί</strong></span> <span class='ocrx_word' id='word_1_490' title='bbox 1088 3364 1236 3433; x_wconf 89' lang='grc' dir='ltr'>λόγοι</span> <span class='ocrx_word' id='word_1_491' title='bbox 1273 3365 1371 3435; x_wconf 82' lang='grc' dir='ltr'>τῆς</span> <span class='ocrx_word' id='word_1_492' title='bbox 1403 3364 1703 3436; x_wconf 80' lang='grc' dir='ltr'>αὐξήσεως.</span> <span class='ocrx_word' id='word_1_493' title='bbox 1745 3367 1819 3420; x_wconf 85' lang='grc' dir='ltr'><strong>Οὐ</strong></span> 
     </span>
    </p>
   </div>
   <div class='ocr_carea' id='block_1_67' title="bbox 241 3450 1821 3526">
    <p class='ocr_par' dir='ltr' id='par_1_67' title="bbox 241 3450 1821 3526">
     <span class='ocr_line' id='line_1_67' title="bbox 241 3450 1821 3526; baseline 0.002 -21"><span class='ocrx_word' id='word_1_494' title='bbox 241 3450 356 3524; x_wconf 76' lang='grc' dir='ltr'><strong>γὰρ</strong></span> <span class='ocrx_word' id='word_1_495' title='bbox 392 3452 529 3524; x_wconf 84' lang='grc' dir='ltr'>μετὰ</span> <span class='ocrx_word' id='word_1_496' title='bbox 551 3453 725 3507; x_wconf 83' lang='grc' dir='ltr'>ταῦτα</span> <span class='ocrx_word' id='word_1_497' title='bbox 757 3454 1017 3524; x_wconf 88' lang='grc' dir='ltr'>νεώτερόν</span> <span class='ocrx_word' id='word_1_498' title='bbox 1050 3455 1169 3507; x_wconf 76' lang='grc' dir='ltr'>ἐστι</span> <span class='ocrx_word' id='word_1_499' title='bbox 1200 3452 1262 3507; x_wconf 76' lang='grc' dir='ltr'>τὸ</span> <span class='ocrx_word' id='word_1_500' title='bbox 1293 3454 1541 3526; x_wconf 88' lang='grc' dir='ltr'>χάρισμα</span> <span class='ocrx_word' id='word_1_501' title='bbox 1572 3455 1674 3526; x_wconf 83' lang='grc' dir='ltr'>τῆς</span> <span class='ocrx_word' id='word_1_502' title='bbox 1701 3455 1821 3526; x_wconf 84' lang='grc' dir='ltr'>ήλι-</span> 
     </span>
    </p>
   </div>
   <div class='ocr_carea' id='block_1_68' title="bbox 240 3541 1824 3613">
    <p class='ocr_par' dir='ltr' id='par_1_68' title="bbox 240 3541 1824 3613">
     <span class='ocr_line' id='line_1_68' title="bbox 240 3541 1824 3613; baseline 0.002 -19"><span class='ocrx_word' id='word_1_503' title='bbox 240 3542 372 3604; x_wconf 83' lang='grc' dir='ltr'>κίας</span> <span class='ocrx_word' id='word_1_504' title='bbox 398 3542 805 3613; x_wconf 73' lang='grc' dir='ltr'>ἐπιγενόμενον,</span> <span class='ocrx_word' id='word_1_505' title='bbox 836 3542 951 3596; x_wconf 84' lang='grc' dir='ltr'>ἀλλ’</span> <span class='ocrx_word' id='word_1_506' title='bbox 982 3543 1040 3595; x_wconf 85' lang='grc' dir='ltr'>αἱ</span> <span class='ocrx_word' id='word_1_507' title='bbox 1076 3541 1326 3613; x_wconf 84' lang='grc' dir='ltr'>μητρῷαι</span> <span class='ocrx_word' id='word_1_508' title='bbox 1364 3542 1662 3598; x_wconf 76' lang='grc' dir='ltr'>καταϐολαὶ</span> <span class='ocrx_word' id='word_1_509' title='bbox 1691 3559 1824 3612; x_wconf 90' lang='grc' dir='ltr'>συγ-</span> 
     </span>
    </p>
   </div>
   <div class='ocr_carea' id='block_1_69' title="bbox 241 3633 1824 3706">
    <p class='ocr_par' dir='ltr' id='par_1_69' title="bbox 241 3633 1824 3706">
     <span class='ocr_line' id='line_1_69' title="bbox 241 3633 1824 3706; baseline 0 -19"><span class='ocrx_word' id='word_1_510' title='bbox 241 3633 726 3704; x_wconf 81' lang='grc' dir='ltr'>καταϐεϐλημένας</span> <span class='ocrx_word' id='word_1_511' title='bbox 777 3636 958 3704; x_wconf 80' lang='grc' dir='ltr'>ἔχουσι</span> <span class='ocrx_word' id='word_1_512' title='bbox 1009 3633 1107 3697; x_wconf 87' lang='grc' dir='ltr'><strong>τὰς</strong></span> <span class='ocrx_word' id='word_1_513' title='bbox 1167 3634 1303 3706; x_wconf 82' lang='grc' dir='ltr'>πρὸς</span> <span class='ocrx_word' id='word_1_514' title='bbox 1353 3634 1414 3688; x_wconf 78' lang='grc' dir='ltr'>τὸ</span> <span class='ocrx_word' id='word_1_515' title='bbox 1500 3634 1824 3703; x_wconf 82' lang='grc' dir='ltr'>αὐξάνεσθαι</span> 
     </span>
    </p>
   </div>
   <div class='ocr_carea' id='block_1_70' title="bbox 242 3725 1823 3797">
    <p class='ocr_par' dir='ltr' id='par_1_70' title="bbox 242 3725 1823 3797">
     <span class='ocr_line' id='line_1_70' title="bbox 242 3725 1823 3797; baseline 0 -18"><span class='ocrx_word' id='word_1_516' title='bbox 242 3725 711 3797; x_wconf 79' lang='grc' dir='ltr'>ὲπιτηδειότητας.</span> <span class='ocrx_word' id='word_1_517' title='bbox 766 3725 1008 3779; x_wconf 85' lang='grc' dir='ltr'>Ἐπεσαν</span> <span class='ocrx_word' id='word_1_518' title='bbox 1060 3727 1110 3778; x_wconf 88' lang='grc' dir='ltr'><strong>οί</strong></span> <span class='ocrx_word' id='word_1_519' title='bbox 1165 3725 1408 3791; x_wconf 84' lang='grc' dir='ltr'>ὀδόντες,</span> <span class='ocrx_word' id='word_1_520' title='bbox 1454 3726 1700 3797; x_wconf 79' lang='grc' dir='ltr'>ἔγνωμεν</span> <span class='ocrx_word' id='word_1_521' title='bbox 1739 3728 1823 3781; x_wconf 80' lang='grc' dir='ltr'>ὅτι</span> 
     </span>
    </p>
   </div>
   <div class='ocr_carea' id='block_1_71' title="bbox 243 3817 1824 3890">
    <p class='ocr_par' dir='ltr' id='par_1_71' title="bbox 243 3817 1824 3890">
     <span class='ocr_line' id='line_1_71' title="bbox 243 3817 1824 3890; baseline -0.001 -18"><span class='ocrx_word' id='word_1_522' title='bbox 243 3818 459 3889; x_wconf 80' lang='grc' dir='ltr'>ηὐξήθη</span> <span class='ocrx_word' id='word_1_523' title='bbox 488 3818 643 3872; x_wconf 86' lang='grc' dir='ltr'>τόσον</span> <span class='ocrx_word' id='word_1_524' title='bbox 674 3818 888 3889; x_wconf 87' lang='grc' dir='ltr'>μέτρον.</span> <span class='ocrx_word' id='word_1_525' title='bbox 924 3817 1144 3890; x_wconf 76' lang='grc' dir='ltr'>Τριετὲς</span> <span class='ocrx_word' id='word_1_526' title='bbox 1171 3817 1234 3871; x_wconf 83' lang='grc' dir='ltr'>τὸ</span> <span class='ocrx_word' id='word_1_527' title='bbox 1270 3817 1479 3872; x_wconf 78' lang='grc' dir='ltr'>παιδίον</span> <span class='ocrx_word' id='word_1_528' title='bbox 1518 3818 1824 3889; x_wconf 73' lang='grc' dir='ltr'>ἐμέτρησεν</span> 
     </span>
    </p>
   </div>
   <div class='ocr_carea' id='block_1_72' title="bbox 238 3907 1823 3982">
    <p class='ocr_par' dir='ltr' id='par_1_72' title="bbox 238 3907 1823 3982">
     <span class='ocr_line' id='line_1_72' title="bbox 238 3907 1823 3982; baseline 0.001 -18"><span class='ocrx_word' id='word_1_529' title='bbox 238 3913 271 3965; x_wconf 83' lang='grc' dir='ltr'><strong>ὁ</strong></span> <span class='ocrx_word' id='word_1_530' title='bbox 331 3911 549 3981; x_wconf 77' lang='grc' dir='ltr'>πατήρο</span> <span class='ocrx_word' id='word_1_531' title='bbox 593 3907 730 3963; x_wconf 74' lang='grc' dir='ltr'>οἶδεν</span> <span class='ocrx_word' id='word_1_532' title='bbox 780 3911 861 3964; x_wconf 86' lang='grc' dir='ltr'>ὅτι</span> <span class='ocrx_word' id='word_1_533' title='bbox 897 3910 961 3962; x_wconf 83' lang='grc' dir='ltr'><strong>τὺ</strong></span> <span class='ocrx_word' id='word_1_534' title='bbox 1012 3910 1292 3964; x_wconf 82' lang='grc' dir='ltr'>διπλάσιον</span> <span class='ocrx_word' id='word_1_535' title='bbox 1346 3910 1538 3965; x_wconf 83' lang='grc' dir='ltr'>τούτου</span> <span class='ocrx_word' id='word_1_536' title='bbox 1594 3911 1823 3982; x_wconf 85' lang='grc' dir='ltr'>μέγεθος</span> 
     </span>
    </p>
   </div>
   <div class='ocr_carea' id='block_1_73' title="bbox 240 4001 1826 4075">
    <p class='ocr_par' dir='ltr' id='par_1_73' title="bbox 240 4001 1826 4075">
     <span class='ocr_line' id='line_1_73' title="bbox 240 4001 1826 4075; baseline 0.001 -18"><span class='ocrx_word' id='word_1_537' title='bbox 240 4002 587 4074; x_wconf 79' lang='grc' dir='ltr'>ἀπολήψεται</span> <span class='ocrx_word' id='word_1_538' title='bbox 617 4004 675 4056; x_wconf 81' lang='grc' dir='ltr'>ὲν</span> <span class='ocrx_word' id='word_1_539' title='bbox 710 4006 777 4074; x_wconf 77' lang='grc' dir='ltr'>τῇ</span> <span class='ocrx_word' id='word_1_540' title='bbox 815 4001 1110 4056; x_wconf 82' lang='grc' dir='ltr'>τελειώσει.</span> <span class='ocrx_word' id='word_1_541' title='bbox 1141 4003 1304 4057; x_wconf 86' lang='grc' dir='ltr'>Ὅσον</span> <span class='ocrx_word' id='word_1_542' title='bbox 1334 4004 1443 4074; x_wconf 86' lang='grc' dir='ltr'><strong>γὰρ</strong></span> <span class='ocrx_word' id='word_1_543' title='bbox 1492 4007 1550 4057; x_wconf 78' lang='grc' dir='ltr'><strong>έν</strong></span> <span class='ocrx_word' id='word_1_544' title='bbox 1587 4007 1653 4075; x_wconf 76' lang='grc' dir='ltr'><strong>τῇ</strong></span> <span class='ocrx_word' id='word_1_545' title='bbox 1704 4022 1826 4075; x_wconf 89' lang='grc' dir='ltr'>τρι-</span> 
     </span>
    </p>
   </div>
   <div class='ocr_carea' id='block_1_74' title="bbox 239 4093 1825 4165">
    <p class='ocr_par' dir='ltr' id='par_1_74' title="bbox 239 4093 1825 4165">
     <span class='ocr_line' id='line_1_74' title="bbox 239 4093 1825 4165; baseline 0.001 -17"><span class='ocrx_word' id='word_1_546' title='bbox 239 4094 389 4165; x_wconf 78' lang='grc' dir='ltr'>ετίᾳ,</span> <span class='ocrx_word' id='word_1_547' title='bbox 434 4094 514 4156; x_wconf 72' lang='grc' dir='ltr'><strong>δὶς</strong></span> <span class='ocrx_word' id='word_1_548' title='bbox 544 4093 797 4157; x_wconf 80' lang='grc' dir='ltr'>τοσοῦτος</span> <span class='ocrx_word' id='word_1_549' title='bbox 825 4094 1002 4159; x_wconf 67' lang='grc' dir='ltr'>ἔσται,</span> <span class='ocrx_word' id='word_1_550' title='bbox 1032 4095 1065 4165; x_wconf 79' lang='grc' dir='ltr'>ἢ</span> <span class='ocrx_word' id='word_1_551' title='bbox 1113 4095 1274 4150; x_wconf 87' lang='grc' dir='ltr'>πάλιν</span> <span class='ocrx_word' id='word_1_552' title='bbox 1302 4094 1556 4161; x_wconf 83' lang='grc' dir='ltr'>τοσοῦτος</span> <span class='ocrx_word' id='word_1_553' title='bbox 1586 4095 1739 4150; x_wconf 76' lang='grc' dir='ltr'>ἔσται</span> <span class='ocrx_word' id='word_1_554' title='bbox 1766 4098 1825 4150; x_wconf 86' lang='grc' dir='ltr'>ὲν</span> 
     </span>
    </p>
   </div>
   <div class='ocr_carea' id='block_1_75' title="bbox 239 4184 1824 4259">
    <p class='ocr_par' dir='ltr' id='par_1_75' title="bbox 239 4184 1824 4259">
     <span class='ocr_line' id='line_1_75' title="bbox 239 4184 1824 4259; baseline 0.001 -20"><span class='ocrx_word' id='word_1_555' title='bbox 239 4189 314 4257; x_wconf 69' lang='grc' dir='ltr'>τῇ</span> <span class='ocrx_word' id='word_1_556' title='bbox 355 4184 747 4256; x_wconf 83' lang='grc' dir='ltr'>συμπληρώσει</span> <span class='ocrx_word' id='word_1_557' title='bbox 793 4186 893 4256; x_wconf 89' lang='grc' dir='ltr'>τῆς</span> <span class='ocrx_word' id='word_1_558' title='bbox 941 4187 1242 4259; x_wconf 83' lang='grc' dir='ltr'>αὐξήσεως.</span> <span class='ocrx_word' id='word_1_559' title='bbox 1295 4187 1467 4241; x_wconf 79' lang='grc' dir='ltr'>Τοῦτο</span> <span class='ocrx_word' id='word_1_560' title='bbox 1513 4187 1576 4241; x_wconf 83' lang='grc' dir='ltr'>τὸ</span> <span class='ocrx_word' id='word_1_561' title='bbox 1627 4187 1824 4259; x_wconf 87' lang='grc' dir='ltr'>μέτρον</span> 
     </span>
    </p>
   </div>
   <div class='ocr_carea' id='block_1_76' title="bbox 239 4278 1822 4351">
    <p class='ocr_par' dir='ltr' id='par_1_76' title="bbox 239 4278 1822 4351">
     <span class='ocr_line' id='line_1_76' title="bbox 239 4278 1822 4351; baseline -0.001 -17"><span class='ocrx_word' id='word_1_562' title='bbox 239 4280 347 4350; x_wconf 81' lang='grc' dir='ltr'>τῆς</span> <span class='ocrx_word' id='word_1_563' title='bbox 372 4278 721 4350; x_wconf 81' lang='grc' dir='ltr'>ἀνθρωπίνης</span> <span class='ocrx_word' id='word_1_564' title='bbox 743 4278 957 4348; x_wconf 80' lang='grc' dir='ltr'>φύσεως</span> <span class='ocrx_word' id='word_1_565' title='bbox 984 4280 1146 4351; x_wconf 84' lang='grc' dir='ltr'>μέχρι</span> <span class='ocrx_word' id='word_1_566' title='bbox 1175 4280 1432 4351; x_wconf 85' lang='grc' dir='ltr'>πέρατος,</span> <span class='ocrx_word' id='word_1_567' title='bbox 1462 4279 1653 4351; x_wconf 87' lang='grc' dir='ltr'>μέχρις</span> <span class='ocrx_word' id='word_1_568' title='bbox 1672 4280 1822 4350; x_wconf 80' lang='grc' dir='ltr'>ὅρου,</span> 
     </span>
    </p>
   </div>
   <div class='ocr_carea' id='block_1_77' title="bbox 241 4368 1822 4442">
    <p class='ocr_par' dir='ltr' id='par_1_77' title="bbox 241 4368 1822 4442">
     <span class='ocr_line' id='line_1_77' title="bbox 241 4368 1822 4442; baseline -0.001 -17"><span class='ocrx_word' id='word_1_569' title='bbox 241 4370 358 4425; x_wconf 77' lang='grc' dir='ltr'>ἀπὸ</span> <span class='ocrx_word' id='word_1_570' title='bbox 398 4369 499 4439; x_wconf 82' lang='grc' dir='ltr'><strong>τῆς</strong></span> <span class='ocrx_word' id='word_1_571' title='bbox 536 4368 826 4439; x_wconf 77' lang='grc' dir='ltr'>ἑϐδομάδος</span> <span class='ocrx_word' id='word_1_572' title='bbox 867 4371 964 4441; x_wconf 83' lang='grc' dir='ltr'>τῆς</span> <span class='ocrx_word' id='word_1_573' title='bbox 1012 4369 1237 4442; x_wconf 80' lang='grc' dir='ltr'>πρώτης</span> <span class='ocrx_word' id='word_1_574' title='bbox 1277 4371 1369 4424; x_wconf 76' lang='grc' dir='ltr'><strong>ἐπὶ</strong></span> <span class='ocrx_word' id='word_1_575' title='bbox 1406 4370 1505 4441; x_wconf 86' lang='grc' dir='ltr'>τὴν</span> <span class='ocrx_word' id='word_1_576' title='bbox 1543 4370 1822 4442; x_wconf 87' lang='grc' dir='ltr'>δευτέραν.</span> 
     </span>
    </p>
   </div>
   <div class='ocr_carea' id='block_1_78' title="bbox 1928 3178 3507 3250">
    <p class='ocr_par' dir='ltr' id='par_1_78' title="bbox 1928 3178 3507 3250">
     <span class='ocr_line' id='line_1_78' title="bbox 1928 3178 3507 3250; baseline -0.003 -14"><span class='ocrx_word' id='word_1_577' title='bbox 1928 3195 2146 3250; x_wconf 85' lang='lat' dir='ltr'><strong>semper</strong></span> <span class='ocrx_word' id='word_1_578' title='bbox 2192 3188 2541 3250; x_wconf 84' lang='lat' dir='ltr'><strong>augmentum</strong></span> <span class='ocrx_word' id='word_1_579' title='bbox 2599 3179 2886 3249; x_wconf 89' lang='lat' dir='ltr'><strong>suscipiat.</strong></span> <span class='ocrx_word' id='word_1_580' title='bbox 2934 3178 3012 3233; x_wconf 87' lang='lat' dir='ltr'><strong>.Ea</strong></span> <span class='ocrx_word' id='word_1_581' title='bbox 3072 3194 3200 3245; x_wconf 79' lang='lat' dir='ltr'><strong>vox,</strong></span> <span class='ocrx_word' id='word_1_582' title='bbox 3236 3179 3507 3241; x_wconf 79' lang='lat' dir='ltr'><strong>Crescite,</strong></span> 
     </span>
    </p>
   </div>
   <div class='ocr_carea' id='block_1_79' title="bbox 1930 3270 3504 3343">
    <p class='ocr_par' dir='ltr' id='par_1_79' title="bbox 1930 3270 3504 3343">
     <span class='ocr_line' id='line_1_79' title="bbox 1930 3270 3504 3343; baseline -0.003 -14"><span class='ocrx_word' id='word_1_583' title='bbox 1930 3274 2206 3343; x_wconf 88' lang='lat' dir='ltr'><strong>sapienter</strong></span> <span class='ocrx_word' id='word_1_584' title='bbox 2241 3272 2386 3326; x_wconf 86' lang='lat' dir='ltr'><strong>dicta</strong></span> <span class='ocrx_word' id='word_1_585' title='bbox 2414 3271 2713 3343; x_wconf 87' lang='lat' dir='ltr'><strong>prudenter</strong></span> <span class='ocrx_word' id='word_1_586' title='bbox 2741 3272 2961 3328; x_wconf 85' lang='lat' dir='ltr'><strong>adhibet</strong></span> <span class='ocrx_word' id='word_1_587' title='bbox 2983 3272 3226 3326; x_wconf 89' lang='lat' dir='ltr'><strong>modum.</strong></span> <span class='ocrx_word' id='word_1_588' title='bbox 3258 3270 3504 3327; x_wconf 80' lang='lat' dir='ltr'><strong>Crescite</strong></span> 
     </span>
    </p>
   </div>
   <div class='ocr_carea' id='block_1_80' title="bbox 1930 3364 3512 3434">
    <p class='ocr_par' dir='ltr' id='par_1_80' title="bbox 1930 3364 3512 3434">
     <span class='ocr_line' id='line_1_80' title="bbox 1930 3364 3512 3434; baseline -0.001 -17"><span class='ocrx_word' id='word_1_589' title='bbox 1930 3365 1996 3418; x_wconf 86' lang='lat' dir='ltr'><strong>ad</strong></span> <span class='ocrx_word' id='word_1_590' title='bbox 2035 3370 2249 3419; x_wconf 91' lang='lat' dir='ltr'><strong>certum</strong></span> <span class='ocrx_word' id='word_1_591' title='bbox 2300 3365 2620 3426; x_wconf 89' lang='lat' dir='ltr'><strong>terminum,</strong></span> <span class='ocrx_word' id='word_1_592' title='bbox 2674 3379 2784 3418; x_wconf 91' lang='lat' dir='ltr'><strong>non</strong></span> <span class='ocrx_word' id='word_1_593' title='bbox 2828 3364 3089 3418; x_wconf 90' lang='lat' dir='ltr'><strong>continua</strong></span> <span class='ocrx_word' id='word_1_594' title='bbox 3138 3370 3512 3434; x_wconf 71' lang='lat' dir='ltr'><strong>perpetuaque.</strong></span> 
     </span>
    </p>
   </div>
   <div class='ocr_carea' id='block_1_81' title="bbox 1930 3455 3510 3526">
    <p class='ocr_par' dir='ltr' id='par_1_81' title="bbox 1930 3455 3510 3526">
     <span class='ocr_line' id='line_1_81' title="bbox 1930 3455 3510 3526; baseline -0.001 -15"><span class='ocrx_word' id='word_1_595' title='bbox 1930 3457 2201 3513; x_wconf 80' lang='lat' dir='ltr'><strong>auctionis</strong></span> <span class='ocrx_word' id='word_1_596' title='bbox 2239 3471 2516 3513; x_wconf 88' lang='lat' dir='ltr'><strong>mensura.</strong></span> <span class='ocrx_word' id='word_1_597' title='bbox 2564 3455 2676 3513; x_wconf 86' lang='lat' dir='ltr'><strong>Pro</strong></span> <span class='ocrx_word' id='word_1_598' title='bbox 2706 3457 2919 3512; x_wconf 86' lang='lat' dir='ltr'><strong>ratione</strong></span> <span class='ocrx_word' id='word_1_599' title='bbox 2954 3459 3099 3511; x_wconf 90' lang='lat' dir='ltr'><strong>enim</strong></span> <span class='ocrx_word' id='word_1_600' title='bbox 3139 3458 3330 3526; x_wconf 66' lang='lat' dir='ltr'><strong>prima}</strong></span> <span class='ocrx_word' id='word_1_601' title='bbox 3363 3457 3510 3511; x_wconf 71' lang='lat' dir='ltr'><strong>illius</strong></span> 
     </span>
    </p>
   </div>
   <div class='ocr_carea' id='block_1_82' title="bbox 1931 3549 3511 3620">
    <p class='ocr_par' dir='ltr' id='par_1_82' title="bbox 1931 3549 3511 3620">
     <span class='ocr_line' id='line_1_82' title="bbox 1931 3549 3511 3620; baseline -0.001 -15"><span class='ocrx_word' id='word_1_602' title='bbox 1931 3550 1986 3605; x_wconf 92' lang='lat' dir='ltr'><strong>in</strong></span> <span class='ocrx_word' id='word_1_603' title='bbox 2026 3550 2648 3615; x_wconf 90' lang='lat' dir='ltr'><strong>utero-constitutionis,</strong></span> <span class='ocrx_word' id='word_1_604' title='bbox 2689 3549 2976 3608; x_wconf 77' lang='lat' dir='ltr'><strong>crescendi</strong></span> <span class='ocrx_word' id='word_1_605' title='bbox 3002 3549 3220 3605; x_wconf 90' lang='lat' dir='ltr'><strong>termini</strong></span> <span class='ocrx_word' id='word_1_606' title='bbox 3255 3551 3511 3620; x_wconf 73' lang='lat' dir='ltr'><strong>praescri-</strong></span> 
     </span>
    </p>
   </div>
   <div class='ocr_carea' id='block_1_83' title="bbox 1930 3640 3512 3712">
    <p class='ocr_par' dir='ltr' id='par_1_83' title="bbox 1930 3640 3512 3712">
     <span class='ocr_line' id='line_1_83' title="bbox 1930 3640 3512 3712; baseline -0.001 -17"><span class='ocrx_word' id='word_1_607' title='bbox 1930 3641 2010 3711; x_wconf 89' lang='lat' dir='ltr'><strong>pti</strong></span> <span class='ocrx_word' id='word_1_608' title='bbox 2035 3649 2184 3695; x_wconf 90' lang='lat' dir='ltr'><strong>sunt.</strong></span> <span class='ocrx_word' id='word_1_609' title='bbox 2216 3641 2553 3712; x_wconf 64' lang='lat' dir='ltr'><strong>Ea‘namque</strong></span> <span class='ocrx_word' id='word_1_610' title='bbox 2585 3640 2907 3695; x_wconf 89' lang='lat' dir='ltr'><strong>constitutio</strong></span> <span class='ocrx_word' id='word_1_611' title='bbox 2941 3640 3355 3695; x_wconf 87' lang='lat' dir='ltr'><strong>convenientem</strong></span> <span class='ocrx_word' id='word_1_612' title='bbox 3392 3656 3512 3694; x_wconf 86' lang='lat' dir='ltr'><strong>cre-</strong></span> 
     </span>
    </p>
   </div>
   <div class='ocr_carea' id='block_1_84' title="bbox 1930 3725 3511 3797">
    <p class='ocr_par' dir='ltr' id='par_1_84' title="bbox 1930 3725 3511 3797">
     <span class='ocr_line' id='line_1_84' title="bbox 1930 3725 3511 3797; baseline -0.001 -14"><span class='ocrx_word' id='word_1_613' title='bbox 1930 3729 2119 3783; x_wconf 87' lang='lat' dir='ltr'><strong>scendi</strong></span> <span class='ocrx_word' id='word_1_614' title='bbox 2168 3728 2628 3797; x_wconf 86' lang='lat' dir='ltr'><strong>opportunitatem</strong></span> <span class='ocrx_word' id='word_1_615' title='bbox 2667 3727 3015 3794; x_wconf 86' lang='lat' dir='ltr'><strong>conjunctam</strong></span> <span class='ocrx_word' id='word_1_616' title='bbox 3071 3725 3253 3782; x_wconf 84' lang='lat' dir='ltr'><strong>habet.</strong></span> <span class='ocrx_word' id='word_1_617' title='bbox 3311 3726 3511 3781; x_wconf 84' lang='lat' dir='ltr'><strong>Dentes</strong></span> 
     </span>
    </p>
   </div>
   <div class='ocr_carea' id='block_1_85' title="bbox 1929 3818 3512 3892">
    <p class='ocr_par' dir='ltr' id='par_1_85' title="bbox 1929 3818 3512 3892">
     <span class='ocr_line' id='line_1_85' title="bbox 1929 3818 3512 3892; baseline -0.001 -17"><span class='ocrx_word' id='word_1_618' title='bbox 1929 3820 2252 3875; x_wconf 78' lang='lat' dir='ltr'><strong>exciderunt</strong></span> <span class='ocrx_word' id='word_1_619' title='bbox 2288 3840 2301 3875; x_wconf 94' lang='lat'><strong>:</strong></span> <span class='ocrx_word' id='word_1_620' title='bbox 2341 3820 2727 3892; x_wconf 84' lang='lat' dir='ltr'><strong>cognoscimus</strong></span> <span class='ocrx_word' id='word_1_621' title='bbox 2757 3818 3081 3874; x_wconf 90' lang='lat' dir='ltr'><strong>incrementi</strong></span> <span class='ocrx_word' id='word_1_622' title='bbox 3117 3827 3382 3888; x_wconf 89' lang='lat' dir='ltr'><strong>quantum</strong></span> <span class='ocrx_word' id='word_1_623' title='bbox 3424 3835 3512 3873; x_wconf 82' lang='lat' dir='ltr'><strong>ac—</strong></span> 
     </span>
    </p>
   </div>
   <div class='ocr_carea' id='block_1_86' title="bbox 1929 3910 3511 3979">
    <p class='ocr_par' dir='ltr' id='par_1_86' title="bbox 1929 3910 3511 3979">
     <span class='ocr_line' id='line_1_86' title="bbox 1929 3910 3511 3979; baseline 0 -14"><span class='ocrx_word' id='word_1_624' title='bbox 1929 3913 2179 3967; x_wconf 91' lang='lat' dir='ltr'><strong>cesserit.</strong></span> <span class='ocrx_word' id='word_1_625' title='bbox 2218 3911 2645 3979; x_wconf 87' lang='lat' dir='ltr'><strong>Fiiiolum,cum</strong></span> <span class='ocrx_word' id='word_1_626' title='bbox 2684 3911 2908 3967; x_wconf 88' lang='lat' dir='ltr'><strong>tertium</strong></span> <span class='ocrx_word' id='word_1_627' title='bbox 2953 3910 3133 3965; x_wconf 63' lang='lat' dir='ltr'><strong>{etatis</strong></span> <span class='ocrx_word' id='word_1_628' title='bbox 3172 3924 3374 3965; x_wconf 81' lang='lat' dir='ltr'><strong>annum</strong></span> <span class='ocrx_word' id='word_1_629' title='bbox 3408 3911 3511 3965; x_wconf 83' lang='lat' dir='ltr'><strong>im-</strong></span> 
     </span>
    </p>
   </div>
   <div class='ocr_carea' id='block_1_87' title="bbox 1931 4000 3509 4074">
    <p class='ocr_par' dir='ltr' id='par_1_87' title="bbox 1931 4000 3509 4074">
     <span class='ocr_line' id='line_1_87' title="bbox 1931 4000 3509 4074; baseline -0.001 -18"><span class='ocrx_word' id='word_1_630' title='bbox 1931 4003 2118 4073; x_wconf 82' lang='lat' dir='ltr'><strong>plevit,</strong></span> <span class='ocrx_word' id='word_1_631' title='bbox 2171 4003 2397 4057; x_wconf 85' lang='lat' dir='ltr'><strong>metitur</strong></span> <span class='ocrx_word' id='word_1_632' title='bbox 2446 4010 2620 4074; x_wconf 88' lang='lat' dir='ltr'><strong>pater.</strong></span> <span class='ocrx_word' id='word_1_633' title='bbox 2664 4000 2837 4072; x_wconf 86' lang='lat' dir='ltr'><strong>Duplo</strong></span> <span class='ocrx_word' id='word_1_634' title='bbox 2889 4000 3033 4056; x_wconf 89' lang='lat' dir='ltr'><strong>enim</strong></span> <span class='ocrx_word' id='word_1_635' title='bbox 3094 4001 3286 4070; x_wconf 87' lang='lat' dir='ltr'><strong>major,</strong></span> <span class='ocrx_word' id='word_1_636' title='bbox 3347 4017 3509 4071; x_wconf 82' lang='lat' dir='ltr'><strong>quam</strong></span> 
     </span>
    </p>
   </div>
   <div class='ocr_carea' id='block_1_88' title="bbox 1932 4094 3512 4163">
    <p class='ocr_par' dir='ltr' id='par_1_88' title="bbox 1932 4094 3512 4163">
     <span class='ocr_line' id='line_1_88' title="bbox 1932 4094 3512 4163; baseline 0.001 -13"><span class='ocrx_word' id='word_1_637' title='bbox 1932 4105 2063 4150; x_wconf 92' lang='lat' dir='ltr'><strong>tunc</strong></span> <span class='ocrx_word' id='word_1_638' title='bbox 2108 4096 2201 4159; x_wconf 90' lang='lat' dir='ltr'><strong>sit,</strong></span> <span class='ocrx_word' id='word_1_639' title='bbox 2240 4095 2455 4151; x_wconf 80' lang='lat' dir='ltr'><strong>futurus</strong></span> <span class='ocrx_word' id='word_1_640' title='bbox 2503 4101 2588 4151; x_wconf 86' lang='lat' dir='ltr'><strong>est</strong></span> <span class='ocrx_word' id='word_1_641' title='bbox 2627 4094 2737 4157; x_wconf 88' lang='lat' dir='ltr'><strong>ille,</strong></span> <span class='ocrx_word' id='word_1_642' title='bbox 2780 4108 2904 4148; x_wconf 90' lang='lat' dir='ltr'><strong>eum</strong></span> <span class='ocrx_word' id='word_1_643' title='bbox 2948 4094 3054 4149; x_wconf 90' lang='lat' dir='ltr'><strong>erit</strong></span> <span class='ocrx_word' id='word_1_644' title='bbox 3088 4095 3366 4163; x_wconf 83' lang='lat' dir='ltr'><strong>perfectus</strong></span> <span class='ocrx_word' id='word_1_645' title='bbox 3404 4095 3512 4151; x_wconf 83' lang='lat' dir='ltr'><strong>vir.</strong></span> 
     </span>
    </p>
   </div>
   <div class='ocr_carea' id='block_1_89' title="bbox 1933 4186 3514 4255">
    <p class='ocr_par' dir='ltr' id='par_1_89' title="bbox 1933 4186 3514 4255">
     <span class='ocr_line' id='line_1_89' title="bbox 1933 4186 3514 4255; baseline -0.003 -13"><span class='ocrx_word' id='word_1_646' title='bbox 1933 4186 2091 4242; x_wconf 84' lang='lat' dir='ltr'><strong>Hunc</strong></span> <span class='ocrx_word' id='word_1_647' title='bbox 2122 4187 2281 4243; x_wconf 90' lang='lat' dir='ltr'><strong>habet</strong></span> <span class='ocrx_word' id='word_1_648' title='bbox 2313 4187 2555 4242; x_wconf 87' lang='lat' dir='ltr'><strong>humana</strong></span> <span class='ocrx_word' id='word_1_649' title='bbox 2593 4194 2787 4241; x_wconf 87' lang='lat' dir='ltr'><strong>natura</strong></span> <span class='ocrx_word' id='word_1_650' title='bbox 2832 4186 3122 4241; x_wconf 90' lang='lat' dir='ltr'><strong>terminum</strong></span> <span class='ocrx_word' id='word_1_651' title='bbox 3165 4193 3329 4255; x_wconf 85' lang='lat' dir='ltr'><strong>atque</strong></span> <span class='ocrx_word' id='word_1_652' title='bbox 3359 4202 3514 4240; x_wconf 81' lang='lat' dir='ltr'><strong>mou-</strong></span> 
     </span>
    </p>
   </div>
   <div class='ocr_carea' id='block_1_90' title="bbox 1933 4278 3511 4350">
    <p class='ocr_par' dir='ltr' id='par_1_90' title="bbox 1933 4278 3511 4350">
     <span class='ocr_line' id='line_1_90' title="bbox 1933 4278 3511 4350; baseline -0.003 -15"><span class='ocrx_word' id='word_1_653' title='bbox 1933 4294 2142 4335; x_wconf 81' lang='lat' dir='ltr'><strong>suram.</strong></span> <span class='ocrx_word' id='word_1_654' title='bbox 2201 4278 2256 4333; x_wconf 94' lang='lat' dir='ltr'><strong>ln</strong></span> <span class='ocrx_word' id='word_1_655' title='bbox 2306 4280 2482 4350; x_wconf 91' lang='lat' dir='ltr'><strong>primo</strong></span> <span class='ocrx_word' id='word_1_656' title='bbox 2530 4278 2885 4347; x_wconf 90' lang='lat' dir='ltr'><strong>secundoque</strong></span> <span class='ocrx_word' id='word_1_657' title='bbox 2930 4278 3213 4346; x_wconf 76' lang='lat' dir='ltr'><strong>septennia</strong></span> <span class='ocrx_word' id='word_1_658' title='bbox 3266 4278 3511 4331; x_wconf 86' lang='lat' dir='ltr'><strong>abundat</strong></span> 
     </span>
    </p>
   </div>
   <div class='ocr_carea' id='block_1_91' title="bbox 1933 4369 3506 4436">
    <p class='ocr_par' dir='ltr' id='par_1_91' title="bbox 1933 4369 3506 4436">
     <span class='ocr_line' id='line_1_91' title="bbox 1933 4369 3506 4436; baseline -0.004 -8"><span class='ocrx_word' id='word_1_659' title='bbox 1933 4373 2254 4436; x_wconf 83' lang='lat' dir='ltr'><strong>humiditas,</strong></span> <span class='ocrx_word' id='word_1_660' title='bbox 2289 4387 2416 4429; x_wconf 77' lang='lat' dir='ltr'><strong>mox</strong></span> <span class='ocrx_word' id='word_1_661' title='bbox 2461 4372 2665 4434; x_wconf 80' lang='lat' dir='ltr'><strong>deﬁcit,</strong></span> <span class='ocrx_word' id='word_1_662' title='bbox 2719 4371 2969 4426; x_wconf 85' lang='lat' dir='ltr'><strong>caliditas</strong></span> <span class='ocrx_word' id='word_1_663' title='bbox 3011 4377 3214 4435; x_wconf 78' lang='lat' dir='ltr'><strong>manet,</strong></span> <span class='ocrx_word' id='word_1_664' title='bbox 3263 4369 3506 4423; x_wconf 86' lang='lat' dir='ltr'><strong>membra</strong></span> 
     </span>
    </p>
   </div>
   <div class='ocr_carea' id='block_1_92' title="bbox 256 4458 1819 4543">
    <p class='ocr_par' dir='ltr' id='par_1_92' title="bbox 256 4458 1819 4532">
     <span class='ocr_line' id='line_1_92' title="bbox 256 4458 1819 4532; baseline 0.001 -19"><span class='ocrx_word' id='word_1_665' title='bbox 256 4459 415 4513; x_wconf 81' lang='grc' dir='ltr'>Ἐκεῖ</span> <span class='ocrx_word' id='word_1_666' title='bbox 438 4458 624 4511; x_wconf 75' lang='grc' dir='ltr'>λοιπὸν</span> <span class='ocrx_word' id='word_1_667' title='bbox 665 4461 698 4528; x_wconf 90' lang='grc' dir='ltr'><strong>ή</strong></span> <span class='ocrx_word' id='word_1_668' title='bbox 742 4458 1011 4532; x_wconf 81' lang='grc' dir='ltr'>θερμότης</span> <span class='ocrx_word' id='word_1_669' title='bbox 1050 4460 1273 4524; x_wconf 80' lang='grc' dir='ltr'>πλείων,</span> <span class='ocrx_word' id='word_1_670' title='bbox 1319 4462 1352 4532; x_wconf 87' lang='grc' dir='ltr'><strong>ή</strong></span> <span class='ocrx_word' id='word_1_671' title='bbox 1397 4461 1686 4526; x_wconf 87' lang='grc' dir='ltr'>διάπλασις</span> <span class='ocrx_word' id='word_1_672' title='bbox 1728 4458 1819 4515; x_wconf 80' lang='grc' dir='ltr'>τοῦ</span> 
     </span>
    </p>
   </div>
   <div class='ocr_carea' id='block_1_93' title="bbox 1922 4458 3508 4543">
    <p class='ocr_par' dir='ltr' id='par_1_93' title="bbox 1934 4458 3508 4533">
     <span class='ocr_line' id='line_1_93' title="bbox 1934 4458 3508 4533; baseline -0.007 -12"><span class='ocrx_word' id='word_1_673' title='bbox 1934 4465 2383 4528; x_wconf 83' lang='lat' dir='ltr'><strong>corroborantur,</strong></span> <span class='ocrx_word' id='word_1_674' title='bbox 2420 4465 2473 4519; x_wconf 91' lang='lat' dir='ltr'><strong>in</strong></span> <span class='ocrx_word' id='word_1_675' title='bbox 2514 4461 2783 4533; x_wconf 83' lang='lat' dir='ltr'><strong>principio</strong></span> <span class='ocrx_word' id='word_1_676' title='bbox 2822 4458 3206 4515; x_wconf 82' lang='lat' dir='ltr'><strong>imbecilliores</strong></span> <span class='ocrx_word' id='word_1_677' title='bbox 3240 4464 3368 4513; x_wconf 85' lang='lat' dir='ltr'><strong>sunt</strong></span> <span class='ocrx_word' id='word_1_678' title='bbox 3411 4458 3508 4511; x_wconf 83' lang='lat' dir='ltr'><strong>ho-</strong></span> 
     </span>
    </p>
   </div>
   <div class='ocr_carea' id='block_1_94' title="bbox 242 4543 1829 4624">
    <p class='ocr_par' dir='ltr' id='par_1_94' title="bbox 242 4543 1829 4624">
     <span class='ocr_line' id='line_1_94' title="bbox 242 4543 1829 4624; baseline 0.002 -21"><span class='ocrx_word' id='word_1_679' title='bbox 242 4543 564 4619; x_wconf 77' lang='grc' dir='ltr'>σώματος”ἠ</span> <span class='ocrx_word' id='word_1_680' title='bbox 586 4550 901 4621; x_wconf 85' lang='grc' dir='ltr'>ἀραιοτέρα,</span> <span class='ocrx_word' id='word_1_681' title='bbox 926 4553 960 4621; x_wconf 81' lang='grc' dir='ltr'>ἡ</span> <span class='ocrx_word' id='word_1_682' title='bbox 979 4551 1214 4622; x_wconf 86' lang='grc' dir='ltr'>ὑγρότης</span> <span class='ocrx_word' id='word_1_683' title='bbox 1235 4552 1522 4618; x_wconf 71' lang='grc' dir='ltr'>ἐπιλείπει,</span> <span class='ocrx_word' id='word_1_684' title='bbox 1546 4552 1829 4624; x_wconf 83' lang='grc' dir='ltr'>κραταιοῦ-</span> 
     </span>
    </p>
   </div>
   <div class='ocr_carea' id='block_1_95' title="bbox 236 4642 1829 4716">
    <p class='ocr_par' dir='ltr' id='par_1_95' title="bbox 236 4642 1829 4716">
     <span class='ocr_line' id='line_1_95' title="bbox 236 4642 1829 4716; baseline 0.002 -20"><span class='ocrx_word' id='word_1_685' title='bbox 236 4660 337 4696; x_wconf 85' lang='grc' dir='ltr'><strong>ται</strong></span> <span class='ocrx_word' id='word_1_686' title='bbox 391 4642 461 4697; x_wconf 89' lang='grc' dir='ltr'><strong>τὰ</strong></span> <span class='ocrx_word' id='word_1_687' title='bbox 505 4642 663 4711; x_wconf 82' lang='grc' dir='ltr'>μέλη,</span> <span class='ocrx_word' id='word_1_688' title='bbox 704 4642 761 4695; x_wconf 79' lang='grc' dir='ltr'>ὲν</span> <span class='ocrx_word' id='word_1_689' title='bbox 810 4644 952 4714; x_wconf 79' lang='grc' dir='ltr'>ἀρχῇ</span> <span class='ocrx_word' id='word_1_690' title='bbox 1001 4643 1110 4696; x_wconf 84' lang='grc' dir='ltr'>τῶν</span> <span class='ocrx_word' id='word_1_691' title='bbox 1163 4645 1526 4716; x_wconf 72' lang='grc' dir='ltr'>ἰσχυροτέρων</span> <span class='ocrx_word' id='word_1_692' title='bbox 1570 4646 1676 4699; x_wconf 72' lang='grc' dir='ltr'>εἰσὶ</span> <span class='ocrx_word' id='word_1_693' title='bbox 1720 4646 1829 4699; x_wconf 85' lang='grc' dir='ltr'><strong>τῶν</strong></span> 
     </span>
    </p>
   </div>
   <div class='ocr_carea' id='block_1_96' title="bbox 192 4731 1826 4807">
    <p class='ocr_par' dir='ltr' id='par_1_96' title="bbox 192 4731 1826 4807">
     <span class='ocr_line' id='line_1_96' title="bbox 192 4731 1826 4807; baseline 0.006 -25"><span class='ocrx_word' id='word_1_694' title='bbox 192 4775 203 4782; x_wconf 91' lang='grc'><strong>.</strong></span> <span class='ocrx_word' id='word_1_695' title='bbox 239 4731 529 4803; x_wconf 74' lang='grc' dir='ltr'>ἐφηλίκων</span> <span class='ocrx_word' id='word_1_696' title='bbox 552 4734 602 4786; x_wconf 90' lang='grc' dir='ltr'><strong>οί</strong></span> <span class='ocrx_word' id='word_1_697' title='bbox 629 4731 930 4803; x_wconf 81' lang='grc' dir='ltr'>ἄνθρωποι,</span> <span class='ocrx_word' id='word_1_698' title='bbox 965 4732 1118 4788; x_wconf 72' lang='grc' dir='ltr'>οὔπω</span> <span class='ocrx_word' id='word_1_699' title='bbox 1146 4736 1248 4806; x_wconf 82' lang='grc' dir='ltr'>μὲν</span> <span class='ocrx_word' id='word_1_700' title='bbox 1272 4735 1332 4789; x_wconf 78' lang='grc' dir='ltr'>τὸ</span> <span class='ocrx_word' id='word_1_701' title='bbox 1357 4735 1562 4789; x_wconf 88' lang='grc' dir='ltr'>τέλειον</span> <span class='ocrx_word' id='word_1_702' title='bbox 1594 4735 1826 4807; x_wconf 74' lang='grc' dir='ltr'>ἔχοντες.</span> 
     </span>
    </p>
   </div>
   <div class='ocr_carea' id='block_1_97' title="bbox 238 4823 1832 4898">
    <p class='ocr_par' dir='ltr' id='par_1_97' title="bbox 238 4823 1832 4898">
     <span class='ocr_line' id='line_1_97' title="bbox 238 4823 1832 4898; baseline 0.003 -22"><span class='ocrx_word' id='word_1_703' title='bbox 238 4823 548 4894; x_wconf 82' lang='grc' dir='ltr'>Νεοπαγὴς</span> <span class='ocrx_word' id='word_1_704' title='bbox 570 4824 681 4894; x_wconf 89' lang='grc' dir='ltr'><strong>γὰρ</strong></span> <span class='ocrx_word' id='word_1_705' title='bbox 723 4825 902 4878; x_wconf 86' lang='grc' dir='ltr'>αὐτῶν</span> <span class='ocrx_word' id='word_1_706' title='bbox 934 4826 968 4895; x_wconf 86' lang='grc' dir='ltr'><strong>ἡ</strong></span> <span class='ocrx_word' id='word_1_707' title='bbox 1012 4825 1146 4896; x_wconf 79' lang='grc' dir='ltr'>σὰρξ</span> <span class='ocrx_word' id='word_1_708' title='bbox 1183 4826 1285 4890; x_wconf 78' lang='grc' dir='ltr'>ἔτι,</span> <span class='ocrx_word' id='word_1_709' title='bbox 1327 4829 1418 4880; x_wconf 76' lang='grc' dir='ltr'>καὶ</span> <span class='ocrx_word' id='word_1_710' title='bbox 1452 4828 1589 4898; x_wconf 82' lang='grc' dir='ltr'>πρὸς</span> <span class='ocrx_word' id='word_1_711' title='bbox 1635 4828 1832 4891; x_wconf 88' lang='grc' dir='ltr'>πόνους</span> 
     </span>
    </p>
   </div>
   <div class='ocr_carea' id='block_1_98' title="bbox 239 4915 1833 4989">
    <p class='ocr_par' dir='ltr' id='par_1_98' title="bbox 239 4915 1833 4989">
     <span class='ocr_line' id='line_1_98' title="bbox 239 4915 1833 4989; baseline 0.004 -23"><span class='ocrx_word' id='word_1_712' title='bbox 239 4915 614 4985; x_wconf 65' lang='grc' dir='ltr'>καρτερικοίκ</span> <span class='ocrx_word' id='word_1_713' title='bbox 641 4916 1010 4986; x_wconf 86' lang='grc' dir='ltr'>ἀνεπιτηδεία.</span> <span class='ocrx_word' id='word_1_714' title='bbox 1036 4917 1109 4970; x_wconf 86' lang='grc' dir='ltr'>Τὸ</span> <span class='ocrx_word' id='word_1_715' title='bbox 1137 4918 1236 4988; x_wconf 86' lang='grc' dir='ltr'>μὲν</span> <span class='ocrx_word' id='word_1_716' title='bbox 1266 4918 1468 4988; x_wconf 82' lang='grc' dir='ltr'>κοῦφον</span> <span class='ocrx_word' id='word_1_717' title='bbox 1498 4919 1593 4973; x_wconf 76' lang='grc' dir='ltr'>καὶ</span> <span class='ocrx_word' id='word_1_718' title='bbox 1615 4918 1833 4989; x_wconf 79' lang='grc' dir='ltr'><strong>εὐκίνη⁶</strong></span> 
     </span>
    </p>
   </div>
   <div class='ocr_carea' id='block_1_99' title="bbox 236 5006 1834 5083">
    <p class='ocr_par' dir='ltr' id='par_1_99' title="bbox 236 5006 1834 5083">
     <span class='ocr_line' id='line_1_99' title="bbox 236 5006 1834 5083; baseline 0.004 -25"><span class='ocrx_word' id='word_1_719' title='bbox 236 5022 340 5058; x_wconf 81' lang='grc' dir='ltr'><strong>τον</strong></span> <span class='ocrx_word' id='word_1_720' title='bbox 377 5006 618 5059; x_wconf 86' lang='grc' dir='ltr'>ἀπέλαϐε</span> <span class='ocrx_word' id='word_1_721' title='bbox 660 5006 846 5060; x_wconf 74' lang='grc' dir='ltr'>λοιπὸν</span> <span class='ocrx_word' id='word_1_722' title='bbox 898 5007 958 5061; x_wconf 84' lang='grc' dir='ltr'>τὸ</span> <span class='ocrx_word' id='word_1_723' title='bbox 1002 5007 1160 5073; x_wconf 79' lang='grc' dir='ltr'>ζῶον.</span> <span class='ocrx_word' id='word_1_724' title='bbox 1228 5009 1317 5062; x_wconf 83' lang='grc' dir='ltr'>Ἐν</span> <span class='ocrx_word' id='word_1_725' title='bbox 1350 5009 1406 5063; x_wconf 77' lang='grc' dir='ltr'>δὲ</span> <span class='ocrx_word' id='word_1_726' title='bbox 1446 5012 1605 5083; x_wconf 89' lang='grc' dir='ltr'>τρίτῃ</span> <span class='ocrx_word' id='word_1_727' title='bbox 1649 5011 1834 5064; x_wconf 84' lang='grc' dir='ltr'>λοιπὸν</span> 
     </span>
    </p>
   </div>
   <div class='ocr_carea' id='block_1_100' title="bbox 237 5095 1828 5173">
    <p class='ocr_par' dir='ltr' id='par_1_100' title="bbox 237 5095 1828 5173">
     <span class='ocr_line' id='line_1_100' title="bbox 237 5095 1828 5173; baseline 0.007 -26"><span class='ocrx_word' id='word_1_728' title='bbox 237 5095 528 5165; x_wconf 71' lang='grc' dir='ltr'>ἑϐδομάδι,</span> <span class='ocrx_word' id='word_1_729' title='bbox 576 5098 638 5150; x_wconf 80' lang='grc' dir='ltr'><strong>τὺ</strong></span> <span class='ocrx_word' id='word_1_730' title='bbox 679 5098 882 5152; x_wconf 86' lang='grc' dir='ltr'>τέλειον</span> <span class='ocrx_word' id='word_1_731' title='bbox 939 5100 1037 5170; x_wconf 84' lang='grc' dir='ltr'>τῆς</span> <span class='ocrx_word' id='word_1_732' title='bbox 1095 5100 1378 5171; x_wconf 75' lang='grc' dir='ltr'>αὐξήσεως</span> <span class='ocrx_word' id='word_1_733' title='bbox 1430 5102 1828 5173; x_wconf 88' lang='grc' dir='ltr'>ἀπολαμϐάνει.</span> 
     </span>
    </p>
   </div>
   <div class='ocr_carea' id='block_1_101' title="bbox 235 5188 1833 5265">
    <p class='ocr_par' dir='ltr' id='par_1_101' title="bbox 235 5188 1833 5265">
     <span class='ocr_line' id='line_1_101' title="bbox 235 5188 1833 5265; baseline 0.006 -25"><span class='ocrx_word' id='word_1_734' title='bbox 235 5189 449 5241; x_wconf 76' lang='grc' dir='ltr'>Οὐκέτι</span> <span class='ocrx_word' id='word_1_735' title='bbox 469 5188 526 5241; x_wconf 82' lang='grc' dir='ltr'>δὲ</span> <span class='ocrx_word' id='word_1_736' title='bbox 548 5191 628 5253; x_wconf 85' lang='grc' dir='ltr'><strong>είς</strong></span> <span class='ocrx_word' id='word_1_737' title='bbox 653 5190 828 5259; x_wconf 84' lang='grc' dir='ltr'>μῆκος</span> <span class='ocrx_word' id='word_1_738' title='bbox 856 5191 1257 5260; x_wconf 70' lang='grc' dir='ltr'>ήδιανάστασις</span> <span class='ocrx_word' id='word_1_739' title='bbox 1275 5193 1371 5246; x_wconf 80' lang='grc' dir='ltr'>τοῦ</span> <span class='ocrx_word' id='word_1_740' title='bbox 1396 5193 1667 5263; x_wconf 88' lang='grc' dir='ltr'>σώματος,</span> <span class='ocrx_word' id='word_1_741' title='bbox 1695 5196 1833 5265; x_wconf 90' lang='grc' dir='ltr'>μετὰ</span> 
     </span>
    </p>
   </div>
   <div class='ocr_carea' id='block_1_102' title="bbox 233 5276 1834 5355">
    <p class='ocr_par' dir='ltr' id='par_1_102' title="bbox 233 5276 1834 5355">
     <span class='ocr_line' id='line_1_102' title="bbox 233 5276 1834 5355; baseline 0.006 -27"><span class='ocrx_word' id='word_1_742' title='bbox 233 5276 346 5346; x_wconf 85' lang='grc' dir='ltr'>τὴν</span> <span class='ocrx_word' id='word_1_743' title='bbox 382 5278 576 5347; x_wconf 86' lang='grc' dir='ltr'>τρίτην</span> <span class='ocrx_word' id='word_1_744' title='bbox 611 5278 901 5351; x_wconf 77' lang='grc' dir='ltr'>ἑϐδομάδα.</span> <span class='ocrx_word' id='word_1_745' title='bbox 949 5280 1197 5334; x_wconf 84' lang='grc' dir='ltr'>Ἐπειδὰν</span> <span class='ocrx_word' id='word_1_746' title='bbox 1221 5282 1278 5334; x_wconf 84' lang='grc' dir='ltr'>δὲ</span> <span class='ocrx_word' id='word_1_747' title='bbox 1311 5284 1622 5355; x_wconf 81' lang='grc' dir='ltr'>ἁναπνεύσῃ</span> <span class='ocrx_word' id='word_1_748' title='bbox 1658 5287 1691 5355; x_wconf 88' lang='grc' dir='ltr'><strong>ή</strong></span> <span class='ocrx_word' id='word_1_749' title='bbox 1732 5285 1834 5354; x_wconf 85' lang='grc' dir='ltr'>φύ-</span> 
     </span>
    </p>
   </div>
   <div class='ocr_carea' id='block_1_103' title="bbox 237 5367 1834 5448">
    <p class='ocr_par' dir='ltr' id='par_1_103' title="bbox 237 5367 1834 5448">
     <span class='ocr_line' id='line_1_103' title="bbox 237 5367 1834 5448; baseline 0.007 -28"><span class='ocrx_word' id='word_1_750' title='bbox 237 5384 334 5430; x_wconf 87' lang='grc' dir='ltr'><strong>σις</strong></span> <span class='ocrx_word' id='word_1_751' title='bbox 361 5367 471 5422; x_wconf 87' lang='grc' dir='ltr'><strong>τῶν</strong></span> <span class='ocrx_word' id='word_1_752' title='bbox 497 5370 762 5439; x_wconf 85' lang='grc' dir='ltr'>καμάτων</span> <span class='ocrx_word' id='word_1_753' title='bbox 796 5373 896 5442; x_wconf 82' lang='grc' dir='ltr'><strong>τῆς</strong></span> <span class='ocrx_word' id='word_1_754' title='bbox 922 5372 1015 5427; x_wconf 76' lang='grc' dir='ltr'><strong>ἐπὶ</strong></span> <span class='ocrx_word' id='word_1_755' title='bbox 1043 5373 1103 5426; x_wconf 85' lang='grc' dir='ltr'>τὸ</span> <span class='ocrx_word' id='word_1_756' title='bbox 1136 5372 1248 5427; x_wconf 78' lang='grc' dir='ltr'>ἄνω</span> <span class='ocrx_word' id='word_1_757' title='bbox 1279 5373 1580 5446; x_wconf 79' lang='grc' dir='ltr'>αὐξήσεως,</span> <span class='ocrx_word' id='word_1_758' title='bbox 1608 5376 1834 5448; x_wconf 82' lang='grc' dir='ltr'>ἄρχεται</span> 
     </span>
    </p>
   </div>
   <div class='ocr_carea' id='block_1_104' title="bbox 232 5460 1837 5539">
    <p class='ocr_par' dir='ltr' id='par_1_104' title="bbox 232 5460 1837 5539">
     <span class='ocr_line' id='line_1_104' title="bbox 232 5460 1837 5539; baseline 0.004 -24"><span class='ocrx_word' id='word_1_759' title='bbox 232 5460 436 5515; x_wconf 82' lang='grc' dir='ltr'>λοιπὸν</span> <span class='ocrx_word' id='word_1_760' title='bbox 473 5464 556 5525; x_wconf 86' lang='grc' dir='ltr'><strong>είς</strong></span> <span class='ocrx_word' id='word_1_761' title='bbox 596 5462 665 5517; x_wconf 81' lang='grc' dir='ltr'><strong>τὰ</strong></span> <span class='ocrx_word' id='word_1_762' title='bbox 709 5463 886 5535; x_wconf 86' lang='grc' dir='ltr'>πλάτη</span> <span class='ocrx_word' id='word_1_763' title='bbox 924 5465 1252 5530; x_wconf 77' lang='grc' dir='ltr'>διαϐαίνειν,</span> <span class='ocrx_word' id='word_1_764' title='bbox 1282 5466 1377 5519; x_wconf 72' lang='grc' dir='ltr'>καὶ</span> <span class='ocrx_word' id='word_1_765' title='bbox 1416 5467 1580 5521; x_wconf 80' lang='grc' dir='ltr'>οἱονεὶ</span> <span class='ocrx_word' id='word_1_766' title='bbox 1622 5468 1837 5539; x_wconf 88' lang='grc' dir='ltr'>περιθε-</span> 
     </span>
    </p>
   </div>
   <div class='ocr_carea' id='block_1_105' title="bbox 234 5552 1832 5630">
    <p class='ocr_par' dir='ltr' id='par_1_105' title="bbox 234 5552 1832 5630">
     <span class='ocr_line' id='line_1_105' title="bbox 234 5552 1832 5630; baseline 0.006 -25"><span class='ocrx_word' id='word_1_767' title='bbox 234 5552 469 5624; x_wconf 80' lang='grc' dir='ltr'>μελιοῦν</span> <span class='ocrx_word' id='word_1_768' title='bbox 495 5554 564 5607; x_wconf 90' lang='grc' dir='ltr'><strong>τὰ</strong></span> <span class='ocrx_word' id='word_1_769' title='bbox 590 5555 895 5626; x_wconf 74' lang='grc' dir='ltr'>ὐψωθέντα,</span> <span class='ocrx_word' id='word_1_770' title='bbox 923 5560 1018 5612; x_wconf 72' lang='grc' dir='ltr'>καὶ</span> <span class='ocrx_word' id='word_1_771' title='bbox 1052 5559 1235 5629; x_wconf 83' lang='grc' dir='ltr'>πάσχῃ</span> <span class='ocrx_word' id='word_1_772' title='bbox 1265 5560 1449 5623; x_wconf 81' lang='grc' dir='ltr'>αὐτοῖς</span> <span class='ocrx_word' id='word_1_773' title='bbox 1477 5559 1832 5630; x_wconf 86' lang='grc' dir='ltr'>περιτιθέναι,</span> 
     </span>
    </p>
   </div>
   <div class='ocr_carea' id='block_1_106' title="bbox 229 5646 1836 5723">
    <p class='ocr_par' dir='ltr' id='par_1_106' title="bbox 229 5646 1836 5723">
     <span class='ocr_line' id='line_1_106' title="bbox 229 5646 1836 5723; baseline 0.005 -25"><span class='ocrx_word' id='word_1_774' title='bbox 229 5646 340 5699; x_wconf 75' lang='grc' dir='ltr'>καὶ</span> <span class='ocrx_word' id='word_1_775' title='bbox 385 5648 630 5719; x_wconf 62' lang='grc' dir='ltr'>καρτερὰ</span> <span class='ocrx_word' id='word_1_776' title='bbox 677 5651 852 5702; x_wconf 83' lang='grc' dir='ltr'>ποιεῖν</span> <span class='ocrx_word' id='word_1_777' title='bbox 898 5650 992 5703; x_wconf 80' lang='grc' dir='ltr'><strong>τοῦ</strong></span> <span class='ocrx_word' id='word_1_778' title='bbox 1037 5650 1290 5721; x_wconf 85' lang='grc' dir='ltr'>σώματος</span> <span class='ocrx_word' id='word_1_779' title='bbox 1327 5652 1392 5704; x_wconf 74' lang='grc' dir='ltr'><strong>τὰ</strong></span> <span class='ocrx_word' id='word_1_780' title='bbox 1445 5652 1602 5723; x_wconf 85' lang='grc' dir='ltr'>μέλη.</span> <span class='ocrx_word' id='word_1_781' title='bbox 1653 5652 1836 5706; x_wconf 82' lang='grc' dir='ltr'>Ταῦτα</span> 
     </span>
    </p>
   </div>
   <div class='ocr_carea' id='block_1_107' title="bbox 234 5734 1835 5811">
    <p class='ocr_par' dir='ltr' id='par_1_107' title="bbox 234 5734 1835 5811">
     <span class='ocr_line' id='line_1_107' title="bbox 234 5734 1835 5811; baseline 0.007 -26"><span class='ocrx_word' id='word_1_782' title='bbox 234 5737 395 5787; x_wconf 86' lang='grc' dir='ltr'>ποιεῖ</span> <span class='ocrx_word' id='word_1_783' title='bbox 419 5736 520 5805; x_wconf 77' lang='grc' dir='ltr'>μὲν</span> <span class='ocrx_word' id='word_1_784' title='bbox 545 5738 578 5807; x_wconf 78' lang='grc' dir='ltr'>ἡ</span> <span class='ocrx_word' id='word_1_785' title='bbox 605 5736 769 5807; x_wconf 82' lang='grc' dir='ltr'>φύσις</span> <span class='ocrx_word' id='word_1_786' title='bbox 793 5738 936 5793; x_wconf 82' lang='grc' dir='ltr'>κατὰ</span> <span class='ocrx_word' id='word_1_787' title='bbox 956 5740 1057 5810; x_wconf 85' lang='grc' dir='ltr'>τὴν</span> <span class='ocrx_word' id='word_1_788' title='bbox 1083 5741 1282 5811; x_wconf 80' lang='grc' dir='ltr'>ἑαυτῆς</span> <span class='ocrx_word' id='word_1_789' title='bbox 1307 5741 1646 5798; x_wconf 82' lang='grc' dir='ltr'>ἀκολουθίαν.</span> <span class='ocrx_word' id='word_1_790' title='bbox 1688 5734 1835 5811; x_wconf 78' lang='grc' dir='ltr'>Ἐγέ-</span> 
     </span>
    </p>
   </div>
   <div class='ocr_carea' id='block_1_108' title="bbox 1934 4550 3506 4624">
    <p class='ocr_par' dir='ltr' id='par_1_108' title="bbox 1934 4550 3506 4624">
     <span class='ocr_line' id='line_1_108' title="bbox 1934 4550 3506 4624; baseline -0.005 -14"><span class='ocrx_word' id='word_1_791' title='bbox 1934 4556 2130 4619; x_wconf 87' lang='lat' dir='ltr'><strong>mines.</strong></span> <span class='ocrx_word' id='word_1_792' title='bbox 2177 4571 2300 4610; x_wconf 92' lang='lat' dir='ltr'><strong>cum</strong></span> <span class='ocrx_word' id='word_1_793' title='bbox 2351 4555 2591 4609; x_wconf 86' lang='lat' dir='ltr'><strong>nondum</strong></span> <span class='ocrx_word' id='word_1_794' title='bbox 2647 4552 2875 4624; x_wconf 83' lang='lat' dir='ltr'><strong>perfecti</strong></span> <span class='ocrx_word' id='word_1_795' title='bbox 2920 4551 3051 4607; x_wconf 88' lang='lat' dir='ltr'><strong>sint.</strong></span> <span class='ocrx_word' id='word_1_796' title='bbox 3104 4550 3314 4605; x_wconf 85' lang='lat' dir='ltr'><strong>Recens</strong></span> <span class='ocrx_word' id='word_1_797' title='bbox 3360 4550 3506 4605; x_wconf 88' lang='lat' dir='ltr'><strong>enim</strong></span> 
     </span>
    </p>
   </div>
   <div class='ocr_carea' id='block_1_109' title="bbox 1933 4643 3508 4717">
    <p class='ocr_par' dir='ltr' id='par_1_109' title="bbox 1933 4643 3508 4717">
     <span class='ocr_line' id='line_1_109' title="bbox 1933 4643 3508 4717; baseline -0.004 -15"><span class='ocrx_word' id='word_1_798' title='bbox 1933 4649 2147 4703; x_wconf 87' lang='lat' dir='ltr'><strong>illorum</strong></span> <span class='ocrx_word' id='word_1_799' title='bbox 2201 4661 2330 4703; x_wconf 88' lang='lat' dir='ltr'><strong>caro</strong></span> <span class='ocrx_word' id='word_1_800' title='bbox 2380 4654 2664 4717; x_wconf 86' lang='lat' dir='ltr'><strong>compacta</strong></span> <span class='ocrx_word' id='word_1_801' title='bbox 2716 4654 2820 4711; x_wconf 90' lang='lat' dir='ltr'><strong>est,</strong></span> <span class='ocrx_word' id='word_1_802' title='bbox 2860 4659 3033 4715; x_wconf 85' lang='lat' dir='ltr'><strong>eaque</strong></span> <span class='ocrx_word' id='word_1_803' title='bbox 3086 4643 3269 4698; x_wconf 92' lang='lat' dir='ltr'><strong>minus</strong></span> <span class='ocrx_word' id='word_1_804' title='bbox 3312 4652 3397 4698; x_wconf 84' lang='lat' dir='ltr'><strong>est</strong></span> <span class='ocrx_word' id='word_1_805' title='bbox 3443 4645 3508 4696; x_wconf 82' lang='lat' dir='ltr'><strong>ad</strong></span> 
     </span>
    </p>
   </div>
   <div class='ocr_carea' id='block_1_110' title="bbox 1934 4733 3510 4809">
    <p class='ocr_par' dir='ltr' id='par_1_110' title="bbox 1934 4733 3510 4809">
     <span class='ocr_line' id='line_1_110' title="bbox 1934 4733 3510 4809; baseline -0.004 -16"><span class='ocrx_word' id='word_1_806' title='bbox 1934 4737 2290 4809; x_wconf 84' lang='lat' dir='ltr'><strong>perferendos</strong></span> <span class='ocrx_word' id='word_1_807' title='bbox 2335 4737 2554 4791; x_wconf 84' lang='lat' dir='ltr'><strong>labores</strong></span> <span class='ocrx_word' id='word_1_808' title='bbox 2603 4735 2819 4790; x_wconf 90' lang='lat' dir='ltr'><strong>idonea.</strong></span> <span class='ocrx_word' id='word_1_809' title='bbox 2877 4733 3175 4789; x_wconf 86' lang='lat' dir='ltr'><strong>Levitatem</strong></span> <span class='ocrx_word' id='word_1_810' title='bbox 3221 4733 3510 4793; x_wconf 81' lang='lat' dir='ltr'><strong>duntaxat.</strong></span> 
     </span>
    </p>
   </div>
   <div class='ocr_carea' id='block_1_111' title="bbox 1933 4823 3513 4899">
    <p class='ocr_par' dir='ltr' id='par_1_111' title="bbox 1933 4823 3513 4899">
     <span class='ocr_line' id='line_1_111' title="bbox 1933 4823 3513 4899; baseline -0.004 -17"><span class='ocrx_word' id='word_1_811' title='bbox 1933 4828 2342 4899; x_wconf 72' lang='lat' dir='ltr'><strong>agilitatemque</strong></span> <span class='ocrx_word' id='word_1_812' title='bbox 2371 4839 2499 4882; x_wconf 87' lang='lat' dir='ltr'><strong>tunc</strong></span> <span class='ocrx_word' id='word_1_813' title='bbox 2534 4827 2733 4881; x_wconf 87' lang='lat' dir='ltr'><strong>animal</strong></span> <span class='ocrx_word' id='word_1_814' title='bbox 2774 4826 3090 4897; x_wconf 85' lang='lat' dir='ltr'><strong>acquisivit.</strong></span> <span class='ocrx_word' id='word_1_815' title='bbox 3127 4823 3338 4895; x_wconf 82' lang='lat' dir='ltr'><strong>Itaque,</strong></span> <span class='ocrx_word' id='word_1_816' title='bbox 3372 4839 3513 4895; x_wconf 91' lang='lat' dir='ltr'><strong>quo-</strong></span> 
     </span>
    </p>
   </div>
   <div class='ocr_carea' id='block_1_112' title="bbox 1934 4917 3512 4990">
    <p class='ocr_par' dir='ltr' id='par_1_112' title="bbox 1934 4917 3512 4990">
     <span class='ocr_line' id='line_1_112' title="bbox 1934 4917 3512 4990; baseline -0.004 -16"><span class='ocrx_word' id='word_1_817' title='bbox 1934 4920 2080 4974; x_wconf 87' lang='lat' dir='ltr'><strong>niam</strong></span> <span class='ocrx_word' id='word_1_818' title='bbox 2132 4922 2186 4974; x_wconf 92' lang='lat' dir='ltr'><strong>in</strong></span> <span class='ocrx_word' id='word_1_819' title='bbox 2234 4921 2400 4975; x_wconf 90' lang='lat' dir='ltr'><strong>tertio</strong></span> <span class='ocrx_word' id='word_1_820' title='bbox 2455 4919 2742 4990; x_wconf 86' lang='lat' dir='ltr'><strong>septennio</strong></span> <span class='ocrx_word' id='word_1_821' title='bbox 2799 4917 3109 4973; x_wconf 88' lang='lat' dir='ltr'><strong>altitudinis</strong></span> <span class='ocrx_word' id='word_1_822' title='bbox 3161 4925 3512 4988; x_wconf 90' lang='lat' dir='ltr'><strong>augmentum</strong></span> 
     </span>
    </p>
   </div>
   <div class='ocr_carea' id='block_1_113' title="bbox 1937 5005 3566 5083">
    <p class='ocr_par' dir='ltr' id='par_1_113' title="bbox 1937 5005 3566 5083">
     <span class='ocr_line' id='line_1_113' title="bbox 1937 5005 3566 5083; baseline -0.003 -19"><span class='ocrx_word' id='word_1_823' title='bbox 1937 5009 2234 5083; x_wconf 81' lang='lat' dir='ltr'><strong>perfectum</strong></span> <span class='ocrx_word' id='word_1_824' title='bbox 2292 5020 2396 5071; x_wconf 93' lang='lat' dir='ltr'><strong>est.</strong></span> <span class='ocrx_word' id='word_1_825' title='bbox 2454 5011 2561 5065; x_wconf 85' lang='lat' dir='ltr'><strong>lata</strong></span> <span class='ocrx_word' id='word_1_826' title='bbox 2606 5010 2865 5080; x_wconf 91' lang='lat' dir='ltr'><strong>deinceps</strong></span> <span class='ocrx_word' id='word_1_827' title='bbox 2910 5009 3159 5079; x_wconf 91' lang='lat' dir='ltr'><strong>corporis</strong></span> <span class='ocrx_word' id='word_1_828' title='bbox 3212 5005 3514 5077; x_wconf 87' lang='lat' dir='ltr'><strong>amplitudo</strong></span> <span class='ocrx_word' id='word_1_829' title='bbox 3558 5044 3566 5051; x_wconf 85' lang='lat'><strong>.</strong></span> 
     </span>
    </p>
   </div>
   <div class='ocr_carea' id='block_1_114' title="bbox 1936 5096 3514 5172">
    <p class='ocr_par' dir='ltr' id='par_1_114' title="bbox 1936 5096 3514 5172">
     <span class='ocr_line' id='line_1_114' title="bbox 1936 5096 3514 5172; baseline -0.006 -13"><span class='ocrx_word' id='word_1_830' title='bbox 1936 5113 2306 5167; x_wconf 80' lang='lat' dir='ltr'><strong>comparatur.</strong></span> <span class='ocrx_word' id='word_1_831' title='bbox 2356 5101 2570 5156; x_wconf 86' lang='lat' dir='ltr'><strong>Etenim</strong></span> <span class='ocrx_word' id='word_1_832' title='bbox 2619 5113 2972 5172; x_wconf 86' lang='lat' dir='ltr'><strong>posteaquam</strong></span> <span class='ocrx_word' id='word_1_833' title='bbox 3040 5111 3233 5155; x_wconf 88' lang='lat' dir='ltr'><strong>natura</strong></span> <span class='ocrx_word' id='word_1_834' title='bbox 3299 5113 3329 5151; x_wconf 90' lang='lat' dir='ltr'><strong>a</strong></span> <span class='ocrx_word' id='word_1_835' title='bbox 3358 5096 3514 5150; x_wconf 79' lang='lat' dir='ltr'><strong>labo-</strong></span> 
     </span>
    </p>
   </div>
   <div class='ocr_carea' id='block_1_115' title="bbox 1936 5188 3515 5263">
    <p class='ocr_par' dir='ltr' id='par_1_115' title="bbox 1936 5188 3515 5263">
     <span class='ocr_line' id='line_1_115' title="bbox 1936 5188 3515 5263; baseline -0.007 -13"><span class='ocrx_word' id='word_1_836' title='bbox 1936 5194 2091 5251; x_wconf 88' lang='lat' dir='ltr'><strong>ribus</strong></span> <span class='ocrx_word' id='word_1_837' title='bbox 2117 5195 2171 5248; x_wconf 92' lang='lat' dir='ltr'><strong>in</strong></span> <span class='ocrx_word' id='word_1_838' title='bbox 2206 5195 2373 5249; x_wconf 89' lang='lat' dir='ltr'><strong>altum</strong></span> <span class='ocrx_word' id='word_1_839' title='bbox 2409 5192 2640 5263; x_wconf 82' lang='lat' dir='ltr'><strong>augendi</strong></span> <span class='ocrx_word' id='word_1_840' title='bbox 2675 5194 2986 5263; x_wconf 89' lang='lat' dir='ltr'><strong>respiravit,</strong></span> <span class='ocrx_word' id='word_1_841' title='bbox 3027 5192 3080 5246; x_wconf 87' lang='lat' dir='ltr'><strong>in</strong></span> <span class='ocrx_word' id='word_1_842' title='bbox 3120 5192 3284 5245; x_wconf 88' lang='lat' dir='ltr'><strong>latum</strong></span> <span class='ocrx_word' id='word_1_843' title='bbox 3323 5188 3515 5255; x_wconf 76' lang='lat' dir='ltr'><strong>incipit.</strong></span> 
     </span>
    </p>
   </div>
   <div class='ocr_carea' id='block_1_116' title="bbox 1938 5280 3514 5360">
    <p class='ocr_par' dir='ltr' id='par_1_116' title="bbox 1938 5280 3514 5360">
     <span class='ocr_line' id='line_1_116' title="bbox 1938 5280 3514 5360; baseline -0.005 -17"><span class='ocrx_word' id='word_1_844' title='bbox 1938 5288 2211 5360; x_wconf 89' lang='lat' dir='ltr'><strong>progredi,</strong></span> <span class='ocrx_word' id='word_1_845' title='bbox 2264 5295 2318 5342; x_wconf 92' lang='lat' dir='ltr'><strong>et</strong></span> <span class='ocrx_word' id='word_1_846' title='bbox 2347 5286 2562 5342; x_wconf 66' lang='lat' dir='ltr'><strong>aedilicii</strong></span> <span class='ocrx_word' id='word_1_847' title='bbox 2610 5286 2695 5342; x_wconf 91' lang='lat' dir='ltr'><strong>sui</strong></span> <span class='ocrx_word' id='word_1_848' title='bbox 2747 5287 3047 5357; x_wconf 78' lang='lat' dir='ltr'><strong>fastigium,</strong></span> <span class='ocrx_word' id='word_1_849' title='bbox 3086 5293 3345 5352; x_wconf 86' lang='lat' dir='ltr'><strong>tanquam</strong></span> <span class='ocrx_word' id='word_1_850' title='bbox 3389 5280 3514 5335; x_wconf 85' lang='lat' dir='ltr'><strong>l&#39;un-</strong></span> 
     </span>
    </p>
   </div>
   <div class='ocr_carea' id='block_1_117' title="bbox 1936 5375 3515 5448">
    <p class='ocr_par' dir='ltr' id='par_1_117' title="bbox 1936 5375 3515 5448">
     <span class='ocr_line' id='line_1_117' title="bbox 1936 5375 3515 5448; baseline -0.004 -14"><span class='ocrx_word' id='word_1_851' title='bbox 1936 5380 2206 5435; x_wconf 88' lang='lat' dir='ltr'><strong>damentis</strong></span> <span class='ocrx_word' id='word_1_852' title='bbox 2236 5379 2532 5435; x_wconf 84' lang='lat' dir='ltr'><strong>substratis</strong></span> <span class='ocrx_word' id='word_1_853' title='bbox 2566 5379 2945 5448; x_wconf 84' lang='lat' dir='ltr'><strong>adauctisque,</strong></span> <span class='ocrx_word' id='word_1_854' title='bbox 2994 5375 3149 5430; x_wconf 78' lang='lat' dir='ltr'><strong>fulcit</strong></span> <span class='ocrx_word' id='word_1_855' title='bbox 3181 5383 3342 5444; x_wconf 87' lang='lat' dir='ltr'><strong>atque</strong></span> <span class='ocrx_word' id='word_1_856' title='bbox 3382 5388 3515 5428; x_wconf 83' lang='lat' dir='ltr'><strong>con-</strong></span> 
     </span>
    </p>
   </div>
   <div class='ocr_carea' id='block_1_118' title="bbox 1941 5465 3513 5540">
    <p class='ocr_par' dir='ltr' id='par_1_118' title="bbox 1941 5465 3513 5540">
     <span class='ocr_line' id='line_1_118' title="bbox 1941 5465 3513 5540; baseline -0.001 -17"><span class='ocrx_word' id='word_1_857' title='bbox 1941 5467 2141 5524; x_wconf 84' lang='lat' dir='ltr'><strong>iirmat.</strong></span> <span class='ocrx_word' id='word_1_858' title='bbox 2174 5469 2297 5540; x_wconf 81' lang='lat' dir='ltr'><strong>Agit</strong></span> <span class='ocrx_word' id='word_1_859' title='bbox 2327 5470 2441 5523; x_wconf 80' lang='lat' dir='ltr'><strong>haec</strong></span> <span class='ocrx_word' id='word_1_860' title='bbox 2488 5468 2708 5538; x_wconf 90' lang='lat' dir='ltr'><strong>quidem</strong></span> <span class='ocrx_word' id='word_1_861' title='bbox 2752 5469 2869 5538; x_wconf 89' lang='lat' dir='ltr'><strong>ipsa</strong></span> <span class='ocrx_word' id='word_1_862' title='bbox 2919 5476 3109 5521; x_wconf 87' lang='lat' dir='ltr'><strong>natura</strong></span> <span class='ocrx_word' id='word_1_863' title='bbox 3143 5465 3337 5521; x_wconf 89' lang='lat' dir='ltr'><strong>ordine</strong></span> <span class='ocrx_word' id='word_1_864' title='bbox 3387 5477 3513 5521; x_wconf 91' lang='lat' dir='ltr'><strong>suo.</strong></span> 
     </span>
    </p>
   </div>
   <div class='ocr_carea' id='block_1_119' title="bbox 1938 5555 3517 5630">
    <p class='ocr_par' dir='ltr' id='par_1_119' title="bbox 1938 5555 3517 5630">
     <span class='ocr_line' id='line_1_119' title="bbox 1938 5555 3517 5630; baseline -0.003 -14"><span class='ocrx_word' id='word_1_865' title='bbox 1938 5561 2110 5629; x_wconf 87' lang='lat' dir='ltr'><strong>Cujus</strong></span> <span class='ocrx_word' id='word_1_866' title='bbox 2157 5569 2339 5621; x_wconf 87' lang='lat' dir='ltr'><strong>tamen</strong></span> <span class='ocrx_word' id='word_1_867' title='bbox 2378 5561 2589 5616; x_wconf 89' lang='lat' dir='ltr'><strong>ordinis</strong></span> <span class='ocrx_word' id='word_1_868' title='bbox 2618 5561 2703 5615; x_wconf 87' lang='lat' dir='ltr'><strong>vis</strong></span> <span class='ocrx_word' id='word_1_869' title='bbox 2743 5561 2941 5630; x_wconf 86' lang='lat' dir='ltr'><strong>pendet</strong></span> <span class='ocrx_word' id='word_1_870' title='bbox 2987 5558 3054 5613; x_wconf 87' lang='lat' dir='ltr'><strong>ab</strong></span> <span class='ocrx_word' id='word_1_871' title='bbox 3085 5558 3179 5613; x_wconf 89' lang='lat' dir='ltr'><strong>illo</strong></span> <span class='ocrx_word' id='word_1_872' title='bbox 3208 5560 3386 5629; x_wconf 90' lang='lat' dir='ltr'><strong>primo</strong></span> <span class='ocrx_word' id='word_1_873' title='bbox 3420 5555 3517 5611; x_wconf 86' lang='lat' dir='ltr'><strong>Dei</strong></span> 
     </span>
    </p>
   </div>
   <div class='ocr_carea' id='block_1_120' title="bbox 1941 5651 3518 5727">
    <p class='ocr_par' dir='ltr' id='par_1_120' title="bbox 1941 5651 3518 5727">
     <span class='ocr_line' id='line_1_120' title="bbox 1941 5651 3518 5727; baseline 0.001 -22"><span class='ocrx_word' id='word_1_874' title='bbox 1941 5653 2218 5716; x_wconf 88' lang='lat' dir='ltr'><strong>mandato,</strong></span> <span class='ocrx_word' id='word_1_875' title='bbox 2258 5652 2403 5721; x_wconf 89' lang='lat' dir='ltr'><strong>quod</strong></span> <span class='ocrx_word' id='word_1_876' title='bbox 2438 5652 2603 5707; x_wconf 90' lang='lat' dir='ltr'><strong>semel</strong></span> <span class='ocrx_word' id='word_1_877' title='bbox 2653 5651 2858 5706; x_wconf 90' lang='lat' dir='ltr'><strong>editum</strong></span> <span class='ocrx_word' id='word_1_878' title='bbox 2899 5665 2996 5720; x_wconf 83' lang='lat' dir='ltr'><strong>per</strong></span> <span class='ocrx_word' id='word_1_879' title='bbox 3022 5652 3207 5706; x_wconf 89' lang='lat' dir='ltr'><strong>omnia</strong></span> <span class='ocrx_word' id='word_1_880' title='bbox 3235 5664 3357 5727; x_wconf 72' lang='lat' dir='ltr'><strong>qua:</strong></span> <span class='ocrx_word' id='word_1_881' title='bbox 3387 5665 3518 5721; x_wconf 81' lang='lat' dir='ltr'><strong>pro-</strong></span> 
     </span>
    </p>
   </div>
   <div class='ocr_carea' id='block_1_121' title="bbox 1940 5742 3114 5814">
    <p class='ocr_par' dir='ltr' id='par_1_121' title="bbox 1940 5742 3114 5814">
     <span class='ocr_line' id='line_1_121' title="bbox 1940 5742 3114 5814; baseline 0 -16"><span class='ocrx_word' id='word_1_882' title='bbox 1940 5754 2215 5809; x_wconf 87' lang='lat' dir='ltr'><strong>creantur,</strong></span> <span class='ocrx_word' id='word_1_883' title='bbox 2245 5744 2309 5798; x_wconf 87' lang='lat' dir='ltr'><strong>ad</strong></span> <span class='ocrx_word' id='word_1_884' title='bbox 2345 5744 2502 5799; x_wconf 78' lang='lat' dir='ltr'><strong>tinent</strong></span> <span class='ocrx_word' id='word_1_885' title='bbox 2539 5758 2714 5813; x_wconf 87' lang='lat' dir='ltr'><strong>usque</strong></span> <span class='ocrx_word' id='word_1_886' title='bbox 2744 5742 3114 5814; x_wconf 87' lang='lat' dir='ltr'><strong>progreditur.</strong></span> 
     </span>
    </p>
   </div>
  </div>
