3890 6358
422 288 519 343 274

1652 285 1711 340 S.
1751 282 2079 340 GREGORII
2118 282 2414 340 NYSSENI

3584 286 3689 341 273

426 418 544 455 νετο
588 401 646 454 δέ
691 398 752 465 ἐξ
795 401 970 473 ἀρχῆς
1017 402 1395 473 προστάγματι
1433 400 1775 467 Δεσποτικῶ,
1815 399 1908 452 καὶ⁸
1949 397 2067 450 τότε
2114 397 2340 470 λαληθὲν
2393 399 2482 453 διά
2536 399 2716 470 πάσης
2764 399 2994 463 κτίσεως
3053 398 3216 470 μέχρι
3260 399 3444 463 τέλους
3499 405 3689 473 χωρει.

432 511 449 543 ι
485 492 793 559 Δύξάνεσθε
835 494 927 547 καὶ
958 492 1311 564 πληθύνεσθε.
1350 512 1368 545 3

505 602 523 635 ι
561 584 824 650 Crescite,
864 602 884 638 3
918 585 1120 655 inquit,
1155 601 1224 641 ne
1256 585 1311 640 in
1344 601 1453 641 uno
1498 600 1716 655 semper
1749 593 1890 641 statu
1923 598 2004 638 res

2186 600 2206 634 ι
2242 582 2567 647 Αὑξάνεσθε,
2602 601 2623 636 3
2658 583 2745 637 ἴνα
2777 583 2852 654 μὴ
2876 583 2933 636 ἐν
2957 582 3040 636 ἐνὶ
3065 583 3386 656 περιορισθῇ
3421 586 3455 656 ή
3485 585 3690 651 κτίσις·

426 684 827 744 permanerent.
848 674 913 728 Et
931 693 951 726 ι
972 675 1441 746 multiplicamini,
1466 694 1484 727 3
1512 692 1579 731 ne
1596 678 1649 730 in
1667 691 1776 732 uno
1798 682 2008 728 tantum

425 764 809 830 consisterent,
856 762 951 819 sed
1005 778 1235 819 numero
1264 774 1735 835 .propagarentur.
1780 783 1798 815 ι
1833 763 1898 817 Et
1924 777 2011 816 re-

424 858 566 926 plete
602 864 830 910 terram.
865 876 884 907 3
923 854 1169 926 Replete,
1204 858 1452 928 inquam,
1484 871 1594 912 non
1624 856 1960 911 habitatione
1991 871 2005 907 :

422 948 587 1003 uimls
624 946 772 1002 enim
808 955 1038 1016 auguste
1067 947 1413 1017 degeremus,
1448 950 1493 1003 si
1533 957 1645 1003 tota
1685 963 1716 1001 a
1746 948 1904 1002 nobis
1934 946 2010 999 ita

420 1047 567 1093 terra
638 1038 1004 1107 eompleretur
1041 1058 1053 1092 :
1091 1038 1187 1094 sed
1251 1040 1524 1110 imperio,
1602 1050 1656 1094 et
1702 1045 2005 1110 potestate,

421 1143 583 1199 quam
638 1130 796 1184 nobis
845 1130 898 1183 in
933 1129 1048 1199 ipsa
1087 1139 1230 1185 terra
1266 1130 1490 1186 donavit
1521 1131 1685 1187 Deus.
1732 1151 1751 1184 ι
1786 1130 2010 1199 Replete

422 1231 645 1275 terram.
680 1240 700 1274 3
750 1220 867 1276 Non
901 1222 1090 1291 utique
1120 1237 1227 1291 qua
1259 1233 1414 1292 parte
1442 1224 1612 1301 nimio
1640 1224 1774 1280 solis
1812 1223 2008 1279 ardore

421 1313 710 1370 combusta
758 1322 864 1378 est,
902 1329 1001 1368 nec
1033 1314 1127 1368 ubi
1161 1315 1339 1384 glacie
1392 1315 1769 1385 immensoque
1808 1314 2009 1385 frigore

420 1404 687 1475 obriguit.
751 1402 862 1459 llas
920 1404 1066 1459 enim
1128 1405 1417 1476 regiones,
1481 1421 1590 1460 non
1620 1407 1800 1476 coegit
1862 1406 2007 1462 Deus

423 1495 699 1559 homines,
749 1502 809 1549 ut
842 1496 1144 1550 incolerent
1178 1514 1192 1550 :
1227 1497 1319 1550 sed
1375 1511 1476 1552 nos
1510 1497 1763 1552 dominos
1801 1498 2007 1552 consti-

423 1587 552 1650 tuit,
590 1593 649 1639 ut
674 1593 877 1639 terram
911 1601 1124 1640 onmem
1160 1585 1393 1655 imperio
1424 1588 1777 1656 repleremus.
1815 1586 2008 1643 Nonne

426 1676 703 1744 replemus
736 1690 880 1741 eam,
924 1674 1147 1745 quando
1174 1676 1388 1730 ratione
1420 1674 1752 1731 dimetieudo
1802 1691 2008 1745 cogno-

426 1768 654 1833 scimus,
704 1777 907 1836 quanta
955 1768 1028 1821 sit
1066 1767 1186 1835 ejus
1218 1783 1347 1838 pars
1379 1768 1564 1823 calore
1607 1778 1801 1823 exusta
1845 1780 2007 1838 atque

424 1859 823 1922 inhabitabilis,
865 1867 1179 1928 quantaque
1217 1860 1284 1913 ad
1327 1859 1548 1914 boream
1580 1860 1848 1929 exposita,
1884 1875 2004 1929 quae

425 1957 650 2017 propter
704 1949 964 2020 frigorum
1022 1950 1128 2002 vim
1188 1950 1401 2003 inutilis
1467 1958 1570 2012 est,
1632 1959 1687 2005 et
1735 1951 1835 2005 coli
1896 1965 2002 2005 non

424 2044 601 2104 potest
633 2056 646 2092 :
684 2053 866 2092 nonne
907 2047 1107 2093 terram
1139 2039 1512 2109 replevimus?
1543 2038 1737 2095 Nonne
1766 2039 1914 2109 quod
1948 2041 2001 2094 in

419 2142 480 2179 ea
521 2129 653 2184 utile
681 2137 824 2192 erat,
855 2130 1143 2199 elegimus,
1178 2131 1325 2201 quod
1357 2138 1540 2185 autem
1590 2131 1659 2186 ad
1694 2132 2004 2200 transigen~

420 2215 544 2270 dam
571 2218 737 2273 vitam
777 2218 990 2286 inutile,
1024 2220 1371 2289 abjecimus?
1416 2220 1677 2285 Dicendo,
1714 2240 1733 2273 ι
1784 2221 2006 2292 [inplete

422 2322 650 2381 terram,
688 2329 707 2361 3
740 2325 841 2366 nos
865 2318 1031 2369 terra:
1058 2311 1312 2369 dominos
1346 2313 1637 2370 constituit
1679 2312 1839 2369 Deus.
1873 2312 2004 2378 Nec,

420 2401 551 2472 quia
583 2400 852 2458 universae
884 2417 1047 2456 usum
1079 2416 1189 2456 non
1213 2403 1502 2468 habemus,
1529 2402 1654 2457 ideo
1684 2418 1791 2457 non
1816 2418 2007 2458 sumus

424 2492 575 2547 illius
634 2492 864 2546 domini.
926 2491 1115 2563 Neque
1168 2500 1227 2547 tu
1284 2493 1456 2549 totius
1514 2493 1809 2558 frumenti,
1860 2493 2006 2564 quod

419 2583 632 2647 emisti,
692 2584 899 2638 idcirco
945 2598 1054 2638 non
1107 2600 1167 2639 es
1228 2584 1503 2649 dominus,
1564 2587 1825 2657 quoniam
1880 2602 2007 2655 pars

417 2677 537 2746 ejus
564 2684 649 2730 est
684 2677 749 2730 ad
792 2676 1189 2735 comedendum
1219 2678 1391 2743 utilis,
1437 2694 1564 2748 pars
1601 2679 1833 2737 imuilis.
1872 2678 2005 2733 Sor-

422 2769 541 2833 des,
595 2769 829 2839 lapides,
864 2770 1074 2840 paleas,
1123 2778 1178 2827 et
1217 2771 1263 2826 si
1311 2771 1443 2841 quid
1496 2770 1665 2837 aliud,
1719 2787 1827 2841 quo
1859 2770 2006 2828 vesci

418 2863 705 2917 commode
745 2878 1036 2934 .ltequeas,
1091 2864 1398 2919 immixtum
1457 2873 1579 2929 est,
1645 2866 1898 2921 excernis
1949 2872 2007 2920 et

423 2952 639 3021 abjicis,
673 2952 821 3021 quod
859 2963 1041 3007 autem
1074 2968 1271 3024 purum
1314 2961 1396 3009 est
1428 2955 1634 3026 seligis,
1669 2963 1723 3009 et
1746 2956 1813 3010 ad
1843 2970 2004 3011 usum

415 3055 470 3099 et
503 3045 709 3098 victum
763 3060 1017 3101 reservas
1063 3055 1236 3101 tuum.
1287 3046 1378 3101 Sic
1430 3046 1578 3102 terra
1611 3048 1771 3103 nobis
1801 3048 2004 3103 donata

416 3143 521 3201 est,
555 3137 757 3206 partim
807 3137 873 3191 ad
922 3136 1279 3193 habitandum
1334 3140 1641 3203 commoda,
1692 3140 1886 3209 partim
1935 3140 2002 3194 ad

2118 692 2137 725 ι
2173 672 2531 744 πληθύνεσθε,
2568 692 2588 727 3
2624 674 2710 728 ἵνα
2735 674 2809 745 μὴ
2833 675 2914 738 είς
2944 674 3024 738 ἒν,
3052 675 3187 728 ἀλλά
3211 676 3304 729 καὶ
3329 677 3408 739 είς
3432 675 3687 740 πολλούς.

2118 782 2137 817 ι
2185 766 2296 819 Kal.
2326 764 2651 836 πληρώσατε
2684 767 2786 836 τὴν
2820 767 2925 837 γῆν
2948 783 2963 798 ·
3012 785 3031 819 3
3076 768 3400 838 πληρώσατε
3427 768 3487 822 δὲ
3527 770 3592 821 οὐ
3620 771 3689 840 τῇ

2110 858 2425 927 κατοικήσει
2445 874 2457 888 ·
2487 856 2630 910 οὕτω
2654 858 2764 929 γὰρ
2795 857 2860 912 ἂν
2902 860 3419 930 ἐστενοχωρήθημεν
3450 860 3687 926 ζῶντες,

2111 949 2160 1000 εί
2187 947 2423 1019 τοσαύτη
2450 943 2519 1019 ἦν
2547 950 2580 1019 ἡ
2610 949 2679 1019 γῆ
2717 950 2817 1020 ὅση
2858 951 3006 1020 ἡμᾶς
3033 951 3323 1021 ἐκμετρεῖο
3375 952 3517 1004 ἀλλά
3546 952 3687 1022 πλη-

2112 1039 2322 1111 ρώσατε
2352 1043 2419 1111 τῇ
2460 1039 2698 1111 ἐξουσία.
2750 1041 2911 1112 Ἡμῖν
2954 1040 3065 1111 γάρ
3120 1042 3393 1113 κυρίευμα
3437 1043 3539 1111 τῆς
3582 1042 3689 1112 γῆς

2109 1131 2296 1186 ἔδωκε.
2336 1150 2355 1183 ι
2392 1130 2723 1204 Πληρώσατε
2760 1132 2862 1203 τὴν
2886 1132 3013 1202 γῆν.
3058 1151 3079 1185 3
3112 1134 3186 1186 Οὐ
3228 1134 3400 1204 δήπου
3430 1134 3530 1187 καὶ
3563 1133 3689 1187 ταύ-

2108 1240 2207 1295 την
2269 1224 2321 1275 οί
2368 1222 2646 1294 ἄνθρωποι
2696 1224 2817 1277 κατ’
2862 1223 3113 1294 ἀνάγκην
3164 1224 3499 1295 πληροῦσιν,
3548 1225 3685 1278 ἀλλά

2109 1312 2331 1383 κυρίους
2355 1313 2502 1382 ἡμᾶς
2528 1313 2752 1383 ἐποίησε
2781 1313 3045 1385 πληροῦν,
3073 1314 3169 1367 καὶ
3198 1314 3517 1384 πληροῦμεν
3543 1315 3686 1367 ἐκεί-

2108 1421 2207 1475 νην
2240 1404 2318 1474 τῷ
2348 1405 2615 1476 λογισμῷ.
2663 1406 2834 1460 Ὀταν
2872 1406 3103 1477 εἰδῶμεν
3138 1407 3304 1459 πόσον
3339 1406 3539 1477 μέτρον
3588 1407 3687 1477 τῆς

2106 1494 2540 1565 διακεκαυμένης
2566 1496 2660 1551 κα)⁵
2686 1498 2941 1567 ἀοικήτου
2963 1513 2975 1526 ·
3008 1498 3137 1552 ὅταν
3160 1498 3391 1568 εἰδῶμεν
3421 1499 3592 1552 πόσον
3626 1500 3687 1551 τὺ

2108 1582 2277 1652 κλίμα
2316 1583 2376 1636 τὸ
2424 1582 2655 1653 βόρειον,
2700 1584 2729 1638 ὃ
2762 1585 2852 1639 διὰ.
2895 1585 2992 1656 τήν
3040 1585 3484 1657 ὑπερϐάλλουσαν
3526 1586 3685 1656 ψύξιν

2108 1671 2458 1744 ἀγεώργητον
2492 1674 2609 1726 ἐστι
2643 1675 2736 1728 καὶ⁵
2775 1674 3080 1746 ἄχρηστον,
3118 1676 3240 1747 οὐχὶ
3279 1676 3684 1751 ἐπληρώσαμεν

2107 1765 2206 1836 τὴν
2233 1765 2337 1834 γῆν
2360 1782 2374 1830 ;
2399 1766 2474 1817 Οὐ
2497 1766 2559 1819 τὸ
2587 1767 2855 1837 χρήσιμον
2874 1766 3244 1837 ἐκλεξάμενοι,
3269 1768 3331 1821 τὸ
3357 1770 3482 1823 ὅσον
3511 1769 3683 1840 ἀχρη-

2110 1874 2233 1910 στον
2270 1859 2349 1921 είς
2377 1858 2655 1929 διαγωγὴν
2690 1858 2996 1930 ἀνθρώποις
3036 1860 3514 1931 ἀπεπεμψάμεθας
3542 1859 3682 1914 ὥστε

2112 1966 2130 1999 ι
2179 1947 2510 2020 Πληρὼσατε
2560 1949 2658 2020 τὴν
2692 1950 2819 2020 γῆν,
2882 1970 2901 2004 3
2952 1951 3174 2022 κυρίους
3206 1954 3355 2023 ἡμᾶς
3401 1955 3678 2025 ἐποίησεν.

2106 2040 2220 2093 Οὐκ
2255 2041 2441 2111 ἐπειδὴ
2477 2040 2657 2110 πάσης
2685 2042 2786 2095 οὐκ
2813 2042 3008 2113 ἔχομεν
3048 2043 3148 2114 τὴν
3176 2045 3372 2115 χρῆσιν
3392 2086 3406 2108 ,
3434 2045 3537 2099 οὐκ
3562 2046 3681 2117 ἐχο-

2110 2144 2209 2195 μεν
2240 2129 2420 2198 πάσης
2445 2129 2506 2181 τὸ
2531 2130 2825 2200 κυριεύειν.
2860 2132 2996 2185 Οὐδέ
3024 2132 3133 2203 γὰρ
3161 2134 3226 2186 σὺ
3254 2134 3350 2187 τὸν
3378 2137 3525 2189 σῖτον
3553 2138 3680 2205 ἀγο-

2108 2218 2299 2289 ράσας,
2324 2220 2423 2271 οὐκ
2452 2215 2502 2272 εί
2529 2219 2623 2273 τοῦ
2657 2221 2856 2283 παντὸς
2896 2221 3103 2293 κύριος,
3139 2223 3325 2296 ἐπειδὴ
3352 2226 3412 2278 ἐν
3440 2225 3519 2295 τῷ
3550 2227 3681 2297 σίτῳ

2105 2308 2166 2360 τὸ
2211 2308 2309 2378 μὲν
2355 2309 2643 2382 ἐδώδιμον,
2676 2313 2737 2366 τδ
2779 2314 2837 2367 δὲ
2880 2314 3352 2386 ἀποῤῥιπτόμενον
3394 2317 3561 2389 ἔχεις.
3606 2311 3679 2373 Ἦ

2104 2401 2230 2462 τοὺς
2261 2399 2442 2465 λίθους
2474 2401 2572 2473 μὲν
2608 2402 2684 2465 ὠς
2725 2404 3030 2476 ἀχρήστους
3070 2406 3465 2477 ἀπορρίπτεις,
3504 2410 3601 2463 καὶ
3631 2412 3681 2464 εί

2103 2508 2156 2545 τι
2184 2491 2311 2547 ἄλλο
2339 2494 2699 2563 ἐπιμέμικται
2738 2496 2874 2566 πρὸς
2909 2495 3112 2567 βρῶσιν
3154 2499 3552 2569 ἀνεπιτήδειον,
3587 2504 3678 2555 καὶ

2107 2579 2166 2632 τὸ
2188 2580 2386 2650 ἄχυρον
2415 2582 2772 2651 ἀποφυσήσας
2801 2585 2976 2637 καὶτὸ
2998 2582 3238 2648 ζιζάνιον
3266 2586 3592 2659 ἀποκρίνας,
3622 2590 3683 2643 τὸ

2107 2671 2228 2724 ὅσον
2266 2670 2503 2743 καθαρὸν
2556 2673 2692 2742 πρὸς
2733 2673 2831 2744 τὴν
2878 2674 2973 2728 τοῦ
3027 2675 3143 2746 βίου
3190 2677 3483 2744 σύστασιν,
3528 2680 3680 2733 τοῦτο

2106 2760 2483 2831 ἐκλεξάμενος.
2508 2762 2695 2827 Οὕτως
2714 2764 2945 2837 τοίνυνή
2976 2767 3048 2836 γῆ
3069 2769 3102 2838 ή
3132 2768 3231 2838 μὲν
3256 2769 3521 2843 ἐχαρίσθη
3547 2771 3678 2843 πρὸς

2104 2853 2317 2919 οἴκησιν
2348 2852 2688 2921 ἐπιτηδείων,
2723 2855 2758 2925 ή
2789 2854 3036 2924 βελτίων·
3074 2858 3107 2926 ἡ
3137 2856 3195 2909 δὲ
3227 2858 3367 2929 πρὸς
3405 2860 3678 2930 γεωργίαν

2105 2942 2400 3011 ἀναγκαία,
2465 2944 2599 3014 άλλη
2662 2946 2799 3016 πρὸς
2857 2946 3110 3019 βόσκημα
3170 2950 3280 3003 τῶν
3336 2951 3678 3023 τετραπόδων

2105 3032 2312 3105 ἀνείθη.
2365 3034 2500 3087 Είπὲ
2557 3051 2667 3106 μοι,
2725 3035 2843 3090 ἐστι
2896 3036 3247 3104 διατάξασθαι
3301 3039 3331 3092 δ
3386 3039 3677 3112 βούλομαι,

2107 3128 2294 3197 ἐπειδὴ
2332 3128 2532 3195 γέγονα
2575 3129 2763 3199 κύριος
2803 3129 2944 3184 κατά
2987 3130 3085 3201 τὴν
3133 3131 3228 3185 τοῦ
3274 3133 3546 3187 Δεσπὸτου
3586 3132 3678 3187 τοῦ

417 3227 683 3281 arandum
721 3226 1126 3298 colendumque
1173 3227 1508 3293 necessaria,
1555 3228 1753 3297 partim
1793 3226 1861 3281 ad
1910 3243 2004 3297 pa-

2106 3219 2388 3283 κτίσαντός
2432 3237 2499 3290 με
2541 3220 2780 3291 δωρεάνς
2823 3243 2842 3275 ι
2894 3224 3004 3277 Καὶ
3042 3223 3367 3294 πληρώσατε
3409 3224 3511 3295 τὴν
3555 3226 3677 3296 γῆν,

416 3319 650 3374 scendas
694 3318 1077 3388 quadrupedes
1126 3328 1275 3388 apta.
1317 3316 1414 3372 Dic
1454 3318 1609 3382 mihi,
1646 3334 1827 3373 nonne
1870 3334 1999 3389 pos-

416 3429 537 3468 sum
568 3412 838 3467 arbitratu
865 3426 987 3465 meo
1025 3420 1230 3465 terram
1263 3410 1578 3480 disponere,
1623 3409 1844 3480 quando
1880 3426 2001 3464 mu-

422 3522 553 3561 nere
587 3505 757 3570 illius,
796 3505 888 3576 qui
925 3518 1012 3559 me
1048 3503 1377 3581 procreavit,
1425 3502 1682 3557 dominus
1722 3502 1842 3572 ejus
1877 3517 2000 3556 sum

2104 3313 2199 3364 καὶ
2259 3314 2455 3383 ἄρχετε
2505 3313 2613 3367 τῶν
2682 3315 2879 3385 ἰχθύων
2929 3317 3028 3387 τῆς
3078 3316 3377 3386 θαλάσσης,
3430 3318 3527 3371 καὶ
3574 3316 3680 3370 τῶν

2105 3402 2365 3455 πετεινῶν
2410 3404 2506 3457 τοῦ
2545 3405 2801 3475 οὐρανοῦ,
2846 3405 3080 3459 καὶτῶν
3109 3405 3314 3476 θηρίων
3357 3406 3454 3476 τῆς
3492 3408 3616 3477 γῆς.
3654 3426 3674 3459 3

2100 3492 2247 3562 Αὕτη
2286 3494 2470 3547 λοιπὸν
2500 3496 2737 3563 εὐλογία,
2773 3495 2913 3566 αὕτη
2933 3496 3245 3567 νομοθεσία,
3283 3495 3441 3550 τοῦτο
3461 3497 3679 3568 ἀξίωμα

415 3595 797 3653 constitutus?
850 3613 868 3646 ι
902 3595 967 3649 Et
1000 3595 1179 3666 praesit
1225 3594 1471 3665 piscibus
1500 3593 1689 3658 maris,
1723 3602 1776 3648 et
1809 3593 2001 3649 bestiis

2106 3587 2159 3639 rb
2208 3587 2487 3658 δεδομένον
2548 3590 2681 3658 ἡμῖν
2732 3587 2882 3658 παρὰ
2923 3585 3080 3639 Θεοῦ.
3140 3605 3159 3638 ι
3201 3588 3312 3641 Καὶ
3347 3586 3605 3657 ἐποίησεν
3649 3587 3681 3638 ὁ

415 3700 596 3744 teme.
620 3708 641 3741 3
676 3686 752 3742 Ita
782 3686 944 3742 nobis
971 3685 1251 3741 benedixit
1281 3683 1449 3748 Deus,
1480 3683 1621 3738 hanc
1648 3683 1820 3754 legem
1851 3682 1995 3745 tulit,

416 3782 556 3836 hanc
585 3780 818 3852 largitus
849 3786 935 3834 est
964 3778 1305 3850 dignitatem.
1338 3794 1357 3827 ι
1396 3775 1460 3829 Ει
1498 3776 1623 3831 fecit
1647 3775 1789 3831 Deus
1821 3774 2000 3832 homi-

412 3890 536 3930 nem
571 3892 584 3927 :
619 3872 689 3927 ad
730 3872 1024 3943 imaginem
1070 3885 1224 3926 suam
1257 3868 1387 3924 fecit
1433 3885 1579 3923 eum.
1625 3887 1645 3918 3
1676 3867 1864 3922 Nonne
1898 3868 1995 3921 de-

416 3965 870 4029 monstrationem
903 3963 1044 4016 hanc
1067 3976 1191 4017 esse
1220 3974 1471 4014 mancam
1508 3960 1661 4015 vobis
1685 3958 1999 4013 declaravi?

2100 3680 2232 3744 Θεὸς
2260 3682 2350 3735 τὸν
2386 3680 2692 3751 ἄνθρωπον·
2728 3680 2850 3733 κατ’
2895 3678 3081 3732 είκόνα
3118 3677 3258 3732 Θεοῦ
3296 3677 3552 3748 ἐποίησεν
3581 3678 3681 3732 αὖ·

2098 3771 2209 3825 τόν.
2237 3791 2256 3823 3
2279 3769 2422 3845 'Apa
2441 3776 2538 3828 οὐκ
2557 3772 2881 3845 ἐπεσημήνω
2900 3770 2979 3824 ὅτι
3004 3767 3222 3841 ἐλλιπὴς
3240 3764 3306 3841 ἦν
3329 3771 3361 3839 ή
3383 3769 3678 3835 amouere;

2105 3882 2123 3915 ι
2181 3865 2501 3936 Ποιήσωμεν
2534 3863 2819 3935 ἄνθρωπον
2871 3860 2990 3914 κατ’
3028 3859 3211 3913 εἰκόνα
3259 3861 3538 3933 ἡμετέραν
3584 3862 3679 3916 καὶ

2100 3957 2220 4010 καθ’
2254 3957 2531 4027 ὁμοίωσιν.
2569 3975 2587 4008 3
2635 3956 2697 4008 Ἦ
2745 3954 2908 4024 βουλὴ
2940 3951 3034 4005 δύο
3067 3946 3203 4022 εἷχε,
3239 3971 3258 4003 ι
3290 3952 3674 4017 κατέίκῦνα,ι

291 4379 305 4396 ,
413 4332 572 4384 aliter
600 4329 864 4391 decrevit,
900 4329 1060 4382 aliter
1106 4328 1280 4382 fecit?
1309 4327 1585 4398 Numquid
1616 4343 1741 4383 eum
1773 4328 1827 4382 in
1865 4342 1993 4398 pro-

418 4077 437 4109 ι
464 4055 753 4110 Faciamus
789 4052 1065 4108 hominem
1095 4050 1163 4106 ad
1185 4051 1475 4121 imaginem
1496 4059 1549 4105 et
1578 4050 1994 4105 similitudinem

2106 4050 2188 4104 καὶ
2212 4070 2229 4101 ι
2260 4049 2713 4121 καθ’ὁμοίωσιν.ι
2737 4050 2801 4102 Ἡ
2825 4047 3154 4118 δημιουργία
3187 4045 3246 4099 ἒν
3278 4045 3409 4115 ἔχει.
3446 4045 3538 4116 Μὴ
3584 4045 3678 4099 άλ-

415 4154 683 4202 nostram.
714 4164 733 4196 3
758 4143 938 4199 Unum
968 4143 1135 4197 habet
1156 4144 1491 4213 procreatio,
1514 4142 1581 4196 ad
1601 4161 1620 4193 ι
1643 4141 1991 4213 imaginem,3

2106 4142 2204 4203 λως
2235 4141 2497 4213 ἐϐουλήθη
2540 4143 2631 4193 καὶ¹
2664 4140 2837 4202 ἄλλως
2871 4137 3365 4208 μετεϐουλεύσατο;
3402 4137 3476 4207 μὴ
3510 4155 3678 4207 μετα-

414 4237 677 4307 numquid
714 4239 944 4290 alterum
980 4236 1164 4298 deest,
1203 4234 1268 4289 ad
1311 4252 1330 4285 ι
1382 4235 1819 4290 similitudinem.
1856 4253 1878 4286 3
1915 4236 1995 4287 An

2106 4233 2291 4302 μέλειά
2320 4250 2403 4296 τις
2437 4233 2496 4285 ἐν
2528 4234 2591 4301 τῇ
2637 4231 2810 4283 κτίσει
2853 4227 3330 4299 παρηκολούθησες
3372 4228 3445 4298 μὴ
3489 4228 3676 4280 ἀτονία

2096 4328 2190 4381 τοῦ
2210 4327 2491 4387 κτίσαντος
2516 4323 2650 4379 ἄλλα
2668 4321 3029 4391 προελομένου
3053 4321 3148 4373 καὶ
3169 4319 3303 4374 άλλα
3325 4319 3452 4389 ποιή
3461 4335 3677 4382 σαντοςς

412 4429 650 4475 creando
701 4418 1103 4488 pcenituit‘iAn
1157 4425 1243 4474 est
1292 4418 1586 4474 infirmitas
1639 4418 1694 4472 in
1739 4433 1997 4488 procrea-

2106 4419 2129 4489 ἢ
2183 4413 2469 4485 ἀδολεσχία
2497 4415 2553 4467 ἐν
2589 4410 2949 4477 τοίς-λόγοις;
2985 4409 3138 4478 Τάχα
3176 4407 3286 4478 γὰρ
3320 4406 3479 4460 τοῦτο
3506 4406 3678 4473 λέγει,

412 4513 580 4574 tione,
610 4517 671 4566 ut
709 4510 858 4565 aliud
886 4510 1249 4577 consuluerit,
1290 4510 1436 4563 aliud
1477 4507 1757 4565 effecerit?
1786 4508 1869 4565 An
1908 4520 1991 4565 est

2106 4529 2121 4558 ι
2158 4508 2483 4577 Ποιήσωμεν
2516 4504 2800 4574 ἄνθρωπον
2829 4501 2947 4554 κατ’
2981 4500 3165 4553 είκόνα
3190 4499 3284 4552 καὶ
3321 4497 3441 4551 καθ’
3475 4498 3679 4566 δμοίω-

411 4606 471 4655 in
500 4617 750 4656 sermone
782 4600 1130 4672 nugatorium
1154 4599 1385 4669 aliquid,
1409 4610 1463 4655 et
1487 4602 1991 4670 supervacaneum?

2106 4618 2198 4655 rw.
2236 4620 2253 4652 3
2289 4597 2473 4651 Εἰπὼν
2503 4596 2612 4666 γάρ
2644 4614 2663 4645 ι
2704 4594 2820 4647 κατ’
2840 4592 3049 4653 εἰκόνα,
3082 4610 3101 4643 3
3129 4589 3321 4643 οὐκοῦν
3342 4584 3462 4641 εἷπε
3497 4606 3516 4637 ι
3556 4588 3676 4639 καθ’

415 4702 474 4749 ut
497 4693 638 4748 idem
661 4693 896 4747 fortasse
911 4692 1002 4758 sit,
1030 4710 1050 4742 ι
1075 4691 1363 4747 Faciamus
1384 4691 1660 4746 hominem
1696 4692 1762 4746 ad
1795 4692 1989 4763 imagio

2106 4692 2374 4763 ἱμοίωσιν.
2422 4710 2441 4742 3
2484 4690 2663 4758 Ὅπερ
2710 4687 2775 4739 ἂν
2816 4684 3184 4753 ἐκλεξώμεθα,
3222 4681 3678 4752 κατηγορήσομεν

412 4794 569 4849 nem,
598 4791 729 4839 3et¢
754 4781 1031 4838 Faciamus
1051 4781 1117 4837 ad
1159 4781 1570 4836 similitudinem
1603 4800 1615 4835 :
1653 4801 1672 4833 ι
1707 4790 1762 4837 et
1794 4785 1886 4852 qui
1918 4783 1987 4838 ad

2106 4784 2188 4838 τοῦ
2223 4781 2629 4854 γεγραμμένου.
2667 4777 2792 4831 Εἴτε
2840 4777 2950 4848 γὰρ
2996 4775 3151 4829 τοῦτο
3181 4774 3360 4841 λέγει,
3401 4772 3679 4842 παρέλκον

410 4871 702 4941 imaginem
733 4869 895 4938 dixit,
928 4870 994 4926 ad
1028 4871 1444 4927 similitudinem
1476 4871 1683 4929 dixisse
1717 4873 1985 4929 videatur.

2106 4878 2211 4930 ἐστὶ
2240 4876 2324 4939 δὶς
2354 4875 2422 4927 τὰ
2452 4872 2593 4926 αὐτὰ
2626 4872 2827 4939 λέγειν.
2865 4868 3060 4939 Ἀργὸν
3106 4868 3254 4938 ῥῆμα
3292 4868 3348 4919 έν
3376 4868 3444 4935 τῇ
3479 4864 3672 4934 Γραφῇ

410 4964 479 5015 At
506 4963 550 5017 si
589 4963 693 5017 hoc
723 4962 887 5017 modo
919 4963 1369 5031 intellexerimus,
1399 4964 1721 5033 scriptorem
1761 4981 1989 5020 accusa-

2106 4971 2294 5038 λέγειν.
2344 4965 2659 5037 βλασφημία
2691 4962 2860 5031 δεινή.
2904 4961 3065 5013 Ἀλλά
3097 4960 3201 5030 μὴν
3232 4959 3333 5010 οὐκ
3365 4956 3675 5025 ἀργολογεῖ.

410 5056 614 5110 bimus.
676 5054 887 5110 Etenim
948 5058 993 5110 si
1039 5055 1121 5111 sic
1173 5057 1357 5125 habet,
1404 5072 1507 5110 vox
1546 5067 1735 5121 vacat,
1793 5068 1847 5114 et
1905 5060 1995 5114 bis

2106 5056 2305 5112 Οὐκοῦν
2341 5054 2632 5122 ἀναγκαῖόν
2667 5054 2782 5106 ἐστι
2829 5050 3079 5120 γενέσθαι
3117 5048 3403 5119 ἄνθρωπον
3435 5046 3559 5101 κατ’
3600 5047 3680 5099 εί-

411 5145 551 5202 idem
604 5146 848 5217 ponitur.
897 5144 1091 5201 Dicere
1142 5157 1323 5202 autem
1373 5148 1600 5203 verbum
1651 5150 1870 5219 aliquod
1935 5154 1987 5206 in

2106 5152 2228 5206 κόνα
2254 5150 2348 5202 καὶ
2378 5147 2498 5201 καθ’
2525 5146 2804 5217 ὁμοίωσιν.

411 5235 683 5307 Scriptura
740 5235 1074 5301 redundare,
1131 5246 1214 5291 est
1274 5252 1438 5308 grave
1494 5240 1672 5295 nefas.
1716 5240 1873 5305 Quod
1909 5244 1953 5297 si
2004 5243 2139 5299 nihil
2182 5239 2470 5299 redundat,
2510 5237 2647 5291 nihil
2693 5244 2774 5291 est
2826 5236 3010 5299 inane,
3054 5234 3191 5288 nihil
3238 5246 3674 5303 supervacuum:

411 5342 538 5397 ergo
577 5344 804 5387 necesse
849 5337 935 5386 est
966 5327 1242 5383 hominem
1277 5343 1401 5384 esse
1449 5328 1656 5385 factum
1687 5331 1753 5385 ad
1791 5334 2080 5406 imaginem
2130 5342 2186 5390 et
2217 5330 2631 5387 similitudinem
2667 5326 2781 5382 Dei.

480 5424 590 5480 Cur
621 5425 786 5495 igitur
815 5440 925 5480 non
953 5424 1092 5479 dixit
1121 5443 1137 5479 :
1164 5424 1229 5479 Et
1261 5424 1391 5479 fecit
1426 5424 1569 5480 Deus
1602 5426 1880 5481 hominem
1919 5430 1986 5484 ad

2166 5427 2265 5481 Διά
2296 5425 2350 5478 τί
2375 5426 2476 5478 οὐκ
2507 5422 2816 5476 ἀποδίδοται
2846 5419 2883 5473 a
2920 5418 3231 5488 ἠϐουλήθης
3263 5417 3355 5470 διὰ
3386 5417 3440 5470 τί
3466 5418 3570 5471 οὐκ
3602 5415 3678 5470 εί-

415 5512 700 5581 imaginem
740 5523 791 5570 et
820 5516 1240 5572 similitudinem
1274 5517 1474 5571 suam?
1504 5516 1690 5582 Quid?
1744 5533 1855 5573 non
1890 5536 1986 5589 po-

2106 5536 2277 5589 οηται,
2305 5516 2414 5571 Καὶ
2441 5515 2698 5583 ἐποίησεν
2717 5513 2745 5564 ὁ
2770 5512 2902 5574 Θεὸς
2926 5512 3017 5564 τὸν
3038 5510 3322 5581 ἄνθρωπον
3353 5511 3472 5561 κατ’
3495 5511 3673 5563 εἰκόνα

419 5602 517 5656 tuit
547 5602 817 5661 fortasse?
847 5606 1074 5676 impium
1107 5615 1192 5661 est
1222 5607 1275 5662 id
1325 5606 1530 5663 dicere.
1577 5608 1795 5664 Decreti
1853 5626 1984 5667 num

2106 5609 2227 5662 Ξ)εοῦ
2273 5609 2368 5662 καὶ
2401 5606 2524 5661 καθ’
2566 5603 2847 5676 ὁμοίωσιν.
2894 5604 3185 5673 Ἢτόνησεν
3222 5604 3250 5654 ὁ
3309 5601 3515 5667 ποιῶν;
3556 5604 3677 5654 aa:-

415 5693 703 5759 pcemtuit?
757 5692 1023 5751 nefarium
1084 5698 1228 5752 istud
1267 5698 1348 5755 vel
1388 5698 1651 5770 cogitare.
1703 5698 1982 5771 Numquid

2106 5699 2242 5769 εἰ]ςὸ
2280 5698 2457 5767 λόγος.
2505 5694 2865 5792 θρετεμελήθη
2903 5694 2933 5745 ὁ
2965 5692 3363 5764 προστάσσων;
3394 5690 3670 5745 ἀσεϐέστε-
