3890 6396
230 506 321 563 27'5
965 510 1030 565 IN
1065 511 1324 581 VERBA,
1367 507 1739 569 FACIAMUS
1790 508 2190 576 ΗΟΜΙΝΕΜ,
2229 505 2405 579 ETC.,
2449 511 2657 567 ORAT.
2698 511 2739 566 l.
3376 512 3481 565 εγι

233 640 313 695 ροιν
346 622 403 675 τὸ
442 622 760 694 ἐνθύμημα.
818 623 953 677 Ἀλλ’
988 623 1107 681 εἰπε
1148 627 1242 680 καὶ
1297 629 1791 699 μετεϐουλεύσατο;

1908 626 2054 689 dixit,
2091 635 2145 682 ct
2193 627 2490 681 consilium
2542 625 2808 681 mutavit?
2871 623 3091 680 Minime
3136 639 3284 680 vero.
3342 624 3483 694 Ergo

233 712 319 767 tib.
356 712 492 767 Οὒτε
525 709 679 785 οὖνὴ
706 715 895 786 Γραφὴ
926 714 1085 770 τοῦτο
1108 715 1256 786 λέγει
1280 759 1294 785 ,
1328 718 1450 773 οὔτε
1479 724 1507 776 6
1530 724 1799 792 Δημιουρ-

1908 731 2078 785 neque
2116 712 2398 784 Scriptura
2433 715 2537 768 hoc
2582 714 2734 780 dicit,
2784 710 2962 784 neque
2989 713 3216 770 Creator
3239 729 3347 768 non
3382 729 3480 783 po-

232 803 316 871 γὸς
340 798 538 867 ἀτονεῖ,
572 803 696 857 οὔτε
722 804 755 875 ἡ
787 804 950 877 βουλὴ
979 806 1318 880 ἑματαιώθη.
1351 810 1447 874 Τίς
1467 813 1495 864 6
1516 811 1671 880 λόγος
1700 814 1799 882 τῆς

1908 814 2027 871 test,
2059 822 2236 877 neque
2281 807 2576 861 consilium
2616 807 2833 860 irritum
2887 805 3009 859 fuit.
3056 805 3169 860 Cur
3201 804 3369 875 igitur
3398 803 3485 859 .si-

236 896 472 963 σιωπῆς;
505 913 524 946 ι
564 897 886 968 Ποιήσωμεν
920 897 1205 969 ἄνθρωπον
1233 902 1353 955 κατ’
1381 902 1566 957 εἰκόνα
1606 904 1801 974 ἡμετέ-

238 1000 329 1054 ραν
354 985 447 1037 καὶ
487 986 611 1039 καθ’
638 988 919 1057 ὁμοίωσιν.
955 1009 974 1042 ι
1012 984 1086 1043 Τὸ
1115 991 1235 1061 μὲν,
1278 996 1345 1065 τῇ
1378 993 1550 1047 κτίσει
1582 994 1796 1066 ἔχομεν·

1901 896 2070 952 lentio
2106 896 2159 950 id
2188 897 2619 966 praztermissum
2650 895 2778 951 est?
2821 914 2839 948 ι
2876 893 3165 950 Faciamus
3206 893 3481 948 hominem

1903 987 1970 1041 ad
1999 987 2290 1058 imaginem
2324 995 2570 1042 nostram
2611 994 2666 1042 et
2703 987 3137 1044 similitudinem.
3171 1006 3189 1039 ι
3218 983 3400 1041 Unum
3427 986 3482 1039 in

232 1074 381 1140 τὸδὲ,
414 1077 480 1129 ὲκ
529 1076 901 1150 προαιρέσεως
934 1080 1325 1155 κατορθοῦμεν.
1376 1074 1462 1138 Ἐν
1507 1089 1574 1157 τῇ
1611 1085 1802 1159 πρώτῃ

1908 1079 2207 1144 creatione,
2251 1080 2487 1134 alterum
2519 1079 2573 1133 in
2599 1080 2868 1135 electione
2899 1076 3137 1148 positum
3162 1088 3270 1133 est.
3320 1077 3480 1139 Nam,

236 1172 535 1238 κατασκευῇ
565 1171 900 1242 συνυπάρχει
929 1174 1061 1243 ἡμῖν
1091 1174 1157 1226 τὸ
1197 1174 1316 1227 κατ’
1351 1175 1535 1229 εἰκόνα
1575 1177 1803 1247 γεγενῆ-

232 1256 351 1308 σθαι
382 1255 537 1309 Θεοῦ’
569 1258 633 1311 ὲκ
658 1260 1031 1331 προαιρέσεως
1054 1263 1184 1332 ἡμῖν
1208 1264 1567 1335 κατορθοῦται
1596 1266 1657 1318 τὸ
1681 1267 1800 1320 καθ’

233 1348 482 1417 ὁμοίωσιν
510 1345 648 1403 εῖναι
678 1350 836 1405 Θεοῦ.
872 1351 1041 1405 Τοῦτο
1071 1353 1127 1406 δὲ
1161 1354 1222 1407 τὸ
1272 1354 1413 1407 κατά
1462 1355 1802 1426 προαίρεσιν,

234 1438 455 1509 δυνάμει
485 1442 615 1510 ἡμῖν
647 1442 963 1515 ἑνυπάρχεν
997 1445 1247 1516 ἐνεργείᾳ
1276 1445 1331 1498 δὲ
1365 1447 1579 1511 ἑαυτοῖς
1607 1450 1805 1518 ἐπάγο-

238 1546 353 1598 μεν.
390 1531 452 1583 Εἰ
485 1532 560 1602 μὴ
594 1533 880 1603 προλαϐὼν
915 1531 1067 1588 εἶπεν
1108 1538 1136 1589 6
1180 1537 1380 1608 Κύριος
1426 1539 1594 1592 ποιῶν
1635 1542 1801 1610 ἡμᾶς,

240 1636 259 1669 ς
289 1621 633 1699 Ποιήσωμεν,
656 1643 675 1676 ι
708 1626 800 1677 καὶ
829 1645 848 1677 ι
878 1626 1010 1679 Καθ’
1039 1628 1315 1698 ὁμοίωσιν,
1347 1650 1365 1681 ι
1402 1633 1451 1683 εἰ
1483 1634 1557 1702 μὴ
1585 1634 1684 1705 τὴν
1712 1633 1805 1687 τοῦ

235 1710 479 1777 γενέσθαι
508 1714 629 1766 καθ’
652 1717 911 1785 ὁμοίωσιν
939 1717 1166 1789 δύναμιν
1203 1722 1334 1791 ἡμῖν
1367 1722 1676 1795 ἐχαρίσατο,
1709 1725 1809 1778 οὐκ

237 1801 299 1853 ἂν
328 1806 391 1872 τῇ
413 1804 619 1857 ἑαυτῶν
649 1805 884 1879 ἐξουσίᾳ,
913 1808 1010 1880 τὴν
1033 1810 1167 1881 πρὸς
1192 1811 1323 1865 Θεὸν
1350 1814 1607 1883 ὁμοίωσιν
1628 1815 1808 1881 ἐδεξά-

239 1893 392 1962 μεθα.
428 1895 540 1948 Νῦν
574 1897 671 1967 μέν
705 1915 784 1950 τοι
822 1899 1049 1970 δυνάμει
1078 1903 1225 1972 ἡμᾶς
1258 1904 1515 1975 ἐποίησεν
1553 1907 1808 1976 ὁμοιωτι-

1908 1178 1966 1225 ut
2008 1169 2265 1226 ﬁeremus
2301 1168 2369 1224 ad
2397 1171 2689 1241 imaginem
2717 1170 2832 1235 Dei,
2885 1171 3012 1225 dum
3043 1170 3315 1242 principio
3352 1185 3480 1239 pro-

1911 1274 2248 1324 crearemur,
2299 1258 2665 1314 obtinuimus.
2711 1256 2781 1313 Ut
2825 1267 3003 1313 autem
3067 1256 3367 1313 efﬁciamur
3415 1259 3482 1312 ad

1907 1352 2030 1422 ejus
2063 1351 2508 1416 similitudinem,
2540 1350 2824 1421 proposito
2859 1351 3254 1420 voluntateque
3289 1365 3487 1404 conse-

1907 1443 2153 1514 quimur.
2176 1440 2355 1512 Atque
2392 1442 2555 1511 hujus
2606 1442 2848 1512 quidem,
2895 1441 3040 1511 quod
3075 1442 3141 1495 ad
3188 1441 3484 1496 arbitrium

1909 1534 2148 1604 pertinet
2177 1548 2240 1587 ac
2278 1529 2631 1599 voluntatem,
2654 1541 2899 1603 potestas
2923 1535 3080 1590 nobis
3109 1535 3277 1599 inest,
3305 1550 3364 1589 re
3387 1550 3487 1587 auo

1909 1631 2016 1678 tem
2052 1632 2106 1679 et
2135 1623 2295 1679 factis
2328 1624 2431 1693 ipsi
2467 1633 2817 1693 praestamus.
2861 1624 2977 1681 Nisi
3034 1626 3179 1681 Deus
3235 1636 3488 1680 antever-

1910 1717 2067 1772 tisset
2091 1717 2301 1782 dicens,
2330 1732 2453 1771 cum
2486 1732 2585 1771 nos
2604 1716 2859 1781 eniceret,
2887 1735 2905 1768 ι
2938 1716 3247 1786 Faciamus,
3272 1726 3355 1773 »ει
3374 1736 3393 1768 ι
3421 1718 3488 1770 ad

1912 1810 2348 1875 similitudinem,
2378 1829 2398 1862 ι
2436 1809 2543 1864 nisi
2571 1809 2732 1865 nobis
2753 1825 2873 1864 eam
2901 1809 3130 1880 largitus
3160 1816 3306 1865 esset
3335 1816 3491 1879 pote-

1912 1908 2133 1966 statem,
2190 1907 2250 1955 ut
2302 1900 2370 1955 ad
2426 1901 2548 1970 ejus
2603 1899 3021 1956 similitudinem
3083 1900 3485 1971 eﬂingeremur,

234 1986 356 2047 χοῦς
390 1985 543 2040 Θεοῦ.
572 1988 808 2060 Δύναμιν
836 1990 891 2043 δὲ
920 1992 1043 2056 δοὺς
1073 1994 1210 2065 πρὸς
1239 1995 1300 2048 τὸ
1325 1997 1639 2066 ὁμοιοῦσθαι
1667 1998 1804 2069 Θεῷ,

1912 2006 2193 2060 nunquam
2230 2006 2483 2047 essemus
2514 1992 2671 2045 illum
2716 1991 2930 2046 viribus
2970 1990 3179 2046 nostris
3224 1992 3488 2048 assecuti.

235 2076 441 2146 ἀτῆκεν
463 2079 609 2149 ἡμᾶς
631 2082 865 2151 ἐργάτας
883 2082 1020 2138 εἶναι
1039 2086 1137 2156 τῆς
1163 2087 1299 2158 πρὸς
1318 2088 1449 2141 Θεὸν
1476 2089 1805 2159 ὁμοιώσεως,

232 2165 317 2219 ἵνα
350 2160 578 2253 ἄγγελος
691 2173 789 2242 τῆς
830 2174 1113 2253 ὲργασίαςῆ
1142 2177 1364 2246 μισθὸς,
1399 2179 1486 2233 ἵνα
1516 2180 1590 2250 μὴ
1620 2180 1808 2252 ὥσπερ

232 2256 433 2320 εἰκόνες
458 2250 606 2330 ὦμεν
628 2262 778 2334 παρά
804 2250 1431 2339 ζωγράφουίγενόμεναι,
1464 2271 1588 2341 εἰκῆ
1618 2250 1806 2342 κείμελ-

231 2364 339 2411 ναι,
371 2349 457 2403 ἶνα
491 2350 565 2422 μὴ
596 2352 662 2405 τά
697 2355 796 2424 τῆς
826 2357 1100 2428 ἡμετέρας
1123 2358 1434 2430 ὁμοιώσεως
1489 2360 1630 2433 ἄλλῳ
1655 2363 1809 2416 ἔπαι-

232 2455 321 2493 νον
366 2440 525 2513 φέρῃ.
566 2444 737 2498 ’Ὀταν
776 2447 882 2518 γὰρ
914 2448 1014 2519 τὴν
1060 2449 1244 2503 εἰκόνα
1288 2450 1403 2523 ἴδῃς
1431 2453 1676 2523 ἀκριϐῶς
1708 2472 1807 2524 με-

234 2535 598 2603 μορφωμένην
645 2536 781 2606 πρὸς
826 2535 885 2589 τὸ
932 2539 1310 2609 πρωτότυπον,
1356 2541 1416 2593 οὐ
1466 2542 1566 2614 τὴν
1621 2542 1807 2597 εἰκόνα

230 2624 470 2687 ἐπαινεῖς
494 2669 509 2691 ,
536 2625 670 2679 ἀλλὰ
695 2627 785 2679 τὸν
810 2625 1099 2703 ζωγράςρον
1132 2630 1454 2701 θαυμάζεις.
1486 2633 1603 2686 Ἵνα
1628 2633 1807 2688 τοίνυν

228 2713 290 2767 τὸ
314 2714 499 2786 θαῦμα
531 2716 663 2786 ὲμὸν
691 2717 913 2788 γένηται
943 2721 1039 2774 καὶ
1071 2722 1145 2793 μὴ
1178 2722 1477 2795 ἀλλότριον,
1508 2725 1631 2796 ἐμοὶ
1669 2743 1804 2779 κατ-

229 2803 382 2860 έλιπε
424 2808 485 2862 τὸ
520 2809 642 2863 καθ’
674 2811 932 2881 ὁμοίωσιν
966 2812 1100 2866 Θεοῦ
1136 2813 1409 2881 γενέσθαι.
1445 2815 1580 2868 Κατ’
1625 2815 1807 2868 εἰκόνα

226 2897 337 2969 γὰρ
361 2897 469 2969 ἔχω
488 2899 548 2952 τὸ
570 2899 788 2968 λογικὸς
806 2897 967 2966 εἰναι,
989 2902 1112 2955 καθ’
1134 2903 1395 2974 ὁμοίωσιν
1418 2904 1475 2957 δὲ
1500 2903 1724 2975 γίνομαι
1749 2906 1805 2956 ἐν

224 2989 306 3060 τῷ
345 2990 663 3060 Χριστιανὸς
694 2991 964 3059 γενέσθαι.
998 2993 1218 3047 Γίνεσθε
1246 2995 1440 3048 τέλειοι
1465 2995 1549 3058 ὡς
1568 2996 1596 3047 ὁ
1620 2995 1806 3067 Πατὴρ

227 3079 387 3151 ὑμῶν
411 3083 439 3134 6
457 3081 705 3153 οὐράνιος
733 3082 935 3148 τέλειός
960 3086 1127 3138 ἐστιν.
1161 3080 1314 3147 Εἶδες
1347 3084 1449 3138 ποῦ
1481 3085 1806 3141 ἀποδίδωσιν

224 3172 361 3243 ἡμῖν
389 3173 416 3225 ό
441 3171 642 3243 Κύριος
662 3173 723 3227 τὸ
745 3174 868 3227 καθ’
889 3175 1145 3246 ὁμοίωσιν
1166 3193 1180 3241 ;
1207 3177 1330 3229 Ὅτι
1356 3176 1446 3230 τὸν
1468 3177 1618 3248 ἥλιον
1639 3177 1804 3232 αὑτοῦ

227 3262 510 3316 ἀνατέλλει
534 3264 625 3316 ἐπὶ
664 3264 933 3337 πονηροὺς
957 3268 1053 3318 καὶ
1073 3265 1336 3334 ἀγαθοὺς,
1368 3268 1460 3321 καὶ
1501 3266 1684 3338 βρέχει
1713 3269 1805 3322 ἐπὶ

224 3350 470 3416 δικαίους
495 3353 587 3405 καὶ
625 3352 860 3417 ἀδίκους.
900 3355 1024 3408 Ἐὰν
1054 3354 1187 3426 γένῃ
1218 3356 1598 3427 μισοπόνηρος,
1632 3358 1807 3429 ἀμνη-

229 3440 475 3505 σίκακος,
504 3440 578 3513 μὴ
600 3442 946 3513 μεμνημένος
967 3444 1066 3514 τῆς
1090 3444 1283 3514 χθιζῆς
1306 3443 1526 3517 ἔχθρας·
1558 3445 1653 3500 ὲάν
1674 3446 1807 3520 γένῃ

225 3530 570 3600 φιλάδελφος,
592 3534 902 3605 συμπαθὴς,
932 3534 1218 3607 ὡμοιώθης
1238 3536 1376 3607 Θεῷ.
1410 3538 1535 3591 Ἐὰν
1562 3540 1706 3610 ἀφῇς
1729 3538 1807 3611 τῷ

224 3622 411 3693 ἐχθρῷ
446 3623 555 3677 ἀπὸ
587 3624 831 3694 καρδίας,
866 3625 1155 3699 ὡμοιώθης
1179 3625 1316 3698 Θεῷ.
1367 3627 1494 3681 Ἐὰν
1525 3624 1636 3692 οἷός
1660 3631 1806 3683 ἐστιν

226 3714 324 3766 ἐπὶ
347 3713 408 3765 σὲ
437 3713 528 3767 τὸν
568 3715 888 3787 ἁμαρτωλὸν
927 3719 955 3770 6
985 3717 1146 3785 Θεὸς,
1178 3719 1417 3782 τοιοῦτος
1439 3719 1574 3791 γένῃ
1597 3720 1692 3773 ἐπὶ
1714 3720 1806 3774 τὸν

160 3834 179 3847 ι
223 3804 310 3866 εἰς
336 3802 397 3855 σὲ
430 3803 935 3876 πεπλημμεληκότα
969 3806 1218 3876 ἀδελφὸν,
1260 3811 1327 3880 τῇ
1380 3809 1516 3879 πρὸς
1550 3809 1641 3863 τὸν
1668 3809 1806 3881 πλη-

226 3891 345 3945 σίον
369 3892 738 3965 εὐσπλαγχνίᾳ
764 3894 1052 3967 ὡμοιώθης
1072 3896 1210 3966 Θεῷ,
1235 3896 1376 3951 ὥστε
1400 3898 1461 3950 τὸ
1483 3900 1601 3952 κατ’
1624 3900 1806 3953 εἰκόνα

226 3981 333 4051 μὲν
363 3981 528 4053 ἔχεις,
579 3986 643 4037 ἐκ
679 3985 773 4038 τοῦ
816 3986 1030 4057 λογικὸς
1072 3983 1234 4044 εἶναι·
1289 3990 1413 4044 καθ’
1446 3992 1704 4062 ὁμοίωσιν
1750 3993 1807 4047 δὲ

221 4070 355 4142 γίνῃ
387 4071 452 4125 ὲκ
479 4071 573 4125 τοῦ
605 4075 950 4147 χρηστότητα
978 4077 1285 4137 ἀναλαϐεῖν.
1312 4082 1572 4137 Ἀνάλαϐε
1603 4085 1807 4154 σπλάγ⁴

222 4164 707 4247 χναμοίκτιρμοῦ,
749 4168 1113 4240 χρηστότητα,
1169 4170 1255 4224 ἵνα
1304 4172 1499 4247 ἐνδύσῃ
1550 4176 1802 4247 Χριστόν.

219 4252 309 4304 Δι’
335 4245 413 4305 ὧν
436 4255 546 4325 γάρ
579 4256 979 4328 ἀναλαμϐάνεις
1003 4261 1102 4333 τὴν
1134 4245 1499 4334 συμπάθειαν,
1537 4245 1806 4323 δι’-αὑτῶν

218 4342 464 4415 Χριστὸν
485 4348 698 4422 ὲνδύνῃ,
722 4350 817 4404 καὶ
838 4355 904 4423 τῇ
932 4352 1070 4423 πρὸς
1097 4355 1259 4409 αὐτὸν
1278 4356 1550 4410 οἰκειώσει
1574 4360 1807 4413 οἰκειού-

225 4451 396 4505 μενος
421 4437 559 4509 Θεῷ.
599 4440 785 4505 Οὕτως
816 4445 849 4513 ὴ
887 4444 1093 4515 ἱστορία
1126 4447 1407 4511 παίδευσίς
1431 4451 1547 4502 ἐστι
1570 4450 1664 4503 τοῦ
1691 4450 1805 4521 βίου

217 4527 321 4581 τοῦ
381 4529 740 4601 ἀνθρωπίνου.
799 4551 820 4584 ι
863 4536 1184 4608 Ποιήσωμεν
1237 4537 1519 4611 ἄνθρωπον
1560 4544 1680 4595 κατ’
1726 4546 1806 4597 εἰσ

1908 2079 2065 2137 Nunc
2099 2089 2284 2137 autem
2319 2089 2597 2152 potestate
2620 2096 2723 2138 nos
2754 2082 2885 2137 fecit
2919 2082 3130 2137 similes
3173 2081 3290 2138 Dei.
3329 2081 3492 2136 Pote—

1910 2180 2105 2229 statem
2138 2180 2325 2227 autem
2375 2173 2647 2237 tribuens,
2704 2182 2760 2228 ut
2807 2174 2931 2243 ejus
2984 2173 3195 2229 similes
3233 2173 3490 2229 reddere-

1910 2279 2053 2329 mur,
2089 2264 2343 2334 permisit
2371 2265 2555 2332 nobis,
2593 2274 2652 2320 ut
2677 2280 2928 2321 essemus
2963 2265 3114 2320 illius
3168 2264 3491 2319 similitudi-

1907 2357 1995 2412 nis
2021 2356 2329 2423 effectores,
2367 2372 2476 2427 quo
2514 2373 2724 2413 merces
2760 2358 2943 2428 operis
2980 2365 3170 2412 nostra
3211 2356 3372 2421 foret,
3418 2371 3489 2410 ne

1909 2455 2109 2504 nostra:
2138 2448 2520 2504 similitudinis
2540 2448 2756 2504 laudem
2788 2448 3052 2505 auferret.
3072 2448 3311 2515 Quando
3335 2449 3483 2504 enim

1907 2537 2135 2609 effigiem
2167 2538 2406 2607 aliquam
2449 2540 2634 2592 cernis
2681 2537 2970 2608 diligenter
3021 2536 3382 2600 elaboratam,
3438 2542 3493 2587 et

1906 2626 2187 2697 exemplar
2241 2621 2849 2697 optime‘referentem,
2900 2639 3011 2678 non
3048 2624 3224 2694 ipsam
3273 2621 3486 2685 laudas,

1908 2721 2001 2776 sed
2037 2721 2303 2789 pictorem
2329 2718 2641 2773 admiraris.
2672 2716 3038 2786 Quapropter,
3094 2723 3152 2769 ut
3183 2730 3323 2775 mea,
3382 2728 3489 2767 non

1906 2813 2139 2867 alterius
2168 2818 2321 2866 esset
2340 2809 2627 2864 admiratio
2664 2850 2679 2873 ,
2730 2810 2954 2879 reliquit
2985 2809 3138 2871 mihi,
3190 2815 3249 2861 ut
3277 2807 3343 2861 ad
3371 2807 3492 2875 ejus

1908 2901 2324 2957 similitudinem
2360 2902 2564 2956 ﬁerem.
2598 2899 2674 2954 Ex
2699 2900 2936 2971 imagine
2966 2900 3160 2963 habeo,
3188 2907 3247 2952 ut
3274 2899 3492 2952 ratione

1907 2992 2009 3046 sim
2068 2992 2371 3063 praeditus;
2430 3006 2495 3045 ex
2529 2990 2898 3046 similitudine
2950 2997 3156 3056 autem,
3211 3000 3269 3044 ut
3312 2989 3492 3048 bonus

1906 3080 2129 3137 eﬂiciar.
2167 3080 2354 3136 Estote
2394 3080 2637 3150 perfecti,
2661 3082 2806 3135 sicut
2839 3079 3003 3135 Pater
3030 3087 3215 3135 vester
3252 3079 3493 3135 caelestis

1906 3172 2180 3242 perfectus
2232 3179 2338 3227 est.
2385 3169 2547 3226 Vides
2588 3170 2864 3241 quomodo
2904 3170 3064 3226 nobis
3101 3168 3369 3223 Dominus
3433 3169 3495 3223 il-

1913 3263 2008 3318 lld
2038 3263 2105 3318 ad
2129 3262 2547 3319 similitudinem
2570 3261 2801 3317 reddat?
2826 3261 3094 3328 Quoniam
3126 3262 3297 3317 solem
3329 3277 3490 3317 suum
3564 3296 3575 3303 -

1912 3355 2044 3411 oriri
2079 3353 2209 3408 facit
2241 3369 2404 3424 super
2461 3353 2636 3409 malos
2686 3360 2741 3408 et
2781 3352 2983 3417 bonos,
3035 3361 3084 3407 et
3143 3351 3282 3421 pluit
3328 3367 3494 3422 super

1909 3445 2088 3517 justos
2108 3454 2163 3500 et
2191 3445 2450 3514 injustos.
2482 3444 2540 3498 Si
2590 3444 2773 3498 oderis
2799 3444 3029 3507 scelera,
3079 3443 3126 3498 si
3165 3442 3491 3512 injuriarum

1913 3538 2236 3593 memoriam
2295 3535 2586 3599 deleveris,
2639 3535 2686 3590 si
2736 3534 3023 3590 hesternas
3076 3534 3408 3597 simultates,
3440 3541 3495 3586 et

1913 3625 2229 3681 inimicitias
2270 3624 2548 3679 oblivione
2580 3623 2889 3678 voluntaria
2921 3624 3267 3692 deposueris,
3301 3621 3347 3676 si
3389 3620 3495 3674 fra-

1912 3725 2051 3772 trem
2082 3730 2288 3780 amore,
2323 3715 2723 3778 benevolentia,
2759 3713 3116 3782 benignitate,
3164 3712 3484 3767 misericor-

1914 3804 2005 3857 dia
2048 3804 2375 3874 complexus
2406 3798 2602 3868 lueris,
2638 3802 2750 3855 Deo
2777 3803 2975 3856 similis
3011 3808 3233 3855 evades.
3270 3802 3325 3854 Si
3349 3803 3494 3869 inju-

1912 3895 2028 3952 rias
2058 3912 2124 3951 ex
2149 3895 2342 3950 intimo
2369 3894 2536 3949 corde
2567 3892 2872 3960 remiseris,
2904 3892 3013 3949 Deo
3038 3893 3239 3949 similis
3267 3892 3487 3948 evades.

1916 3988 1997 4055 Si,
2035 3989 2215 4059 qualis
2249 3995 2334 4044 est
2368 4002 2499 4057 erga
2545 3994 2599 4041 te
2630 3995 2979 4056 peccatorcm
3014 3986 3176 4048 Deus,
3232 3987 3391 4041 talem
3439 3995 3492 4040 te

1911 4081 2217 4153 praebueris
2260 4080 2599 4148 delinquenti
2638 4078 2818 4143 fratri,
2873 4086 2963 4133 tua
2999 4093 3129 4149 erga
3177 4079 3489 4147 proximum
3562 4134 3567 4139 ,

1911 4176 2067 4226 tuum
2100 4168 2485 4225 misericordia
2521 4166 2633 4222 Deo
2694 4167 2897 4223 similis
2929 4168 3148 4223 evades.
3187 4166 3366 4222 llabes
3393 4167 3492 4237 igi-

1910 4271 2002 4318 tur
2040 4262 2336 4333 imaginem
2369 4276 2433 4316 ex
2482 4276 2580 4326 eo,
2626 4260 2775 4330 quod
2836 4262 3067 4315 rationis
3112 4276 3172 4316 es
3225 4276 3487 4331 compos;

1911 4355 2326 4412 similitudinem
2362 4350 2567 4417 autem,
2597 4352 2726 4422 quia
2748 4352 3029 4417 virtutem,
3072 4351 3399 4421 probitatem
3435 4359 3491 4407 et

1910 4446 2214 4502 bonitatem
2244 4444 2597 4515 amplexaris.
2627 4442 2861 4512 Suscipe
2885 4443 3054 4513 igitur
3077 4440 3290 4496 viscera
3326 4441 3490 4497 mise-

1910 4533 2187 4607 ricordiae,
2210 4531 2624 4587 beneficentiam
2642 4546 2865 4594 exerce,
2879 4538 2941 4585 ut
2959 4530 3159 4586 induas
3177 4518 3484 4588 Christum.

219 4619 382 4673 κύνα.
428 4639 461 4672 η»
524 4622 682 4715 ιἝχω
720 4618 813 4677 οὖν
869 4626 925 4679 ὲν
974 4628 1038 4697 τῇ
1094 4627 1269 4680 κτίσει
1318 4629 1378 4681 τὸ
1427 4630 1547 4683 κατ’
1599 4633 1802 4687 εἰκόνασ

1909 4616 2015 4679 Per
2039 4639 2181 4694 quos
2214 4624 2360 4679 enim
2395 4622 2718 4679 misericors
2765 4631 2820 4678 et
2852 4623 3125 4694 benignus
3155 4639 3237 4687 es,
3274 4637 3370 4693 per
3391 4637 3489 4678 eos

217 4710 454 4781 γίνομαι
492 4705 550 4764 δὲ
605 4716 673 4784 τῇ
708 4714 999 4784 προθέσει,
1053 4719 1147 4771 καὶ
1201 4719 1321 4772 καθ’
1367 4720 1646 4791 ὁμοίωσιν.
1694 4725 1804 4778 Ποῦ

1909 4714 2194 4771 Christum
2234 4714 2443 4779 induis,
2474 4715 2792 4785 Christique
2821 4714 3237 4771 necessitudine
3266 4723 3321 4770 et
3352 4729 3489 4770 con-

219 4815 322 4852 σου
391 4800 424 4869 ή
492 4801 685 4870 χάριςς
745 4801 833 4854 διὰ
884 4802 936 4855 τί
998 4804 1062 4856 σὺ
1113 4806 1440 4873 ὲστεφανοῦς
1508 4808 1569 4862 ΕΞ
1617 4808 1722 4881 γὰρ
1782 4810 1804 4863 6

1908 4807 2191 4878 iunctione
2221 4821 2348 4861 cum
2391 4807 2503 4861 Deo
2550 4805 2906 4876 conjungeris
2938 4821 3003 4861 ac
3035 4806 3357 4863 devinciris.
3386 4805 3488 4858 At-

215 4890 571 4960 Δημιουργὸς
597 4891 656 4944 τὸ
682 4892 800 4945 ὅλον
830 4894 1075 4947 ἀπέδωκε
1101 4936 1114 4960 ,
1145 4894 1260 4959 πῶς
1290 4898 1355 4951 ἀν
1389 4914 1470 4950 σοι
1500 4898 1533 4969 ἡ
1564 4898 1804 4967 βασιλεία

1909 4915 2018 4970 que
2056 4898 2163 4953 hoc
2198 4898 2360 4953 modo
2387 4897 2620 4953 historia
2651 4906 2735 4954 est
2770 4898 3025 4953 humanae
3055 4898 3180 4954 vitae
3212 4896 3487 4955 institutio

211 4980 335 5031 τῶν
370 4981 616 5052 οὐρανῶν
658 4983 937 5053 ἡνοίγετο’;
983 4984 1098 5039 Νῦν
1135 4973 1195 5038 ⁴δὲ
1239 4986 1301 5040 τὸ
1336 4988 1432 5057 μὲν
1465 4988 1709 5060 ἐδόθη,τὸ
1753 4989 1804 5043 δὲ

1908 5000 2073 5062 atque
2107 4990 2446 5044 informatio.
2481 5008 2500 5042 ι
2540 4985 2839 5045 Faciamus
2866 4989 3145 5045 hominem
3174 4989 3242 5045 ad
3288 4989 3484 5059 imagi-

212 5069 421 5133 ἀτελὲς
469 5072 829 5146 κατελείφθηο
880 5075 966 5129 ἵνα
1018 5077 1244 5131 σεαυτὸν
1292 5078 1612 5148 τελειώσας,
1663 5080 1804 5146 ἄξιος

1908 5097 2052 5138 nem.
2080 5100 2107 5133 ›
2130 5080 2304 5136 Habet
2330 5082 2496 5136 homo
2543 5082 2602 5136 in
2625 5080 2909 5136 creatione
2938 5096 3065 5146 sua,
3085 5089 3143 5136 ut
3167 5080 3241 5137 sit
3260 5080 3323 5133 ad
3344 5080 3483 5133 ima-

211 5160 357 5233 γένῃ
386 5162 486 5233 τῆς
518 5164 669 5234 παρά
703 5163 797 5218 τοῦ
822 5165 958 5219 Θεοῦ
994 5166 1429 5235 μισθαποδοσίας.

1908 5172 2110 5243 ginem,
2131 5169 2237 5224 liat‘
2250 5170 2315 5225 ad
2341 5169 2779 5225 similitudinem.
2798 5167 2903 5226 Ubi
2921 5170 3021 5225 tibi
3044 5167 3257 5239 gratia?
3279 5164 3485 5231 Quam-

199 5252 408 5308 obrem
455 5255 786 5311 coronaris?
827 5255 885 5312 Si
920 5257 1154 5315 Creator
1192 5259 1379 5317 omnia
1409 5261 1580 5326 dedit,
1622 5264 2037 5335 quomodo-tibi
2076 5272 2225 5336 patet
2250 5276 2514 5318 ascensus
2544 5263 2600 5317 in
2629 5264 2831 5318 coelum
2852 5263 2876 5317 ?
2901 5261 3085 5317 Unum
3112 5260 3278 5330 igitur
3306 5257 3478 5323 dedit,

194 5346 449 5400 alterum
486 5347 800 5403 inchoatum
821 5352 1068 5422 reliquit,
1088 5360 1149 5408 ut
1165 5362 1218 5411 te
1245 5356 1365 5425 ipse
1393 5354 1687 5425 perliciens
1712 5356 2051 5429 dignus'ﬁas,
2075 5340 2179 5429 qui.
2212 5371 2242 5410 a
2267 5354 2378 5411 Deo
2395 5355 2677 5425 praemium
2700 5355 3076 5413 eHnercedem
3099 5351 3479 5421 consequaris.

269 5444 407 5509 Πῶς
436 5439 531 5498 οὖν
560 5446 824 5515 γινόμεθα
850 5445 973 5500 καθ’
1019 5446 1309 5516 ὁμοίωσιν;
1340 5444 1442 5499 Διά
1472 5444 1579 5499 τῶν
1607 5446 1787 5515 Εὐαγ-

1965 5449 2250 5518 Quomodo
2285 5449 2450 5520 igitur
2482 5448 2550 5502 ad
2587 5443 3006 5503 similitudinem
3039 5438 3337 5495 efﬁcimur?
3365 5439 3473 5495 Per

184 5535 426 5605 γελῐων.
451 5535 516 5588 Τί
542 5538 659 5589 ὲστι
683 5535 1110 5608 Χρίστιανισμός
1134 5552 1149 5600 ;
1186 5534 1322 5588 Θεοῦ
1354 5536 1616 5607 ὁμοίωσις
1645 5536 1789 5589 κατά

1908 5542 2272 5610 Evangelium.
2309 5538 2454 5606 Quid
2503 5539 2649 5594 enim
2694 5533 2844 5590 aliud
2892 5538 2999 5597 est,
3038 5546 3162 5587 esse
3199 5530 3463 5586 Christia-

182 5629 257 5682 τὸ
294 5628 648 5698 ἐνδεχόμενον
681 5628 968 5702 ἀνθρώπου
1004 5630 1181 5699 φύσει.
1218 5627 1289 5681 Εἰ
1308 5627 1541 5691 ἀνεδέξω
1564 5627 1626 5681 τὸ
1652 5624 1791 5681 εἶναι

1908 5650 2052 5697 num,
2072 5633 2179 5687 nisi
2214 5632 2415 5713 habere
2441 5645 2566 5684 cum
2597 5630 2704 5682 Deo
2719 5625 3159 5687 similitudinem,
3195 5630 3466 5695 quatenus

183 5720 555 5790 Χριστιανὸς,
576 5720 872 5792 οὲπείχθητι
902 5720 1152 5790 γενέσθαι
1182 5721 1364 5791 ὅμοιος
1400 5718 1538 5789 Θεῷ,
1575 5719 1801 5774 ἔνδυσαι·

185 5811 470 5883 Χριστόν.
501 5810 626 5874 Πῶς
670 5811 726 5864 δὲ
761 5812 952 5886 ἐνδύσῃ
981 5816 1009 5868 6
1050 5814 1112 5867 τὸ
1143 5813 1425 5885 βάπτισμα
1460 5812 1535 5882 μὴ
1574 5812 1791 5879 λαϐώνς,

186 5906 220 5956 ὁ
272 5903 340 5955 τὸ
373 5900 582 5972 ἔνδυμα
610 5903 704 5974 τῆς
737 5904 1043 5977 ἀφθαρσίας
1077 5906 1150 5977 μὴ
1181 5904 1504 5973 δεξάμενος;
1538 5903 1795 5975 ἀποπέμ-

192 6009 326 6057 πεις
370 5993 468 6067 τὴν
496 5994 631 6066 πρὸς
659 5994 791 6049 Θεὸν
829 5997 1117 6067 ὁμοίωσιν;
1153 5998 1214 6049 Εἰ
1245 5993 1427 6063 ἔλεγόν
1466 6011 1566 6063 σοι,
1604 5995 1793 6067 Δεῦρο,

1899 5724 2299 5794 capithumana
2329 5720 2560 5775 natura?
2598 5717 2853 5781 Proinde,
2884 5715 3143 5788 quoniam
3190 5717 3465 5785 accepisti,

1903 5823 1962 5868 ut
1996 5830 2146 5870 esses
2178 5811 2548 5876 Christianus,
2580 5823 2802 5879 operam
2826 5806 2918 5874 da,
2963 5813 3025 5861 ut
3052 5806 3130 5863 sis
3164 5805 3271 5861 Deo
3318 5806 3467 5860 simi-

1901 5907 1971 5961 lis
1999 5926 2010 5960 :
2042 5905 2208 5958 indue
2238 5905 2519 5958 Christum
2549 5920 2564 5969 ;
2604 5917 2715 5973 quo
2759 5908 2941 5957 autem
2994 5907 3157 5971 pacto
3196 5899 3351 5953 illum
3383 5897 3467 5951 in-

1903 5996 2060 6061 ducs,
2090 5997 2195 6052 nisi
2226 5996 2344 6069 ejus
2385 5995 2619 6067 signeris
2648 5994 2819 6051 nota?
2852 5992 2961 6052 nisi
2984 5994 3318 6066 baptismum
3347 6003 3468 6047 sus-
