3890 6364
446 424 553 479 275
1646 438 1704 494 S.
1740 432 2071 495 GREGORII
2106 437 2399 497 NYSSENI
3612 445 3709 501 2'36

446 538 668 608 cipias?
713 539 818 594 nisi
881 540 1068 612 capias
1118 543 1551 617 incorruptionis
1597 550 2019 605 indumentum?

2129 551 2278 620 γενοῦ
2312 552 2498 622 ὅμοιος
2536 550 2761 621 βασιλεῖ,
2790 550 2892 604 οὐκ
2929 549 2995 605 ἂν
3026 551 3191 623 εὐεργ
3222 568 3321 623 την
3349 570 3419 623 με
3450 552 3711 624 ἔκριναςς

448 626 727 699 Repudias
756 631 1172 689 similitudinem
1203 635 1334 691 Dei?
1364 639 1409 693 si
1438 638 1704 695 dixissem
1742 641 1864 707 libi,
1891 642 2023 713 Age-

2135 645 2350 716 Ἐπειδὴ
2396 644 2656 714 βούλομαί
2702 660 2762 697 σε
2792 645 2977 715 ὅμοιον
3016 644 3155 716 Θεῷ⁸
3177 646 3401 716 ποιῆσαι
3427 686 3443 711 ,
3488 645 3711 715 φεύγεις

447 719 601 785 dum,
624 728 741 775 esto
772 722 969 778 similis
1004 722 1156 797 Regi,
1177 742 1361 784 nonne
1391 730 1629 786 amicum
1656 748 1742 788 me
1764 748 1828 789 ac
1856 734 2022 789 bene-

446 811 608 864 ficum
631 810 1207 872 existimares?Nuuc
1249 828 1431 876 autem
1481 823 1605 877 volo
1645 831 1699 879 te
1739 824 1835 880 Dei
1876 825 2022 881 simi-

445 898 551 954 lem
579 915 722 966 esse,
757 909 811 957 et
842 903 1149 961 orationem
1201 915 1254 962 te
1314 906 1475 963 deum
1510 910 1835 968 eﬂicientem
1877 912 2018 984 fugis

443 1001 498 1044 et
531 996 845 1063 aspernaris
866 997 889 1049 ἱ)
910 1005 964 1052 et
988 1012 1153 1054 aures
1199 1000 1464 1068 obstruis,
1514 1018 1584 1058 ne
1611 1004 1776 1059 verba
1824 1006 2019 1060 salutis

444 1085 749 1141 exaudias?
792 1107 810 1138 ‹
837 1086 901 1141 Ει
946 1088 1076 1145 fecit
1124 1091 1267 1147 Deus
1303 1093 1579 1149 hominem
1626 1095 1693 1149 ad
1731 1096 2020 1167 imaginem

445 1190 624 1229 suam.
660 1195 679 1228 ι
713 1176 998 1233 lluminem
1026 1181 1224 1251 (inquit
1252 1183 1468 1254 mulier)
1503 1184 1578 1237 ita
1613 1184 1874 1255 scriptum
1914 1197 2018 1251 est,

444 1277 496 1320 ut
519 1266 603 1320 vir
635 1275 846 1323 tantum
879 1271 1233 1342 intelligatur.
1260 1275 1401 1340 Quid
1430 1275 1598 1347 igitur
1628 1276 1694 1332 ad
1718 1280 1841 1334 me?
1863 1278 1931 1334 At
1954 1296 2022 1337 ne

442 1356 685 1415 hominis
717 1361 1078 1431 appellatione
1124 1368 1300 1421 virum
1359 1367 1624 1422 duntaxat
1667 1368 2022 1441 intelligeres,

442 1450 731 1522 subjecit,¢
757 1452 1055 1510 Masculum
1076 1464 1129 1511 et
1147 1456 1404 1512 feminam
1434 1458 1560 1514 fecit
1576 1475 1691 1516 eos.
1708 1480 1727 1512 ι
1748 1461 1814 1515 Et
1830 1460 2026 1518 mulier

442 1543 668 1612 perinde
698 1553 862 1615 atque
879 1547 960 1600 vir
992 1547 1059 1602 ad
1087 1550 1379 1621 imaginem
1411 1550 1505 1606 Dei
1540 1550 1684 1608 facta
1715 1562 1821 1610 est.
1857 1553 2026 1610 Eum-

442 1636 565 1689 dem
597 1636 864 1693 honorem
900 1639 1099 1694 habent
1122 1641 1296 1697 amba:
1326 1650 1555 1707 natum,
1582 1659 1743 1713 pares
1768 1646 2022 1711 virtutes,

442 1721 632 1779 eadem
667 1728 986 1793 certamina,
1030 1729 1170 1783 idem
1192 1730 1487 1801 judicium.
1513 1730 1591 1787 Ne
1615 1732 1859 1789 dixeris:
1890 1733 2023 1789 Sum

2121 732 2212 785 τὸν
2241 732 2398 800 λόγον
2422 732 2512 785 τὸν
2536 730 2891 786 θεοποιοῦντά
2914 750 2995 800 σε,
3020 733 3463 804 ἐπιφραξάμενος
3478 734 3549 790 τὰ
3567 729 3710 802 ὦτα,

2124 824 2212 877 ἵνα
2243 824 2382 898 μηδξ
2400 822 2638 895 ἀκούσῃς
2667 823 2776 878 τῶν
2801 824 3083 895 σωτηρίων
3110 825 3306 894 λόγων;
3338 844 3358 878 ι
3384 826 3498 879 Καὶ
3527 826 3713 897 ἐποίη-

2124 930 2215 967 σεν
2242 914 2273 965 ό
2300 914 2433 978 θεὸς
2466 914 2558 967 τὸν
2602 912 2889 987 ἄνθρωπον
2918 916 3038 969 κατ’
3068 915 3275 969 εἰκόνα.
3318 935 3338 970 ι
3372 915 3477 969 Τὸν
3504 916 3714 988 ἄνθρω-

2124 1021 2245 1071 πον,
2276 1004 2442 1075 φησὶν
2494 1006 2529 1076 ὴ
2567 1005 2725 1077 γυνὴ,
2766 1006 2820 1059 τί
2864 1007 3001 1078 πρὸς
3034 1009 3170 1079 ὲμές
3220 1010 3249 1062 ὁ
3284 1009 3425 1081 ἀνὴρ
3456 1008 3709 1077 breve-:0“

2123 1098 2183 1150 οὐ
2208 1096 2318 1167 γὰρ
2349 1092 2467 1149 εἷπε
2507 1096 2602 1168 τὴν
2634 1097 2942 1169 ἄνθρωπον,
2975 1101 3162 1172 φησὶν,
3206 1099 3344 1154 ἀλλὰ
3373 1102 3442 1172 τῇ
3485 1099 3583 1153 τοῦ
3612 1100 3711 1171 ἄρ-

2126 1187 2255 1258 θρου
2281 1188 2568 1261 προσθήκῃ
2607 1189 2668 1242 τὸ
2692 1190 2987 1261 ἀρρενικὸν
3012 1191 3292 1262 ἐνέφηνεν.
3335 1190 3476 1244 Ἀλλ’
3517 1190 3606 1242 ἵνα
3640 1189 3713 1260 μὴ

2125 1281 2351 1351 ἀμαθῶς
2393 1298 2476 1345 τις
2513 1283 2581 1353 τῇ
2620 1281 2716 1334 τοῦ
2758 1280 3048 1352 ἀνθρώπου
3091 1280 3434 1354 προσηγορίᾳ
3485 1280 3581 1333 ἐπὶ
3623 1278 3715 1331 τοῦ

2124 1372 2318 1443 ἀνδρὸς
2356 1368 2391 1444 ᾗ
2435 1373 2595 1444 μόνον
2634 1373 2995 1444 κεχρημένος,
3023 1372 3395 1445 προσέθηκεν,
3452 1390 3472 1423 ι
3512 1370 3715 1441 Ἀρσεν

2126 1463 2219 1514 καὶ
2245 1461 2380 1532 θῆλυ
2408 1462 2662 1533 ἐποίησεν
2694 1462 2911 1526 αὐτούς.
2950 1481 2968 1515 ι
3000 1463 3113 1515 Καὶ
3136 1463 3170 1532 ἡ
3200 1460 3336 1531 γυνὴ
3367 1459 3482 1531 ἔχει
3507 1459 3569 1512 τὸ
3597 1457 3713 1512 κατ’

2126 1553 2309 1606 εἰκόνα
2327 1552 2460 1607 Θεοῦ
2478 1554 2829 1624 γεγενῆσθαι,
2856 1554 2931 1617 ὡς
2950 1555 3045 1607 καὶ
3069 1555 3098 1605 ὁ
3120 1554 3280 1625 ἀνήρ.
3328 1552 3561 1623 Ὁμοίως
3586 1550 3713 1620 ὁμό-

2125 1646 2359 1716 τιμοιαί
2390 1644 2601 1713 φύσεις,
2634 1644 2747 1699 ἴσαι
2777 1647 2833 1699 αἱ
2882 1645 3096 1717 ἀρεταί·
3132 1640 3271 1697 ἆθλα
3294 1643 3433 1709 ·ῐσα,
3467 1643 3502 1713 ὴ
3542 1657 3714 1694 κατα-

2126 1736 2249 1807 δίκη
2280 1737 2464 1808 ὁμοία.
2506 1736 2599 1808 Μὴ
2622 1736 2847 1806 λεγέτω,
2889 1721 3146 1806 ’Δσθενής
3175 1736 3312 1806 είμι.
3368 1733 3432 1786 Ἡ
3462 1732 3715 1787 ἀσθένεια

442 1814 735 1873 imbecilla.
761 1819 1116 1876 lmbecillitas
1135 1822 1191 1876 in
1222 1837 1389 1877 carne
1408 1831 1513 1889 est,
1549 1824 1604 1878 in
1629 1825 1813 1881 animo
1842 1835 2021 1881 autem

2132 1828 2355 1899 σαρκδς,
2407 1829 2464 1881 ἐν
2507 1827 2652 1899 ψυχῇ
2689 1828 2751 1881 τὸ
2796 1827 3023 1881 δυνατόν
3072 1829 3237 1880 ἐστιν.
3282 1823 3500 1895 Ἐπειδὴ
3538 1823 3718 1876 τοίνυν

442 1908 529 1964 vis
561 1924 624 1965 ac
654 1912 846 1965 robur.
900 1913 1172 1979 Quoniam
1230 1915 1397 1986 igitur
1427 1917 1657 1987 aequalis
1702 1927 1787 1972 est
1820 1918 2017 1987 virtus,

2129 1893 2383 1991 ὁμότιμος
2407 1921 2440 1991 ἡ
2470 1893 2768 1975 ’Θεὸν
2792 1919 2978 1983 εἰκὼν,
2998 1918 3259 1990 ὁμότιμος
3289 1916 3432 1971 ἔστω
3457 1893 3499 1985 ήῖ
3521 1911 3711 1986 ἀρετὴ,

442 2013 546 2068 par
577 2001 740 2056 etiam
772 2003 843 2058 sit
869 2004 1136 2059 bonorum
1182 2021 1412 2078 operum
1445 2008 1865 2065 demonstratio.
1899 2008 2018 2066 Non

442 2103 650 2151 temere
690 2098 904 2153 mulieri
950 2115 1012 2155 ea
1065 2099 1191 2155 data
1223 2110 1310 2156 est
1358 2101 1668 2168 mollitudo,
1719 2103 1816 2159 sed
1852 2114 1910 2159 ut
1952 2104 2021 2160 ad

444 2183 837 2243 humanitatem
862 2190 1075 2246 facilior
1096 2193 1188 2261 sit,
1220 2193 1287 2248 ad
1316 2194 1866 2267 misericordiamque
1894 2212 2024 2268 pro-

444 2279 687 2348 pensior.
717 2281 776 2335 ln
806 2282 970 2338 rebus
1010 2293 1208 2351 autem,
1241 2300 1363 2356 quae
1393 2285 1774 2341 fortitudinem
1828 2296 2020 2356 postu-

447 2369 584 2430 lant,
619 2370 846 2425 robusta
881 2380 986 2440 est,
1011 2373 1067 2427 in
1102 2375 1303 2444 vigiliis
1332 2383 1387 2430 et
1416 2376 1699 2431 laboribus
1734 2386 2019 2432 constans.

445 2460 677 2526 Quando
714 2471 890 2533 potest
918 2465 1158 2523 hominis
1193 2477 1389 2523 natura
1411 2484 1533 2523 cum
1559 2469 1775 2524 feminae
1808 2469 2024 2526 fortiter

443 2551 615 2606 vitam
655 2555 864 2623 agentis
914 2564 1113 2611 natura
1146 2559 1513 2614 contendere?
1560 2559 1797 2625 Quando
1841 2568 2025 2630 potest

444 2647 610 2704 homo
666 2650 873 2703 firmam
923 2650 1207 2706 mulierem
1260 2652 1313 2706 in
1352 2651 1580 2722 jejuniis
1625 2654 2023 2710 continentiam

443 2739 682 2793 imitari?
712 2738 941 2806 Quando
964 2748 1148 2811 potest
1189 2757 1410 2812 aequare
1451 2742 1703 2797 sedulum
1743 2757 1934 2797 earum
1966 2742 2024 2797 in

444 2831 857 2900 precationibus
889 2831 1155 2897 studium,
1187 2832 1333 2903 piam
1358 2832 1426 2887 ad
1454 2832 1870 2904 lacrymandum
1900 2848 2026 2905 pro-

445 2924 789 2993 pensionem,
836 2934 889 2978 et
919 2939 1145 2993 pronam
1171 2922 1235 2978 ad
1268 2924 1732 2979 benemerendum
1790 2924 2026 2980 facilita-

444 3012 596 3067 tem?
631 3010 755 3067 Vidi
782 3028 881 3084 ego
912 3012 1166 3068 feminam
1199 3014 1339 3069 clam
1366 3013 1756 3070 honestissimo
1784 3023 2024 3071 utentem

444 3103 662 3157 furandi
696 3119 911 3173 genere.
956 3103 1080 3159 Haec
1109 3105 1284 3159 inscio
1331 3106 1531 3160 marito
1563 3105 1630 3160 de
1657 3119 1716 3159 re
1762 3104 2022 3162 familiari

2124 2013 2157 2083 ἡ
2187 2010 2292 2064 τῶν
2316 2010 2532 2079 ἀγαθῶν
2561 2010 2736 2082 ἔργων
2761 2010 3040 2079 ἐπίδειξις.
3074 2009 3214 2063 Ούδε
3248 2008 3349 2079 μία
3379 2005 3715 2077 παραίτησίς

2081 2168 2086 2173 θ
2123 2104 2242 2156 ἐστι
2274 2102 2351 2172 τῷ
2379 2101 2692 2173 βουλομένῳ
2725 2100 3158 2173 προφασίζεσθαι
3184 2098 3409 2161 ἀσθενὲς
3442 2097 3503 2148 τὸ
3536 2094 3712 2164 σῶμα.

2124 2193 2260 2247 Οὐδὲ
2289 2193 2451 2246 τοῦτο
2482 2192 2688 2257 ἁπλῶς
2721 2191 2858 2245 ἀλλὰ
2884 2190 3091 2244 ἁπαλὸν
3120 2188 3218 2260 μὲν
3245 2187 3334 2241 διὰ
3361 2186 3462 2257 τὴν
3494 2183 3714 2255 συμπά·

2124 2282 2296 2346 θειαν,
2330 2280 2546 2335 εὔτονον
2569 2280 2626 2334 δὲ
2650 2282 2707 2333 ὲν
2728 2278 3071 2351 καρτερίαις,
3100 2276 3351 2329 σύντονον
3373 2273 3432 2327 δὲ
3457 2274 3516 2325 ὲν
3552 2274 3718 2342 ἀγρυ-

2131 2373 2334 2437 πνίαις.
2380 2373 2520 2427 Πότε
2550 2372 2770 2426 δύναται
2809 2370 3100 2442 ἀνθρώπου
3138 2368 3299 2437 φύσις
3352 2363 3714 2436 ἁμιλληθῆναι

2125 2465 2384 2536 γυναικὸς
2401 2464 2559 2535 φύσει
2580 2462 2927 2537 καρτερικῶς
2949 2460 3209 2531 διαγούσῃ
3230 2459 3322 2512 τὸν
3345 2459 3546 2528 ἑαυτῆς
3571 2456 3715 2526 βίον;

2124 2555 2263 2609 Πότε
2296 2554 2358 2607 τὸ
2388 2555 2446 2608 ὲν
2483 2556 2758 2626 νηστείαις
2792 2551 3011 2605 εὔτονον
3055 2547 3329 2618 γυναικῶν
3373 2544 3716 2618 μιμήσασθαι

2124 2647 2349 2702 δύναται
2386 2646 2693 2719 ἄνθρωπος,
2728 2646 2790 2699 τὸ
2835 2647 2893 2699 ὲν
2936 2645 3269 2716 προσευχαῖς
3321 2639 3631 2711 φιλόπονον,
3658 2636 3717 2690 τὸ

2124 2741 2183 2793 ὲν
2203 2739 2430 2812 δάκρυσι
2454 2738 2693 2809 δαψιλὲς,
2723 2738 2785 2792 τδ
2818 2739 2946 2810 περὶ
2984 2736 3234 2799 εὐποιίας
3282 2733 3533 2804 ἓτοιμονς
3569 2727 3717 2784 Εἶδον

2125 2831 2237 2902 ἐγὼ
2288 2834 2562 2901 γυναῖκα,
2605 2830 2782 2904 λάθρα
2831 2829 3172 2884 κλέπτουσαν
3218 2825 3361 2879 καλὰ
3403 2823 3713 2894 κλέμματα,

2124 2925 2253 2979 ἄνευ
2279 2923 2372 2977 τοῦ
2401 2922 2594 2995 ἀνδρὸς
2621 2922 2721 2986 τάς
2770 2921 3018 2983 εὐποιίας
3048 2916 3306 2971 ποιοῦσαν
3332 2915 3471 2985 ὑπὲρ
3504 2912 3716 2983 ἀνδρὸς,

2127 3014 2267 3086 ὑπὲρ
2294 3015 2576 3086 αὐξήσεως
2608 3015 2781 3079 οῐκου,
2836 3011 2974 3083 ὑπὲρ
2995 3010 3201 3063 τέκνων
3238 3004 3522 3075 διαμονῆς,
3549 3000 3718 3055 διδοῦ-

2126 3124 2226 3159 σαν
2253 3106 2345 3159 καὶ
2371 3105 2744 3159 λανθάνουσαν
2790 3103 2884 3157 τοῦ
2926 3100 3119 3173 ἁνδρδς
3150 3098 3247 3170 τὴν
3273 3096 3497 3166 γνῶσιν.
3549 3093 3719 3165 ’Υπὲρ

445 3195 778 3266 pauperibus
802 3196 1155 3267 largiebatur.
1188 3196 1301 3251 Pro
1326 3197 1427 3250 viri
1465 3194 1747 3263 felicitate,
1803 3212 1903 3267 pro
1950 3196 2023 3252 fa-

2129 3197 2289 3252 αύτοῦ
2312 3198 2677 3252 ὲκόάλλουσαν
2702 3198 2795 3250 καὶ
2817 3194 2979 3249 αὑτὸν
3002 3190 3482 3283 ἀποκρύπτουσαν.
3499 3187 3586 3283 ff)
3612 3184 3721 3255 γὰρ

448 3288 613 3343 miliae
660 3288 1040 3358 prosperitate,
1076 3304 1179 3359 pro
1220 3289 1598 3343 incolumitate
1652 3289 1884 3342 filiorum
1921 3289 2023 3342 im-

448 3378 718 3446 pertiebat
763 3379 949 3435 celans
978 3379 1293 3443 virum,sed
1328 3394 1427 3449 pro
1451 3379 1573 3449 ipso
1602 3378 1740 3434 viro.
1774 3377 1882 3434 Pro
1902 3379 2023 3450 ipso

446 3468 709 3535 (innabat,
736 3468 827 3538 qui
857 3468 1061 3524 factum
1090 3469 1393 3524 nesciebat.
1425 3469 1480 3524 Id
1523 3469 1671 3525 enim
1740 3470 2025 3538 praestabat

452 3575 506 3611 in
542 3558 771 3628 gratiam
800 3558 967 3624 illius,
989 3559 1081 3629 qui
1108 3558 1254 3613 videt
1290 3558 1343 3613 in
1365 3558 1710 3625 abscondito,
1736 3574 1839 3615 nec
1867 3559 2027 3639 bene:

449 3654 590 3706 facta
625 3667 724 3707 sua
755 3651 1088 3721 divulgabat.
1126 3651 1190 3706 Et
1222 3651 1418 3706 mulier
1447 3652 1614 3722 igitur
1634 3652 1819 3718 habet,
1871 3663 1932 3707 ul.
1958 3656 2023 3710 ad

448 3742 743 3813 imaginem
775 3742 865 3798 sit.
893 3742 969 3797 Ne
1000 3745 1320 3799 consideres
1354 3743 1655 3809 hominem,
1682 3743 1777 3814 qui
1804 3745 2019 3801 extrin-

448 3851 610 3890 secus
649 3844 754 3889 est.
781 3834 875 3889 Ille
901 3834 1047 3890 enim
1086 3846 1171 3892 est
1223 3843 1484 3905 tanquam
1530 3835 1732 3890 velum.
1792 3837 2025 3895 Animus

2126 3290 2301 3344 ἐποίει
2321 3331 2333 3354 ,
2364 3289 2540 3343 ἐποίει
2577 3289 2655 3359 τῷ
2685 3288 2936 3359 βλέποντι
2964 3287 3021 3338 ὲν
3043 3282 3122 3354 τῷ
3159 3279 3386 3353 κρυπτῷ
3406 3322 3421 3346 ,
3459 3277 3522 3330 οὗ
3553 3276 3719 3346 δημοσ

2129 3381 2383 3436 σιεύουσα
2426 3379 2626 3448 ἑαυτῆς
2663 3378 2761 3449 τὴν
2799 3376 3070 3430 εὐποιίαν.
3113 3374 3180 3425 'H
3217 3368 3397 3440 ἀγαθὴ
3427 3366 3568 3438 γυνὴ
3608 3364 3719 3436 ἔχει

2127 3475 2189 3528 τὸ
2212 3475 2331 3527 κατ’
2362 3473 2565 3527 εἰκόνα.
2593 3470 2687 3542 Μὴ
2710 3471 2942 3542 πρόσεχε
2980 3465 3058 3537 τῷ
3093 3463 3198 3531 ἔξω
3235 3459 3529 3532 ἀνθρώπῳ,
3564 3455 3719 3529 περί-

2129 3565 2358 3637 πλασμά
2389 3566 2504 3618 ἐστι
2547 3563 2726 3616 τοῦτο.
2769 3561 2834 3614 Ἠ
2880 3558 3027 3629 ψυχὴ
3060 3554 3353 3619 καθέζεται
3398 3551 3548 3605 ένδον
3616 3548 3721 3601 ὑπὸ

2135 3658 2599 3732 παραπετάσματι
2633 3655 2728 3709 καὶ
2759 3650 2952 3721 ἁπαλῷ
2995 3647 3074 3720 τῷ
3123 3646 3359 3717 σώματι.
3391 3643 3558 3725 Ψυχὴ
3603 3641 3722 3711 μέν·

2132 3766 2215 3802 τοι
2256 3748 2352 3803 καὶ
2386 3747 2532 3820 ψυχὴ
2595 3746 2877 3817 ὁμότιμος,
2895 3743 2954 3797 ὲν
2982 3741 3097 3803 τοῖς
3138 3734 3642 3810 παραπετάσμασιν
3684 3734 3717 3801 ἡ

2132 3834 2383 3913 διαφορά.

448 3936 629 3983 autem
667 3926 819 3982 sedet
846 3928 994 3981 intus
1023 3925 1078 3978 in
1108 3925 1224 3979 velo
1254 3925 1420 3980 etiam
1442 3924 1692 3994 corporis
1720 3925 1999 3985 imbecilli.
2042 3930 2222 3987 Animi
2259 3932 2464 3986 honore
2491 3937 2621 3985 sunt
2649 3927 2907 3999 aequales,
2942 3926 2999 3980 in
3030 3923 3166 3980 velis
3199 3929 3283 3979 est
3316 3917 3647 3975 diﬂ’erentia‘.

522 4016 916 4083 Quamobrem,
981 4024 1040 4068 ut
1092 4013 1204 4068 Deo
1244 4015 1444 4069 similis
1493 4015 1610 4081 fias,
1644 4015 2031 4073 liberalitatem

452 4110 803 4178 amplectere,
846 4106 1258 4162 beneﬁcentiam
1287 4124 1503 4171 exerce,
1540 4109 1915 4185 innocentiam
1944 4126 2034 4167 se-

448 4198 879 4263 ctare,fraterno
893 4213 1085 4255 omnes
1107 4213 1315 4264 amore,
1336 4199 1826 4277 benevolentiaque
1837 4218 2024 4279 prose-

446 4308 638 4361 quere,
667 4292 875 4347 scelera
908 4290 1053 4361 fuge,
1073 4291 1281 4360 peccati
1320 4291 1822 4364 perturbationibus
1848 4293 2026 4350 domi-

446 4401 601 4441 nare.
616 4405 633 4437 ‹
661 4384 988 4455 Etpiscibus
1007 4382 1322 4456 prmsitaUt
1344 4384 1590 4456 piscibus
1601 4384 1788 4455 praesis
1810 4385 2023 4441 ratione

447 4476 794 4540 carentibus,
837 4474 1284 4546 perturbationes
1311 4484 1367 4530 et
1396 4474 1567 4529 animi
1607 4484 1792 4532 motus
1822 4476 2025 4532 rationi

2204 4023 2323 4093 Θεῷ
2346 4019 2438 4077 οὖν
2466 4023 2649 4093 ὅμοιος
2684 4019 2871 4088 ἐγένου
2916 4016 3006 4071 διὰ
3052 4015 3153 4085 τῆς
3193 4012 3596 4086 χρηστότητος,
3634 4006 3725 4060 διὰ

2133 4118 2232 4190 τῆς
2269 4113 2639 4180 ἀνεξικακίας,
2668 4111 2758 4165 διὰ
2785 4111 2885 4181 τῆς
2916 4106 3205 4169 κοινωνίας
3229 4146 3245 4172 ,
3274 4104 3364 4158 διά
3404 4100 3499 4157 τοῦ
3534 4098 3721 4170 φιλάλ-

2132 4209 2290 4281 ληλος
2319 4208 2410 4261 καὶ
2448 4204 2767 4275 φιλάδελφος
2794 4199 2930 4256 εἶναι
2953 4240 2969 4266 ,
3012 4198 3396 4272 μισοπόνηρος,
3431 4209 3719 4281 κατακρα-

2130 4280 2237 4353 etim
2266 4298 2375 4351 τῶν
2398 4294 2586 4350 παθῶν
2606 4293 2705 4363 τῆς
2735 4290 3030 4362 ἁμαρτίας,
3053 4288 3141 4340 ἵνα
3173 4303 3253 4339 σοι
3285 4283 3509 4354 ὑπάρχῃ
3530 4281 3591 4334 τὸ
3620 4280 3723 4351 ἄρ-

2133 4409 2270 4465 χειν.
2320 4409 2339 4443 ι
2380 4390 2491 4443 Καὶ
2529 4386 2844 4458 ἀρχέτωσαν
2891 4381 2998 4435 τῶν
3049 4379 3271 4450 ἰχθύων.
3313 4394 3330 4428 t
3415 4373 3586 4443 Εδόθη
3636 4386 3719 4465 σοι

2136 4463 2268 4556 άρχε
2278 4501 2324 4538 ιν
2349 4481 2457 4536 τῶν
2492 4478 2690 4549 ἰχθύων
2716 4476 2823 4531 τῶν
2847 4474 3080 4542 ἀλόγων,
3107 4470 3247 4524 ὥστε
3268 4466 3364 4522 τοῦ
3390 4465 3587 4556 ἀλόγου
3613 4463 3721 4517 πά-

449 4569 765 4623 contrarios
793 4582 1013 4639 supera.
1050 4586 1068 4619 ι
1102 4565 1170 4621 Et
1190 4568 1376 4637 praesit
1406 4567 1617 4622 bestiis.
1649 4587 1668 4619 ι
1696 4566 2024 4639 lmpera'be-

2304 4573 2491 4643 ἐγένου
2538 4570 2741 4641 ἄρχων.
2768 4586 2789 4621 ι
2813 4565 2920 4622 Καὶ
2939 4564 3256 4635 ἀρχέτωσαν
3305 4558 3413 4612 τῶν
3446 4553 3676 4645 θηρίων
3698 4570 3716 4603 ι

451 4661 574 4715 stiis
608 4660 895 4724 omnibus,
917 4674 1038 4728 qua:
1065 4666 1193 4714 sunt
1225 4660 1278 4712 in
1302 4666 1375 4713 te.
1403 4658 2028 4730 Quid?inquies,egone

456 4751 512 4804 in
533 4766 619 4805 me
637 4751 757 4819 ipso
786 4749 991 4805 bestias
1017 4750 1227 4803 habeo?
1251 4749 1332 4805 Tu
1360 4764 1493 4804 vero
1523 4750 1733 4804 bestias
1759 4749 1951 4814 habes,
1972 4758 2028 4805 et

450 4857 548 4897 eas
567 4839 788 4911 quidem
809 4840 1258 4906 innumerabiles,
1290 4838 1524 4909 plurima
1548 4839 1601 4893 in
1628 4847 1681 4894 te
1708 4847 1793 4894 est
1821 4839 2027 4894 bestia-

454 4950 577 4988 tum
595 4932 913 4986 multitudo.
935 4933 1011 4985 Ac
1027 4947 1094 4986 ne
1114 4947 1199 4985 me
1222 4931 1686 4987 contumeliosum
1713 4932 2020 4996 existimes,

453 5022 562 5087 die,
597 5020 814 5084 amabo,
843 5034 1081 5091 parvane
1112 5020 1285 5075 bestia
1332 5027 1418 5077 est
1474 5019 1779 5088 iracundia,
1811 5020 2030 5091 quando

452 5114 617 5169 latrat
646 5114 700 5168 in
737 5113 902 5169 corde
931 5121 1026 5168 tuo
1047 5113 1265 5189 inoune
1290 5128 1355 5169 ea
1400 5120 1486 5170 est
1514 5113 1711 5184 quovis
1743 5128 1881 5170 cane
1906 5129 2031 5169 cru-

451 5207 940 5275 tlclior?Qttid?in
980 5205 1181 5261 callido
1219 5207 1400 5262 animo
1452 5213 1547 5261 tuo
1574 5206 1735 5261 dolus
1778 5206 2026 5271 latitans,

454 5315 634 5354 nonne
663 5297 860 5368 quovis
889 5304 1018 5353 drso
1068 5297 1417 5355 fraudulento
1452 5297 1650 5352 savior
1688 5297 1814 5352 est?
1855 5296 2030 5364 Quid?

453 5405 632 5445 nonne
664 5391 776 5446 fera
825 5399 910 5446 est
940 5391 1246 5462 hypocrisis
1289 5391 1374 5444 vel
1435 5389 1877 5444 immanissima?
1921 5389 2028 5456 Qui

453 5489 635 5535 autem
667 5481 870 5551 impetu
901 5483 1114 5553 rapitur
1133 5482 1201 5536 ad
1225 5480 1643 5547 contumeliam,
1672 5494 1856 5536 nonne
1877 5497 2029 5537 scor-

454 5573 577 5639 pius
600 5573 721 5628 est‘l
781 5572 883 5639 Qui
918 5588 1163 5646 praeceps
1207 5573 1276 5628 ad
1319 5572 1611 5627 vindictam
1661 5571 2029 5645 ultionemque

454 5662 650 5726 fertur,
686 5680 866 5719 nonne
893 5674 978 5721 est
1000 5668 1184 5738 vipera
1223 5664 1596 5738 gravissima?
1646 5662 1786 5730 Quid
1821 5681 2024 5722 avarus

459 5754 612 5824 ipse?
634 5768 811 5810 nonne
838 5755 998 5825 lupus
1031 5768 1115 5814 est
1149 5756 1580 5829 rapacissimus?
1605 5755 1763 5810 Nulla
1785 5756 1839 5811 in
1866 5759 2025 5814 nobis

458 5849 567 5905 tera
603 5863 711 5901 non
746 5848 1039 5905 invenitur.
1097 5849 1202 5917 Qui
1244 5849 1568 5905 feminarum
1620 5849 1899 5906 amoribus
1940 5852 2027 5906 in-

2132 4666 2331 4731 παντδς
2358 4664 2546 4735 θηρίου
2578 4662 2785 4733 ἄρχεις.
2814 4657 2879 4709 Τί
2916 4651 3008 4709 οὖν
3029 4669 3046 4720 ;
3069 4655 3227 4728 ἐρεῖς·
3278 4649 3384 4720 ἐγὼ
3422 4646 3588 4719 θηρία
3610 4644 3725 4715 ἔχω

2131 4764 2188 4814 ὲν
2219 4756 2477 4829 ὲμαυτῷ;
2514 4754 2625 4807 Ka‘t
2658 4752 2846 4823 μυρία,
2882 4748 2976 4802 καὶ
3019 4746 3189 4800 πολὺν
3226 4743 3382 4829 ὄχλον
3410 4744 3467 4829 ὲν
3489 4737 3723 4829 *σεαυτῷ

2131 4826 2334 4917 θηρίων
2357 4826 2488 4915 ἔχει.
2557 4842 2666 4894 Καὶ
2693 4839 2768 4911 μὴ
2794 4836 2951 4909 ὓϐριν
2973 4834 3203 4907 νομίσῃς
3232 4827 3371 4884 εἶναι
3400 4827 3465 4881 τὸ
3489 4826 3724 4895 λεγόμε-

2131 4955 2241 5003 νον,
2294 4935 2489 5009 μικρὸν
2518 4934 2707 5004 θηρίον
2754 4931 2902 4985 ἐστὶν
2930 4931 2959 4982 ὁ
2998 4926 3190 4999 θυμὸς,
3231 4926 3359 4978 ὅταν
3404 4919 3617 5009 ὑλακτῇ

2130 5007 2365 5099 καρδίῃ
2400 5007 2563 5088 κυνὸς
2599 5022 2797 5084 παντὸς
2840 5021 2940 5074 οὐκ
2977 5017 3125 5071 ἐστιν
3152 5012 3523 5085 άγριώτερος;
3556 5008 3637 5078 Τῇ
3665 5007 3722 5061 δὲ

2130 5119 2321 5191 δολερᾷ
2348 5117 2491 5188 ψυχῇ
2514 5116 2541 5167 ὁ
2564 5114 2712 5177 δόλος
2743 5110 3077 5183 ὲμφωλεύων
3102 5107 3306 5180 ἄρκτου
3330 5103 3510 5173 πάσης
3537 5099 3712 5169 φωλά·

2131 5213 2218 5275 δος
2243 5213 2342 5265 οὐκ
2372 5210 2485 5264 ἐστι
2515 5204 3001 5279 δυσημερώτερος;
3033 5203 3147 5255 υύκ
3169 5199 3282 5252 ἐστι
3308 5196 3497 5268 θηρίον
3525 5196 3559 5265 ἡ
3590 5191 3719 5247 ὑπόσ

2131 5318 2342 5372 κρισις;
2396 5299 2454 5352 Ὁ
2481 5298 2537 5352 δὲ
2573 5297 2699 5364 ὀξὺς
2730 5298 2810 5358 είς
2851 5293 3037 5364 ὕϐρεις
3085 5289 3346 5361 σκορπίος
3391 5286 3492 5339 οὐκ
3532 5283 3716 5348 ἔστξνς

2142 5387 2203 5446 Ὀ
2230 5393 2288 5446 δὲ
2310 5392 2484 5463 λάθρα
2504 5393 2583 5455 εἰς
2607 5392 2823 5460 ἄμυναν
2848 5386 3057 5458 ὁρμῶν,
3083 5383 3295 5456 ἐχίδνης
3334 5380 3435 5433 οὐκ
3464 5378 3581 5431 ἔστι
3619 5394 3718 5447 χα-

2130 5484 2463 5555 λεπώτερος;
2496 5484 2557 5536 '0
2580 5482 2638 5535 δὲ
2663 5481 3011 5549 πλεονέκτης,
3035 5477 3137 5530 οὐκ
3162 5474 3276 5527 ἐστι
3301 5472 3465 5532 λύκος
3495 5469 3713 5541 ἆρπαξς

2131 5575 2288 5628 Ποῖον
2318 5573 2504 5644 θηρίον
2536 5574 2593 5626 έν
2625 5573 2757 5643 ἡμῖν
2794 5570 2894 5622 οὐκ
2923 5567 3070 5621 ἔστιν
3097 5582 3113 5633 ;
3160 5565 3220 5617 '0
3266 5560 3585 5632 θηλυμανὴς
3614 5560 3715 5613 οὐκ

2130 5668 2276 5721 ἔστιν
2304 5667 2467 5729 ἵππος
2502 5663 2959 5735 ὲπιμαινόμενοςς
2988 5660 3173 5713 Ἶπποι
3204 5657 3334 5727 γὰρ,
3364 5654 3518 5725 φησὶ,
3553 5651 3716 5722 θηλυ-

2136 5762 2327 5830 μανείς
2372 5755 2728 5828 ἐγενήθησαν,
2767 5755 2995 5816 ἕκαστος
3048 5751 3140 5804 ἐπὶ
3190 5749 3290 5820 τὴν
3339 5746 3576 5817 γυναῖκα
3617 5741 3712 5795 τοῦ

2132 5850 2358 5921 πλησίον
2415 5845 2580 5902 αὑτοῦ
2637 5846 2975 5918 ἐχρεμέτιζε.
3029 5839 3345 5911 Μετέθηκεν
3402 5834 3567 5890 αὐτὸν
3617 5832 3708 5887 ἐπὶ
