3890 6364
232 418 325 473 277

988 420 1054 475 lN
1096 422 1355 491 venas,
1399 422 1776 480 FACIAMUS

1928 424 2208 492 ΜΙΝΕΜ,
2254 427 2427 495 ETC.,
2461 428 2668 486 ORAT.
2713 430 2771 485 ll.

3383 426 3489 482 278

238 536 320 608 τὴν
364 534 474 589 τῶν
531 536 750 604 ἀλόγων
804 536 982 605 φύσιν,
1019 539 1109 592 διὰ
1158 540 1253 593 τοῦ
1311 540 1513 604 πάθους
1562 535 1607 609 ᾧ
1655 559 1816 613 προσ-

1923 544 2166 610 saniunt,
2200 560 2380 600 nonne
2409 544 2603 601 furiosi
2637 554 2764 602 sunt
2802 546 2972 615 equi?
3008 544 3145 614 Equi
3193 553 3485 611 amatores,

239 624 496 697 ῳκειώθη.
544 627 726 681 Πολλὰ
764 622 856 681 οὖν
883 627 1047 698 θηρία
1090 632 1149 683 ὲν
1177 632 1328 701 ἡμῖνζ
1373 631 1590 699 Ἐγένου
1637 633 1815 687 τοίνυν

242 720 408 790 ἄρχων
437 717 670 789 θηρίων,
706 720 754 772 εί
785 718 891 773 τῶν
920 720 1024 786 ἔξω
1051 720 1239 792 ἄρχεις
1258 761 1272 784 ,
1314 723 1381 776 τά
1410 723 1466 776 δὲ
1498 723 1644 777 ἔνδον
1677 724 1812 778 ἀδα-

242 811 445 865 σίλευτα
476 811 861 881 καταλείψεις;
893 807 1018 876 Dio;
1039 812 1136 885 ἔσῃ
1163 814 1240 884 τῷ
1269 815 1683 886 λογισμῷ,κατά
1713 816 1808 869 τοῦ

238 900 437 965 λέοντος
470 901 569 971 μὲν
597 900 807 972 φρονῶν
839 902 932 957 καὶ
965 902 1320 973 καταφρονῶν
1354 905 1517 958 αὐτοῦ
1551 904 1645 958 τοῦ
1684 905 1807 976 βρυ-

241 990 493 1059 χήματος,
517 990 694 1060 πρίων
722 990 777 1043 δὲ
801 991 925 1053 τοὺς
957 990 1172 1055 ὀδόντας
1196 994 1290 1046 καὶ
1317 994 1415 1063 τὴν
1447 995 1628 1066 φωνὴν
1649 996 1812 1066 ἄναρ-

241 1080 362 1151 θρον
392 1081 569 1149 ἀφεὶς,
609 1081 702 1134 τοῦ
751 1080 922 1151 θυμοῦ
958 1080 1105 1136 ἔνδον
1150 1081 1271 1138 ὅλου
1314 1083 1451 1154 ὁμοῦ
1486 1089 1814 1156 προσπεσεῖν

241 1173 695 1241 φιλονεικοῦντος
728 1173 793 1225 Τί
826 1173 1015 1228 τούτου
1057 1174 1454 1246 χαλεπώτερον,
1489 1176 1610 1229 οὐδὲ
1643 1194 1812 1231 κατα-

245 1261 417 1333 μένειν
453 1261 602 1315 ἔνδον
622 1258 1060 1334 συγχωροῦντος,
1099 1266 1227 1318 ὅταν
1264 1265 1548 1335 ἄνθρωπος
1588 1267 1692 1320 ὑπὸ
1718 1265 1813 1320 τοῦ

243 1354 440 1418 πάθους
467 1354 713 1438 κρατηθῇ
743 1369 759 1382 ·
791 1355 968 1413 ὅτοινό
998 1354 1167 1425 θυμὸς
1208 1359 1297 1413 τὸν
1319 1359 1570 1432 λογισμὸν
1583 1355 1830 1425 παρωσά-

246 1458 394 1514 μενος
416 1486 432 1511 ,
490 1444 651 1507 αὐτὸς
677 1444 776 1515 τὴν
807 1445 1122 1499 δυναστείαν
1150 1445 1250 1516 τῆς
1279 1443 1458 1515 ψυχῆς
1486 1445 1812 1516 παραλάϐῃς

246 1537 457 1608 Ἄρχων
485 1538 663 1595 τοίνυν
691 1537 965 1609 ἐκτίσθης,
1019 1539 1203 1609 ἄρχων
1248 1537 1457 1602 παθῶν,
1506 1539 1689 1609 ἄρχων
1722 1538 1818 1609 θη-

247 1629 391 1700 ρίων,
438 1629 619 1701 ἄρχων
649 1629 917 1701 ἑρπετῶν,
967 1630 1151 1701 ἄρχων
1198 1631 1435 1700 πτηνῶν.
1470 1631 1624 1701 Μήτε
1672 1628 1818 1698 λογι-

243 1723 408 1793 σμοὺς
454 1722 544 1792 ἔχε
601 1722 1042 1793 μετεωροπόρους
1068 1761 1084 1787 ,
1135 1723 1269 1793 μηδὲ
1316 1721 1519 1792 κοῦφος
1571 1722 1664 1776 έσο
1719 1723 1815 1776 καὶ

242 1813 467 1876 ἄστατος
499 1815 567 1883 τῇ
599 1813 824 1884 διανοίᾳ.
856 1813 1082 1885 Πτηνῶν
1117 1813 1304 1884 ἄρχειν
1341 1813 1587 1885 ὲκρίθης·
1617 1814 1817 1875 ἄτοπος

1917 636 2114 705 inquit,
2144 645 2198 692 et
2222 638 2491 692 emissarii
2527 637 2656 692 facti
2682 646 2834 705 sunt,
2855 638 3233 707 unusquisque
3255 636 3320 691 ad
3357 652 3494 691 uxo-

1916 738 2032 777 rem
2066 725 2299 795 proximi
2356 725 2443 780 sui
2501 725 2805 780 hinniebat.
2866 725 2956 780 Sic
3002 726 3060 780 in
3095 725 3327 794 alicujus
3366 726 3494 779 fer.»

1916 822 2165 868 naturam
2197 815 2431 884 quisque
2476 815 2843 879 convertitur,
2886 822 3048 886 prout
3096 814 3282 883 aliquo
3324 815 3490 867 animi

1918 904 2048 958 vitio
2073 906 2589 975 perturbationeque
2618 906 2877 961 vincitur.
2914 905 2988 959 Ex
3023 922 3132 975 quo
3182 905 3260 969 lit,
3314 913 3373 959 ut
3411 904 3491 958 in-

1917 997 2286 1052 numerabiles
2336 999 2394 1052 in
2452 1000 2612 1053 nobis
2653 998 2763 1053 sint
2810 999 2953 1053 forte.
2992 998 3181 1052 Credis
3238 997 3403 1065 igitur
3443 1006 3493 1050 te

1919 1089 2155 1144 ferarum
2183 1104 2305 1145 esse
2333 1089 2638 1156 dominum,
2675 1105 2739 1144 ac
2771 1090 3096 1161 principem,
3145 1088 3191 1143 si
3229 1088 3492 1156 illis,qua:

1917 1180 2052 1236 foris
2080 1180 2229 1247 sunt,
2260 1182 2518 1252 imperes,
2560 1196 2653 1238 eas
2688 1190 2869 1237 autem
2907 1196 3027 1252 quae
3072 1182 3219 1235 intus
3270 1193 3493 1233 versan—

1917 1274 2025 1332 tur,
2058 1284 2168 1323 non
2198 1268 2391 1325 domes
2419 1283 2484 1325 ac
2518 1271 2721 1339 regas?
2758 1269 3033 1336 Quorsum
3063 1269 3160 1324 tibi
3194 1270 3354 1332 ratio,
3384 1285 3490 1335 qua

1919 1357 2101 1415 leones
2125 1359 2309 1429 vincis,
2348 1375 2646 1431 eorumque
2686 1343 2962 1416 fremitum
3002 1376 3111 1415 non
3143 1358 3490 1421 reformidas.

1920 1463 2043 1503 cum
2080 1450 2197 1519 ipse
2223 1449 2482 1508 dentibus
2510 1452 2731 1511 frendas
2773 1462 2832 1510 ut
2862 1455 2966 1522 leo,
2999 1465 3053 1511 et
3081 1451 3493 1524 praeiracundia

1920 1555 2108 1595 vocem
2142 1542 2451 1611 confusam,
2489 1553 2545 1600 et
2586 1547 2962 1616 perturbatum
2994 1546 3294 1600 clamorem
3340 1544 3495 1600 emit-

1921 1631 2039 1686 tas?
2083 1631 2226 1698 Quid
2258 1637 2404 1690 enim
2445 1638 2690 1704 gravius,
2745 1644 2840 1691 aut
2888 1637 3139 1693 acerbius
3177 1646 3281 1699 est,
3330 1650 3491 1705 quam

1919 1722 2367 1779 cumiracundiae
2418 1724 2572 1779 l‘uror
2593 1734 2742 1782 totus
2792 1742 3083 1797 erumpere
3129 1727 3345 1792 nititur,
3398 1741 3495 1779 nec

1921 1810 2069 1867 intus
2100 1813 2212 1868 ullo
2252 1814 2412 1868 modo
2437 1816 2709 1870 conzineri
2752 1817 2965 1885 potest?
3020 1817 3157 1871 Cum
3210 1816 3278 1871 ab
3310 1810 3495 1885 aliqua
3550 1841 3555 1845 -

242 1901 294 1957 εί
313 1903 379 1957 τὰ
411 1904 508 1974 μὲν
533 1905 802 1973 πετόμενα
831 1904 924 1975 ἰξῷ
949 1904 1322 1969 καταϐάλλων,
1352 1904 1513 1968 αὐτὸς
1539 1904 1595 1957 δὲ
1617 1903 1816 1974 κοῦφος

1922 1903 2326 1971 perturbatione
2366 1907 2545 1961 victus
2588 1914 2670 1961 est
2710 1907 2896 1969 homo,
2956 1922 3065 1961 non
3094 1906 3206 1976 jam
3232 1908 3349 1977 ipse
3391 1907 3495 1959 im-

240 1994 316 2048 ὣν
349 1995 441 2048 καὶ
479 1996 771 2065 μετέωρος.
792 1996 884 2067 Μὴ
924 1996 1202 2067 τυφωθῇς,
1246 1996 1322 2067 μὴ
1354 1996 1697 2068 ὑπεραρθῇς,
1741 1996 1815 2067 μὴ

244 2086 412 2156 μείζω
438 2086 712 2159 φρονήσῃς
740 2086 837 2156 τῆς
873 2086 1219 2158 ἀνθρωπίνης
1250 2087 1483 2158 φύσεως.
1522 2088 1613 2159 Μὴ
1647 2089 1815 2158 ὑπερ-

242 2176 409 2247 φυσοῦ
447 2177 853 2247 ἐπαινούμενος,
886 2177 962 2248 μὴ
994 2177 1182 2243 δόξαζε
1217 2179 1462 2243 σεαυτὸν,
1502 2178 1635 2250 μηδὲ
1675 2178 1816 2249 μέγα

240 2265 453 2321 τιεῖναι
475 2266 661 2338 νόμιζε
682 2270 923 2324 σεαυτόν.
949 2269 1090 2342 Ἔσῃ
1109 2269 1218 2341 γὰρ
1239 2269 1409 2334 οὕτως
1431 2272 1627 2342 πτηνὸν
1652 2271 1817 2325 ἄστα-

241 2376 351 2423 τον,
375 2360 686 2429 ἀστηρίκτῳ
704 2361 768 2429 τῇ
798 2358 956 2429 φύσει
983 2352 1084 2413 ὦδε
1118 2359 1212 2413 καὶ
1236 2352 1337 2413 ὦδε
1367 2359 1814 2432 περιφερόμενος.

243 2453 412 2522 ’Δρχε
453 2452 560 2505 τῶν
603 2453 661 2504 ὲν
705 2452 788 2510 σοὶ
839 2450 1140 2521 λογισμῶν,
1188 2451 1276 2505 ἵνα
1314 2452 1447 2522 γένῃ
1490 2453 1673 2521 ἄρχων
1710 2451 1818 2505 τῶν

238 2546 407 2598 ὄντων
444 2544 679 2597 πάντων.
727 2542 910 2605 Οὕτως
952 2545 985 2615 ἡ
1036 2542 1178 2597 κατά
1219 2544 1328 2599 τῶν
1360 2542 1514 2607 ζώων
1555 2543 1816 2614 δεδομένη

238 2635 381 2705 ἀρχὴ
415 2634 667 2704 ῥυθμίζει
701 2636 846 2705 ἡμᾶς
899 2634 1036 2704 πρὸς
1073 2634 1134 2687 τὸ
1176 2633 1334 2706 ἡμῶν
1379 2633 1558 2689 αὐτῶν
1602 2634 1812 2704 ἄρχειν.

242 2728 475 2778 Ἀτοπον
519 2725 626 2794 γάρ
669 2726 783 2777 ἐστι
813 2724 1225 2795 βασιλευόμενον
1256 2724 1395 2777 οἴκοι
1414 2766 1428 2790 ,
1458 2724 1629 2778 ἐθνῶν
1664 2724 1810 2795 βασις

238 2819 435 2872 λεύειν·
454 2818 558 2871 ὑπὸ
576 2818 798 2889 ἑταίρας
817 2816 1182 2888 κρατούμενον
1206 2817 1332 2880 ἔσω,
1355 2816 1589 2887 δημοσίᾳ
1614 2817 1817 2881 πόλεως

237 2907 379 2966 εἶναι
414 2910 742 2979 προστάτην.
785 2907 864 2960 Τὰ
901 2909 1038 2962 οἴκοι
1075 2909 1332 2979 χρήματα
1356 2908 1461 2978 χρὴ
1497 2907 1676 2971 καλῶς
1707 2908 1819 2962 διαι

236 3001 540 3070 τιθέμενον,
586 2999 680 3052 καὶ
729 2998 798 3053 τά
840 2998 986 3053 ἔνδον
1033 2997 1255 3068 εὐταξία
1299 3000 1813 3068 κατακοσμήσαντα,

233 3093 381 3148 οὕτω
424 3092 531 3146 τῶν
575 3092 749 3147 ἄλλων
794 3091 1089 3160 λαμϐάνειν
1130 3091 1231 3162 τὴν
1268 3090 1610 3143 ἐπιστασίαν.
1666 3090 1818 3142 Ἐπεὶ⁹

1918 2001 2092 2061 perat.
2133 1993 2228 2048 sed
2274 1994 2327 2048 in
2382 1996 2502 2065 ejus
2548 1997 2732 2050 animo
2780 1997 3120 2066 perturbatio
3158 1997 3491 2050 dominatur.

1916 2083 2300 2150 Quamobrem,
2328 2102 2452 2142 cum
2479 2088 2552 2142 ita
2580 2096 2801 2145 creatus
2828 2090 2926 2152 sis,
2972 2096 3032 2142 ut
3076 2089 3266 2143 bestiis
3318 2090 3493 2158 impe-

1916 2187 2024 2236 res,
2056 2181 2111 2228 et
2143 2175 2492 2244 serpentibus
2539 2183 2593 2230 et
2619 2176 2953 2243 volatilibus,
2989 2177 3495 2248 perturbationibus

1917 2266 2142 2335 impera.
2180 2265 2259 2321 Ne
2293 2268 2577 2337 permittas
2605 2269 2989 2339 cogitationem
3032 2276 3177 2321 tuam
3208 2268 3494 2322 sublimem

1916 2358 2126 2428 vagari.
2163 2356 2240 2412 Ne
2275 2359 2424 2414 sinas
2452 2360 2693 2413 animum
2727 2367 2880 2415 tuum
2911 2361 3128 2414 levitate
3176 2359 3493 2414 instabilem

1919 2449 2070 2505 ferri.
2105 2450 2296 2505 Datum
2329 2461 2414 2507 est
2446 2452 2565 2515 tibi,
2612 2461 2672 2505 ut
2702 2452 2895 2507 avibus
2925 2452 3114 2521 praesis
3153 2470 3166 2505 :
3199 2450 3495 2504 absurdum

1919 2542 2043 2609 erit,
2094 2542 2141 2596 si
2178 2543 2330 2598 visco
2362 2543 2654 2598 volitantes
2701 2544 2821 2597 illas
2853 2542 2925 2596 ita
2953 2546 3160 2611 capias,
3193 2550 3252 2594 ut
3281 2542 3395 2610 ipse
3424 2544 3499 2594 le-

1920 2634 2002 2687 vis
2029 2633 2125 2699 sis,
2157 2632 2512 2704 eﬂ'erarisque
2544 2635 2824 2704 superbia.
2870 2634 2945 2689 Ne
2973 2634 3235 2689 sublimes
3267 2631 3497 2701 spiritus
3526 2649 3531 2653 -

1922 2723 2104 2788 tollas,
2139 2738 2208 2777 ne
2236 2723 2592 2789 intumescas,
2640 2739 2711 2778 ne
2739 2724 2834 2777 tibi
2869 2724 3098 2777 nimium
3142 2722 3378 2792 placeas,
3405 2729 3497 2773 aut

1919 2813 2041 2881 plus
2073 2813 2142 2868 de
2174 2823 2225 2867 te
2279 2815 2501 2877 sentias,
2534 2828 2722 2884 quam
2756 2814 2993 2884 patiatur
3034 2813 3269 2865 humana
3303 2812 3496 2865 condi-

1922 2905 2017 2959 tio.
2050 2905 2129 2960 Ne
2158 2906 2421 2961 laudibus
2441 2906 2662 2962 inﬂatus
2692 2906 2995 2972 extollaris,
3020 2920 3084 2959 ne
3112 2912 3163 2958 te
3197 2905 3310 2974 ipse
3335 2903 3497 2972 jacti-
3527 2956 3532 2961 .

1921 3002 2023 3059 tes,
2052 3004 2146 3050 aut
2176 3012 2434 3067 magnum
2466 2996 2671 3067 aliquid
2712 3013 2834 3052 esse
2862 3007 3038 3066 putes.
3096 2995 3352 3064 Alioquin
3387 2994 3497 3048 eris

1920 3090 2206 3143 volucrum
2257 3090 2476 3153 similis,
2511 3104 2633 3159 qum
2666 3097 2862 3143 natura
2928 3089 3073 3143 leves
3101 3095 3154 3141 et
3211 3086 3499 3140 instabiles

239 3186 740 3255 περίτι-τραφήσεται
773 3182 921 3253 παρά
948 3181 1056 3236 τῶν
1086 3182 1403 3253 ἀρχομένων
1444 3183 1471 3233 ὁ
1504 3167 1678 3250 λόγος,
1719 3183 1815 3235 saw

1924 3179 2030 3234 huc
2060 3180 2188 3235 illuc
2216 3181 2439 3237 assidue
2469 3180 2740 3246 feruntur,
2792 3190 2847 3236 et
2878 3180 3128 3235 volitant.
3182 3177 3358 3232 Tuum
3389 3177 3493 3248 igi-

233 3273 529 3343 ἀκόσμητα
553 3270 691 3325 οἴκοι
721 3271 815 3324 καὶ
843 3266 1143 3325 ἀδιάτακτα
1173 3270 1271 3340 ἔχῃ
1293 3309 1307 3332 ,
1349 3270 1431 3323 ὅτι
1474 3289 1493 3322 ι
1536 3272 1707 3342 Ἰατρὲ
1732 3270 1819 3323 θε-

238 3362 515 3434 ράπευσον
541 3361 784 3415 σεαυτόν.
817 3380 838 3413 ι
895 3360 1154 3422 Ἑαυτοὺς
1183 3356 1275 3413 οὖν
1308 3360 1522 3430 πρῶτον
1554 3360 1821 3433 θεραπεύ-

237 3471 444 3525 σωμεν.
478 3453 664 3519 οὐδεὶς
704 3453 778 3523 μὴ
811 3452 1055 3523 θηράσας
1100 3451 1291 3504 λέοντα
1333 3451 1708 3524 κατεγνώσθη’
1745 3452 1820 3524 μὴ

234 3545 519 3615 κρατήσας
562 3544 618 3596 δὲ
661 3544 865 3614 θυμοῦ,
911 3542 1315 3611 καταγέλαστος
1352 3545 1536 3597 παντί.
1591 3544 1754 3596 Ὥστε
1794 3546 1821 3597 ὀ

236 3637 342 3708 μὲν
361 3635 458 3689 τοῦ
479 3636 606 3688 ἰδίου
621 3634 823 3698 πάθους
843 3635 917 3706 μὴ
934 3635 1458 3706 περιγενόμενος,είς
1479 3634 1821 3708 κατάγνωσιν

234 3728 452 3797 ἄγεται·
480 3726 579 3780 ὁδὲ
602 3726 677 3798 μὴ
696 3725 941 3796 δυνηθεὶς
961 3725 1165 3798 ἀγρίων
1188 3725 1391 3797 θηρίων
1415 3725 1817 3797 περιγενέσθαι,

232 3819 396 3875 οὔπω
446 3818 704 3890 μέμψεως
735 3816 882 3882 ἀξιον
923 3816 1239 3885 πεποιηκώς
1268 3835 1322 3870 τι
1361 3815 1630 3886 φαίνεται.
1682 3817 1741 3869 ὐ
1765 3814 1821 3870 δὲ

232 3912 601 3982 οἰκονομήσας
643 3910 919 3980 γραφῆναι
970 3908 1194 3980 Κύριος,
1239 3911 1268 3963 ὀ
1321 3910 1417 3963 καὶ
1464 3910 1564 3979 τὴν
1616 3908 1819 3980 μικρὰν

231 4005 398 4075 ἡμῶν
424 4003 520 4056 καὶ
549 4001 748 4073 ἀσθενῆ
783 4001 1033 4070 γλῶσσαν
1063 4003 1423 4073 συγχωρήσας
1456 4003 1616 4073 μέχρι
1642 4003 1822 4064 τοσού-

232 4112 333 4149 του
363 4095 492 4164 ὑμῖν
519 4093 798 4164 ὁμιλῆσαι,
822 4094 851 4145 ὁ
874 4092 963 4146 διὰ
980 4093 1078 4164 τῆς
1105 4092 1364 4157 ἀσθενοῦς
1398 4093 1554 4165 ἡμῶν
1581 4093 1820 4157 διανοίας

234 4186 514 4259 μεγάλους
548 4187 676 4256 ὑμῖν
718 4185 1029 4257 θησαυροὺς
1076 4187 1135 4239 έν
1173 4187 1285 4248 τοῖς
1327 4184 1526 4254 ὀλίγοις
1558 4186 1823 4241 ἀποσκιά-

232 4294 414 4349 σμασι
437 4279 539 4347 τῆς
568 4277 822 4349 ἀληθείας
848 4276 1265 4348 παραδηλώσας,
1291 4276 1401 4349 δῴη
1433 4278 1562 4348 ὑμῖν
1597 4279 1687 4332 διὰ
1715 4280 1821 4336 τῶν

233 4368 455 4440 μικρῶν
486 4368 555 4422 τὰ
603 4368 845 4439 μεγάλα,
878 4367 968 4421 διὰ
994 4368 1102 4422 τῶν
1130 4366 1326 4436 ὀλίγων
1372 4369 1730 4438 σπερμάτων,
1761 4370 1822 4423 τὺ

226 4460 445 4513 τέλειον
467 4459 568 4530 τῆς
596 4458 868 4527 γνώσεως,
908 4459 1002 4512 καὶ
1029 4460 1159 4529 ἡμῖν
1187 4458 1288 4528 τῆς
1329 4458 1680 4523 ἀπολαύσεως
1712 4460 1821 4517 τῶν

1923 3281 2013 3326 tur
2049 3273 2291 3328 animant
2319 3273 2624 3339 moderare,
2656 3273 2818 3343 eique
2860 3274 3084 3342 impera,
3142 3271 3187 3326 si
3224 3270 3305 3325 vis
3332 3270 3498 3324 rebus

1922 3364 2181 3419 omnibus
2210 3365 2498 3434 imperare.
2532 3364 2645 3419 Hac
2679 3366 2892 3419 ratione
2924 3364 3082 3419 nobis
3110 3364 3165 3417 in
3200 3362 3500 3417 animantia

1922 3455 2192 3511 tributum
2221 3456 2509 3526 imperium
2544 3472 2644 3511 nos
2676 3464 2885 3523 monet,
2912 3470 2975 3509 ac
3005 3454 3269 3523 disponit,
3306 3461 3366 3507 ut
3393 3452 3498 3522 ipsi

1923 3547 2081 3601 nobis
2108 3547 2459 3617 imperemus.
2497 3547 2679 3617 Turpe
2709 3548 2853 3603 enim
2907 3555 3011 3608 est,
3071 3555 3150 3607 ut,
3204 3545 3296 3615 qui
3346 3544 3492 3598 domi

1923 3652 2037 3692 sua:
2057 3653 2249 3693 servus
2265 3646 2367 3702 est,
2396 3640 2647 3708 gentibus
2679 3639 3007 3701 dominetur,
3034 3647 3086 3691 et
3111 3636 3157 3691 is
3186 3635 3501 3705 reipublicae

1923 3735 2130 3784 tractet.
2148 3729 2535 3798 gubernacula,
2586 3729 2678 3798 qui
2710 3728 2875 3783 scorti
2912 3735 3078 3781 nutus
3114 3726 3500 3793 observat,qui

1924 3819 2229 3880 meretricis
2303 3820 2537 3874 arbitrio
2603 3821 2829 3891 regitur.
2865 3808 3170 3873 Familiam
3217 3817 3497 3888 propriam

1922 3916 2139 3980 oportet
2164 3918 2311 3966 recte
2339 3911 2758 3981 gubernare,et,
2784 3926 2906 3980 quae
2939 3911 3088 3965 intus
3121 3917 3268 3975 sunt,
3286 3907 3502 3962 ratione

1923 4011 2088 4072 atque
2120 4003 2313 4058 ordine
2340 4004 2636 4073 disponere
2663 4019 2727 4058 ac
2768 4003 3064 4066 moderari,
3114 4017 3218 4055 nec
3251 4001 3308 4054 in
3363 3998 3502 4055 alios

1923 4096 2063 4149 velle
2116 4095 2408 4165 imperium
2464 4110 2744 4161 exercere,
2805 4111 2931 4151 cum
2967 4094 3108 4149 ratio
3161 4094 3250 4158 iis,
3304 4091 3504 4163 quibus

1924 4184 2195 4254 imperare
2224 4185 2405 4249 debet,
2439 4201 2563 4241 sese
2590 4186 2910 4256 subjecerit.
2943 4183 3001 4239 Si
3048 4200 3139 4239 res
3166 4192 3276 4238 tua:
3309 4183 3503 4237 dome—

1925 4278 2079 4339 stica:
2100 4277 2348 4334 confusa:
2373 4279 2813 4348 perturbataequc
2860 4286 3013 4343 sunt,
3058 4285 3118 4331 ut
3146 4277 3324 4331 bonus
3391 4287 3505 4327 me-

1924 4370 2084 4426 dicus
2102 4376 2157 4426 te
2187 4369 2542 4439 ipsum‘cura.
2560 4369 2943 4441 Nosmetipsos
2963 4371 3200 4440 primum
3220 4381 3500 4422 curemus.

1924 4462 2118 4527 Nemo,
2150 4465 2296 4534 quod
2332 4464 2545 4518 leonem
2568 4480 2680 4518 non
2706 4465 2920 4529 vicerit,
2951 4462 3379 4518 condemnatur.
3409 4459 3501 4521 At,

228 4551 404 4606 θείων
425 4551 598 4620 λόγων
626 4551 835 4624 καρπὸν
863 4552 1313 4624 πεπληρωμένον,
1341 4554 1422 4607 ὅτι
1452 4555 1601 4626 αὐτῷ
1629 4556 1663 4625 ἡ
1692 4554 1816 4620 δόξα

1927 4556 2020 4624 qui
2054 4571 2164 4610 non
2226 4553 2506 4625 superavit
2541 4554 2904 4618 iracundiam,
2958 4553 3164 4624 passim
3219 4549 3500 4605 irridetur.

224 4643 333 4698 καὶ
360 4643 425 4697 τὸ
453 4645 652 4714 κράτος
678 4644 760 4708 είς
787 4644 913 4708 τοὺς
941 4643 1144 4708 αἰῶνας
1169 4644 1276 4698 τῶν
1308 4643 1539 4702 αἰώνων.
1587 4647 1643 4698 Ἀ
1654 4648 1783 4717 μήν.

1929 4645 2035 4710 Qui
2067 4645 2575 4716 perturbationibus
2616 4661 2725 4700 non
2759 4653 2839 4701 est
2872 4644 3141 4715 superior,
3191 4641 3386 4695 merito
3419 4639 3500 4691 vi-

225 4742 573 4805 tuperatur;
615 4736 709 4805 qui
768 4751 900 4792 vero
943 4735 1087 4791 feras
1134 4737 1402 4815 immanes
1460 4752 1721 4808 superare
1771 4755 1881 4795 non
1930 4748 2148 4812 potest,
2193 4742 2344 4795 nulla
2398 4738 2825 4809 reprehensione
2883 4736 3099 4791 videtur
3170 4732 3390 4801 dignus.
3440 4728 3504 4781 Et

226 4828 358 4884 haec
399 4827 621 4898 quidem
680 4829 946 4883 hactenus
983 4827 1246 4893 Dominus
1289 4847 1303 4883 :
1357 4828 1516 4898 cujus
1555 4832 1898 4901 providentia
1927 4833 2159 4888 tactum
2193 4842 2312 4901 est,
2347 4842 2408 4888 ut
2442 4833 2559 4888 haec
2592 4832 2986 4894 scriberentur,
3019 4828 3223 4900 quique
3271 4822 3500 4878 debilem

224 4926 408 4989 atque
433 4918 774 4975 haesitantem
818 4919 1064 4990 linguam
1103 4926 1349 4975 nostram
1385 4920 1635 4990 adjuvit,
1684 4930 1743 4976 ut
1789 4938 1854 4978 ea
1897 4925 2055 4981 vobis
2098 4931 2381 4994 utcunque
2413 4924 2814 4993 explicaremus
2860 4937 2928 4978 ex
2977 4928 3181 4976 nostra:
3213 4916 3503 4986 cogitatio-

224 5012 325 5066 nis
351 5010 747 5077 imbecillitate,
774 5011 1080 5080 exiguaque
1120 4996 1376 5066 veritatis
1427 5012 1878 5082 adumbratione;
1924 5015 2130 5085 quique
2162 5030 2390 5087 magnos
2430 5015 2587 5071 vobis
2616 5014 2905 5069 thesauros
2934 5013 3193 5083 praebeat,
3222 5026 3285 5066 ex
3318 5009 3503 5079 parvis

225 5116 461 5173 magna,
503 5107 559 5156 et
605 5100 832 5158 minutis
870 5101 1175 5157 seminibus
1218 5099 1490 5171 perfectos
1528 5102 1863 5172 cognitionis
1916 5104 2131 5165 [ructus
2182 5105 2600 5171 subministret,
2666 5110 2717 5157 et
2767 5101 2928 5156 nobis
2975 5099 3231 5157 omnibus
3283 5097 3501 5150 tandem

224 5194 531 5265 largiatur,
565 5203 625 5248 ut
668 5194 978 5249 absolutum
1015 5190 1325 5246 divinorum
1365 5206 1680 5249 sermonum
1704 5191 1960 5261 .l‘ructum
2002 5193 2371 5265 percipiamus
2403 5195 2457 5247 in
2496 5192 2674 5257 caelis,
2718 5194 2806 5247 cui
2833 5190 3007 5263 gloria
3035 5197 3088 5245 et
3126 5186 3413 5257 imperium
3446 5184 3500 5240 in

225 5287 444 5359 saecula
471 5287 815 5341 saeculorum.
846 5285 1047 5341 Amen.
1540 5268 1545 5273 ’

867 5379 1089 5434 ΛΟΓΟΣ
1122 5378 1196 5432 B’.

315 5470 384 5525 '0
426 5468 527 5541 μὲν
557 5470 721 5540 σοφὸς
750 5469 1005 5542 Σολομὼν
1037 5471 1137 5523 οὐκ
1169 5472 1228 5524 ὲν
1265 5467 1471 5531 πειθοίς
1501 5467 1693 5538 σοφίας
1729 5468 1819 5521 λά·

218 5576 355 5628 τοις
381 5600 398 5625 ,
442 5558 557 5612 ἀλλ’
605 5560 663 5612 ὲν
696 5557 959 5622 διδακτοῖς
995 5558 1308 5629 Πνεύματος
1337 5556 1489 5625 ἁγίου
1521 5556 1820 5625 σοφισθεὶς,

219 5654 290 5707 ἐν
314 5653 437 5714 τοῖς
462 5649 666 5720 ἀρτίως
698 5652 831 5721 ἡμῖν
853 5651 1284 5719 ἀνεγνωσμένοις
1310 5647 1702 5718 ἀποσεμνύνων
1731 5648 1821 5703 τὸν

217 5741 531 5813 ἄνθρωπον
555 5782 571 5805 ,
600 5742 732 5796 ὲδόα
759 5742 930 5810 λέγων
959 5759 973 5773 ’
1025 5760 1044 5793 ι
1068 5740 1220 5809 Μέγα
1248 5739 1533 5810 ἄνθρωπος
1555 5778 1569 5805 ,
1607 5739 1701 5792 καὶ
1741 5740 1823 5792 τί-

223 5851 365 5904 μιον
390 5833 527 5903 ἀνὴρ
555 5834 820 5905 ἐλεήμων.
848 5853 867 5887 ν
912 5832 1054 5902 Ἐγὼ
1081 5832 1137 5886 δὲ
1165 5831 1405 5902 ματαίως
1433 5832 1552 5885 κατ’
1587 5830 1822 5901 ἐμαυτὸν

2524 5367 2786 5426 ORATIO
2837 5368 2902 5425 ll.

1996 5463 2225 5535 Sapiens
2280 5461 2373 5518 ille
2420 5461 2701 5525 Salomon,
2745 5474 2853 5521 non
2902 5459 3181 5529 sapientiae
3210 5459 3391 5517 verbis
3432 5464 3502 5519 ad

1923 5554 2266 5610 suadendum
2301 5553 2464 5623 aptis,
2507 5551 2604 5607 sed
2628 5550 2877 5605 doctrina
2902 5549 3081 5611 sancti,
3110 5548 3350 5620 Spiritus
3375 5567 3501 5608 eru-

1923 5644 2095 5711 ditus,
2142 5645 2196 5701 in
2231 5644 2319 5699 bis
2373 5658 2494 5714 quae.
2542 5642 2705 5712 paulo
2730 5648 2859 5697 ante
2908 5656 2939 5695 a
2969 5641 3130 5701 nobis
3180 5642 3320 5697 lecta
3349 5644 3500 5710 sunt,

1924 5736 2203 5791 hominem
2222 5733 2490 5789 extollens
2509 5730 2872 5799 exclamabat,
2900 5748 2921 5785 ι
2935 5729 3151 5802 Magna,
3165 5751 3182 5783 ι
3222 5732 3500 5804 inquiens.

1932 5843 2058 5884 «res
2091 5835 2174 5884 est
2207 5827 2392 5894 homo,
2429 5835 2481 5882 et
2525 5825 2806 5895 praeclara,
2853 5825 2939 5880 vir
2965 5824 3303 5882 misericors.
3333 5844 3354 5879 ι
3390 5825 3504 5898 Ego
