  <div class='ocr_page' id='page_1' title='image "/cluster/home/n/w/nwhite01/storage/ocr_20150623/44:no.1/coo.31924054869445/147.png"; bbox 0 0 3890 6352; ppageno 0'>
   <div class='ocr_carea' id='block_1_1' title="bbox 465 403 569 457">
    <p class='ocr_par' dir='ltr' id='par_1_1' title="bbox 465 403 569 457">
     <span class='ocr_line' id='line_1_1' title="bbox 465 403 569 457; baseline 0 -1"><span class='ocrx_word' id='word_1_1' title='bbox 465 403 569 457; x_wconf 77' lang='lat'><strong>279</strong></span> 
     </span>
    </p>
   </div>
   <div class='ocr_carea' id='block_1_2' title="bbox 1730 405 2485 469">
    <p class='ocr_par' dir='ltr' id='par_1_2' title="bbox 1730 405 2485 469">
     <span class='ocr_line' id='line_1_2' title="bbox 1730 405 2485 469; baseline 0.012 -9"><span class='ocrx_word' id='word_1_2' title='bbox 1730 405 1787 461; x_wconf 92' lang='lat' dir='ltr'><strong>S.</strong></span> <span class='ocrx_word' id='word_1_3' title='bbox 1830 406 2159 466; x_wconf 75' lang='lat' dir='ltr'><strong>GREGORII</strong></span> <span class='ocrx_word' id='word_1_4' title='bbox 2198 411 2485 469; x_wconf 76' lang='lat' dir='ltr'><strong>NYSSENI</strong></span> 
     </span>
    </p>
   </div>
   <div class='ocr_carea' id='block_1_3' title="bbox 3623 420 3726 474">
    <p class='ocr_par' dir='ltr' id='par_1_3' title="bbox 3623 420 3726 474">
     <span class='ocr_line' id='line_1_3' title="bbox 3623 420 3726 474; baseline -0.049 1"><span class='ocrx_word' id='word_1_5' title='bbox 3623 420 3726 474; x_wconf 69' lang='lat'><strong>280</strong></span> 
     </span>
    </p>
   </div>
   <div class='ocr_carea' id='block_1_4' title="bbox 468 514 2030 604">
    <p class='ocr_par' dir='ltr' id='par_1_4' title="bbox 468 517 2030 592">
     <span class='ocr_line' id='line_1_4' title="bbox 468 517 2030 592; baseline 0.005 -22"><span class='ocrx_word' id='word_1_6' title='bbox 468 523 649 573; x_wconf 85' lang='lat' dir='ltr'><strong>autem</strong></span> <span class='ocrx_word' id='word_1_7' title='bbox 687 517 852 573; x_wconf 87' lang='lat' dir='ltr'><strong>stulte</strong></span> <span class='ocrx_word' id='word_1_8' title='bbox 883 530 1093 570; x_wconf 90' lang='lat' dir='ltr'><strong>mecum</strong></span> <span class='ocrx_word' id='word_1_9' title='bbox 1127 518 1242 586; x_wconf 89' lang='lat' dir='ltr'><strong>ipse</strong></span> <span class='ocrx_word' id='word_1_10' title='bbox 1275 526 1558 590; x_wconf 82' lang='lat' dir='ltr'><strong>reputans,</strong></span> <span class='ocrx_word' id='word_1_11' title='bbox 1599 527 1715 575; x_wconf 89' lang='lat' dir='ltr'><strong>tum</strong></span> <span class='ocrx_word' id='word_1_12' title='bbox 1744 537 1867 592; x_wconf 72' lang='lat' dir='ltr'><strong>qua:</strong></span> <span class='ocrx_word' id='word_1_13' title='bbox 1908 523 2030 577; x_wconf 50' lang='lat' dir='ltr'><strong>mihi</strong></span> 
     </span>
    </p>
   </div>
   <div class='ocr_carea' id='block_1_5' title="bbox 2137 514 3727 604">
    <p class='ocr_par' dir='ltr' id='par_1_5' title="bbox 2147 514 3727 604">
     <span class='ocr_line' id='line_1_5' title="bbox 2147 514 3727 604; baseline 0.004 -25"><span class='ocrx_word' id='word_1_14' title='bbox 2147 528 2411 583; x_wconf 79' lang='grc' dir='ltr'><strong>ἐσκόπουν</strong></span> <span class='ocrx_word' id='word_1_15' title='bbox 2438 531 2472 584; x_wconf 75' lang='grc' dir='ltr'><strong>ὅ.</strong></span> <span class='ocrx_word' id='word_1_16' title='bbox 2493 549 2553 584; x_wconf 88' lang='grc' dir='ltr'><strong>τε</strong></span> <span class='ocrx_word' id='word_1_17' title='bbox 2585 528 2729 601; x_wconf 76' lang='grc' dir='ltr'><strong>εἶχον</strong></span> <span class='ocrx_word' id='word_1_18' title='bbox 2772 536 2829 588; x_wconf 88' lang='grc' dir='ltr'><strong>ἐν</strong></span> <span class='ocrx_word' id='word_1_19' title='bbox 2874 535 2937 602; x_wconf 79' lang='grc' dir='ltr'><strong>τῇ</strong></span> <span class='ocrx_word' id='word_1_20' title='bbox 2993 530 3231 599; x_wconf 78' lang='grc' dir='ltr'><strong>ἐμαυτοῦ</strong></span> <span class='ocrx_word' id='word_1_21' title='bbox 3262 514 3475 604; x_wconf 71' lang='grc' dir='ltr'><strong>διανοίᾳ</strong></span> <span class='ocrx_word' id='word_1_22' title='bbox 3503 572 3520 598; x_wconf 84' lang='grc'><strong>,</strong></span> <span class='ocrx_word' id='word_1_23' title='bbox 3572 531 3665 587; x_wconf 72' lang='grc' dir='ltr'><strong>καὶ</strong></span> <span class='ocrx_word' id='word_1_24' title='bbox 3690 534 3727 586; x_wconf 74' lang='lat' dir='ltr'><strong>a</strong></span> 
     </span>
    </p>
   </div>
   <div class='ocr_carea' id='block_1_6' title="bbox 465 609 2042 682">
    <p class='ocr_par' dir='ltr' id='par_1_6' title="bbox 465 609 2042 682">
     <span class='ocr_line' id='line_1_6' title="bbox 465 609 2042 682; baseline 0.006 -21"><span class='ocrx_word' id='word_1_25' title='bbox 465 611 683 663; x_wconf 83' lang='lat' dir='ltr'><strong>animus</strong></span> <span class='ocrx_word' id='word_1_26' title='bbox 712 609 1061 678; x_wconf 73' lang='lat' dir='ltr'><strong>suggerebat,</strong></span> <span class='ocrx_word' id='word_1_27' title='bbox 1092 619 1206 663; x_wconf 91' lang='lat' dir='ltr'><strong>tum</strong></span> <span class='ocrx_word' id='word_1_28' title='bbox 1240 627 1362 681; x_wconf 68' lang='lat' dir='ltr'><strong>qua:</strong></span> <span class='ocrx_word' id='word_1_29' title='bbox 1407 628 1473 667; x_wconf 82' lang='lat' dir='ltr'><strong>ex</strong></span> <span class='ocrx_word' id='word_1_30' title='bbox 1504 611 1788 682; x_wconf 84' lang='lat' dir='ltr'><strong>Scriptura</strong></span> <span class='ocrx_word' id='word_1_31' title='bbox 1836 616 2042 671; x_wconf 87' lang='lat' dir='ltr'><strong>didice-</strong></span> 
     </span>
    </p>
   </div>
   <div class='ocr_carea' id='block_1_7' title="bbox 464 699 2041 775">
    <p class='ocr_par' dir='ltr' id='par_1_7' title="bbox 464 699 2041 775">
     <span class='ocr_line' id='line_1_7' title="bbox 464 699 2041 775; baseline 0.004 -23"><span class='ocrx_word' id='word_1_32' title='bbox 464 713 603 764; x_wconf 87' lang='lat' dir='ltr'><strong>ram,</strong></span> <span class='ocrx_word' id='word_1_33' title='bbox 628 699 1069 763; x_wconf 82' lang='lat' dir='ltr'><strong>considerabam,</strong></span> <span class='ocrx_word' id='word_1_34' title='bbox 1093 716 1332 770; x_wconf 88' lang='lat' dir='ltr'><strong>quonam</strong></span> <span class='ocrx_word' id='word_1_35' title='bbox 1365 704 1528 760; x_wconf 87' lang='lat' dir='ltr'><strong>modo</strong></span> <span class='ocrx_word' id='word_1_36' title='bbox 1550 720 1755 775; x_wconf 77' lang='lat' dir='ltr'><strong>magna</strong></span> <span class='ocrx_word' id='word_1_37' title='bbox 1780 722 1869 761; x_wconf 87' lang='lat' dir='ltr'><strong>res</strong></span> <span class='ocrx_word' id='word_1_38' title='bbox 1895 717 2041 763; x_wconf 81' lang='lat' dir='ltr'><strong>esset</strong></span> 
     </span>
    </p>
   </div>
   <div class='ocr_carea' id='block_1_8' title="bbox 465 788 2040 857">
    <p class='ocr_par' dir='ltr' id='par_1_8' title="bbox 465 788 2040 857">
     <span class='ocr_line' id='line_1_8' title="bbox 465 788 2040 857; baseline 0.007 -17"><span class='ocrx_word' id='word_1_39' title='bbox 465 788 648 850; x_wconf 92' lang='lat' dir='ltr'><strong>homo,</strong></span> <span class='ocrx_word' id='word_1_40' title='bbox 699 802 823 842; x_wconf 91' lang='lat' dir='ltr'><strong>cum</strong></span> <span class='ocrx_word' id='word_1_41' title='bbox 873 790 1105 845; x_wconf 85' lang='lat' dir='ltr'><strong>mortale</strong></span> <span class='ocrx_word' id='word_1_42' title='bbox 1157 791 1229 846; x_wconf 87' lang='lat' dir='ltr'><strong>sit</strong></span> <span class='ocrx_word' id='word_1_43' title='bbox 1270 792 1494 857; x_wconf 87' lang='lat' dir='ltr'><strong>animal,</strong></span> <span class='ocrx_word' id='word_1_44' title='bbox 1550 794 2040 851; x_wconf 83' lang='lat' dir='ltr'><strong>innumerabilibus</strong></span> 
     </span>
    </p>
   </div>
   <div class='ocr_carea' id='block_1_9' title="bbox 464 879 2039 956">
    <p class='ocr_par' dir='ltr' id='par_1_9' title="bbox 464 879 2039 956">
     <span class='ocr_line' id='line_1_9' title="bbox 464 879 2039 956; baseline 0.006 -24"><span class='ocrx_word' id='word_1_45' title='bbox 464 879 761 933; x_wconf 82' lang='lat' dir='ltr'><strong>obnoxium</strong></span> <span class='ocrx_word' id='word_1_46' title='bbox 798 882 1305 949; x_wconf 86' lang='lat' dir='ltr'><strong>perturbationibus</strong></span> <span class='ocrx_word' id='word_1_47' title='bbox 1341 901 1354 936; x_wconf 88' lang='lat'><strong>:</strong></span> <span class='ocrx_word' id='word_1_48' title='bbox 1390 884 1592 955; x_wconf 86' lang='lat' dir='ltr'><strong>quippe</strong></span> <span class='ocrx_word' id='word_1_49' title='bbox 1628 886 1722 956; x_wconf 88' lang='lat' dir='ltr'><strong>qui</strong></span> <span class='ocrx_word' id='word_1_50' title='bbox 1751 902 1816 941; x_wconf 85' lang='lat' dir='ltr'><strong>ex</strong></span> <span class='ocrx_word' id='word_1_51' title='bbox 1847 901 1957 955; x_wconf 88' lang='lat' dir='ltr'><strong>quo</strong></span> <span class='ocrx_word' id='word_1_52' title='bbox 1983 888 2039 941; x_wconf 90' lang='lat' dir='ltr'><strong>in</strong></span> 
     </span>
    </p>
   </div>
   <div class='ocr_carea' id='block_1_10' title="bbox 461 972 2038 1047">
    <p class='ocr_par' dir='ltr' id='par_1_10' title="bbox 461 972 2038 1047">
     <span class='ocr_line' id='line_1_10' title="bbox 461 972 2038 1047; baseline 0.006 -22"><span class='ocrx_word' id='word_1_53' title='bbox 461 972 640 1026; x_wconf 86' lang='lat' dir='ltr'><strong>lucem</strong></span> <span class='ocrx_word' id='word_1_54' title='bbox 684 980 770 1027; x_wconf 92' lang='lat' dir='ltr'><strong>est</strong></span> <span class='ocrx_word' id='word_1_55' title='bbox 811 972 1013 1038; x_wconf 90' lang='lat' dir='ltr'><strong>editus,</strong></span> <span class='ocrx_word' id='word_1_56' title='bbox 1050 974 1117 1028; x_wconf 86' lang='lat' dir='ltr'><strong>ad</strong></span> <span class='ocrx_word' id='word_1_57' title='bbox 1168 984 1504 1033; x_wconf 85' lang='lat' dir='ltr'><strong>senectutem</strong></span> <span class='ocrx_word' id='word_1_58' title='bbox 1558 993 1728 1047; x_wconf 91' lang='lat' dir='ltr'><strong>usque</strong></span> <span class='ocrx_word' id='word_1_59' title='bbox 1778 989 2038 1047; x_wconf 85' lang='lat' dir='ltr'><strong>perpetuo</strong></span> 
     </span>
    </p>
   </div>
   <div class='ocr_carea' id='block_1_11' title="bbox 463 1061 2036 1123">
    <p class='ocr_par' dir='ltr' id='par_1_11' title="bbox 463 1061 2036 1123">
     <span class='ocr_line' id='line_1_11' title="bbox 463 1061 2036 1123; baseline 0.006 -9"><span class='ocrx_word' id='word_1_60' title='bbox 463 1061 947 1116; x_wconf 86' lang='lat' dir='ltr'><strong>innumerabilium</strong></span> <span class='ocrx_word' id='word_1_61' title='bbox 1014 1065 1394 1120; x_wconf 84' lang='lat' dir='ltr'><strong>molestiarum</strong></span> <span class='ocrx_word' id='word_1_62' title='bbox 1454 1075 1509 1122; x_wconf 89' lang='lat' dir='ltr'><strong>et</strong></span> <span class='ocrx_word' id='word_1_63' title='bbox 1564 1068 2036 1123; x_wconf 86' lang='lat' dir='ltr'><strong>incommodorum</strong></span> 
     </span>
    </p>
   </div>
   <div class='ocr_carea' id='block_1_12' title="bbox 460 1150 2033 1224">
    <p class='ocr_par' dir='ltr' id='par_1_12' title="bbox 460 1150 2033 1224">
     <span class='ocr_line' id='line_1_12' title="bbox 460 1150 2033 1224; baseline 0.003 -19"><span class='ocrx_word' id='word_1_64' title='bbox 460 1151 709 1205; x_wconf 80' lang='lat' dir='ltr'><strong>exaniine</strong></span> <span class='ocrx_word' id='word_1_65' title='bbox 723 1150 1091 1216; x_wconf 85' lang='lat' dir='ltr'><strong>coullietetur,</strong></span> <span class='ocrx_word' id='word_1_66' title='bbox 1110 1153 1177 1209; x_wconf 88' lang='lat' dir='ltr'><strong>de</strong></span> <span class='ocrx_word' id='word_1_67' title='bbox 1193 1168 1303 1224; x_wconf 92' lang='lat' dir='ltr'><strong>quo</strong></span> <span class='ocrx_word' id='word_1_68' title='bbox 1319 1154 1589 1224; x_wconf 90' lang='lat' dir='ltr'><strong>scriptum</strong></span> <span class='ocrx_word' id='word_1_69' title='bbox 1605 1161 1689 1209; x_wconf 90' lang='lat' dir='ltr'><strong>est</strong></span> <span class='ocrx_word' id='word_1_70' title='bbox 1710 1172 1721 1206; x_wconf 91' lang='lat'><strong>:</strong></span> <span class='ocrx_word' id='word_1_71' title='bbox 1746 1172 1765 1203; x_wconf 72' lang='grc' dir='ltr'>ε</span> <span class='ocrx_word' id='word_1_72' title='bbox 1785 1153 2033 1219; x_wconf 84' lang='lat' dir='ltr'><strong>Domine,</strong></span> 
     </span>
    </p>
   </div>
   <div class='ocr_carea' id='block_1_13' title="bbox 457 1242 2036 1315">
    <p class='ocr_par' dir='ltr' id='par_1_13' title="bbox 457 1242 2036 1315">
     <span class='ocr_line' id='line_1_13' title="bbox 457 1242 2036 1315; baseline 0.004 -20"><span class='ocrx_word' id='word_1_73' title='bbox 457 1242 585 1311; x_wconf 84' lang='lat' dir='ltr'><strong>quid</strong></span> <span class='ocrx_word' id='word_1_74' title='bbox 634 1251 719 1297; x_wconf 89' lang='lat' dir='ltr'><strong>est</strong></span> <span class='ocrx_word' id='word_1_75' title='bbox 767 1242 949 1307; x_wconf 89' lang='lat' dir='ltr'><strong>homo,</strong></span> <span class='ocrx_word' id='word_1_76' title='bbox 996 1248 1142 1315; x_wconf 89' lang='lat' dir='ltr'><strong>quod</strong></span> <span class='ocrx_word' id='word_1_77' title='bbox 1186 1261 1399 1300; x_wconf 90' lang='lat' dir='ltr'><strong>memor</strong></span> <span class='ocrx_word' id='word_1_78' title='bbox 1439 1262 1499 1301; x_wconf 83' lang='lat' dir='ltr'><strong>es</strong></span> <span class='ocrx_word' id='word_1_79' title='bbox 1524 1247 1666 1314; x_wconf 84' lang='lat' dir='ltr'><strong>ejus,</strong></span> <span class='ocrx_word' id='word_1_80' title='bbox 1767 1255 1861 1300; x_wconf 90' lang='lat' dir='ltr'><strong>aut</strong></span> <span class='ocrx_word' id='word_1_81' title='bbox 1891 1246 2036 1301; x_wconf 79' lang='lat' dir='ltr'><strong>illius</strong></span> 
     </span>
    </p>
   </div>
   <div class='ocr_carea' id='block_1_14' title="bbox 456 1335 2036 1408">
    <p class='ocr_par' dir='ltr' id='par_1_14' title="bbox 456 1335 2036 1408">
     <span class='ocr_line' id='line_1_14' title="bbox 456 1335 2036 1408; baseline 0.003 -21"><span class='ocrx_word' id='word_1_82' title='bbox 456 1335 717 1399; x_wconf 86' lang='lat' dir='ltr'><strong>hominis,</strong></span> <span class='ocrx_word' id='word_1_83' title='bbox 762 1338 887 1405; x_wconf 83' lang='lat' dir='ltr'><strong>quia</strong></span> <span class='ocrx_word' id='word_1_84' title='bbox 923 1346 1145 1408; x_wconf 83' lang='lat' dir='ltr'><strong>reputas</strong></span> <span class='ocrx_word' id='word_1_85' title='bbox 1172 1338 1330 1392; x_wconf 88' lang='lat' dir='ltr'><strong>eum?</strong></span> <span class='ocrx_word' id='word_1_86' title='bbox 1351 1355 1369 1387; x_wconf 73' lang='grc' dir='ltr'><strong>ι</strong></span> <span class='ocrx_word' id='word_1_87' title='bbox 1401 1337 1570 1392; x_wconf 89' lang='lat' dir='ltr'><strong>David</strong></span> <span class='ocrx_word' id='word_1_88' title='bbox 1606 1347 1663 1391; x_wconf 90' lang='lat' dir='ltr'><strong>ut</strong></span> <span class='ocrx_word' id='word_1_89' title='bbox 1696 1337 1899 1392; x_wconf 86' lang='lat' dir='ltr'><strong>animal</strong></span> <span class='ocrx_word' id='word_1_90' title='bbox 1930 1339 2036 1392; x_wconf 84' lang='lat' dir='ltr'><strong>vile</strong></span> 
     </span>
    </p>
   </div>
   <div class='ocr_carea' id='block_1_15' title="bbox 454 1425 2036 1498">
    <p class='ocr_par' dir='ltr' id='par_1_15' title="bbox 454 1425 2036 1498">
     <span class='ocr_line' id='line_1_15' title="bbox 454 1425 2036 1498; baseline 0.002 -20"><span class='ocrx_word' id='word_1_91' title='bbox 454 1425 688 1495; x_wconf 84' lang='lat' dir='ltr'><strong>despicit</strong></span> <span class='ocrx_word' id='word_1_92' title='bbox 738 1425 1036 1491; x_wconf 88' lang='lat' dir='ltr'><strong>hominem,</strong></span> <span class='ocrx_word' id='word_1_93' title='bbox 1073 1442 1237 1497; x_wconf 89' lang='lat' dir='ltr'><strong>quem</strong></span> <span class='ocrx_word' id='word_1_94' title='bbox 1293 1426 1553 1482; x_wconf 87' lang='lat' dir='ltr'><strong>Salomon</strong></span> <span class='ocrx_word' id='word_1_95' title='bbox 1586 1434 1645 1481; x_wconf 92' lang='lat' dir='ltr'><strong>ut</strong></span> <span class='ocrx_word' id='word_1_96' title='bbox 1675 1442 1930 1498; x_wconf 78' lang='lat' dir='ltr'><strong>magnum</strong></span> <span class='ocrx_word' id='word_1_97' title='bbox 1983 1436 2036 1483; x_wconf 89' lang='lat' dir='ltr'><strong>et</strong></span> 
     </span>
    </p>
   </div>
   <div class='ocr_carea' id='block_1_16' title="bbox 454 1519 2034 1590">
    <p class='ocr_par' dir='ltr' id='par_1_16' title="bbox 454 1519 2034 1590">
     <span class='ocr_line' id='line_1_16' title="bbox 454 1519 2034 1590; baseline 0.003 -20"><span class='ocrx_word' id='word_1_98' title='bbox 454 1522 778 1586; x_wconf 68' lang='lat' dir='ltr'><strong>praeclarum</strong></span> <span class='ocrx_word' id='word_1_99' title='bbox 828 1520 957 1590; x_wconf 88' lang='lat' dir='ltr'><strong>quid</strong></span> <span class='ocrx_word' id='word_1_100' title='bbox 1005 1519 1159 1575; x_wconf 73' lang='lat' dir='ltr'><strong>effert</strong></span> <span class='ocrx_word' id='word_1_101' title='bbox 1200 1527 1255 1575; x_wconf 85' lang='lat' dir='ltr'><strong>et</strong></span> <span class='ocrx_word' id='word_1_102' title='bbox 1293 1519 1664 1577; x_wconf 86' lang='lat' dir='ltr'><strong>commendat.</strong></span> <span class='ocrx_word' id='word_1_103' title='bbox 1704 1521 1857 1574; x_wconf 80' lang='lat' dir='ltr'><strong>Hanc</strong></span> <span class='ocrx_word' id='word_1_104' title='bbox 1901 1520 2034 1574; x_wconf 89' lang='lat' dir='ltr'><strong>mihi</strong></span> 
     </span>
    </p>
   </div>
   <div class='ocr_carea' id='block_1_17' title="bbox 456 1610 2033 1682">
    <p class='ocr_par' dir='ltr' id='par_1_17' title="bbox 456 1610 2033 1682">
     <span class='ocr_line' id='line_1_17' title="bbox 456 1610 2033 1682; baseline 0.003 -21"><span class='ocrx_word' id='word_1_105' title='bbox 456 1610 855 1665; x_wconf 81' lang='lat' dir='ltr'><strong>dubitationem</strong></span> <span class='ocrx_word' id='word_1_106' title='bbox 891 1610 1083 1665; x_wconf 85' lang='lat' dir='ltr'><strong>adimit</strong></span> <span class='ocrx_word' id='word_1_107' title='bbox 1120 1612 1371 1677; x_wconf 85' lang='lat' dir='ltr'><strong>historia,</strong></span> <span class='ocrx_word' id='word_1_108' title='bbox 1396 1628 1519 1682; x_wconf 70' lang='lat' dir='ltr'><strong>qua:</strong></span> <span class='ocrx_word' id='word_1_109' title='bbox 1543 1611 1611 1667; x_wconf 94' lang='lat' dir='ltr'><strong>de</strong></span> <span class='ocrx_word' id='word_1_110' title='bbox 1644 1612 1884 1667; x_wconf 87' lang='lat' dir='ltr'><strong>hominis</strong></span> <span class='ocrx_word' id='word_1_111' title='bbox 1910 1624 2033 1667; x_wconf 89' lang='lat' dir='ltr'><strong>ortu</strong></span> 
     </span>
    </p>
   </div>
   <div class='ocr_carea' id='block_1_18' title="bbox 459 1700 2036 1772">
    <p class='ocr_par' dir='ltr' id='par_1_18' title="bbox 459 1700 2036 1772">
     <span class='ocr_line' id='line_1_18' title="bbox 459 1700 2036 1772; baseline 0.003 -19"><span class='ocrx_word' id='word_1_112' title='bbox 459 1701 675 1771; x_wconf 80' lang='lat' dir='ltr'><strong>legitur.</strong></span> <span class='ocrx_word' id='word_1_113' title='bbox 709 1700 864 1757; x_wconf 86' lang='lat' dir='ltr'><strong>Nunc</strong></span> <span class='ocrx_word' id='word_1_114' title='bbox 893 1703 1037 1758; x_wconf 89' lang='lat' dir='ltr'><strong>enim</strong></span> <span class='ocrx_word' id='word_1_115' title='bbox 1080 1702 1393 1759; x_wconf 87' lang='lat' dir='ltr'><strong>audivimus</strong></span> <span class='ocrx_word' id='word_1_116' title='bbox 1455 1703 1624 1757; x_wconf 89' lang='lat' dir='ltr'><strong>Deum</strong></span> <span class='ocrx_word' id='word_1_117' title='bbox 1661 1703 1940 1772; x_wconf 84' lang='lat' dir='ltr'><strong>accepisse</strong></span> <span class='ocrx_word' id='word_1_118' title='bbox 1968 1702 2036 1758; x_wconf 88' lang='lat' dir='ltr'><strong>de</strong></span> 
     </span>
    </p>
   </div>
   <div class='ocr_carea' id='block_1_19' title="bbox 454 1792 2035 1864">
    <p class='ocr_par' dir='ltr' id='par_1_19' title="bbox 454 1792 2035 1864">
     <span class='ocr_line' id='line_1_19' title="bbox 454 1792 2035 1864; baseline 0 -18"><span class='ocrx_word' id='word_1_119' title='bbox 454 1792 587 1847; x_wconf 90' lang='lat' dir='ltr'><strong>limo</strong></span> <span class='ocrx_word' id='word_1_120' title='bbox 619 1802 795 1860; x_wconf 70' lang='lat' dir='ltr'><strong>teri-a2,</strong></span> <span class='ocrx_word' id='word_1_121' title='bbox 838 1804 1001 1864; x_wconf 87' lang='lat' dir='ltr'><strong>atque</strong></span> <span class='ocrx_word' id='word_1_122' title='bbox 1044 1794 1318 1849; x_wconf 88' lang='lat' dir='ltr'><strong>hominem</strong></span> <span class='ocrx_word' id='word_1_123' title='bbox 1368 1793 1656 1850; x_wconf 80' lang='lat' dir='ltr'><strong>formasse.</strong></span> <span class='ocrx_word' id='word_1_124' title='bbox 1707 1792 1919 1859; x_wconf 84' lang='lat' dir='ltr'><strong>Quibus</strong></span> <span class='ocrx_word' id='word_1_125' title='bbox 1968 1807 2035 1847; x_wconf 78' lang='lat' dir='ltr'><strong>ex</strong></span> 
     </span>
    </p>
   </div>
   <div class='ocr_carea' id='block_1_20' title="bbox 453 1863 2107 1957">
    <p class='ocr_par' dir='ltr' id='par_1_20' title="bbox 453 1863 2107 1957">
     <span class='ocr_line' id='line_1_20' title="bbox 453 1863 2107 1957; baseline -0.001 -18"><span class='ocrx_word' id='word_1_126' title='bbox 453 1885 638 1940; x_wconf 80' lang='lat' dir='ltr'><strong>verbis</strong></span> <span class='ocrx_word' id='word_1_127' title='bbox 682 1898 732 1939; x_wconf 89' lang='lat' dir='ltr'><strong>et</strong></span> <span class='ocrx_word' id='word_1_128' title='bbox 784 1863 923 1939; x_wconf 86' lang='lat' dir='ltr'><strong>nihil</strong></span> <span class='ocrx_word' id='word_1_129' title='bbox 945 1896 999 1941; x_wconf 86' lang='lat' dir='ltr'><strong>et</strong></span> <span class='ocrx_word' id='word_1_130' title='bbox 1027 1901 1281 1957; x_wconf 74' lang='lat' dir='ltr'><strong>magnum</strong></span> <span class='ocrx_word' id='word_1_131' title='bbox 1313 1885 1575 1956; x_wconf 86' lang='lat' dir='ltr'><strong>quiddam</strong></span> <span class='ocrx_word' id='word_1_132' title='bbox 1600 1899 1725 1941; x_wconf 87' lang='lat' dir='ltr'><strong>esse</strong></span> <span class='ocrx_word' id='word_1_133' title='bbox 1753 1884 2031 1939; x_wconf 87' lang='lat' dir='ltr'><strong>hominem</strong></span> <span class='ocrx_word' id='word_1_134' title='bbox 2065 1863 2107 1921; x_wconf 73' lang='grc' dir='ltr'><strong>Β</strong></span> 
     </span>
    </p>
   </div>
   <div class='ocr_carea' id='block_1_21' title="bbox 453 1975 2033 2046">
    <p class='ocr_par' dir='ltr' id='par_1_21' title="bbox 453 1975 2033 2046">
     <span class='ocr_line' id='line_1_21' title="bbox 453 1975 2033 2046; baseline -0.001 -16"><span class='ocrx_word' id='word_1_135' title='bbox 453 1977 711 2031; x_wconf 81' lang='lat' dir='ltr'><strong>intellexi.</strong></span> <span class='ocrx_word' id='word_1_136' title='bbox 756 1976 814 2031; x_wconf 89' lang='lat' dir='ltr'><strong>Si</strong></span> <span class='ocrx_word' id='word_1_137' title='bbox 852 1987 1100 2031; x_wconf 87' lang='lat' dir='ltr'><strong>naturam</strong></span> <span class='ocrx_word' id='word_1_138' title='bbox 1143 1985 1358 2032; x_wconf 87' lang='lat' dir='ltr'><strong>tantum</strong></span> <span class='ocrx_word' id='word_1_139' title='bbox 1412 1976 1534 2046; x_wconf 81' lang='lat' dir='ltr'><strong>ejus</strong></span> <span class='ocrx_word' id='word_1_140' title='bbox 1584 1976 1845 2046; x_wconf 84' lang='lat' dir='ltr'><strong>aspicias,</strong></span> <span class='ocrx_word' id='word_1_141' title='bbox 1898 1975 2033 2029; x_wconf 87' lang='lat' dir='ltr'><strong>nihil</strong></span> 
     </span>
    </p>
   </div>
   <div class='ocr_carea' id='block_1_22' title="bbox 452 2063 2029 2136">
    <p class='ocr_par' dir='ltr' id='par_1_22' title="bbox 452 2063 2029 2136">
     <span class='ocr_line' id='line_1_22' title="bbox 452 2063 2029 2136; baseline -0.001 -18"><span class='ocrx_word' id='word_1_142' title='bbox 452 2073 536 2118; x_wconf 90' lang='lat' dir='ltr'><strong>est</strong></span> <span class='ocrx_word' id='word_1_143' title='bbox 568 2066 750 2132; x_wconf 91' lang='lat' dir='ltr'><strong>homo,</strong></span> <span class='ocrx_word' id='word_1_144' title='bbox 801 2075 853 2119; x_wconf 82' lang='lat' dir='ltr'><strong>et</strong></span> <span class='ocrx_word' id='word_1_145' title='bbox 888 2066 1041 2120; x_wconf 86' lang='lat' dir='ltr'><strong>nullo</strong></span> <span class='ocrx_word' id='word_1_146' title='bbox 1090 2065 1266 2135; x_wconf 87' lang='lat' dir='ltr'><strong>pretio</strong></span> <span class='ocrx_word' id='word_1_147' title='bbox 1306 2065 1506 2136; x_wconf 73' lang='lat' dir='ltr'><strong>dignus</strong></span> <span class='ocrx_word' id='word_1_148' title='bbox 1554 2085 1567 2120; x_wconf 91' lang='lat'><strong>:</strong></span> <span class='ocrx_word' id='word_1_149' title='bbox 1615 2065 1700 2118; x_wconf 87' lang='lat' dir='ltr'><strong>sin</strong></span> <span class='ocrx_word' id='word_1_150' title='bbox 1746 2063 2029 2129; x_wconf 82' lang='lat' dir='ltr'><strong>honorem,</strong></span> 
     </span>
    </p>
   </div>
   <div class='ocr_carea' id='block_1_23' title="bbox 448 2154 2033 2226">
    <p class='ocr_par' dir='ltr' id='par_1_23' title="bbox 448 2154 2033 2226">
     <span class='ocr_line' id='line_1_23' title="bbox 448 2154 2033 2226; baseline 0 -20"><span class='ocrx_word' id='word_1_151' title='bbox 448 2171 560 2226; x_wconf 86' lang='lat' dir='ltr'><strong>quo</strong></span> <span class='ocrx_word' id='word_1_152' title='bbox 597 2154 826 2211; x_wconf 88' lang='lat' dir='ltr'><strong>affectus</strong></span> <span class='ocrx_word' id='word_1_153' title='bbox 884 2167 991 2220; x_wconf 86' lang='lat' dir='ltr'><strong>est,</strong></span> <span class='ocrx_word' id='word_1_154' title='bbox 1045 2157 1385 2218; x_wconf 86' lang='lat' dir='ltr'><strong>consideres,</strong></span> <span class='ocrx_word' id='word_1_155' title='bbox 1447 2171 1644 2225; x_wconf 72' lang='lat' dir='ltr'><strong>magna</strong></span> <span class='ocrx_word' id='word_1_156' title='bbox 1686 2170 1776 2210; x_wconf 89' lang='lat' dir='ltr'><strong>res</strong></span> <span class='ocrx_word' id='word_1_157' title='bbox 1828 2164 1930 2218; x_wconf 88' lang='lat' dir='ltr'><strong>est,</strong></span> <span class='ocrx_word' id='word_1_158' title='bbox 1970 2168 2033 2206; x_wconf 90' lang='lat' dir='ltr'><strong>ac</strong></span> 
     </span>
    </p>
   </div>
   <div class='ocr_carea' id='block_1_24' title="bbox 450 2245 2030 2315">
    <p class='ocr_par' dir='ltr' id='par_1_24' title="bbox 450 2245 2030 2315">
     <span class='ocr_line' id='line_1_24' title="bbox 450 2245 2030 2315; baseline -0.001 -16"><span class='ocrx_word' id='word_1_159' title='bbox 450 2249 729 2313; x_wconf 72' lang='lat' dir='ltr'><strong>praeclara.</strong></span> <span class='ocrx_word' id='word_1_160' title='bbox 750 2247 1035 2313; x_wconf 85' lang='lat' dir='ltr'><strong>Quomodo</strong></span> <span class='ocrx_word' id='word_1_161' title='bbox 1054 2249 1272 2304; x_wconf 90' lang='lat' dir='ltr'><strong>locutus</strong></span> <span class='ocrx_word' id='word_1_162' title='bbox 1289 2258 1375 2304; x_wconf 81' lang='lat' dir='ltr'><strong>est</strong></span> <span class='ocrx_word' id='word_1_163' title='bbox 1394 2247 1575 2303; x_wconf 84' lang='lat' dir='ltr'><strong>Deus?</strong></span> <span class='ocrx_word' id='word_1_164' title='bbox 1599 2267 1617 2298; x_wconf 75' lang='grc' dir='ltr'><strong>ι</strong></span> <span class='ocrx_word' id='word_1_165' title='bbox 1638 2245 1814 2314; x_wconf 63' lang='lat' dir='ltr'><strong>Fiat,»</strong></span> <span class='ocrx_word' id='word_1_166' title='bbox 1832 2246 2030 2315; x_wconf 86' lang='lat' dir='ltr'><strong>inquit,</strong></span> 
     </span>
    </p>
   </div>
   <div class='ocr_carea' id='block_1_25' title="bbox 456 2335 2033 2408">
    <p class='ocr_par' dir='ltr' id='par_1_25' title="bbox 456 2335 2033 2408">
     <span class='ocr_line' id='line_1_25' title="bbox 456 2335 2033 2408; baseline 0 -19"><span class='ocrx_word' id='word_1_167' title='bbox 456 2358 475 2389; x_wconf 69' lang='lat' dir='ltr'><strong>r</strong></span> <span class='ocrx_word' id='word_1_168' title='bbox 499 2339 612 2401; x_wconf 76' lang='lat' dir='ltr'><strong>lux,</strong></span> <span class='ocrx_word' id='word_1_169' title='bbox 652 2346 704 2394; x_wconf 91' lang='lat' dir='ltr'><strong>et</strong></span> <span class='ocrx_word' id='word_1_170' title='bbox 738 2339 877 2393; x_wconf 77' lang='lat' dir='ltr'><strong>facta</strong></span> <span class='ocrx_word' id='word_1_171' title='bbox 912 2347 998 2394; x_wconf 90' lang='lat' dir='ltr'><strong>est</strong></span> <span class='ocrx_word' id='word_1_172' title='bbox 1023 2339 1134 2393; x_wconf 78' lang='lat' dir='ltr'><strong>lux.</strong></span> <span class='ocrx_word' id='word_1_173' title='bbox 1170 2358 1188 2390; x_wconf 73' lang='grc' dir='ltr'><strong>ι</strong></span> <span class='ocrx_word' id='word_1_174' title='bbox 1224 2337 1508 2408; x_wconf 87' lang='lat' dir='ltr'><strong>Perpende</strong></span> <span class='ocrx_word' id='word_1_175' title='bbox 1535 2337 1775 2393; x_wconf 86' lang='lat' dir='ltr'><strong>hominis</strong></span> <span class='ocrx_word' id='word_1_176' title='bbox 1807 2343 1863 2390; x_wconf 89' lang='lat' dir='ltr'><strong>et</strong></span> <span class='ocrx_word' id='word_1_177' title='bbox 1897 2335 2033 2389; x_wconf 79' lang='lat' dir='ltr'><strong>lucis</strong></span> 
     </span>
    </p>
   </div>
   <div class='ocr_carea' id='block_1_26' title="bbox 450 2431 2033 2499">
    <p class='ocr_par' dir='ltr' id='par_1_26' title="bbox 450 2431 2033 2499">
     <span class='ocr_line' id='line_1_26' title="bbox 450 2431 2033 2499; baseline 0.002 -17"><span class='ocrx_word' id='word_1_178' title='bbox 450 2431 903 2499; x_wconf 83' lang='lat' dir='ltr'><strong>procreationem.</strong></span> <span class='ocrx_word' id='word_1_179' title='bbox 947 2431 1091 2486; x_wconf 77' lang='lat' dir='ltr'><strong>Dixit</strong></span> <span class='ocrx_word' id='word_1_180' title='bbox 1117 2452 1129 2487; x_wconf 90' lang='lat'><strong>:</strong></span> <span class='ocrx_word' id='word_1_181' title='bbox 1159 2452 1176 2483; x_wconf 85' lang='grc'><strong>‹</strong></span> <span class='ocrx_word' id='word_1_182' title='bbox 1209 2431 1327 2485; x_wconf 86' lang='lat' dir='ltr'><strong>Fiat</strong></span> <span class='ocrx_word' id='word_1_183' title='bbox 1347 2432 1774 2499; x_wconf 86' lang='lat' dir='ltr'><strong>firmamentum,</strong></span> <span class='ocrx_word' id='word_1_184' title='bbox 1811 2452 1830 2485; x_wconf 77' lang='grc' dir='ltr'><strong>ι</strong></span> <span class='ocrx_word' id='word_1_185' title='bbox 1851 2440 1905 2487; x_wconf 93' lang='lat' dir='ltr'><strong>et</strong></span> <span class='ocrx_word' id='word_1_186' title='bbox 1920 2448 2033 2486; x_wconf 88' lang='lat' dir='ltr'><strong>ma-</strong></span> 
     </span>
    </p>
   </div>
   <div class='ocr_carea' id='block_1_27' title="bbox 441 2524 2033 2593">
    <p class='ocr_par' dir='ltr' id='par_1_27' title="bbox 441 2524 2033 2593">
     <span class='ocr_line' id='line_1_27' title="bbox 441 2524 2033 2593; baseline 0.003 -19"><span class='ocrx_word' id='word_1_187' title='bbox 441 2538 616 2591; x_wconf 76' lang='lat' dir='ltr'><strong>.gnum</strong></span> <span class='ocrx_word' id='word_1_188' title='bbox 636 2539 797 2593; x_wconf 85' lang='lat' dir='ltr'><strong>supra</strong></span> <span class='ocrx_word' id='word_1_189' title='bbox 815 2540 915 2580; x_wconf 88' lang='lat' dir='ltr'><strong>nos</strong></span> <span class='ocrx_word' id='word_1_190' title='bbox 931 2526 1130 2579; x_wconf 59' lang='lat' dir='ltr'><strong>caelum</strong></span> <span class='ocrx_word' id='word_1_191' title='bbox 1152 2532 1442 2580; x_wconf 76' lang='lat' dir='ltr'><strong>extensum</strong></span> <span class='ocrx_word' id='word_1_192' title='bbox 1464 2533 1568 2589; x_wconf 90' lang='lat' dir='ltr'><strong>est,</strong></span> <span class='ocrx_word' id='word_1_193' title='bbox 1595 2526 1763 2581; x_wconf 87' lang='lat' dir='ltr'><strong>verbo</strong></span> <span class='ocrx_word' id='word_1_194' title='bbox 1781 2524 1876 2581; x_wconf 90' lang='lat' dir='ltr'><strong>Dei</strong></span> <span class='ocrx_word' id='word_1_195' title='bbox 1899 2538 2033 2580; x_wconf 93' lang='lat' dir='ltr'><strong>con-</strong></span> 
     </span>
    </p>
   </div>
   <div class='ocr_carea' id='block_1_28' title="bbox 446 2610 2033 2686">
    <p class='ocr_par' dir='ltr' id='par_1_28' title="bbox 446 2610 2033 2686">
     <span class='ocr_line' id='line_1_28' title="bbox 446 2610 2033 2686; baseline 0.003 -21"><span class='ocrx_word' id='word_1_196' title='bbox 446 2610 675 2665; x_wconf 82' lang='lat' dir='ltr'><strong>feetum.</strong></span> <span class='ocrx_word' id='word_1_197' title='bbox 710 2610 774 2665; x_wconf 88' lang='lat' dir='ltr'><strong>Et</strong></span> <span class='ocrx_word' id='word_1_198' title='bbox 803 2613 992 2677; x_wconf 70' lang='lat' dir='ltr'><strong>stellte,</strong></span> <span class='ocrx_word' id='word_1_199' title='bbox 1019 2621 1074 2668; x_wconf 88' lang='lat' dir='ltr'><strong>et</strong></span> <span class='ocrx_word' id='word_1_200' title='bbox 1100 2615 1204 2681; x_wconf 89' lang='lat' dir='ltr'><strong>sol,</strong></span> <span class='ocrx_word' id='word_1_201' title='bbox 1233 2624 1287 2669; x_wconf 91' lang='lat' dir='ltr'><strong>et</strong></span> <span class='ocrx_word' id='word_1_202' title='bbox 1316 2615 1466 2679; x_wconf 86' lang='lat' dir='ltr'><strong>luna,</strong></span> <span class='ocrx_word' id='word_1_203' title='bbox 1497 2623 1550 2670; x_wconf 93' lang='lat' dir='ltr'><strong>et</strong></span> <span class='ocrx_word' id='word_1_204' title='bbox 1570 2630 1935 2686; x_wconf 86' lang='lat' dir='ltr'><strong>quascunque</strong></span> <span class='ocrx_word' id='word_1_205' title='bbox 1952 2616 2033 2670; x_wconf 89' lang='lat' dir='ltr'><strong>vel</strong></span> 
     </span>
    </p>
   </div>
   <div class='ocr_carea' id='block_1_29' title="bbox 450 2703 2035 2776">
    <p class='ocr_par' dir='ltr' id='par_1_29' title="bbox 450 2703 2035 2776">
     <span class='ocr_line' id='line_1_29' title="bbox 450 2703 2035 2776; baseline 0.004 -21"><span class='ocrx_word' id='word_1_206' title='bbox 450 2704 626 2758; x_wconf 90' lang='lat' dir='ltr'><strong>oculis</strong></span> <span class='ocrx_word' id='word_1_207' title='bbox 654 2703 953 2769; x_wconf 88' lang='lat' dir='ltr'><strong>cernimus,</strong></span> <span class='ocrx_word' id='word_1_208' title='bbox 998 2705 1083 2761; x_wconf 86' lang='lat' dir='ltr'><strong>vel</strong></span> <span class='ocrx_word' id='word_1_209' title='bbox 1123 2707 1307 2760; x_wconf 88' lang='lat' dir='ltr'><strong>animo</strong></span> <span class='ocrx_word' id='word_1_210' title='bbox 1353 2706 1879 2776; x_wconf 80' lang='lat' dir='ltr'><strong>comprehendimus</strong></span> <span class='ocrx_word' id='word_1_211' title='bbox 1919 2721 2035 2762; x_wconf 88' lang='lat' dir='ltr'><strong>ma-</strong></span> 
     </span>
    </p>
   </div>
   <div class='ocr_carea' id='block_1_30' title="bbox 450 2793 2032 2864">
    <p class='ocr_par' dir='ltr' id='par_1_30' title="bbox 450 2793 2032 2864">
     <span class='ocr_line' id='line_1_30' title="bbox 450 2793 2032 2864; baseline 0.004 -18"><span class='ocrx_word' id='word_1_212' title='bbox 450 2793 790 2864; x_wconf 81' lang='lat' dir='ltr'><strong>gnitudines,</strong></span> <span class='ocrx_word' id='word_1_213' title='bbox 822 2794 1010 2859; x_wconf 84' lang='lat' dir='ltr'><strong>verbo,</strong></span> <span class='ocrx_word' id='word_1_214' title='bbox 1045 2802 1107 2850; x_wconf 90' lang='lat' dir='ltr'><strong>ut</strong></span> <span class='ocrx_word' id='word_1_215' title='bbox 1142 2806 1353 2862; x_wconf 88' lang='lat' dir='ltr'><strong>essent,</strong></span> <span class='ocrx_word' id='word_1_216' title='bbox 1383 2806 1654 2853; x_wconf 66' lang='lat' dir='ltr'><strong>assecuta:</strong></span> <span class='ocrx_word' id='word_1_217' title='bbox 1683 2806 1833 2854; x_wconf 85' lang='lat' dir='ltr'><strong>sunt.</strong></span> <span class='ocrx_word' id='word_1_218' title='bbox 1866 2797 2032 2862; x_wconf 84' lang='lat' dir='ltr'><strong>Mare,</strong></span> 
     </span>
    </p>
   </div>
   <div class='ocr_carea' id='block_1_31' title="bbox 408 2892 2032 2954">
    <p class='ocr_par' dir='ltr' id='par_1_31' title="bbox 408 2892 2032 2954">
     <span class='ocr_line' id='line_1_31' title="bbox 408 2892 2032 2954; baseline 0.003 -13"><span class='ocrx_word' id='word_1_219' title='bbox 408 2948 413 2953; x_wconf 40' lang='grc'><strong>,</strong></span> <span class='ocrx_word' id='word_1_220' title='bbox 446 2895 505 2941; x_wconf 87' lang='lat' dir='ltr'><strong>et</strong></span> <span class='ocrx_word' id='word_1_221' title='bbox 544 2893 712 2950; x_wconf 86' lang='lat' dir='ltr'><strong>terra,</strong></span> <span class='ocrx_word' id='word_1_222' title='bbox 756 2895 812 2941; x_wconf 90' lang='lat' dir='ltr'><strong>et</strong></span> <span class='ocrx_word' id='word_1_223' title='bbox 858 2895 1085 2942; x_wconf 87' lang='lat' dir='ltr'><strong>ornatus</strong></span> <span class='ocrx_word' id='word_1_224' title='bbox 1116 2902 1327 2954; x_wconf 91' lang='lat' dir='ltr'><strong>eorum,</strong></span> <span class='ocrx_word' id='word_1_225' title='bbox 1357 2897 1468 2943; x_wconf 87' lang='lat' dir='ltr'><strong>tam</strong></span> <span class='ocrx_word' id='word_1_226' title='bbox 1492 2892 1645 2945; x_wconf 89' lang='lat' dir='ltr'><strong>varia</strong></span> <span class='ocrx_word' id='word_1_227' title='bbox 1677 2902 1789 2946; x_wconf 92' lang='lat' dir='ltr'><strong>tum</strong></span> <span class='ocrx_word' id='word_1_228' title='bbox 1818 2892 2032 2947; x_wconf 87' lang='lat' dir='ltr'><strong>anima-</strong></span> 
     </span>
    </p>
   </div>
   <div class='ocr_carea' id='block_1_32' title="bbox 447 2979 2031 3050">
    <p class='ocr_par' dir='ltr' id='par_1_32' title="bbox 447 2979 2031 3050">
     <span class='ocr_line' id='line_1_32' title="bbox 447 2979 2031 3050; baseline 0.006 -18"><span class='ocrx_word' id='word_1_229' title='bbox 447 2979 582 3032; x_wconf 88' lang='lat' dir='ltr'><strong>lium</strong></span> <span class='ocrx_word' id='word_1_230' title='bbox 610 2989 721 3034; x_wconf 91' lang='lat' dir='ltr'><strong>tum</strong></span> <span class='ocrx_word' id='word_1_231' title='bbox 745 2980 1058 3049; x_wconf 87' lang='lat' dir='ltr'><strong>plantarum</strong></span> <span class='ocrx_word' id='word_1_232' title='bbox 1081 2996 1279 3050; x_wconf 81' lang='lat' dir='ltr'><strong>genera</strong></span> <span class='ocrx_word' id='word_1_233' title='bbox 1312 2984 1477 3037; x_wconf 77' lang='lat' dir='ltr'><strong>verbo</strong></span> <span class='ocrx_word' id='word_1_234' title='bbox 1505 2984 1646 3038; x_wconf 89' lang='lat' dir='ltr'><strong>facta</strong></span> <span class='ocrx_word' id='word_1_235' title='bbox 1673 2991 1803 3038; x_wconf 88' lang='lat' dir='ltr'><strong>sunt</strong></span> <span class='ocrx_word' id='word_1_236' title='bbox 1827 2984 2031 3042; x_wconf 89' lang='lat' dir='ltr'><strong>omnia.</strong></span> 
     </span>
    </p>
   </div>
   <div class='ocr_carea' id='block_1_33' title="bbox 449 3068 2036 3142">
    <p class='ocr_par' dir='ltr' id='par_1_33' title="bbox 449 3068 2036 3142">
     <span class='ocr_line' id='line_1_33' title="bbox 449 3068 2036 3142; baseline 0.003 -18"><span class='ocrx_word' id='word_1_237' title='bbox 449 3068 628 3127; x_wconf 77' lang='grc' dir='ltr'><strong>Ποιηο</strong></span> <span class='ocrx_word' id='word_1_238' title='bbox 675 3087 913 3142; x_wconf 89' lang='lat' dir='ltr'><strong>quonam</strong></span> <span class='ocrx_word' id='word_1_239' title='bbox 962 3071 1143 3129; x_wconf 88' lang='lat' dir='ltr'><strong>factus</strong></span> <span class='ocrx_word' id='word_1_240' title='bbox 1176 3082 1260 3130; x_wconf 88' lang='lat' dir='ltr'><strong>est</strong></span> <span class='ocrx_word' id='word_1_241' title='bbox 1303 3074 1511 3131; x_wconf 84' lang='lat' dir='ltr'><strong>modo?</strong></span> <span class='ocrx_word' id='word_1_242' title='bbox 1537 3073 1658 3128; x_wconf 87' lang='lat' dir='ltr'><strong>Non</strong></span> <span class='ocrx_word' id='word_1_243' title='bbox 1690 3073 1827 3129; x_wconf 78' lang='lat' dir='ltr'><strong>dixit</strong></span> <span class='ocrx_word' id='word_1_244' title='bbox 1870 3092 1885 3129; x_wconf 92' lang='lat'><strong>:</strong></span> <span class='ocrx_word' id='word_1_245' title='bbox 1917 3074 2036 3129; x_wconf 85' lang='lat' dir='ltr'><strong>Fiat</strong></span> 
     </span>
    </p>
   </div>
   <div class='ocr_carea' id='block_1_34' title="bbox 2146 620 3727 696">
    <p class='ocr_par' dir='ltr' id='par_1_34' title="bbox 2146 620 3727 696">
     <span class='ocr_line' id='line_1_34' title="bbox 2146 620 3727 696; baseline 0.004 -25"><span class='ocrx_word' id='word_1_246' title='bbox 2146 620 2296 687; x_wconf 75' lang='grc' dir='ltr'><strong>παρὰ</strong></span> <span class='ocrx_word' id='word_1_247' title='bbox 2330 621 2430 691; x_wconf 86' lang='grc' dir='ltr'><strong>τῆς</strong></span> <span class='ocrx_word' id='word_1_248' title='bbox 2472 623 2697 694; x_wconf 79' lang='grc' dir='ltr'><strong>Γραφῆς</strong></span> <span class='ocrx_word' id='word_1_249' title='bbox 2727 622 3104 693; x_wconf 78' lang='grc' dir='ltr'><strong>δεδιδαγμένος</strong></span> <span class='ocrx_word' id='word_1_250' title='bbox 3142 625 3290 695; x_wconf 83' lang='grc' dir='ltr'><strong>ήμην</strong></span> <span class='ocrx_word' id='word_1_251' title='bbox 3337 626 3472 696; x_wconf 79' lang='grc' dir='ltr'><strong>περὶ</strong></span> <span class='ocrx_word' id='word_1_252' title='bbox 3497 624 3596 678; x_wconf 81' lang='grc' dir='ltr'><strong>τοῦ</strong></span> <span class='ocrx_word' id='word_1_253' title='bbox 3631 626 3727 678; x_wconf 79' lang='grc' dir='ltr'><strong>ἀν-</strong></span> 
     </span>
    </p>
   </div>
   <div class='ocr_carea' id='block_1_35' title="bbox 2144 705 3729 784">
    <p class='ocr_par' dir='ltr' id='par_1_35' title="bbox 2144 705 3729 784">
     <span class='ocr_line' id='line_1_35' title="bbox 2144 705 3729 784; baseline 0.005 -25"><span class='ocrx_word' id='word_1_254' title='bbox 2144 705 2383 777; x_wconf 82' lang='grc' dir='ltr'><strong>θρώπου.</strong></span> <span class='ocrx_word' id='word_1_255' title='bbox 2414 711 2585 775; x_wconf 80' lang='grc' dir='ltr'><strong>Αὐτὸς</strong></span> <span class='ocrx_word' id='word_1_256' title='bbox 2625 711 2724 782; x_wconf 78' lang='grc' dir='ltr'><strong>μὲν</strong></span> <span class='ocrx_word' id='word_1_257' title='bbox 2772 713 2883 782; x_wconf 82' lang='grc' dir='ltr'><strong>γὰρ</strong></span> <span class='ocrx_word' id='word_1_258' title='bbox 2911 712 3233 784; x_wconf 74' lang='grc' dir='ltr'><strong>ἐλογιζόμην</strong></span> <span class='ocrx_word' id='word_1_259' title='bbox 3258 753 3273 778; x_wconf 89' lang='grc'><strong>,</strong></span> <span class='ocrx_word' id='word_1_260' title='bbox 3301 714 3541 777; x_wconf 71' lang='grc' dir='ltr'><strong>ὅτιοπῶς</strong></span> <span class='ocrx_word' id='word_1_261' title='bbox 3580 715 3729 784; x_wconf 83' lang='grc' dir='ltr'><strong>μέγα</strong></span> 
     </span>
    </p>
   </div>
   <div class='ocr_carea' id='block_1_36' title="bbox 2142 795 3728 872">
    <p class='ocr_par' dir='ltr' id='par_1_36' title="bbox 2142 795 3728 872">
     <span class='ocr_line' id='line_1_36' title="bbox 2142 795 3728 872; baseline 0.006 -25"><span class='ocrx_word' id='word_1_262' title='bbox 2142 795 2460 867; x_wconf 72' lang='grc' dir='ltr'><strong>ἄνθρωπος,</strong></span> <span class='ocrx_word' id='word_1_263' title='bbox 2511 800 2572 852; x_wconf 81' lang='grc' dir='ltr'><strong>τὸ</strong></span> <span class='ocrx_word' id='word_1_264' title='bbox 2608 801 2870 871; x_wconf 76' lang='grc' dir='ltr'><strong>ἐπίκηρον</strong></span> <span class='ocrx_word' id='word_1_265' title='bbox 2905 799 3043 865; x_wconf 76' lang='grc' dir='ltr'><strong>ζῶον</strong></span> <span class='ocrx_word' id='word_1_266' title='bbox 3066 842 3081 865; x_wconf 85' lang='grc'><strong>,</strong></span> <span class='ocrx_word' id='word_1_267' title='bbox 3127 803 3188 854; x_wconf 90' lang='grc' dir='ltr'><strong>τὸ</strong></span> <span class='ocrx_word' id='word_1_268' title='bbox 3238 802 3453 872; x_wconf 83' lang='grc' dir='ltr'><strong>μυρίοις</strong></span> <span class='ocrx_word' id='word_1_269' title='bbox 3492 803 3728 857; x_wconf 81' lang='grc' dir='ltr'><strong>πάθεσιν</strong></span> 
     </span>
    </p>
   </div>
   <div class='ocr_carea' id='block_1_37' title="bbox 2143 886 3725 965">
    <p class='ocr_par' dir='ltr' id='par_1_37' title="bbox 2143 886 3725 965">
     <span class='ocr_line' id='line_1_37' title="bbox 2143 886 3725 965; baseline 0.006 -26"><span class='ocrx_word' id='word_1_270' title='bbox 2143 886 2498 958; x_wconf 79' lang='grc' dir='ltr'><strong>ὑποκείμενον</strong></span> <span class='ocrx_word' id='word_1_271' title='bbox 2516 929 2531 953; x_wconf 90' lang='grc'><strong>,</strong></span> <span class='ocrx_word' id='word_1_272' title='bbox 2558 890 2621 942; x_wconf 90' lang='grc' dir='ltr'><strong>τὸ</strong></span> <span class='ocrx_word' id='word_1_273' title='bbox 2650 890 2717 943; x_wconf 79' lang='grc' dir='ltr'><strong>ὲκ</strong></span> <span class='ocrx_word' id='word_1_274' title='bbox 2747 890 3014 961; x_wconf 84' lang='grc' dir='ltr'><strong>γεννητῆς</strong></span> <span class='ocrx_word' id='word_1_275' title='bbox 3041 893 3122 955; x_wconf 76' lang='grc' dir='ltr'><strong>εἰς</strong></span> <span class='ocrx_word' id='word_1_276' title='bbox 3154 893 3331 963; x_wconf 85' lang='grc' dir='ltr'><strong>γῆρας</strong></span> <span class='ocrx_word' id='word_1_277' title='bbox 3375 893 3589 965; x_wconf 87' lang='grc' dir='ltr'><strong>μυρίων</strong></span> <span class='ocrx_word' id='word_1_278' title='bbox 3623 908 3725 948; x_wconf 76' lang='grc' dir='ltr'><strong>κα·</strong></span> 
     </span>
    </p>
   </div>
   <div class='ocr_carea' id='block_1_38' title="bbox 2141 977 3725 1055">
    <p class='ocr_par' dir='ltr' id='par_1_38' title="bbox 2141 977 3725 1055">
     <span class='ocr_line' id='line_1_38' title="bbox 2141 977 3725 1055; baseline 0.004 -25"><span class='ocrx_word' id='word_1_279' title='bbox 2141 977 2253 1032; x_wconf 84' lang='grc' dir='ltr'><strong>κῶν</strong></span> <span class='ocrx_word' id='word_1_280' title='bbox 2280 980 2450 1050; x_wconf 82' lang='grc' dir='ltr'><strong>ἐσμὸν</strong></span> <span class='ocrx_word' id='word_1_281' title='bbox 2479 980 2767 1048; x_wconf 75' lang='grc' dir='ltr'><strong>έξαντλοῦν</strong></span> <span class='ocrx_word' id='word_1_282' title='bbox 2787 996 2801 1010; x_wconf 92' lang='grc'><strong>·</strong></span> <span class='ocrx_word' id='word_1_283' title='bbox 2832 982 2961 1053; x_wconf 75' lang='grc' dir='ltr'><strong>περὶ</strong></span> <span class='ocrx_word' id='word_1_284' title='bbox 2991 977 3053 1037; x_wconf 74' lang='grc' dir='ltr'>οὗ</span> <span class='ocrx_word' id='word_1_285' title='bbox 3085 984 3301 1053; x_wconf 73' lang='grc' dir='ltr'><strong>εἴρηται</strong></span> <span class='ocrx_word' id='word_1_286' title='bbox 3320 999 3335 1014; x_wconf 84' lang='grc'><em>’</em></span> <span class='ocrx_word' id='word_1_287' title='bbox 3389 1003 3409 1036; x_wconf 77' lang='grc' dir='ltr'><strong>ι</strong></span> <span class='ocrx_word' id='word_1_288' title='bbox 3436 985 3638 1055; x_wconf 79' lang='grc' dir='ltr'><strong>Κύριε,</strong></span> <span class='ocrx_word' id='word_1_289' title='bbox 3671 986 3725 1039; x_wconf 79' lang='grc' dir='ltr'><strong>τί</strong></span> 
     </span>
    </p>
   </div>
   <div class='ocr_carea' id='block_1_39' title="bbox 2141 1070 3722 1159">
    <p class='ocr_par' dir='ltr' id='par_1_39' title="bbox 2141 1070 3722 1159">
     <span class='ocr_line' id='line_1_39' title="bbox 2141 1070 3722 1159; baseline 0.005 -36"><span class='ocrx_word' id='word_1_290' title='bbox 2141 1070 2259 1123; x_wconf 67' lang='grc' dir='ltr'><strong>ἔστι</strong></span> <span class='ocrx_word' id='word_1_291' title='bbox 2291 1070 2599 1142; x_wconf 76' lang='grc' dir='ltr'><strong>ἄνθρωπος,</strong></span> <span class='ocrx_word' id='word_1_292' title='bbox 2629 1072 2712 1124; x_wconf 82' lang='grc' dir='ltr'><strong>ὅτι</strong></span> <span class='ocrx_word' id='word_1_293' title='bbox 2742 1073 3019 1144; x_wconf 88' lang='grc' dir='ltr'><strong>ἐμνήσθης</strong></span> <span class='ocrx_word' id='word_1_294' title='bbox 3051 1075 3250 1139; x_wconf 75' lang='grc' dir='ltr'><strong>αὐτοῦς</strong></span> <span class='ocrx_word' id='word_1_295' title='bbox 3278 1075 3311 1145; x_wconf 80' lang='grc' dir='ltr'>ἢ</span> <span class='ocrx_word' id='word_1_296' title='bbox 3355 1076 3471 1140; x_wconf 82' lang='grc' dir='ltr'><strong>υίὸς</strong></span> <span class='ocrx_word' id='word_1_297' title='bbox 3494 1078 3722 1159; x_wconf 28' lang='grc' dir='ltr'><strong>κάνθρώ-</strong></span> 
     </span>
    </p>
   </div>
   <div class='ocr_carea' id='block_1_40' title="bbox 2143 1162 3724 1238">
    <p class='ocr_par' dir='ltr' id='par_1_40' title="bbox 2143 1162 3724 1238">
     <span class='ocr_line' id='line_1_40' title="bbox 2143 1162 3724 1238; baseline 0.006 -25"><span class='ocrx_word' id='word_1_298' title='bbox 2143 1177 2268 1224; x_wconf 84' lang='grc' dir='ltr'><strong>που,</strong></span> <span class='ocrx_word' id='word_1_299' title='bbox 2296 1163 2378 1215; x_wconf 79' lang='grc' dir='ltr'><strong>ὅτι</strong></span> <span class='ocrx_word' id='word_1_300' title='bbox 2402 1162 2678 1232; x_wconf 83' lang='grc' dir='ltr'><strong>ἐγνώσθης</strong></span> <span class='ocrx_word' id='word_1_301' title='bbox 2712 1163 2896 1234; x_wconf 71' lang='grc' dir='ltr'><strong>αὐτῷ,</strong></span> <span class='ocrx_word' id='word_1_302' title='bbox 2932 1181 2952 1218; x_wconf 72' lang='grc' dir='ltr'>δ</span> <span class='ocrx_word' id='word_1_303' title='bbox 2982 1165 3137 1218; x_wconf 72' lang='grc' dir='ltr'><strong>Καὶό</strong></span> <span class='ocrx_word' id='word_1_304' title='bbox 3162 1166 3260 1235; x_wconf 84' lang='grc' dir='ltr'><strong>μὲν</strong></span> <span class='ocrx_word' id='word_1_305' title='bbox 3286 1167 3594 1238; x_wconf 75' lang='grc' dir='ltr'><strong>Ψαλμῳδὸς</strong></span> <span class='ocrx_word' id='word_1_306' title='bbox 3625 1186 3724 1222; x_wconf 86' lang='grc' dir='ltr'><strong>κα-</strong></span> 
     </span>
    </p>
   </div>
   <div class='ocr_carea' id='block_1_41' title="bbox 2140 1253 3719 1329">
    <p class='ocr_par' dir='ltr' id='par_1_41' title="bbox 2140 1253 3719 1329">
     <span class='ocr_line' id='line_1_41' title="bbox 2140 1253 3719 1329; baseline 0.007 -26"><span class='ocrx_word' id='word_1_307' title='bbox 2140 1256 2400 1323; x_wconf 78' lang='grc' dir='ltr'><strong>ταφρονεῖ</strong></span> <span class='ocrx_word' id='word_1_308' title='bbox 2447 1253 2522 1315; x_wconf 85' lang='grc' dir='ltr'>ὡς</span> <span class='ocrx_word' id='word_1_309' title='bbox 2567 1254 2809 1319; x_wconf 78' lang='grc' dir='ltr'><strong>εὐτελοῦς</strong></span> <span class='ocrx_word' id='word_1_310' title='bbox 2852 1254 2945 1308; x_wconf 82' lang='grc' dir='ltr'><strong>τοῦ</strong></span> <span class='ocrx_word' id='word_1_311' title='bbox 3000 1256 3164 1320; x_wconf 75' lang='grc' dir='ltr'><strong>ζώου.</strong></span> <span class='ocrx_word' id='word_1_312' title='bbox 3214 1259 3310 1311; x_wconf 77' lang='grc' dir='ltr'><strong>καὶ</strong></span> <span class='ocrx_word' id='word_1_313' title='bbox 3357 1259 3390 1328; x_wconf 87' lang='grc' dir='ltr'><strong>ή</strong></span> <span class='ocrx_word' id='word_1_314' title='bbox 3439 1259 3719 1329; x_wconf 85' lang='grc' dir='ltr'><strong>Παροιμία</strong></span> 
     </span>
    </p>
   </div>
   <div class='ocr_carea' id='block_1_42' title="bbox 2142 1344 3722 1420">
    <p class='ocr_par' dir='ltr' id='par_1_42' title="bbox 2142 1344 3722 1420">
     <span class='ocr_line' id='line_1_42' title="bbox 2142 1344 3722 1420; baseline 0.004 -23"><span class='ocrx_word' id='word_1_315' title='bbox 2142 1344 2507 1414; x_wconf 79' lang='grc' dir='ltr'><strong>ἀποσεμνύνει</strong></span> <span class='ocrx_word' id='word_1_316' title='bbox 2537 1346 2613 1408; x_wconf 85' lang='grc' dir='ltr'>ὡς</span> <span class='ocrx_word' id='word_1_317' title='bbox 2659 1346 2803 1415; x_wconf 88' lang='grc' dir='ltr'><strong>μέγα</strong></span> <span class='ocrx_word' id='word_1_318' title='bbox 2843 1362 2896 1398; x_wconf 85' lang='grc' dir='ltr'><strong>τι</strong></span> <span class='ocrx_word' id='word_1_319' title='bbox 2927 1346 3019 1399; x_wconf 82' lang='grc' dir='ltr'><strong>τὸν</strong></span> <span class='ocrx_word' id='word_1_320' title='bbox 3059 1346 3385 1418; x_wconf 36' lang='grc' dir='ltr'><strong>ἄνθρωπον..</strong></span> <span class='ocrx_word' id='word_1_321' title='bbox 3416 1348 3579 1402; x_wconf 81' lang='grc' dir='ltr'><strong>Ἀλλά</strong></span> <span class='ocrx_word' id='word_1_322' title='bbox 3630 1367 3722 1420; x_wconf 89' lang='grc' dir='ltr'><strong>μοι</strong></span> 
     </span>
    </p>
   </div>
   <div class='ocr_carea' id='block_1_43' title="bbox 2141 1435 3717 1511">
    <p class='ocr_par' dir='ltr' id='par_1_43' title="bbox 2141 1435 3717 1511">
     <span class='ocr_line' id='line_1_43' title="bbox 2141 1435 3717 1511; baseline 0.003 -22"><span class='ocrx_word' id='word_1_323' title='bbox 2141 1435 2242 1507; x_wconf 77' lang='grc' dir='ltr'><strong>τὴν</strong></span> <span class='ocrx_word' id='word_1_324' title='bbox 2270 1437 2525 1507; x_wconf 82' lang='grc' dir='ltr'><strong>τοιαύτην</strong></span> <span class='ocrx_word' id='word_1_325' title='bbox 2572 1438 2894 1508; x_wconf 77' lang='grc' dir='ltr'><strong>διαπόρησιν</strong></span> <span class='ocrx_word' id='word_1_326' title='bbox 2927 1437 3115 1492; x_wconf 78' lang='grc' dir='ltr'><strong>ἔλυσεν</strong></span> <span class='ocrx_word' id='word_1_327' title='bbox 3139 1442 3172 1509; x_wconf 80' lang='grc' dir='ltr'><strong>ἡ</strong></span> <span class='ocrx_word' id='word_1_328' title='bbox 3200 1440 3409 1510; x_wconf 87' lang='grc' dir='ltr'><strong>ίστορία</strong></span> <span class='ocrx_word' id='word_1_329' title='bbox 3432 1440 3536 1511; x_wconf 80' lang='grc' dir='ltr'><strong>τῆς</strong></span> <span class='ocrx_word' id='word_1_330' title='bbox 3562 1442 3717 1509; x_wconf 82' lang='grc' dir='ltr'><strong>γενέ-</strong></span> 
     </span>
    </p>
   </div>
   <div class='ocr_carea' id='block_1_44' title="bbox 2145 1529 3720 1605">
    <p class='ocr_par' dir='ltr' id='par_1_44' title="bbox 2145 1529 3720 1605">
     <span class='ocr_line' id='line_1_44' title="bbox 2145 1529 3720 1605; baseline 0.002 -22"><span class='ocrx_word' id='word_1_331' title='bbox 2145 1544 2283 1592; x_wconf 82' lang='grc' dir='ltr'><strong>σεως</strong></span> <span class='ocrx_word' id='word_1_332' title='bbox 2312 1530 2404 1582; x_wconf 75' lang='grc' dir='ltr'><strong>τοῦ</strong></span> <span class='ocrx_word' id='word_1_333' title='bbox 2446 1529 2732 1601; x_wconf 82' lang='grc' dir='ltr'><strong>ἀνθρώπου</strong></span> <span class='ocrx_word' id='word_1_334' title='bbox 2766 1531 3194 1599; x_wconf 80' lang='grc' dir='ltr'><strong>ἀναγνωσθεῖσα.</strong></span> <span class='ocrx_word' id='word_1_335' title='bbox 3258 1532 3561 1603; x_wconf 79' lang='grc' dir='ltr'><strong>Ἦκούομεν</strong></span> <span class='ocrx_word' id='word_1_336' title='bbox 3611 1533 3720 1605; x_wconf 74' lang='grc' dir='ltr'><strong>γὰρ</strong></span> 
     </span>
    </p>
   </div>
   <div class='ocr_carea' id='block_1_45' title="bbox 2143 1622 3719 1695">
    <p class='ocr_par' dir='ltr' id='par_1_45' title="bbox 2143 1622 3719 1695">
     <span class='ocr_line' id='line_1_45' title="bbox 2143 1622 3719 1695; baseline 0.003 -20"><span class='ocrx_word' id='word_1_337' title='bbox 2143 1622 2238 1676; x_wconf 81' lang='grc' dir='ltr'><strong>νῦν</strong></span> <span class='ocrx_word' id='word_1_338' title='bbox 2268 1624 2351 1675; x_wconf 83' lang='grc' dir='ltr'><strong>ὅτι</strong></span> <span class='ocrx_word' id='word_1_339' title='bbox 2376 1623 2506 1685; x_wconf 89' lang='grc' dir='ltr'>Θεὸς</span> <span class='ocrx_word' id='word_1_340' title='bbox 2532 1622 2689 1676; x_wconf 77' lang='grc' dir='ltr'><strong>ἔλαϐε</strong></span> <span class='ocrx_word' id='word_1_341' title='bbox 2722 1622 2850 1693; x_wconf 81' lang='grc' dir='ltr'><strong>χοῦν</strong></span> <span class='ocrx_word' id='word_1_342' title='bbox 2877 1624 2984 1677; x_wconf 84' lang='grc' dir='ltr'><strong>ἀπὸ</strong></span> <span class='ocrx_word' id='word_1_343' title='bbox 3003 1624 3102 1693; x_wconf 83' lang='grc' dir='ltr'><strong>τῆς</strong></span> <span class='ocrx_word' id='word_1_344' title='bbox 3129 1627 3252 1695; x_wconf 83' lang='grc' dir='ltr'><strong>γῆς,</strong></span> <span class='ocrx_word' id='word_1_345' title='bbox 3285 1624 3380 1678; x_wconf 58' lang='grc' dir='ltr'><strong>καὶ⁵</strong></span> <span class='ocrx_word' id='word_1_346' title='bbox 3402 1625 3607 1679; x_wconf 81' lang='grc' dir='ltr'>ἔπλασε</span> <span class='ocrx_word' id='word_1_347' title='bbox 3629 1626 3719 1679; x_wconf 76' lang='grc' dir='ltr'><strong>τὸν</strong></span> 
     </span>
    </p>
   </div>
   <div class='ocr_carea' id='block_1_46' title="bbox 2141 1710 3721 1790">
    <p class='ocr_par' dir='ltr' id='par_1_46' title="bbox 2141 1710 3721 1790">
     <span class='ocr_line' id='line_1_46' title="bbox 2141 1710 3721 1790; baseline 0.002 -21"><span class='ocrx_word' id='word_1_348' title='bbox 2141 1716 2451 1786; x_wconf 72' lang='grc' dir='ltr'><strong>ἄνθρωπον.</strong></span> <span class='ocrx_word' id='word_1_349' title='bbox 2476 1710 2551 1768; x_wconf 77' lang='grc' dir='ltr'><strong>Εὖ</strong></span> <span class='ocrx_word' id='word_1_350' title='bbox 2560 1732 2650 1786; x_wconf 88' lang='grc' dir='ltr'><strong>ρον</strong></span> <span class='ocrx_word' id='word_1_351' title='bbox 2667 1715 2724 1769; x_wconf 80' lang='grc' dir='ltr'><strong>δὲ</strong></span> <span class='ocrx_word' id='word_1_352' title='bbox 2740 1717 2804 1769; x_wconf 84' lang='grc' dir='ltr'><strong>ἐκ</strong></span> <span class='ocrx_word' id='word_1_353' title='bbox 2818 1714 2913 1769; x_wconf 80' lang='grc' dir='ltr'><strong>τοῦ</strong></span> <span class='ocrx_word' id='word_1_354' title='bbox 2931 1717 3179 1787; x_wconf 74' lang='grc' dir='ltr'><strong>ῥήματος</strong></span> <span class='ocrx_word' id='word_1_355' title='bbox 3197 1717 3390 1771; x_wconf 84' lang='grc' dir='ltr'><strong>τούτου</strong></span> <span class='ocrx_word' id='word_1_356' title='bbox 3412 1719 3721 1790; x_wconf 64' lang='grc' dir='ltr'><strong>ἀμφότερα,</strong></span> 
     </span>
    </p>
   </div>
   <div class='ocr_carea' id='block_1_47' title="bbox 2140 1804 3725 1880">
    <p class='ocr_par' dir='ltr' id='par_1_47' title="bbox 2140 1804 3725 1880">
     <span class='ocr_line' id='line_1_47' title="bbox 2140 1804 3725 1880; baseline 0.001 -22"><span class='ocrx_word' id='word_1_357' title='bbox 2140 1806 2235 1859; x_wconf 72' lang='grc' dir='ltr'><strong>ὅτι»</strong></span> <span class='ocrx_word' id='word_1_358' title='bbox 2253 1804 2405 1858; x_wconf 78' lang='grc' dir='ltr'><strong>οὐδὲν</strong></span> <span class='ocrx_word' id='word_1_359' title='bbox 2439 1804 2725 1877; x_wconf 79' lang='grc' dir='ltr'><strong>ἄνθρωπος</strong></span> <span class='ocrx_word' id='word_1_360' title='bbox 2768 1807 2861 1859; x_wconf 75' lang='grc' dir='ltr'><strong>καὶ</strong></span> <span class='ocrx_word' id='word_1_361' title='bbox 2889 1806 3033 1876; x_wconf 88' lang='grc' dir='ltr'><strong>μέγα</strong></span> <span class='ocrx_word' id='word_1_362' title='bbox 3066 1806 3375 1877; x_wconf 76' lang='grc' dir='ltr'><strong>ἄνθρωπος.</strong></span> <span class='ocrx_word' id='word_1_363' title='bbox 3426 1806 3555 1862; x_wconf 81' lang='grc' dir='ltr'><strong>Ἐὰν</strong></span> <span class='ocrx_word' id='word_1_364' title='bbox 3586 1809 3725 1880; x_wconf 79' lang='grc' dir='ltr'><strong>πρὸς</strong></span> 
     </span>
    </p>
   </div>
   <div class='ocr_carea' id='block_1_48' title="bbox 2139 1893 3724 1972">
    <p class='ocr_par' dir='ltr' id='par_1_48' title="bbox 2139 1893 3724 1972">
     <span class='ocr_line' id='line_1_48' title="bbox 2139 1893 3724 1972; baseline 0.003 -23"><span class='ocrx_word' id='word_1_365' title='bbox 2139 1896 2239 1968; x_wconf 83' lang='grc' dir='ltr'><strong>τὴν</strong></span> <span class='ocrx_word' id='word_1_366' title='bbox 2270 1894 2433 1972; x_wconf 68' lang='grc' dir='ltr'><strong>φύσιν</strong></span> <span class='ocrx_word' id='word_1_367' title='bbox 2464 1893 2622 1967; x_wconf 88' lang='grc' dir='ltr'><strong>μόνον</strong></span> <span class='ocrx_word' id='word_1_368' title='bbox 2654 1896 2988 1969; x_wconf 53' lang='lat' dir='ltr'><strong>amnem,</strong></span> <span class='ocrx_word' id='word_1_369' title='bbox 3018 1898 3080 1952; x_wconf 85' lang='grc' dir='ltr'><strong>τὸ</strong></span> <span class='ocrx_word' id='word_1_370' title='bbox 3115 1898 3283 1968; x_wconf 82' lang='grc' dir='ltr'><strong>μηδὲν</strong></span> <span class='ocrx_word' id='word_1_371' title='bbox 3307 1899 3403 1951; x_wconf 80' lang='grc' dir='ltr'><strong>καὶ</strong></span> <span class='ocrx_word' id='word_1_372' title='bbox 3428 1899 3525 1952; x_wconf 81' lang='grc' dir='ltr'><strong>τοῦ</strong></span> <span class='ocrx_word' id='word_1_373' title='bbox 3560 1900 3724 1970; x_wconf 84' lang='grc' dir='ltr'><strong>μηδε-</strong></span> 
     </span>
    </p>
   </div>
   <div class='ocr_carea' id='block_1_49' title="bbox 2140 1973 3721 2063">
    <p class='ocr_par' dir='ltr' id='par_1_49' title="bbox 2140 1973 3721 2063">
     <span class='ocr_line' id='line_1_49' title="bbox 2140 1973 3721 2063; baseline 0 -19"><span class='ocrx_word' id='word_1_374' title='bbox 2140 1989 2230 2053; x_wconf 86' lang='grc' dir='ltr'><strong>νὸς</strong></span> <span class='ocrx_word' id='word_1_375' title='bbox 2270 1988 2451 2053; x_wconf 77' lang='grc' dir='ltr'><strong>ἄξιος·</strong></span> <span class='ocrx_word' id='word_1_376' title='bbox 2482 1973 2578 2043; x_wconf 76' lang='grc' dir='ltr'><strong>ἐὰν</strong></span> <span class='ocrx_word' id='word_1_377' title='bbox 2611 1990 2668 2044; x_wconf 78' lang='grc' dir='ltr'><strong>δέ</strong></span> <span class='ocrx_word' id='word_1_378' title='bbox 2690 1986 2827 2061; x_wconf 84' lang='grc' dir='ltr'><strong>πρὸς</strong></span> <span class='ocrx_word' id='word_1_379' title='bbox 2862 1990 2963 2062; x_wconf 82' lang='grc' dir='ltr'><strong>τὴν</strong></span> <span class='ocrx_word' id='word_1_380' title='bbox 2989 1990 3153 2063; x_wconf 78' lang='grc' dir='ltr'><strong>τιμὴν</strong></span> <span class='ocrx_word' id='word_1_381' title='bbox 3185 1992 3253 2062; x_wconf 75' lang='grc' dir='ltr'><strong>ἢν</strong></span> <span class='ocrx_word' id='word_1_382' title='bbox 3280 1991 3542 2063; x_wconf 81' lang='grc' dir='ltr'><strong>ἐτιμήθη,</strong></span> <span class='ocrx_word' id='word_1_383' title='bbox 3580 1992 3721 2062; x_wconf 84' lang='grc' dir='ltr'><strong>μέγα</strong></span> 
     </span>
    </p>
   </div>
   <div class='ocr_carea' id='block_1_50' title="bbox 2141 2080 3720 2155">
    <p class='ocr_par' dir='ltr' id='par_1_50' title="bbox 2141 2080 3720 2155">
     <span class='ocr_line' id='line_1_50' title="bbox 2141 2080 3720 2155; baseline 0.001 -19"><span class='ocrx_word' id='word_1_384' title='bbox 2141 2082 2446 2153; x_wconf 79' lang='grc' dir='ltr'><strong>ἄνθρωπος.</strong></span> <span class='ocrx_word' id='word_1_385' title='bbox 2475 2081 2679 2147; x_wconf 85' lang='grc' dir='ltr'><strong>Ποίαν;</strong></span> <span class='ocrx_word' id='word_1_386' title='bbox 2717 2102 2735 2134; x_wconf 77' lang='grc' dir='ltr'><strong>ι</strong></span> <span class='ocrx_word' id='word_1_387' title='bbox 2793 2080 2960 2137; x_wconf 84' lang='grc' dir='ltr'><strong>Εἶπεν</strong></span> <span class='ocrx_word' id='word_1_388' title='bbox 2989 2086 3018 2137; x_wconf 98' lang='lat'><strong>6</strong></span> <span class='ocrx_word' id='word_1_389' title='bbox 3056 2084 3208 2147; x_wconf 85' lang='grc' dir='ltr'>Θεὸς,</span> <span class='ocrx_word' id='word_1_390' title='bbox 3245 2084 3538 2155; x_wconf 81' lang='grc' dir='ltr'><strong>Γενηθήτω</strong></span> <span class='ocrx_word' id='word_1_391' title='bbox 3584 2084 3720 2153; x_wconf 81' lang='grc' dir='ltr'><strong>φῶς,</strong></span> 
     </span>
    </p>
   </div>
   <div class='ocr_carea' id='block_1_51' title="bbox 2143 2167 3721 2247">
    <p class='ocr_par' dir='ltr' id='par_1_51' title="bbox 2143 2167 3721 2247">
     <span class='ocr_line' id='line_1_51' title="bbox 2143 2167 3721 2247; baseline 0.001 -19"><span class='ocrx_word' id='word_1_392' title='bbox 2143 2173 2240 2228; x_wconf 78' lang='grc' dir='ltr'><strong>καὶ</strong></span> <span class='ocrx_word' id='word_1_393' title='bbox 2271 2174 2489 2242; x_wconf 86' lang='grc' dir='ltr'><strong>ἐγένετο</strong></span> <span class='ocrx_word' id='word_1_394' title='bbox 2516 2174 2651 2241; x_wconf 74' lang='grc' dir='ltr'><strong>φῶς.</strong></span> <span class='ocrx_word' id='word_1_395' title='bbox 2689 2193 2707 2226; x_wconf 72' lang='grc' dir='ltr'><strong>ο</strong></span> <span class='ocrx_word' id='word_1_396' title='bbox 2745 2167 3354 2247; x_wconf 77' lang='grc' dir='ltr'><strong>Σύγκρινονὰνθρώπου</strong></span> <span class='ocrx_word' id='word_1_397' title='bbox 3383 2176 3602 2244; x_wconf 85' lang='grc' dir='ltr'><strong>γένεσιν</strong></span> <span class='ocrx_word' id='word_1_398' title='bbox 3628 2177 3721 2231; x_wconf 75' lang='grc' dir='ltr'><strong>καὶ</strong></span> 
     </span>
    </p>
   </div>
   <div class='ocr_carea' id='block_1_52' title="bbox 2124 2260 3717 2338">
    <p class='ocr_par' dir='ltr' id='par_1_52' title="bbox 2124 2260 3717 2338">
     <span class='ocr_line' id='line_1_52' title="bbox 2124 2260 3717 2338; baseline 0.003 -21"><span class='ocrx_word' id='word_1_399' title='bbox 2124 2264 2324 2333; x_wconf 53' lang='grc' dir='ltr'><strong>’φωτὸς</strong></span> <span class='ocrx_word' id='word_1_400' title='bbox 2355 2264 2588 2333; x_wconf 85' lang='grc' dir='ltr'><strong>γένεσιν.</strong></span> <span class='ocrx_word' id='word_1_401' title='bbox 2636 2265 2783 2318; x_wconf 80' lang='grc' dir='ltr'><strong>Ἐκεῖ</strong></span> <span class='ocrx_word' id='word_1_402' title='bbox 2812 2260 2957 2331; x_wconf 77' lang='grc' dir='ltr'><strong>εἷπε,</strong></span> <span class='ocrx_word' id='word_1_403' title='bbox 2992 2284 3011 2318; x_wconf 82' lang='grc'><strong><em>‹</em></strong></span> <span class='ocrx_word' id='word_1_404' title='bbox 3032 2265 3330 2337; x_wconf 73' lang='grc' dir='ltr'><strong>Γενηθήτω</strong></span> <span class='ocrx_word' id='word_1_405' title='bbox 3358 2267 3667 2338; x_wconf 85' lang='grc' dir='ltr'><strong>στερέωμα.</strong></span> <span class='ocrx_word' id='word_1_406' title='bbox 3695 2288 3717 2320; x_wconf 71' lang='grc' dir='ltr'><strong>ι</strong></span> 
     </span>
    </p>
   </div>
   <div class='ocr_carea' id='block_1_53' title="bbox 2128 2355 3719 2427">
    <p class='ocr_par' dir='ltr' id='par_1_53' title="bbox 2128 2355 3719 2427">
     <span class='ocr_line' id='line_1_53' title="bbox 2128 2355 3719 2427; baseline 0.001 -19"><span class='ocrx_word' id='word_1_407' title='bbox 2128 2388 2135 2395; x_wconf 67' lang='grc' dir='ltr'><strong><em>ο</em></strong></span> <span class='ocrx_word' id='word_1_408' title='bbox 2164 2356 2223 2408; x_wconf 86' lang='lat'><strong>&#39;0</strong></span> <span class='ocrx_word' id='word_1_409' title='bbox 2260 2356 2431 2425; x_wconf 84' lang='grc' dir='ltr'><strong>μέγας</strong></span> <span class='ocrx_word' id='word_1_410' title='bbox 2465 2356 2691 2427; x_wconf 79' lang='grc' dir='ltr'><strong>οὐρανὸς</strong></span> <span class='ocrx_word' id='word_1_411' title='bbox 2720 2355 2930 2410; x_wconf 75' lang='grc' dir='ltr'><strong>ἄνωθεν</strong></span> <span class='ocrx_word' id='word_1_412' title='bbox 2955 2358 3087 2426; x_wconf 80' lang='grc' dir='ltr'><strong>ήμῖν</strong></span> <span class='ocrx_word' id='word_1_413' title='bbox 3115 2355 3482 2427; x_wconf 84' lang='grc' dir='ltr'><strong>ὑπερτέταται</strong></span> <span class='ocrx_word' id='word_1_414' title='bbox 3515 2357 3719 2426; x_wconf 76' lang='grc' dir='ltr'><strong>ῥήματι</strong></span> 
     </span>
    </p>
   </div>
   <div class='ocr_carea' id='block_1_54' title="bbox 2139 2445 3720 2517">
    <p class='ocr_par' dir='ltr' id='par_1_54' title="bbox 2139 2445 3720 2517">
     <span class='ocr_line' id='line_1_54' title="bbox 2139 2445 3720 2517; baseline -0.001 -19"><span class='ocrx_word' id='word_1_415' title='bbox 2139 2445 2278 2499; x_wconf 83' lang='grc' dir='ltr'><strong>Θεοῦ</strong></span> <span class='ocrx_word' id='word_1_416' title='bbox 2317 2446 2606 2517; x_wconf 83' lang='grc' dir='ltr'><strong>γενόμενος</strong></span> <span class='ocrx_word' id='word_1_417' title='bbox 2626 2462 2641 2478; x_wconf 79' lang='grc' dir='ltr'><strong>ο</strong></span> <span class='ocrx_word' id='word_1_418' title='bbox 2668 2446 2916 2515; x_wconf 80' lang='grc' dir='ltr'><strong>ἀστέρες,</strong></span> <span class='ocrx_word' id='word_1_419' title='bbox 2948 2447 3043 2499; x_wconf 77' lang='grc' dir='ltr'><strong>καὶ</strong></span> <span class='ocrx_word' id='word_1_420' title='bbox 3062 2446 3232 2516; x_wconf 77' lang='grc' dir='ltr'><strong>ἥλιος,</strong></span> <span class='ocrx_word' id='word_1_421' title='bbox 3270 2446 3363 2499; x_wconf 76' lang='grc' dir='ltr'><strong>καὶ</strong></span> <span class='ocrx_word' id='word_1_422' title='bbox 3389 2446 3609 2517; x_wconf 82' lang='grc' dir='ltr'><strong>σελήνη,</strong></span> <span class='ocrx_word' id='word_1_423' title='bbox 3628 2446 3720 2500; x_wconf 75' lang='grc' dir='ltr'><strong>καὶ</strong></span> 
     </span>
    </p>
   </div>
   <div class='ocr_carea' id='block_1_55' title="bbox 2141 2535 3718 2608">
    <p class='ocr_par' dir='ltr' id='par_1_55' title="bbox 2141 2535 3718 2608">
     <span class='ocr_line' id='line_1_55' title="bbox 2141 2535 3718 2608; baseline 0.001 -18"><span class='ocrx_word' id='word_1_424' title='bbox 2141 2537 2319 2592; x_wconf 81' lang='grc' dir='ltr'><strong>πάντα</strong></span> <span class='ocrx_word' id='word_1_425' title='bbox 2355 2538 2457 2592; x_wconf 82' lang='grc' dir='ltr'><strong>ὅσα</strong></span> <span class='ocrx_word' id='word_1_426' title='bbox 2486 2535 2801 2607; x_wconf 82' lang='grc' dir='ltr'><strong>θεωροῦμεν</strong></span> <span class='ocrx_word' id='word_1_427' title='bbox 2825 2535 3109 2608; x_wconf 73' lang='grc' dir='ltr'><strong>ὀφθαλμῷ,</strong></span> <span class='ocrx_word' id='word_1_428' title='bbox 3144 2538 3239 2590; x_wconf 84' lang='grc' dir='ltr'><strong>καὶ</strong></span> <span class='ocrx_word' id='word_1_429' title='bbox 3262 2537 3363 2592; x_wconf 80' lang='grc' dir='ltr'><strong>ὅσα</strong></span> <span class='ocrx_word' id='word_1_430' title='bbox 3409 2536 3525 2591; x_wconf 77' lang='grc' dir='ltr'><strong>ἄνω</strong></span> <span class='ocrx_word' id='word_1_431' title='bbox 3548 2554 3718 2591; x_wconf 82' lang='grc' dir='ltr'><strong>κατα·</strong></span> 
     </span>
    </p>
   </div>
   <div class='ocr_carea' id='block_1_56' title="bbox 2140 2621 3720 2700">
    <p class='ocr_par' dir='ltr' id='par_1_56' title="bbox 2140 2621 3720 2700">
     <span class='ocr_line' id='line_1_56' title="bbox 2140 2621 3720 2700; baseline -0.001 -17"><span class='ocrx_word' id='word_1_432' title='bbox 2140 2629 2491 2700; x_wconf 75' lang='grc' dir='ltr'><strong>λαμϐάνομεν</strong></span> <span class='ocrx_word' id='word_1_433' title='bbox 2526 2625 2754 2700; x_wconf 86' lang='grc' dir='ltr'><strong>μεγέθη,</strong></span> <span class='ocrx_word' id='word_1_434' title='bbox 2787 2628 2995 2699; x_wconf 77' lang='grc' dir='ltr'><strong>ῥήματι</strong></span> <span class='ocrx_word' id='word_1_435' title='bbox 3025 2626 3151 2697; x_wconf 78' lang='grc' dir='ltr'><strong>έσχι</strong></span> <span class='ocrx_word' id='word_1_436' title='bbox 3179 2623 3242 2680; x_wconf 81' lang='grc' dir='ltr'><strong>τὸ</strong></span> <span class='ocrx_word' id='word_1_437' title='bbox 3274 2621 3432 2680; x_wconf 80' lang='grc' dir='ltr'><strong>εἶναι.</strong></span> <span class='ocrx_word' id='word_1_438' title='bbox 3460 2626 3720 2682; x_wconf 81' lang='grc' dir='ltr'>Θάλασσα</span> 
     </span>
    </p>
   </div>
   <div class='ocr_carea' id='block_1_57' title="bbox 2140 2702 3725 2790">
    <p class='ocr_par' dir='ltr' id='par_1_57' title="bbox 2140 2702 3725 2790">
     <span class='ocr_line' id='line_1_57' title="bbox 2140 2702 3725 2790; baseline -0.002 -16"><span class='ocrx_word' id='word_1_439' title='bbox 2140 2720 2236 2775; x_wconf 75' lang='grc' dir='ltr'><strong>καὶ</strong></span> <span class='ocrx_word' id='word_1_440' title='bbox 2266 2720 2359 2790; x_wconf 81' lang='grc' dir='ltr'><strong>γῆ,</strong></span> <span class='ocrx_word' id='word_1_441' title='bbox 2405 2719 2500 2773; x_wconf 67' lang='grc' dir='ltr'><strong>καὶ⁵</strong></span> <span class='ocrx_word' id='word_1_442' title='bbox 2545 2720 2578 2789; x_wconf 89' lang='grc' dir='ltr'><strong>ή</strong></span> <span class='ocrx_word' id='word_1_443' title='bbox 2632 2718 2691 2771; x_wconf 84' lang='grc' dir='ltr'><strong>ἐν</strong></span> <span class='ocrx_word' id='word_1_444' title='bbox 2717 2702 2918 2781; x_wconf 62' lang='grc' dir='ltr'><strong>ἀὐτοῖς</strong></span> <span class='ocrx_word' id='word_1_445' title='bbox 2965 2716 3344 2789; x_wconf 79' lang='grc' dir='ltr'><strong>διακόσμησις,</strong></span> <span class='ocrx_word' id='word_1_446' title='bbox 3394 2717 3553 2784; x_wconf 81' lang='grc' dir='ltr'><strong>ζώων</strong></span> <span class='ocrx_word' id='word_1_447' title='bbox 3587 2719 3725 2789; x_wconf 81' lang='grc' dir='ltr'><strong>γένη</strong></span> 
     </span>
    </p>
   </div>
   <div class='ocr_carea' id='block_1_58' title="bbox 2141 2808 3723 2879">
    <p class='ocr_par' dir='ltr' id='par_1_58' title="bbox 2141 2808 3723 2879">
     <span class='ocr_line' id='line_1_58' title="bbox 2141 2808 3723 2879; baseline -0.001 -14"><span class='ocrx_word' id='word_1_448' title='bbox 2141 2810 2463 2865; x_wconf 79' lang='grc' dir='ltr'><strong>παντοδαπά</strong></span> <span class='ocrx_word' id='word_1_449' title='bbox 2482 2826 2495 2840; x_wconf 79' lang='grc'><em>’</em></span> <span class='ocrx_word' id='word_1_450' title='bbox 2528 2808 2709 2879; x_wconf 81' lang='grc' dir='ltr'><strong>φυτῶν</strong></span> <span class='ocrx_word' id='word_1_451' title='bbox 2740 2808 2989 2879; x_wconf 70' lang='grc' dir='ltr'><strong>διάφοροι</strong></span> <span class='ocrx_word' id='word_1_452' title='bbox 3027 2808 3311 2874; x_wconf 81' lang='grc' dir='ltr'><strong>ποικιλίαι,</strong></span> <span class='ocrx_word' id='word_1_453' title='bbox 3340 2809 3523 2864; x_wconf 83' lang='grc' dir='ltr'><strong>πάντα</strong></span> <span class='ocrx_word' id='word_1_454' title='bbox 3548 2810 3723 2864; x_wconf 82' lang='grc' dir='ltr'><strong>ταῦτα</strong></span> 
     </span>
    </p>
   </div>
   <div class='ocr_carea' id='block_1_59' title="bbox 2142 2900 3721 2976">
    <p class='ocr_par' dir='ltr' id='par_1_59' title="bbox 2142 2900 3721 2976">
     <span class='ocr_line' id='line_1_59' title="bbox 2142 2900 3721 2976; baseline -0.001 -19"><span class='ocrx_word' id='word_1_455' title='bbox 2142 2904 2222 2976; x_wconf 77' lang='grc' dir='ltr'><strong>τῷ</strong></span> <span class='ocrx_word' id='word_1_456' title='bbox 2281 2905 2485 2974; x_wconf 80' lang='grc' dir='ltr'><strong>ῥήματι</strong></span> <span class='ocrx_word' id='word_1_457' title='bbox 2550 2903 2793 2971; x_wconf 86' lang='grc' dir='ltr'><strong>γέγονεν.</strong></span> <span class='ocrx_word' id='word_1_458' title='bbox 2869 2900 3189 2972; x_wconf 73' lang='grc' dir='ltr'><strong>’Ἄνθρωπος</strong></span> <span class='ocrx_word' id='word_1_459' title='bbox 3243 2901 3338 2967; x_wconf 79' lang='grc' dir='ltr'><strong>δὲ,</strong></span> <span class='ocrx_word' id='word_1_460' title='bbox 3391 2902 3550 2970; x_wconf 62' lang='lat' dir='ltr'><strong>artic;</strong></span> <span class='ocrx_word' id='word_1_461' title='bbox 3605 2903 3721 2956; x_wconf 79' lang='grc' dir='ltr'><strong>Οὐκ</strong></span> 
     </span>
    </p>
   </div>
   <div class='ocr_carea' id='block_1_60' title="bbox 2140 2992 3719 3066">
    <p class='ocr_par' dir='ltr' id='par_1_60' title="bbox 2140 2992 3719 3066">
     <span class='ocr_line' id='line_1_60' title="bbox 2140 2992 3719 3066; baseline -0.003 -16"><span class='ocrx_word' id='word_1_462' title='bbox 2140 2994 2361 3066; x_wconf 83' lang='grc' dir='ltr'><strong>ἐλέχθη,</strong></span> <span class='ocrx_word' id='word_1_463' title='bbox 2414 2995 2701 3066; x_wconf 86' lang='grc' dir='ltr'><strong>Γενηθήτω</strong></span> <span class='ocrx_word' id='word_1_464' title='bbox 2742 2993 3026 3065; x_wconf 78' lang='grc' dir='ltr'><strong>ἄνθρωπος</strong></span> <span class='ocrx_word' id='word_1_465' title='bbox 3052 3032 3067 3057; x_wconf 90' lang='grc'><strong>,</strong></span> <span class='ocrx_word' id='word_1_466' title='bbox 3104 2992 3181 3057; x_wconf 80' lang='grc' dir='ltr'><strong>ὡς</strong></span> <span class='ocrx_word' id='word_1_467' title='bbox 3204 3035 3219 3061; x_wconf 90' lang='grc'><strong>,</strong></span> <span class='ocrx_word' id='word_1_468' title='bbox 3265 2993 3556 3064; x_wconf 78' lang='grc' dir='ltr'><strong>Γενηθήτω</strong></span> <span class='ocrx_word' id='word_1_469' title='bbox 3602 3010 3719 3046; x_wconf 79' lang='grc' dir='ltr'><strong>στε-</strong></span> 
     </span>
    </p>
   </div>
   <div class='ocr_carea' id='block_1_61' title="bbox 2143 3084 3717 3160">
    <p class='ocr_par' dir='ltr' id='par_1_61' title="bbox 2143 3084 3717 3160">
     <span class='ocr_line' id='line_1_61' title="bbox 2143 3084 3717 3160; baseline -0.003 -19"><span class='ocrx_word' id='word_1_470' title='bbox 2143 3090 2353 3160; x_wconf 78' lang='grc' dir='ltr'><strong>ρέωμα.</strong></span> <span class='ocrx_word' id='word_1_471' title='bbox 2394 3086 2557 3140; x_wconf 85' lang='grc' dir='ltr'><strong>Ἀλλὰ</strong></span> <span class='ocrx_word' id='word_1_472' title='bbox 2587 3086 2770 3141; x_wconf 84' lang='grc' dir='ltr'><strong>πλεῖόν</strong></span> <span class='ocrx_word' id='word_1_473' title='bbox 2818 3104 2872 3139; x_wconf 87' lang='grc' dir='ltr'><strong>τι</strong></span> <span class='ocrx_word' id='word_1_474' title='bbox 2900 3087 3032 3158; x_wconf 78' lang='grc' dir='ltr'><strong>ὁρᾷς</strong></span> <span class='ocrx_word' id='word_1_475' title='bbox 3065 3086 3123 3138; x_wconf 79' lang='grc' dir='ltr'><strong>ὲν</strong></span> <span class='ocrx_word' id='word_1_476' title='bbox 3162 3086 3240 3156; x_wconf 77' lang='grc' dir='ltr'><strong>τῷ</strong></span> <span class='ocrx_word' id='word_1_477' title='bbox 3267 3084 3541 3155; x_wconf 75' lang='grc' dir='ltr'><strong>ἀνθρώπῳ</strong></span> <span class='ocrx_word' id='word_1_478' title='bbox 3579 3085 3717 3155; x_wconf 73' lang='grc' dir='ltr'><strong>ὑπὲρ</strong></span> 
     </span>
    </p>
   </div>
   <div class='ocr_carea' id='block_1_62' title="bbox 452 3163 2030 3260">
    <p class='ocr_par' dir='ltr' id='par_1_62' title="bbox 452 3163 2030 3237">
     <span class='ocr_line' id='line_1_62' title="bbox 452 3163 2030 3237; baseline 0.003 -21"><span class='ocrx_word' id='word_1_479' title='bbox 452 3163 638 3230; x_wconf 90' lang='lat' dir='ltr'><strong>homo,</strong></span> <span class='ocrx_word' id='word_1_480' title='bbox 673 3172 743 3219; x_wconf 88' lang='lat' dir='ltr'><strong>ut.</strong></span> <span class='ocrx_word' id='word_1_481' title='bbox 764 3165 926 3230; x_wconf 65' lang='lat' dir='ltr'><strong>dixit,</strong></span> <span class='ocrx_word' id='word_1_482' title='bbox 948 3165 1510 3233; x_wconf 73' lang='lat' dir='ltr'><strong>Fiatﬁrmamentum.</strong></span> <span class='ocrx_word' id='word_1_483' title='bbox 1543 3167 1793 3237; x_wconf 82' lang='lat' dir='ltr'><strong>Amplius</strong></span> <span class='ocrx_word' id='word_1_484' title='bbox 1826 3165 2030 3236; x_wconf 89' lang='lat' dir='ltr'><strong>aliquid</strong></span> 
     </span>
    </p>
   </div>
   <div class='ocr_carea' id='block_1_63' title="bbox 2137 3163 3716 3260">
    <p class='ocr_par' dir='ltr' id='par_1_63' title="bbox 2141 3168 3716 3250">
     <span class='ocr_line' id='line_1_63' title="bbox 2141 3168 3716 3250; baseline -0.003 -18"><span class='ocrx_word' id='word_1_485' title='bbox 2141 3178 2281 3249; x_wconf 79' lang='grc' dir='ltr'><strong>φῶς,</strong></span> <span class='ocrx_word' id='word_1_486' title='bbox 2328 3177 2469 3250; x_wconf 76' lang='grc' dir='ltr'><strong>ὑπὲρ</strong></span> <span class='ocrx_word' id='word_1_487' title='bbox 2502 3179 2752 3247; x_wconf 84' lang='grc' dir='ltr'><strong>οὐρανὸν,</strong></span> <span class='ocrx_word' id='word_1_488' title='bbox 2783 3178 2926 3249; x_wconf 84' lang='grc' dir='ltr'><strong>ὑπὲρ</strong></span> <span class='ocrx_word' id='word_1_489' title='bbox 2977 3168 3300 3249; x_wconf 76' lang='grc' dir='ltr'><strong>φωστῆρας’</strong></span> <span class='ocrx_word' id='word_1_490' title='bbox 3349 3177 3493 3248; x_wconf 80' lang='grc' dir='ltr'><strong>ὑπὲρ</strong></span> <span class='ocrx_word' id='word_1_491' title='bbox 3542 3176 3716 3230; x_wconf 80' lang='grc' dir='ltr'><strong>πάντα</strong></span> 
     </span>
    </p>
   </div>
   <div class='ocr_carea' id='block_1_64' title="bbox 450 3256 2028 3329">
    <p class='ocr_par' dir='ltr' id='par_1_64' title="bbox 450 3256 2028 3329">
     <span class='ocr_line' id='line_1_64' title="bbox 450 3256 2028 3329; baseline 0.002 -21"><span class='ocrx_word' id='word_1_492' title='bbox 450 3256 634 3310; x_wconf 82' lang='lat' dir='ltr'><strong>cernis</strong></span> <span class='ocrx_word' id='word_1_493' title='bbox 682 3256 739 3311; x_wconf 83' lang='lat' dir='ltr'><strong>in</strong></span> <span class='ocrx_word' id='word_1_494' title='bbox 793 3258 1013 3313; x_wconf 87' lang='lat' dir='ltr'><strong>homine</strong></span> <span class='ocrx_word' id='word_1_495' title='bbox 1054 3274 1218 3329; x_wconf 90' lang='lat' dir='ltr'><strong>quam</strong></span> <span class='ocrx_word' id='word_1_496' title='bbox 1268 3258 1323 3313; x_wconf 91' lang='lat' dir='ltr'><strong>in</strong></span> <span class='ocrx_word' id='word_1_497' title='bbox 1371 3259 1513 3323; x_wconf 90' lang='lat' dir='ltr'><strong>luce,</strong></span> <span class='ocrx_word' id='word_1_498' title='bbox 1565 3274 1730 3329; x_wconf 87' lang='lat' dir='ltr'><strong>quam</strong></span> <span class='ocrx_word' id='word_1_499' title='bbox 1763 3258 1819 3312; x_wconf 89' lang='lat' dir='ltr'><strong>in</strong></span> <span class='ocrx_word' id='word_1_500' title='bbox 1866 3258 2028 3322; x_wconf 64' lang='lat' dir='ltr'><strong>caelo,</strong></span> 
     </span>
    </p>
   </div>
   <div class='ocr_carea' id='block_1_65' title="bbox 452 3348 2030 3417">
    <p class='ocr_par' dir='ltr' id='par_1_65' title="bbox 452 3348 2030 3417">
     <span class='ocr_line' id='line_1_65' title="bbox 452 3348 2030 3417; baseline 0.005 -19"><span class='ocrx_word' id='word_1_501' title='bbox 452 3363 617 3417; x_wconf 86' lang='lat' dir='ltr'><strong>quam</strong></span> <span class='ocrx_word' id='word_1_502' title='bbox 648 3348 700 3402; x_wconf 91' lang='lat' dir='ltr'><strong>in</strong></span> <span class='ocrx_word' id='word_1_503' title='bbox 734 3348 1122 3407; x_wconf 85' lang='lat' dir='ltr'><strong>iumiuaribus.</strong></span> <span class='ocrx_word' id='word_1_504' title='bbox 1158 3349 1428 3407; x_wconf 82' lang='lat' dir='ltr'><strong>Omnibus</strong></span> <span class='ocrx_word' id='word_1_505' title='bbox 1472 3351 1749 3406; x_wconf 85' lang='lat' dir='ltr'><strong>antecellit</strong></span> <span class='ocrx_word' id='word_1_506' title='bbox 1792 3349 2030 3406; x_wconf 84' lang='lat' dir='ltr'><strong>hominis</strong></span> 
     </span>
    </p>
   </div>
   <div class='ocr_carea' id='block_1_66' title="bbox 452 3442 2031 3515">
    <p class='ocr_par' dir='ltr' id='par_1_66' title="bbox 452 3442 2031 3515">
     <span class='ocr_line' id='line_1_66' title="bbox 452 3442 2031 3515; baseline 0.001 -21"><span class='ocrx_word' id='word_1_507' title='bbox 452 3442 781 3510; x_wconf 80' lang='lat' dir='ltr'><strong>procreatio.</strong></span> <span class='ocrx_word' id='word_1_508' title='bbox 803 3461 820 3493; x_wconf 76' lang='grc' dir='ltr'><strong>ι</strong></span> <span class='ocrx_word' id='word_1_509' title='bbox 847 3443 1071 3514; x_wconf 83' lang='lat' dir='ltr'><strong>Accepit</strong></span> <span class='ocrx_word' id='word_1_510' title='bbox 1088 3443 1268 3500; x_wconf 88' lang='lat' dir='ltr'><strong>Deus:</strong></span> <span class='ocrx_word' id='word_1_511' title='bbox 1299 3464 1317 3497; x_wconf 84' lang='grc'>›</span> <span class='ocrx_word' id='word_1_512' title='bbox 1352 3458 1514 3498; x_wconf 91' lang='lat' dir='ltr'><strong>manu</strong></span> <span class='ocrx_word' id='word_1_513' title='bbox 1535 3444 2031 3515; x_wconf 66' lang='lat' dir='ltr'><strong>propriadignatur</strong></span> 
     </span>
    </p>
   </div>
   <div class='ocr_carea' id='block_1_67' title="bbox 447 3533 2026 3605">
    <p class='ocr_par' dir='ltr' id='par_1_67' title="bbox 447 3533 2026 3605">
     <span class='ocr_line' id='line_1_67' title="bbox 447 3533 2026 3605; baseline 0.001 -19"><span class='ocrx_word' id='word_1_514' title='bbox 447 3547 648 3602; x_wconf 81' lang='lat' dir='ltr'><strong>corpus</strong></span> <span class='ocrx_word' id='word_1_515' title='bbox 681 3543 930 3588; x_wconf 88' lang='lat' dir='ltr'><strong>nostrum</strong></span> <span class='ocrx_word' id='word_1_516' title='bbox 964 3534 1223 3590; x_wconf 88' lang='lat' dir='ltr'><strong>formare.</strong></span> <span class='ocrx_word' id='word_1_517' title='bbox 1260 3533 1378 3589; x_wconf 86' lang='lat' dir='ltr'><strong>Non</strong></span> <span class='ocrx_word' id='word_1_518' title='bbox 1405 3534 1575 3603; x_wconf 88' lang='lat' dir='ltr'><strong>jussit</strong></span> <span class='ocrx_word' id='word_1_519' title='bbox 1631 3534 1842 3605; x_wconf 74' lang='lat' dir='ltr'><strong>angelo.</strong></span> <span class='ocrx_word' id='word_1_520' title='bbox 1884 3534 2026 3599; x_wconf 90' lang='lat' dir='ltr'><strong>Non,</strong></span> 
     </span>
    </p>
   </div>
   <div class='ocr_carea' id='block_1_68' title="bbox 447 3624 2025 3697">
    <p class='ocr_par' dir='ltr' id='par_1_68' title="bbox 447 3624 2025 3697">
     <span class='ocr_line' id='line_1_68' title="bbox 447 3624 2025 3697; baseline 0 -20"><span class='ocrx_word' id='word_1_521' title='bbox 447 3633 508 3678; x_wconf 79' lang='lat' dir='ltr'><strong>ut</strong></span> <span class='ocrx_word' id='word_1_522' title='bbox 538 3624 779 3692; x_wconf 79' lang='lat' dir='ltr'><strong>cicadas,</strong></span> <span class='ocrx_word' id='word_1_523' title='bbox 812 3638 1004 3695; x_wconf 87' lang='lat' dir='ltr'><strong>sponte</strong></span> <span class='ocrx_word' id='word_1_524' title='bbox 1031 3642 1129 3681; x_wconf 89' lang='lat' dir='ltr'><strong>sua</strong></span> <span class='ocrx_word' id='word_1_525' title='bbox 1162 3626 1390 3697; x_wconf 90' lang='lat' dir='ltr'><strong>protulit</strong></span> <span class='ocrx_word' id='word_1_526' title='bbox 1412 3626 1686 3681; x_wconf 89' lang='lat' dir='ltr'><strong>hominem</strong></span> <span class='ocrx_word' id='word_1_527' title='bbox 1713 3634 1881 3682; x_wconf 83' lang='lat' dir='ltr'><strong>terra.</strong></span> <span class='ocrx_word' id='word_1_528' title='bbox 1909 3624 2025 3678; x_wconf 77' lang='lat' dir='ltr'><strong>Non</strong></span> 
     </span>
    </p>
   </div>
   <div class='ocr_carea' id='block_1_69' title="bbox 450 3716 2036 3774">
    <p class='ocr_par' dir='ltr' id='par_1_69' title="bbox 450 3716 2036 3774">
     <span class='ocr_line' id='line_1_69' title="bbox 450 3716 2036 3774; baseline -0.001 -2"><span class='ocrx_word' id='word_1_529' title='bbox 450 3718 723 3773; x_wconf 87' lang='lat' dir='ltr'><strong>ministris</strong></span> <span class='ocrx_word' id='word_1_530' title='bbox 765 3717 1136 3774; x_wconf 83' lang='lat' dir='ltr'><strong>Potestatibus</strong></span> <span class='ocrx_word' id='word_1_531' title='bbox 1167 3719 1270 3774; x_wconf 87' lang='lat' dir='ltr'><strong>hoc</strong></span> <span class='ocrx_word' id='word_1_532' title='bbox 1300 3717 1434 3772; x_wconf 90' lang='lat' dir='ltr'><strong>illud</strong></span> <span class='ocrx_word' id='word_1_533' title='bbox 1470 3716 1779 3773; x_wconf 87' lang='lat' dir='ltr'><strong>faciendum</strong></span> <span class='ocrx_word' id='word_1_534' title='bbox 1814 3716 2036 3771; x_wconf 86' lang='lat' dir='ltr'><strong>manda-</strong></span> 
     </span>
    </p>
   </div>
   <div class='ocr_carea' id='block_1_70' title="bbox 449 3811 2033 3881">
    <p class='ocr_par' dir='ltr' id='par_1_70' title="bbox 449 3811 2033 3881">
     <span class='ocr_line' id='line_1_70' title="bbox 449 3811 2033 3881; baseline -0.001 -17"><span class='ocrx_word' id='word_1_535' title='bbox 449 3811 546 3876; x_wconf 77' lang='lat' dir='ltr'><strong>vit,</strong></span> <span class='ocrx_word' id='word_1_536' title='bbox 576 3812 670 3868; x_wconf 91' lang='lat' dir='ltr'><strong>sed</strong></span> <span class='ocrx_word' id='word_1_537' title='bbox 698 3827 863 3867; x_wconf 90' lang='lat' dir='ltr'><strong>manu</strong></span> <span class='ocrx_word' id='word_1_538' title='bbox 887 3827 987 3868; x_wconf 90' lang='lat' dir='ltr'><strong>sua</strong></span> <span class='ocrx_word' id='word_1_539' title='bbox 1016 3812 1316 3868; x_wconf 82' lang='lat' dir='ltr'><strong>benevolus</strong></span> <span class='ocrx_word' id='word_1_540' title='bbox 1336 3812 1535 3867; x_wconf 79' lang='lat' dir='ltr'><strong>artifex</strong></span> <span class='ocrx_word' id='word_1_541' title='bbox 1562 3819 1765 3868; x_wconf 83' lang='lat' dir='ltr'><strong>terram</strong></span> <span class='ocrx_word' id='word_1_542' title='bbox 1798 3811 2033 3881; x_wconf 85' lang='lat' dir='ltr'><strong>accepit.</strong></span> 
     </span>
    </p>
   </div>
   <div class='ocr_carea' id='block_1_71' title="bbox 450 3902 2032 3974">
    <p class='ocr_par' dir='ltr' id='par_1_71' title="bbox 450 3902 2032 3974">
     <span class='ocr_line' id='line_1_71' title="bbox 450 3902 2032 3974; baseline 0.001 -19"><span class='ocrx_word' id='word_1_543' title='bbox 450 3903 507 3955; x_wconf 88' lang='lat' dir='ltr'><strong>Si</strong></span> <span class='ocrx_word' id='word_1_544' title='bbox 550 3904 686 3958; x_wconf 91' lang='lat' dir='ltr'><strong>illud</strong></span> <span class='ocrx_word' id='word_1_545' title='bbox 712 3904 856 3971; x_wconf 86' lang='lat' dir='ltr'><strong>quod</strong></span> <span class='ocrx_word' id='word_1_546' title='bbox 900 3911 1180 3971; x_wconf 89' lang='lat' dir='ltr'><strong>sumptum</strong></span> <span class='ocrx_word' id='word_1_547' title='bbox 1215 3912 1320 3967; x_wconf 88' lang='lat' dir='ltr'><strong>est,</strong></span> <span class='ocrx_word' id='word_1_548' title='bbox 1370 3904 1589 3973; x_wconf 88' lang='lat' dir='ltr'><strong>aspicis,</strong></span> <span class='ocrx_word' id='word_1_549' title='bbox 1640 3902 1775 3974; x_wconf 88' lang='lat' dir='ltr'><strong>quid</strong></span> <span class='ocrx_word' id='word_1_550' title='bbox 1810 3902 2032 3958; x_wconf 88' lang='lat' dir='ltr'><strong>homine</strong></span> 
     </span>
    </p>
   </div>
   <div class='ocr_carea' id='block_1_72' title="bbox 447 3989 2031 4064">
    <p class='ocr_par' dir='ltr' id='par_1_72' title="bbox 447 3989 2031 4064">
     <span class='ocr_line' id='line_1_72' title="bbox 447 3989 2031 4064; baseline 0.005 -22"><span class='ocrx_word' id='word_1_551' title='bbox 447 3989 649 4045; x_wconf 75' lang='lat' dir='ltr'><strong>vilius?</strong></span> <span class='ocrx_word' id='word_1_552' title='bbox 668 3990 764 4044; x_wconf 88' lang='lat' dir='ltr'><strong>Sin</strong></span> <span class='ocrx_word' id='word_1_553' title='bbox 783 3992 1053 4047; x_wconf 80' lang='lat' dir='ltr'><strong>artiﬁcem</strong></span> <span class='ocrx_word' id='word_1_554' title='bbox 1064 3993 1406 4057; x_wconf 87' lang='lat' dir='ltr'><strong>consideras,</strong></span> <span class='ocrx_word' id='word_1_555' title='bbox 1429 3996 1561 4064; x_wconf 91' lang='lat' dir='ltr'><strong>quid</strong></span> <span class='ocrx_word' id='word_1_556' title='bbox 1576 3996 1799 4052; x_wconf 88' lang='lat' dir='ltr'><strong>homine</strong></span> <span class='ocrx_word' id='word_1_557' title='bbox 1814 3996 2031 4064; x_wconf 81' lang='lat' dir='ltr'><strong>majus?</strong></span> 
     </span>
    </p>
   </div>
   <div class='ocr_carea' id='block_1_73' title="bbox 2139 3265 3717 3345">
    <p class='ocr_par' dir='ltr' id='par_1_73' title="bbox 2139 3265 3717 3345">
     <span class='ocr_line' id='line_1_73' title="bbox 2139 3265 3717 3345; baseline -0.006 -18"><span class='ocrx_word' id='word_1_558' title='bbox 2139 3274 2174 3345; x_wconf 80' lang='grc' dir='ltr'><strong>ἡ</strong></span> <span class='ocrx_word' id='word_1_559' title='bbox 2205 3270 2496 3343; x_wconf 82' lang='grc' dir='ltr'><strong>ἀνθρώπου</strong></span> <span class='ocrx_word' id='word_1_560' title='bbox 2546 3268 2778 3339; x_wconf 85' lang='grc' dir='ltr'><strong>γένεσις.</strong></span> <span class='ocrx_word' id='word_1_561' title='bbox 2829 3287 2848 3319; x_wconf 73' lang='grc' dir='ltr'><strong>ι</strong></span> <span class='ocrx_word' id='word_1_562' title='bbox 2893 3267 3092 3320; x_wconf 79' lang='grc' dir='ltr'><strong>Ἐλαὸε</strong></span> <span class='ocrx_word' id='word_1_563' title='bbox 3130 3266 3337 3337; x_wconf 82' lang='grc' dir='ltr'><strong>Κύριος</strong></span> <span class='ocrx_word' id='word_1_564' title='bbox 3387 3267 3418 3319; x_wconf 93' lang='lat'><strong>6</strong></span> <span class='ocrx_word' id='word_1_565' title='bbox 3469 3265 3635 3329; x_wconf 90' lang='grc' dir='ltr'><strong>Θεός·</strong></span> <span class='ocrx_word' id='word_1_566' title='bbox 3696 3285 3717 3317; x_wconf 71' lang='grc' dir='ltr'><strong>ι</strong></span> 
     </span>
    </p>
   </div>
   <div class='ocr_carea' id='block_1_74' title="bbox 2140 3352 3712 3431">
    <p class='ocr_par' dir='ltr' id='par_1_74' title="bbox 2140 3352 3712 3431">
     <span class='ocr_line' id='line_1_74' title="bbox 2140 3352 3712 3431; baseline -0.006 -13"><span class='ocrx_word' id='word_1_567' title='bbox 2140 3363 2389 3431; x_wconf 79' lang='grc' dir='ltr'><strong>καταξιοῖ</strong></span> <span class='ocrx_word' id='word_1_568' title='bbox 2431 3363 2537 3431; x_wconf 76' lang='grc' dir='ltr'><strong>ίδίᾳ</strong></span> <span class='ocrx_word' id='word_1_569' title='bbox 2584 3360 2731 3431; x_wconf 65' lang='grc' dir='ltr'><strong>χειρὶ⁵</strong></span> <span class='ocrx_word' id='word_1_570' title='bbox 2781 3352 3078 3413; x_wconf 80' lang='grc' dir='ltr'><strong>διαπλάσαι</strong></span> <span class='ocrx_word' id='word_1_571' title='bbox 3118 3356 3180 3410; x_wconf 87' lang='grc' dir='ltr'><strong>τὸ</strong></span> <span class='ocrx_word' id='word_1_572' title='bbox 3218 3357 3488 3428; x_wconf 78' lang='grc' dir='ltr'><strong>ἡμέτερον</strong></span> <span class='ocrx_word' id='word_1_573' title='bbox 3534 3356 3712 3427; x_wconf 74' lang='grc' dir='ltr'><strong>σῶμα.</strong></span> 
     </span>
    </p>
   </div>
   <div class='ocr_carea' id='block_1_75' title="bbox 2139 3445 3715 3528">
    <p class='ocr_par' dir='ltr' id='par_1_75' title="bbox 2139 3445 3715 3528">
     <span class='ocr_line' id='line_1_75' title="bbox 2139 3445 3715 3528; baseline -0.01 -16"><span class='ocrx_word' id='word_1_574' title='bbox 2139 3458 2215 3512; x_wconf 80' lang='grc' dir='ltr'><strong>οὐ</strong></span> <span class='ocrx_word' id='word_1_575' title='bbox 2251 3453 2583 3528; x_wconf 81' lang='grc' dir='ltr'><strong>προσέταξεν</strong></span> <span class='ocrx_word' id='word_1_576' title='bbox 2615 3451 2864 3522; x_wconf 80' lang='grc' dir='ltr'><strong>ἀγγέλῳ·</strong></span> <span class='ocrx_word' id='word_1_577' title='bbox 2897 3451 2995 3520; x_wconf 76' lang='grc' dir='ltr'><strong>οὐχ</strong></span> <span class='ocrx_word' id='word_1_578' title='bbox 3022 3452 3056 3520; x_wconf 88' lang='grc' dir='ltr'><strong>ή</strong></span> <span class='ocrx_word' id='word_1_579' title='bbox 3090 3449 3163 3519; x_wconf 82' lang='grc' dir='ltr'><strong>γῆ</strong></span> <span class='ocrx_word' id='word_1_580' title='bbox 3197 3448 3504 3517; x_wconf 76' lang='grc' dir='ltr'><strong>αὐτομάτος</strong></span> <span class='ocrx_word' id='word_1_581' title='bbox 3526 3445 3715 3515; x_wconf 84' lang='grc' dir='ltr'><strong>ὥσπερ</strong></span> 
     </span>
    </p>
   </div>
   <div class='ocr_carea' id='block_1_76' title="bbox 2138 3534 3716 3615">
    <p class='ocr_par' dir='ltr' id='par_1_76' title="bbox 2138 3534 3716 3615">
     <span class='ocr_line' id='line_1_76' title="bbox 2138 3534 3716 3615; baseline -0.009 -12"><span class='ocrx_word' id='word_1_582' title='bbox 2138 3549 2266 3613; x_wconf 72' lang='grc' dir='ltr'><strong>τοὺς</strong></span> <span class='ocrx_word' id='word_1_583' title='bbox 2311 3547 2569 3615; x_wconf 84' lang='grc' dir='ltr'><strong>τέττιγας</strong></span> <span class='ocrx_word' id='word_1_584' title='bbox 2623 3544 2772 3615; x_wconf 78' lang='grc' dir='ltr'><strong>ἡμᾶς</strong></span> <span class='ocrx_word' id='word_1_585' title='bbox 2817 3542 3105 3612; x_wconf 78' lang='grc' dir='ltr'><strong>ἐξέϐρασε,</strong></span> <span class='ocrx_word' id='word_1_586' title='bbox 3146 3540 3250 3594; x_wconf 78' lang='grc' dir='ltr'>οὐκ</span> <span class='ocrx_word' id='word_1_587' title='bbox 3295 3534 3419 3592; x_wconf 74' lang='grc' dir='ltr'><strong>εἷπε</strong></span> <span class='ocrx_word' id='word_1_588' title='bbox 3451 3537 3590 3607; x_wconf 79' lang='grc' dir='ltr'><strong>τῷδε</strong></span> <span class='ocrx_word' id='word_1_589' title='bbox 3625 3539 3716 3590; x_wconf 71' lang='grc' dir='ltr'><strong>καὶ</strong></span> 
     </span>
    </p>
   </div>
   <div class='ocr_carea' id='block_1_77' title="bbox 2136 3627 3721 3709">
    <p class='ocr_par' dir='ltr' id='par_1_77' title="bbox 2136 3627 3721 3709">
     <span class='ocr_line' id='line_1_77' title="bbox 2136 3627 3721 3709; baseline -0.008 -17"><span class='ocrx_word' id='word_1_590' title='bbox 2136 3638 2276 3709; x_wconf 81' lang='grc' dir='ltr'><strong>τῷδε</strong></span> <span class='ocrx_word' id='word_1_591' title='bbox 2322 3636 2545 3706; x_wconf 80' lang='grc' dir='ltr'><strong>ποιῆσαι</strong></span> <span class='ocrx_word' id='word_1_592' title='bbox 2586 3633 2988 3704; x_wconf 70' lang='grc' dir='ltr'><strong>λειωυργικαῖς</strong></span> <span class='ocrx_word' id='word_1_593' title='bbox 3042 3630 3359 3700; x_wconf 76' lang='grc' dir='ltr'><strong>δυνάμεσιν.</strong></span> <span class='ocrx_word' id='word_1_594' title='bbox 3414 3627 3557 3680; x_wconf 80' lang='grc' dir='ltr'><strong>Ἀλλ’</strong></span> <span class='ocrx_word' id='word_1_595' title='bbox 3616 3627 3721 3696; x_wconf 76' lang='grc' dir='ltr'><strong>ἰδίᾳ</strong></span> 
     </span>
    </p>
   </div>
   <div class='ocr_carea' id='block_1_78' title="bbox 2136 3720 3721 3807">
    <p class='ocr_par' dir='ltr' id='par_1_78' title="bbox 2136 3720 3721 3807">
     <span class='ocr_line' id='line_1_78' title="bbox 2136 3720 3721 3807; baseline -0.01 -19"><span class='ocrx_word' id='word_1_596' title='bbox 2136 3730 2285 3807; x_wconf 80' lang='grc' dir='ltr'><strong>χειρὶ</strong></span> <span class='ocrx_word' id='word_1_597' title='bbox 2331 3729 2654 3800; x_wconf 77' lang='grc' dir='ltr'><strong>φιλοτεχνεῖ,</strong></span> <span class='ocrx_word' id='word_1_598' title='bbox 2705 3727 2809 3797; x_wconf 84' lang='grc' dir='ltr'><strong>γῆν</strong></span> <span class='ocrx_word' id='word_1_599' title='bbox 2858 3724 3069 3778; x_wconf 74' lang='grc' dir='ltr'><strong>ἐλαϐεν.</strong></span> <span class='ocrx_word' id='word_1_600' title='bbox 3118 3723 3289 3777; x_wconf 80' lang='grc' dir='ltr'><strong>Ὅταν</strong></span> <span class='ocrx_word' id='word_1_601' title='bbox 3333 3720 3470 3792; x_wconf 86' lang='grc' dir='ltr'><strong>πρὸς</strong></span> <span class='ocrx_word' id='word_1_602' title='bbox 3516 3720 3581 3773; x_wconf 85' lang='grc' dir='ltr'><strong>τὸ</strong></span> <span class='ocrx_word' id='word_1_603' title='bbox 3626 3720 3721 3790; x_wconf 82' lang='grc' dir='ltr'><strong>λη-</strong></span> 
     </span>
    </p>
   </div>
   <div class='ocr_carea' id='block_1_79' title="bbox 2138 3809 3720 3895">
    <p class='ocr_par' dir='ltr' id='par_1_79' title="bbox 2138 3809 3720 3895">
     <span class='ocr_line' id='line_1_79' title="bbox 2138 3809 3720 3895; baseline -0.011 -15"><span class='ocrx_word' id='word_1_604' title='bbox 2138 3827 2271 3895; x_wconf 84' lang='grc' dir='ltr'><strong>φθὲν</strong></span> <span class='ocrx_word' id='word_1_605' title='bbox 2318 3822 2534 3895; x_wconf 77' lang='grc' dir='ltr'><strong>ἀπίδῃς,</strong></span> <span class='ocrx_word' id='word_1_606' title='bbox 2581 3819 2635 3873; x_wconf 89' lang='grc' dir='ltr'><strong>τί</strong></span> <span class='ocrx_word' id='word_1_607' title='bbox 2689 3819 2840 3870; x_wconf 81' lang='grc' dir='ltr'><strong>ἐστιν</strong></span> <span class='ocrx_word' id='word_1_608' title='bbox 2888 3814 3202 3885; x_wconf 64' lang='grc' dir='ltr'><strong>ἄνθρωποςς</strong></span> <span class='ocrx_word' id='word_1_609' title='bbox 3256 3814 3388 3895; x_wconf 70' lang='grc' dir='ltr'><strong>ὅταν</strong></span> <span class='ocrx_word' id='word_1_610' title='bbox 3442 3809 3720 3895; x_wconf 41' lang='grc' dir='ltr'><strong>πρὸς-τὸγ</strong></span> 
     </span>
    </p>
   </div>
   <div class='ocr_carea' id='block_1_80' title="bbox 2128 3884 3717 3979">
    <p class='ocr_par' dir='ltr' id='par_1_80' title="bbox 2128 3884 3717 3979">
     <span class='ocr_line' id='line_1_80' title="bbox 2128 3884 3717 3979; baseline -0.018 -13"><span class='ocrx_word' id='word_1_611' title='bbox 2128 3884 2414 3965; x_wconf 73' lang='grc' dir='ltr'><strong>πλάσαντι</strong></span> <span class='ocrx_word' id='word_1_612' title='bbox 2441 3884 2784 3979; x_wconf 67' lang='grc' dir='ltr'><strong>κατανοήσῃς</strong></span> <span class='ocrx_word' id='word_1_613' title='bbox 2808 3946 2823 3971; x_wconf 88' lang='grc'><strong>,</strong></span> <span class='ocrx_word' id='word_1_614' title='bbox 2856 3884 3002 3974; x_wconf 84' lang='grc' dir='ltr'><strong>μέγα</strong></span> <span class='ocrx_word' id='word_1_615' title='bbox 3019 3896 3327 3968; x_wconf 70' lang='grc' dir='ltr'><strong>ἄνθρωπος,</strong></span> <span class='ocrx_word' id='word_1_616' title='bbox 3351 3890 3497 3945; x_wconf 85' lang='grc' dir='ltr'><strong>ὥστε</strong></span> <span class='ocrx_word' id='word_1_617' title='bbox 3529 3887 3627 3942; x_wconf 68' lang='grc' dir='ltr'><strong>καὶ</strong></span> <span class='ocrx_word' id='word_1_618' title='bbox 3652 3884 3717 3938; x_wconf 84' lang='grc' dir='ltr'><strong>τὸ</strong></span> 
     </span>
    </p>
   </div>
   <div class='ocr_carea' id='block_1_81' title="bbox 2132 3984 3479 4074">
    <p class='ocr_par' dir='ltr' id='par_1_81' title="bbox 2132 3984 3479 4074">
     <span class='ocr_line' id='line_1_81' title="bbox 2132 3984 3479 4074; baseline -0.018 -16"><span class='ocrx_word' id='word_1_619' title='bbox 2132 4001 2300 4074; x_wconf 78' lang='grc' dir='ltr'><strong>μηδὲν</strong></span> <span class='ocrx_word' id='word_1_620' title='bbox 2328 4000 2417 4055; x_wconf 82' lang='grc' dir='ltr'><strong>διὰ</strong></span> <span class='ocrx_word' id='word_1_621' title='bbox 2443 3999 2543 4071; x_wconf 79' lang='grc' dir='ltr'><strong>τὴν</strong></span> <span class='ocrx_word' id='word_1_622' title='bbox 2570 3998 2726 4067; x_wconf 78' lang='grc' dir='ltr'><strong>ὓλην,</strong></span> <span class='ocrx_word' id='word_1_623' title='bbox 2765 3995 2861 4049; x_wconf 69' lang='grc' dir='ltr'><strong>καὶ</strong></span> <span class='ocrx_word' id='word_1_624' title='bbox 2883 3993 3026 4065; x_wconf 83' lang='grc' dir='ltr'><strong>μέγα</strong></span> <span class='ocrx_word' id='word_1_625' title='bbox 3047 3989 3135 4043; x_wconf 75' lang='grc' dir='ltr'><strong>διὰ</strong></span> <span class='ocrx_word' id='word_1_626' title='bbox 3166 3986 3265 4057; x_wconf 83' lang='grc' dir='ltr'><strong>τὴν</strong></span> <span class='ocrx_word' id='word_1_627' title='bbox 3289 3984 3479 4053; x_wconf 84' lang='grc' dir='ltr'><strong>τιμήν.</strong></span> 
     </span>
    </p>
   </div>
   <div class='ocr_carea' id='block_1_82' title="bbox 447 4073 3631 4156">
    <p class='ocr_par' dir='ltr' id='par_1_82' title="bbox 447 4073 3631 4156">
     <span class='ocr_line' id='line_1_82' title="bbox 447 4073 3631 4156; baseline -0.003 -21"><span class='ocrx_word' id='word_1_628' title='bbox 447 4083 921 4149; x_wconf 79' lang='lat' dir='ltr'><strong>Quemadmodum</strong></span> <span class='ocrx_word' id='word_1_629' title='bbox 950 4094 1177 4155; x_wconf 86' lang='lat' dir='ltr'><strong>prepter</strong></span> <span class='ocrx_word' id='word_1_630' title='bbox 1201 4086 1489 4142; x_wconf 90' lang='lat' dir='ltr'><strong>materiam</strong></span> <span class='ocrx_word' id='word_1_631' title='bbox 1513 4101 1580 4142; x_wconf 91' lang='lat' dir='ltr'><strong>eo</strong></span> <span class='ocrx_word' id='word_1_632' title='bbox 1602 4088 1742 4141; x_wconf 89' lang='lat' dir='ltr'><strong>nihil</strong></span> <span class='ocrx_word' id='word_1_633' title='bbox 1772 4086 2044 4156; x_wconf 90' lang='lat' dir='ltr'><strong>abjectius</strong></span> <span class='ocrx_word' id='word_1_634' title='bbox 2064 4125 2082 4153; x_wconf 95' lang='lat'><strong>,</strong></span> <span class='ocrx_word' id='word_1_635' title='bbox 2113 4073 2195 4142; x_wconf 81' lang='lat' dir='ltr'><strong>sic</strong></span> <span class='ocrx_word' id='word_1_636' title='bbox 2214 4093 2438 4155; x_wconf 85' lang='lat' dir='ltr'><strong>prepter</strong></span> <span class='ocrx_word' id='word_1_637' title='bbox 2464 4083 2739 4138; x_wconf 82' lang='lat' dir='ltr'><strong>elfeetoris</strong></span> <span class='ocrx_word' id='word_1_638' title='bbox 2768 4080 3088 4149; x_wconf 79' lang='lat' dir='ltr'><strong>dignitatem</strong></span> <span class='ocrx_word' id='word_1_639' title='bbox 3116 4076 3438 4148; x_wconf 63' lang='lat' dir='ltr'><strong>praeclarius</strong></span> <span class='ocrx_word' id='word_1_640' title='bbox 3470 4073 3631 4127; x_wconf 88' lang='lat' dir='ltr'><strong>nihil.</strong></span> 
     </span>
    </p>
   </div>
   <div class='ocr_carea' id='block_1_83' title="bbox 522 4172 2024 4242">
    <p class='ocr_par' dir='ltr' id='par_1_83' title="bbox 522 4172 2024 4242">
     <span class='ocr_line' id='line_1_83' title="bbox 522 4172 2024 4242; baseline 0.003 -19"><span class='ocrx_word' id='word_1_641' title='bbox 522 4190 542 4223; x_wconf 80' lang='grc' dir='ltr'><strong>ι</strong></span> <span class='ocrx_word' id='word_1_642' title='bbox 565 4172 628 4226; x_wconf 83' lang='grc' dir='ltr'><strong>Ει</strong></span> <span class='ocrx_word' id='word_1_643' title='bbox 645 4174 855 4242; x_wconf 87' lang='lat' dir='ltr'><strong>accepit</strong></span> <span class='ocrx_word' id='word_1_644' title='bbox 870 4173 1029 4229; x_wconf 91' lang='lat' dir='ltr'><strong>Deus.</strong></span> <span class='ocrx_word' id='word_1_645' title='bbox 1044 4193 1062 4226; x_wconf 75' lang='grc' dir='ltr'><strong>ι</strong></span> <span class='ocrx_word' id='word_1_646' title='bbox 1078 4174 1192 4229; x_wconf 87' lang='lat' dir='ltr'><strong>Cur</strong></span> <span class='ocrx_word' id='word_1_647' title='bbox 1204 4186 1409 4240; x_wconf 86' lang='lat' dir='ltr'><strong>autem,</strong></span> <span class='ocrx_word' id='word_1_648' title='bbox 1429 4192 1554 4231; x_wconf 91' lang='lat' dir='ltr'><strong>cum</strong></span> <span class='ocrx_word' id='word_1_649' title='bbox 1573 4175 1917 4231; x_wconf 87' lang='lat' dir='ltr'><strong>antedictum</strong></span> <span class='ocrx_word' id='word_1_650' title='bbox 1933 4176 2024 4241; x_wconf 87' lang='lat' dir='ltr'><strong>sit,</strong></span> 
     </span>
    </p>
   </div>
   <div class='ocr_carea' id='block_1_84' title="bbox 451 4263 2022 4340">
    <p class='ocr_par' dir='ltr' id='par_1_84' title="bbox 451 4263 2022 4340">
     <span class='ocr_line' id='line_1_84' title="bbox 451 4263 2022 4340; baseline 0.005 -27"><span class='ocrx_word' id='word_1_651' title='bbox 451 4284 469 4313; x_wconf 78' lang='grc' dir='ltr'><strong>ι</strong></span> <span class='ocrx_word' id='word_1_652' title='bbox 506 4263 569 4317; x_wconf 77' lang='lat' dir='ltr'><strong>Et</strong></span> <span class='ocrx_word' id='word_1_653' title='bbox 589 4263 713 4320; x_wconf 86' lang='lat' dir='ltr'><strong>fecit</strong></span> <span class='ocrx_word' id='word_1_654' title='bbox 738 4264 881 4320; x_wconf 86' lang='lat' dir='ltr'><strong>Deus</strong></span> <span class='ocrx_word' id='word_1_655' title='bbox 907 4266 1207 4333; x_wconf 80' lang='lat' dir='ltr'><strong>hominem,</strong></span> <span class='ocrx_word' id='word_1_656' title='bbox 1238 4288 1258 4320; x_wconf 70' lang='grc' dir='ltr'><strong>ι</strong></span> <span class='ocrx_word' id='word_1_657' title='bbox 1290 4268 1380 4323; x_wconf 90' lang='lat' dir='ltr'><strong>hic</strong></span> <span class='ocrx_word' id='word_1_658' title='bbox 1403 4270 1457 4323; x_wconf 90' lang='lat' dir='ltr'><strong>in</strong></span> <span class='ocrx_word' id='word_1_659' title='bbox 1480 4269 1599 4339; x_wconf 89' lang='lat' dir='ltr'><strong>ejus</strong></span> <span class='ocrx_word' id='word_1_660' title='bbox 1621 4269 2022 4340; x_wconf 87' lang='lat' dir='ltr'><strong>procreatione,</strong></span> 
     </span>
    </p>
   </div>
   <div class='ocr_carea' id='block_1_85' title="bbox 444 4354 2022 4426">
    <p class='ocr_par' dir='ltr' id='par_1_85' title="bbox 444 4354 2022 4426">
     <span class='ocr_line' id='line_1_85' title="bbox 444 4354 2022 4426; baseline 0.002 -17"><span class='ocrx_word' id='word_1_661' title='bbox 444 4366 705 4426; x_wconf 87' lang='lat' dir='ltr'><strong>tanquam</strong></span> <span class='ocrx_word' id='word_1_662' title='bbox 738 4357 790 4412; x_wconf 92' lang='lat' dir='ltr'><strong>id</strong></span> <span class='ocrx_word' id='word_1_663' title='bbox 820 4375 928 4413; x_wconf 92' lang='lat' dir='ltr'><strong>non</strong></span> <span class='ocrx_word' id='word_1_664' title='bbox 952 4360 1406 4426; x_wconf 81' lang='lat' dir='ltr'><strong>intellexerimus,</strong></span> <span class='ocrx_word' id='word_1_665' title='bbox 1438 4361 1494 4415; x_wconf 89' lang='lat' dir='ltr'><strong>in</strong></span> <span class='ocrx_word' id='word_1_666' title='bbox 1517 4360 1751 4415; x_wconf 83' lang='lat' dir='ltr'><strong>historia</strong></span> <span class='ocrx_word' id='word_1_667' title='bbox 1781 4354 2022 4414; x_wconf 84' lang='lat' dir='ltr'><strong>dicitur:</strong></span> 
     </span>
    </p>
   </div>
   <div class='ocr_carea' id='block_1_86' title="bbox 447 4446 2025 4521">
    <p class='ocr_par' dir='ltr' id='par_1_86' title="bbox 447 4446 2025 4521">
     <span class='ocr_line' id='line_1_86' title="bbox 447 4446 2025 4521; baseline 0.004 -23"><span class='ocrx_word' id='word_1_668' title='bbox 447 4465 466 4498; x_wconf 77' lang='grc' dir='ltr'><strong>ι</strong></span> <span class='ocrx_word' id='word_1_669' title='bbox 492 4446 555 4501; x_wconf 83' lang='grc' dir='ltr'><strong>Ει</strong></span> <span class='ocrx_word' id='word_1_670' title='bbox 577 4449 787 4518; x_wconf 86' lang='lat' dir='ltr'><strong>accepit</strong></span> <span class='ocrx_word' id='word_1_671' title='bbox 815 4447 958 4505; x_wconf 90' lang='lat' dir='ltr'><strong>Deus</strong></span> <span class='ocrx_word' id='word_1_672' title='bbox 989 4452 1268 4521; x_wconf 84' lang='lat' dir='ltr'><strong>pulverem</strong></span> <span class='ocrx_word' id='word_1_673' title='bbox 1301 4468 1332 4506; x_wconf 92' lang='lat' dir='ltr'><strong>e</strong></span> <span class='ocrx_word' id='word_1_674' title='bbox 1358 4460 1502 4517; x_wconf 77' lang='lat' dir='ltr'><strong>terra</strong></span> <span class='ocrx_word' id='word_1_675' title='bbox 1540 4460 1595 4507; x_wconf 88' lang='lat' dir='ltr'><strong>et</strong></span> <span class='ocrx_word' id='word_1_676' title='bbox 1633 4451 1892 4507; x_wconf 81' lang='lat' dir='ltr'><strong>formavit</strong></span> <span class='ocrx_word' id='word_1_677' title='bbox 1925 4449 2025 4504; x_wconf 89' lang='lat' dir='ltr'><strong>ho-</strong></span> 
     </span>
    </p>
   </div>
   <div class='ocr_carea' id='block_1_87' title="bbox 2208 4167 3719 4236">
    <p class='ocr_par' dir='ltr' id='par_1_87' title="bbox 2208 4167 3719 4236">
     <span class='ocr_line' id='line_1_87' title="bbox 2208 4167 3719 4236; baseline -0.005 -10"><span class='ocrx_word' id='word_1_678' title='bbox 2208 4193 2227 4226; x_wconf 70' lang='lat' dir='ltr'><strong>c</strong></span> <span class='ocrx_word' id='word_1_679' title='bbox 2257 4174 2366 4228; x_wconf 79' lang='grc' dir='ltr'><strong>Καὶ</strong></span> <span class='ocrx_word' id='word_1_680' title='bbox 2390 4173 2579 4227; x_wconf 79' lang='grc' dir='ltr'><strong>ἐλαϐεν</strong></span> <span class='ocrx_word' id='word_1_681' title='bbox 2618 4176 2647 4226; x_wconf 89' lang='grc' dir='ltr'>ὁ</span> <span class='ocrx_word' id='word_1_682' title='bbox 2675 4173 2827 4236; x_wconf 84' lang='grc' dir='ltr'><strong>Θεός.</strong></span> <span class='ocrx_word' id='word_1_683' title='bbox 2859 4170 2878 4225; x_wconf 60' lang='grc' dir='ltr'><strong>ι</strong></span> <span class='ocrx_word' id='word_1_684' title='bbox 2929 4170 3091 4223; x_wconf 56' lang='lat' dir='ltr'><strong>nam</strong></span> <span class='ocrx_word' id='word_1_685' title='bbox 3119 4169 3270 4233; x_wconf 85' lang='grc' dir='ltr'><strong>πῶς;</strong></span> <span class='ocrx_word' id='word_1_686' title='bbox 3311 4168 3461 4220; x_wconf 84' lang='grc' dir='ltr'>Ἐκεῖ</span> <span class='ocrx_word' id='word_1_687' title='bbox 3490 4167 3551 4218; x_wconf 79' lang='grc' dir='ltr'><strong>ἐν</strong></span> <span class='ocrx_word' id='word_1_688' title='bbox 3603 4170 3719 4229; x_wconf 81' lang='grc' dir='ltr'><strong>τοῖς</strong></span> 
     </span>
    </p>
   </div>
   <div class='ocr_carea' id='block_1_88' title="bbox 2132 4260 3718 4335">
    <p class='ocr_par' dir='ltr' id='par_1_88' title="bbox 2132 4260 3718 4335">
     <span class='ocr_line' id='line_1_88' title="bbox 2132 4260 3718 4335; baseline -0.005 -15"><span class='ocrx_word' id='word_1_689' title='bbox 2132 4266 2388 4331; x_wconf 82' lang='grc' dir='ltr'><strong>κατόπιν,</strong></span> <span class='ocrx_word' id='word_1_690' title='bbox 2424 4285 2441 4315; x_wconf 75' lang='grc' dir='ltr'><strong>ι</strong></span> <span class='ocrx_word' id='word_1_691' title='bbox 2458 4266 2566 4318; x_wconf 74' lang='lat' dir='ltr'><strong>Kal.</strong></span> <span class='ocrx_word' id='word_1_692' title='bbox 2597 4264 2852 4335; x_wconf 83' lang='grc' dir='ltr'><strong>ἐποίησεν</strong></span> <span class='ocrx_word' id='word_1_693' title='bbox 2891 4265 2920 4316; x_wconf 90' lang='lat'><strong>6</strong></span> <span class='ocrx_word' id='word_1_694' title='bbox 2946 4262 3080 4325; x_wconf 89' lang='grc' dir='ltr'>Θεὸς</span> <span class='ocrx_word' id='word_1_695' title='bbox 3105 4261 3196 4314; x_wconf 89' lang='grc' dir='ltr'><strong>τὸν</strong></span> <span class='ocrx_word' id='word_1_696' title='bbox 3222 4261 3509 4331; x_wconf 76' lang='grc' dir='ltr'><strong>ἄνθρωπον</strong></span> <span class='ocrx_word' id='word_1_697' title='bbox 3534 4278 3549 4290; x_wconf 91' lang='grc'><strong>·</strong></span> <span class='ocrx_word' id='word_1_698' title='bbox 3573 4277 3593 4310; x_wconf 71' lang='grc' dir='ltr'><strong>ι</strong></span> <span class='ocrx_word' id='word_1_699' title='bbox 3633 4260 3718 4312; x_wconf 80' lang='grc' dir='ltr'><strong>ὲν-</strong></span> 
     </span>
    </p>
   </div>
   <div class='ocr_carea' id='block_1_89' title="bbox 2131 4351 3720 4425">
    <p class='ocr_par' dir='ltr' id='par_1_89' title="bbox 2131 4351 3720 4425">
     <span class='ocr_line' id='line_1_89' title="bbox 2131 4351 3720 4425; baseline -0.006 -13"><span class='ocrx_word' id='word_1_700' title='bbox 2131 4356 2305 4412; x_wconf 84' lang='grc' dir='ltr'><strong>ταῦθα</strong></span> <span class='ocrx_word' id='word_1_701' title='bbox 2335 4356 2414 4420; x_wconf 87' lang='grc' dir='ltr'><strong>δὲ,</strong></span> <span class='ocrx_word' id='word_1_702' title='bbox 2449 4355 2657 4410; x_wconf 79' lang='grc' dir='ltr'><strong>ἄνωθεν</strong></span> <span class='ocrx_word' id='word_1_703' title='bbox 2681 4354 2970 4425; x_wconf 66' lang='grc' dir='ltr'><strong>ἀνθρώπου</strong></span> <span class='ocrx_word' id='word_1_704' title='bbox 2997 4353 3210 4423; x_wconf 87' lang='grc' dir='ltr'><strong>γένεσις</strong></span> <span class='ocrx_word' id='word_1_705' title='bbox 3236 4368 3248 4382; x_wconf 74' lang='grc' dir='ltr'>σ</span> <span class='ocrx_word' id='word_1_706' title='bbox 3272 4352 3348 4415; x_wconf 85' lang='grc' dir='ltr'><strong>ὡς</strong></span> <span class='ocrx_word' id='word_1_707' title='bbox 3377 4351 3554 4423; x_wconf 79' lang='grc' dir='ltr'><strong>μηδὲν</strong></span> <span class='ocrx_word' id='word_1_708' title='bbox 3588 4351 3720 4421; x_wconf 74' lang='grc' dir='ltr'><strong>περὶ</strong></span> 
     </span>
    </p>
   </div>
   <div class='ocr_carea' id='block_1_90' title="bbox 2130 4442 3719 4519">
    <p class='ocr_par' dir='ltr' id='par_1_90' title="bbox 2130 4442 3719 4519">
     <span class='ocr_line' id='line_1_90' title="bbox 2130 4442 3719 4519; baseline -0.005 -18"><span class='ocrx_word' id='word_1_709' title='bbox 2130 4447 2420 4519; x_wconf 86' lang='grc' dir='ltr'><strong>ἀνθρώπου</strong></span> <span class='ocrx_word' id='word_1_710' title='bbox 2449 4447 2846 4518; x_wconf 85' lang='grc' dir='ltr'><strong>δεδιδαγμένων</strong></span> <span class='ocrx_word' id='word_1_711' title='bbox 2881 4445 3058 4517; x_wconf 76' lang='grc' dir='ltr'><strong>ἡμῶν,</strong></span> <span class='ocrx_word' id='word_1_712' title='bbox 3088 4445 3297 4515; x_wconf 66' lang='grc' dir='ltr'><strong>ἱστορία</strong></span> <span class='ocrx_word' id='word_1_713' title='bbox 3333 4442 3481 4510; x_wconf 79' lang='grc' dir='ltr'><strong>λέγει</strong></span> <span class='ocrx_word' id='word_1_714' title='bbox 3507 4460 3522 4472; x_wconf 80' lang='grc'><em>’</em></span> <span class='ocrx_word' id='word_1_715' title='bbox 3567 4462 3586 4493; x_wconf 84' lang='grc'><strong>‹</strong></span> <span class='ocrx_word' id='word_1_716' title='bbox 3608 4442 3719 4513; x_wconf 74' lang='lat' dir='ltr'><strong>Kal.</strong></span> 
     </span>
    </p>
   </div>
   <div class='ocr_carea' id='block_1_91' title="bbox 443 4533 2030 4620">
    <p class='ocr_par' dir='ltr' id='par_1_91' title="bbox 443 4538 2020 4612">
     <span class='ocr_line' id='line_1_91' title="bbox 443 4538 2020 4612; baseline 0.003 -25"><span class='ocrx_word' id='word_1_717' title='bbox 443 4539 726 4594; x_wconf 64' lang='lat' dir='ltr'><strong>minem?»</strong></span> <span class='ocrx_word' id='word_1_718' title='bbox 763 4538 1129 4596; x_wconf 88' lang='lat' dir='ltr'><strong>Tradiderunt</strong></span> <span class='ocrx_word' id='word_1_719' title='bbox 1173 4542 1286 4611; x_wconf 91' lang='lat' dir='ltr'><strong>jam</strong></span> <span class='ocrx_word' id='word_1_720' title='bbox 1331 4543 1553 4612; x_wconf 89' lang='lat' dir='ltr'><strong>quidam</strong></span> <span class='ocrx_word' id='word_1_721' title='bbox 1595 4542 1821 4597; x_wconf 89' lang='lat' dir='ltr'><strong>verbum</strong></span> <span class='ocrx_word' id='word_1_722' title='bbox 1866 4540 2020 4605; x_wconf 89' lang='lat' dir='ltr'><strong>illud,</strong></span> 
     </span>
    </p>
   </div>
   <div class='ocr_carea' id='block_1_92' title="bbox 2137 4533 3717 4620">
    <p class='ocr_par' dir='ltr' id='par_1_92' title="bbox 2137 4533 3717 4609">
     <span class='ocr_line' id='line_1_92' title="bbox 2137 4533 3717 4609; baseline -0.006 -15"><span class='ocrx_word' id='word_1_723' title='bbox 2137 4540 2323 4594; x_wconf 76' lang='grc' dir='ltr'><strong>Ελαΰεν</strong></span> <span class='ocrx_word' id='word_1_724' title='bbox 2345 4540 2375 4593; x_wconf 92' lang='lat'><strong>6</strong></span> <span class='ocrx_word' id='word_1_725' title='bbox 2401 4539 2532 4602; x_wconf 82' lang='grc' dir='ltr'>Θεὸς</span> <span class='ocrx_word' id='word_1_726' title='bbox 2559 4538 2686 4609; x_wconf 82' lang='grc' dir='ltr'><strong>χοῦν</strong></span> <span class='ocrx_word' id='word_1_727' title='bbox 2720 4538 2829 4599; x_wconf 85' lang='grc' dir='ltr'>ἀπὸ</span> <span class='ocrx_word' id='word_1_728' title='bbox 2856 4537 2958 4608; x_wconf 79' lang='grc' dir='ltr'><strong>τῆς</strong></span> <span class='ocrx_word' id='word_1_729' title='bbox 2979 4536 3099 4607; x_wconf 81' lang='grc' dir='ltr'><strong>γῆς·</strong></span> <span class='ocrx_word' id='word_1_730' title='bbox 3144 4537 3237 4590; x_wconf 76' lang='grc' dir='ltr'><strong>καὶ</strong></span> <span class='ocrx_word' id='word_1_731' title='bbox 3261 4534 3493 4588; x_wconf 80' lang='grc' dir='ltr'><strong>ἔπλασεν</strong></span> <span class='ocrx_word' id='word_1_732' title='bbox 3525 4535 3554 4586; x_wconf 89' lang='lat'><strong>6</strong></span> <span class='ocrx_word' id='word_1_733' title='bbox 3583 4533 3717 4597; x_wconf 83' lang='grc' dir='ltr'>Θεὸς</span> 
     </span>
    </p>
   </div>
   <div class='ocr_carea' id='block_1_93' title="bbox 447 4627 2021 4701">
    <p class='ocr_par' dir='ltr' id='par_1_93' title="bbox 447 4627 2021 4701">
     <span class='ocr_line' id='line_1_93' title="bbox 447 4627 2021 4701; baseline 0.004 -22"><span class='ocrx_word' id='word_1_734' title='bbox 447 4648 465 4679; x_wconf 75' lang='grc' dir='ltr'><strong>ι</strong></span> <span class='ocrx_word' id='word_1_735' title='bbox 496 4627 798 4695; x_wconf 84' lang='lat' dir='ltr'><strong>Formavit,</strong></span> <span class='ocrx_word' id='word_1_736' title='bbox 831 4647 850 4680; x_wconf 80' lang='grc' dir='ltr'><strong>ι</strong></span> <span class='ocrx_word' id='word_1_737' title='bbox 878 4633 945 4684; x_wconf 89' lang='lat' dir='ltr'><strong>ad</strong></span> <span class='ocrx_word' id='word_1_738' title='bbox 974 4645 1176 4701; x_wconf 89' lang='lat' dir='ltr'><strong>corpus</strong></span> <span class='ocrx_word' id='word_1_739' title='bbox 1208 4632 1405 4685; x_wconf 85' lang='lat' dir='ltr'><strong>relerri</strong></span> <span class='ocrx_word' id='word_1_740' title='bbox 1430 4647 1444 4683; x_wconf 90' lang='lat'><strong>:</strong></span> <span class='ocrx_word' id='word_1_741' title='bbox 1466 4647 1483 4679; x_wconf 78' lang='grc' dir='ltr'><strong>ι</strong></span> <span class='ocrx_word' id='word_1_742' title='bbox 1513 4630 1699 4685; x_wconf 65' lang='lat' dir='ltr'><strong>Fecit»</strong></span> <span class='ocrx_word' id='word_1_743' title='bbox 1723 4637 1928 4698; x_wconf 87' lang='lat' dir='ltr'><strong>autem,</strong></span> <span class='ocrx_word' id='word_1_744' title='bbox 1951 4631 2021 4686; x_wconf 87' lang='lat' dir='ltr'><strong>ad</strong></span> 
     </span>
    </p>
   </div>
   <div class='ocr_carea' id='block_1_94' title="bbox 442 4720 2017 4791">
    <p class='ocr_par' dir='ltr' id='par_1_94' title="bbox 442 4720 2017 4791">
     <span class='ocr_line' id='line_1_94' title="bbox 442 4720 2017 4791; baseline 0.004 -19"><span class='ocrx_word' id='word_1_745' title='bbox 442 4720 688 4776; x_wconf 80' lang='lat' dir='ltr'><strong>animum</strong></span> <span class='ocrx_word' id='word_1_746' title='bbox 699 4720 852 4787; x_wconf 79' lang='lat' dir='ltr'><strong>.Quae</strong></span> <span class='ocrx_word' id='word_1_747' title='bbox 867 4721 1088 4791; x_wconf 88' lang='lat' dir='ltr'><strong>quidem</strong></span> <span class='ocrx_word' id='word_1_748' title='bbox 1106 4722 1246 4777; x_wconf 86' lang='lat' dir='ltr'><strong>ratio</strong></span> <span class='ocrx_word' id='word_1_749' title='bbox 1264 4721 1405 4777; x_wconf 89' lang='lat' dir='ltr'><strong>forte</strong></span> <span class='ocrx_word' id='word_1_750' title='bbox 1419 4736 1527 4776; x_wconf 92' lang='lat' dir='ltr'><strong>non</strong></span> <span class='ocrx_word' id='word_1_751' title='bbox 1543 4721 1801 4776; x_wconf 88' lang='lat' dir='ltr'><strong>abhorret</strong></span> <span class='ocrx_word' id='word_1_752' title='bbox 1818 4737 1850 4775; x_wconf 90' lang='lat' dir='ltr'><strong>a</strong></span> <span class='ocrx_word' id='word_1_753' title='bbox 1864 4736 2017 4779; x_wconf 78' lang='lat' dir='ltr'><strong>vero.</strong></span> 
     </span>
    </p>
   </div>
   <div class='ocr_carea' id='block_1_95' title="bbox 445 4812 2027 4885">
    <p class='ocr_par' dir='ltr' id='par_1_95' title="bbox 445 4812 2027 4885">
     <span class='ocr_line' id='line_1_95' title="bbox 445 4812 2027 4885; baseline 0.003 -17"><span class='ocrx_word' id='word_1_754' title='bbox 445 4812 515 4868; x_wconf 87' lang='lat' dir='ltr'><strong>Ut</strong></span> <span class='ocrx_word' id='word_1_755' title='bbox 538 4830 662 4869; x_wconf 88' lang='lat' dir='ltr'><strong>cum</strong></span> <span class='ocrx_word' id='word_1_756' title='bbox 693 4816 1075 4885; x_wconf 72' lang='lat' dir='ltr'><strong>exponendum</strong></span> <span class='ocrx_word' id='word_1_757' title='bbox 1095 4826 1242 4873; x_wconf 87' lang='lat' dir='ltr'><strong>esset</strong></span> <span class='ocrx_word' id='word_1_758' title='bbox 1272 4819 1545 4873; x_wconf 89' lang='lat' dir='ltr'><strong>hominem</strong></span> <span class='ocrx_word' id='word_1_759' title='bbox 1572 4833 1695 4873; x_wconf 85' lang='lat' dir='ltr'><strong>esse</strong></span> <span class='ocrx_word' id='word_1_760' title='bbox 1728 4817 1931 4872; x_wconf 87' lang='lat' dir='ltr'><strong>factum</strong></span> <span class='ocrx_word' id='word_1_761' title='bbox 1957 4817 2027 4872; x_wconf 88' lang='lat' dir='ltr'><strong>ad</strong></span> 
     </span>
    </p>
   </div>
   <div class='ocr_carea' id='block_1_96' title="bbox 444 4904 2026 4979">
    <p class='ocr_par' dir='ltr' id='par_1_96' title="bbox 444 4904 2026 4979">
     <span class='ocr_line' id='line_1_96' title="bbox 444 4904 2026 4979; baseline 0.001 -18"><span class='ocrx_word' id='word_1_762' title='bbox 444 4904 737 4978; x_wconf 82' lang='lat' dir='ltr'><strong>imaginem</strong></span> <span class='ocrx_word' id='word_1_763' title='bbox 770 4907 887 4972; x_wconf 86' lang='lat' dir='ltr'><strong>Dei,</strong></span> <span class='ocrx_word' id='word_1_764' title='bbox 922 4910 1189 4979; x_wconf 90' lang='lat' dir='ltr'><strong>scriptum</strong></span> <span class='ocrx_word' id='word_1_765' title='bbox 1231 4909 1323 4977; x_wconf 85' lang='lat' dir='ltr'><strong>sit,</strong></span> <span class='ocrx_word' id='word_1_766' title='bbox 1363 4929 1383 4961; x_wconf 75' lang='grc' dir='ltr'><strong>ι</strong></span> <span class='ocrx_word' id='word_1_767' title='bbox 1424 4908 1570 4965; x_wconf 84' lang='lat' dir='ltr'><strong>Fecit</strong></span> <span class='ocrx_word' id='word_1_768' title='bbox 1604 4928 1617 4964; x_wconf 92' lang='lat'><strong>:</strong></span> <span class='ocrx_word' id='word_1_769' title='bbox 1648 4926 1668 4960; x_wconf 74' lang='grc' dir='ltr'><strong>ι</strong></span> <span class='ocrx_word' id='word_1_770' title='bbox 1691 4924 1817 4965; x_wconf 92' lang='lat' dir='ltr'><strong>cum</strong></span> <span class='ocrx_word' id='word_1_771' title='bbox 1845 4918 2026 4963; x_wconf 87' lang='lat' dir='ltr'><strong>autem</strong></span> 
     </span>
    </p>
   </div>
   <div class='ocr_carea' id='block_1_97' title="bbox 444 5002 2025 5073">
    <p class='ocr_par' dir='ltr' id='par_1_97' title="bbox 444 5002 2025 5073">
     <span class='ocr_line' id='line_1_97' title="bbox 444 5002 2025 5073; baseline -0.002 -16"><span class='ocrx_word' id='word_1_772' title='bbox 444 5011 590 5057; x_wconf 88' lang='lat' dir='ltr'><strong>esset</strong></span> <span class='ocrx_word' id='word_1_773' title='bbox 632 5002 987 5070; x_wconf 79' lang='lat' dir='ltr'><strong>explicanda,</strong></span> <span class='ocrx_word' id='word_1_774' title='bbox 1034 5018 1155 5072; x_wconf 67' lang='lat' dir='ltr'><strong>quae</strong></span> <span class='ocrx_word' id='word_1_775' title='bbox 1186 5003 1257 5057; x_wconf 90' lang='lat' dir='ltr'><strong>ad</strong></span> <span class='ocrx_word' id='word_1_776' title='bbox 1288 5003 1539 5073; x_wconf 89' lang='lat' dir='ltr'><strong>corporis</strong></span> <span class='ocrx_word' id='word_1_777' title='bbox 1577 5003 2025 5059; x_wconf 87' lang='lat' dir='ltr'><strong>constitutionem</strong></span> 
     </span>
    </p>
   </div>
   <div class='ocr_carea' id='block_1_98' title="bbox 444 5095 2024 5163">
    <p class='ocr_par' dir='ltr' id='par_1_98' title="bbox 444 5095 2024 5163">
     <span class='ocr_line' id='line_1_98' title="bbox 444 5095 2024 5163; baseline 0 -15"><span class='ocrx_word' id='word_1_778' title='bbox 444 5095 899 5163; x_wconf 87' lang='lat' dir='ltr'><strong>pertinerent,-ea</strong></span> <span class='ocrx_word' id='word_1_779' title='bbox 927 5110 1029 5149; x_wconf 83' lang='lat' dir='ltr'><strong>vox</strong></span> <span class='ocrx_word' id='word_1_780' title='bbox 1052 5137 1066 5162; x_wconf 90' lang='lat'><strong>,</strong></span> <span class='ocrx_word' id='word_1_781' title='bbox 1105 5115 1125 5147; x_wconf 72' lang='grc' dir='ltr'><strong>ι</strong></span> <span class='ocrx_word' id='word_1_782' title='bbox 1165 5095 1463 5161; x_wconf 86' lang='lat' dir='ltr'><strong>Formavit,</strong></span> <span class='ocrx_word' id='word_1_783' title='bbox 1504 5115 1523 5149; x_wconf 71' lang='grc' dir='ltr'><strong>ι</strong></span> <span class='ocrx_word' id='word_1_784' title='bbox 1561 5095 1807 5152; x_wconf 88' lang='lat' dir='ltr'><strong>adhibita</strong></span> <span class='ocrx_word' id='word_1_785' title='bbox 1837 5096 2024 5158; x_wconf 87' lang='lat' dir='ltr'><strong>fuerit,</strong></span> 
     </span>
    </p>
   </div>
   <div class='ocr_carea' id='block_1_99' title="bbox 446 5183 2027 5255">
    <p class='ocr_par' dir='ltr' id='par_1_99' title="bbox 446 5183 2027 5255">
     <span class='ocr_line' id='line_1_99' title="bbox 446 5183 2027 5255; baseline 0 -19"><span class='ocrx_word' id='word_1_786' title='bbox 446 5186 746 5252; x_wconf 69' lang='lat' dir='ltr'><strong>praesertim</strong></span> <span class='ocrx_word' id='word_1_787' title='bbox 770 5200 895 5239; x_wconf 91' lang='lat' dir='ltr'><strong>cum</strong></span> <span class='ocrx_word' id='word_1_788' title='bbox 926 5185 1094 5239; x_wconf 91' lang='lat' dir='ltr'><strong>David</strong></span> <span class='ocrx_word' id='word_1_789' title='bbox 1120 5185 1240 5255; x_wconf 89' lang='lat' dir='ltr'><strong>ipse</strong></span> <span class='ocrx_word' id='word_1_790' title='bbox 1269 5185 1565 5248; x_wconf 87' lang='lat' dir='ltr'><strong>discrimen</strong></span> <span class='ocrx_word' id='word_1_791' title='bbox 1600 5185 1793 5238; x_wconf 91' lang='lat' dir='ltr'><strong>horum</strong></span> <span class='ocrx_word' id='word_1_792' title='bbox 1830 5183 2027 5238; x_wconf 80' lang='lat' dir='ltr'><strong>verbo—</strong></span> 
     </span>
    </p>
   </div>
   <div class='ocr_carea' id='block_1_100' title="bbox 448 5274 2029 5341">
    <p class='ocr_par' dir='ltr' id='par_1_100' title="bbox 448 5274 2029 5341">
     <span class='ocr_line' id='line_1_100' title="bbox 448 5274 2029 5341; baseline 0.001 -15"><span class='ocrx_word' id='word_1_793' title='bbox 448 5289 566 5327; x_wconf 90' lang='lat' dir='ltr'><strong>rum</strong></span> <span class='ocrx_word' id='word_1_794' title='bbox 599 5275 856 5332; x_wconf 89' lang='lat' dir='ltr'><strong>docuisse</strong></span> <span class='ocrx_word' id='word_1_795' title='bbox 888 5275 1157 5341; x_wconf 89' lang='lat' dir='ltr'><strong>videatur,</strong></span> <span class='ocrx_word' id='word_1_796' title='bbox 1190 5275 1321 5330; x_wconf 92' lang='lat' dir='ltr'><strong>dum</strong></span> <span class='ocrx_word' id='word_1_797' title='bbox 1353 5277 1560 5331; x_wconf 87' lang='lat' dir='ltr'><strong>diceret</strong></span> <span class='ocrx_word' id='word_1_798' title='bbox 1593 5296 1607 5331; x_wconf 88' lang='lat'>:</span> <span class='ocrx_word' id='word_1_799' title='bbox 1644 5294 1662 5327; x_wconf 76' lang='grc' dir='ltr'><strong>ι</strong></span> <span class='ocrx_word' id='word_1_800' title='bbox 1701 5274 1893 5330; x_wconf 79' lang='lat' dir='ltr'><strong>Manus</strong></span> <span class='ocrx_word' id='word_1_801' title='bbox 1921 5282 2029 5328; x_wconf 72' lang='lat' dir='ltr'><strong>tum</strong></span> 
     </span>
    </p>
   </div>
   <div class='ocr_carea' id='block_1_101' title="bbox 450 5358 2026 5435">
    <p class='ocr_par' dir='ltr' id='par_1_101' title="bbox 450 5358 2026 5435">
     <span class='ocr_line' id='line_1_101' title="bbox 450 5358 2026 5435; baseline 0.001 -18"><span class='ocrx_word' id='word_1_802' title='bbox 450 5365 696 5421; x_wconf 86' lang='lat' dir='ltr'><strong>fecerunt</strong></span> <span class='ocrx_word' id='word_1_803' title='bbox 727 5384 835 5435; x_wconf 90' lang='lat' dir='ltr'><strong>me,</strong></span> <span class='ocrx_word' id='word_1_804' title='bbox 872 5376 927 5424; x_wconf 90' lang='lat' dir='ltr'><strong>et</strong></span> <span class='ocrx_word' id='word_1_805' title='bbox 956 5358 1334 5424; x_wconf 82' lang='lat' dir='ltr'><strong>formaverunt</strong></span> <span class='ocrx_word' id='word_1_806' title='bbox 1363 5384 1470 5422; x_wconf 86' lang='lat' dir='ltr'><strong>me.</strong></span> <span class='ocrx_word' id='word_1_807' title='bbox 1512 5387 1531 5418; x_wconf 73' lang='grc' dir='ltr'><strong>ι</strong></span> <span class='ocrx_word' id='word_1_808' title='bbox 1564 5366 1713 5421; x_wconf 88' lang='lat' dir='ltr'><strong>Fecit</strong></span> <span class='ocrx_word' id='word_1_809' title='bbox 1752 5367 2026 5420; x_wconf 89' lang='lat' dir='ltr'><strong>hominem</strong></span> 
     </span>
    </p>
   </div>
   <div class='ocr_carea' id='block_1_102' title="bbox 450 5450 2029 5522">
    <p class='ocr_par' dir='ltr' id='par_1_102' title="bbox 450 5450 2029 5522">
     <span class='ocr_line' id='line_1_102' title="bbox 450 5450 2029 5522; baseline 0.001 -16"><span class='ocrx_word' id='word_1_810' title='bbox 450 5455 800 5522; x_wconf 84' lang='lat' dir='ltr'><strong>interiorem,</strong></span> <span class='ocrx_word' id='word_1_811' title='bbox 865 5456 1198 5511; x_wconf 79' lang='lat' dir='ltr'><strong>exteriorem</strong></span> <span class='ocrx_word' id='word_1_812' title='bbox 1247 5456 1523 5510; x_wconf 83' lang='lat' dir='ltr'><strong>formavit.</strong></span> <span class='ocrx_word' id='word_1_813' title='bbox 1575 5450 1834 5509; x_wconf 77' lang='lat' dir='ltr'><strong>Formare</strong></span> <span class='ocrx_word' id='word_1_814' title='bbox 1879 5454 2029 5508; x_wconf 85' lang='lat' dir='ltr'><strong>enim</strong></span> 
     </span>
    </p>
   </div>
   <div class='ocr_carea' id='block_1_103' title="bbox 449 5545 2028 5616">
    <p class='ocr_par' dir='ltr' id='par_1_103' title="bbox 449 5545 2028 5616">
     <span class='ocr_line' id='line_1_103' title="bbox 449 5545 2028 5616; baseline 0 -19"><span class='ocrx_word' id='word_1_815' title='bbox 449 5547 703 5613; x_wconf 69' lang='lat' dir='ltr'><strong>coiigruit</strong></span> <span class='ocrx_word' id='word_1_816' title='bbox 746 5546 883 5611; x_wconf 90' lang='lat' dir='ltr'><strong>luto,</strong></span> <span class='ocrx_word' id='word_1_817' title='bbox 940 5546 1123 5603; x_wconf 88' lang='lat' dir='ltr'><strong>facere</strong></span> <span class='ocrx_word' id='word_1_818' title='bbox 1157 5555 1338 5602; x_wconf 87' lang='lat' dir='ltr'><strong>autem</strong></span> <span class='ocrx_word' id='word_1_819' title='bbox 1393 5546 1621 5616; x_wconf 79' lang='lat' dir='ltr'><strong>imagini</strong></span> <span class='ocrx_word' id='word_1_820' title='bbox 1661 5546 1776 5600; x_wconf 90' lang='lat' dir='ltr'><strong>Dei.</strong></span> <span class='ocrx_word' id='word_1_821' title='bbox 1819 5545 2028 5611; x_wconf 57' lang='lat' dir='ltr'><strong>Quam-a</strong></span> 
     </span>
    </p>
   </div>
   <div class='ocr_carea' id='block_1_104' title="bbox 451 5634 2028 5706">
    <p class='ocr_par' dir='ltr' id='par_1_104' title="bbox 451 5634 2028 5706">
     <span class='ocr_line' id='line_1_104' title="bbox 451 5634 2028 5706; baseline 0.001 -17"><span class='ocrx_word' id='word_1_822' title='bbox 451 5634 641 5690; x_wconf 86' lang='lat' dir='ltr'><strong>ubrem</strong></span> <span class='ocrx_word' id='word_1_823' title='bbox 670 5637 904 5692; x_wconf 86' lang='lat' dir='ltr'><strong>formata</strong></span> <span class='ocrx_word' id='word_1_824' title='bbox 927 5648 1011 5693; x_wconf 86' lang='lat' dir='ltr'><strong>est</strong></span> <span class='ocrx_word' id='word_1_825' title='bbox 1039 5654 1191 5704; x_wconf 84' lang='lat' dir='ltr'><strong>caro,</strong></span> <span class='ocrx_word' id='word_1_826' title='bbox 1227 5639 1445 5693; x_wconf 84' lang='lat' dir='ltr'><strong>animus</strong></span> <span class='ocrx_word' id='word_1_827' title='bbox 1464 5653 1595 5693; x_wconf 88' lang='lat' dir='ltr'><strong>vero</strong></span> <span class='ocrx_word' id='word_1_828' title='bbox 1626 5637 1822 5694; x_wconf 86' lang='lat' dir='ltr'><strong>factus.</strong></span> <span class='ocrx_word' id='word_1_829' title='bbox 1852 5637 2028 5706; x_wconf 76' lang='lat' dir='ltr'><strong>Expo—</strong></span> 
     </span>
    </p>
   </div>
   <div class='ocr_carea' id='block_1_105' title="bbox 455 5726 2029 5801">
    <p class='ocr_par' dir='ltr' id='par_1_105' title="bbox 455 5726 2029 5801">
     <span class='ocr_line' id='line_1_105' title="bbox 455 5726 2029 5801; baseline 0.001 -21"><span class='ocrx_word' id='word_1_830' title='bbox 455 5726 579 5781; x_wconf 81' lang='lat' dir='ltr'><strong>sitis</strong></span> <span class='ocrx_word' id='word_1_831' title='bbox 613 5727 777 5797; x_wconf 80' lang='lat' dir='ltr'><strong>igitur</strong></span> <span class='ocrx_word' id='word_1_832' title='bbox 824 5737 971 5792; x_wconf 82' lang='lat' dir='ltr'><strong>ante,</strong></span> <span class='ocrx_word' id='word_1_833' title='bbox 1015 5747 1137 5801; x_wconf 65' lang='lat' dir='ltr'><strong>qua:</strong></span> <span class='ocrx_word' id='word_1_834' title='bbox 1187 5732 1252 5785; x_wconf 88' lang='lat' dir='ltr'><strong>ad</strong></span> <span class='ocrx_word' id='word_1_835' title='bbox 1301 5729 1744 5786; x_wconf 88' lang='lat' dir='ltr'><strong>constituendum</strong></span> <span class='ocrx_word' id='word_1_836' title='bbox 1787 5732 2029 5783; x_wconf 88' lang='lat' dir='ltr'><strong>animum</strong></span> 
     </span>
    </p>
   </div>
   <div class='ocr_carea' id='block_1_106' title="bbox 452 5816 2027 5890">
    <p class='ocr_par' dir='ltr' id='par_1_106' title="bbox 452 5816 2027 5890">
     <span class='ocr_line' id='line_1_106' title="bbox 452 5816 2027 5890; baseline -0.001 -18"><span class='ocrx_word' id='word_1_837' title='bbox 452 5827 722 5885; x_wconf 65' lang='lat' dir='ltr'><strong>spectant,</strong></span> <span class='ocrx_word' id='word_1_838' title='bbox 756 5833 899 5872; x_wconf 86' lang='lat' dir='ltr'><strong>nunc</strong></span> <span class='ocrx_word' id='word_1_839' title='bbox 926 5834 988 5872; x_wconf 87' lang='lat' dir='ltr'><strong>ea</strong></span> <span class='ocrx_word' id='word_1_840' title='bbox 1027 5828 1233 5886; x_wconf 87' lang='lat' dir='ltr'><strong>narrat,</strong></span> <span class='ocrx_word' id='word_1_841' title='bbox 1285 5835 1406 5890; x_wconf 69' lang='lat' dir='ltr'><strong>qum</strong></span> <span class='ocrx_word' id='word_1_842' title='bbox 1452 5819 1520 5873; x_wconf 86' lang='lat' dir='ltr'><strong>ad</strong></span> <span class='ocrx_word' id='word_1_843' title='bbox 1554 5833 1752 5888; x_wconf 79' lang='lat' dir='ltr'><strong>corpus</strong></span> <span class='ocrx_word' id='word_1_844' title='bbox 1790 5816 2027 5872; x_wconf 82' lang='lat' dir='ltr'><strong>conflan-</strong></span> 
     </span>
    </p>
   </div>
   <div class='ocr_carea' id='block_1_107' title="bbox 2128 4624 3716 4703">
    <p class='ocr_par' dir='ltr' id='par_1_107' title="bbox 2128 4624 3716 4703">
     <span class='ocr_line' id='line_1_107' title="bbox 2128 4624 3716 4703; baseline -0.005 -16"><span class='ocrx_word' id='word_1_845' title='bbox 2128 4634 2220 4687; x_wconf 76' lang='grc' dir='ltr'><strong>τὸν</strong></span> <span class='ocrx_word' id='word_1_846' title='bbox 2247 4631 2552 4703; x_wconf 79' lang='grc' dir='ltr'><strong>ἄνθρωπον.</strong></span> <span class='ocrx_word' id='word_1_847' title='bbox 2581 4651 2599 4683; x_wconf 68' lang='grc' dir='ltr'><strong>ι</strong></span> <span class='ocrx_word' id='word_1_848' title='bbox 2639 4630 2777 4701; x_wconf 82' lang='grc' dir='ltr'><strong>Ἤδη</strong></span> <span class='ocrx_word' id='word_1_849' title='bbox 2806 4630 2949 4693; x_wconf 80' lang='grc' dir='ltr'><strong>τινὲς</strong></span> <span class='ocrx_word' id='word_1_850' title='bbox 2980 4629 3213 4698; x_wconf 69' lang='grc' dir='ltr'><strong>ἔφασαν,</strong></span> <span class='ocrx_word' id='word_1_851' title='bbox 3240 4627 3302 4680; x_wconf 87' lang='grc' dir='ltr'><strong>τὸ</strong></span> <span class='ocrx_word' id='word_1_852' title='bbox 3343 4626 3442 4697; x_wconf 79' lang='grc' dir='ltr'><strong>μὲν</strong></span> <span class='ocrx_word' id='word_1_853' title='bbox 3492 4645 3511 4677; x_wconf 79' lang='grc' dir='ltr'><strong>ι</strong></span> <span class='ocrx_word' id='word_1_854' title='bbox 3550 4624 3716 4679; x_wconf 61' lang='lat' dir='ltr'><strong>Enita-</strong></span> 
     </span>
    </p>
   </div>
   <div class='ocr_carea' id='block_1_108' title="bbox 2131 4716 3710 4791">
    <p class='ocr_par' dir='ltr' id='par_1_108' title="bbox 2131 4716 3710 4791">
     <span class='ocr_line' id='line_1_108' title="bbox 2131 4716 3710 4791; baseline -0.004 -16"><span class='ocrx_word' id='word_1_855' title='bbox 2131 4740 2221 4776; x_wconf 89' lang='grc' dir='ltr'><strong>σεν</strong></span> <span class='ocrx_word' id='word_1_856' title='bbox 2243 4743 2262 4773; x_wconf 72' lang='grc' dir='ltr'><strong>ο</strong></span> <span class='ocrx_word' id='word_1_857' title='bbox 2304 4723 2396 4774; x_wconf 76' lang='grc' dir='ltr'><strong>ἐπὶ</strong></span> <span class='ocrx_word' id='word_1_858' title='bbox 2423 4720 2520 4773; x_wconf 79' lang='grc' dir='ltr'><strong>τοῦ</strong></span> <span class='ocrx_word' id='word_1_859' title='bbox 2565 4719 2819 4790; x_wconf 83' lang='grc' dir='ltr'><strong>σώματος</strong></span> <span class='ocrx_word' id='word_1_860' title='bbox 2852 4718 3103 4791; x_wconf 81' lang='grc' dir='ltr'><strong>είρῆσθαι</strong></span> <span class='ocrx_word' id='word_1_861' title='bbox 3127 4735 3141 4748; x_wconf 74' lang='grc'><strong><em>⁸</em></strong></span> <span class='ocrx_word' id='word_1_862' title='bbox 3175 4716 3236 4770; x_wconf 84' lang='grc' dir='ltr'><strong>τὸ</strong></span> <span class='ocrx_word' id='word_1_863' title='bbox 3278 4717 3335 4770; x_wconf 83' lang='grc' dir='ltr'><strong>δὲ</strong></span> <span class='ocrx_word' id='word_1_864' title='bbox 3368 4716 3666 4785; x_wconf 74' lang='grc' dir='ltr'><strong>(εποίησεν</strong></span> <span class='ocrx_word' id='word_1_865' title='bbox 3691 4736 3710 4767; x_wconf 73' lang='grc' dir='ltr'><strong>ι</strong></span> 
     </span>
    </p>
   </div>
   <div class='ocr_carea' id='block_1_109' title="bbox 2128 4809 3712 4883">
    <p class='ocr_par' dir='ltr' id='par_1_109' title="bbox 2128 4809 3712 4883">
     <span class='ocr_line' id='line_1_109' title="bbox 2128 4809 3712 4883; baseline -0.003 -17"><span class='ocrx_word' id='word_1_866' title='bbox 2128 4813 2222 4867; x_wconf 73' lang='grc' dir='ltr'><strong>ἐπὶ</strong></span> <span class='ocrx_word' id='word_1_867' title='bbox 2244 4813 2343 4883; x_wconf 83' lang='grc' dir='ltr'><strong>τῆς</strong></span> <span class='ocrx_word' id='word_1_868' title='bbox 2365 4811 2561 4883; x_wconf 75' lang='grc' dir='ltr'><strong>ψυχῆς.</strong></span> <span class='ocrx_word' id='word_1_869' title='bbox 2590 4811 2750 4875; x_wconf 78' lang='grc' dir='ltr'><strong>Ἴσως</strong></span> <span class='ocrx_word' id='word_1_870' title='bbox 2777 4810 2900 4864; x_wconf 80' lang='grc' dir='ltr'><strong>οὐδὲ</strong></span> <span class='ocrx_word' id='word_1_871' title='bbox 2930 4810 3037 4879; x_wconf 80' lang='grc' dir='ltr'><strong>ἐξω</strong></span> <span class='ocrx_word' id='word_1_872' title='bbox 3059 4810 3160 4880; x_wconf 78' lang='grc' dir='ltr'><strong>τῆς</strong></span> <span class='ocrx_word' id='word_1_873' title='bbox 3185 4809 3444 4880; x_wconf 80' lang='grc' dir='ltr'><strong>ἀληθείας</strong></span> <span class='ocrx_word' id='word_1_874' title='bbox 3471 4810 3501 4861; x_wconf 87' lang='lat'><strong>6</strong></span> <span class='ocrx_word' id='word_1_875' title='bbox 3533 4809 3712 4874; x_wconf 80' lang='grc' dir='ltr'><strong>λόγος.</strong></span> 
     </span>
    </p>
   </div>
   <div class='ocr_carea' id='block_1_110' title="bbox 2131 4901 3715 4981">
    <p class='ocr_par' dir='ltr' id='par_1_110' title="bbox 2131 4901 3715 4981">
     <span class='ocr_line' id='line_1_110' title="bbox 2131 4901 3715 4981; baseline -0.004 -22"><span class='ocrx_word' id='word_1_876' title='bbox 2131 4906 2306 4959; x_wconf 83' lang='grc' dir='ltr'><strong>Ὅπου</strong></span> <span class='ocrx_word' id='word_1_877' title='bbox 2341 4904 2439 4976; x_wconf 81' lang='grc' dir='ltr'><strong>μὲν</strong></span> <span class='ocrx_word' id='word_1_878' title='bbox 2480 4905 2588 4976; x_wconf 72' lang='grc' dir='ltr'><strong>γὰρ</strong></span> <span class='ocrx_word' id='word_1_879' title='bbox 2627 4904 2843 4981; x_wconf 71' lang='grc' dir='ltr'><strong>εἴρηται</strong></span> <span class='ocrx_word' id='word_1_880' title='bbox 2866 4944 2881 4967; x_wconf 91' lang='grc'><strong>,</strong></span> <span class='ocrx_word' id='word_1_881' title='bbox 2922 4921 2942 4955; x_wconf 73' lang='grc' dir='ltr'><strong>ι</strong></span> <span class='ocrx_word' id='word_1_882' title='bbox 2970 4903 3082 4957; x_wconf 75' lang='lat' dir='ltr'><strong>Kal.</strong></span> <span class='ocrx_word' id='word_1_883' title='bbox 3108 4902 3362 4973; x_wconf 80' lang='grc' dir='ltr'><strong>ἐποίησεν</strong></span> <span class='ocrx_word' id='word_1_884' title='bbox 3407 4903 3436 4953; x_wconf 87' lang='lat'><strong>6</strong></span> <span class='ocrx_word' id='word_1_885' title='bbox 3463 4901 3597 4966; x_wconf 83' lang='grc' dir='ltr'>Θεὸς</span> <span class='ocrx_word' id='word_1_886' title='bbox 3624 4901 3715 4954; x_wconf 89' lang='grc' dir='ltr'><strong>τὸν</strong></span> 
     </span>
    </p>
   </div>
   <div class='ocr_carea' id='block_1_111' title="bbox 2128 4992 3717 5068">
    <p class='ocr_par' dir='ltr' id='par_1_111' title="bbox 2128 4992 3717 5068">
     <span class='ocr_line' id='line_1_111' title="bbox 2128 4992 3717 5068; baseline -0.005 -16"><span class='ocrx_word' id='word_1_887' title='bbox 2128 4997 2439 5068; x_wconf 79' lang='grc' dir='ltr'><strong>ἄνθρωπον,</strong></span> <span class='ocrx_word' id='word_1_888' title='bbox 2476 5016 2493 5048; x_wconf 79' lang='grc' dir='ltr'><strong>ι</strong></span> <span class='ocrx_word' id='word_1_889' title='bbox 2547 4997 2668 5050; x_wconf 84' lang='grc' dir='ltr'><strong>κατ’</strong></span> <span class='ocrx_word' id='word_1_890' title='bbox 2706 4996 2892 5049; x_wconf 84' lang='grc' dir='ltr'><strong>εἰκόνα</strong></span> <span class='ocrx_word' id='word_1_891' title='bbox 2932 4994 3069 5048; x_wconf 79' lang='grc' dir='ltr'>Θεοῦ</span> <span class='ocrx_word' id='word_1_892' title='bbox 3114 4994 3370 5065; x_wconf 80' lang='grc' dir='ltr'><strong>ἐποίησεν</strong></span> <span class='ocrx_word' id='word_1_893' title='bbox 3412 4992 3604 5058; x_wconf 80' lang='grc' dir='ltr'><strong>αὐτὸν,</strong></span> <span class='ocrx_word' id='word_1_894' title='bbox 3656 4992 3717 5045; x_wconf 83' lang='grc' dir='ltr'><strong>τὸ</strong></span> 
     </span>
    </p>
   </div>
   <div class='ocr_carea' id='block_1_112' title="bbox 2135 5083 3718 5159">
    <p class='ocr_par' dir='ltr' id='par_1_112' title="bbox 2135 5083 3718 5159">
     <span class='ocr_line' id='line_1_112' title="bbox 2135 5083 3718 5159; baseline -0.003 -20"><span class='ocrx_word' id='word_1_895' title='bbox 2135 5109 2154 5139; x_wconf 73' lang='grc' dir='ltr'>ε</span> <span class='ocrx_word' id='word_1_896' title='bbox 2185 5088 2440 5159; x_wconf 81' lang='grc' dir='ltr'><strong>ἐποίησεν</strong></span> <span class='ocrx_word' id='word_1_897' title='bbox 2472 5107 2489 5139; x_wconf 75' lang='grc' dir='ltr'><strong>ι</strong></span> <span class='ocrx_word' id='word_1_898' title='bbox 2518 5087 2750 5158; x_wconf 66' lang='grc' dir='ltr'><strong>εἴρηταιι</strong></span> <span class='ocrx_word' id='word_1_899' title='bbox 2773 5088 2907 5140; x_wconf 81' lang='grc' dir='ltr'><strong>ὅπου</strong></span> <span class='ocrx_word' id='word_1_900' title='bbox 2930 5085 2987 5139; x_wconf 78' lang='grc' dir='ltr'><strong>δὲ</strong></span> <span class='ocrx_word' id='word_1_901' title='bbox 3010 5085 3196 5139; x_wconf 87' lang='grc' dir='ltr'><strong>λοιπὸν</strong></span> <span class='ocrx_word' id='word_1_902' title='bbox 3211 5085 3341 5155; x_wconf 78' lang='grc' dir='ltr'><strong>περὶ</strong></span> <span class='ocrx_word' id='word_1_903' title='bbox 3354 5083 3456 5153; x_wconf 82' lang='grc' dir='ltr'><strong>τῆς</strong></span> <span class='ocrx_word' id='word_1_904' title='bbox 3471 5100 3718 5154; x_wconf 80' lang='grc' dir='ltr'><strong>σωματι-</strong></span> 
     </span>
    </p>
   </div>
   <div class='ocr_carea' id='block_1_113' title="bbox 2130 5175 3715 5252">
    <p class='ocr_par' dir='ltr' id='par_1_113' title="bbox 2130 5175 3715 5252">
     <span class='ocr_line' id='line_1_113' title="bbox 2130 5175 3715 5252; baseline -0.004 -18"><span class='ocrx_word' id='word_1_905' title='bbox 2130 5180 2231 5252; x_wconf 82' lang='grc' dir='ltr'><strong>κῆς</strong></span> <span class='ocrx_word' id='word_1_906' title='bbox 2266 5180 2611 5242; x_wconf 80' lang='grc' dir='ltr'><strong>ὑποστάσεως</strong></span> <span class='ocrx_word' id='word_1_907' title='bbox 2644 5180 2776 5247; x_wconf 84' lang='grc' dir='ltr'><strong>ἡμῖν</strong></span> <span class='ocrx_word' id='word_1_908' title='bbox 2810 5178 3097 5247; x_wconf 82' lang='grc' dir='ltr'><strong>διηγεῖται,</strong></span> <span class='ocrx_word' id='word_1_909' title='bbox 3119 5175 3182 5229; x_wconf 88' lang='grc' dir='ltr'><strong>τὸ</strong></span> <span class='ocrx_word' id='word_1_910' title='bbox 3211 5195 3230 5227; x_wconf 71' lang='grc' dir='ltr'><strong>ι</strong></span> <span class='ocrx_word' id='word_1_911' title='bbox 3266 5175 3469 5229; x_wconf 74' lang='grc' dir='ltr'><strong>ἔπλασε</strong></span> <span class='ocrx_word' id='word_1_912' title='bbox 3494 5194 3513 5226; x_wconf 76' lang='grc' dir='ltr'><strong>ι</strong></span> <span class='ocrx_word' id='word_1_913' title='bbox 3544 5175 3715 5242; x_wconf 60' lang='grc' dir='ltr'><strong>λέγεις</strong></span> 
     </span>
    </p>
   </div>
   <div class='ocr_carea' id='block_1_114' title="bbox 2129 5265 3716 5343">
    <p class='ocr_par' dir='ltr' id='par_1_114' title="bbox 2129 5265 3716 5343">
     <span class='ocr_line' id='line_1_114' title="bbox 2129 5265 3716 5343; baseline -0.006 -17"><span class='ocrx_word' id='word_1_914' title='bbox 2129 5271 2400 5343; x_wconf 68' lang='grc' dir='ltr'><strong>Διαφορὶιν</strong></span> <span class='ocrx_word' id='word_1_915' title='bbox 2430 5271 2487 5324; x_wconf 83' lang='grc' dir='ltr'><strong>δὲ</strong></span> <span class='ocrx_word' id='word_1_916' title='bbox 2517 5272 2787 5339; x_wconf 72' lang='grc' dir='ltr'><strong>ποιήσεως</strong></span> <span class='ocrx_word' id='word_1_917' title='bbox 2813 5270 2907 5322; x_wconf 77' lang='grc' dir='ltr'><strong>καὶ</strong></span> <span class='ocrx_word' id='word_1_918' title='bbox 2933 5267 3185 5331; x_wconf 81' lang='grc' dir='ltr'><strong>πλάσεως</strong></span> <span class='ocrx_word' id='word_1_919' title='bbox 3221 5267 3316 5319; x_wconf 80' lang='grc' dir='ltr'><strong>καὶ</strong></span> <span class='ocrx_word' id='word_1_920' title='bbox 3348 5267 3378 5318; x_wconf 84' lang='grc' dir='ltr'>ὁ</span> <span class='ocrx_word' id='word_1_921' title='bbox 3408 5265 3716 5336; x_wconf 80' lang='grc' dir='ltr'><strong>Ψαλμῳδὸς</strong></span> 
     </span>
    </p>
   </div>
   <div class='ocr_carea' id='block_1_115' title="bbox 2129 5359 3714 5431">
    <p class='ocr_par' dir='ltr' id='par_1_115' title="bbox 2129 5359 3714 5431">
     <span class='ocr_line' id='line_1_115' title="bbox 2129 5359 3714 5431; baseline -0.004 -15"><span class='ocrx_word' id='word_1_922' title='bbox 2129 5362 2368 5427; x_wconf 80' lang='grc' dir='ltr'><strong>ἐδίδαξεν</strong></span> <span class='ocrx_word' id='word_1_923' title='bbox 2401 5362 2570 5415; x_wconf 79' lang='grc' dir='ltr'><strong>εἰπών</strong></span> <span class='ocrx_word' id='word_1_924' title='bbox 2595 5379 2608 5391; x_wconf 89' lang='grc'><strong>·</strong></span> <span class='ocrx_word' id='word_1_925' title='bbox 2650 5379 2668 5411; x_wconf 76' lang='grc' dir='ltr'><strong>ι</strong></span> <span class='ocrx_word' id='word_1_926' title='bbox 2692 5363 2758 5413; x_wconf 79' lang='grc' dir='ltr'><strong>Δί</strong></span> <span class='ocrx_word' id='word_1_927' title='bbox 2804 5361 2985 5431; x_wconf 82' lang='grc' dir='ltr'><strong>χεῖρές</strong></span> <span class='ocrx_word' id='word_1_928' title='bbox 3033 5377 3129 5413; x_wconf 91' lang='grc' dir='ltr'><strong>σου</strong></span> <span class='ocrx_word' id='word_1_929' title='bbox 3184 5360 3448 5429; x_wconf 79' lang='grc' dir='ltr'><strong>ἐποίησάν</strong></span> <span class='ocrx_word' id='word_1_930' title='bbox 3501 5375 3570 5429; x_wconf 88' lang='grc' dir='ltr'><strong>με</strong></span> <span class='ocrx_word' id='word_1_931' title='bbox 3620 5359 3714 5410; x_wconf 79' lang='grc' dir='ltr'><strong>καὶ</strong></span> 
     </span>
    </p>
   </div>
   <div class='ocr_carea' id='block_1_116' title="bbox 2129 5446 3712 5521">
    <p class='ocr_par' dir='ltr' id='par_1_116' title="bbox 2129 5446 3712 5521">
     <span class='ocr_line' id='line_1_116' title="bbox 2129 5446 3712 5521; baseline -0.003 -16"><span class='ocrx_word' id='word_1_932' title='bbox 2129 5452 2369 5505; x_wconf 72' lang='grc' dir='ltr'><strong>ἔπλασαν</strong></span> <span class='ocrx_word' id='word_1_933' title='bbox 2393 5467 2483 5521; x_wconf 90' lang='grc' dir='ltr'><strong>με.</strong></span> <span class='ocrx_word' id='word_1_934' title='bbox 2515 5470 2533 5501; x_wconf 74' lang='grc' dir='ltr'><strong>ι</strong></span> <span class='ocrx_word' id='word_1_935' title='bbox 2578 5448 2834 5520; x_wconf 80' lang='grc' dir='ltr'><strong>Ἐποίησε</strong></span> <span class='ocrx_word' id='word_1_936' title='bbox 2876 5448 2968 5502; x_wconf 87' lang='grc' dir='ltr'><strong>τὸν</strong></span> <span class='ocrx_word' id='word_1_937' title='bbox 2999 5448 3107 5502; x_wconf 77' lang='grc' dir='ltr'><strong>ἔσω</strong></span> <span class='ocrx_word' id='word_1_938' title='bbox 3139 5448 3425 5519; x_wconf 80' lang='grc' dir='ltr'><strong>ἄνθρωπον</strong></span> <span class='ocrx_word' id='word_1_939' title='bbox 3446 5487 3463 5513; x_wconf 91' lang='grc'><strong>,</strong></span> <span class='ocrx_word' id='word_1_940' title='bbox 3509 5446 3712 5500; x_wconf 71' lang='grc' dir='ltr'><strong>ἔπλασε</strong></span> 
     </span>
    </p>
   </div>
   <div class='ocr_carea' id='block_1_117' title="bbox 2129 5537 3713 5613">
    <p class='ocr_par' dir='ltr' id='par_1_117' title="bbox 2129 5537 3713 5613">
     <span class='ocr_line' id='line_1_117' title="bbox 2129 5537 3713 5613; baseline -0.006 -13"><span class='ocrx_word' id='word_1_941' title='bbox 2129 5546 2222 5600; x_wconf 87' lang='grc' dir='ltr'><strong>τὸν</strong></span> <span class='ocrx_word' id='word_1_942' title='bbox 2253 5543 2377 5607; x_wconf 83' lang='grc' dir='ltr'><strong>ἔξω,</strong></span> <span class='ocrx_word' id='word_1_943' title='bbox 2408 5544 2518 5596; x_wconf 74' lang='grc' dir='ltr'><strong>Καὶ</strong></span> <span class='ocrx_word' id='word_1_944' title='bbox 2550 5541 2659 5613; x_wconf 82' lang='grc' dir='ltr'><strong>γὰρ</strong></span> <span class='ocrx_word' id='word_1_945' title='bbox 2703 5543 2904 5612; x_wconf 84' lang='grc' dir='ltr'><strong>πρέπει</strong></span> <span class='ocrx_word' id='word_1_946' title='bbox 2939 5542 2973 5611; x_wconf 88' lang='grc' dir='ltr'><strong>ή</strong></span> <span class='ocrx_word' id='word_1_947' title='bbox 3010 5542 3109 5611; x_wconf 83' lang='grc' dir='ltr'><strong>μὲν</strong></span> <span class='ocrx_word' id='word_1_948' title='bbox 3144 5539 3338 5603; x_wconf 78' lang='grc' dir='ltr'><strong>πλάσις</strong></span> <span class='ocrx_word' id='word_1_949' title='bbox 3370 5537 3528 5607; x_wconf 81' lang='grc' dir='ltr'><strong>πηλῷ</strong></span> <span class='ocrx_word' id='word_1_950' title='bbox 3553 5553 3565 5565; x_wconf 86' lang='grc'><strong>·</strong></span> <span class='ocrx_word' id='word_1_951' title='bbox 3596 5539 3629 5607; x_wconf 83' lang='grc' dir='ltr'><strong>ή</strong></span> <span class='ocrx_word' id='word_1_952' title='bbox 3657 5537 3713 5591; x_wconf 81' lang='grc' dir='ltr'><strong>δὲ</strong></span> 
     </span>
    </p>
   </div>
   <div class='ocr_carea' id='block_1_118' title="bbox 2132 5628 3708 5703">
    <p class='ocr_par' dir='ltr' id='par_1_118' title="bbox 2132 5628 3708 5703">
     <span class='ocr_line' id='line_1_118' title="bbox 2132 5628 3708 5703; baseline -0.003 -19"><span class='ocrx_word' id='word_1_953' title='bbox 2132 5634 2348 5702; x_wconf 84' lang='grc' dir='ltr'><strong>ποίησις</strong></span> <span class='ocrx_word' id='word_1_954' title='bbox 2368 5633 2444 5703; x_wconf 86' lang='grc' dir='ltr'><strong>τῷ</strong></span> <span class='ocrx_word' id='word_1_955' title='bbox 2478 5635 2599 5687; x_wconf 70' lang='grc' dir='ltr'><strong>κατ’</strong></span> <span class='ocrx_word' id='word_1_956' title='bbox 2629 5632 2832 5685; x_wconf 86' lang='grc' dir='ltr'><strong>εἰκόνα.</strong></span> <span class='ocrx_word' id='word_1_957' title='bbox 2872 5633 3036 5686; x_wconf 80' lang='grc' dir='ltr'><strong>’Ὥστε</strong></span> <span class='ocrx_word' id='word_1_958' title='bbox 3073 5630 3315 5701; x_wconf 78' lang='grc' dir='ltr'><strong>ἐπλάσθη</strong></span> <span class='ocrx_word' id='word_1_959' title='bbox 3345 5629 3446 5699; x_wconf 82' lang='grc' dir='ltr'><strong>μὲν</strong></span> <span class='ocrx_word' id='word_1_960' title='bbox 3471 5629 3505 5696; x_wconf 83' lang='grc' dir='ltr'>ὴ</span> <span class='ocrx_word' id='word_1_961' title='bbox 3552 5628 3708 5698; x_wconf 75' lang='grc' dir='ltr'><strong>σὰρξ,</strong></span> 
     </span>
    </p>
   </div>
   <div class='ocr_carea' id='block_1_119' title="bbox 2130 5722 3713 5796">
    <p class='ocr_par' dir='ltr' id='par_1_119' title="bbox 2130 5722 3713 5796">
     <span class='ocr_line' id='line_1_119' title="bbox 2130 5722 3713 5796; baseline 0.013 -32"><span class='ocrx_word' id='word_1_962' title='bbox 2130 5725 2358 5795; x_wconf 49' lang='lat' dir='ltr'><strong>{ﬂamen</strong></span> <span class='ocrx_word' id='word_1_963' title='bbox 2391 5725 2449 5777; x_wconf 74' lang='grc' dir='ltr'><strong>δὲ</strong></span> <span class='ocrx_word' id='word_1_964' title='bbox 2492 5727 2528 5796; x_wconf 78' lang='grc' dir='ltr'>ὴ</span> <span class='ocrx_word' id='word_1_965' title='bbox 2554 5724 2720 5795; x_wconf 78' lang='grc' dir='ltr'><strong>ψυχή.</strong></span> <span class='ocrx_word' id='word_1_966' title='bbox 2757 5724 2905 5777; x_wconf 84' lang='grc' dir='ltr'><strong>Ἀνω</strong></span> <span class='ocrx_word' id='word_1_967' title='bbox 2944 5725 3123 5776; x_wconf 85' lang='grc' dir='ltr'><strong>τοίνυν</strong></span> <span class='ocrx_word' id='word_1_968' title='bbox 3154 5722 3325 5777; x_wconf 80' lang='grc' dir='ltr'><strong>εἰπὼν</strong></span> <span class='ocrx_word' id='word_1_969' title='bbox 3366 5723 3498 5793; x_wconf 80' lang='grc' dir='ltr'><strong>περὶ</strong></span> <span class='ocrx_word' id='word_1_970' title='bbox 3538 5724 3713 5794; x_wconf 76' lang='grc' dir='ltr'><strong>ψυχῆς</strong></span> 
     </span>
    </p>
   </div>
   <div class='ocr_carea' id='block_1_120' title="bbox 2131 5816 3710 5890">
    <p class='ocr_par' dir='ltr' id='par_1_120' title="bbox 2131 5816 3710 5890">
     <span class='ocr_line' id='line_1_120' title="bbox 2131 5816 3710 5890; baseline -0.001 -20"><span class='ocrx_word' id='word_1_971' title='bbox 2131 5816 2500 5877; x_wconf 80' lang='grc' dir='ltr'><strong>ὑποστάσεως,</strong></span> <span class='ocrx_word' id='word_1_972' title='bbox 2524 5816 2617 5871; x_wconf 77' lang='grc' dir='ltr'><strong>νῦν</strong></span> <span class='ocrx_word' id='word_1_973' title='bbox 2641 5817 2768 5886; x_wconf 72' lang='grc' dir='ltr'><strong>περὶ</strong></span> <span class='ocrx_word' id='word_1_974' title='bbox 2799 5816 2893 5884; x_wconf 77' lang='grc' dir='ltr'><strong>τῆς</strong></span> <span class='ocrx_word' id='word_1_975' title='bbox 2925 5816 3145 5870; x_wconf 76' lang='grc' dir='ltr'><strong>κατὰτὸ</strong></span> <span class='ocrx_word' id='word_1_976' title='bbox 3180 5816 3337 5890; x_wconf 79' lang='grc' dir='ltr'><strong>σῶμα</strong></span> <span class='ocrx_word' id='word_1_977' title='bbox 3369 5816 3710 5878; x_wconf 73' lang='grc' dir='ltr'><strong>διαπλάσεως</strong></span> 
     </span>
    </p>
   </div>
  </div>
