3890 6354
172 420 256 475 Ξὸὶ
901 425 965 480 IN
1001 427 1249 494 VERBA,
1287 422 1666 485 FACIAMUS
1705 477 1706 481 η

1810 425 2090 492 ΜΙΝΕΜ,
2132 426 2309 492 ETC.,
2351 425 2556 482 ORAT.
2599 425 2666 480 Il.

3297 428 3406 483 εδει

171 538 284 606 ἡμῖν
308 534 626 605 διαλέγεται.
656 540 780 610 Ἔχε
817 539 909 595 καὶ
937 544 1124 598 τοῦτον
1152 547 1244 598 τὸν
1266 546 1421 614 λόγον
1450 564 1462 576 ⁸
1497 547 1578 610 τίς
1603 545 1660 598 δὲ
1693 549 1706 598 ί

1823 546 1951 600 dum
1985 547 2279 614 pertinent.
2310 542 2433 598 Hzec
2463 545 2533 597 sit
2559 557 2663 596 una
2701 540 2859 595 ratio.
2915 541 3097 595 Altera
3130 550 3232 608 est,
3258 545 3401 612 quod

173 630 332 697 ἔτερος
352 644 366 692 ;
387 628 505 682 Ὅτι
529 629 596 682 τά
625 632 719 702 μὲν
745 633 802 684 ὲν
827 635 1107 705 κεφαλαίῳ
1131 635 1346 704 λέγεται
1363 651 1375 665 ’
1413 636 1481 688 τὰ
1509 636 1564 690 δὲ
1591 637 1711 690 καθ’

171 718 218 770 ὃν
242 719 424 788 τρόπον
452 719 672 787 γέγονεν
699 723 827 791 ἡμῖν
851 725 1218 793 παραδίδοται.
1251 726 1492 779 ’Ἀνωθεν
1517 723 1610 781 οῦν
1631 728 1714 780 ὅτι

172 811 249 860 καὶ
277 810 540 879 ἐποίησεν,
575 804 676 864 ὧδε
716 813 952 877 καὶπῶς
986 815 1260 885 ἐποίησεν.
1295 817 1357 868 Ei
1388 817 1496 887 γὰρ
1530 817 1715 880 ἁπλῶς

171 895 302 953 εἶπεν
335 901 413 953 δτι
446 901 718 972 ἐποίησεν,
749 903 1004 974 ἐνόμισας
1042 905 1108 957 ἂν
1135 906 1214 957 ὅτι
1256 907 1510 974 ἐποίησεν
1538 906 1611 968 ὡς
1645 906 1713 959 τά

173 996 338 1062 κτήνη,
360 993 432 1054 ὠς
459 992 525 1045 τὰ
557 993 739 1064 θηρία,
765 994 839 1056 ὡς
867 995 936 1046 τά
967 995 1132 1062 φυτὰ,
1155 997 1230 1058 ὼς
1255 997 1344 1048 τὸν
1370 997 1579 1068 χόρτον.
1596 999 1713 1050 Ἵνα

171 1079 247 1135 οὖν
276 1082 437 1153 φύγῃς
463 1083 563 1152 τὴν
607 1085 740 1153 πρὸς
766 1084 836 1137 τὰ
876 1084 1046 1153 ἄλογα
1090 1087 1372 1140 κοινωνίαν
1391 1129 1404 1151 ,
1450 1089 1550 1157 τὴν
1581 1088 1714 1140 ιδιά-

171 1172 343 1234 ζουσαν
377 1173 498 1241 περὶ
538 1174 599 1225 σὲ
636 1174 727 1226 τοῦ
750 1175 885 1228 Θεοῦ
917 1176 1292 1247 φιλοτέχνησιν
1321 1178 1349 1230 ὁ
1378 1176 1534 1246 λόγος
1567 1196 1710 1249 παρ-

171 1263 361 1317 έδωκεν.
409 1282 426 1313 ι
450 1265 678 1317 Ἔλαϐεν
718 1268 746 1318 ό
772 1267 904 1329 Θεὸς
933 1267 1061 1336 χοῦν
1088 1269 1196 1321 ἀπὸ
1219 1268 1320 1336 τῆς
1353 1269 1474 1336 γῆς.
1506 1289 1524 1320 ι
1566 1271 1714 1322 Ἐκεῖ

171 1347 299 1402 εἶπεν
335 1352 411 1404 ὅτι
452 1353 735 1422 ἐποίησενο
776 1355 1006 1408 ἐνταῦθα
1039 1355 1094 1408 δὲ
1135 1356 1250 1420 πῶς
1289 1358 1530 1426 ἐποίησε.
1568 1357 1711 1410 Χοῦν

169 1441 332 1494 ἔλαϐεν
358 1443 462 1496 ἀπὸ
491 1444 588 1512 τῆς
613 1444 715 1513 γῆς
734 1486 747 1510 ,
791 1446 885 1498 καὶ
925 1445 1127 1498 ἔπλασε
1161 1450 1280 1509 ταῖς
1312 1448 1469 1512 ἰδίαις
1497 1449 1706 1516 χερσίν.

179 1530 509 1602 Ἐνθυμήθητι
540 1534 655 1596 πῶς
678 1534 971 1604 έπλάσθης.
1007 1536 1077 1588 Τὸ
1099 1538 1458 1608 ἐργαστήριον
1483 1539 1579 1608 τῆς
1607 1540 1710 1606 φύ-

171 1640 284 1686 σεως
311 1624 534 1692 λόγισαι.
563 1627 699 1697 Χείρ
728 1628 843 1680 ἐστι
879 1628 1142 1700 δεξαμένη
1183 1647 1241 1682 σε
1273 1630 1435 1683 θεοῦ·
1466 1631 1527 1684 τὸ
1560 1632 1710 1701 παρά

169 1713 280 1765 Θεοῦ
312 1713 555 1781 πλασθὲν,
585 1716 672 1768 διὰ
695 1718 959 1788 πονηρίας
985 1718 1057 1789 μὴ
1090 1720 1308 1791 μιανθῇ,
1339 1721 1404 1772 δι’
1434 1722 1709 1792 ἁμαρτίας

171 1805 231 1874 μή
272 1804 520 1876 ἁλλοιωθῇ
548 1846 562 1869 ,
621 1808 695 1878 μὴ
745 1809 986 1880 ὲκπέσῃς
1027 1812 1123 1880 τῆς
1175 1813 1496 1886 χειρὸςιτοῦ
1549 1814 1704 1868 Θεοῦ.

166 1896 338 1959 Σκεῦος
367 1894 415 1950 ei
457 1897 784 1952 θεόπλαστον
814 1903 965 1975 παρὰ
997 1903 1132 1957 Θεοῦ
1164 1881 1452 1975 γενόμενον
1471 1924 1485 1938 ο
1520 1906 1707 1971 δόξαζε
1741 1881 1783 1935 Β

167 1988 243 2039 τὸν
270 1991 570 2061 ποιήσαντα.
605 1993 739 2045 Οὐδὲ
775 1994 884 2065 γάρ
912 1995 1072 2048 ἄλλου
1097 1997 1242 2061 τινὸς
1277 1999 1461 2052 ἕνεκεν
1499 2000 1707 2067 ἐγένου,

167 2080 193 2148 ῆ
221 2080 296 2134 ἵνα
314 2081 532 2152 ὄργανον
555 2080 624 2157 ᾗς
649 2085 953 2154 ἐπιτήδειον
980 2088 1079 2156 τῆς
1110 2089 1268 2158 δόξης
1295 2091 1388 2142 τοῦ
1414 2090 1568 2144 Θεοῦ.
1601 2093 1709 2145 Καὶ

166 2171 257 2240 γὰρ
289 2174 315 2225 ό
340 2175 534 2244 κόσμος
562 2170 715 2239 οὗτος
739 2177 858 2240 ὅλος
883 2177 1072 2250 ὥσπερ
1103 2197 1156 2233 τι
1189 2181 1391 2250 βιϐλίον
1436 2182 1708 2253 έγγραφόν

166 2259 326 2327 ἐστιν,
374 2263 844 2334 ὑπαγορευόμενον
894 2267 991 2338 τὴν
1047 2269 1141 2321 τοῦ
1196 2269 1330 2322 Θεοῦ
1376 2271 1533 2335 δόξαν
1559 2287 1572 2302 ο
1611 2270 1709 2342 τὴν

165 2349 477 2422 ἀπόκρυφον,
513 2357 611 2408 καὶ
672 2357 902 2427 ἀόρατον
967 2359 1060 2412 τοῦ
1131 2361 1266 2414 Θεοῦ
1320 2361 1708 2433 μεγαλωσύνην

163 2440 220 2492 δι’
243 2443 392 2497 αὐτοῦ
423 2445 752 2515 διαγγέλλων
780 2466 861 2502 σοι
899 2449 976 2520 τῷ
1017 2450 1141 2505 νοῦν
1172 2453 1348 2522 ἔχοντι
1371 2495 1387 2520 ,
1424 2456 1502 2518 είς
1538 2471 1710 2508 κατα-

164 2533 323 2603 νόησιν
369 2537 644 2609 ἀληθείας.
685 2541 908 2604 Πάντως
951 2538 1042 2596 οῦν
1083 2543 1358 2616 μέμνησαι
1393 2547 1502 2600 τῶν
1552 2551 1703 2618 εἰρη-

167 2625 335 2693 μένων.

240 2805 364 2861 «Καὶ
389 2811 690 2882 ηὐλόγησεν
722 2815 921 2878 αὐτοὺς
963 2816 992 2867 ό
1018 2816 1151 2880 Θεὸς
1181 2819 1273 2871 καὶ
1313 2809 1463 2871 εἶπεν
1488 2858 1502 2882 ,
1535 2819 1706 2883 Λύξά-

163 2895 314 2964 νεσθε,
345 2904 436 2955 καὶ
484 2904 840 2974 πληθύνεσθε,
872 2909 966 2960 καὶ
1018 2908 1344 2980 πληρώσατε
1393 2910 1489 2982 τὴν
1521 2912 1644 2981 γῆν.
1683 2930 1700 2962 ι

164 2990 313 3060 Διπλῆ
345 2992 589 3064 αὔξησις,
624 2995 657 3065 ή
694 2997 793 3064 μὲν
831 2995 1079 3067 σώματος
1104 3038 1118 3062 ,
1151 2999 1184 3068 ἠ
1217 3000 1274 3052 δὲ
1303 3001 1500 3070 ψυχῆς.
1549 3001 1709 3054 Ἀλλά

164 3081 376 3152 ἡψυχῆς
395 3085 650 3157 αὔξησις,
693 3089 725 3157 ἡ
759 3088 846 3142 διὰ
872 3089 980 3142 τῶν
1014 3090 1349 3162 μαθημάτων
1379 3093 1460 3155 είς
1495 3091 1708 3146 τελείω-

1819 637 1932 692 illic
1974 651 2088 690 rem
2132 635 2444 690 summatim
2489 633 2831 704 perstrinxit,
2873 632 2963 685 hic
3005 633 3247 693 modum,
3292 647 3403 702 quo

1818 727 1962 782 facta
1997 735 2105 790 est,
2151 726 2390 796 explicat
2423 732 2477 780 et
2517 731 2764 779 enarrat.
2800 723 2941 777 Ante
2987 721 3186 776 fecisse
3229 723 3399 786 Deum

1817 818 2112 874 audivisti:
2135 833 2281 871 nunc
2312 831 2418 885 quo
2447 816 2608 870 modo
2640 815 2856 880 fecerit,
2883 813 3158 882 intelligis.
3186 812 3397 865 Etenim

1817 911 1864 965 si
1906 909 2234 979 simpliciter
2268 908 2533 976 scriptum
2561 915 2708 960 esset
2736 923 2748 957 :
2778 903 2953 968 Fecit,
3002 905 3272 973 cogitares
3301 903 3398 956 ho-

1815 1001 2020 1054 minem
2059 999 2235 1054 fuisse
2266 997 2494 1059 factum,
2529 1005 2588 1050 ut
2621 996 2784 1059 feras,
2814 1003 2873 1047 ut
2908 1002 3047 1057 cete,
3075 1003 3134 1047 nt
3159 996 3397 1064 plantas,

1814 1096 1874 1143 ut
1927 1089 2147 1142 herbas.
2192 1086 2461 1152 Quocirca
2497 1092 2557 1138 ut
2593 1091 2646 1138 te
2693 1099 2818 1138 cum
2867 1083 3268 1153 agrestioribus
3314 1083 3397 1137 in-

1816 1179 2103 1248 telligeres
2133 1178 2269 1231 nihil
2300 1177 2502 1230 habere
2533 1190 2847 1241 commune,
2876 1174 3091 1245 Moyses
3113 1175 3393 1245 proprium

1813 1279 1868 1327 et
1890 1273 2166 1342 singulare
2188 1270 2281 1324 Dei
2314 1271 2366 1323 in
2403 1277 2455 1322 te
2480 1267 2720 1322 creando
2758 1268 3047 1321 artificium
3074 1267 3392 1337 explicavit.

1819 1381 1837 1414 ι
1870 1362 2115 1431 Sumpsit
2137 1362 2278 1415 Deus
2302 1361 2579 1429 pulverem
2601 1375 2631 1413 e
2654 1366 2819 1413 terra.
2850 1378 2867 1410 ι
2901 1360 3074 1423 Tunc,
3102 1359 3228 1428 quid
3252 1357 3394 1411 Deus

1814 1451 2026 1516 fecerit,
2058 1451 2196 1504 dixit
2224 1468 2236 1504 :
2277 1464 2448 1512 nunc,
2480 1462 2588 1518 qua
2638 1449 2852 1503 ratione
2883 1448 3094 1512 fecerit,
3148 1450 3392 1514 exponit.

1811 1544 2094 1600 Pulverem
2137 1543 2372 1612 sumpsit
2423 1556 2453 1595 c
2499 1549 2666 1606 terra,
2721 1541 3112 1608 hominemque
3159 1539 3395 1609 propriis

1811 1635 2068 1688 manibus
2096 1634 2373 1688 formavit.
2403 1633 2593 1701 Cogita
2628 1631 3090 1700 quemadmodum
3124 1630 3391 1682 formatus

1812 1725 1910 1790 sis,
1946 1725 2158 1778 homo:
2205 1732 2416 1776 natura}
2464 1734 2574 1776 tua:
2617 1722 2910 1776 artificium
2949 1719 3257 1774 considera.
3301 1718 3392 1771 Dei

1813 1832 2010 1872 manus
2035 1825 2118 1870 est
2162 1816 2276 1880 illa,
2306 1832 2426 1884 qua:
2460 1823 2512 1868 te
2543 1813 2818 1867 formavit.
2853 1813 2999 1866 Cave
3029 1828 3095 1866 ne
3130 1811 3222 1865 Dei
3256 1826 3394 1879 opus

1811 1908 2019 1979 flagitio
2078 1908 2485 1975 coinquinetur,
2536 1921 2605 1960 ne
2651 1911 2876 1973 peccato
2923 1911 3291 1972 pervertatur,
3341 1911 3395 1956 et

1810 1999 2034 2055 excidas
2065 2015 2095 2053 e
2125 2013 2291 2052 manu
2321 1997 2437 2052 Dei.
2463 1997 2541 2048 Tu
2574 2012 2634 2051 es
2660 2011 2756 2050 vas
2785 2010 2814 2048 a
2846 1994 2955 2050 Deo
2987 1995 3194 2060 fictum,
3229 2003 3394 2062 atque

1810 2089 2133 2154 conflatum,
2177 2090 2338 2144 lauda
2393 2089 2706 2144 effectorem
2751 2095 2906 2140 tuum
2951 2105 2961 2138 :
3015 2101 3192 2154 neque
3245 2085 3392 2139 enim

1811 2184 1978 2238 aliam
2010 2183 2082 2238 ob
2113 2197 2337 2236 causam
2376 2181 2552 2235 factus
2582 2197 2664 2244 es,
2697 2179 2803 2234 nisi
2843 2185 2900 2232 ut
2927 2178 2992 2231 ad
3026 2177 3118 2230 Dei
3157 2177 3389 2246 gloriam

1810 2272 2200 2327 celebrandam
2234 2287 2387 2327 esses
2429 2271 2856 2324 instrumentum
2892 2269 3388 2336 accommodatum.

1808 2357 1887 2411 Ac
1915 2358 2117 2413 divinae
2141 2358 2360 2428 quidem
2385 2359 2570 2427 gloriae
2591 2357 2932 2412 celebranda?
2953 2358 3237 2411 materiam
3267 2357 3389 2419 tibi,

1807 2457 2074 2520 tanquam
2104 2451 2245 2506 liber
2285 2451 2550 2519 scriptus,
2589 2450 2829 2519 suggerit
2859 2449 3008 2503 orbis
3051 2449 3139 2501 hic
3171 2449 3393 2501 univer-

1807 2557 1925 2599 sus.
1957 2541 2080 2596 Tibi
2107 2542 2254 2596 enim
2280 2551 2466 2595 mente
2498 2542 2725 2611 przedita
2753 2541 2817 2593 ad
2850 2541 3096 2594 veritatis
3125 2541 3392 2610 cognitio-

1809 2649 1934 2688 nem
1964 2633 2184 2688 nuntiat
2214 2649 2278 2686 ex
2311 2649 2369 2688 se
2407 2633 2866 2702 magnificentiam
2905 2632 3018 2686 Dei.
3047 2633 3391 2702 Quapropter

1805 2740 1994 2779 eorum
2018 2739 2139 2794 qua:
2169 2723 2318 2778 dicta
2355 2730 2506 2786 sunt,
2543 2723 2859 2776 recordare.

1883 2835 1901 2867 ι
1940 2815 2006 2868 Et
2039 2815 2315 2870 benedixit
2343 2815 2422 2870 eis
2447 2813 2610 2880 Deus,
2640 2822 2693 2868 et
2721 2815 2797 2868 ait
2825 2833 2837 2868 :
2873 2813 3139 2878 Crescite,
3166 2821 3220 2869 et
3251 2815 3391 2868 muf-

1805 2908 2152 2977 tiplicamini,
2194 2919 2249 2962 et
2291 2907 2496 2976 replete
2532 2913 2756 2960 terram.
2789 2923 2808 2956 ι
2852 2905 3056 2974 Duplex
3091 2915 3174 2961 est
3210 2907 3391 2960 incre-

1807 3005 2073 3059 mentum,
2110 3011 2279 3048 unum
2313 2995 2585 3064 corporis,
2631 2994 2862 3049 alterum
2911 2996 3100 3048 animi.
3147 2996 3391 3066 Augetur

1809 3085 2048 3149 animus,
2077 3099 2202 3138 cum
2234 3084 2547 3154 disciplinis
2581 3084 2850 3138 excolitur
2888 3091 3052 3154 atque
3087 3086 3386 3154 perficitur.

165 3188 235 3275 σιν
256 3174 527 3277 προσθήκη
554 3194 566 3205 ·
599 3177 850 3247 σώματος
874 3180 981 3252 γὰρ
1009 3180 1265 3252 αὐξησις,
1302 3184 1334 3254 ἡ
1367 3183 1474 3236 ἀπὸ
1508 3183 1704 3255 μικροῦ

1810 3175 2022 3246 Corpus
2053 3184 2235 3231 autem
2254 3175 2478 3240 crescit,
2511 3175 2640 3230 dum
2672 3191 2738 3230 ex
2782 3191 2948 3245 parvo
2987 3177 3052 3229 ad
3079 3177 3287 3245 justum
3336 3184 3394 3230 ct

161 3263 228 3324 εἰς
273 3266 328 3318 τὸ
360 3267 599 3337 καθῆκον
646 3269 841 3341 μέτρον
899 3272 1358 3336 ἀποκατάστασις.
1401 3274 1706 3340 Αὐξάνεσθε

160 3353 312 3406 τοίνυν
341 3360 448 3420 τοῖς
481 3357 585 3427 μὲν
607 3357 818 3427 ἀλόγοις
850 3359 1026 3424 ζώοις,
1051 3361 1189 3414 κατά
1221 3361 1317 3431 τὴν
1347 3360 1440 3414 τοῦ
1462 3361 1706 3432 σώματος

159 3444 425 3511 τελείωσιν,
441 3451 585 3504 κατά
611 3452 702 3504 τὸν
728 3453 1071 3522 ἀπαρτισμὸν
1104 3454 1202 3524 τῆς
1231 3453 1446 3523 φύσεως
1472 3454 1705 3526 εἴρηται,

160 3537 271 3604 ἡμῖν
294 3538 347 3591 δὲ
372 3541 668 3606 αὐξάνεσθε
703 3545 842 3596 κατά
862 3545 952 3597 τὸν
978 3544 1086 3597 ἕσω
1113 3546 1416 3616 ἄνθρωπον,
1443 3546 1584 3598 κατά
1610 3546 1708 3617 τὴν

160 3631 414 3701 προκοπὴν
453 3631 556 3703 τὴν
586 3635 664 3695 εἰς
696 3632 826 3686 Θεὸν
855 3621 1018 3688 οὖσαν
1038 3675 1052 3698 ,
1088 3632 1199 3698 οἷος
1227 3632 1294 3706 ἦν
1320 3636 1532 3700 Παῦλος
1553 3678 1566 3701 ,
1595 3639 1709 3700 τοῖς

162 3717 244 3783 μὲν
269 3718 569 3790 ἔμπροσθεν
621 3723 1062 3794 ἐπεκτεινόμενος
1081 3765 1095 3788 ,
1127 3725 1234 3779 τῶν
1259 3725 1304 3777 δ’
1334 3725 1558 3778 ὄπισθεν
1589 3726 1709 3779 ἐπι-

158 3807 544 3882 λανθανόμενος.
583 3813 729 3884 Αὕτη
767 3817 912 3868 ἐστὶν
950 3818 983 3886 ή
1015 3814 1241 3887 αὔξησις
1287 3819 1394 3870 τῶν
1427 3817 1708 3888 θεωρημά-

157 3912 282 3962 των,
312 3902 590 3965 εὐσεϐείας
627 3903 926 3974 ἀνάληψις,
966 3907 998 3975 ὴ
1045 3906 1138 3959 τοῦ
1177 3907 1422 3971 πλείονος
1463 3907 1702 3974 ἔκτασις,

155 3989 208 4040 τὸ
263 3992 616 4063 ἐπορέγεσθαι
642 3998 789 4067 ἡμᾶς
812 3997 897 4050 ἀεὶ
925 3998 1032 4051 τῶν
1065 3998 1252 4062 ὄντων,
1285 4001 1346 4052 τὸ
1374 4002 1704 4071 προγενόμε-

157 4093 232 4131 νον
261 4082 352 4150 μὲν
371 4085 455 4136 ἀεὶ
479 4085 711 4138 κατόπιν
741 4086 935 4139 ἑαυτοῦ
965 4087 1201 4156 ἀφιέναι,
1221 4088 1280 4140 τὸ
1307 4089 1360 4140 δὲ
1394 4091 1575 4144 λεῖπον
1609 4090 1706 4159 τῆς

156 4167 432 4239 εὐσεϐείας,
464 4175 624 4228 τοῦτο
677 4177 774 4248 ὅση
841 4176 1071 4246 δύναμις
1125 4177 1422 4248 ἐπιζητεῖν.
1465 4177 1588 4243 Οἶος
1639 4177 1707 4251 ἦν

167 4256 356 4327 Ἰσαὰκ,
389 4267 521 4337 περὶ
553 4259 613 4319 οῦ
662 4269 695 4338 ή
741 4268 1015 4340 μαρτυρία
1055 4268 1235 4340 ἐκείνη
1268 4271 1703 4341 ἀναγέγραπται,

154 4350 222 4403 ὃτι
250 4356 551 4424 προϐαίνων
584 4358 808 4427 ὐψοῦτο,
842 4359 1034 4430 μέχρις
1061 4355 1122 4410 οὗ
1159 4360 1330 4429 μέγας
1360 4362 1593 4430 ἐγένετο.
1630 4363 1702 4415 Οὐ

153 4442 248 4513 γὰρ
274 4447 500 4521 ἀπέστη,
530 4450 650 4503 οὐδὲ
681 4453 874 4523 μικρὸν
900 4453 1158 4524 αὐξηθεὶς
1193 4454 1488 4524 ἀπέμεινεν
1519 4469 1532 4484 ⁸
1570 4453 1706 4507 ἀλλά

1808 3276 2197 3338 congruentem
2217 3268 2613 3338 magnitudinis
2637 3268 2857 3321 modum
2887 3268 3114 3322 accedit.
3145 3268 3392 3323 Crescite

1808 3359 1976 3429 igitur
2004 3359 2212 3412 dictum
2247 3367 2332 3413 est
2354 3358 2566 3412 ratione
2599 3357 2919 3412 carentibus
2947 3358 3299 3421 animalibus,
3334 3367 3392 3411 ut

1808 3449 1876 3502 ad
1923 3449 2230 3503 naturalem
2275 3448 2525 3518 corporis
2575 3446 2970 3517 perfectionem
3017 3449 3389 3516 pervenirent.

1807 3539 1977 3594 Nobis
2007 3549 2210 3603 autem,
2258 3548 2319 3592 ut
2354 3539 2635 3594 interioris
2683 3538 2920 3592 hominis
2971 3553 3268 3608 progressu
3303 3554 3393 3593 as-

1808 3631 2169 3685 cenderemus
2228 3629 2294 3682 ad
2359 3629 2570 3690 Deum,
2629 3629 3088 3698 quemadmodum
3150 3629 3387 3684 faciebat

1807 3721 2031 3787 Paulus,
2061 3737 2182 3790 quae
2211 3721 2429 3790 quidem
2464 3728 2614 3773 retro
2652 3728 2804 3781 sunt,
2840 3720 3195 3785 obliviscens,
3230 3723 3296 3774 ad
3325 3735 3389 3774 ea

1809 3829 1936 3870 vero
1985 3829 2106 3884 qua:
2150 3821 2277 3870 sunt
2322 3813 2561 3883 prOpria,
2618 3812 2921 3867 extendens
2969 3813 3233 3881 seipsum.
3275 3812 3389 3864 Au-

1808 3915 2088 3980 gmentum
2143 3907 2196 3961 fit
2227 3904 2726 3973 contemplatione,
2782 3904 3000 3973 pietatis
3050 3904 3222 3964 cultu,
3257 3903 3386 3956 dum

1810 3999 1878 4053 ad
1919 3998 2146 4054 meliora
2198 3995 2596 4066 progredimur,
2643 3995 2770 4049 dum
2823 4010 3034 4059 eorum,
3085 4011 3207 4063 quae
3262 4011 3387 4050 vera

1809 4099 1939 4147 sunt
1959 4091 2124 4152 bona,
2157 4088 2458 4156 cupiditate
2487 4087 2730 4154 quotidie
2751 4088 2925 4157 magis
2964 4085 3386 4150 inflammantur,

1809 4181 1938 4234 dum
1981 4179 2126 4249 quod
2161 4179 2462 4248 praecessit,
2503 4187 2626 4247 post
2659 4193 2758 4231 nos
2798 4179 3182 4246 relinquimus,
3220 4187 3272 4232 et
3321 4180 3388 4233 ad

1809 4273 1862 4325 id
1907 4271 2123 4341 pietatis
2156 4269 2302 4339 quod
2333 4269 2606 4338 reliquum
2641 4276 2744 4333 est,
2789 4285 2886 4338 pro
2919 4270 3130 4324 viribus
3163 4279 3389 4324 conten—

1810 4362 2012 4415 dimus.
2063 4359 2214 4414 Talis
2242 4366 2360 4414 erat
2400 4360 2572 4422 Isaac,
2607 4359 2673 4413 de
2709 4375 2817 4427 quo
2843 4360 3217 4412 testimonium
3254 4359 3385 4413 illttd

1813 4450 2097 4521 Scriptura
2131 4451 2333 4520 prodit,
2374 4451 2519 4520 quod
2552 4451 2843 4520 proficiens
2878 4452 3176 4510 crescebat.
3213 4452 3387 4505 donec

152 4537 446 4605 προέϐαινεν
469 4543 560 4595 ἀεὶ
580 4542 874 4614 διαδήμασι
908 4546 1181 4615 μεγάλοις.
1213 4546 1490 4600 Διέϐαινεν
1517 4546 1609 4599 ἐπὶ
1636 4546 1704 4599 τά

1810 4557 2044 4613 magnus
2075 4541 2305 4598 effectus
2348 4550 2454 4596 est.
2487 4540 2675 4612 Neque
2712 4542 2859 4596 enim
2901 4542 3253 4607 consistebat,
3291 4557 3388 4596 ne-

152 4624 269 4694 ἔργα
291 4630 386 4701 τῆς
417 4633 621 4704 ἀρετῆς
641 4677 654 4698 ,
690 4635 843 4706 διέϐη
880 4637 1103 4707 μεγάλῳ
1138 4637 1341 4708 βήματι
1366 4637 1464 4708 τὴν
1496 4653 1707 4706 σωφροοι

152 4716 330 4790 σύνην,
379 4723 556 4793 ἐπέϐη
591 4727 656 4795 τῇ
691 4724 1023 4798 δικαιοσύνῃ.
1072 4727 1310 4780 Ἐκεῖθεν
1343 4727 1433 4779 ἐπὶ
1483 4726 1582 4796 τὴν
1610 4727 1705 4779 ἀν-

149 4807 310 4878 δρείαν
339 4815 531 4884 ἀνέϐη.
563 4815 717 4868 Οῦτω
766 4817 1090 4882 διαϐαίνων,
1143 4820 1235 4872 ἐπὶ
1277 4819 1339 4872 τὸ
1396 4818 1564 4890 ἄκρον
1611 4816 1704 4871 τοῦ

150 4899 300 4967 ὕψους
329 4905 420 4957 τοῦ
451 4905 658 4974 ἀγαθοῦ
692 4909 1022 4978 κορυφοῦται
1065 4911 1093 4960 ὁ
1136 4909 1359 4973 δίκαιος.
1397 4907 1704 4972 Αὐξάνεσθε

148 4989 229 5043 οὖν
252 4994 495 5063 αὔξησιν,
531 4998 627 5069 τὴν
655 5000 794 5052 κατὰ
823 5001 956 5053 Θεὸν
984 5000 1260 5054 τελείωσιν
1284 5041 1298 5065 ,
1327 5001 1424 5072 τὴν
1451 5002 1590 5054 κατά
1615 4999 1704 5053 τὸν

147 5080 276 5132 ἔνδον
297 5083 611 5154 ἄνθρωπον·
641 5087 975 5157 πληθύνεσθε
1015 5088 1341 5160 Ἐκκλησίας
1369 5092 1436 5160 τῇ
1459 5089 1700 5160 εὐλογίᾳ.

149 5169 226 5239 Μὴ
248 5174 302 5224 ἐν
331 5175 412 5227 ἑνὶ
452 5179 847 5249 περιγραφήτω
883 5181 917 5249 ή
950 5179 1230 5248 θεολογία·
1264 5180 1380 5233 ἀλλ’
1412 5182 1490 5244 είς
1522 5182 1703 5234 πᾶσαν

145 5257 232 5328 τὴν
272 5263 374 5332 γῆν
418 5267 749 5338 κηρυχθήτω
797 5268 857 5322 τὸ
904 5270 1233 5338 Εὐαγγέλιον
1266 5271 1364 5341 τῆς
1405 5272 1698 5342 σωτηρίας.

153 5351 529 5424 «ωηθύνεσθε.
547 5377 564 5408 ι
599 5360 788 5425 Ἰ’ίνες;
819 5363 884 5415 Οἱ
915 5362 1052 5415 κατά
1080 5363 1139 5416 τὸ
1153 5364 1481 5432 Εὐαγγέλιον
1505 5362 1704 5432 γεννώ-

151 5458 304 5507 μενοι.
334 5466 352 5498 ι
380 5449 711 5520 Πληρώσατε
739 5451 836 5523 τὴν
863 5453 982 5523 γῆν.
1011 5473 1029 5505 ο
1065 5453 1382 5525 Σάρκα.τὴν
1415 5454 1703 5524 δεδομένην

149 5531 262 5596 ὑμῖν
307 5538 387 5599 εἰς
446 5539 747 5610 ὑπηρεσίαν
841 5543 1168 5614 πληρώσατε
1228 5543 1446 5611 ἀγαθῶν
1503 5532 1699 5612 ἔργων.

157 5618 450 5698 Ὀφθαλμὸς
495 5631 708 5703 πλήρης
742 5631 882 5687 ἔστω
909 5633 1000 5686 τοῦ
1043 5636 1174 5706 όρᾷν
1219 5635 1286 5688 τὰ
1319 5635 1524 5689 δέοντα.
1568 5637 1703 5706 Χεὶρ

146 5714 342 5786 πλήρης
368 5718 506 5773 ἐστω
527 5723 635 5777 τῶν
666 5724 886 5793 ἀγαθῶν
913 5725 1110 5797 ἔργων.
1147 5727 1312 5790 Πόδες
1353 5727 1593 5780 ἔστωσαν
1625 5731 1704 5794 εἰς

145 5803 412 5879 ἐπίσκεψιν
445 5813 827 5882 ἀσθενούντων,
850 5818 1161 5892 πορευτικοὶ
1179 5819 1332 5895 ὄντες.
1359 5819 1440 5887 ἐφ’
1471 5819 1504 5873 ἃ
1538 5838 1700 5894 προσο

1807 4649 1914 4705 que
1942 4633 2223 4704 paululum
2247 4643 2444 4688 auctus
2465 4633 2841 4696 decrescebat,
2871 4633 2965 4687 sed
3001 4634 3212 4702 magnis
3243 4649 3388 4688 sem-

1807 4740 1905 4794 per
1965 4726 2158 4795 spatiis
2219 4723 2693 4794 progrediebatur.
2757 4723 3054 4779 Crescebat
3122 4724 3388 4778 virtutum

1808 4817 2034 4882 studiis,
2084 4823 2138 4871 et
2179 4817 2372 4870 ofliciis
2411 4833 2424 4870 :
2462 4817 2749 4872 crescebat
2786 4831 2982 4886 magna
3021 4815 3303 4871 modestiae
3335 4827 3389 4872 et

1806 4908 2184 4977 temperantia:
2235 4907 2670 4978 progressione;
2733 4909 3016 4963 crescebat
3068 4909 3282 4976 justitia
3335 4916 3389 4961 et

1805 5000 2086 5069 aequitate.
2119 4998 2218 5054 llis
2244 4999 2507 5068 gradibus
2531 4998 2598 5052 ad
2627 4999 2839 5053 virilem
2874 5008 3083 5053 attatem
3117 5000 3385 5067 pervenit.

1808 5093 1899 5150 Sic
1926 5093 2280 5164 pregrediens
2309 5102 2363 5149 et
2397 5109 2658 5151 crescens
2681 5095 2969 5165 virjustus
3017 5094 3081 5147 ad
3111 5108 3386 5147 summum

1805 5188 1934 5244 boni
1957 5187 2233 5258 fastigium
2259 5187 2559 5242 extollitur.
2588 5188 2830 5244 Crescite
2858 5189 3024 5258 igitur
3048 5186 3387 5255 perfectione

1804 5278 1919 5344 illa,
1951 5295 2073 5348 qua:
2119 5278 2226 5332 Deo
2262 5279 2460 5349 placet,
2504 5295 2624 5348 quae
2669 5278 2730 5333 ﬁt
2762 5281 2814 5332 in
2849 5279 3068 5332 homine
3112 5275 3380 5332 interiori.

1804 5366 2242 5434 Muttiplicamini
2297 5367 2558 5421 Ecclesiae
2611 5367 2984 5421 fmcunditate.
3039 5363 3119 5420 Ne
3158 5364 3210 5417 in
3271 5377 3382 5418 uno

1805 5457 2167 5515 concludatur
2207 5459 2448 5529 cognitio
2499 5458 2615 5521 Dei,
2665 5458 2758 5513 sed
2803 5458 2857 5510 in
2915 5471 3131 5510 omnem
3180 5464 3383 5509 terram

1805 5551 2177 5621 promulgetur
2233 5551 2426 5605 salutis
2469 5549 2831 5619 Evangelium.
2869 5541 3378 5614 «Multiplicamini.»

1806 5641 1942 5706 Qui?
1977 5641 2108 5701 Vos.
2159 5642 2252 5711 qui
2297 5643 2352 5695 in
2402 5640 2692 5711 Evangelio
2733 5638 2898 5711 geniti
2945 5637 3139 5693 estis.¢
3168 5639 3388 5708 Replete

1807 5738 2329 5786 terramncarncm
2386 5732 2542 5786 vobis
2602 5729 2669 5783 ad
2725 5727 3146 5784 ministrandum
3199 5726 3382 5780 datam

1807 5823 1963 5878 bonis
2010 5824 2318 5880 actionibus
2365 5826 2586 5891 replete.
2635 5820 2927 5892 Repleatur
2968 5821 3159 5876 oculus
3191 5827 3388 5874 earum"
