3890 6356
485 392 592 451 283

1756 398 1814 455 S.
1841 397 2170 457 GRECORII
2208 399 2509 456 NYSSENl

3639 396 3743 450 28‘

490 523 673 565 rerum
705 518 948 579 aSpectu,
996 524 1116 580 quae
1159 515 1320 565 rectae
1359 520 1507 565 sunt.
1549 509 1837 582 Repfeatur
1867 529 2063 571 manus

2191 532 2285 585 pce.
2317 515 2474 567 Πᾶσα
2521 516 2556 585 η
2594 512 2700 568 τῶν
2735 511 2910 583 μελῶν
2959 512 3117 583 ἡμῶν
3163 511 3499 573 κατάστασις
3537 508 3742 580 πλήρης

490 599 748 669 Operibus
784 600 959 654 bouis.
997 598 1329 669 Repleantur
1360 600 1546 655 itidem
1578 603 1742 672 pedes
1770 606 1837 658 ad
1886 605 2064 659 visen-

491 691 590 746 dos
632 704 918 759 pauperes,
966 696 1020 744 ct
1053 689 1117 742 ad
1146 706 1230 754 ea,
1273 706 1396 761 qua:
1433 700 1671 761 Oportet,
1716 695 2064 765 exsequenda

490 770 926 851 proﬁciscentes.
963 780 1157 834 Omnia
1203 781 1439 850 denique
1479 787 1722 837 membra
1757 794 1947 839 nostra
1982 801 2066 840 re-

491 874 744 941 pleantur
780 872 1163 927 observatione
1191 872 1572 929 mandatorum
1606 873 1720 928 Dei.
1754 874 1867 929 lloc
1891 878 2063 946 signi-

489 960 616 1014 ﬁcat
644 976 706 1014 ea
741 977 864 1026 vos,
909 979 927 1012 ι
966 960 1191 1030 Replete
1223 971 1445 1016 terram.
1486 983 1505 1016 ι
1538 963 1712 1032 Atque
1742 965 1832 1018 illa
1866 965 2063 1032 oratio,

488 1068 613 1123 qua:
660 1054 967 1107 communis
1010 1063 1096 1106 est
1134 1054 1293 1113 nobis
1338 1070 1461 1108 cum
1508 1055 1735 1124 reliquis
1775 1056 2069 1112 animanti-

490 1145 616 1208 bus,
662 1146 878 1214 proprie
923 1144 1158 1201 refertur
1211 1146 1278 1199 ad
1328 1161 1452 1207 nos,
1487 1162 1611 1199 cutn
1649 1147 1973 1218 intelligitur
2000 1164 2067 1213 ex

489 1252 552 1290 ea
590 1238 821 1300 ratione,
851 1252 958 1307 qua
1001 1238 1255 1292 honorati
1286 1252 1499 1301 sumus,
1535 1247 1589 1293 et
1618 1237 1745 1290 facti
1778 1239 1847 1292 ad
1878 1239 2070 1309 imagi-

2165 605 2307 658 έστω
2345 605 2455 658 τῶν
2490 605 2633 658 κατά
2682 604 2780 666 τὰς
2806 602 3026 666 ἐντολὰς
3053 602 3326 674 ἐργασιῶν
3347 618 3361 633 ⁸
3403 600 3569 659 τοῦτό
3606 603 3741 663 εστι,

2172 714 2192 746 ι
2217 694 2546 765 Πληρώσατε
2578 695 2677 766 τὴν
2705 694 2862 763 γῆν.»
2896 695 3091 749 Κοιναὶ
3115 694 3213 765 μὲν
3231 694 3289 747 ai
3311 693 3491 762 φωναὶ
3513 693 3609 745 καὶ
3635 694 3745 755 τοῖς

2165 786 2383 853 ἀλόγοις
2404 801 2417 814 ·
2449 784 2745 849 ἰδιάζουσαι
2769 785 2826 839 δὲ
2848 784 3109 852 γίνονται,
3138 784 3268 838 ὅταν
3302 783 3381 853 τῷ
3409 784 3533 837 κατ’
3562 781 3747 837 είκόνα

2169 879 2265 930 καλ⁵
2301 869 2345 944 ᾧ
2392 876 2749 945 ὲτιμήθημεν,
2768 876 2940 947 τούτῳ
2968 874 3320 946 χρησώμεθα.
3354 874 3436 927 Τὰ
3482 873 3584 945 μὲν
3643 874 3750 944 γὰρ

2170 966 2497 1037 σωματικῶς
2524 966 2676 1030 αὔξει
2698 1004 2716 1031 ,
2756 968 2920 1036 ἡμεῖς
2949 966 3004 1021 δὲ
3056 963 3442 1034 πνευματικῶς
3469 980 3486 996 ο
3536 962 3632 1017 καὶ
3678 962 3746 1015 τὰ

2170 1059 2268 1128 μὲν
2308 1057 2504 1128 πληροῖ
2530 1056 2628 1127 τὴν
2680 1057 2778 1127 γῆν
2805 1056 2881 1127 τῷ
2910 1056 3124 1126 πλήθει,
3155 1057 3316 1126 ἡμεῖς
3345 1054 3401 1107 δε
3429 1051 3749 1124 πληροῦμεν

2167 1151 2287 1212 ταῖς
2313 1148 2542 1218 ἀγαθαῖς
2564 1149 2847 1221 ἐργασίαις
2872 1149 2970 1220 τὴν
2999 1146 3431 1221 συνεζευγμένην
3453 1145 3589 1214 ἡμῖν
3620 1142 3743 1212 γῆν.

2169 1239 2419 1291 τουτέστι
2447 1238 2545 1311 τὴν
2576 1218 2891 1309 σωματικὴν
2914 1218 3237 1308 ύπηρεσίαν.

490 1345 616 1385 nem
649 1329 763 1385 Dei.
806 1331 1075 1387 Crescunt
1107 1332 1252 1386 enim
1287 1340 1481 1386 caetera
1526 1332 1783 1386 animalia
1810 1333 2089 1402 corporeis
2115 1332 2502 1398 incrementis,
2539 1348 2641 1388 nos
2684 1340 2865 1388 autem
2917 1330 3273 1401 incorporeis,
3297 1335 3352 1383 et
3392 1327 3460 1381 ad
3493 1326 3745 1395 spiritum

493 1423 911 1493 pertinentibus.
955 1425 1134 1493 Atque
1188 1425 1279 1477 illa
1322 1424 1541 1494 quidem
1584 1433 1785 1479 terram
1839 1425 2051 1495 replent
2094 1423 2461 1487 multitudine,
2499 1439 2598 1479 nos
2630 1431 2814 1479 autem
2854 1432 3056 1478 terram
3101 1420 3347 1491 corporis
3382 1417 3561 1473 nostri
3592 1415 3757 1470 bonis

493 1517 863 1587 coniunctam,
910 1518 1069 1572 honis
1112 1520 1369 1587 operibus
1398 1519 1692 1589 replemus.

573 1626 592 1657 ‹
619 1607 757 1661 Ecce
784 1606 905 1662 dedi
929 1608 1083 1661 vobis
1106 1623 1268 1662 omne
1298 1608 1501 1678 lignum
1531 1608 1739 1663 habens
1760 1607 1994 1662 fructum
2014 1607 2069 1661 in

498 1698 813 1766 semetipso,
854 1706 913 1752 ut
953 1698 1026 1753 sit
1069 1698 1224 1753 vobis
1262 1699 1317 1753 in
1348 1713 1553 1754 escam.
1590 1719 1609 1751 ι
1638 1698 1717 1754 Ne
1745 1709 2067 1769 praetercur-

2249 1623 2265 1656 ι
2292 1603 2421 1658 Ἰδοὺ
2444 1603 2653 1658 δέδωκα
2681 1604 2808 1673 ὑμῖν
2842 1601 2995 1668 ξύλον
3019 1602 3049 1655 ὃ
3084 1602 3195 1671 ἔχει
3226 1602 3439 1673 καρπὸν
3462 1603 3521 1656 ἑν
3548 1598 3745 1670 ἑαυτῷ·

2178 1695 2304 1766 ὑμῖν
2384 1693 2538 1749 ἔσται
2586 1696 2667 1758 είς
2720 1692 2941 1765 βρῶσιν.
2976 1712 2995 1746 ι
3050 1693 3231 1764 Μηδὲν
3266 1692 3664 1763 παρατρεχέτω
3708 1693 3741 1761 ἠ

498 1796 585 1844 ιοιιι
644 1787 909 1844 Ecclesia.
963 1788 1158 1843 Omnia
1210 1789 1448 1860 legitima
1490 1798 1639 1846 sunt.
1704 1788 1821 1843 Non
1868 1787 2003 1843 dixit
2052 1806 2066 1844 :

2191 1786 2515 1859 Ἐκκλησία’
2552 1788 2733 1841 πάντα
2782 1786 2990 1857 νόμιμά
3018 1788 3184 1841 ἐστιν.
3211 1786 3329 1839 Dim
3353 1780 3496 1850 εἷπε,
3531 1784 3747 1838 Δέδωκα

500 1878 634 1934 Dedi
707 1879 862 1955 vobis
922 1879 1104 1949 pisces
1151 1880 1217 1935 ad
1280 1881 1631 1936 vescendum.
1713 1879 1853 1949 Dedi;
1919 1879 2073 1936 vobis

499 1978 653 2034 cete,
710 1976 765 2025 et
807 1968 1052 2039 reptilia,
1102 1977 1157 2024 et
1207 1969 1584 2039 quadrupeda.
1625 1967 1746 2023 Non
1811 1968 1957 2024 enim
2005 1968 2077 2027 ob

498 2062 554 2116 id
582 2077 645 2117 ea
680 2061 910 2116 creavit.
958 2060 1066 2116 Sed
1107 2063 1282 2131 prima
1325 2062 1416 2116 lex
1458 2064 1761 2125 concessit,
1791 2070 1850 2116 ut
1881 2060 2077 2116 fructi-

496 2154 602 2210 bus
637 2168 1009 2209 vesceremur.
1052 2153 1246 2209 Adhuc
1287 2156 1433 2209 enim
1471 2153 1730 2224 paradiso
1777 2154 1928 2223 digni
1972 2169 2076 2223 pu-

497 2244 770 2298 tabamur.
819 2242 1042 2313 Ecquod
1088 2243 1179 2298 hic
1222 2244 1356 2297 latet
1405 2242 1771 2313 mysterium?
1808 2240 1982 2298 Nobis
2024 2253 2079 2299 et

498 2334 716 2398 bestiis,
752 2342 809 2389 et
855 2334 1170 2389 volucribus
1221 2334 1340 2387 dati
1373 2342 1503 2389 sunt
1535 2332 1773 2398 fructus,
1807 2340 1862 2389 et
1887 2332 2077 2397 herba.

500 2423 571 2479 ad
598 2423 953 2487 vescendum,
983 2430 1037 2478 et
1069 2423 1390 2477 volucribus
1410 2423 1559 2486 caeli,
1584 2431 1640 2492 et
1668 2424 1930 2483 omnibus
1961 2424 2081 2477 ani-

501 2512 786 2567 mantibus
831 2519 1009 2566 terra}.
1060 2512 1230 2582 Atqui
1271 2511 1443 2565 multa
1494 2512 1777 2567 cernimus
1820 2513 2081 2568 animalia

414 2582 417 2601 ”
501 2599 780 2658 fructibus
820 2618 932 2657 non
984 2602 1154 2659 vesci.
1216 2601 1338 2670 Quo
1396 2603 1544 2658 enim
1597 2602 1780 2659 fructu
1835 2605 2082 2660 vescitur

501 2692 711 2762 pardus
766 2700 863 2747 aut
901 2693 1043 2757 fleo?
1092 2692 1161 2748 Hi
1192 2700 1373 2749 tamen
1428 2694 1536 2765 legi
1575 2704 1790 2751 natura:
1845 2696 2081 2766 subjecti

502 2784 778 2840 fructibus
819 2784 1131 2840 alebantur.
1183 2783 1295 2841 Sed
1338 2800 1463 2840 cum
1501 2785 1666 2843 homo
1697 2788 2022 2844 recessisset
2051 2803 2080 2842 a

502 2874 798 2939 mandato,
849 2885 903 2930 et
940 2886 1096 2931 extra
1145 2876 1466 2947 paradisum
1505 2878 1672 2933 vitam
1717 2889 1922 2951 ageret,
1959 2889 2084 2952 post

503 2963 775 3018 diluvium
826 2964 1021 3020 videns
1076 2964 1346 3022 Dominus
1398 2965 1661 3025 homines
1704 2982 2080 3037 contumaces,

504 3055 786 3110 concessit
819 3055 922 3117 eis,
958 3064 1016 3110 ut
1045 3058 1306 3114 omnibus
1329 3066 1723 3115 vescerentur:
1747 3060 1920 3118 Omne
1935 3063 2082 3132 quod

2176 1879 2303 1949 ὑμῖν
2332 1880 2459 1943 τοὺς
2498 1879 2687 1951 ίχθύας
2719 1879 2799 1941 είς
2833 1877 3067 1948 βρῶσιν,
3115 1875 3321 1930 δέδωκα
3353 1877 3484 1946 ὑμῖν
3519 1876 3592 1930 τὰ
3618 1876 3748 1946 κτήο

2176 1987 2262 2039 νη,
2328 1969 2398 2024 τά
2453 1970 2698 2042 ἑρπετά,
2748 1970 2819 2024 τά
2871 1969 3174 2039 τετράποδα
3205 1983 3220 1998 ·
3274 1968 3335 2022 οὐ
3380 1969 3492 2039 γὰρ
3542 1967 3746 2022 τούτων

2175 2061 2360 2115 ἕνεκεν
2411 2060 2591 2115 limae
2618 2100 2634 2126 ,
2688 2061 2876 2131 φησίν.
2914 2060 3052 2114 Ἀλλ’
3108 2063 3143 2131 ἡ
3197 2058 3388 2131 πρώτη
3460 2059 3746 2132 νομοθεσία

2177 2153 2406 2224 καρπῶν
2443 2153 2741 2207 ἀπόλαυσιν
2791 2150 3197 2223 συνεχώρησεν·
3237 2151 3319 2204 ἔτι
3355 2153 3462 2222 γάρ
3508 2149 3751 2220 ενομιζό-

2181 2244 2320 2315 μεθα
2353 2244 2493 2310 ἄξιοι
2520 2239 2657 2299 εἶναι
2700 2243 2796 2298 τοῦ
2826 2244 3174 2314 παραδείσου.
3214 2243 3371 2296 Ἔστι
3393 2242 3450 2295 δέ
3497 2260 3551 2295 τι
3593 2245 3652 2295 ὲν
3674 2239 3752 2311 τῷ

2177 2335 2492 2390 λανθάνοντι
2548 2337 2885 2409 μυστήριον;
2925 2337 3058 2405 ἡμῖν
3103 2316 3336 2404 γὰρ’καὶ
3368 2336 3492 2400 τοῖς
3542 2332 3751 2403 θηρίοις

2179 2428 2285 2496 καῖ
2304 2430 2415 2492 τοῖς
2448 2429 2711 2491 πετεινοῖς
2731 2426 2824 2480 τοῦ
2847 2425 3099 2496 ούρανοῦ,
3128 2426 3223 2480 καὶ
3254 2428 3388 2479 πᾶσι
3411 2426 3524 2488 τοῖς
3547 2424 3750 2495 θηρίοις

2178 2493 2288 2584 τῆς⁸
2307 2516 2409 2585 γῆς
2446 2517 2495 2568 oi
2546 2515 2747 2586 καρποὶ
2797 2493 3080 2583 ἐδόθησαν,
3120 2514 3213 2568 καὶ
3251 2515 3285 2584 ἡ
3335 2513 3484 2584 χλόη.
3520 2493 3635 2565 καί
3680 2511 3752 2582 μὴ

2181 2604 2277 2658 νῦν
2309 2605 2526 2677 ὁρῶμεν
2572 2603 2744 2657 πολλά
2788 2604 2898 2657 τῶν
2943 2603 3145 2675 θηρίων
3179 2606 3410 2675 καρποῖς
3442 2602 3518 2673 μὴ
3563 2603 3753 2672 τρεφό-

2185 2713 2352 2769 μενα;
2385 2697 2523 2767 ποίῳ
2563 2697 2673 2767 γὰρ
2699 2696 2896 2767 καρπῷ
2940 2697 3299 2766 καταδέχεται
3327 2694 3590 2764 πάρδαλις
3630 2711 3754 2765 τρα-

2182 2789 2376 2859 φῆναις
2406 2788 2489 2852 τίς
2530 2788 2587 2842 δὲ
2613 2788 2824 2859 καρπὸς
2862 2786 3083 2842 δύναται
3124 2787 3313 2841 λέοντα
3338 2786 3575 2857 θρέψαι;
3621 2785 3751 2838 ⁹Δλλ’

2182 2878 2330 2948 ὅμως
2377 2877 2551 2931 ταῦτα
2596 2877 2675 2948 τῷ
2723 2878 2871 2948 νόμῳ
2914 2877 3012 2947 τῆς
3059 2876 3272 2944 φύσεως
3322 2875 3754 2945 ὑποτεταγμένα,

2183 2973 2414 3040 καρποῖς
2444 2969 2773 3041 διετρέφετο.
2827 2969 3047 3040 Ἐπειδὴ
3085 2968 3143 3023 δδ
3183 2969 3211 3020 ό
3263 2967 3550 3039 ἄνθρωπος
3590 2968 3753 3033 ἐξεδι-

2183 3060 2358 3130 ῃτήθη
2388 3059 2480 3112 καί⁵
2513 3057 2675 3128 ἐξέϐη
2702 3058 2795 3112 τοῦ
2822 3060 2949 3130 ὅρου
2970 3057 3063 3111 τοῦ
3091 3056 3374 3127 δεδομένου
3406 3056 3576 3127 αὐτῷ,
3624 3055 3758 3126 μετὰ

507 3158 783 3216 movetur,
818 3151 1017 3221 inquit,
1042 3159 1099 3206 et
1124 3152 1279 3217 vivit,
1305 3153 1411 3208 erit
1433 3153 1591 3210 vobis
1617 3154 1671 3209 in
1695 3155 1900 3223 cibum,
1924 3157 2083 3226 quasi

2191 3151 2276 3205 τὸν
2306 3144 2684 3220 κατακλυσμόν
2711 3149 2865 3213 εἰδὼς
2891 3152 2920 3203 ό
2942 3148 3141 3220 Κύριος
3161 3148 3399 3219 ἀφειδεῖς
3416 3149 3541 3212 τοὺς
3555 3146 3758 3219 ἀνθρώ-

507 3243 659 3296 olera
703 3242 939 3296 virentia
984 3242 1186 3298 tradidi
1233 3244 1389 3301 vobis
1432 3246 1638 3300 omnia.
1688 3246 1809 3313 Quo
1860 3248 2083 3317 quidem

509 3348 793 3397 concesso,
828 3334 1038 3405 reliqua
1074 3335 1202 3392 item
1237 3335 1495 3394 animalia
1541 3338 1861 3394 comedendi
1908 3340 2082 3396 licen-

510 3424 640 3477 tiam
673 3432 829 3480 uacta
866 3432 1014 3481 sunt.

581 3514 660 3570 Ex
698 3531 764 3571 eo
810 3525 1057 3588 tempore
1101 3527 1157 3572 et
1202 3516 1291 3575 leo
1338 3517 1689 3584 crudivorus,
1740 3528 1795 3575 et
1842 3520 2084 3578 vultures

509 3606 838 3663 cadaverum
871 3610 1038 3664 avidi.
1068 3608 1259 3679 Neque
1289 3608 1435 3664 enim
1467 3610 1632 3666 simul
1677 3625 1743 3666 ac
1761 3610 1930 3681 geniti
1955 3617 2087 3667 sunt

509 3706 712 3754 terram
751 3702 1291 3758 circumlustrabant.
1320 3701 1571 3761 Nondum
1596 3703 1894 3774 quidquam
1918 3706 2087 3777 inter-

508 3791 647 3847 ierat
675 3810 863 3849 eorunt
901 3812 1023 3866 qua:
1057 3796 1143 3851 vel
1178 3812 1209 3851 a
1240 3796 1551 3873 Deo‘l'acta,
1584 3799 1667 3854 vel
1695 3800 1878 3869 genita
1907 3807 2084 3866 erant,

510 3902 622 3957 quo
652 3888 899 3943 vultures
934 3888 1302 3942 nutrirentur.
1344 3886 1532 3958 Neque
1562 3896 1757 3944 natura
1797 3890 2089 3959 separabat

511 3982 566 4030 et
598 3975 966 4045 dissolvebat;
999 3976 1214 4045 vigebat
1250 3976 1416 4032 enim.
1453 3974 1641 4045 Neque
1678 3984 1968 4033 venatores
1997 3992 2091 4033 oe-

512 4065 799 4129 cidebant;
827 4066 1067 4119 nondum
1091 4069 1236 4121 enim
1261 4068 1529 4121 vacabant
1547 4067 1797 4123 homines
1819 4068 2087 4137 ejusmodi

513 4156 718 4214 studio.
751 4156 938 4227 Neque
973 4157 1099 4212 fera:
1133 4158 1507 4223 dilaniabant;
1542 4174 1719 4227 neque
1751 4161 1896 4213 enim
1930 4168 2091 4216 erant

491 4248 839 4317 ,crudivorae.
887 4249 997 4304 Nec
1029 4250 1130 4319 ipsi
1152 4244 1402 4306 v‘ultures
1438 4251 1584 4306 vesci
1621 4251 1982 4308 cadaveribus
2012 4268 2092 4315 as-

516 4348 811 4399 sueverant
837 4360 849 4403 ;
884 4342 1142 4410 quoniam
1172 4340 1412 4398 nondum
1439 4349 1599 4397 erant
1630 4342 1919 4408 cadavera,
1952 4359 2092 4398 non-

514 4436 645 4492 dum
678 4436 838 4499 fetor,
862 4436 1104 4492 nondum
1127 4436 1252 4491 talis
1275 4436 1551 4490 vulturum
1570 4436 1758 4502 cibus;
1790 4435 1885 4491 sed
1908 4437 2092 4492 omnia

2190 3260 2346 3306 πους,
2381 3242 2475 3295 ἐπὶ
2508 3242 2725 3296 πάντων
2747 3241 2845 3312 τὴν
2865 3240 3161 3295 ἀπόλαυσιν
3180 3239 3545 3311 συνεχώρησε.
3576 3240 3760 3293 Πάντα

2189 3331 2364 3386 ταῦτα
2398 3330 2639 3402 φάγεσθε
2664 3329 2738 3393 ὡς
2766 3329 2973 3399 λάχανα
3002 3328 3216 3399 χόρτου.
3245 3327 3429 3398 Ταύτῃ
3449 3328 3516 3395 τῇ
3549 3342 3759 3395 συγχωο

2193 3422 2348 3492 ρήσει
2372 3420 2465 3473 καὶ
2495 3418 2564 3473 τὰ
2587 3416 2751 3472 λοιπά
2779 3414 2895 3479 ζῶα
2921 3414 3078 3468 ἔλαϐε
3098 3414 3195 3483 τὴν
3221 3412 3315 3466 τοῦ
3336 3411 3536 3465 ἐσθίειν
3556 3410 3760 3464 ἄδειαν.

2275 3509 2367 3574 Ἐξ
2411 3512 2619 3563 ἐκείνου
2670 3506 2855 3561 λοιπὸν
2894 3505 3172 3577 ὼμοόόρος
3203 3506 3233 3558 ὁ
3270 3504 3425 3568 λέων,
3455 3502 3515 3569 ἐξ
3553 3503 3762 3555 ἐκείνου

2194 3601 2291 3656 καὶ
2340 3598 2514 3668 γῦπες
2564 3598 2890 3667 ἀναμένουσι
2945 3594 3261 3666 θνησιμαῖα.
3312 3594 3387 3646 Oti
3433 3591 3608 3662 δήπου
3658 3591 3763 3660 γὰρ

2194 3690 2290 3744 καὶ
2320 3688 2493 3758 γῦπες
2520 3685 2655 3758 ὁμοῦ
2679 3686 2754 3759 τῷ
2774 3685 3092 3757 γεννηθῆναι
3114 3684 3226 3749 ζῶα
3251 3681 3650 3753 περιεσκόπουν
3671 3680 3765 3751 τὴν

2194 3779 2319 3850 γῆν.
2355 3778 2524 3834 οὔπω
2555 3778 2662 3849 γάρ
2693 3795 2746 3830 τι
2774 3776 3012 3832 ἀπέθανε
3036 3778 3143 3830 τῶν
3177 3774 3326 3845 παρά
3346 3772 3478 3827 Θεοῦ
3514 3788 3767 3843 σημαινο-

2200 3871 2379 3943 μένων
2407 3870 2439 3942 il
2472 3868 2796 3940 γενομένων,
2824 3869 2912 3921 ἵνα
2930 3866 3101 3936 γῦπες
3124 3864 3399 3936 τραφῶσιν
3422 3881 3436 3893 ·
3460 3864 3583 3917 οὔτε
3608 3864 3768 3936 φύσιν

2195 3962 2509 4035 διεχώρισεν
2532 3978 2546 3991 θ
2583 3960 2798 4031 ἀκμαία
2825 3959 2932 4030 γάρ
2957 3975 2970 3987 ·
3011 3958 3137 4011 οὔτε
3180 3957 3413 4029 θηραταί
3441 3956 3728 4010 ἀνάλωσαν
3751 3970 3767 3987 ·

2197 4054 2351 4109 οὔπω
2378 4054 2486 4125 γὰρ
2531 4052 2871 4121 ἐπιτήδευσις
2924 4049 3262 4121 ἀνθρώπων
3302 4049 3422 4103 οὔτε
3477 4047 3652 4121 θηρία
3697 4048 3772 4101 δι-

2197 4146 2339 4199 έσπα
2357 4161 2373 4175 ο
2399 4144 2526 4197 οὔτε
2562 4144 2675 4213 γάρ
2702 4139 2770 4214 ἦν
2802 4140 3079 4212 ώμοόόρα.
3107 4140 3243 4210 Γυψὶ
3283 4141 3341 4194 δὲ
3363 4138 3637 4209 ἀσύνηθες
3666 4138 3770 4193 ἀπὺ

2198 4236 2405 4307 νεκρῶν
2438 4234 2773 4289 διαιτᾶσθαι·
2803 4232 2944 4286 ὥστε
2978 4232 3130 4286 οὔπω
3155 4229 3222 4305 ἦν
3250 4231 3440 4302 νεκρὰ,
3468 4229 3628 4284 οὔπω
3646 4230 3772 4284 δυσ-

2197 4329 2353 4395 ωδία,
2391 4325 2543 4381 οὔπω
2584 4326 2806 4396 τοιαύτη
2844 4323 3018 4396 τροφὴ
3058 4324 3269 4391 γυπῶν,
3299 4322 3434 4376 ἀλλὰ
3461 4322 3669 4386 πάντες
3704 4321 3773 4374 τά

2199 4421 2414 4475 κύκνων
2459 4419 2735 4492 διῃτῶντο,
2767 4418 2861 4472 καὶ
2901 4416 3078 4471 πάντα
3117 4416 3242 4479 τοὺς
3285 4413 3558 4485 λειμῶνας
3582 4413 3771 4468 ἐπενέ-

518 4542 672 4583 more
717 4543 1015 4599 cycnorum
1063 4528 1413 4593 victitabant,
1460 4528 1643 4583 omnia
1682 4529 1740 4583 in
1785 4528 1959 4598 pratis
1996 4543 2084 4599 pa-

2203 4530 2353 4585 μετο.
2380 4512 2489 4566 Καὶ
2517 4507 2606 4566 οἷα
2646 4509 2861 4582 ὁρῶμεν
2888 4507 3055 4571 κύνας
3097 4506 3394 4580 θεραπείας
3426 4506 3616 4560 ἕνεκεν
3645 4507 3771 4560 πολ-

516 4619 837 4673 scebantur.
865 4618 931 4673 Et
953 4619 1414 4689 quemadmodum
1438 4620 1684 4674 videmus
1707 4635 1874 4675 canes
1896 4619 2095 4676 herbas

523 4709 828 4765 curationis
890 4724 1057 4764 causa
1098 4725 1245 4780 sa-pe
1299 4709 1609 4775 comedere,
1654 4726 1765 4766 non
1813 4711 1960 4781 quod
2002 4711 2097 4768 ille

517 4800 680 4859 cibus
728 4801 809 4855 eis
855 4801 928 4855 sit
972 4802 1268 4866 naturalis,
1323 4802 1421 4859 sed
1474 4810 1687 4857 natura
1733 4802 1969 4871 quodam
2011 4803 2099 4857 in-

518 4889 725 4947 stiuctu
755 4891 1072 4953 commoniti
1100 4891 1351 4949 feruntur
1395 4893 1463 4948 ad
1496 4888 1723 4962 id'quod
1750 4893 2096 4949 salutiferam

520 4977 631 5032 illis
657 4976 901 5034 futurum
925 4989 1028 5045 est,
1058 4981 1140 5037 sic
1160 4983 1452 5038 crudivora
1476 4990 1608 5038 tunc
1630 4982 1892 5039 animalia
1915 4990 2095 5047 erant,

520 5085 631 5125 non
684 5078 740 5137 ut
801 5070 907 5126 sibi
963 5071 1208 5127 vicissim
1253 5073 1484 5129 insidias
1534 5081 1832 5137 struerent.
1884 5073 1982 5131 sed
2037 5079 2101 5129 ut

521 5174 644 5216 mox
663 5161 732 5216 ad
759 5161 1046 5231 pristinam
1067 5162 1314 5219 redirent
1332 5165 1807 5221 consuetudinem.
1830 5164 2099 5221 Ceterum

522 5249 688 5307 homo
714 5254 1012 5308 revertitur
1064 5253 1127 5307 ad
1162 5256 1454 5324 pristinum
1497 5263 1722 5321 statum,
1772 5256 2099 5326 improbam,

523 5356 913 5406 aerumnosam,
965 5345 1332 5415 servilemquc
1385 5346 1441 5400 in
1486 5345 1634 5399 victu
1680 5345 2101 5401 sollicitudinem

528 5434 810 5489 omittens.
859 5434 952 5490 Sic
1000 5437 1147 5492 enim
1182 5435 1250 5490 ad
1296 5436 1467 5490 vitam
1510 5434 1654 5489 redit
1684 5435 1805 5503 ejus
1844 5433 2101 5497 similem,

527 5536 690 5589 Quam
725 5525 953 5593 degebat
989 5528 1046 5582 in
1083 5525 1360 5597 paradiso,
1395 5541 1426 5580 a
1460 5524 1647 5579 carnis
1674 5522 2105 5594 perturbationi-

534 5609 639 5665 bus
692 5621 974 5680 remotam.
1017 5632 1292 5686 securam,
1338 5625 1393 5672 et
1430 5616 1679 5678 liberam,
1721 5624 1776 5669 et
1819 5629 1944 5669 cum
1991 5612 2103 5668 Deo

536 5708 703 5770 atque
730 5704 937 5770 angelis
964 5708 1337 5776 coniunctam.
1378 5704 1506 5760 Haec
1535 5719 1566 5757 a
1597 5704 1756 5759 nobis
1786 5704 1931 5758 dicta
1952 5711 2100 5771 sunt,

538 5806 647 5847 non
678 5790 825 5860 quod
861 5792 1106 5853 homines
1137 5796 1208 5852 ab
1231 5811 1335 5851 usu
1367 5797 1612 5853 ciborum
1643 5809 1674 5847 a
1708 5792 1817 5849 Deo
1842 5806 2105 5848 concesso

2196 4605 2353 4668 λάκις
2384 4605 2659 4675 ἄγρωστιν
2699 4598 3144 4671 ἐπινεμομένους,
3176 4600 3277 4653 οὐκ
3308 4597 3491 4668 ἐπειδὴ
3516 4597 3770 4668 συμφυὴς

2196 4695 2379 4758 αὐτοῖς
2398 4695 2546 4746 ἐστιν
2566 4694 2600 4764 ἡ
2614 4691 2810 4763 τροφὴ,
2826 4690 2941 4744 ἀλλ’
2953 4690 3141 4761 ἐπειδὴ
3157 4690 3424 4758 ἀδιδάκτῳ
3438 4687 3545 4741 τινὶ
3558 4685 3772 4757 φύσεως

2196 4784 2513 4855 διδασκαλία
2533 4785 2626 4837 ἐπὶ
2652 4783 2713 4837 τὸ
2729 4781 3007 4853 συμφέρον
3023 4782 3242 4853 ἔρχεται
3258 4778 3326 4832 τὰ
3336 4778 3528 4845 άλογα·
3547 4776 3770 4830 τοιαῦτα

2199 4877 2410 4946 λόγισαι
2433 4873 2573 4931 εἶναι
2601 4879 2694 4931 καὶ
2721 4878 2841 4930 τότε
2864 4877 2935 4932 τὰ
2967 4873 3226 4945 ὠμοϐόρα
3248 4870 3355 4926 τῶν
3379 4868 3555 4935 ζώων,
3580 4867 3771 4938 χόρτον

2199 4968 2410 5031 ἑαυτοῖς
2438 4966 2643 5038 τροφὴν
2667 4968 2920 5030 ἐπινοεῖν,
2944 4964 3044 5018 οὐκ
3063 4962 3311 5033 ἀλλήλοις
3333 4956 3766 5012 ὲπιὸουλεύοντεν

2200 5057 2314 5111 ἀλλ’
2340 5059 2429 5112 οἵα
2474 5057 2657 5129 μέλλει
2686 5054 2825 5111 εἶναι
2860 5055 3000 5127 μετά
3028 5053 3203 5107 ταῦτα
3242 5053 3276 5122 ἡ
3305 5048 3768 5109 ἀποκατάστασις,

2200 5151 2424 5222 τοιαύτη
2453 5146 2522 5221 ἦν
2549 5153 2583 5220 ἡ
2617 5148 2807 5225 πρώτη
2836 5148 3066 5217 γένεσις.
3112 5143 3500 5214 Ἐωνέρχεται
3528 5138 3586 5192 δὲ
3622 5140 3653 5191 ό
3680 5139 3770 5192 ἄν·

2204 5242 2420 5315 θρωπος
2456 5242 2550 5295 ἐπὶ
2577 5242 2678 5311 τὴν
2709 5240 2879 5294 πάλαι
2905 5237 3071 5292 αὐτοῦ
3097 5236 3452 5297 κατάστασιν,
3487 5232 3583 5304 τὴν
3608 5247 3773 5300 πονη-

2207 5333 2326 5403 ρίαν
2353 5333 2627 5403 ἀφέμενος
2649 5348 2663 5361 ·
2698 5330 2796 5401 τὴν
2829 5328 3230 5398 πολυμέριμνον
3257 5324 3461 5393 ταύτην
3489 5321 3655 5392 ζωὴν,
3677 5321 3772 5391 τὴν

2192 5425 2334 5495 ’περὶ
2358 5424 2428 5478 τὰ
2463 5422 2693 5495 βιωτικά
2729 5422 2830 5492 τῆς
2874 5421 3051 5491 ψυχῆς
3095 5416 3371 5482 δουλείαν,
3399 5413 3573 5468 ταῦτα
3597 5412 3772 5466 πάντα

2205 5515 2562 5586 ἀποθέμενος,
2610 5515 2701 5567 ἐπὶ
2726 5514 2816 5567 τὸν
2855 5515 2914 5565 ὲν
2946 5509 3258 5581 παραδείσῳ
3301 5507 3631 5575 ὑποστρέφει
3669 5505 3775 5575 βίον

2204 5608 2411 5660 ἐκεῖνον
2454 5607 2545 5659 τὸν
2584 5605 2881 5659 ἀδούλωτον
2906 5604 3018 5665 τοῖς
3060 5600 3256 5655 πάθεσι
3295 5599 3397 5668 τῆς
3432 5597 3656 5666 σαρκὸς,
3691 5594 3777 5649 τὸν

2206 5696 2509 5766 ἐλεύθερον,
2534 5697 2624 5751 τὸν
2645 5695 2765 5765 Θεῷ
2792 5693 3097 5763 συνόμιλον,
3135 5692 3226 5745 τὸν
3261 5690 3515 5758 ἀγγέλοις
3541 5687 3776 5758 ὁμοδίαι-

2206 5806 2316 5844 τον.
2368 5787 2550 5843 Ταῦτα
2582 5788 2758 5841 τοίνυν
2812 5787 3027 5853 εἴρηται
3075 5785 3226 5851 ἡμῖν,
3271 5782 3371 5835 οὐκ
3426 5781 3616 5834 ἐπειδὴ
3649 5780 3777 5834 ano-
