3890 6388
166 454 257 515 285

878 456 944 516 IN
987 455 1235 527 vanus,
1277 457 1659 515 manuus
1701 476 1712 513 ι

1815 455 2090 527 MINEM,
2128 456 2308 525 ETC.,
2339 454 2549 512 ORAT.
2591 453 2656 510 ιι.

3288 447 3397 507 286

165 570 340 627 κλείειν
367 570 597 642 θέλομεν
631 572 727 641 τῆς
755 571 1047 642 δεδομένης
1071 573 1208 644 ἡμῖν
1242 570 1393 641 παρὰ
1420 570 1555 625 Θεοῦ
1590 572 1712 643 χρή-

1821 573 2054 628 velimus
2091 570 2383 627 excludere
2420 588 2434 623 :
2471 569 2565 624 sed
2600 576 2658 620 ut
2697 564 2954 635 praeteriti
2986 564 3247 631 tmporis
3276 562 3397 620 feli—

168 681 286 727 σεως
308 662 410 717 τῶν
439 662 768 735 βρωμάτων,
798 663 915 716 ἀλλ’
946 664 1033 719 ἵνα
1056 664 1147 717 τὸν
1178 662 1513 735 παρελθόντα
1543 680 1720 734 μακα-

169 756 378 825 ρίσωμεν
416 754 611 824 χρόνον
637 772 652 786 ο
680 755 766 807 οἵα
808 749 876 824 ἦν
917 756 951 825 ή
996 754 1142 825 ζωῆς*
1177 755 1326 818 ὅπως
1379 753 1678 825 ἀπροσδεής
1701 769 1713 782 ’

165 843 263 908 πῶς
290 843 475 912 ὀλίγων
516 843 730 896 ἐδέοντο
762 842 900 909 πρὸς
934 843 1032 913 τὴν
1062 840 1157 896 τοῦ
1197 842 1312 912 βίου
1360 842 1631 914 διαγωγὴν
1668 843 1718 895 οἰ

166 934 413 1005 ἄνθρωποι
436 950 451 964 ·
487 934 607 1013 πῷς
636 934 696 987 τὸ
725 935 967 988 ποικίλον
1000 936 1100 1005 τῆς
1137 935 1346 1006 διαίτης
1374 939 1505 1007 ἡμῖν
1546 938 1580 1007 ἠ
1624 937 1718 1007 τῆς

167 1022 414 1093 ἁμαρτίας
444 1024 864 1094 συνεισήνεγκεν
885 1024 1058 1077 αἰτία.
1104 1022 1320 1094 Ἐπειδὴ
1344 1025 1452 1094 γὰρ
1476 1027 1576 1096 τῆς
1595 1025 1720 1096 ἀλη-

168 1112 300 1181 θινῆς
327 1113 534 1183 τρυφῆς
572 1112 676 1183 τῆς
706 1116 764 1166 ὲν
801 1113 878 1184 τῷ
917 1113 1230 1194 παραδείσῳ
1253 1114 1611 1184 έξεπέσαμεν,
1637 1133 1720 1168 νε-

168 1202 464 1272 νοθευμένας
498 1204 705 1275 τρυφὰς
730 1205 942 1268 ἑαυτοῖς
967 1205 1362 1277 ἐπενοήσαμεν.
1395 1206 1505 1260 Καὶ
1533 1206 1718 1279 ἐπειδὴ

167 1292 324 1345 οὐκέτι
361 1293 630 1364 βλέπομεν
667 1294 727 1348 τὸ
751 1294 906 1361 ξύλον
930 1294 1033 1365 τῆς
1071 1295 1238 1366 ζωῆς,
1273 1297 1395 1350 οὐδὲ
1423 1296 1503 1367 τῷ
1532 1297 1717 1351 κάλλει

167 1382 335 1454 ἐκείνῳ
359 1371 784 1455 ὲναϐρῦνόμεθα,
825 1387 1086 1457 ἐδόθησαν
1132 1389 1264 1459 ἡμῖν
1296 1390 1372 1452 εἰς
1422 1390 1717 1443 ἀπόλαυσιν

170 1472 393 1544 μάγειροι
415 1472 600 1526 λοιπὸν
623 1475 719 1527 καὶ
742 1475 1042 1547 ἀρτοποιοὶ,
1071 1477 1165 1530 καὶ
1201 1477 1507 1548 πεμμάτων
1540 1496 1718 1533 ποικι-

166 1559 259 1612 λίαι
283 1562 370 1615 καὶ
400 1562 783 1634 Θυμιαμάτων,
826 1566 921 1619 καὶ
952 1565 1179 1620 τοιαῦτά
1210 1584 1334 1622 τινα
1362 1570 1718 1640 παραμυθού-

171 1668 287 1719 μενα
310 1652 457 1723 ἡμῶν
487 1653 588 1726 τὴν
628 1656 837 1709 ἐκεῖθεν
864 1655 1137 1723 ἔκπτωσιν
1162 1674 1177 1687 ·
1218 1658 1407 1729 ὥσπερ
1439 1661 1487 1713 οἰ
1535 1660 1718 1732 appet.

169 1753 265 1792 στοι
284 1740 402 1794 ὅταν
428 1742 848 1814 καταϐληθῶσιν
879 1746 989 1798 ὑπὸ
1018 1746 1257 1819 σφοδρᾶς
1293 1749 1624 1820 ἀρρωστίας,
1654 1751 1717 1802 οὐ

167 1826 421 1899 δυνάμενοι
443 1832 693 1903 μετέχειν
704 1836 803 1905 τῆς
817 1835 1080 1907 συνήθους
1098 1837 1470 1903 ἀπολαύσεως,
1488 1840 1591 1908 ὀσφ
1597 1854 1719 1910 ραν-

1820 660 2040 716 citatem
2087 661 2461 716 ostendamus.
2514 658 2699 724 Qualis
2727 669 2794 709 ea
2837 654 2951 710 vita
2996 652 3189 720 fuerit,
3230 668 3397 723 quam

1824 751 2144 822 tranquilla,
2173 750 2338 821 quam
2365 749 2538 812 dives,
2565 761 2728 818 quam
2758 745 2950 816 paucis
2979 745 3034 798 in
3058 746 3200 798 victu
3233 745 3403 801 rebus

1819 840 2073 894 homines
2115 838 2475 910 indiguerint,
2516 835 2794 907 quomodo
2841 848 2967 888 cum
3015 834 3184 887 variis
3232 849 3398 904 gene-

1822 931 1976 987 ribus
2022 931 2313 1000 epularum
2369 929 2634 1000 peccandi
2689 941 2870 982 causae
2915 924 3079 979 simul
3134 925 3399 994 ingressae

1824 1020 2048 1074 fuerint.
2093 1017 2391 1088 Postquam
2442 1018 2586 1073 enim
2624 1032 2654 1071 a
2691 1017 2831 1070 veris
2864 1014 2974 1068 illis
3018 1012 3258 1084 paradisi
3301 1012 3399 1066 dc-

1756 1154 1767 1163 ,
1821 1113 1963 1167 liciis
1983 1112 2309 1174 excidimus,
2331 1125 2430 1165 nec
2449 1110 2687 1179 amplius
2706 1109 2831 1163 vitae
2854 1107 3059 1178 lignum
3091 1106 3399 1167 intuemur,

1819 1219 1924 1260 nec
1967 1204 2215 1259 honestis
2252 1203 2384 1269 illis,
2432 1201 2824 1272 praeclarisque
2874 1198 3247 1268 voluptatibus
3291 1195 3399 1249 l'rui

1821 1295 2111 1366 gloriarive
2137 1309 2455 1365 possumus,
2489 1292 2828 1347 adulterinas
2859 1290 3017 1345 nobis
3047 1289 3273 1343 delicias
3302 1303 3398 1340 ex-

1823 1387 2212 1457 cogitavimus,
2244 1400 2454 1455 coquos
2489 1391 2545 1439 et
2580 1383 2820 1453 pistores
2862 1381 3195 1446 invenimus,
3244 1379 3394 1431 varia

1819 1478 2171 1533 bellariorum
2214 1476 2763 1544 summentorumque
2822 1489 3044 1544 genera,
3099 1482 3157 1527 ut
3208 1472 3396 1540 lapsus

1822 1569 1967 1624 illius
1989 1569 2206 1629 solatia,
2234 1567 2705 1638 comparavimus.
2733 1565 2805 1620 Ut
2840 1566 3087 1636 aegrotis,
3127 1564 3218 1634 qui
3244 1564 3395 1632 gravi

1821 1659 2005 1728 aliquo
2049 1659 2242 1715 morbo
2286 1656 2705 1723 conﬂictantur,
2745 1672 2871 1711 cum
2925 1657 3105 1712 solitis
3142 1656 3395 1725 volupta-

1820 1751 1969 1806 tibus
1999 1750 2107 1806 frui
2124 1765 2239 1805 uon
2259 1751 2495 1821 possint,
2524 1749 2790 1819 quasdam
2815 1747 3048 1803 odorum
3072 1747 3396 1809 suavitates,

1820 1850 1875 1898 et
1906 1843 2015 1897 alia
2042 1841 2313 1911 ejusmodi
2362 1840 2722 1911 congruentia
2762 1838 3157 1894 oblectamenta
3203 1836 3397 1891 medici

167 1920 262 2012 τοίς
279 1920 382 2012 -καὶ
406 1922 670 1987 τοιούτοις
695 1926 806 1979 τισὶ
832 1925 984 2012 παρά
1008 1927 1120 1981 τῶν
1141 1928 1342 1999 ἰατρῶν
1380 1929 1712 1999 λαμϐάνουσι

1816 1934 2260 1998 subministrant,
2285 1939 2338 1988 et
2354 1933 2586 1987 inlirmis
2616 1946 2807 1986 eorum
2826 1929 3084 1985 sensibus
3100 1928 3396 1983 blandiun-

168 2009 425 2077 δεξιώσεις.
476 2014 694 2087 Ἐπειδὴ
734 2016 842 2088 γὰρ
888 2009 997 2074 τῶν
1042 2020 1410 2091 ἰσχυροτέρων
1456 2023 1536 2084 εἰς
1578 2021 1714 2074 όιπό-⁹

168 2101 329 2159 λαυσιν
347 2095 755 2173 ὲκπεπτώκασὶ,
785 2112 897 2172 τοῖς
924 2109 1173 2163 ἀσθενέσι
1208 2110 1498 2182 σύμμετρα
1525 2111 1575 2164 οἰ
1615 2127 1710 2164 κο-

168 2193 455 2261 λακεύοντες
501 2199 684 2253 αὐτῶν
735 2200 832 2263 τὰς
872 2200 1153 2272 αἰσθήσεις
1190 2200 1519 2273 περινοοῦσι.
1567 2201 1713 2273 Πλὴν

167 2284 282 2338 ἀλλά
306 2289 392 2341 καὶ
434 2289 529 2342 νῦν
568 2288 713 2344 κατά
767 2290 1004 2362 μίμησιν
1046 2294 1144 2362 τῆς
1175 2293 1234 2344 ἐν
1275 2290 1356 2361 τῷ
1402 2291 1714 2362 παραδείσῳ

167 2374 291 2446 ζωῆς
330 2378 547 2443 ἑαυτοὺς
595 2381 748 2448 ἄγειν
789 2379 1121 2452 βουλόμενοι,
1169 2380 1461 2449 φεύγοντες
1507 2381 1712 2451 ταύτην

167 2466 247 2537 τὴν
278 2469 523 2524 πολύυλον
547 2470 661 2523 τῶν
690 2470 994 2542 βρωμάτων
1024 2473 1343 2538 ἀπόλαυσιν,
1384 2472 1473 2527 ἐπ’
1505 2474 1710 2526 ἐκεῖνον

165 2558 242 2611 τὸν
280 2558 381 2628 βίον
425 2559 609 2626 καθώς
632 2564 755 2616 ἐστι
797 2563 1023 2619 δυνατὸν
1065 2564 1288 2628 ἑαυτοὺς
1310 2561 1548 2636 ἄγωμεν,
1578 2580 1711 2634 καρ-

167 2651 268 2713 ποῖς
296 2651 382 2703 καὶ
417 2652 698 2723 σπέρμασι
730 2654 823 2708 καὶ
868 2657 983 2718 τοῖς
1025 2656 1090 2708 ὲκ
1120 2654 1226 2708 τῶν
1269 2653 1585 2726 ἀκροδρύων
1633 2656 1711 2717 εἰς

165 2741 408 2815 διαγωγὴν
435 2744 733 2816 χρώμενοι,
758 2745 819 2799 τὸ
853 2745 914 2801 δὲ
948 2745 1208 2816 περισσὸν
1250 2745 1475 2812 τούτων,
1504 2746 1581 2809 ὡς
1612 2745 1714 2799 οὐκ

166 2833 427 2901 ἀναγκαῖον
457 2837 934 2910 ἀωπεμπὼμεθα.
987 2839 1061 2893 Οὐ
1080 2838 1187 2909 γάρ
1217 2836 1485 2908 βδελυκτά
1506 2837 1595 2892 διὰ
1619 2837 1715 2892 τὸν

166 2924 420 2979 κτίσαντα*
458 2928 518 2980 οὐ
570 2927 680 2999 μὴν
723 2928 843 2980 οὐδὲ
886 2927 1079 2999 αἱρετά
1116 2928 1205 2983 διά
1232 2927 1333 3005 τὴν
1381 2929 1480 2999 τῆς
1512 2927 1713 2999 σαρκὸς

164 3015 598 3081 εὐπάθειανΛΚαὶ
626 3019 971 3074 κατέπαυσεν
997 3022 1026 3073 ό
1053 3019 1186 3084 Θεὸς
1207 3019 1320 3076 ἀπὸ
1355 3019 1570 3075 πάντων
1601 3017 1710 3072 τῶν

164 3104 313 3177 ἔργων
351 3109 508 3163 αὑτοῦ
556 3113 626 3183 τῇ
669 3111 850 3182 ἡμέρᾳ
877 3114 944 3183 τῇ
990 3111 1573 3184 ἐϐδόμῃ-»λεγέτωσαν
1619 3106 1714 3165 οὖν

163 3197 498 3271 ἀριθμητικοὶ,
528 3203 627 3255 καὶ
648 3204 697 3255 οί
725 3201 853 3272 περὶ
875 3202 942 3256 τὰ
967 3202 1192 3257 τοιαῦτα
1214 3204 1591 3274 ὲσχολακότες,
1616 3204 1711 3257 καὶ

162 3286 244 3358 τὴν
261 3290 377 3360 περὶ
398 3291 591 3346 τούτου
621 3293 809 3365 σοφίαν
838 3294 960 3347 ἀντὶ
988 3294 1222 3365 μεγάλου
1256 3294 1707 3366 προϐεϐλημένοι,

161 3380 224 3442 ὡς
254 3382 343 3451 μὲν
391 3385 659 3457 συγγενὴς
706 3388 774 3459 τῇ
810 3387 905 3441 τοῦ
953 3387 1158 3458 κόσμου
1211 3387 1386 3441 κτίσει
1432 3389 1461 3441 ὁ
1506 3387 1614 3441 τῶν
1653 3386 1713 3454 ἒξ

162 3471 384 3543 ἀριθμὸς,
424 3476 502 3529 ὅτι
550 3475 844 3545 πολύγονός
877 3478 1013 3542 ἐστι,
1073 3476 1243 3530 πολλὰ
1296 3478 1550 3548 σχήματα
1590 3479 1713 3549 ἀρι-

165 3560 294 3630 θμῶν
322 3566 409 3634 ἀφ’
456 3566 654 3620 ἑαυτοῦ
703 3567 927 3636 γεννῶν,
982 3568 1076 3620 καὶ
1104 3567 1306 3631 τέλειος
1353 3570 1465 3631 τοῖς
1512 3568 1709 3623 ἑαυτοῦ

166 3651 348 3723 μέρεσι,
383 3657 475 3710 καὶ
501 3659 606 3711 ὅσα
655 3658 784 3729 περὶ
825 3658 925 3730 τῆς
960 3657 1145 3723 ἑξάδος
1182 3660 1240 3711 ὲν
1272 3660 1394 3722 ταῖς
1432 3659 1721 3729 σχολικαῖςη

162 3738 424 3809 διαλέξεσιν
451 3745 807 3818 ἀριθμητικοὶ
824 3746 1153 3818 διηγοῦνται,
1181 3748 1235 3801 εί
1251 3765 1369 3811 πως
1392 3748 1556 3819 σχολὴ
1583 3748 1708 3801 καθ’

164 3839 324 3894 ἑαυτὸν
346 3842 612 3913 λεγέσθω’
643 3843 950 3913 λεγέτωσαν
979 3845 1036 3899 δὲ
1066 3845 1162 3899 καὶ
1196 3846 1324 3917 περὶ
1356 3846 1455 3916 τῆς
1475 3844 1707 3916 ἑϐδομά-

161 3928 253 3996 δος,
275 3932 349 3985 ὅτι
377 3935 663 4007 στείρωσίς
691 3936 775 4000 τίς
800 3937 948 3990 ἐστιν
981 3938 1038 3992 ὲν
1069 3936 1148 4009 τῷ
1173 3937 1407 4007 ἑϐδόμῳ.
1433 3935 1574 3990 Οῦτε
1611 3936 1709 4007 μὲν

163 4022 252 4093 γὰρ
275 4029 429 4099 γεννᾷ
466 4027 562 4097 ἀφ’
590 4029 806 4094 ἑαυτοῦ,
848 4027 973 4083 οὔτε
1020 4031 1153 4101 παρ’
1181 4030 1369 4099 ἑτέρου
1404 4029 1649 4083 τίκτεται
1681 4031 1709 4082 ὁ

164 4113 253 4168 τῶν
282 4118 412 4172 έπτά
450 4120 704 4193 ἀριθμός.
744 4121 854 4174 Καὶ
885 4121 972 4174 ἵνα
1021 4122 1096 4194 μὴ
1146 4123 1225 4185 εἰς
1269 4121 1545 4175 πολύυλον.
1574 4138 1708 4176 κατ-

164 4207 327 4276 αγάγω
350 4211 436 4265 τὸν
463 4212 644 4281 λόγον,
673 4212 771 4284 τὴν
804 4213 1039 4279 διάλεξιν
1069 4213 1168 4286 τὴν
1199 4212 1334 4295 πρὸς
1356 4214 1499 4284 ὑμᾶς
1532 4231 1712 4285 παρα·-

1817 2032 1927 2078 tur.
1961 2021 2166 2076 Verum
2215 2021 2262 2077 si
2322 2035 2472 2074 nunc
2513 2020 2680 2075 etiam
2716 2019 2972 2073 volumus
3014 2017 3180 2071 vitam
3222 2016 3394 2081 illam,

1788 2127 1940 2184 quae
1981 2114 2037 2166 in
2063 2111 2326 2182 paradiso
2373 2110 2659 2180 agebatur,
2689 2109 2918 2173 imitari,
2959 2107 3028 2161 ad
3059 2122 3202 2174 eam,
3234 2109 3393 2162 varia

1808 2208 1920 2263 ista
1945 2205 2194 2260 ciborum
2224 2218 2427 2275 genera
2457 2202 2752 2273 fugientes,
2786 2216 2888 2272 pro
2918 2201 3131 2256 viribus
3166 2201 3396 2255 acceda-

1814 2312 1962 2364 mus,
1989 2295 2284 2358 fructibus,
2318 2301 2373 2349 et
2405 2293 2729 2357 seminibus,
2753 2300 2807 2346 et
2832 2291 3199 2362 leguminibus
3225 2291 3392 2344 vitam

1816 2395 2218 2452 sustentemus,
2282 2386 2493 2456 reliqua
2537 2395 2738 2449 autem,
2779 2393 2836 2437 ut
2880 2400 3238 2454 supervacua,
3288 2384 3395 2437 mi-

1815 2480 2073 2550 nimeque
2130 2476 2444 2534 necessaria
2472 2517 2487 2541 ,
2539 2476 2863 2545 abjiciamus
2910 2482 2964 2529 et
3013 2488 3391 2545 aspernemur.

1816 2570 2079 2637 Quamvis
2119 2569 2266 2625 enim
2312 2565 2634 2622 detestanda
2678 2580 2791 2620 non
2836 2566 2968 2628 sint,
3014 2563 3203 2636 utpote
3234 2568 3396 2622 nobis

1817 2664 1886 2717 ab
1913 2663 2032 2732 ipso
2062 2668 2417 2731 procreatore
2455 2672 2741 2722 concessa,
2767 2659 3035 2712 sumenda
3071 2668 3252 2713 tamen
3285 2675 3393 2713 non

1815 2761 1946 2808 sunt
1993 2761 2220 2823 propter
2258 2750 2444 2806 carnis
2500 2750 2951 2805 oblectationem.
2992 2771 3010 2802 ι
3036 2752 3095 2806 Et
3129 2750 3393 2818 requievit

1814 2844 2082 2899 Dominus
2124 2843 2196 2898 ab
2228 2838 2489 2899 omnibus
2540 2842 2801 2912 operibus
2847 2842 2964 2897 suis
2985 2843 3213 2911 septimo
3237 2844 3342 2898 die.
3371 2861 3393 2897 ι

1815 2936 2012 2992 Dicant
2060 2936 2418 2996 arithmetici,
2445 2943 2499 2990 et
2548 2933 2643 3005 qui
2674 2934 2880 2989 talibus
2921 2934 3245 2988 incumbunt
3274 2941 3394 2989 stu-

1816 3031 1944 3093 diis,
1982 3029 2188 3099 quique
2224 3027 2555 3098 sapientiam
2587 3025 2864 3095 ejusmodi
2902 3024 3113 3079 faciunt
3151 3024 3394 3094 plurimi,

1816 3121 2094 3177 senarium
2139 3134 2431 3174 numerum
2460 3132 2584 3172 cum
2620 3117 2827 3171 mundo
2876 3116 3040 3171 simul
3076 3130 3200 3170 esse
3246 3115 3387 3184 geni-

1818 3218 1957 3276 tum,
2015 3225 2139 3265 esse
2184 3224 2474 3265 numerum
2520 3206 2839 3271 fecundum,
2897 3206 3179 3276 multaque
3227 3221 3294 3260 ex
3340 3220 3394 3260 se

1814 3316 2173 3358 numerorum
2221 3314 2419 3371 genera
2462 3300 2788 3369 parientem,
2832 3305 2887 3353 et
2935 3298 3052 3352 suis
3094 3294 3394 3365 perfectum

1816 3393 2093 3464 partibus,
2144 3398 2204 3447 et
2235 3404 2581 3460 quaecunque
2605 3390 2672 3443 de
2700 3388 2820 3458 ipso
2845 3387 2902 3441 in
2933 3386 3396 3457 disputationibus

1815 3484 1934 3540 suis
1956 3482 2145 3539 dicere
2156 3488 2580 3537 consueverunt.
2598 3479 2847 3549 Cumque
2864 3478 2931 3533 de
2952 3479 3169 3535 senario
3184 3478 3394 3534 abunde

1814 3591 1910 3645 per
1942 3575 2115 3629 otium
2148 3574 2410 3637 dixerint,
2457 3572 2622 3628 etiam
2654 3571 2722 3627 de
2751 3571 3065 3642 septenario
3100 3570 3393 3626 disserant.

1815 3666 2068 3721 Sterilem
2105 3680 2229 3720 esse
2268 3664 2671 3725 demonstrent,
2709 3663 2912 3732 quippe
2946 3661 3041 3730 qui
3090 3676 3190 3715 nec
3228 3662 3394 3715 alium

1810 3772 1876 3810 ex
1902 3770 1960 3810 se
1981 3768 2271 3809 numerum
2295 3760 2540 3824 generet,
2576 3769 2677 3805 nec
2704 3753 2773 3805 ab
2795 3752 2904 3806 alio
2935 3752 3054 3821 ipse
3076 3759 3392 3821 generetur.

1811 3844 1944 3916 Ego,
2003 3861 2071 3900 ne
2127 3858 2436 3899 sermonem
2483 3857 2650 3897 causa
2691 3852 2874 3897 vestra
2915 3842 3030 3912 jam
3078 3841 3393 3897 institutum

1813 3937 2085 4000 omittam,
2151 3936 2217 3990 ad
2280 3949 2343 3989 ea
2392 3949 2514 4004 quae
2559 3941 2688 3989 sunt
2735 3934 2959 4005 cognitu
3004 3934 3253 3987 faciliora
3311 3948 3398 3988 me

1812 4039 2157 4084 convertam.
2218 4026 2273 4081 Si
2313 4026 2441 4096 quis
2486 4034 2665 4079 autem
2703 4025 2912 4095 peritus
2958 4032 3042 4080 est
3085 4024 3396 4081 istiusmodi

1818 4120 2119 4182 facultatis,
2162 4119 2211 4175 is
2243 4124 2542 4188 cognoscat
2590 4117 2781 4171 talium
2829 4119 2992 4173 etiam
3040 4133 3222 4173 rerum
3272 4118 3397 4173 the-

1819 4227 2044 4269 saurum
2085 4211 2227 4282 apud
2270 4225 2371 4267 nos
2422 4225 2546 4264 esse
2580 4210 2943 4264 reconditum.

161 4294 370 4368 δραμὼν,
402 4304 493 4356 ἐπὶ
533 4303 601 4358 τὰ
633 4304 1110 4393 εύγνωμονέστερα
1150 4294 1408 4377 χωρήσω.
1440 4307 1505 4360 Εἰ
1530 4306 1588 4359 δέ
1616 4324 1700 4371 τις
1735 4307 1829 4362 καὶ
1856 4307 1985 4379 περὶ
2008 4306 2180 4360 ταῦτα
2208 4304 2323 4375 ἔχει
2348 4303 2470 4359 τινὰ
2506 4303 2820 4374 ἐμπειρίαν,
2845 4302 3160 4372 γινωσκέτω
3189 4304 3269 4358 ὅτι
3302 4300 3397 4357 καὶ

161 4392 335 4449 τούτων
359 4400 387 4451 ὁ
413 4399 684 4472 θησαυρὸς
707 4400 1054 4455 ὲναπόκειται
1076 4400 1204 4471 παρ’
1232 4401 1385 4471 ἡμῖν.
1596 4446 1605 4453 .

222 4487 368 4544 Ὥστε
392 4497 439 4547 εἰ
477 4495 622 4565 μέγα
653 4494 1008 4568 ἀριθμητικὴ,
1033 4493 1267 4550 ἐνταῦθά
1294 4496 1409 4548 ἐστι
1432 4494 1528 4567 τῆς
1554 4490 1712 4567 ἀριθ-

1888 4494 2067 4560 Quare
2095 4494 2142 4547 si
2192 4490 2374 4562 magni
2445 4490 2691 4546 facienda
2758 4500 2841 4547 est
2879 4488 3245 4553 arithmetica,
3304 4488 3394 4544 hic

164 4582 370 4653 μητικῆς
388 4583 453 4637 τὰ
479 4584 788 4657 σπέρματα.
813 4585 1006 4656 Ἡμεῖς
1026 4584 1081 4641 δὲ
1099 4584 1159 4637 οὐ
1182 4583 1486 4656 φρονοῦμεν
1502 4584 1711 4657 τούτοις

1815 4585 1935 4655 ejus
1977 4589 2106 4639 sunt
2140 4583 2369 4637 semina.
2409 4580 2576 4637 Nobis
2629 4589 2810 4635 autem
2857 4596 2966 4635 non
3000 4588 3083 4637 est
3114 4596 3279 4644 curas,
3336 4589 3395 4635 ut

160 4667 227 4738 τῷ
250 4671 307 4724 ὲκ
334 4672 427 4744 τῆς
451 4674 547 4728 τοῦ
576 4676 782 4746 κόσμου
806 4671 946 4729 εἶναι
985 4673 1196 4746 σοφίας,
1230 4674 1264 4746 ἢ
1289 4674 1377 4729 διὰ
1403 4675 1503 4746 τὴν
1530 4675 1595 4728 ὲκ
1614 4673 1710 4727 τοῦ

161 4760 341 4832 κόσμου
370 4766 580 4835 σοφίαν
611 4768 660 4819 οἰ
689 4765 797 4838 γὰρ
819 4767 992 4820 ταῦτα
1020 4767 1397 4838 περιέποντες,
1431 4766 1603 4839 μικρά
1625 4769 1711 4820 ἐν·

159 4854 309 4911 ταῦθα
319 4857 629 4927 κλέψαντες,
641 4857 761 4920 ταῖς
777 4853 1181 4928 πραγματείαις
1194 4853 1346 4907 αὐτοὶ
1359 4854 1433 4918 ὡς
1450 4854 1710 4924 μεγάλαις

160 4947 600 5020 ἐπισεμνύνονται.
633 4949 752 5002 Ἵνα
774 4948 955 5001 τοίνυν
988 4945 1251 5017 δείξωμεν
1295 4945 1497 5013 αὐτοῖς,
1526 4947 1608 4999 ὅτι
1640 4947 1708 5000 τά

160 5042 271 5111 παρ’
292 5034 514 5106 ἐκείνοις
548 5038 985 5111 περισπούδαστα
1007 5040 1140 5108 ἡμῖν
1180 5038 1328 5090 ἐστιν
1369 5037 1710 5107 εὐκαταφρό-

158 5144 295 5198 νητα,
332 5136 505 5205 σιωπῇ
538 5132 984 5203 παραδράμωμεν
1010 5129 1106 5183 τὸν
1132 5129 1261 5199 περὶ
1282 5128 1486 5183 τούτων
1515 5128 1672 5197 λόγον
1691 5146 1705 5160 ο

158 5219 273 5288 ὁμοῦ
305 5222 359 5275 δὲ
394 5225 488 5277 καὶ
519 5226 621 5276 οὐκ
645 5221 912 5286 εῦληπτος
941 5222 1057 5293 λαῷ
1092 5223 1255 5277 παντὶ
1286 5223 1320 5295 ἠ
1351 5223 1708 5294 περὶτούτων

160 5305 355 5381 θεωρία.
388 5314 631 5385 Παρεστι
678 5314 735 5367 δὲ
768 5314 1037 5385 ἐκκλησία
1079 5314 1139 5367 ού
1185 5313 1499 5385 παραδόξων
1535 5314 1707 5383 λόγων

160 5398 394 5469 ἀκρόασιν
428 5405 779 5477 ἐκδεχομένη,
826 5404 963 5459 ἀλλά
1012 5403 1121 5458 τῶν
1154 5405 1242 5458 ἐπ’
1284 5404 1538 5476 οἰκοδομῇ
1574 5406 1709 5459 θεω-

163 5494 394 5560 ρημάτων
441 5494 773 5567 ἐπιζητοῦσα
808 5498 908 5560 τὰς
951 5495 1155 5560 λύσεις.
1183 5495 1487 5566 Τετίμηται
1523 5497 1707 5559 ,τοίνυν

160 5578 392 5657 ήὲὸδόμη
422 5588 605 5659 ἡμέρα
631 5587 692 5640 τὸ
722 5587 1009 5641 σάϐϐατον.
1047 5586 1104 5640 '0
1127 5586 1353 5655 ἕϐδομος
1387 5587 1535 5657 παρά
1575 5586 1706 5640 Ἴου-

162 5669 306 5739 δαίοις
330 5678 574 5749 ἀριθμὸς,
606 5679 806 5750 τίμιος,
847 5679 905 5732 ὲν
928 5672 970 5748 ᾧ
999 5680 1055 5732 αἰ
1080 5679 1466 5748 σκηνοπηγίαι,
1500 5679 1555 5732 αἰ
1585 5679 1706 5732 σάλ-

162 5777 353 5834 πιγγες,
403 5772 435 5839 ὴ
477 5771 658 5841 ἡμέρα
708 5770 803 5824 τοῦ
858 5769 1108 5841 ἱλασμοῦ.
1147 5770 1415 5840 Ἕϐδομος
1459 5772 1706 5835 ἐνιαυτὸς

1613 5863 1665 5879 μιν

165 5856 273 5924 παρ’
305 5858 521 5927 ἐκείνοις
547 5862 726 5933 τίμιος
756 5861 782 5913 δ
809 5861 908 5932 τῆς
934 5861 1179 5931 ἀφέσεως
1201 5861 1510 5931 λεγόμενος.
1549 5863 1704 5933 Ἐξῆν

1813 4690 1979 4746 parva
2024 4673 2140 4729 haec
2173 4689 2240 4727 ex
2286 4671 2476 4726 mundi
2534 4672 2799 4742 sapientia
2835 4670 3214 4740 surripientes,
3237 4671 3394 4740 quasi

1809 4781 2068 4838 magnum
2110 4763 2317 4834 aliquid
2354 4764 2560 4819 nostris
2588 4762 2929 4818 orationibus
2962 4761 3287 4817 inseramus.
3326 4760 3395 4816 Ut

1812 4859 1978 4931 igitur
2026 4864 2241 4912 constet
2294 4871 2398 4912 nos
2421 4862 2793 4929 contemnere,
2821 4870 2943 4926 quze
2981 4855 3085 4925 ipsi
3118 4854 3387 4907 admiran-

1778 4958 1923 5015 'tur,
1954 4951 2174 5007 silentio
2224 4951 2346 5018 ipsa
2381 4954 2748 5011 transeamus,
2784 4945 3085 5016 praesertim
3132 4960 3255 4998 cum
3296 4960 3394 4996 eu-

1811 5060 1930 5097 rum
1961 5042 2200 5112 cognitio
2222 5055 2331 5094 non
2361 5040 2435 5094 ita
2480 5039 2637 5093 facile
2666 5052 2695 5091 a
2720 5037 2913 5107 quovis
2954 5051 2985 5091 e
3023 5037 3224 5107 populo
3268 5050 3391 5103 pcr-

1809 5136 1916 5206 cipi
1957 5134 2153 5204 possit,
2181 5141 2236 5186 et
2273 5130 2367 5202 qui
2403 5146 2492 5186 me
2527 5130 2779 5195 audiunt,
2827 5143 2938 5183 non
2971 5135 3083 5182 tam
3141 5140 3228 5181 res
3273 5139 3391 5195 quae

1810 5233 2067 5282 moveant
2093 5225 2546 5288 admirationem,
2574 5236 2737 5290 quam
2773 5235 2896 5291 qua:
2930 5233 3109 5272 mores
3140 5214 3196 5270 ei
3226 5216 3391 5268 vitam

1809 5317 2111 5382 instruant,
2145 5314 2424 5385 postulent
2466 5320 2520 5368 et
2566 5318 2903 5381 exspectent.
2960 5307 3264 5361 Praeclarus
3306 5312 3389 5360 est

1810 5408 1930 5464 dies
1960 5408 2245 5478 septimus.
2287 5404 2421 5459 Nam
2455 5413 2507 5460 et
2536 5405 2829 5460 sabbatum
2866 5402 3007 5471 apud
3040 5399 3256 5453 Judazos
3300 5415 3389 5454 se-

1810 5498 1981 5567 ptimo
2009 5502 2263 5552 censetur
2284 5496 2373 5555 die
2399 5494 2495 5566 ‘[in
2514 5511 2622 5564 quo
2643 5491 3143 5547 Tabernaculorum
3166 5488 3385 5553 festum,

1809 5589 1995 5656 Tubaa,
2037 5589 2155 5644 dies
2188 5585 2734 5659 Propitiationis].Et
2784 5584 3049 5654 septimus
3104 5597 3281 5636 anuus
3319 5583 3389 5636 ab

1808 5680 2010 5734 eisdem
2046 5681 2389 5743 observatur,
2446 5693 2511 5734 ac
2545 5675 2892 5733 remissionis
2940 5690 3119 5730 annus
3162 5674 3382 5729 dicitur.

1807 5770 2028 5827 Licebat
2062 5771 2206 5824 enim
2245 5770 2352 5825 illis
2378 5778 2575 5823 terram
2609 5783 2705 5841 sex
2729 5766 2889 5820 annis
2920 5766 3120 5829 colere,
3154 5765 3386 5833 septimo

1809 5879 1953 5919 anno
1990 5864 2257 5918 iuaratam
2308 5876 2369 5917 ac
2408 5861 2635 5916 liberam
2688 5858 3091 5931 relinquebant,
3143 5872 3269 5912 cum
3325 5858 3383 5910 in
