3890 6406
504 452 602 508 ΞΒἹ

1726 451 1814 541 ι’5.
1853 447 2179 506 CREGORII
2212 444 2502 502 NYSSENI

3674 446 3793 500 εδει

505 565 883 636 promissionis
915 571 1058 618 terra
1093 571 1461 618 versarentur.
1501 562 1607 619 Sex
1666 565 1826 619 annis
1878 565 2082 620 servie-

2199 560 2289 629 μὲν
2318 559 2428 630 γὰρ
2471 558 2652 621 αὐτοῖς
2683 558 2744 624 ἑξ
2789 557 2884 629 ἐτη
2930 556 3267 627 ἐργάσασθαι
3302 557 3405 629 τὴν
3438 558 3567 628 γῆν,
3614 557 3695 627 τῷ
3719 559 3785 611 δὲ

507 661 595 710 hat
633 655 910 717 llehrmus,
948 668 1093 706 anno
1121 652 1355 722 septimo
1375 654 1713 709 liberabatur
1744 670 1773 708 a
1801 655 2063 710 servitute

504 742 748 810 Septimo
796 740 936 810 apud
995 741 1145 810 ipsos
1211 757 1358 796 anno
1405 743 1697 812 captivitas
1747 744 2080 799 solvebatur.

504 832 610 886 Sed
661 842 852 887 nostra
884 847 1105 901 quoque
1143 832 1452 887 videmnus.
1495 851 1513 883 ι
1555 831 1787 902 Septies,
1829 852 1847 885 ι
1884 834 2082 903 inquit,

504 940 523 972 ι
569 921 622 974 in
650 921 739 975 die
768 920 925 975 cadet
953 922 1161 989 justus,
1196 929 1249 975 et
1290 928 1538 992 resurget
1559 927 1621 978 ⁸³.
1645 943 1663 975 ι
1692 922 1781 978 Sic
1808 938 1908 975 nos
1940 923 2085 978 Heb-

502 1012 788 1065 domadam
854 1014 1264 1067 constituimus.
1324 1011 1604 1081 Septimus
1642 1028 1672 1066 a
1727 1013 1913 1067 mundi
1955 1029 2081 1083 pro-

503 1105 778 1157 rreatione
814 1103 1000 1157 Enoch
1044 1114 1274 1157 mortem
1311 1120 1421 1158 non
1452 1104 1622 1171 vidit;
1670 1103 1926 1159 Ecclesia:
1966 1121 2085 1176 my-

503 1194 749 1249 sterium.
784 1194 1059 1264 Septimus
1090 1196 1158 1248 ab
1183 1195 1454 1247 Abraham
1480 1194 1690 1263 Moyses
1727 1196 1895 1263 legem
1933 1211 2086 1249 acce-

500 1286 599 1354 pit,
627 1287 680 1339 in
704 1301 811 1355 qua
845 1286 967 1339 vita:
994 1286 1247 1348 mutatio,
1291 1285 1491 1340 solutio
1522 1286 1842 1354 iniquitatis,
1875 1286 2087 1353 ingres-

501 1390 597 1430 sus
622 1376 875 1444 iustitiae,
900 1375 995 1431 Dei
1035 1376 1425 1445 peregrinatio,
1492 1376 1819 1429 constitutio
1870 1376 2084 1437 mundi,

504 1480 685 1520 rerum
726 1467 1063 1536 agendarum
1095 1467 1438 1536 prmscriptio
1470 1464 1950 1520 continebatur".
1984 1463 2086 1519 Se-

505 1557 675 1626 ptima
727 1565 781 1611 et
813 1559 1215 1629 septuagesima
1255 1565 1413 1613 aetate
1462 1565 1585 1627 post
1621 1558 1796 1611 Adam
1831 1555 2087 1611 Christus

496 1649 776 1718 apparuit.
803 1648 1110 1718 Septenarii
1138 1648 1458 1720 mysterium
1486 1646 1865 1702 novitPetrus.
1899 1666 1917 1697 ι
1942 1646 2082 1713 Quo-

507 1740 635 1804 ties,
672 1759 690 1791 ι
711 1741 911 1810 inquit,
937 1761 955 1792 ι
981 1742 1229 1811 peccabit
1249 1743 1302 1795 in
1333 1756 1418 1796 me
1438 1740 1607 1796 frater
1638 1748 1885 1804 meus,et
1905 1739 2090 1794 dimit-

507 1841 618 1885 tam
649 1832 747 1887 ei?
793 1848 965 1902 usque
1011 1834 1212 1903 septies
1228 1834 1321 1887 ’7?
1357 1854 1375 1886 ι
1416 1833 1615 1888 Parum
1648 1833 1808 1897 dixit,
1843 1832 2086 1887 nondum

2187 651 2401 720 ἑϐδόμῳ
2449 648 2561 702 ἔτει
2613 650 2726 713 τοῖς
2779 650 3105 719 αὐτομάτοις
3151 648 3462 721 ἀρκεῖσθαι,
3495 649 3586 701 ὅτε
3633 644 3785 719 εἶχον

2187 740 2287 811 τὴν
2349 740 2454 810 γῆν
2507 738 2607 809 τῆς
2671 738 3022 807 ἐπαγγελίας.
3079 737 3177 805 Ἐξ
3235 739 3334 810 ἑτη
3389 739 3710 792 ἐδούλευσεν
3748 740 3787 792 6

2199 829 2467 900 Ἐϐραῖος.
2488 829 2582 881 καὶ
2609 826 2689 897 τῷ
2713 829 2926 898 ἑϐδόμῳ
2947 829 3133 897 ἀφίετο
3152 829 3251 900 τῆς
3277 829 3546 893 δουλείας.
3592 828 3780 883 Ἑϐδο-

2188 919 2445 991 μηκοστῷ
2464 919 2569 971 ἔτει
2592 918 2753 989 ἑλύθη
2780 919 2908 989 παρ’
2928 919 3110 983 αὐτοῖς
3130 921 3163 989 ἡ
3181 918 3549 989 αἰχμαλωσία.
3574 919 3781 972 Λοιπὸν

2186 1010 2242 1064 δὲ
2270 1012 2364 1065 καὶ
2389 1011 2457 1062 τὰ
2483 1010 2747 1080 ἡμέτερα.
2784 1028 2802 1060 ι
2824 1010 3116 1076 Ἐπτάκις,
3154 1034 3173 1067 ι
3255 1012 3429 1080 φησὶ,
3474 1032 3493 1065 ι
3529 1013 3783 1063 πεσεῖται

2185 1102 2215 1153 6
2238 1102 2443 1163 δίκαιος
2474 1102 2566 1153 καὶ
2594 1101 2976 1170 ἀναστήσεται.
2992 1119 3009 1151 ι
3032 1099 3218 1163 Οὕτως
3236 1100 3587 1170 οἰκειούμεθα
3620 1102 3786 1170 ἡμεῖς

2188 1192 2290 1263 τὴν
2323 1191 2613 1261 ἑϐδομάδα.
2646 1190 2917 1261 Ἕϐδομος
2956 1192 3064 1245 άπὸ
3091 1191 3359 1260 γενέσεως
3387 1193 3488 1244 οὐκ
3523 1187 3638 1244 εἶδε
3686 1190 3784 1244 θά-

2188 1301 2345 1337 νατον
2404 1282 2591 1352 Ἑνὼχ,
2645 1285 2947 1354 μυστήριον
2999 1282 3346 1353 Ἐκκλησίας.
3375 1282 3650 1351 Ἕϐδομος
3677 1281 3793 1335 ἀπὺ

2202 1374 2451 1444 ’Λϐραὰμ
2480 1373 2742 1442 Μωῦσῆς,
2771 1374 2935 1444 νόμον
2964 1374 3145 1428 ἑλαϐε·
3179 1374 3452 1445 μεταϐολὴ
3484 1374 3629 1443 βίου,
3660 1375 3785 1426 avo.

2192 1463 2321 1535 μίας
2364 1463 2646 1528 ἀνάλυσις,
2675 1463 3022 1536 δικαιοσύνης
3068 1465 3290 1528 εἴσοδος,
3322 1464 3460 1517 Θεοῦ
3490 1464 3781 1535 ἐπιδημία,

2190 1554 2417 1621 εὐταξία
2469 1555 2550 1619 είς
2596 1556 2822 1626 κόσμον,
2880 1557 3237 1627 νομοθέτησις
3293 1555 3402 1609 τῶν
3459 1557 3781 1626 πρακτέων.

2202 1648 2609 1718 Ἐϐδομηκοστῇ
2649 1649 2742 1699 καὶ
2787 1644 2986 1718 ἑϐδόμη
3022 1649 3185 1719 γενεᾷ
3226 1647 3333 1699 ἀπὸ
3370 1646 3545 1715 Ἀδὰμ
3573 1648 3602 1699 ὀ
3650 1646 3787 1716 Χρι-

2192 1739 2313 1802 στὸς
2352 1739 2547 1808 ἐφάνη.
2593 1734 2715 1792 Οἵδε
2764 1739 2824 1792 τὸ
2859 1740 3157 1811 μυστήριον
3204 1738 3304 1810 τῆς
3336 1737 3635 1808 ἑϐδομάδος
3682 1737 3786 1790 Πέ-

2190 1848 2337 1902 τρος.
2376 1830 2648 1894 «Ποσάκις
2676 1831 2985 1902 ἁμαρτήσει
3021 1832 3102 1893 είς
3121 1829 3222 1901 ἑμὲ
3248 1830 3278 1881 6
3308 1828 3536 1897 ἀδελφός
3565 1846 3667 1900 μου
3692 1827 3788 1880 καὶ

504 1924 825 1993 mysterium
864 1899 1089 1978 didicit:
1108 1926 1303 1980 Adhuc
1333 1926 1479 1997 enim
1511 1924 1815 1993 discipulus
1853 1930 1954 1979 est.
1984 1921 2087 1978 Us-

2199 1899 2388 1994 άιρήσω
2403 1923 2589 1994 αὑτῷ;
2620 1899 2725 1987 ἑως
2742 1899 3005 1989 ἑπτάκις;
3041 1920 3099 1993 ›[
3224 1920 3284 1973 δὲ
3318 1920 3525 1990 Κύριος
3546 1899 3678 1989 ἔφη,
3710 1919 3785 1970 σε»

503 2031 609 2082 que
640 2017 891 2086 septies?
936 2032 966 2070 a
1000 2018 1313 2087 septenario
1344 2033 1454 2072 non
1504 2018 1731 2072 recessit
1758 2015 2087 2085 discipulus.

502 2105 653 2161 Dixit
697 2108 1007 2178 discipulus
1055 2109 1203 2180 quod
1262 2109 1495 2165 sciebat.
1545 2107 1762 2164 Divitiis
1823 2105 2088 2162 Dominus

503 2197 821 2254 abundavit.
854 2199 1080 2266 Quoties
1106 2202 1378 2272 peccabit,
1416 2209 1472 2257 et
1499 2199 1813 2256 dimittam?
1852 2214 1953 2254 cur
1977 2213 2088 2254 non

503 2288 663 2354 dixit,
715 2292 915 2356 sexies,
950 2292 1046 2347 sed
1073 2292 1325 2363 septies?
1351 2290 1464 2346 Cur
1484 2305 1598 2347 non
1641 2289 1928 2360 respondit
1980 2288 2088 2344 Do-

505 2378 691 2435 minus
715 2421 730 2445 ,
763 2379 986 2437 Centies
1028 2381 1265 2444 centies,
1323 2381 1420 2437 sed
1458 2381 1755 2451 septenarii
1804 2393 2091 2434 numerum

507 2470 948 2539 multiplicavit‘l
985 2486 1087 2527 nec
1123 2470 1321 2527 Petrus
1356 2471 1505 2526 aliud
1554 2470 1933 2539 interrogavit,
1994 2483 2097 2524 nec

509 2557 777 2614 Dominus
808 2560 1064 2619 discessit
1096 2576 1127 2617 a
1165 2562 1465 2632 septenarii
1511 2562 1717 2632 regula.
1757 2560 2098 2618 Observave-

508 2655 597 2703 rat
619 2647 821 2707 Petrus
850 2667 917 2706 ex
941 2652 1165 2722 antiqua
1192 2651 1508 2708 traditionis
1539 2667 1753 2717 norma,
1785 2654 2096 2722 septenario

505 2755 739 2796 numero
762 2742 1028 2800 contineri
1057 2742 1356 2814 quamdam
1381 2743 1492 2799 vim
1520 2744 1869 2801 remissionis
1898 2757 2093 2815 pecca-

506 2840 711 2896 torum,
744 2833 945 2902 quietis
979 2833 1255 2905 perfectas,
1286 2835 1450 2906 cujus
1495 2826 1761 2891 indicium
1801 2834 2090 2892 sabbatum

506 2932 612 2988 est,
644 2925 763 2980 dies
794 2926 1066 2994 septimus
1118 2941 1149 2980 a
1202 2928 1395 2983 mundi
1425 2928 1831 2998 procreatione.
1894 2926 2092 2985 Petrus

509 3013 734 3083 septies.
773 3012 1034 3069 Dominus
1065 3016 1384 3086 septuagies
1403 3017 1628 3087 septies.

2193 2013 2337 2082 λέγω
2395 2031 2478 2067 σοι
2532 2014 2640 2078 ἕως
2688 2014 2950 2077 ἑπτάκις,
2994 2012 3110 2066 ἀλλ’
3158 2011 3263 2075 ἕως
3316 2009 3785 2080 ἑϐδομηκοντάκις

2195 2103 2382 2177 ἑπτά.]
2421 2105 2610 2173 Ὀλίγα
2652 2100 2757 2158 οἶδε
2800 2106 2859 2158 τὸ
2888 2106 3203 2175 μυστήριον.
3237 2100 3405 2155 Οὔπω
3435 2100 3647 2171 ἐμαθεο
3685 2116 3787 2169 μα-

2194 2194 2365 2266 θητὴς
2391 2196 2503 2267 γὰρ
2525 2196 2607 2249 ἑτι
2638 2196 2809 2251 ἐστίν.
2833 2196 3272 2260 Ἕως-ἑπτάκις;
3300 2194 3416 2246 Οὐκ
3446 2191 3664 2261 ἀπέστη
3690 2188 3783 2242 τοῦ

2195 2287 2338 2341 ἑπτά
2361 2290 2390 2341 ὀ
2425 2287 2722 2342 διδάσκωνδ
2759 2285 2915 2341 εἶπεν
2936 2286 3013 2350 ὡς
3044 2286 3161 2358 ᾔδει
3187 2286 3218 2337 6
3251 2284 3521 2354 μαθητής.
3572 2282 3779 2351 Ὑπερ-

2190 2379 2354 2433 έϐαλε
2379 2377 2460 2450 τῷ
2484 2377 2702 2449 πλούτῳ
2724 2377 3063 2448 ὀΔεσπότης.
3086 2376 3325 2439 Ποσάκις
3348 2359 3664 2447 ἁμαρτήσει
3689 2373 3783 2427 καὶ⁵

2191 2472 2424 2543 tionem;
2453 2473 2552 2525 Διά
2582 2472 2635 2525 τί
2668 2471 2769 2525 οὐκ
2796 2469 2965 2543 εἶπεν,
2989 2471 3136 2533 Ἕως
3167 2470 3374 2535 ἑξάκις,
3403 2465 3609 2540 ῆἹΞίως
3622 2468 3782 2520 ἑκτά-

2193 2580 2302 2627 κις,
2333 2562 2447 2616 ἀλλ’
2474 2563 2621 2626 Ἕως
2661 2563 2927 2627 ἑπτάκις;
2972 2562 3070 2615 Διὰ
3098 2562 3151 2615 τί
3181 2565 3211 2614 ὀ
3242 2562 3446 2633 Κύριος
3491 2563 3595 2614 οὐκ
3631 2558 3782 2614 εἶπεν

2196 2654 2345 2718 Ἕως
2395 2654 2750 2716 ἑκατοντάκις
2803 2653 3018 2719 ἑκατὸν,
3058 2652 3196 2706 ἀλλὰ
3241 2654 3333 2707 τὸν
3377 2652 3521 2707 ἑπτά
3548 2653 3781 2724 ἀριθμὸν

2195 2745 2701 2810 ἑπολυπλασίασενς
2744 2744 2893 2799 οὔτε
2940 2746 2968 2799 6
3015 2747 3223 2819 Πέτρος
3265 2745 3425 2800 ἄλλον
3475 2745 3777 2815 ἠρώτησεν,

2196 2835 2321 2890 οὔτε
2349 2837 2380 2889 6
2418 2836 2621 2908 Κύριος
2656 2835 2819 2906 ἐξέϐη
2861 2834 2957 2889 τοῦ
2993 2836 3218 2899 κανόνος
3262 2835 3352 2889 τοῦ
3400 2833 3775 2907 ἑϐδοματικοῦ.

2197 2928 2589 2999 Παρετήρησεν
2634 2928 2664 2979 6
2699 2925 2907 2998 Πέτρος
2955 2928 3037 2981 ὅτι
3076 2926 3255 2981 κανὼν
3297 2927 3650 3000 παραδόσεως
3689 2925 3779 2995 άρ-

2196 3019 2349 3090 χαῖός
2381 3022 2521 3081 ἑστι,
2570 3018 2670 3089 τὴν
2698 3018 2969 3090 ἑϐδομάδα
3000 3017 3238 3090 ἔμφασιν
3281 3019 3423 3089 ἔχειν
3486 3019 3638 3082 τινὸς
3680 3019 3781 3084 ἀφ’

509 3110 680 3173 έσεως
712 3111 1147 3182 ἁμαρτημάτων,
1175 3113 1537 3178 ἀναπαύσεως
1560 3114 1791 3179 τελείας,
1822 3106 1883 3168 οὗ
1908 3116 2134 3187 σημεῖον
2165 3115 2227 3170 τὸ
2248 3115 2519 3171 σάϐϐατόν
2544 3114 2756 3185 ἑστιν,ή
2814 3113 3018 3186 ἑϐδόμη
3064 3114 3245 3186 ἡμέρα
3272 3112 3381 3168 ἀπὸ
3404 3115 3695 3181 γενέσεως·
3726 3110 3780 3162 ὐ

510 3199 735 3274 Πέτρος,
762 3203 1010 3270 ἑπτάκις,
1038 3206 1067 3258 6
1087 3204 1291 3275 Κύριος
1318 3205 1423 3269 ἕως
1454 3204 1915 3277 ἑϐδομηκοντάκις
1938 3206 2101 3261 ἑπτά.

571 3294 851 3368 ,αιτιοι-μω
881 3294 1046 3350 etiam
1080 3308 1302 3364 peccata
1342 3294 1547 3365 septies
1578 3294 1904 3365 puniuntur.
1937 3292 2089 3349 Non-

2255 3315 2321 3370 Δί
2356 3312 2617 3384 ἁμαρτίαι
2642 3307 2982 3363 ἑκδικοῦνται
2999 3303 3246 3366 ἑπτάκις.
3266 3302 3377 3372 Οὐχ
3405 3301 3604 3367 οὕτως,
3627 3321 3646 3353 ι
3667 3304 3776 3367 Ili;

510 3361 581 3437 ne
612 3382 693 3437 sic
741 3385 847 3437 ait:
877 3401 897 3434 ι
950 3381 1054 3449 Qui
1083 3361 1347 3440 occiderit
1374 3361 1536 3449 Cain,
1561 3361 1871 3457 septuplum
1900 3385 2093 3456 punie-

2199 3412 2218 3465 5
2245 3361 2953 3469 ;..;:.1z.;xs.,..a
2987 3361 3717 3468 ἑκδικούξιενίπαραλίέσεη

513 3484 604 3527 tur
624 3473 717 3528 "‘2
746 3491 767 3527 ι
799 3471 985 3544 Neque
1010 3474 1123 3529 illic
1144 3476 1429 3546 octuplum
1454 3473 1616 3539 dixit,
1640 3474 1737 3531 sed
1762 3474 2091 3545 septuplum.

512 3563 653 3630 Quid
685 3564 760 3618 ita
785 3563 810 3618 ?
838 3579 1136 3636 parumper
1166 3572 1449 3635 exspecta,
1489 3572 1543 3620 et
1582 3565 1904 3636 mysterium
1946 3565 2096 3620 inve-

512 3655 655 3708 nies.
686 3652 933 3707 Primum
978 3661 1264 3725 peccatum
1297 3653 1436 3709 Cain
1476 3653 1731 3724 septuplo
1758 3652 2094 3718 vindicatur,

513 3745 757 3799 Secunda
804 3745 983 3801 caedes
1034 3743 1270 3801 Lamech
1333 3746 1759 3818 septuagecuplo
1820 3746 2094 3817 septuplo.

517 3852 537 3886 ι
572 3832 706 3887 Nam
792 3837 1076 3909 septupla,
1140 3853 1159 3886 ι
1203 3834 1401 3905 inquit,
1463 3853 1482 3886 ι
1558 3835 1696 3890 ultio
1750 3835 1973 3891 dabitur
2029 3834 2099 3890 de

511 3923 673 3989 Cain,
704 3926 773 3980 de
802 3923 1042 3981 Lameeh
1078 3942 1207 3982 vero
1235 3928 1547 3997 septuagies
1576 3927 1848 3998 septies”.
1872 3928 2100 3999 altaque

515 4017 564 4071 si
618 4017 847 4087 septima
884 4016 1058 4078 ,Petri
1122 4017 1375 4074 dimissio
1419 4020 1489 4074 ad
1521 4019 1658 4074 Cain
1701 4020 1963 4076 ultionem
2015 4034 2098 4075 re-

517 4107 709 4171 fertur,
782 4108 1455 4180 septuagesima-septima
1482 4111 1871 4167 condemnatio
1898 4112 1967 4166 ad
2000 4110 2102 4165 Lac

519 4199 675 4253 mech
707 4198 971 4253 ultionem
994 4198 1277 4262 referetur,
1306 4208 1365 4253 ut
1398 4211 1667 4270 quantum
1700 4202 1959 4257 delictum
1993 4211 2099 4269 est,

510 4297 671 4359 tanta
706 4291 780 4347 sit
831 4291 996 4345 etiam
1055 4292 1252 4362 gratia,
1292 4300 1349 4348 et
1405 4294 1495 4348 ubi
1532 4309 1758 4365 parvum
1815 4294 2101 4361 delictum,

517 4370 685 4455 parva
716 4383 914 4439 venia:
972 4403 991 4435 ι
1046 4385 1132 4439 cui
1167 4384 1313 4438 enim
1367 4398 1560 4454 parum
1621 4384 1853 4452 dimisit,
1906 4400 2101 4457 parum

516 4473 686 4529 etiam
724 4482 872 4529 amat
901 4476 940 4529 ί.
982 4474 1083 4532 Ubi
1118 4474 1420 4531 abundavit
1443 4475 1724 4542 delictum,
1764 4477 2107 4547 superabun-

516 4563 666 4618 davit
697 4571 751 4619 et
784 4564 958 4635 gratia
982 4565 1026 4619 ’.
1074 4583 1094 4618 ι
1149 4563 1376 4635 Ecquod
1435 4580 1568 4635 ergo
1619 4567 1939 4637 mysterium
1972 4568 2098 4623 est?

517 4654 751 4724 septima
783 4653 904 4712 dies
938 4655 1143 4710 dicitur
1179 4662 1395 4726 tempus
1421 4655 1638 4725 judicii,
1667 4658 1721 4711 in
1754 4673 1863 4728 quo
1888 4668 1944 4715 et
1977 4674 2106 4730 pec-
2138 4638 2183 4693 Β

518 4752 675 4799 catur
706 4747 908 4815 septies
953 4748 1200 4816 punitur,
1250 4755 1307 4802 et
1344 4747 1548 4803 eximie
1585 4760 1845 4819 peccator
1879 4759 2102 4821 septua-

519 4836 637 4905 gies
667 4835 917 4906 septies;
964 4838 1152 4907 justus
1183 4839 1420 4910 septies,
1465 4848 1519 4896 et
1561 4840 1762 4896 eximie
1796 4842 1982 4911 justus
2015 4858 2106 4898 se-

519 4927 772 4999 ptuagies
836 4931 1042 5000 septies
1073 4940 1476 4989 remuneratur.
1510 4932 1604 4987 Dei
1660 4932 1974 5005 benignitas
2005 4949 2103 5004 per

519 5017 812 5090 aenigmata
846 5036 995 5076 nunc
1018 5022 1242 5092 quidem
1270 5023 1455 5079 futura
1487 5022 1647 5080 nobis
1678 5024 1951 5080 ostendit:
1975 5035 2105 5081 tunc

519 5121 703 5167 autem
740 5113 861 5183 ipso
914 5120 1189 5184 praesente
1248 5117 1541 5189 perspicua
1570 5126 1625 5171 et
1677 5115 1968 5172 manifesta
2001 5116 2106 5172 erit

518 5204 745 5260 veritas.
774 5204 930 5261 Tunc
952 5209 1097 5262 enim
1130 5210 1360 5279 patebit,
1381 5212 1582 5280 quibus
1604 5209 1840 5282 quisque
1868 5208 2103 5280 praemiis

520 5298 593 5352 sit
621 5298 844 5369 dignus.
880 5299 1198 5371 Septuplam
1235 5303 1403 5373 igitur
1428 5303 1691 5358 ultionem
1722 5301 1882 5357 nobis
1913 5314 2102 5371 Pecca-

522 5390 735 5446 toribus
766 5391 1002 5447 debitam
1031 5391 1301 5449 Dominus
1343 5392 1696 5455 condonabit,
1729 5391 1777 5447 si
1831 5406 1929 5460 per
1970 5403 2106 5445 con—

526 5479 820 5539 fessionem
860 5495 915 5540 et
947 5485 1330 5555 pmnitentiam
1371 5484 1461 5539 hic
1509 5500 1635 5539 eum
1686 5482 2104 5553 placaverimus.

525 5569 912 5643 Quamobrem,
947 5591 1073 5631 cum
1118 5574 1529 5631 formidandum
1588 5576 1742 5629 illum
1800 5574 1943 5629 diem
1998 5589 2108 5627 non

529 5660 863 5733 ignoremus,
898 5667 1274 5741 ultionemque
1321 5666 1708 5739 peccatoribus
1768 5672 2106 5723 reservatam

2192 3501 2328 3557 οὐδὲ
2373 3500 2490 3553 ἐκεῖ
2524 3495 2688 3561 ὀκτὼ,
2721 3493 2859 3548 ἀλλὰ
2896 3491 3056 3545 ἑπτά.
3092 3490 3305 3561 Μικρὸν
3341 3488 3657 3558 ἀνάμεινον,
3690 3489 3777 3543 καὶ

2192 3590 2447 3663 εὑρήσεις
2465 3586 2526 3640 τὸ
2549 3585 2864 3657 μυστήριον.
2883 3580 3083 3654 Πρώτη
3107 3579 3351 3651 ἁμαρτία
3378 3580 3616 3643 ἑπτάκις
3640 3580 3781 3633 tua.

2199 3684 2414 3735 κεῖταισ
2447 3677 2697 3747 δεύτερος
2746 3675 2904 3745 φόνος
2940 3675 3033 3728 τοῦ
3067 3674 3260 3744 Λάμεχ
3311 3670 3772 3743 ἑϐδομηκοντάκις

2200 3764 2362 3818 ἑπτά.
2397 3760 2559 3830 Λέγει
2579 3759 2720 3830 γὰρ,
2748 3760 2830 3813 ὅτι
2868 3776 2888 3809 ι
2937 3758 3032 3810 Ἐκ
3055 3756 3196 3810 Κάῖν
3228 3754 3565 3823 ἑκδεδίκηται
3612 3752 3776 3806 ἑπτά-

2200 3864 2306 3912 κις,
2360 3850 2425 3900 ἑκ
2473 3845 2529 3899 δὲ
2577 3843 2769 3914 Λάμεχ
2820 3840 3282 3912 ἑϐδομηκοντάκις
3337 3837 3497 3893 ἑπτά.
3547 3855 3567 3887 ι
3616 3837 3682 3889 Ἦ
3720 3835 3775 3887 δὲ

2199 3934 2320 3988 ἑκεῖ
2344 3930 2539 4000 ἄφεσις
2569 3926 2721 3999 παρὰ
2757 3926 2948 3996 Πέτρῳ
2993 3923 3218 3995 ἑϐδόμη,
3261 3921 3540 3989 άνάγουσα
3570 3921 3641 3989 τῇ
3688 3919 3777 3971 ἑκ-

2205 4016 2420 4084 δικήσει
2446 4011 2540 4066 τοῦ
2583 4012 2747 4077 Κάῖν,
2798 4009 3146 4081 συγχώρησις
3186 4004 3341 4077 παρὰ
3374 4002 3582 4074 Κυρίου
3625 4000 3776 4053 ἑϐδο-

2208 4100 2542 4175 μηκοντάκις
2580 4096 2740 4159 ἑπτὰ,
2765 4096 2842 4159 ὡς
2872 4095 3196 4165 κατάκρισις
3225 4091 3302 4163 τῷ
3325 4090 3516 4162 Λάμεχ
3550 4087 3780 4175 ἑϐδομηῖ

2202 4173 2459 4252 κοντάκις
2484 4184 2646 4240 ἑπτά.
2664 4184 2831 4238 Ὅσον
2851 4183 2912 4236 τὸ
2930 4182 3304 4252 παράπτωμα,
3323 4176 3574 4231 τοσοῦτον
3605 4175 3703 4229 καὶ
3723 4173 3780 4227 τὸ

2203 4280 2450 4351 χάρισμα
2469 4292 2485 4307 ’
2509 4276 2643 4329 ὅπου
2671 4272 2829 4342 ὀλίγη
2856 4274 2890 4342 ἡ
2922 4268 3187 4342 ἁμαρτία,
3204 4267 3362 4336 ὀλίγη
3389 4265 3483 4319 καὶ
3508 4266 3543 4334 ή
3562 4264 3777 4351 ἄφεσις.

2210 4348 2309 4437 ιᾯ
2323 4364 2432 4435 γὰρ
2450 4363 2660 4433 ἀφῆκεν
2677 4360 2876 4428 ὀλίγον,
2894 4358 3072 4425 ὀλίγον
3091 4356 3188 4410 καὶ
3203 4354 3392 4424 ἀγαπᾷ
3411 4369 3426 4384 ο
3439 4352 3576 4405 ὅπου
3597 4348 3780 4437 ἑπλεό·

2204 4432 2369 4508 νασεν
2460 4448 2724 4522 ἁμαρτία,
2751 4442 3333 4517 ὑπερεπερίσσευσενή
3364 4439 3576 4511 χάρις.»
3606 4437 3673 4489 Τί
3692 4432 3779 4489 οὖν

2206 4541 2323 4594 ἑστι
2353 4538 2416 4592 τδ
2450 4539 2782 4609 μυστήριονς
2823 4533 3013 4605 Ὀγδόη
3062 4531 3279 4601 λέγεται
3313 4529 3494 4600 ἡμέρα
3525 4528 3554 4579 6
3590 4524 3727 4579 αἰὼν
3754 4525 3779 4575 ὀ

2205 4627 2308 4698 τῆς
2355 4626 2612 4698 κρίσεως,
2652 4625 2711 4678 ἑν
2759 4615 2804 4691 ᾧ
2851 4624 2880 4676 6
2927 4617 3250 4692 ἁμαρτωλὸς
3295 4615 3546 4677 ἑπτάκις,
3588 4615 3619 4666 ὀ
3664 4610 3778 4665 καθ’

2208 4714 2515 4789 ὑπερϐολὴν
2560 4710 3021 4784 ἑϐδομηκοντάκις
3049 4706 3211 4770 ἑπτὰ,
3246 4702 3684 4789 ἑκδικηθήσεται.

2208 4785 2416 4866 δίκαιος
2445 4785 2674 4864 ἑπτάκις
2707 4800 3108 4870 τιμηθήσεται·
3159 4795 3187 4847 6
3228 4791 3350 4846 καθ’
3380 4786 3687 4858 ὑπερϐολὴν
3713 4785 3781 4837 δί-

2210 4907 2386 4955 καιος,
2419 4886 2880 4959 ἑϐδομηκοντάκις
2911 4883 3070 4939 ἑπτά.
3110 4882 3173 4934 Ἦ
3197 4877 3291 4933 τοῦ
3312 4876 3447 4931 Θεοῦ
3477 4873 3779 4959 φιλανθρωο

2207 4975 2309 5028 πία
2332 4974 2429 5027 νῦν
2462 4958 2559 5043 μὲν
2591 4970 2660 5025 δι’
2705 4968 3044 5039 αἰνιγμάτων
3073 4966 3208 5037 ἡμῖν
3247 4962 3316 5015 τὰ
3347 4960 3611 5033 μέλλοντα
3650 4958 3778 5010 ὐπο-

2208 5057 2422 5128 φαίνει·
2453 5042 2573 5108 τότε
2599 5053 2657 5106 δὲ
2702 5052 2795 5106 ἐπὶ
2824 5051 2923 5121 τῆς
2952 5047 3256 5128 παρουσίας
3283 5042 3521 5115 ἐναργὴς
3547 5043 3680 5128 ,καὶ-
3703 5055 3781 5093 τε·

2203 5123 2528 5213 τρανωμένη
2584 5136 2730 5189 ἑστιν
2773 5135 2806 5206 η
2842 5132 3091 5203 ἀλήθεια.
3132 5127 3309 5193 Δείξει
3347 5128 3456 5213 γὰρ
3504 5123 3592 5213 τίς
3628 5123 3779 5213 τίνων

2211 5207 2362 5279 ἐστὶν
2390 5207 2560 5290 άξιος.
2602 5217 3004 5273 Ἐπταπλάσιον
3033 5215 3211 5268 τοίνυν
3241 5214 3377 5283 ἡμῖν
3400 5209 3499 5280 τὴν
3518 5207 3779 5290 ἀντίδοσιν

2209 5305 2663 5383 χρεωστουμένην
2690 5305 2802 5365 τοῖς
2839 5299 3181 5371 ἁμαρτωλοῖς
3214 5294 3563 5383 συγχωρήσει
3602 5293 3631 5343 ὀ
3671 5289 3777 5383 Πύρ

2217 5377 2353 5467 ριος,
2387 5391 2621 5446 ἑνταῦθα
2650 5388 2741 5443 διὰ
2768 5389 2867 5458 τῆς
2896 5384 3334 5467 ἐξομολογήσεως
3364 5380 3458 5467 καῖι
3497 5377 3777 5467 μεταρσίας

2212 5459 2516 5545 ἑξιλεωθεὶς
2545 5473 2675 5546 παρ’
2726 5471 2919 5542 ἡμῶν·
2964 5469 3105 5522 ὥστε
3153 5465 3354 5527 ειδότες
3401 5461 3498 5546 την
3551 5459 3775 5531 φοϐερὰν

2210 5544 2425 5633 ἐκείνην
2471 5544 2684 5630 ἡμέραν
2748 5554 2848 5625 τὴν
2895 5550 3295 5621 ταμιευομένην
3340 5544 3612 5633 άντίδοσιν
3665 5545 3773 5633 *τοῖς

2208 5627 2712 5718 ἡμαρτηκόσιξτὴν
2744 5639 2879 5710 πρὸς
2903 5635 3059 5702 ἀξίαν
3083 5634 3194 5687 τῶν
3228 5627 3772 5700 πεπλημμελημένων

600 5777 647 5855 ξ’
680 5777 841 5834 Prov.
858 5797 997 5855 Διςιιν,
1037 5786 1121 5841 l6.
1197 5788 1244 5822 "
1279 5785 1445 5843 Hebr.
1470 5801 1546 5855 xi,
1581 5785 1602 5838 l
1641 5799 1761 5854 sqq.
1832 5785 1873 5816 "
1900 5781 2093 5837 Matth.

2199 5795 2299 5846 rm,
2330 5778 2422 5833 τε.
2484 5778 2528 5809 ⁸⁸
2552 5776 2684 5830 Gen.
2714 5790 2811 5847 tv”.
2844 5773 2933 5827 i5.
2967 5773 3009 5806 ”
3044 5771 3176 5831 ibid.
3204 5770 3297 5826 ει.
3355 5772 3370 5800 ¹
3409 5767 3543 5823 Luc.
3576 5786 3671 5837 vn,
3704 5768 3778 5823 47.

537 5842 560 5873 ⁸
588 5847 745 5909 item.
775 5865 828 5917 v,
854 5849 947 5905 20.
