3890 6352
132 281 229 337 189

857 279 925 334 IN
958 277 1203 342 VERBA,
1232 276 1608 335 FACIAMUS
1650 275 2043 346 HOMINEM,
2080 275 2257 342 ETC.,
2294 273 2500 330 ORAT.
2532 273 2601 330 ιι.

3255 268 3394 330 ’290

131 392 543 469 άντιμέτρησιν,
587 391 955 463 προλαϐόντες
978 392 1068 447 διά
1104 393 1203 465 τῆς
1239 392 1546 464 μετανοίας,
1587 393 1721 446 ἀνα-

1825 391 2124 446 sceleribus
2154 404 2341 445 eorum
2370 392 2781 459 congruentem,
2815 391 3241 450 antevertamus,
3267 400 3397 457 pec-

135 484 382 554 λύσωμεν
417 482 492 536 τὰ
526 483 927 556 ἁμαρτήματα,
962 485 1049 539 ἵνα
1079 486 1195 537 ἐκεῖ
1230 484 1320 538 τὸν
1354 484 1721 538 πολυπλασια-

137 574 269 644 σμὸν
297 573 396 643 τῆς
429 572 757 636 ἀντιδόσεως
783 572 874 627 τὸν
917 572 1176 627 ἐπίπονον
1205 573 1553 642 ἐκφύγοιμεν.
1594 571 1717 625 Ἕϐ-

134 664 305 735 δόμην
334 665 515 717 τοίνυν
555 664 729 735 αὐτὴν
759 664 971 735 ἡμέραν
1006 663 1221 734 ἐκείνης
1259 663 1360 734 τῆς
1395 663 1588 733 ὀγδόης
1620 663 1720 733 τῆς

136 754 450 818 συντελείας
494 753 591 807 τοῦ
620 753 823 818 αίῶνος
858 753 1122 825 εἴπωμεν.
1144 771 1163 806 ι
1192 754 1299 807 Καὶ
1319 754 1666 809 κατέπαυσεν
1691 756 1720 809 6

134 846 266 908 Θεὸς
298 844 408 900 ἀπὸ
439 838 547 894 τῶν
566 838 806 910 ἔργων.)
850 842 1046 897 Οὐκέτι
1090 844 1227 915 ἔργα
1270 844 1363 898 τοῦ
1413 845 1618 916 κόσμου
1660 847 1720 899 ἐν

135 936 325 1009 ἐκείνῃ
356 938 424 1006 τῇ
464 934 674 1007 ἡμέρᾳ,
706 934 886 987 οὐκέτι
914 932 1103 1005 γάμοι,
1135 934 1319 988 οὐκέτι
1350 934 1722 1005 συναλλαγμά⁴

134 1043 243 1079 των
285 1027 601 1096 ἐμπορεῖαι,
653 1024 916 1094 γεωργίαι
957 1023 1162 1090 οὐκέτι,
1212 1023 1350 1077 ἀλλά
1387 1026 1537 1077 πᾶσα
1573 1027 1607 1095 ἡ
1645 1024 1719 1095 γῆ

136 1113 476 1184 ἐπτοημένη,
513 1115 719 1182 πᾶσαή
754 1113 929 1176 κτίσις
960 1112 1272 1181 ἐναγώνιος,
1309 1114 1469 1185 ίδρὼς
1502 1115 1721 1185 ἀπαρα-

139 1204 405 1274 μύθητος,
435 1204 529 1257 καὶ
556 1204 608 1255 οἱ
637 1202 835 1256 δίκαιοι
864 1202 1166 1271 ἐναγώνιοι,
1193 1204 1276 1267 τίς
1300 1221 1432 1257 ποτε
1460 1204 1568 1275 ἄρα
1592 1204 1721 1277 περὶ

135 1295 322 1350 αὐτῶν
348 1296 384 1364 ὴ
413 1294 593 1363 ψῆφος
640 1294 1071 1366 ἐξενεχθήσεται.
1111 1297 1223 1349 Καὶ
1276 1296 1527 1367 Ἀϐραὰμ
1574 1297 1722 1364 ἀγω-

138 1386 320 1439 νιάσει
375 1385 528 1448 τότε,
578 1385 680 1454 οὐχ
740 1385 829 1438 ἵνα
899 1386 1270 1458 καταδικασθῇ
1332 1390 1411 1451 είς
1463 1387 1717 1455 γέενναν,

134 1475 249 1529 ἀλλ’
277 1476 339 1528 ἐν
370 1475 501 1547 ποίᾳ
531 1475 680 1541 τάξει
717 1475 825 1528 τῶν
856 1475 1076 1530 δικαίων
1105 1479 1434 1548 ταχθήσεται
1454 1496 1468 1508 ⁹
1506 1477 1720 1549 πρώτη,

131 1565 166 1637 ἢ
195 1564 449 1635 δευτέρᾳ,
483 1563 517 1634 ἢ
547 1564 725 1636 τρίτῃ.
770 1564 973 1635 Κύριος
1012 1564 1071 1631 ἐξ
1113 1564 1378 1636 οὐρανῶν,
1418 1564 1512 1617 καὶ
1553 1566 1601 1617 οί
1633 1564 1723 1617 οὐ·

135 1655 292 1726 ρανοὶ
341 1655 664 1725 ῥήγνυνται,
719 1652 946 1725 δύναμις
982 1654 1443 1718 ἀποκαλύπτεται,
1496 1656 1645 1709 πᾶσα
1684 1657 1718 1727 ἡ

134 1745 315 1807 κτίσις
355 1744 635 1814 ἔντρομος.
681 1743 778 1806 Τίς
831 1743 1064 1813 ἄφοϐος;
1115 1744 1235 1799 οὐδὲ
1284 1745 1523 1814 ἄγγελοι.
1572 1748 1723 1818 Παρ-
1751 1728 1794 1784 Β

136 1836 385 1889 ίστανται
437 1835 531 1889 καὶ
566 1834 719 1887 αὐτοὶ⁸
750 1835 811 1887 οὐ
852 1833 1008 1903 λόγον
1050 1834 1126 1906 τῷ
1173 1834 1292 1905 Θεῷ
1340 1836 1553 1891 δοῦναιο
1607 1836 1721 1890 ἀλλ’

134 1924 289 1994 ὅμως
324 1924 359 1992 ἠ
403 1921 609 1985 ἔνδοξος
652 1922 940 1990 ἐπιφάνεια
1004 1923 1168 1976 πᾶσιν
1214 1922 1472 1993 ἐμϐάλλει
1498 1923 1719 1995 τρόμον.

136 2016 254 2067 Οὐκ
301 2012 516 2077 ἀκούεις
566 2012 659 2066 τοῦ
711 2014 933 2067 Ἡσαΐου
973 1996 1279 2083 ’λέγοντοςο
1337 2016 1462 2069 Ἐὰν
1504 2015 1724 2089 ἀνοίξῃς

132 2103 227 2155 τὸν
263 2101 512 2176 οὐρανὸν,
561 2104 762 2173 τρόμος
797 2101 1023 2172 λήψεται
1066 2104 1174 2157 ἀπὸ
1224 2104 1318 2157 σοῦ
1364 2104 1499 2176 ὅρη;
1546 2105 1635 2160 Ἐν

134 2193 385 2246 θάλασσα
426 2192 692 2262 πέπηγεν,
726 2194 784 2245 ἐν
894 2196 927 2264 ἠ
957 2193 1132 2258 κτίσις
1162 2195 1431 2265 σχολάσει,
1479 2196 1512 2267 ἡ
1562 2195 1723 2266 φύσις

134 2284 488 2354 νενέκρωται,
525 2282 644 2336 τότε
685 2281 1017 2354 άρπάῇνται
1050 2285 1098 2336 οί
1129 2284 1348 2350 δίκαιοι,
1391 2286 1511 2340 τότε
1538 2286 1724 2358 ὄχημα

130 2374 243 2426 τῶν
272 2373 497 2426 δικαίων
527 2373 764 2441 νεφέλαι,
791 2375 909 2427 τότε
933 2375 1138 2445 πομποὶ
1173 2376 1281 2430 τῶν
1305 2377 1524 2431 δικαίων
1553 2378 1722 2448 ἀγγε-

134 2465 235 2527 λοι,
264 2464 387 2517 τότε
415 2463 608 2516 δίκαιοι
641 2463 740 2533 μὲν
763 2464 838 2525 ὡς
862 2465 1087 2536 ἀστέρες
1121 2466 1231 2520 ἀπὸ
1259 2468 1360 2539 γῆς
1379 2452 1469 2531 ἐίς
1495 2451 1723 2540 οὐρανὸν

135 2553 672 2625 ἀναλαμϐανόμενοι’
712 2556 762 2607 οί
802 2555 857 2608 δὲ
887 2556 1199 2627 ἁμαρτωλοὶ
1236 2557 1469 2629 δέσμιοι,
1499 2558 1577 2629 τῷ
1606 2559 1721 2631 ίδίῳ

139 2645 298 2717 βάρει
327 2645 434 2697 τῶν
467 2645 874 2717 ἁμαρτημάτων
906 2648 1286 2718 πεπεδημένοι,
1319 2650 1468 2703 κάτω
1493 2649 1721 2704 πεσοῦν-

136 2752 227 2788 ται
257 2732 678 2803 δυσσυνείδητοι.

1820 487 2059 550 cataque
2106 490 2295 537 nostra
2333 478 2708 550 resipiscendo
2765 477 3061 542 diluamus,
3093 484 3154 530 ut
3202 491 3399 546 poenas

1821 571 1947 626 illas
1968 570 2327 640 gravissimas
2353 571 2641 625 evitemus.
2668 568 2945 639 Septimus
2974 569 3064 623 hic
3093 569 3259 639 igitur
3280 568 3399 625 dies

1819 662 2038 732 septimi
2066 662 2217 718 illius
2243 662 2374 726 diei,
2403 675 2514 731 quo
2534 674 2709 715 aevum
2744 674 2905 714 omne
2940 658 3242 727 perfectum
3269 660 3396 724 erit,

1818 762 1902 807 est
1937 752 2201 807 indicium
2232 759 2287 807 et
2317 758 2470 806 nota.
2523 767 2542 800 ί
2573 748 2641 804 Ει
2661 749 2921 820 requievit
2942 748 3167 803 Deusab
3214 751 3397 820 operi-

1820 844 1947 900 bus.
1965 864 1983 897 ι
2010 845 2161 902 Nulla
2178 846 2409 917 amplius
2435 840 2623 895 mundi
2653 854 2818 910 opera
2880 848 3039 895 erunt
3068 841 3124 894 in
3152 842 3245 895 illo
3273 842 3395 903 die,

1819 935 1984 990 nullae
2011 932 2246 1003 amplius
2277 933 2503 1003 nuptiae,
2534 946 2646 986 non
2672 938 3012 996 contractus,
3047 947 3155 986 non
3182 948 3399 988 merca-

1820 1033 1977 1091 turae,
2006 1039 2118 1079 non
2149 1024 2263 1095 agri
2302 1024 2508 1085 cultus.
2542 1021 2638 1078 sed
2701 1022 2882 1079 omnis
2916 1031 3063 1077 terra
3119 1022 3173 1076 in
3209 1022 3400 1077 formis

1820 1119 1947 1173 dine
1975 1125 2028 1172 et
2056 1124 2225 1180 metu,
2271 1131 2462 1171 omnes
2508 1130 2596 1171 res
2626 1122 2927 1184 procreatae
2978 1115 3035 1168 in
3085 1113 3296 1184 judicio
3344 1121 3400 1169 et

1820 1206 2125 1262 certamine
2157 1207 2542 1260 versabuntur.
2568 1202 2769 1269 Sudor,
2810 1212 2864 1260 et
2900 1205 3055 1260 labor
3102 1203 3400 1260 incredibi—

1821 1298 1909 1353 lis.
1941 1295 2048 1368 lpsi
2081 1298 2246 1352 etiam
2280 1296 2414 1366 justi
2454 1310 2579 1351 cum
2603 1296 2801 1351 timore
2840 1296 3165 1352 sententiam
3199 1311 3400 1364 exspe-

1820 1389 2066 1443 ctabunt.
2100 1387 2211 1443 Nec
2242 1388 2356 1458 ipse
2377 1388 2652 1443 Abraham
2676 1402 2706 1441 a
2732 1388 3034 1445 certamine
3055 1388 3254 1452 aberit,
3287 1403 3400 1440 non

1822 1488 1881 1533 ut
1917 1480 1975 1533 in
2003 1479 2307 1549 gehennam
2352 1479 2668 1549 abjieiatur,
2720 1479 2817 1535 sed
2876 1480 2930 1533 in
2963 1494 3072 1548 quo
3126 1478 3399 1548 iustorum

1821 1565 2014 1621 ordine
2046 1567 2367 1631 collocetur,
2400 1568 2669 1637 primone,
2707 1583 2774 1622 an
2807 1569 3072 1634 secundo,
3104 1583 3173 1621 an
3219 1568 3400 1622 tertio.

1823 1654 2087 1713 Dominus
2124 1673 2155 1712 e
2185 1659 2364 1723 caelis,
2419 1658 2842 1729 disrumpuntur
2889 1659 3038 1714 cmli.
3093 1657 3402 1714 Potestates

1822 1760 2106 1820 apparent.
2160 1751 2443 1810 Universae
2499 1768 2587 1810 res
2643 1759 2943 1823 procreatae
2992 1749 3400 1821 perterrefacta:

1820 1843 2278 1898 contremiscunt.
2311 1842 2446 1909 Quis
2476 1860 2586 1898 non
2620 1843 2851 1898 timeat?
2893 1843 3017 1912 quis
3056 1855 3168 1896 non
3212 1839 3404 1894 formi-

1821 1928 1933 1993 det,
1967 1945 2090 1985 cum
2119 1948 2187 1987 ne
2213 1934 2388 2003 angeli
2416 1933 2637 2003 quidem
2668 1948 2698 1987 a
2754 1939 2901 1986 metu
2950 1932 3062 1987 sint
3086 1930 3265 1994 vacui,
3304 1929 3402 1984 sed

1820 2021 1926 2092 ipsi
1957 2036 2175 2093 quoque
2200 2030 2367 2083 stent,
2401 2023 2652 2093 quamvis
2687 2022 2954 2077 rationem
2988 2020 3099 2075 Deo
3134 2035 3242 2075 non
3276 2018 3404 2073 red-

1821 2107 1993 2163 dituri
2022 2110 2046 2163 ?
2074 2109 2310 2179 gloriosa
2367 2119 2548 2165 tamen
2591 2110 2794 2180 judicis
2846 2111 3131 2180 praesentia
3195 2117 3402 2163 metum

1824 2200 2081 2255 omnibus
2111 2201 2306 2270 injicit.
2342 2201 2535 2256 Nonne
2590 2202 2750 2256 audis
2801 2202 2997 2256 Isaiam
3038 2200 3306 2254 dicentem
3328 2199 3351 2230 ⁸
3382 2213 3398 2249 :

1825 2288 1883 2345 Si
1907 2292 2214 2363 disruperis
2248 2294 2442 2355 caelos,
2470 2310 2498 2347 a
2530 2294 2670 2349 facie
2698 2302 2789 2348 tua
2816 2310 2927 2365 pra:
2954 2296 3154 2348 timore
3183 2299 3402 2347 montes

1823 2383 2060 2439 deﬂuent
2082 2386 2105 2438 ἲ
2140 2384 2287 2440 Mare
2309 2387 2638 2457 conglaciat,
2661 2403 2747 2443 res
2769 2402 2962 2441 omnes
2983 2387 3401 2455 obstupescunt,

1822 2483 2019 2528 natura
2056 2483 2140 2531 est
2175 2483 2410 2540 mortua,
2444 2476 2510 2530 ad
2597 2477 2752 2531 illum
2808 2492 2840 2531 e
2892 2477 3052 2531 caelis
3109 2474 3403 2528 adventum

1826 2564 2008 2619 omnis
2047 2565 2266 2621 dicendi
2325 2566 2465 2621 ratio
2517 2574 2695 2637 torpet
2729 2576 2782 2622 et
2847 2566 3194 2621 conticescit.
3249 2565 3406 2619 Tunc

1819 2653 1957 2724 justi
2000 2656 2218 2726 quidem
2254 2667 2314 2712 ut
2338 2659 2510 2714 stella:
2542 2660 2828 2735 irrcmlum
2887 2659 3149 2713 tollentur
3172 2672 3201 2711 a
3233 2666 3400 2714 terra.

1824 2743 2149 2804 Peccatores
2181 2758 2362 2804 autem
2400 2750 2623 2821 proprio
2653 2756 3004 2821 peccatorum
3037 2748 3279 2819 pondere
3314 2749 3405 2803 de-

136 2824 316 2897 pressi
347 2824 841 2895 circumvolutique
870 2826 1127 2882 deorsum
1156 2826 1423 2896 ferentur,
1457 2831 1766 2902 turpissimi
1802 2851 1867 2891 ac
1895 2838 2323 2910 despectissimi.

221 2940 437 3011 Ἐκείνη
478 2943 510 3011 ἡ
554 2941 753 3013 ἑϐδόμη
796 2941 974 2999 τοίνυν
1018 2945 1123 2999 ὑπὸ
1166 2946 1370 3016 ταύτης
1426 2948 1525 3018 τῆς
1574 2949 1722 3002 ἐϐδό-

140 3046 250 3099 μης
303 3003 800 3101 διασχηματίζεται.
857 3050 876 3082 ‹
940 3030 1046 3086 Καὶ
1098 3003 1440 3089 κατέπαύσεν
1594 3035 1725 3101 Θεὸς
1752 3003 1794 3061 C

137 3116 248 3169 ἀπὸ
310 3114 527 3169 πάντων
570 3116 678 3168 τῶν
732 3116 925 3188 ἔργων.
984 3136 1005 3169 ι
1070 3120 1265 3174 Οὐκέτι
1321 3120 1390 3175 τά
1452 3120 1546 3174 τοῦ
1610 3121 1724 3193 βίου

134 3203 332 3257 τούτου
364 3205 423 3256 ἐν
448 3203 630 3276 ἐκείνῃ
652 3206 718 3275 τῇ
752 3205 953 3277 ἡμέρᾳ.
994 3207 1395 3280 Ἐκοιμήθησαν
1440 3210 1726 3283 ἐπιθυμίαι

136 3290 493 3362 νεωτερικαίο
534 3291 713 3343 οὐκέτι
750 3294 880 3363 περὶ
918 3294 1095 3363 γάμου
1127 3294 1381 3365 πρόθεσις
1406 3313 1419 3326 ·
1462 3297 1726 3368 ἐπιθυμία

139 3379 487 3443 παιδοποιίας
524 3378 738 3432 οὐκέτι·
794 3382 921 3452 περὶ
962 3382 1160 3452 χρυσοῦ
1213 3385 1431 3455 φροντὶς
1476 3386 1722 3456 οὐδεμία.

151 3465 451 3521 Ἐπελάθου
504 3468 533 3520 6
579 3466 910 3538 φιλάργυρος
961 3467 1054 3521 τοῦ
1118 3469 1425 3539 βαλαντίου,
1465 3472 1725 3526 ἐπελάθου

137 3554 240 3621 τῆς
267 3554 374 3622 γῆς
403 3555 431 3606 ὁ
459 3553 837 3624 πολυκτήμων,
868 3554 1130 3608 ἐπελάθου
1167 3556 1324 3627 δόξης
1351 3558 1381 3610 6
1408 3558 1723 3630 δοξομανής.

140 3641 329 3694 Πάντα
356 3641 536 3693 ἐκεῖνα
562 3638 760 3711 ἐξέπτη
796 3642 895 3711 τῆς
921 3640 1177 3705 διανοίας.
1226 3643 1291 3695 Ἠ
1323 3644 1380 3697 δὲ
1420 3645 1563 3715 ψυχὴ
1591 3648 1726 3717 πρὸς

142 3723 223 3796 τῷ
255 3726 513 3795 φοϐοῦντί
560 3729 707 3780 ἐστι’
742 3728 880 3799 πρὸς
908 3730 975 3798 τῇ
1013 3728 1309 3799 προσδοκίᾳ
1339 3728 1447 3783 τῶν
1474 3730 1720 3800 ἐπηρτη-

147 3808 328 3878 μένων
377 3809 585 3863 δεινῶν.
638 3810 803 3874 Φόϐος
851 3810 962 3882 γὰρ
1005 3811 1199 3876 ἐξωθεῖ
1248 3814 1429 3868 πᾶσαν
1479 3813 1577 3882 τὴν
1615 3813 1719 3883 ἐμ-

144 3894 571 3967 πολιτευομένην
601 3899 721 3961 ταῖς
761 3898 959 3968 ψυχαῖς
1004 3899 1162 3969 ημῶν
1209 3901 1427 3969 ἐμπαθῆ
1461 3900 1717 3952 διάνοιαν.

144 3978 325 4033 Ὅπου
363 3979 526 4048 φόϐος
550 3980 707 4047 Θεοῦ,
743 3982 921 4035 πάντα
951 3981 1270 4052 ἐξελήλαται
1297 3983 1367 4036 τὰ
1392 3983 1486 4037 τοῦ
1515 3983 1721 4047 πάθους

148 4059 480 4132 σπιλώματα
524 4063 588 4116 ἐκ
609 4063 708 4131 τῆς
736 4063 975 4127 διανοίας
1014 4063 1193 4135 ἡμῶν.
1250 4063 1396 4135 Αὕτη
1431 4069 1463 4133 ή
1516 4066 1721 4137 ἑϐδόμη

141 4144 359 4214 ἐκείνης
387 4145 485 4213 τῆς
513 4145 744 4217 ἑϐδόμης
772 4149 958 4210 τύπος.
1001 4148 1231 4203 Ἔλαϐεν
1260 4144 1351 4203 οὖν
1379 4152 1407 4203 6
1439 4150 1570 4213 Θεὸς
1594 4150 1721 4220 χοῦν

141 4228 252 4280 ἀπὸ
305 4227 407 4296 τῆς
454 4229 577 4298 γῆς,
627 4230 721 4282 καὶ
756 4229 989 4284 ἔπλασεν
1036 4233 1064 4284 6
1104 4232 1236 4296 Θεὸς
1279 4233 1370 4286 τὸν
1412 4234 1716 4305 ἄνθρωπον.

1901 2930 2181 3003 Septimus
2214 2936 2383 3005 igitur
2415 2938 2505 2994 ille
2533 2937 2649 2994 dies
2684 2938 2754 2993 ab
2797 2938 2903 2995 hoc
2937 2940 3172 3011 septimo
3220 2938 3404 2995 decla-

1829 3035 2003 3083 ratur.
2035 3046 2054 3080 ι
2101 3028 2165 3083 Et
2195 3029 2462 3099 requievit
2502 3030 2643 3086 Deus
2673 3030 2762 3087 die
2787 3032 3020 3102 septimo
3047 3032 3115 3086 ab
3144 3030 3404 3085 omnibus

1828 3121 2090 3191 operibus
2118 3123 2256 3178 suis.
2298 3141 2316 3175 ι
2358 3122 2489 3190 Qua:
2517 3123 2583 3178 ad
2619 3124 2789 3180 vitam
2828 3124 2971 3180 hanc
3012 3124 3302 3193 pertinent,
3336 3138 3404 3177 eo

1826 3211 1915 3268 die
1942 3227 2049 3267 non
2076 3225 2259 3268 erunt.
2319 3212 2616 3280 Quiescent
2670 3213 2935 3283 juvenum
2984 3214 3188 3269 studia.
3243 3213 3447 3285 Nulla,

1827 3303 1932 3359 erit
1962 3303 2031 3358 de
2066 3304 2278 3375 nuptiis
2312 3306 2648 3359 consultatio
2677 3322 2693 3372 ;
2725 3306 2876 3360 nulla
2926 3305 3402 3375 suscipiendorum

1827 3393 2125 3448 liberorum
2181 3393 2535 3460 sollicitudo;
2577 3393 2724 3447 nulla
2779 3392 3174 3463 parandi_auri
3225 3405 3403 3456 cura;

1829 3483 2055 3546 saeculi,
2086 3489 2142 3536 et
2177 3497 2320 3537 arcae
2345 3497 2543 3538 avarus
2576 3482 2952 3538 obliviscetur.
3003 3480 3123 3536 Non
3170 3479 3406 3550 przedio-

1831 3588 1949 3626 rum
1985 3573 2251 3643 locuples,
2290 3589 2397 3628 non
2430 3574 2659 3628 honoris
2690 3585 2743 3629 et
2766 3573 2924 3628 fama:
2953 3573 3303 3634 ambitiosus,
3348 3579 3404 3627 et

1827 3662 2015 3732 gloriae.
2069 3663 2304 3733 cupidus
2361 3662 2754 3717 recordahitur.
2808 3660 2934 3715 Haec
2994 3662 3175 3715 omnia
3211 3661 3403 3729 procul

1828 3755 2061 3808 aberunt
2094 3769 2122 3807 a
2150 3755 2357 3809 nostris
2390 3754 2839 3824 cogitationibus.
2864 3754 3095 3807 Animus
3124 3754 3177 3807 in
3207 3754 3404 3807 timore

1828 3845 2160 3899 constitutus
2192 3843 2261 3897 ad
2296 3858 2477 3898 rerum
2504 3843 2911 3897 imminentium
2936 3844 3398 3913 exspectationem

1827 3936 2141 3991 excubabit.
2174 3935 2363 3990 Timor
2392 3936 2535 3990 enim
2562 3950 2780 3990 omnem
2809 3937 2969 3990 aliam
3016 3934 3401 4006 cogitationem

1826 4029 1895 4083 ab
1920 4028 2119 4083 animis
2154 4028 2362 4083 nostris
2396 4029 2650 4099 expellet.
2685 4026 2818 4081 Nam
2857 4027 2948 4083 ubi
2990 4026 3081 4081 Dei
3113 4027 3275 4081 timor
3303 4027 3402 4089 ad-

1826 4126 1932 4181 est,
1955 4120 2117 4173 nullae
2142 4121 2610 4188 perturbationum
2630 4121 2858 4174 maculae
2889 4128 3128 4175 mentem
3154 4129 3400 4175 nostram

1827 4213 2226 4267 contaminant.
2264 4210 2364 4265 Hic
2397 4212 2665 4280 septimus
2691 4212 2810 4267 dies
2854 4213 3000 4268 illius
3031 4222 3115 4270 est
3148 4215 3256 4270 diei
3314 4229 3403 4269 se-

142 4310 259 4362 Οὐκ
292 4309 550 4381 ἐτελέσθη
597 4313 630 4381 ἡ
675 4313 1054 4382 κοσμογένεια,
1084 4314 1147 4366 οὐ
1175 4314 1400 4385 διεκόπη
1430 4317 1461 4386 ἡ
1496 4303 1721 4369 ἀκολουι-

1828 4303 1986 4372 ptimi
2035 4304 2255 4372 signum
2286 4310 2338 4357 et
2372 4311 2521 4357 nota.
2557 4304 2805 4375 Sumpsit
2836 4303 2980 4361 Deus
3040 4306 3319 4375 pulverem
3370 4323 3403 4362 e

144 4392 236 4447 θία
292 4393 381 4445 ἴνα
441 4394 502 4447 τὸ
545 4395 812 4467 ἡμέτερον
867 4398 1204 4469 παρεισαχθῇ
1265 4398 1544 4469 διήγημα,
1606 4400 1721 4454 ἀλλ’

140 4476 337 4548 ἐλέχθη
362 4495 378 4509 υ
425 4479 706 4549 Ἐποίησεν
745 4482 774 4533 6
806 4480 936 4544 Θεὸς
976 4483 1063 4535 τὸν
1102 4483 1404 4555 ἄνθρωπον,
1442 4485 1535 4538 καὶ
1585 4502 1720 4539 κατ-

140 4560 383 4613 έπαυσεν
428 4562 535 4614 ἀπὸ
574 4563 791 4617 πάντων
834 4564 943 4617 τῶν
999 4565 1194 4637 ἔργων.
1237 4568 1345 4619 Καὶ
1370 4567 1555 4638 ἐπειδὴ
1595 4585 1721 4639 σχο-

140 4641 237 4712 λὴν
267 4643 466 4712 ἤγαγε,
495 4643 728 4698 διδάσκει
755 4647 901 4716 ἡμᾶς
918 4647 1033 4711 πῶς
1063 4650 1338 4719 ἐποίησεν.
1375 4669 1394 4702 ι
1436 4650 1666 4704 Ἔλαϐεν
1693 4652 1722 4703 6

140 4725 276 4789 Θεὸς
308 4725 437 4796 χοῦν
464 4728 572 4782 ἀπὸ
599 4730 696 4800 τῆς
726 4733 850 4800 γῆς.
889 4749 908 4783 ι
951 4732 1120 4787 Ὅταν
1144 4734 1385 4806 ἀκούσῃς
1417 4734 1566 4804 χοῦν,
1593 4754 1720 4790 παι-

139 4809 299 4862 δεύου
347 4810 618 4877 ἀφοϐίαν·
664 4812 965 4885 ἀνθρώπων
1007 4815 1081 4886 μὴ
1108 4816 1279 4889 λάϐῃς
1305 4820 1618 4889 πρόσωπον.
1656 4823 1722 4874 Τί

137 4893 361 4980 φρονεῖς
391 4893 489 4980 ἐπὶ
518 4895 726 4980 σεαυτῷ
749 4896 924 4966 μέγας
950 4898 1121 4955 Ὅταν
1145 4900 1338 4954 ἔλθωσι
1370 4919 1451 4955 σοι
1474 4902 1723 4975 λογισμοὶ

138 4976 251 5045 οίδη
262 4992 341 5043 μα
354 4976 457 5044 τῆς
472 4977 698 5048 καρδίας
714 4981 807 5032 καὶ
823 4981 1134 5053 φλεγμονὴν
1152 4984 1508 5053 ἐμποιοῦντες
1525 5004 1537 5018 ·
1555 4988 1722 5040 eice).-

137 5057 280 5111 θέτω
294 5074 357 5109 σε
368 5061 404 5127 ἡ
420 5059 720 5131 ὑπόμνησις
734 5062 834 5133 τῆς
848 5065 1098 5129 κτίσεως,
1113 5067 1230 5129 πῶς
1244 5067 1515 5139 ἐκτίσθης.
1529 5088 1546 5120 ι
1562 5071 1724 5123 Ἔλα-

140 5144 233 5196 ϐεν
255 5146 286 5197 6
315 5143 451 5208 Θεὸς
479 5145 606 5217 χοῦν
629 5148 737 5201 ἀπὸ
759 5150 859 5219 τῆς
880 5151 1005 5221 γῆς,
1033 5153 1127 5205 καὶ
1149 5152 1381 5207 ἔπλασεν
1414 5156 1443 5207 6
1468 5154 1599 5218 Θεὸς
1629 5156 1722 5209 τὸν

135 5231 450 5302 ἄνθρωπον.
483 5252 502 5284 ι
533 5234 672 5288 Πότε
698 5235 925 5291 δύνασαι
945 5239 1297 5293 ἐπιλαθέσθαι
1316 5242 1573 5309 σεαυτοῦ;
1599 5244 1721 5297 τότε

145 5315 417 5370 ἐπελάθου
450 5316 703 5382 σεαυτοῦ,
735 5320 864 5374 ὅταν
900 5322 1263 5395 ἀναχωρήσῃς
1288 5325 1388 5394 τῆς
1413 5326 1535 5396 γῆς.
1568 5329 1632 5380 Εἰ
1664 5328 1721 5382 δὲ

137 5399 399 5453 οὐδέποτε
423 5400 638 5475 χωρίζῃ
658 5402 757 5473 τῆς
774 5405 897 5475 γῆς,
918 5405 1055 5459 ἀλλά
1075 5408 1448 5478 συμπεφυκὼς
1467 5406 1519 5462 εἴ
1540 5414 1607 5483 τῇ
1626 5415 1717 5483 γῇ.

141 5488 331 5562 βαδίζῃ
368 5491 462 5544 ἐπὶ
488 5494 591 5563 τῆς
625 5492 752 5562 γῆς,
777 5493 1107 5569 ἐπαναπαύῃ
1132 5497 1226 5551 ἐπὶ
1247 5501 1346 5569 τῆς
1374 5500 1495 5570 γῆς,
1523 5499 1719 5574 δικάζῃ

139 5575 231 5627 ἐπὶ
253 5574 357 5645 τῆς
386 5576 487 5647 γῆς
508 5593 523 5607 ο
562 5576 672 5629 πᾶν
697 5577 831 5649 ὅπερ
871 5578 938 5630 ἂν
967 5582 1277 5661 ποιῇςλείτε
1303 5583 1450 5653 μέγα
1489 5584 1595 5639 εἴτε
1627 5602 1719 5655 μι-

205 5689 227 5722 ³
258 5688 359 5745 lsa.
385 5707 494 5754 xxv,
533 5688 621 5743 l0.
702 5689 722 5720 ⁸
752 5688 884 5743 Cen.
919 5705 976 5753 υ,
1006 5687 1059 5743 9..
1136 5690 1157 5721 ⁵
1190 5690 1321 5746 ibid.
1353 5691 1405 5745 7.

1827 4404 1994 4459 terra,
2052 4402 2106 4449 et
2160 4394 2419 4449 formavit
2476 4395 2773 4451 hominem.
2841 4397 2958 4451 Non
3009 4406 3095 4453 est
3150 4400 3417 4473 absoluta.

1825 4490 2016 4545 mundi
2050 4489 2389 4560 procreatio,
2421 4503 2522 4543 nec
2553 4504 2732 4543 rerum
2773 4491 2943 4545 series
2974 4492 3300 4562 interrupta,
3343 4504 3404 4548 ut

1824 4584 2065 4638 narratio
2100 4582 2169 4636 de
2199 4582 2358 4637 nobis
2380 4582 2838 4637 introduceretur.
2870 4576 2976 4640 Sed
3036 4584 3243 4640 dictum
3275 4595 3359 4641 est
3386 4606 3400 4641 :

1824 4673 1974 4727 Fecit
2014 4672 2156 4729 Deus
2190 4674 2489 4737 hominem,
2519 4683 2572 4730 et
2602 4676 2868 4745 requievit
2893 4677 2961 4729 ab
2987 4677 3240 4733 omnibus
3273 4693 3404 4748 ope-

1826 4766 1998 4822 ribus.
2017 4766 2193 4836 Atque
2217 4768 2302 4823 his
2324 4768 2609 4837 explicatis
2632 4770 2917 4824 commode
2940 4784 3039 4826 nos
3062 4770 3242 4834 docet,
3265 4788 3403 4843 quo-

1824 4859 1985 4913 modo
2014 4859 2288 4914 hominem
2318 4860 2526 4917 fecerit.
2551 4879 2568 4911 ι
2603 4858 2850 4931 Sumpsit
2875 4860 3018 4919 Deus
3042 4864 3343 4933 pulverem,
3375 4883 3394 4916 ι

1824 4950 2021 5019 inquit,
2058 4970 2076 5002 ι
2118 4966 2149 5005 e
2178 4957 2323 5005 terra
2344 4952 2451 5005 ’.⁸⁵)
2496 4951 2630 5005 Cum
2682 4952 2958 5021 pulverem
3007 4955 3185 5016 audis,
3248 4954 3399 5008 disce

1824 5042 2073 5096 timorem
2121 5041 2418 5096 humanum
2458 5041 2749 5112 deponere.
2799 5041 2879 5098 Ne
2920 5044 3191 5114 suspicias
3223 5044 3398 5098 homi-

1823 5147 1951 5184 num
1977 5146 2260 5200 personas.
2299 5131 2411 5187 Cur
2442 5132 2667 5202 spiritus
2712 5134 2905 5190 tollis?
2943 5135 3055 5189 Cur
3078 5136 3143 5189 de
3179 5142 3232 5189 te
3278 5148 3397 5187 ma-

1825 5223 2020 5293 gnifice
2048 5224 2263 5278 sentis?
2300 5222 2529 5289 Quando
2554 5226 2649 5279 tibi
2670 5225 3044 5296 «cogitationes
3085 5225 3392 5286 inciderint,

1824 5315 2023 5383 quibus
2058 5315 2413 5382 intumescas,
2448 5316 2649 5386 quibus
2693 5316 3069 5381 inﬂammeris,
3113 5315 3241 5369 illud
3296 5315 3395 5369 tibi

1823 5406 1877 5458 in
1911 5406 2226 5461 memoriam
2258 5422 2475 5471 revoca,
2512 5407 2787 5476 quomodo
2818 5415 3036 5461 creatus
3065 5406 3159 5461 sis.
3190 5423 3209 5457 ι
3238 5403 3397 5459 Sum-

1822 5496 1930 5565 psit
1969 5495 2113 5554 Deus
2137 5498 2414 5569 pulverem
2443 5515 2473 5553 e
2501 5510 2665 5563 terra,
2695 5506 2750 5552 et
2772 5498 3045 5553 hominem
3070 5496 3340 5552 formavit.
3370 5516 3390 5550 ι

1824 5587 1879 5642 Si
1899 5603 1928 5642 a
1945 5595 2089 5646 terra
2110 5589 2439 5656 discederes,
2462 5589 2602 5645 forte
2616 5588 2947 5647 conditionis
2967 5596 3073 5645 tua:
3095 5603 3284 5660 posses
3297 5589 3394 5646 ob-
