3890 6360
488 300 586 358 291

1726 287 1784 343 S.
1830 282 2159 341 GREGORII
2202 278 2494 335 SYSSEM

3648 264 3749 319 29'!

490 410 689 467 livisei.
705 408 862 465 Nune
877 415 1057 463 autem
1076 405 1144 460 ab
1155 418 1217 459 ea
1237 415 1513 473 nunquam
1540 399 1799 462 discedis,
1822 396 1915 453 sed
1936 412 2061 451 cum

2189 394 2296 464 :pr
2317 394 2409 446 ἐπὶ
2432 391 2529 460 τῆς
2550 388 2673 457 γῆς,
2696 387 2860 455 ἐγγὺς
2880 384 3021 455 ἔχεις
3042 383 3103 437 τὸ
3128 383 3430 473 ὑπόμνημα
3446 378 3549 449 τῆς
3565 376 3748 447 ἐαυτοῦ

486 501 582 557 illa
600 500 924 555 naturaliter
938 497 1266 567 coniunctus
1291 508 1371 550 es.
1400 492 1606 548 lncedis
1628 491 1681 545 in
1699 498 1865 553 terra,
1882 489 1936 543 in
1955 497 2068 544 ter-

491 607 551 647 ra
568 591 934 662 conquiescis,
951 590 1006 643 in
1022 597 1164 643 terra
1179 587 1382 657 litigas,
1398 595 1451 640 et
1467 582 1783 655 negotiaris.
1798 580 2069 647 Quamob-

484 696 605 737 rem
637 679 897 750 quidquid
932 679 1050 748 agis
1085 678 1136 731 in
1160 685 1326 740 terra,
1346 676 1461 731 sive
1478 688 1732 745 magnum
1757 671 1809 726 id
1832 672 1922 733 sit,
1953 670 2067 723 sive

492 786 754 841 parvum,
817 768 1046 837 abiectae
1100 766 1432 820 conditionis
1491 772 1597 818 tua:
1653 767 2065 816 monumentum

491 863 678 916 habes.
716 860 1161 916 Contumeliosus
1192 871 1274 920 es,
1301 865 1354 910 et
1384 855 1683 910 iracundus
1710 873 1723 907 :
1760 852 1904 907 unde
1964 850 2066 906 tibi

488 969 553 1009 ex
584 963 694 1007 tam
725 951 916 1006 humili
946 958 1093 1004 statu
1129 932 1456 1018 indignatio,
1480 953 1534 1001 et
1555 946 1835 1000 iracundia
1857 944 1882 997 ἲ
1904 941 2070 997 Ferre

492 1059 598 1098 non
638 1049 814 1111 putes,
872 1039 1016 1110 quod
1050 1038 1329 1109 ignobilis,
1380 1044 1438 1091 et
1468 1036 1703 1090 obscuro
1740 1034 1864 1087 loco
1905 1041 2068 1087 natus

489 1148 613 1188 esse
637 1132 862 1197 dicaris,
890 1130 1289 1200 contendisque
1322 1136 1381 1183 ut
1408 1128 1476 1190 is,
1500 1129 1592 1196 qui
1619 1125 1716 1180 tibi
1744 1124 1884 1178 male
1909 1123 2067 1187 dixit,

488 1240 554 1281 ex
586 1232 639 1278 te
673 1225 826 1295 pejus
866 1220 1325 1277 audiat?0culos
1354 1219 1579 1275 demitte
1600 1257 1614 1279 .
1653 1232 1716 1270 ac
1752 1226 1953 1269 terram
1986 1215 2070 1269 in-

489 1325 664 1379 tuere,
697 1326 752 1371 et
780 1314 1068 1371 confestim
1111 1314 1189 1366 ira
1226 1320 1317 1367 tua
1345 1310 1647 1366 sedabitur.
1672 1307 1896 1361 Terram
1924 1305 2070 1375 aspi-

489 1425 576 1471 cc,
606 1418 662 1465 et
688 1417 867 1462 tecum
905 1408 1019 1478 ipse
1052 1406 1134 1461 sic
1157 1405 1333 1475 cogita
1361 1422 1372 1456 :
1416 1402 1711 1473 lgnobilcm
1750 1399 1838 1453 hic
1877 1413 1983 1460 me,
2016 1404 2070 1452 et

489 1513 522 1552 e
553 1512 713 1552 servo
744 1504 933 1551 natum
991 1494 1302 1565 appellavit.
1336 1492 1513 1548 Minus
1567 1491 1726 1553 dixit,
1782 1504 1942 1558 quam
1983 1487 2068 1553 id,

492 1589 641 1657 quod
672 1604 761 1643 res
787 1594 890 1643 est.
928 1585 1113 1656 Neque
1140 1590 1284 1640 enim
1328 1599 1416 1638 me
1453 1599 1484 1637 e
1529 1591 1674 1637 terra
1705 1580 1944 1651 genitum
1976 1594 2071 1631 vo-

493 1678 659 1740 cavit,
702 1677 798 1733 sed
830 1691 895 1732 ex
934 1677 1172 1730 homine.
1235 1674 1453 1741 Quanto
1513 1681 1694 1728 autem
1735 1681 1912 1734 terra,
1950 1682 2072 1739 qua:

494 1769 872 1832 conculcatur,
909 1768 1148 1822 nobilior
1177 1776 1261 1821 est
1297 1767 1482 1820 animo
1544 1762 1830 1835 praeditus,
1884 1775 1947 1815 ac
1990 1761 2071 1815 vi-

492 1869 647 1916 vens,
676 1852 884 1907 homo?
918 1851 1029 1921 Ego
1051 1860 1289 1905 veterem
1315 1858 1542 1903 matrem
1576 1847 1781 1916 aspicio
1806 1858 2072 1916 agnosco-

493 1960 600 2015 que
636 1956 857 2002 terram.
914 1941 1095 2008 Quare
1140 1956 1249 1995 non
1288 1949 1373 1996 est
1428 1939 1852 2011 ignominiosum
1909 1945 2073 2005 atque

492 2048 673 2107 turpe,
702 2052 734 2091 e
773 2050 936 2090 servo
965 2044 1144 2088 ortum
1171 2048 1315 2098 esse,
1346 2032 1440 2087 sed
1472 2030 1791 2101 prarclarum
1821 2035 1877 2082 et
1900 2028 2075 2081 hono-

490 2124 728 2185 riiicum,
768 2123 1042 2177 hominem
1065 2137 1188 2177 esse
1210 2129 1576 2191 procreatum.
1604 2119 1701 2174 llic
1727 2126 1908 2173 autem
1941 2117 2070 2171 dum

490 2223 646 2286 putat
677 2215 809 2268 mihi
839 2214 1228 2268 contumeliam
1259 2212 1464 2274 dicere,
1491 2210 1814 2280 imprudens
1846 2223 1934 2264 me
1981 2223 2075 2278 po-

493 2307 607 2363 tius
639 2306 949 2360 honoravit.
987 2303 1100 2373 Ego
1133 2304 1280 2357 enim
1329 2310 1540 2356 natura:
1581 2315 1714 2355 mea:
1763 2314 1873 2354 non
1922 2300 2077 2369 igna-

494 2413 615 2460 rus,
644 2398 803 2467 plane
837 2396 975 2459 scio,
1011 2395 1101 2464 qui
1134 2394 1261 2459 sim,
1294 2402 1349 2447 et
1377 2392 1522 2446 unde
1552 2392 1677 2446 sim.
1731 2389 1857 2445 llaec
1911 2391 2078 2461 igitur

496 2489 679 2543 nostri
706 2495 863 2542 ortus
894 2501 924 2540 e
972 2496 1116 2541 terra
1158 2484 1469 2539 recordatio
1524 2497 1801 2552 nunquam
1850 2482 2076 2537 excitari

499 2580 800 2649 saevireque
835 2578 981 2633 sinat
1009 2576 1370 2631 iracundiam.
1428 2574 1644 2628 Rationi
1683 2583 1830 2629 terra
1864 2588 2081 2643 semper

498 2670 783 2741 suppetias
832 2668 990 2733 ferat,
1044 2682 1276 2735 eamque
1331 2679 1545 2735 semper
1601 2661 2076 2718 comrnonel‘aciat.

495 2757 728 2825 Quando
759 2756 1063 2829 cupiditate
1091 2756 1311 2824 ilagras,
1342 2763 1396 2809 ct
1433 2769 1498 2808 ea
1523 2754 1838 2808 concitatus
1876 2753 2077 2821 curris,

497 2862 597 2918 per
631 2856 834 2902 terram
872 2847 1074 2901 curris.
1100 2846 1293 2914 Cogita
1323 2860 1563 2914 quonam
1595 2844 1672 2899 sis
1693 2854 2077 2913 perventurus,

498 2938 547 2994 si
581 2948 632 2993 te
667 2938 723 2992 in
748 2944 956 2992 terram
981 2936 1309 2990 dissolutum
1360 2936 1427 2989 iri
1462 2934 1940 2990 consideraveris:
1988 2949 2079 2990 re-

501 3028 770 3099 primetur
796 3028 1114 3097 cupiditatis
1146 3025 1299 3081 furor
1347 3044 1367 3077 ι
1396 3024 1567 3080 Terra
1604 3041 1685 3088 es,
1718 3034 1773 3080 et
1799 3027 1851 3080 in
1878 3035 2078 3080 terram

500 3120 795 3176 reverteris
819 3120 860 3174 ⁸⁸.
883 3139 902 3172 ι
939 3119 1132 3189 Cogita
1152 3119 1406 3174 membra
1456 3119 1558 3173 ista
1618 3127 1732 3184 tua,
1787 3134 1908 3188 qua:
1937 3135 2083 3174 nunc

500 3214 578 3269 ita
604 3214 812 3284 vigent,
851 3211 1016 3283 paulo
1046 3220 1169 3282 post
1213 3212 1364 3266 nulla
1421 3210 1562 3266 fore.
1606 3209 1863 3267 Membris
1898 3219 2081 3266 autem

501 3305 799 3374 corruptis.
834 3304 890 3357 in
918 3304 1306 3373 pulveremque
1337 3303 1608 3367 redactis,
1643 3304 1921 3373 cupiditas
1952 3306 2079 3369 ista,

2167 482 2566 544 ταπεινώσεως.
2604 475 2894 547 Ὑϐριστὴς
2933 475 3028 528 καὶ
3054 471 3307 544 θυμώδης
3337 467 3426 535 εἷς
3461 469 3628 522 πόθεν
3675 485 3751 522 σοι

2166 578 2196 629 ὁ
2219 573 2388 645 θυμός
2409 591 2424 638 ;
2449 575 2514 625 ἐκ
2540 571 2639 639 τῆς
2662 568 2877 634 ἀδοξίας
2901 585 2915 633 ;
2959 566 3020 619 ού
3064 563 3335 628 κατεδέξω
3369 560 3608 615 ἀκοῦσαι
3635 559 3754 612 δυσ.

2167 650 2329 737 γενής
2354 682 2369 728 ;
2398 662 2558 726 εὐθὺς
2583 657 2809 723 ἐπέζεσέ
2848 658 2980 712 σοιὸ
3002 655 3204 727 θυμόςς
3238 653 3567 724 φιλονεικεϊς
3588 653 3756 704 εἰπεῖν

2168 758 2336 828 χείρω
2364 749 2438 808 ὧν
2472 755 2747 825 ἣκουσαςς
2776 749 2942 803 Κάτω
2991 748 3054 801 τδ
3095 745 3334 817 βλέμμα,
3357 744 3456 799 καὶ
3483 743 3757 796 πέπαυταί

2170 866 2253 903 σοι
2275 850 2305 901 ὁ
2336 846 2527 918 θυμός.
2563 843 2670 897 Ἴδε
2701 842 2799 913 τὴν
2825 841 2947 909 γῆν,
2994 839 3089 892 καὶ
3129 837 3483 908 ἐνθυμήθητι.
3514 833 3760 902 Δυσγενῆ

2173 955 2239 1010 με
2280 933 2401 991 εἷπε
2445 937 2535 989 τὸν
2587 933 2696 988 ἀπὸ
2742 933 2848 1002 γῆς
2887 930 3210 1000 γενόμενονθ
3252 927 3473 979 ἔλαττον
3506 921 3665 978 εἶπεν
3703 919 3762 976 οὗ

2170 1034 2285 1100 εἰμι
2315 1029 2424 1098 ἐγώ
2445 1043 2459 1059 ⁸
2487 1028 2549 1080 ού
2576 1024 2685 1096 γάρ
2713 1020 2869 1077 εἶπεν
2895 1024 2959 1075 ἐκ
2982 1022 3080 1090 τῆς
3102 1020 3226 1089 γῆς,
3261 1017 3397 1072 ἀλλά
3425 1016 3536 1070 ἀπὸ
3563 1014 3765 1084 ἀνθρώ·

2171 1138 2311 1175 που·
2370 1119 2523 1190 πόσῳ
2562 1116 2620 1171 δέ
2665 1114 2989 1186 τιμιώτερος
3041 1111 3283 1182 ἔμψυχος
3326 1106 3620 1178 ἄνθρωπος
3663 1107 3763 1175 γῆς

2172 1211 2556 1281 πατουμένηςς
2598 1207 2741 1277 Ἐγὼ
2785 1207 2843 1260 δὲ
2881 1204 2981 1276 τὴν
3021 1203 3254 1275 ἀρχαίαν
3296 1200 3478 1269 βλέπω
3530 1198 3762 1269 μητέρα,

2168 1305 2270 1377 τὴν
2318 1303 2444 1373 γῆν,
2475 1301 2617 1355 ὥστε
2660 1300 2759 1370 οὐχ
2796 1297 2954 1367 ὕϐρις
3001 1294 3063 1349 τὸ
3107 1293 3218 1347 ἀπὸ
3261 1292 3449 1346 δούλου
3482 1288 3764 1359 γενέσθαι,

2170 1394 2307 1448 ἀλλά
2333 1394 2484 1465 τιμὴ,
2510 1392 2570 1446 τὸ
2593 1390 2833 1462 ἔμψυχον
2855 1386 3202 1457 γεννηθῆναι.
3237 1385 3299 1437 '0
3339 1383 3394 1437 δὲ
3425 1379 3673 1450 νομίζων
3702 1396 3766 1449 με

2171 1484 2413 1558 ὑϐρίζειν
2446 1484 2607 1556 μέγα,
2633 1481 2821 1536 ἔλαθεν
2847 1474 2891 1549 ᾧ
2916 1479 3104 1550 ὕϐρισε
3140 1476 3300 1529 πλέον
3327 1475 3589 1545 τιμήσας.
3627 1469 3770 1538 Ἐγὼ

2171 1578 2280 1648 γὰρ
2310 1580 2409 1648 τῆς
2433 1574 2669 1647 ἐμαυτοῦ
2699 1572 2915 1643 φύσεως
2939 1571 3039 1641 τὴν
3069 1568 3281 1633 σύνεσιν
3325 1564 3484 1637 ἔχων,
3529 1558 3650 1616 οἴδα
3687 1562 3771 1624 τίς

2172 1672 2307 1741 εἰμι,
2322 1671 2416 1723 καὶ
2436 1668 2595 1721 πόθεν
2619 1666 2752 1737 είμί.
2773 1664 2928 1718 Οῦτω
2948 1662 3009 1716 τδ
3035 1661 3142 1715 ἀπὸ
3161 1659 3265 1730 γῆς
3286 1656 3600 1729 μεμνῆσθαι
3621 1655 3769 1725 ἡμᾶς

2173 1758 2528 1829 γεγενῆσθαι,
2568 1754 2822 1809 οὐδέποτε
2864 1752 3135 1822 συγχωρεῖ
3188 1749 3279 1802 τὸν
3315 1745 3487 1817 θυμὸν
3527 1747 3771 1814 ἐπαγρυο

2176 1854 2348 1906 πνεῖν.
2375 1851 2669 1920 Σύμμαχος
2699 1830 2838 1899 ἔστω
2869 1843 2947 1914 τῷ
2973 1839 3219 1911 λογισμῷ
3242 1840 3276 1911 ἡ
3300 1837 3371 1908 γῆ
3398 1836 3485 1890 ἀεὶ
3519 1835 3773 1906 παροῦσα

2175 1944 2267 1997 καὶ
2286 1940 2795 2010 ὑπομιμνήσκουσα.
2813 1936 2980 1989 Ὅταν
2998 1932 3133 2005 πρὸς
3170 1929 3465 1999 ἐπιθυμίαν
3491 1925 3619 1981 τινὰ
3652 1927 3776 1998 τρέ-

2175 2052 2296 2107 me,
2319 2030 2650 2103 ἐνθυμήθητι
2675 2028 2794 2092 πῶς
2816 2026 3028 2097 ἀπέρχῃ
3043 2043 3056 2056 ·
3091 2024 3187 2079 ἐὰν
3219 2018 3550 2092 ἐνθυμηθῇς,
3573 2019 3655 2071 ὅτι
3678 2017 3768 2107 ia-

2177 2104 2316 2197 θῆσῃ
2337 2127 2414 2187 εἰς
2430 2122 2553 2192 γῆν,
2575 2120 2906 2187 πέπαυταιή
2929 2115 3191 2188 ἐπιθυμία
3208 2112 3309 2184 τῆς
3332 2111 3545 2184 μανίας.
3560 2128 3579 2159 ι
3600 2109 3676 2177 Γῆ
3700 2104 3772 2174 ετ,

2178 2217 2272 2270 καὶ
2293 2218 2371 2279 είς
2391 2216 2493 2286 γῆν
2511 2211 2802 2284 ἀπελεύσῃ.
2819 2230 2838 2263 ι
2856 2207 3142 2281 Μνήσθητι
3158 2208 3238 2261 ὅτι
3265 2206 3381 2276 μετ’
3401 2203 3580 2272 ὀλίγον
3599 2200 3773 2254 ταῦτα

2177 2305 2247 2359 τὰ
2281 2305 2376 2360 νῦν
2420 2305 2692 2375 σφύζοντα
2720 2302 2878 2375 μέλη,
2924 2299 2958 2370 ἢ
2998 2302 3031 2370 ἠ
3062 2299 3157 2352 νῦν
3190 2297 3291 2366 τῆς
3342 2294 3545 2366 σαρκὸς
3583 2291 3777 2346 ἐπιθυ-

2182 2399 2300 2468 μία,
2340 2398 2455 2468 μετ’
2490 2396 2668 2465 ὀλίγον
2702 2395 2802 2449 οὐκ
2825 2392 3012 2462 ἔσται,
3050 2390 3157 2444 τῶν
3195 2387 3371 2460 μελῶν
3414 2384 3778 2439 διαλυθέντων

2179 2490 2273 2543 καὶ
2326 2490 2406 2554 εἰς
2458 2489 2561 2559 γῆν
2604 2486 2995 2542 ἀναλυθέντων.
3055 2482 3340 2553 Μνήσθητι
3389 2478 3490 2548 τῆς
3539 2478 3778 2546 φύσεως,

2180 2578 2276 2631 καὶ
2327 2578 2545 2631 λέλυται
2592 2579 2743 2631 πᾶσα
2780 2576 2926 2647 ὁρμὴ
2976 2575 3009 2646 ἠ
3062 2573 3154 2627 ἐπὶ
3197 2574 3256 2626 τὸ
3316 2569 3575 2640 πονηρόν.
3609 2567 3785 2621 Τοῦτο

2183 2671 2277 2725 ἐπὶ
2304 2670 2484 2742 πάσης
2510 2670 2781 2741 ἁμαρτίας
2815 2668 3179 2738 φυλακτήριον
3212 2665 3342 2736 ἡμῖν
3390 2662 3531 2716 έστω
3558 2660 3620 2714 τδ
3653 2661 3785 2713 ὑπό-

2186 2782 2290 2835 μνη
2300 2781 2393 2833 μα.
2418 2782 2435 2814 ι
2452 2761 2724 2815 Ἔπλασεν
2757 2764 2784 2814 ὁ
2803 2761 2932 2823 Θεὸς
2951 2760 3041 2811 τὸν
3063 2756 3363 2827 ἄνθρωπον,
3387 2754 3517 2826 χοῦν
3548 2753 3658 2808 ἀπὺ
3689 2755 3784 2822 τῆς

2181 2855 2285 2925 γῆς
2323 2853 2519 2907 λαϐὼν.
2564 2852 2759 2921 »Καλὴ
2794 2854 2822 2923 ἡ
2866 2851 3210 2913 ταπείνωσις,
3254 2846 3498 2917 συμφυὲς
3542 2846 3604 2899 τὸ
3653 2845 3786 2898 ὑπό-

2188 2962 2401 3017 μνημα.
2440 2944 2506 2998 Ei
2549 2939 2721 3007 εἶπεν,
2758 2942 3035 2995 Ἐπλασεν
3087 2942 3116 2993 ὁ
3163 2938 3295 3001 Θεὸς
3339 2937 3431 2990 τὸν
3477 2935 3785 3007 ἄνθρωπον⁹

2187 3035 2282 3088 ἀπ’
2341 3033 2571 3104 ούρανοῦ
2622 3033 2824 3098 λαϐὼν,
2883 3033 3011 3085 ποτε
3066 3030 3367 3101 ἐϐλέπομεν
3420 3029 3653 3093 ἐκεῖνον,
3701 3026 3788 3078 ἵνα

2193 3125 2629 3197 ὑπομνησθῶμεν
2680 3125 2779 3194 τῆς
2830 3124 3084 3193 φύσεωςς
3141 3124 3238 3177 Ἐκ
3302 3121 3409 3176 τῶν
3481 3119 3789 3191 προχείρων

2194 3218 2457 3290 πάρεστιν
2481 3220 2613 3289 ἡμῖν
2640 3217 2701 3270 τὸ
2731 3216 3031 3286 ὑπόμνημα
3062 3214 3162 3285 τῆς
3186 3211 3464 3283 ἡμετέρας
3492 3209 3788 3272 οὔδε-θείας,

2188 3306 2247 3373 ἐξ
2283 3300 2358 3360 ὧν
2385 3306 2557 3361 πατοῦ
2566 3323 2683 3378 μεν.

502 3409 613 3466 qua
650 3408 797 3448 nunc
828 3392 1200 3467 inﬂammaris,
1242 3407 1352 3446 non
1405 3394 1512 3448 erit
1553 3395 1809 3463 amplius.
1848 3392 2070 3449 Naturae
2118 3402 2226 3451 tute
2276 3398 2653 3461 reminiscere,
2708 3406 2762 3453 ct
2812 3397 2995 3453 omnis
3048 3395 3112 3449 ad
3171 3392 3509 3467 peccandum
3558 3391 3787 3462 impetus

504 3488 891 3560 perfringetur.
939 3483 1062 3538 llaec
1108 3484 1376 3553 cogitatio
1414 3485 1483 3539 ab
1519 3485 1670 3538 omni
1721 3492 1950 3555 peccato
1992 3499 2094 3540 nos
2144 3493 2356 3552 avocet,
2404 3496 2568 3558 atque
2616 3487 2909 3543 deterreat.
2954 3504 2972 3537 ι
3010 3483 3312 3538 Formavit~
3330 3481 3474 3537 Deus
3511 3481 3789 3536 hominem

506 3579 574 3634 de
601 3579 731 3633 limo
779 3586 955 3632 terra}.
1003 3594 1022 3627 ι
1081 3574 1320 3631 Honesta
1366 3575 1688 3638 submissio,
1726 3576 2089 3629 commonitio
2136 3577 2428 3642 naturalis,
2480 3578 2526 3633 si
2571 3577 2833 3643 dixisset,
2887 3576 3169 3630 Formavit
3210 3573 3354 3629 Deus
3395 3571 3696 3631 hominem.
3728 3588 3791 3625 ex

505 3669 647 3727 caelo
686 3668 967 3723 materiam
1006 3682 1253 3730 sumens,
1297 3666 1584 3736 ecquando
1620 3666 1820 3720 coelum
1860 3666 1992 3721 illud
2031 3667 2387 3735 vidissemus,
2422 3678 2483 3722 ut
2531 3677 2747 3725 natura:
2783 3667 3232 3737 conditionisque
3273 3674 3475 3720 nostra:
3506 3678 3792 3734 possemus

505 3758 831 3818 admoneri?
859 3758 1097 3829 Ahjecta:
1125 3756 1295 3813 sortis
1322 3764 1526 3812 nostra;
1551 3764 1967 3811 monumentum
2000 3756 2057 3809 in
2085 3765 2345 3828 promptu
2373 3765 2548 3814 estex
2584 3759 2652 3815 iis
2677 3774 2799 3829 qua:
2827 3759 3129 3814 calcamus.

576 3854 801 3911 Terram
846 3854 1053 3924 aspice,
1077 3860 1240 3921 teque
1276 3867 1344 3906 ex
1378 3850 1578 3906 humili
1662 3857 2091 3922 contemptaque

506 3946 656 4003 illius
680 3943 910 3998 materia
946 3957 1123 4012 genus
1154 3941 1723 3996 duxissemecordare.
1754 3940 1896 4006 Quid
1929 3941 2094 4010 igitur

507 4036 670 4092 nobis
695 4033 903 4089 vilius?
938 4032 1069 4102 quid
1101 4031 1414 4099 abiectius?
1448 4030 1592 4096 Quid
1630 4032 1802 4100 magis
1838 4032 2098 4086 convenit

508 4126 703 4192 nobis,
724 4139 902 4194 quam
937 4132 995 4177 ut
1027 4137 1129 4178 nos
1160 4121 1435 4178 submisse
1470 4136 1726 4192 geramus
1751 4162 1765 4185 ,
1797 4131 1852 4176 et
1880 4137 1980 4191 pro
2012 4122 2098 4175 ni-

513 4220 628 4275 hilo
660 4215 960 4289 putemus?
994 4214 1189 4270 Vidisti
1220 4214 1516 4284 superbum
1549 4213 1786 4283 aliquem
1808 4257 1821 4279 ,
1859 4226 1912 4268 et
1943 4230 2097 4268 arro-

2266 3854 2614 3909 Κατάνευσον
2668 3856 2761 3908 ἐπὶ
2814 3852 2913 3925 τὴν
2976 3853 3080 3923 γῆν
3108 3894 3123 3917 ,
3191 3850 3528 3923 κατανόησον
3588 3856 3674 3910 ὅτι
3735 3855 3795 3905 ἐκ

2197 3943 2289 3997 τοῦ
2349 3944 2641 4014 συγγενοῦς
2688 3946 2788 4016 τῆς
2838 3946 2940 4016 γῆς
3000 3943 3093 3998 τοῦ
3156 3944 3463 4013 ἀποϐλήτου
3536 3944 3602 3997 σὺ
3658 3945 3794 3997 ἀπεο

2203 4036 2503 4109 μορφὼθης.
2603 4039 2668 4092 Τί
2753 4035 2911 4108 ἡμῶν
3004 4036 3649 4108 εὑκαταφρονητότερον;
3734 4034 3797 4089 Τί

2200 4126 2355 4197 ἡμῶν
2402 4128 2600 4199 μᾶλλον
2644 4128 2792 4194 ἀξιον
2843 4128 2937 4183 τοῦ
2994 4128 3287 4193 ἐξουδενεῐν
3343 4126 3607 4190 ἐαυτούςς
3644 4123 3794 4190 Εἷδές

2201 4238 2323 4273 τινα
2355 4221 2497 4291 μέγα
2529 4221 2863 4290 φρονοῦντας
2900 4220 3101 4291 ἐσθῆτα
3145 4218 3367 4290 ἀνθινὴν
3406 4218 3797 4290 περιϐεϐλημέ-

512 4319 730 4382 gantem
749 4350 763 4373 ,
794 4309 959 4363 variis
987 4306 1237 4362 indutum
1272 4305 1637 4368 vestimentis,
1663 4314 1719 4360 et
1748 4303 2083 4376 splendidum

2203 4329 2330 4377 vov;
2375 4313 2644 4383 δακτυλίῳ
2692 4312 2788 4383 τὴν
2823 4316 2980 4383 χεῖρα
3030 4312 3543 4383 περιλαμπόμενον;
3577 4306 3795 4379 σφενδό-

511 4404 777 4461 annulum
806 4417 933 4459 cum
983 4400 1218 4471 pretiosa
1271 4398 1391 4468 pala
1442 4405 1746 4467 gestantem
1796 4398 1850 4452 in
1886 4397 2092 4468 digito,

511 4483 674 4568 atriue
699 4501 1060 4560 ostentantem
1081 4533 1098 4559 ,
1121 4504 1416 4559 serumque
1440 4488 1545 4545 tilis
1572 4491 1868 4555 amictum,
1895 4506 1960 4545 ac
1983 4506 2100 4545 scr-

512 4590 598 4645 vis
640 4589 935 4658 stipatum,
981 4598 1140 4640 coma
1182 4583 1460 4645 demissa,
1504 4580 1680 4649 llava,
1739 4581 2100 4651 studioseque

514 4688 762 4749 compta,
800 4678 1091 4746 torquibus
1119 4676 1305 4730 aura-is
1334 4683 1691 4739 exornatum,
1722 4684 1776 4730 et
1812 4675 1964 4731 sellis
2010 4690 2101 4730 ar-

516 4771 728 4843 genteis
762 4769 1090 4824 insidentem
1125 4768 1431 4838 superbcve
1463 4767 1806 4821 incedentem
1833 4808 1846 4829 ,
1881 4768 2098 4838 magni-

519 4864 621 4919 tice
654 4862 722 4918 de
758 4876 818 4917 se
851 4862 1215 4925 sentientem,
1248 4861 1536 4932 magnifice
1566 4876 1626 4915 se
1653 4861 2000 4929 jactitantem
2033 4861 2102 4915 ob

518 4970 802 5013 servorum
828 4953 1285 5024 adulatorumque
1316 4954 1722 5008 multitudinem
1741 4992 1757 5018 ,
1786 4969 1923 5023 quos
1954 4968 2105 5007 sum-

518 5048 735 5120 ptuosis
761 5045 970 5102 mensis
1017 5046 1230 5110 allicit,
1267 5047 1336 5100 oh
1381 5045 1775 5110 salutationes,
1831 5060 1972 5115 quas
2024 5045 2104 5098 illi

526 5154 721 5196 omnes
757 5138 816 5192 in
851 5135 1031 5192 forum
1064 5135 1336 5198 aﬂ'erunt,
1390 5137 1518 5191 dum
1561 5138 1611 5192 ei
1655 5151 1780 5191 cum
1817 5138 2105 5193 lictoribus

522 5229 835 5288 advenienti
875 5236 972 5283 aut
1003 5244 1033 5283 e
1067 5229 1346 5284 subselliis
1386 5238 1720 5298 assurgunt,
1756 5237 1851 5283 aut
1884 5230 2103 5284 obviam

524 5321 850 5390 procedunt,
875 5327 970 5376 aut
990 5336 1114 5375 eum
1139 5320 1451 5387 deducunt,
1478 5321 1854 5377 reducuntve?
1876 5320 2108 5388 Quando

527 5416 803 5485 principes
829 5417 967 5471 istos
992 5415 1274 5483 aspexeris
1300 5428 1424 5468 cum
1454 5428 1652 5481 magna
1678 5415 1948 5483 pra-conis
1977 5430 2110 5470 voce

533 5504 883 5571 prodeuntes,
923 5505 1145 5574 quando
1173 5504 1378 5560 videris
1406 5518 1502 5559 eos
1534 5504 1661 5558 huic
1692 5512 1957 5561 terrorem
1984 5507 2112 5575 inji-

534 5593 740 5647 cientes
760 5631 776 5656 ,
804 5594 957 5649 illum
987 5596 1259 5652 caedentes
1290 5596 1601 5668 indignatos
1624 5636 1638 5661 ,
1668 5596 1832 5651 alium
1867 5598 2106 5667 proscri-

607 5701 627 5732 ⁸
654 5700 789 5755 Gen.
828 5717 909 5768 tu,
946 5706 1031 5757 19.

2206 4422 2303 4474 νην
2334 4404 2432 4475 τὴν
2470 4405 2577 4458 τῶν
2603 4404 2916 4475 πολυτίμων
2962 4404 3230 4475 φέροντα,
3276 4403 3371 4456 καὶ
3426 4401 3604 4475 ταύτῃ
3657 4404 3797 4474 μέγα

2207 4496 2539 4567 φρονοῦντας
2575 4497 2817 4568 σηρικῶν
2853 4498 3091 4567 νήμασιν
3130 4494 3546 4565 ὴμφιεσμένον;
3581 4496 3797 4559 οἰκέτας

2207 4589 2429 4659 ἔχοντα;
2453 4590 2626 4661 κόμας
2650 4589 2941 4662 ἀνειμένας
2972 4590 3065 4643 καὶ
3086 4588 3287 4652 ταύτας
3309 4585 3528 4653 ξανθὰς,
3556 4588 3656 4640 καὶ
3684 4590 3799 4642 ἐπι-

2206 4679 2366 4751 τηδεύ
2375 4698 2505 4750 μασι
2525 4679 2786 4733 σοϐοῦντα
2806 4698 2819 4743 ;
2843 4679 3114 4751 μανιάκας
3135 4678 3372 4751 χρυσοῦς
3396 4680 3799 4751 πριφέροντκ

2209 4773 2296 4826 ἐπ’
2318 4774 2563 4844 ἀργυρᾶς
2589 4773 2855 4842 καθέδρας
2887 4772 3249 4843 καθεζόμενον
3276 4788 3291 4836 ;
3324 4771 3466 4842 μέγα
3484 4771 3796 4842 βαδίζοντας

2214 4865 2356 4934 μέγα
2391 4865 2787 4936 φθεγγόμενονς
2827 4868 2970 4934 μέγα
3004 4865 3302 4937 φρονοῦντα
3351 4866 3442 4918 ἐπὶ
3483 4864 3562 4935 τῷ
3609 4866 3800 4935 πλήθει

2209 4958 2316 5010 τῶν
2347 4957 2594 5021 οἰκετῶν,
2624 4957 2732 5011 τῶν
2778 4957 3026 5011 κολάκων
3065 4957 3159 5019 οὓς
3206 4957 3580 5027 ἐπισύρονται,
3620 4957 3715 5009 ἐπὶ
3738 4957 3800 5023 τῇ

2210 5049 2456 5121 τραπέζῃ
2487 5052 2552 5121 τῇ
2593 5049 2896 5114 πολυτελεῖ,
2926 5049 3022 5102 ἐπὶ
3053 5052 3166 5111 τοῖς
3195 5050 3507 5119 ἀσπασμοῖς
3557 5042 3641 5111 οἷς
3674 5049 3803 5101 πάν-

2210 5157 2302 5203 τες
2327 5139 2476 5209 αὐτῷ
2498 5140 2834 5210 προσάγουσι
2867 5139 2997 5209 περὶ
3032 5139 3132 5207 τὴν
3159 5136 3371 5208 ἀγορὰν
3432 5137 3485 5189 oi
3523 5136 3803 5202 ἐξανιστά·

2216 5251 2367 5303 μενοι
2394 5233 2501 5286 τῶν
2536 5231 2770 5303 βάθρων,
2807 5231 2858 5283 οἱ
2902 5229 3385 5302 προαπαντῶντες,
3421 5230 3471 5281 οἰ
3507 5229 3804 5300 παραπέμ-

2216 5343 2407 5390 ποντες
2432 5366 2445 5390 ,
2498 5327 2546 5377 οἱ
2606 5322 2932 5395 ῥαϐδοῦχοις
2969 5325 3139 5377 Ὅταν
3188 5322 3303 5394 ίδῃς
3363 5323 3492 5381 τοὺς
3539 5321 3805 5392 ἄρχοντας

2214 5417 2438 5481 τούτους
2468 5417 2594 5479 τοὺς
2631 5416 2724 5468 ἐπὶ
2774 5416 2978 5487 κήρυκι
3009 5413 3186 5484 ὑψηλῇ
3217 5415 3284 5484 τῇ
3313 5414 3461 5483 φωνῇ
3499 5411 3805 5484 προαγομέ·

2217 5526 2369 5573 νουςο
2399 5510 2526 5561 ὅταν
2554 5507 2669 5580 ἴδῃς
2694 5506 2889 5568 αὐτοὺς
2914 5505 3212 5574 φοϐοῦντας
3245 5504 3333 5556 τὸν
3375 5503 3546 5568 δεῖνα,
3592 5505 3689 5556 καὶ
3722 5504 3804 5553 τὶ]

2218 5600 2364 5653 δεῖνα
2394 5596 2644 5663 ξέοντας,
2691 5595 2847 5649 ἄλλον
2892 5595 3248 5666 δημεύοντας,
3296 5596 3551 5649 κάκεῖνον
3596 5593 3804 5662 θανάῖῳ
