3890 6366
159 337 252 400 293

890 326 955 383 IN
991 324 1244 391 νΕιιΒΑ,
1280 319 1670 378 FACIAMUS
1714 316 2109 383 HOMINEM,
2145 313 2323 381 ETC.,
2362 313 2573 371 ORAT.
2616 312 2679 367 li.

3218 258 3229 283 τ
3313 309 3420 368 Q96

158 449 571 526 παραδιδόντας·
605 448 680 519 μὴ
701 445 944 517 φοϐηθῇς
980 443 1051 498 τά
1090 439 1367 513 ὁρώμενα,
1395 439 1469 509 μὴ
1499 438 1741 510 πτοηθῇς

1853 436 2038 491 bentes
2058 475 2073 500 ,
2108 434 2275 488 alium
2308 433 2485 503 capite
2512 431 2841 497 multantes,
2879 435 2936 484 tu
2968 444 3032 485 ea
3063 444 3132 485 ne
3161 429 3421 486 formida-

159 548 243 600 ἐπὶ
285 547 399 608 τοῖς
444 539 776 611 γινομένοις,
822 535 912 590 τὸν
956 536 1136 597 αὐτοῖς
1189 531 1619 603 προστάσσοντα,
1659 529 1735 601 μὴ

162 634 330 704 ξενίσῃ
372 648 433 685 σε
480 632 516 703 ἡ
566 626 855 697 φαντασία.
904 622 1270 694 Ἐνθυμήθητι
1314 621 1397 673 ὅτι
1437 618 1669 672 ἔπλασεν
1709 621 1739 672 6

162 724 281 787 θεὸς
304 722 395 775 τὸν
426 718 717 790 ἄνθρωπον
741 715 869 788 χοῦν
897 715 1005 768 ἀπὸ
1023 714 1124 782 τῆς
1152 712 1275 782 γῆς.
1305 712 1369 764 Εἰ
1404 711 1503 781 μὲν
1534 708 1661 763 ἄλλο
1685 708 1738 762 τί

163 815 288 877 ἐστι,
319 810 592 882 φοϐήθητι
617 826 631 840 ·
665 810 716 861 ει
742 806 799 860 δὲ
831 803 960 879 χοῦς
1005 803 1115 858 ἀπὸ
1149 802 1251 872 τῆς
1290 801 1414 872 γῆς,
1460 799 1737 871 καταφρόα

163 919 332 971 νησον.
358 920 378 952 ι
401 899 515 952 Καὶ
540 898 771 951 ἔπλασεν
796 896 825 949 ὁ
844 893 978 957 Θεδς
990 892 1079 946 τὸν
1090 891 1394 962 ἄνθρωπον.
1409 908 1429 940 ι
1451 889 1563 942 Οὐκ
1580 887 1740 951 εὐθὺς

218 988 362 1061 φωνὴ
392 989 511 1049 τοῦ.
547 989 800 1050 ἔπλασε,
828 985 1081 1056 τεχνικήν
1128 1000 1249 1037 τινα
1296 981 1388 1035 τοῦ
1432 980 1568 1035 Θεοῦ
1610 980 1741 1052 περὶ

165 1083 245 1135 τὸν
274 1080 560 1151 ἄνθρωπον
590 1078 870 1152 ἐνέργειαν
899 1077 1027 1146 ἡμῖν
1044 1072 1345 1146 ὑποφαίνει.
1375 1072 1677 1126 (Ἐπλασεν
1710 1072 1739 1123 6

164 1172 300 1237 Θεός.
319 1199 338 1232 ι
360 1163 505 1238 Ἀρα
524 1168 695 1233 οὕτως
718 1168 950 1225 ἔπλασεν
967 1171 1043 1233 ὡς
1059 1170 1130 1223 οί.
1152 1167 1221 1220 τὰ
1248 1165 1447 1236 πήλινα
1468 1164 1739 1218 πλάσσον-

166 1283 244 1330 τες
268 1283 282 1331 ;
311 1265 385 1329 to;
408 1266 458 1317 οἱ
484 1264 578 1317 τὸν
604 1260 804 1335 χαλκὸν
827 1259 1155 1331 χωνεύοντες
1185 1275 1202 1327 ;
1243 1257 1402 1311 Ἀλλά
1430 1257 1742 1328 ἀνδριάντος

170 1355 257 1425 μὲν
287 1356 501 1420 πλάσις,
534 1355 630 1409 καὶ
673 1353 847 1423 γύψου
887 1351 1194 1414 διάπλασις,
1231 1350 1395 1420 μέχρι
1423 1347 1741 1417 ἐπιφανείας

168 1445 254 1518 τὴν
281 1448 509 1518 μίμησιν
549 1446 685 1516 ἔχει.
720 1441 874 1507 Εἶδες
932 1441 1021 1495 τὸν
1064 1440 1356 1510 ἀνδριάντα.
1394 1438 1511 1500 πῶς
1543 1436 1741 1503 ἕστηκε

173 1540 294 1609 μετά
317 1555 458 1602 τινος
485 1539 672 1608 ἧθους.
698 1537 769 1589 Ἢ
792 1534 962 1607 θυμὸν
985 1531 1235 1602 ἐμφαίνει
1276 1531 1305 1582 6
1339 1527 1432 1582 τοῦ
1478 1525 1740 1598 στρατιά)⁹

168 1646 251 1681 του
285 1629 521 1699 ἀνδριὰς,
566 1628 600 1699 ἢ
655 1625 968 1696 γυναικείαν
1018 1622 1258 1676 διάθεσιν
1301 1622 1329 1672 6
1366 1618 1583 1688 χαλκὸς,
1613 1619 1743 1671 ὅταν

169 1723 238 1785 εἰς
266 1725 491 1791 γυναῖκα
525 1719 895 1791 σχηματισθῇ,
946 1717 1044 1770 εἴτ’
1091 1714 1237 1779 ἀλλο,
1291 1713 1414 1766 ὅσον
1453 1710 1674 1763 δύναται
1708 1709 1741 1778 ἡ

1845 527 2025 591 veris,
2058 541 2197 581 neve
2245 526 2368 579 illos
2403 524 2497 593 qui
2539 538 2628 579 res
2668 520 2938 592 ejusmodi
2982 521 3211 591 jubeant
3250 520 3421 580 fueris

1842 617 2164 672 admiratus.
2196 614 2275 671 Ne
2307 623 2359 670 te
2389 615 2573 685 Opinio
2600 612 2771 667 fallat.
2797 612 3065 667 Memento
3090 612 3261 670 Deum
3292 629 3424 668 con-

1840 706 2003 762 nasse
2050 705 2328 761 hominem
2368 719 2399 760 e
2445 705 2578 759 limo
2624 710 2802 757 terrae.
2856 700 2912 756 Si
2957 702 3087 771 quid
3123 703 3269 756 aliud
3304 713 3420 766 est,

1841 799 2176 870 extimesce,
2228 799 2317 853 sin
2352 804 2512 852 terra:
2544 793 2724 864 pulvis
2749 832 2764 858 ,
2797 808 3111 864 aspernare.
3144 811 3162 843 ι
3194 793 3260 845 Ει
3308 793 3423 847 for-

1842 889 2010 942 mavit
2061 888 2203 943 Deus
2249 886 2552 941 hominem.
2588 902 2605 934 »
2636 884 2713 938 Ea
2760 897 2900 947 vox,
2941 880 3252 947 Formavit,
3310 896 3423 936 non

1840 980 2091 1051 protinus
2144 979 2199 1034 in
2250 978 2473 1034 homine
2523 978 2774 1033 faciendo
2826 978 3069 1033 declarat
3131 974 3422 1028 artiﬁcium

1841 1070 1957 1126 Dei.
2005 1070 2258 1142 Nunquid
2303 1071 2557 1127 formavit
2590 1071 2866 1125 hominem
2901 1068 3359 1141 quemadmodum
3393 1082 3426 1120 e

1840 1160 1956 1216 luto
1985 1161 2133 1232 figuli
2164 1161 2369 1231 aliquid
2401 1161 2703 1232 effingunt,
2745 1170 2837 1215 aut
2871 1157 3326 1230 quemadmodum
3358 1172 3426 1211 ex

1840 1267 1949 1307 aere
1974 1252 2215 1307 conﬂant
2255 1253 2463 1324 aliquid
2507 1253 2809 1308 statuarii?
2846 1252 3066 1305 Minime
3094 1266 3245 1306 vero.
3288 1248 3424 1301 Nam

1845 1349 2024 1396 statua
2062 1342 2281 1412 quidem
2324 1343 2671 1397 extrinsecus
2716 1349 2930 1396 tantum
2965 1341 3202 1411 speciem
3238 1354 3302 1392 ac
3347 1341 3424 1393 si-

1844 1432 2205 1487 militudinem
2238 1433 2475 1504 prmfert.
2515 1432 2744 1499 Vidisti,
2780 1435 3075 1504 quomodo
3107 1440 3286 1487 statua
3317 1445 3430 1482 mo-

1845 1539 1937 1578 res
1969 1523 2185 1594 aiiquos
2216 1525 2522 1595 exprimat,
2553 1526 2787 1595 exempli
2820 1530 2991 1596 gratia
3025 1527 3108 1579 vel
3136 1526 3274 1579 iram
3297 1565 3310 1587 ,
3341 1525 3427 1577 in-

1845 1616 2325 1685 dignationemque
2348 1660 2362 1684 ,
2395 1617 2441 1672 si
2491 1604 2693 1673 referat
2726 1620 3109 1688 imperatorem
3131 1657 3145 1681 ,
3180 1618 3266 1670 vel
3309 1633 3431 1670 mu-

1848 1707 2072 1762 liebrem
2105 1709 2381 1764 levitatem
2405 1749 2420 1773 ,
2457 1711 2503 1765 si
2542 1710 2800 1766 feminam
2840 1712 3102 1780 aliquam,
3154 1710 3239 1764 vel
3283 1708 3431 1763 aliud

169 1811 333 1882 τέχνη,
358 1812 444 1865 διὰ
473 1812 581 1881 τῆς
615 1812 897 1882 μιμήσεως
923 1806 1230 1875 συνεισάγει
1254 1805 1319 1858 τὰ
1352 1800 1447 1856 τοῦ
1476 1802 1641 1873 ἤθους
1666 1798 1742 1870 τῷ

1853 1799 2123 1870 quidpiam
2163 1817 2475 1871 congruens
2515 1802 2565 1858 ei
2590 1842 2604 1867 ,
2642 1803 2786 1872 quod
2831 1802 3122 1871 cilingitur,
3159 1810 3430 1871 quatenus

169 1904 474 1975 χαρακτῆρι.
506 1902 648 1956 Θεοῦ
674 1903 731 1956 δὲ
758 1903 954 1965 πλάσις
1009 1900 1069 1953 οὐ
1108 1896 1332 1966 τοιαύτη
1353 1936 1367 1960 ,
1397 1894 1511 1948 ἀλλ’
1539 1892 1741 1946 ἔπλασε

110 2064 117 2073 η
169 1994 250 2048 τὸν
288 1995 594 2066 ἄνθρωπον,
647 1995 810 2064 καὶὴ
866 1991 1234 2063 δημιουργικὴ
1284 1986 1449 2040 αὑτοῦ
1494 1986 1742 2056 ἐνέργεια

162 2087 330 2140 πάντα
351 2087 733 2157 διωργάνωσεν
773 2085 865 2138 ἐπὶ
890 2084 952 2137 τὸ
994 2081 1154 2152 βάθος
1183 2079 1480 2151 χωρήσασα
1508 2075 1739 2130 ἔνδοθεν.

174 2180 227 2232 Εἰ
270 2181 383 2251 ἐμοὶ
424 2180 683 2233 τοσοῦτον
721 2177 916 2248 περιῆν
963 2175 1177 2246 σχολῆς,
1221 2172 1308 2225 ἵνα
1351 2187 1431 2223 σοι
1465 2168 1625 2233 δείξω
1648 2166 1742 2221 τοῦ

160 2272 433 2343 ἀνθρώπου
457 2271 562 2342 τὴν
599 2269 958 2340 κατασκευὴν,
984 2267 1077 2321 καὶ
1119 2262 1318 2336 ἔμαθες
1342 2262 1401 2326 ἐξ
1422 2258 1616 2314 ἑαυτοῦ
1644 2259 1744 2329 τὴν

174 2360 286 2431 περὶ
312 2362 366 2414 σὲ
392 2362 591 2430 σοφίαν
628 2359 720 2413 τοῦ
753 2358 910 2421 Θεοῦ,
954 2358 1034 2410 ὅτι
1078 2353 1217 2409 κατά
1261 2351 1517 2420 ἀλήθειαν
1551 2346 1746 2419 μικρὸς

173 2454 354 2521 κόσμος
374 2453 683 2524 ἄνθρωπος,
713 2449 806 2504 καὶ
856 2446 1039 2510 καλῶς
1076 2442 1339 2513 ἐποίησαν
1386 2441 1436 2494 οἱ
1465 2439 1638 2509 τούτῳ
1664 2435 1745 2507 τῷ

172 2544 372 2615 ὀνόματι
396 2545 563 2599 αὑτὸν
593 2542 1074 2613 ἀποσεμνύνοντες.
1111 2537 1283 2590 Πόσαι
1338 2533 1465 2603 περὶ
1505 2531 1567 2584 τὸ
1606 2530 1747 2600 πρᾶ-

175 2653 274 2706 γμα
297 2637 446 2691 τοῦτο
489 2637 871 2709 πραγματεῖαι
914 2628 1414 2699 καταναλώθησαν;
1446 2625 1511 2676 Αἱ
1558 2637 1746 2690 φυσιοο

176 2725 332 2797 λογίαι
361 2730 467 2783 τῶν
493 2730 715 2801 ἰατρῶν,
739 2728 846 2782 τῶν
867 2723 1193 2797 γυμναστῶν
1222 2720 1279 2774 αἱ
1309 2714 1744 2789 παρατηρήσεις.

176 2817 344 2889 flii-59"
383 2821 695 2890 ἀναλογίας,
741 2820 774 2891 ἢ
828 2820 956 2889 περὶ
993 2817 1101 2871 τῶν
1151 2813 1326 2886 μελῶν
1363 2808 1502 2882 πρὸς
1540 2804 1748 2877 ἄλληλα

179 2913 513 2983 συμμετρίας,
540 2913 671 2983 περὶ
696 2912 933 2983 πλήθους
962 2908 1354 2978 πολυσαρκίας,
1372 2901 1548 2956 ταῦτα
1570 2898 1748 2952 πάντα

178 3002 246 3067 είς
273 3004 366 3075 τὴν
413 3006 540 3077 περὶ
580 3002 871 3076 ἀνθρώπου
914 3001 1199 3056 διάπλασιν
1254 2995 1582 3066 εἰσέρχεται.
1636 2988 1748 3042 Καὶ

178 3092 325 3147 πόθεν
349 3097 467 3166 ἐμοὶ
495 3099 524 3150 6
545 3097 707 3165 λόγος
741 3094 1022 3159 τοσοῦτος,
1067 3091 1209 3145 ὥστε
1253 3084 1541 3159 δυνηθῆναί
1577 3097 1642 3153 με
1671 3080 1749 3132 εί-

178 3188 286 3239 πεῖν
309 3188 441 3257 μετά
454 3188 741 3262 ἀκριϐείας
763 3189 861 3241 ὅσα
878 3188 936 3241 ὲν
957 3186 1055 3258 μιᾷ
1072 3185 1222 3254 φωνῇ
1240 3179 1334 3234 τοῦ
1351 3178 1585 3262 ἔπλασε
1599 3187 1750 3243 περι·

178 3276 339 3345 έχεται
363 3297 378 3345 ;
404 3279 484 3332 Τά
510 3260 568 3332 δὲ
592 3278 857 3349 πρόχειρα
879 3276 981 3331 κᾶν
1003 3275 1114 3345 ἐγὼ
1138 3274 1214 3345 μὴ
1240 3272 1396 3334 εἴπω,
1424 3268 1488 3320 σὺ
1518 3260 1685 3326 οἶδας.

1844 1891 1949 1945 arti
1985 1906 2315 1948 concessum
2351 1903 2455 1949 est.
2487 1895 2557 1947 At
2592 1887 2738 1963 Opus'
2772 1894 3066 1947 formatum
3102 1908 3132 1946 a
3171 1892 3282 1947 Deo
3322 1907 3431 1946 non

1843 1990 1928 2037 est
1956 1983 2249 2051 ejusmodi.
2287 1983 2377 2038 Sic
2408 1986 2554 2039 enim
2589 1985 2866 2039 hominem
2901 1983 3190 2050 conﬂavit,
3219 1992 3279 2037 ut
3304 1999 3430 2038 om-

1844 2089 1945 2128 nes
1980 2074 2129 2128 iliius
2160 2083 2346 2144 partes
2376 2075 2526 2131 intus
2558 2076 2722 2129 etiam
2757 2074 3111 2138 informaret,
3153 2083 3316 2144 atque
3347 2073 3431 2127 di-

1846 2167 2172 2236 stingueret.
2203 2166 2256 2220 Si
2288 2172 2501 2221 tantum
2536 2175 2852 2238 suppeteret
2877 2167 3047 2220 otium
3068 2208 3082 2233 ,
3113 2174 3171 2220 ut
3211 2179 3428 2235 possem

1845 2257 1945 2312 tibi
1992 2258 2218 2313 humani
2257 2259 2505 2328 corporis
2548 2258 2813 2312 fabricam
2856 2258 3165 2327 explicare,
3207 2270 3429 2325 Operam

1846 2351 2031 2405 darem
2056 2392 2069 2416 ,
2104 2357 2163 2403 ιιι
2190 2365 2253 2404 ex
2293 2359 2345 2405 te
2375 2350 2493 2420 ipso
2518 2350 2610 2404 Dei
2643 2349 2964 2419 sapientiam
2990 2349 3044 2401 in
3073 2348 3289 2401 homine
3322 2345 3435 2399 for-

1846 2441 2048 2495 mando
2084 2456 2447 2511 cognosceres
2468 2481 2483 2504 ,
2512 2448 2673 2511 teque
2699 2455 2827 2493 vere
2866 2454 3093 2508 parvum
3122 2453 3245 2492 esse
3271 2452 3434 2489 mun-

1848 2530 1976 2584 du’m
2003 2530 2355 2600 intelligercs.
2381 2529 2491 2583 Nec
2512 2532 2653 2583 male
2679 2528 2921 2583 fecerunt
2944 2568 2956 2590 ,
2977 2528 3067 2598 qui
3092 2528 3194 2580 hoc
3216 2526 3437 2579 nomine

1848 2620 2125 2674 hominem
2161 2618 2705 2673 commendaverunt.
2749 2618 2932 2670 Multae
2969 2617 3022 2669 in
3065 2616 3167 2668 hoc
3204 2614 3428 2683 negotio

1850 2716 1977 2763 tota!
2014 2708 2127 2763 fere
2157 2717 2453 2763 versantur
2482 2715 2661 2772 artes,
2696 2717 2755 2760 ut
2784 2706 3066 2760 naturales
3098 2704 3436 2758 medicorum

1852 2797 2177 2865 facultates,
2209 2806 2269 2853 ut
2298 2808 2713 2869 gymnastarum
2741 2797 3187 2856 observationes,
3219 2809 3338 2862 quze
3370 2793 3439 2847 de

1846 2890 2210 2961 proportione
2234 2932 2250 2957 ,
2288 2905 2644 2961 congruaque
2676 2889 3047 2943 membrorum
3082 2887 3225 2939 inter
3258 2900 3317 2938 se
3351 2883 3439 2936 di-

1850 2984 2170 3047 mensione,
2199 2989 2294 3035 aut
2316 2982 2510 3052 atquali
2546 2982 2838 3035 h‘umorum
2873 2980 3029 3049 copia
3055 3017 3068 3040 ,
3105 2986 3157 3032 et
3186 2975 3439 3047 corporis

1853 3075 2122 3130 obesitate
2168 3073 2475 3144 disputant.
2527 3071 2621 3126 Ha:
2671 3084 2909 3143 namque
2953 3085 3144 3124 omnes
3189 3067 3441 3138 corporis

1854 3166 2031 3219 nostri
2080 3163 2436 3220 considerant
2484 3162 2804 3217 artiﬁcium.
2863 3160 3019 3215 Unde
3072 3171 3252 3214 autem
3306 3158 3441 3211 mihi

1854 3264 2009 3312 tanta
2051 3254 2271 3311 dicendi
2321 3255 2405 3309 vis
2447 3261 2502 3309 et
2549 3253 2772 3308 ubertas
2820 3252 3119 3315 orationis,
3175 3257 3233 3302 ut
3283 3249 3444 3320 plane

182 3374 367 3441 possim
400 3342 912 3444 explicare,‘quam
944 3342 1115 3424 multa
1141 3342 1308 3421 unico
1338 3362 1431 3417 illo
1462 3357 1630 3415 verbo
1655 3393 1670 3417 ,
1707 3347 2008 3421 Formavit,
2047 3345 2638 3418 comprehendantur?
2680 3342 2817 3399 Nam
2851 3359 2971 3414 quae
3007 3342 3252 3397 laciliora
3276 3346 3442 3406 sunt,

179 3466 294 3519 etin
324 3477 568 3538 promptu
593 3510 607 3533 ,
633 3466 799 3521 etiam
828 3480 915 3519 me
942 3471 1159 3518 tacente
1189 3456 1544 3531 cognoscitis.

247 3559 505 3615 Ἐπλασεν
553 3560 584 3611 6
641 3558 774 3624 Θεὸς
827 3556 1012 3630 ὀρθόν·
1071 3553 1349 3625 ἐξαίρετον
1406 3548 1613 3618 ταύτην
1668 3562 1750 3598 σοι

181 3646 266 3719 τὴν
300 3650 580 3705 διάπλασιν
618 3650 770 3723 παρὰ
811 3649 883 3704 τὰ
923 3647 1087 3703 λοιπά
1132 3644 1248 3711 ζῶα
1294 3644 1482 3697 ἔδωκε.
1520 3639 1619 3693 Διά
1655 3638 1751 3705 τί;

183 3741 349 3814 ἐπειδὴ
377 3743 655 3815 ἐξαίρετόν
701 3759 784 3795 σοι
837 3740 933 3796 καὶ
984 3739 1082 3813 τὴν
1124 3737 1402 3809 ἐνέργειαν
1445 3726 1753 3787 ἀποδιδόναι

184 3830 373 3901 εμελλε.
404 3835 486 3889 Τά
517 3836 618 3906 μὲν
651 3832 758 3905 γὰρ
785 3832 941 3898 ἀλλα,
974 3827 1299 3903 βοσκήματά
1326 3828 1463 3888 ἐστι,
1498 3819 1754 3892 καὶπρὸς

183 3922 216 3978 ἃ
247 3926 461 3996 πέφυκε,
496 3927 640 4000 πρὸς
670 3923 843 3979 ταῦτα
887 3923 1000 3995 ἔχει
1046 3921 1146 3993 τὴν
1192 3917 1557 3987 κατασκευήν.
1603 3914 1757 3982 Ἐγε⁹

186 4018 306 4090 νήθη
327 4020 384 4073 τὸ
414 4018 688 4090 πρόϐατον
716 4017 996 4089 νέμεσθαι,
1033 4014 1183 4068 κάτω
1221 4011 1334 4083 ἔχει
1382 4010 1482 4075 τὴν
1514 4005 1756 4077 κεφαλὴν

189 4114 547 4178 συννεύουσαν,
597 4115 665 4184 τῇ
713 4109 909 4182 γαστρὶ¹
952 4107 1165 4178 ένορᾷν,
1214 4106 1310 4158 καὶ
1355 4103 1468 4166 τοῖς
1510 4099 1615 4153 ὑπὸ
1656 4115 1758 4167 γα-

189 4206 352 4277 στέρα,
380 4205 565 4277 ἐπειδὴ
601 4203 753 4267 τέλος
795 4200 1026 4262 ἐκείνοις
1061 4195 1485 4268 εὑδαιμονίας,ή
1519 4190 1757 4261 γαστρὸς

190 4294 443 4368 πλήρωσις
487 4296 584 4349 καὶ
627 4292 947 4354 ἀπόλαυσις.
1002 4287 1321 4359 Ἀνθρωπος
1361 4283 1418 4337 δὲ
1464 4282 1647 4335 οὐκέτι
1676 4281 1756 4343 εἰς

1929 3531 2208 3588 Formavit
2263 3531 2411 3588 Deus
2460 3527 2741 3587 hominem
2797 3536 3050 3596 rectum;
3109 3527 3442 3598 singularem

1852 3627 1993 3681 hanc
2039 3626 2181 3691 tibi,
2232 3626 2432 3690 homo,
2487 3624 2721 3678 formam
2766 3621 3079 3685 concessit,
3131 3636 3295 3690 quam
3352 3620 3445 3675 alii

1853 3718 2002 3774 dedit
2034 3715 2353 3770 animalium
2400 3714 2561 3769 nulli.
2611 3711 3035 3780 Quamobrem?
3074 3712 3204 3781 quia
3251 3711 3443 3781 singu—

1855 3812 2023 3866 larem
2057 3809 2223 3863 etiam
2257 3807 2529 3862 actionem
2564 3813 2685 3862 erat
2709 3804 3035 3859 traditurus.
3066 3801 3297 3873 Reliqua
3326 3802 3447 3855 ani-

1854 3902 2015 3957 malia
2047 3907 2177 3957 sunt
2210 3900 2405 3967 bruta,
2448 3907 2503 3955 et
2546 3899 2639 3953 illa
2686 3904 2971 3968 spectant,
3027 3896 3095 3951 ad
3144 3910 3265 3965 qua:
3314 3904 3444 3949 nata

1798 4022 1813 4039 -
1858 4001 2011 4050 sunt.
2044 3992 2125 4047 Ad
2157 4000 2377 4064 pastum
2411 3988 2596 4062 genita
2631 3996 2760 4045 sunt
2804 4002 3027 4059 pecora.
3082 3986 3269 4057 itaque
3318 4000 3448 4056 pro-

1854 4103 1980 4143 nam
2014 4087 2387 4157 deorsumque
2434 4090 2749 4155 vergentem
2804 4079 3035 4136 formam
3086 4080 3330 4145 habent,
3382 4086 3445 4132 ut

1854 4188 2099 4235 ventrem
2123 4217 2138 4241 ,
2171 4185 2225 4232 et
2258 4190 2381 4247 quae
2406 4175 2580 4230 ventri
2612 4173 2858 4243 subjecta
2889 4179 3053 4233 sunt,
3088 4167 3331 4223 videant.
3363 4164 3449 4220 Si-

1855 4269 2078 4341 quidem
2110 4284 2303 4324 eorum
2338 4267 2574 4322 felicitas
2602 4272 2687 4320 est
2716 4264 2959 4333 expletio
2989 4260 3198 4314 ventris
3217 4299 3231 4323 ,
3260 4273 3324 4312 ac
3355 4272 3450 4311 vo-

189 4348 439 4458 γαστέρα’
466 4387 682 4460 βλέπει,
740 4381 852 4436 ἀλλ’
907 4348 993 4443 είς
1046 4348 1289 4433 τά1ἀνω
1341 4373 1553 4444 κεφαλὴ
1605 4369 1748 4441 αὐτῷ

1859 4361 2079 4433 luptas._
2106 4358 2283 4414 Homo
2324 4372 2454 4412 vero
2494 4371 2604 4409 non
2638 4360 2883 4408 ventrem
2918 4350 3182 4419 despicit,
3215 4348 3310 4403 sed
3347 4362 3449 4401 su-

192 4475 369 4548 ὑιῐνηλὴ.
421 4479 509 4532 ἵνα
553 4475 655 4546 τὴν
704 4473 815 4527 ἄνω
866 4470 1039 4545 βλέπῃ
1088 4466 1438 4537 συγγένειαν⁸
1488 4462 1758 4533 ὀφθαλμοὶ

190 4566 278 4620 οὐκ
303 4571 374 4632 είς
417 4568 515 4639 τὴν
552 4566 659 4638 γῆν
696 4564 966 4628 νεύοντες.
1015 4561 1109 4633 Μὴ
1134 4561 1313 4614 τοίνυν
1353 4557 1495 4611 ποίει
1532 4554 1756 4609 σεαυτὸν

192 4658 327 4729 παρά
351 4660 508 4729 φύσιν
530 4676 545 4690 ο
591 4658 669 4731 μὴ
698 4656 768 4711 τά
807 4657 970 4727 γήινα
1013 4653 1356 4725 περισκόπει,
1394 4648 1528 4704 ἀλλά
1569 4647 1637 4700 τὰ
1670 4645 1760 4698 οὐ·

195 4749 353 4819 ράνια,
377 4746 437 4805 οῦ
463 4753 492 4805 6
520 4750 758 4823 Χριστός
786 4750 952 4801 ἐστιν.
1005 4765 1022 4797 ι
1060 4746 1123 4798 El
1158 4741 1528 4814 συνηγέρθητε
1568 4756 1586 4789 ι
1624 4736 1755 4807 γὰρ,

192 4844 328 4913 φησι,
360 4844 479 4916 «τῷ
522 4842 777 4914 Χριστῷ,
823 4841 891 4895 τὰ
924 4840 1036 4894 άνω
1070 4838 1303 4907 ζητεῖτε,
1346 4828 1406 4888 οῦ
1446 4835 1475 4886 6
1525 4827 1760 4902 Χριστός

193 4936 342 4991 ἐστιν.
368 4956 385 4988 ι
412 4937 599 5000 Οὕτως
626 4932 868 5002 ἐπλάσθη
880 4950 918 4995 ς.
938 4930 1078 4984 Αὑτδ
1094 4930 1155 4983 τὸ
1169 4928 1487 4996 διάπλασμα
1504 4924 1757 4978 διδασκα-

193 5026 317 5082 λεῖόν
346 5032 460 5083 ἐστι
491 5029 588 5084 τοῦ
635 5027 820 5090 τέλους
868 5024 1004 5097 πρὸς
1052 5023 1080 5076 ὃ
1126 5022 1376 5091 γέγονας.
1415 5016 1636 5086 Ἐγένου
1673 5014 1761 5067 ἵνα

196 5117 312 5173 Θεὸν
345 5120 563 5193 βλέπῃς,
592 5119 693 5190 οὐχ
740 5118 827 5171 ἵνα
863 5116 956 5169 ἐπὶ
1002 5114 1105 5185 γῆν
1147 5109 1376 5183 σύρηταί
1424 5124 1518 5160 σου
1555 5107 1589 5176 ἡ
1627 5103 1760 5173 ζωὴ,

197 5209 283 5280 οὐχ
304 5211 385 5265 ἵνα
413 5211 512 5283 τὴν
549 5207 798 5280 κτηνὼδη
837 5205 967 5280 ἔχῃς
1017 5202 1337 5263 ἀπόλαυσιν,
1366 5198 1494 5252 ἀλλ’
1533 5197 1621 5250 ἵνα
1665 5195 1764 5267 τὴν

198 5303 423 5373 οὐράνιον
465 5301 721 5373 ὲπιτελῇς
780 5298 1073 5353 πολιτείαν.
1128 5295 1227 5348 Διά
1281 5292 1440 5347 τοῦτο
1499 5288 1663 5359 σοφοῦ
1716 5289 1764 5340 οἱ

199 5393 443 5467 ὀφθαλμοὶ
482 5398 542 5450 ἐν
583 5393 790 5464 κεφαλῇ
837 5388 1029 5451 αὑτοῦ,
1067 5390 1095 5441 6
1138 5386 1299 5456 σοφός
1331 5399 1496 5454 φησιν
1540 5379 1767 5449 Ἐκκλη-

204 5489 427 5559 σιαστής.
458 5488 616 5551 Τίνος
652 5486 708 5538 δὲ
740 5486 841 5538 οὐκ
871 5484 928 5537 έν
957 5481 1168 5552 κεφαλῇ
1210 5480 1260 5533 οἱ
1286 5475 1590 5547 όφθαλμοί;
1629 5472 1767 5525 Ἀλλ’

202 5577 253 5631 ιν
300 5579 544 5650 κεφαλῇ,
591 5578 901 5639 τουτέστιν,
969 5576 1059 5630 ἵνα
1107 5572 1178 5626 τὰ
1226 5569 1407 5642 ὑψηλά
1467 5565 1766 5621 σκοπῶσιν.

211 5666 266 5724 ’0
289 5670 342 5723 δὲ
377 5673 455 5736 εἰς
482 5671 552 5725 τά
584 5669 765 5741 ὑψηλὰ
803 5667 876 5740 μὴ
906 5666 1143 5738 βλέπων,
1176 5664 1290 5743 ἀλλ’
1339 5663 1420 5726 εἰς
1471 5659 1543 5714 τὰ
1580 5659 1765 5728 γήινα,

267 5787 285 5820 ⁷
308 5788 510 5845 Coloss.
548 5803 628 5858 ιιι,
662 5789 714 5843 ι.
750 5793 770 5823 ³
802 5788 977 5846 Eccle.
1013 5803 1068 5853 ιι,
1104 5786 1190 5844 li.

1862 4457 2079 4526 periora
2108 4458 2401 4509 contuetur
2429 4468 2443 4517 ;
2475 4458 2638 4520 caput
2665 4448 2743 4502 illi
2776 4447 3009 4502 sublime
3036 4452 3152 4507 est,
3185 4450 3246 4497 ut
3276 4456 3450 4512 genus

1862 4549 2086 4603 cmleste
2134 4545 2438 4614 suspiciat;
2485 4541 2629 4598 oculi
2679 4556 2789 4595 non
2841 4537 3076 4593 tendunt
3122 4535 3178 4589 in
3224 4543 3449 4588 terram.

1863 4634 2134 4704 Quocirca
2174 4652 2243 4690 ne
2277 4635 2383 4687 vim
2427 4631 2633 4687 inferas
2669 4636 2881 4684 natura
2921 4636 3045 4703 tum.
3097 4623 3339 4681 Terrena
3382 4637 3454 4677 ne

1865 4740 2078 4801 spectes
2098 4773 2112 4795 ,
2151 4728 2245 4783 sed
2278 4726 2525 4783 coelestia
2547 4764 2562 4789 ,
2598 4723 2691 4778 ubi
2742 4719 3000 4776 Christus
3035 4725 3140 4774 est.
3173 4736 3192 4769 ι
3223 4715 3281 4771 Si
3314 4731 3452 4769 con-

1867 4823 2178 4887 surrexisti,
2212 4840 2229 4872 ι
2253 4819 2450 4890 inquit,
2475 4836 2493 4867 ι
2518 4832 2644 4872 cum
2662 4815 2903 4878 Christo,
2927 4827 3048 4883 qua“:
3065 4824 3282 4867 sursum
3304 4816 3455 4871 sunt,

1866 4914 2125 4988 quaerite,
2153 4914 2244 4968 ubi
2268 4911 2523 4967 Christus
2547 4914 2631 4964 est
2653 4908 2697 4961 ⁷.
2724 4925 2742 4958 ι
2762 4904 2854 4960 Sic
2877 4906 3045 4976 igitur
3068 4903 3333 4956 formatus
3357 4906 3419 4953 es
3437 4935 3453 4960 ,
3538 4903 3549 4911 '

1866 5016 1923 5065 et
1960 5007 2135 5063 forma
2174 5013 2266 5059 tua
2306 5012 2360 5059 te
2397 5008 2616 5068 monet,
2650 4998 2716 5054 ad
2758 5013 2923 5070 quem
2957 5003 3121 5051 natus
3156 4995 3234 5050 sis
3269 4991 3455 5045 finem.

1868 5100 2095 5158 Genitus
2124 5114 2184 5154 es
2207 5137 2223 5161 ,
2254 5103 2317 5152 ut
2352 5079 2524 5150 Deum
2558 5093 2746 5148 videas
2780 5101 2834 5146 et
2875 5084 3264 5157 contempleris
3285 5123 3301 5149 ,
3345 5095 3456 5134 non

1868 5204 1930 5251 ut
1961 5192 2113 5248 humi
2146 5190 2360 5260 dejecta
2393 5194 2582 5257 serpat
2612 5186 2725 5240 vita
2764 5192 2887 5246 tua,
2925 5195 3037 5235 non
3077 5185 3137 5231 ut
3182 5170 3455 5259 pecudum

1868 5286 2179 5354 voluptates
2205 5256 2568 5341 consectcris,
2596 5274 2691 5331 sed
2721 5279 2781 5327 ut
2802 5272 2973 5328 vitam
2996 5266 3273 5323 caelestem
3300 5256 3454 5332 agas.

1869 5378 2081 5432 Idcirco
2128 5370 2389 5443 sapientis
2437 5367 2580 5422 oculi
2630 5366 2732 5438 (ut
2770 5362 2993 5433 sapiens
3039 5359 3218 5428 inquit
3263 5354 3456 5409 Eccle-

1871 5465 2114 5536 siastes)
2144 5464 2199 5518 in
2222 5461 2400 5533 capite
2419 5500 2433 5523 ,
2468 5465 2598 5514 sunt
2625 5457 2801 5526 ipsius
2822 5453 2861 5507 ".
2899 5450 3010 5506 Cur
3037 5456 3217 5502 autem
3247 5460 3356 5501 non
3388 5444 3458 5499 ad

1871 5567 2034 5631 caput
2057 5557 2152 5614 sed
2180 5556 2238 5610 in
2267 5549 2483 5623 capite?
2506 5550 2702 5616 nempe
2738 5551 2796 5599 ut
2824 5557 2947 5614 quae
2979 5538 3196 5595 excelsa
3230 5553 3293 5592 ac
3325 5536 3459 5590 sub-

1873 5629 2022 5709 limia
2069 5656 2232 5714 sunt,
2274 5647 2591 5700 intueantur
2625 5649 2677 5694 et
2715 5629 3002 5708 spcctent.'
3043 5631 3147 5700 Qui
3181 5639 3359 5688 autem
3392 5642 3456 5684 ca
