3890 6414
415 322 520 381 295

1675 324 1731 379 5.
1769 323 2100 381 σῐιευοιιιι
2133 321 2433 378 NYSSENI

3573 319 3673 377 296

416 416 527 501 non
555 440 787 513 aspicit,
815 438 909 497 sed
937 444 1152 495 terrena
1172 480 1186 505 ,
1215 438 1261 495 is
1285 439 1474 495 oculos
1502 439 1652 495 bumi
1686 441 1896 496 deﬁxos
1924 455 1989 493 ac

2124 439 2400 509 φθαλμοὺς
2443 437 2555 508 ἔχει
2588 439 2667 501 εἰς
2698 438 2799 509 γῆν
2840 437 3184 510 συρομένους.
3232 437 3537 508 Ὀφθαλμοὶ
3570 438 3677 491 τοι-

418 532 662 602 sepultos
712 531 895 584 habet.
947 525 1105 583 Oculi
1149 543 1280 599 ergo
1324 528 1570 583 rotundi.
1624 528 1800 599 Caput
1831 543 1996 598 super

420 625 678 680 humeros
702 621 942 692 positum
966 660 981 684 ,
1012 634 1123 674 non
1157 634 1536 690 compressum
1558 660 1572 683 ,
1602 635 1669 675 ne
1695 622 1766 674 sit
1794 619 1997 673 humile

419 726 583 785 atque
620 713 925 781 abjeetum,
964 709 1061 765 sed
1094 710 1295 765 decoro
1333 711 1565 766 cervicis
1606 710 1845 765 culmine
1887 708 1998 762 ful-

422 815 535 859 tum
566 804 772 858 tollitur
796 802 852 855 in
881 802 1136 857 sublime.
1162 800 1407 857 Gemina:
1441 803 1727 857 oculorum
1762 800 1994 872 pupulae.

417 896 609 951 Nonne
640 894 777 950 satis
810 910 954 948 unus
992 902 1112 948 erat
1150 894 1393 949 oculus?
1422 910 1522 949 cur
1552 895 1717 965 igitur
1749 894 1857 948 duo
1885 893 1998 971 dati

418 994 549 1043 sunt
568 985 593 1038 ἲ
615 991 674 1039 ιιι
696 983 802 1037 sibi
828 983 1071 1038 vicissim
1093 991 1282 1039 essent
1303 984 1510 1038 auxilio
1528 1023 1543 1046 ,
1569 991 1631 1038 ut
1663 983 1999 1039 deﬁcientem

419 1091 588 1129 unum
637 1076 776 1129 alter
812 1075 1216 1129 consolaretur.
1252 1071 1556 1137 Praeterea,
1608 1074 1738 1142 quia
1784 1071 2002 1126 videndi

417 1165 503 1220 vis
532 1165 580 1220 si
613 1165 682 1219 ab
709 1178 822 1218 uno
851 1171 1065 1217 tantum
1098 1160 1426 1231 proﬁueret,
1459 1170 1605 1216 esset
1635 1160 2000 1226 imbecillior;

420 1271 452 1310 a
482 1256 698 1310 duobus
727 1262 909 1309 autem
942 1253 1191 1310 fontibus
1214 1267 1509 1317 emanans,
1547 1252 1757 1306 ﬁrmior
1778 1258 1883 1307 est.
1917 1250 2004 1305 Si.

422 1346 534 1401 mul
561 1347 709 1401 enim
743 1344 1002 1414 utrinque
1027 1344 1387 1416 progrediens
1408 1382 1424 1408 ,
1452 1350 1505 1398 et
1533 1357 1891 1405 concurrens,
1922 1347 2005 1394 ιιι·-

420 1450 527 1507 que
548 1434 603 1490 in
631 1450 797 1489 unum
823 1432 1105 1491 conﬁuens
1128 1434 1499 1503 conjungitur.
1524 1432 1737 1489 Etenim
1764 1433 1831 1486 ab
1858 1441 2004 1487 utro-

421 1542 531 1597 que
563 1526 723 1582 oculo
757 1537 1012 1596 tanquam
1040 1540 1070 1578 a
1096 1524 1301 1594 duplici
1335 1524 1538 1595 Euripo
1564 1525 1722 1595 longe
1751 1524 2007 1595 prodiens

422 1616 634 1672 canalis
673 1616 783 1671 coit
823 1624 879 1671 et
920 1616 1233 1686 c0pulatur.
1281 1613 1477 1670 Nonne
1497 1615 1778 1685 conspicis
1806 1629 2004 1677 senes,

424 1707 518 1775 qui
556 1721 643 1761 res
688 1706 743 1758 in
789 1705 1096 1776 prapinquo
1143 1705 1279 1760 sitas
1325 1704 1529 1760 intueri
1576 1719 1685 1759 non
1732 1704 2009 1775 possunt?

428 1796 531 1853 Ubi
579 1805 759 1852 autem
805 1798 1033 1853 obtutus
1062 1806 1323 1867 tanquam
1356 1798 1815 1853 concurrentibus
1845 1798 2005 1852 undis
2038 1776 2079 1830 Β

427 1889 484 1942 in
516 1903 685 1942 unum
718 1887 1079 1953 conﬂuxerit,
1115 1902 1204 1942 res
1239 1888 1372 1957 ipsa;
1407 1886 1618 1944 ﬁrmius
1648 1888 2007 1959 comprehen-

425 1972 653 2028 duntur.
683 1971 803 2028 Jam
833 1976 1117 2030 oculorum
1147 1976 1413 2031 custodia:
1440 1993 1603 2047 quam
1630 1978 1816 2032 multae
1844 1979 2003 2033 sunt!

426 2062 637 2119 Tunica
672 2065 823 2121 intus
858 2081 1001 2134 una,
1038 2064 1133 2121 sed
1165 2066 1283 2121 haec
1318 2083 1431 2123 non
1460 2079 1579 2123 erat
1613 2068 1752 2125 satis
1783 2087 1798 2136 ;
1833 2084 2010 2139 neque

423 2155 569 2210 enim
616 2157 816 2212 molem
859 2172 968 2213 una
1009 2159 1325 2217 conﬁceret.
1381 2160 1526 2224 Aut,
1576 2160 1623 2216 si
1667 2162 2007 2225 conﬁceret,

424 2245 795 2302 crassitudine
849 2261 949 2303 sua
1003 2249 1269 2304 cernendi
1323 2248 1430 2302 vim
1479 2250 1792 2321 obtegeret,
1847 2259 2012 2320 atque

427 2337 735 2407 impediret.
761 2337 1130 2404 Quamobrem
1158 2355 1387 2395 necesse
1417 2339 1521 2395 fuit
1541 2378 1557 2404 ,
1587 2349 1648 2395 ut
1674 2349 1821 2397 esset
1846 2342 2012 2397 etiam

428 2430 753 2499 perspicua,
796 2437 852 2485 et
886 2431 1045 2486 levis.
1081 2430 1200 2485 Una
1247 2432 1415 2499 igitur
1461 2432 1791 2502 perspicua,
1842 2433 2015 2488 altera

429 2520 613 2573 tenuis
638 2535 654 2584 ;
679 2519 769 2573 illa
792 2520 1016 2589 quidem
1043 2520 1361 2590 crystallina
1382 2558 1397 2583 ,
1424 2521 1539 2575 haec
1564 2530 1745 2576 autem
1778 2536 2014 2592 cornea;

428 2615 485 2662 et
512 2623 633 2678 qum
662 2609 931 2680 protegit,
957 2610 1189 2677 ﬁrmior,
1215 2626 1339 2681 quae
1365 2611 1514 2667 intus
1538 2620 1654 2678 est,
1683 2613 1922 2680 tenuior,
1949 2630 2019 2669 ne

2096 546 2191 581 νυν
2250 527 2512 596 κάθηνται
2576 527 2960 597 κυκλοτερεῖς,
3024 524 3264 596 κεφαλῆς
3320 524 3674 595 ἐπικειμένης

2097 620 2207 682 τοῖς
2245 617 2436 688 ὤμοις.
2477 616 2612 671 Οὐδὲ
2646 616 2785 687 αὑτὴ
2835 616 3169 683 ἐνδεδυκυῖα,
3199 616 3289 669 ἵνα
3333 615 3410 686 μὴ
3446 615 3681 685 ταπεινὴ

2096 702 2163 779 ᾖ·
2232 706 2346 759 ἀλλ’
2408 705 2689 777 ἐρείσματι
2762 704 3023 776 ἀξιολόγῳ
3082 704 3161 776 τῷ
3220 704 3409 775 αὐχένι
3466 706 3679 758 tum...

2097 815 2209 851 ται.
2239 799 2384 850 ’Λνω
2417 799 2451 866 ἡ
2494 796 2739 867 κεφαλὴ,
2795 795 2889 850 κιτί¹
2930 794 3197 865 ὀφθαλμοὶ
3235 795 3451 865 δίδυμοι
3507 792 3678 863 βολαί.

2100 890 2213 942 Οὐκ
2237 888 2418 958 ἢρκει,
2448 886 2569 939 εἰπέ
2601 902 2713 955 μοι,
2743 882 2860 952 sic;
2903 886 3062 940 Ἀλλά
3098 885 3192 940 δύο
3217 884 3493 957 ὀφθαλμοὶ
3520 884 3685 955 ἀλλήο

2100 980 2207 1033 λων
2234 980 2497 1048 διάδοχοι,
2531 978 2618 1031 ἵνα
2642 978 2675 1047 ἡ
2707 975 2799 1030 τοῦ
2832 977 2950 1040 ἐνὸς
2978 976 3220 1041 διάλυσις
3240 978 3339 1049 τὴν
3370 976 3467 1030 τοῦ
3492 977 3683 1048 ἐτέρου

2103 1068 2453 1139 παραμυθίαν
2483 1068 2602 1139 ἔχῃ.
2643 1069 2874 1123 Ἔπειτα
2913 1070 3007 1122 καὶ
3039 1070 3147 1123 ἀπὸ
3190 1064 3309 1133 ἐνὸς
3347 1069 3685 1140 προερχόμε-

2103 1179 2194 1214 νον
2240 1161 2303 1214 τδ
2353 1161 2608 1232 ὁρατικὸν
2634 1199 2650 1223 ,
2682 1160 3071 1231 ἀσθενέστερον
3108 1175 3122 1189 '
3152 1162 3217 1215 ὲκ
3249 1158 3442 1241 δὲὶδύο
3490 1158 3686 1229 πηγῶν

2106 1250 2543 1321 συμϐαλλόμενος
2576 1252 2606 1304 ό
2638 1250 2795 1314 ὁλκὸς
2817 1290 2832 1315 ,
2863 1250 3221 1323 εύτονώτερος
3273 1253 3505 1319 γίνεται.
3539 1251 3686 1322 Προ-

2103 1341 2265 1396 ῖοῦσα
2300 1341 2408 1412 γὰρ
2437 1344 2471 1412 ἡ
2496 1341 2640 1412 ὄψις,
2671 1341 2807 1412 ὁμοῦ
2844 1342 2940 1412 μὲν
2975 1342 3453 1413 προσαναπαύεται
3477 1342 3555 1412 τῷ
3575 1342 3688 1396 δια-

2103 1434 2419 1504 τειχίσματι
2450 1433 2552 1503 τῆς
2579 1433 2743 1504 ῥινὸς,
2777 1435 2912 1502 ὁμοῦ
2936 1434 2994 1485 δὲ
3028 1434 3414 1505 προκύπτουσα
3448 1432 3685 1486 ἑνοῦται·

2104 1517 2215 1576 οἷον
2233 1524 2341 1593 γάρ
2370 1539 2455 1586 τις
2475 1522 2660 1592 όχετὺς
2682 1523 2775 1591 ἀφ’
2804 1522 3067 1593 ἑκατέρας
3093 1523 3191 1592 τῆς
3215 1522 3391 1591 ὅψεως
3419 1522 3687 1593 πρόεισιν,

2107 1612 2357 1665 ἐντεῦθεν
2378 1613 2535 1666 τοῦτο
2559 1612 2619 1665 τὸ
2647 1614 2924 1683 ὁρατικὸν,
2954 1612 3205 1666 κάκεῖθεν
3238 1614 3432 1666 έκεῖνο.
3462 1613 3689 1685 Πόρρω-

2109 1702 2198 1755 θεν
2227 1701 2284 1755 δὲ
2310 1703 2376 1771 τῇ
2414 1700 2656 1771 συμϐολῇ
2685 1700 2897 1754 ἑνοῦται
2914 1716 2928 1731 ·
2951 1700 3238 1770 ἑνούμενον
3257 1699 3314 1753 δὲ
3338 1700 3691 1771 ἰσχυρότερον

2106 1789 2334 1858 γίνεται.
2362 1787 2458 1852 Τίς
2485 1790 2518 1860 ἡ
2560 1788 2834 1852 ἀπόδειξις
2873 1788 2956 1841 δτι
2986 1786 3200 1841 ἑνοῦται
3226 1805 3241 1853 ;
3271 1787 3370 1858 οὐχ
3400 1789 3538 1858 ὁρᾷς
3566 1788 3692 1850 τοὺς

2107 1885 2368 1955 γέροντας
2386 1923 2403 1950 ,
2419 1881 2499 1935 ὅτι
2516 1879 2644 1951 πρὸς
2658 1878 2722 1931 τὰ
2740 1878 2835 1949 μὲν
2852 1875 3011 1943 ἐγγὺς
3024 1878 3082 1931 ού
3100 1876 3381 1948 βλέπουσιν
3398 1898 3414 1946 ;
3471 1880 3691 1950 Ἐπειδὴ

2108 1974 2217 2046 γάρ
2249 1973 2475 2036 ἀσθενές
2516 1973 2630 2025 ἐστι
2669 1972 2729 2025 τὸ
2782 1971 3032 2043 ὁρατικὸν
3079 1970 3416 2041 σχιζόμενον,
3444 1970 3503 2023 τὺ
3526 1971 3693 2038 ἐγγὺς

2108 2066 2207 2136 οὐχ
2252 2065 2389 2136 όρᾷο
2441 2064 2572 2118 ὅπου
2618 2062 2677 2116 δὲ
2722 2064 2753 2133 ή
2791 2062 3034 2133 συμϐολὴ
3087 2063 3178 2133 τῆς
3222 2062 3398 2131 ϐζιεως
3431 2056 3544 2114 οἷον
3599 2063 3693 2114 ἐπὶ

2111 2155 2449 2228 πλημμύρας
2473 2154 2615 2217 τινὸς
2659 2153 2802 2207 κατά
2836 2153 2931 2223 τὴν
2968 2153 3091 2223 ὄψιν
3119 2153 3432 2223 γινομένης,
3465 2153 3695 2206 εὐτονω-

2110 2247 2245 2318 τέρα
2276 2246 2483 2316 γίνεται
2534 2243 2641 2296 τῶν
2705 2242 2980 2315 αἰσθητῶν
3008 2244 3041 2312 ή
3076 2241 3371 2320 ἀνάληψις,
3395 2243 3505 2296 Καὶ
3532 2242 3698 2296 πόσαι

2114 2338 2241 2409 περὶ
2268 2337 2357 2390 τὸν
2385 2335 2661 2405 ὀφθαλμὸν
2692 2334 2930 2403 φυλακαί
2957 2350 2972 2399 ;
3007 2331 3184 2387 Χιτὼν
3206 2334 3415 2387 ἔνδοθεν
3434 2351 3447 2365 ·
3475 2333 3571 2387 καὶ
3594 2334 3699 2387 οὐκ

2114 2430 2279 2501 ἀρκεῖ
2314 2420 2468 2491 οὗτος
2494 2444 2507 2456 ·
2541 2427 2600 2480 οὐ
2652 2426 2763 2497 γὰρ
2791 2424 3022 2502 ἠδύνατο
3072 2421 3152 2488 εἷς
3204 2425 3383 2494 παχὺς
3423 2422 3587 2478 εἶναι.
3630 2423 3699 2477 Εἰ

2116 2520 2294 2590 παχὺς
2332 2514 2433 2590 ἦν,
2476 2516 2849 2589 προκάλυμμα
2898 2516 2962 2570 ἂν
2989 2512 3058 2587 ἦν
3096 2518 3194 2588 τῆς
3227 2518 3427 2588 ὅψεως.
3461 2519 3610 2572 Ἔδει
3639 2518 3701 2572 δὲ

2115 2612 2371 2682 διαφανὲς
2398 2607 2538 2664 εἶναι
2576 2609 2671 2663 καί
2713 2608 2968 2680 ἐλαφρόν.
3000 2609 3207 2663 Οὐκοῦν
3234 2604 3314 2674 εἷς
3340 2611 3589 2681 διαυγὴς,
3619 2604 3703 2673 εἷς

430 2700 635 2755 aditum
688 2701 1121 2767 intercluderet,
1162 2700 1326 2758 tertia
1374 2704 1729 2774 crystallina,
1779 2713 1841 2759 ut
1873 2705 1927 2760 in
1958 2720 2018 2761 se

2121 2704 2341 2776 ἀραιός·
2374 2707 2402 2758 6
2446 2702 2544 2774 μὲν
2576 2701 3061 2775 κρυσταλλοειδὴς,
3097 2705 3126 2756 6
3168 2702 3227 2756 δὲ
3262 2703 3644 2775 κερατοειδής’
3672 2706 3706 2757 6

431 2791 778 2863 splendorem
815 2794 1178 2864 conspicuum
1216 2794 1549 2849 contineret.
1587 2796 1870 2852 Accedunt
1901 2798 2017 2868 pal-

2122 2795 2644 2869 προκεκαλυμμένος
2676 2792 3085 2865 ἰσχυρότερος,ό
3111 2793 3326 2849 ἔνδοθεν
3357 2796 3702 2868 ἀραιότερος,

432 2881 646 2952 pebrae,
682 2897 805 2953 qua:
840 2892 970 2938 sunt
996 2884 1285 2939 oculorum
1319 2884 1697 2956 integumenta
1719 2928 1734 2953 ,
1787 2898 1843 2944 et
1894 2901 2018 2958 pro-

2122 2889 2208 2942 ἵνα
2244 2888 2319 2960 μὴ
2345 2887 2527 2959 κωλύῃ
2556 2887 2653 2958 τὴν
2702 2886 2953 2957 πάροδον.
2997 2887 3058 2941 '0
3087 2887 3267 2959 τρίτος
3316 2888 3709 2959 κρυσταλλοειδ-

432 2973 739 3044 pugnacula
791 2983 846 3029 et
899 2974 1211 3039 domicilia,
1272 2984 1437 3047 atque
1489 2978 1792 3034 custodes:
1845 2994 2018 3050 neque

2122 2979 2237 3051 δὴς,
2273 2980 2362 3033 ἵνα
2394 2981 2451 3031 ὲν
2484 2978 2664 3050 ἑαυτῷ
2708 2977 2807 3048 τὴν
2845 2977 3083 3049 ἔμφασιν
3134 2980 3228 3033 καὶ
3281 2980 3380 3050 τὴν
3424 2980 3709 3050 διαύγειαν

435 3064 579 3118 enim
610 3079 809 3121 manus
840 3080 937 3121 eos
972 3067 1115 3122 tueri
1149 3068 1477 3137 potuissent.
1514 3067 1650 3123 Nam
1686 3070 1817 3125 dum
1846 3072 2018 3125 oculis

2127 3071 2365 3142 ἑκάτερα
2401 3069 2520 3143 ἔχῃ.
2572 3069 2818 3142 Προϐολὴ
2865 3070 2926 3123 τὸ
2972 3070 3241 3142 βλέφαρον
3262 3109 3279 3135 ,
3329 3072 3709 3142 προκάλυμμα

611 3115 806 3121 ---φη
846 3115 935 3121 ___
976 3115 1115 3122 -__-_
1149 3115 1477 3137 ,--------.--
1514 3115 1650 3123 η.-.
1689 3115 1817 3125 _-...
1849 3115 2018 3125 πυ..-

434 3154 568 3226 ipsa:
607 3153 815 3209 ferrent
859 3156 1161 3220 auxilium,
1206 3157 1427 3214 interim
1475 3159 1824 3216 laederentur.
1874 3162 2018 3228 Quo-

2128 3115 2365 3142 '"""l'"
2401 3115 2520 3143 ἈΠ’
2572 3115 2818 3142 "t'"""t
2876 3115 2923 3123 "
2972 3115 3236 3142 Γ’“’Υ”Γ“’”
3262 3115 3279 3135 ν
3336 3115 3709 3142 "t'"""'"r'r"'

2124 3163 2283 3217 τοῦτο
2315 3162 2610 3232 σκέπασμα
2630 3201 2646 3225 ,
2673 3164 2766 3216 καὶ
2798 3157 2910 3217 οἷον
2956 3162 3273 3236 οἰκητήριον
3299 3165 3395 3217 καὶ
3429 3166 3710 3235 φυλακτή-

444 3244 594 3299 circa
626 3253 828 3316 praesto
862 3256 993 3302 sunt
1022 3248 1328 3319 palpebras,
1358 3265 1479 3320 quae
1512 3267 1679 3322 supra
1714 3253 2023 3319 excubant,

2126 3253 2245 3325 ριόν
2281 3254 2449 3306 ἐστιν.
2497 3251 2748 3306 Ἐδύνατο
2782 3252 3075 3317 σκεπάζειν
3105 3256 3139 3325 ὴ
3164 3254 3305 3324 χείρ.
3332 3254 3476 3319 Ἕως
3508 3256 3711 3327 ἤρχετο

435 3341 491 3391 et
532 3335 893 3408 simulatque
931 3338 1323 3395 detrimentum
1365 3351 1795 3412 praesenserunt,
1841 3344 2018 3399 statim

2125 3346 2159 3416 ή
2208 3344 2349 3416 χεὶρ,
2377 3341 2607 3414 ἔφθανεν
2640 3346 2671 3399 ό
2709 3344 2987 3417 ὀφθαλμὸς
3032 3345 3452 3418 ἀμαυρωθῆναι.
3487 3347 3603 3400 Νῦν
3651 3347 3712 3401 δὲ

438 3426 632 3482 oculos
661 3427 928 3498 obtegunt
950 3438 1006 3484 et
1034 3428 1357 3486 defendunt.
1386 3431 1567 3499 Quare
1592 3440 1647 3488 et
1676 3434 1899 3504 pupilla:
1925 3433 2018 3491 sui

2129 3434 2361 3504 δγγύθεν
2395 3434 2715 3505 παράκειται
2734 3434 2794 3488 τὸ
2815 3434 3097 3506 βλέφαρον,
3117 3437 3144 3491 ὃ
3178 3437 3384 3493 ἀνωθεν
3417 3439 3710 3492 ἐπίκειταιι

436 3519 534 3574 tali
563 3520 685 3575 velo
715 3522 996 3577 collocata:
1024 3538 1134 3577 non
1164 3521 1325 3579 facile
1355 3524 1473 3580 laedi
1509 3532 1761 3595 possunt.

2127 3526 2263 3597 ὁμοῦ
2291 3544 2352 3579 τε
2384 3526 2578 3597 ᾔσθετο
2602 3527 2700 3597 τῆς
2736 3526 2942 3599 βλάϐης
2968 3528 3064 3582 καὶ
3107 3529 3371 3600 προέϐαλε
3407 3529 3469 3582 τὸ
3505 3530 3715 3600 προκά-

436 3612 645 3683 λυμμα.
678 3613 776 3667 Διά
805 3611 960 3667 τοῦτο
998 3616 1094 3669 καὶ
1123 3616 1261 3687 κόρη
1293 3616 1399 3670 ὑπὸ
1428 3618 1891 3688 παραπετάσματι
1922 3617 2285 3689 καθεζομένη,
2306 3618 2405 3671 οὐκ
2425 3618 2513 3671 ἀεὶ
2539 3617 2965 3692 εὐεπιχείρητος.

512 3704 625 3760 Soli
670 3721 738 3761 ex
769 3708 1025 3763 omnibus
1054 3709 1312 3764 membris
1340 3710 1484 3765 oculi
1533 3711 1915 3780 palpebrarum
1944 3720 2028 3771 te-

439 3796 713 3867 gumentis
733 3797 933 3866 Operti,
966 3799 1210 3868 contingi
1240 3800 1453 3854 nolunt.
1489 3797 1665 3855 Densa
1704 3801 1856 3855 adest
1884 3800 2026 3871 pilo-

440 3904 564 3943 rum
599 3904 776 3959 seges.
809 3888 958 3943 Cur?
987 3898 1047 3945 ut
1076 3892 1379 3961 superioris
1410 3901 1572 3962 atque
1597 3893 1873 3950 inferioris
1906 3894 2025 3965 pal-

439 3980 619 4049 pebra
659 3980 980 4048 complexus
1013 3982 1192 4035 acrior
1217 3983 1309 4036 sit.
1348 3981 1444 4036 Pili
1487 3985 1630 4038 enim
1673 3986 1749 4038 illi
1800 3985 1939 4040 inter
1969 4000 2029 4041 se

440 4069 674 4125 connexi
694 4079 857 4138 atque
886 4070 1136 4140 impliciti
1157 4081 1285 4126 sunt
1312 4072 1561 4143 qumdam
1590 4075 1755 4128 veluti
1787 4076 2025 4131 vincula.

442 4160 524 4215 Ad
558 4160 672 4215 haec
706 4163 948 4217 minutas
981 4164 1174 4232 procul
1216 4172 1405 4219 arcent
1431 4165 1715 4230 bestiolas,
1746 4167 2032 4237 lanugine-

443 4268 646 4322 sasque
683 4253 874 4310 sordes
922 4255 1143 4326 pupillis
1197 4258 1633 4329 appropinquare
1658 4275 1771 4315 non
1819 4262 2027 4326 sinunt,

444 4360 615 4415 seque
646 4345 756 4402 illis
798 4347 1094 4405 imbecillis
1127 4361 1288 4419 atque
1337 4351 1487 4406 omni
1529 4351 1744 4421 injuria;
1775 4352 2030 4408 obnoxiis
2066 4386 2106 4438 η

445 4444 881 4506 propugnatores
915 4439 1176 4508 praebent.
1214 4441 1391 4510 Atque
1450 4442 1523 4495 ita
1558 4458 1748 4499 eorum
1781 4438 2029 4500 custodia

444 4524 604 4579 nobis
632 4539 758 4579 cum
786 4525 1002 4593 decora,
1033 4537 1144 4583 tum
1176 4531 1339 4585 etiam
1368 4532 1518 4586 utilis
1545 4541 1646 4587 est.
1676 4534 1814 4600 Quid
1839 4550 2033 4604 super-

445 4613 631 4668 cilium
657 4615 681 4667 ?
704 4631 887 4671 nonne
908 4619 1006 4673 tibi
1029 4620 1347 4689 adjumento
1367 4634 1447 4677 est
1473 4639 1580 4693 quo
1607 4626 1808 4681 rectius
1830 4626 2036 4697 dirigas

445 4704 619 4759 aciem
642 4706 923 4762 oculatum
945 4709 969 4762 ?
993 4710 1047 4764 id
1068 4711 1212 4781 quod
1242 4712 1346 4766 hoc
1363 4726 1688 4785 argumento
1719 4718 2035 4773 conﬁrmari

446 4801 629 4862 potest
651 4794 917 4860 :Quando
945 4803 1166 4857 conaris
1216 4804 1423 4875 aliquid
1457 4808 1649 4876 procul
1678 4808 1916 4879 positum
1952 4810 2038 4863 in-

448 4886 612 4960 tueri,
667 4901 769 4941 cur
834 4903 1056 4945 manum
1108 4905 1388 4952 extensam
1422 4898 1733 4967 superciliis
1775 4900 2033 4970 imponis,

448 4975 556 5030 uisi
587 4984 648 5029 ut
667 4976 886 5033 videndi
911 4982 993 5036 vis
1023 4999 1189 5054 supra
1215 4986 1445 5056 disiecta
1495 5003 1605 5044 non
1634 4999 1840 5047 temere
1866 4992 2035 5049 dissi-

447 5078 631 5139 petur,
656 5070 753 5126 sed
786 5086 980 5128 manus
1008 5076 1230 5145 obiectu
1262 5077 1614 5148 coniunctior
1645 5082 1877 5139 ulterius
1899 5083 2039 5138 fera-

446 5169 537 5213 tur
561 5169 615 5215 et
638 5162 876 5227 acutius,
910 5179 974 5220 ac
1005 5168 1213 5222 rectius
1236 5184 1461 5226 munere
1489 5171 1753 5242 fungatur
1784 5188 1885 5229 suo
1909 5174 1931 5226 ?
1957 5175 2038 5229 sic

448 5249 669 5304 obtenta
699 5256 865 5307 m‘anu
897 5254 1121 5312 luminis
1157 5260 1426 5316 transitus
1457 5260 1731 5331 dirigitur.
1758 5265 1902 5335 Ergo
1944 5281 2040 5320 su-

449 5340 670 5407 percilia
698 5349 813 5397 tum
848 5347 1045 5402 oculos
1079 5358 1300 5419 regunt,
1340 5359 1454 5406 tum
1481 5354 1701 5409 sudoris
1726 5356 2037 5409 multitudi~

453 5444 597 5495 nem,
624 5447 694 5487 ne
719 5436 786 5489 ab
812 5451 876 5489 ea
910 5447 1300 5508 contegantur,
1328 5443 1659 5512 propellunt,
1683 5460 1850 5515 seque
1871 5446 1949 5500 illi
1982 5455 2041 5501 ut

453 5532 669 5574 murum
715 5525 1001 5594 objiciunt.
1037 5528 1174 5593 Quis
1210 5530 1453 5600 agricola
1485 5540 1594 5584 tam
1649 5541 1794 5588 recte
1823 5535 2037 5589 vineam

460 5606 772 5678 disponere,
850 5615 1314 5693 circumiectaque
1387 5621 1623 5679 macerie
1700 5627 2041 5683 communire

2205 3709 2508 3778 Ἀνέπαφον
2526 3710 2683 3763 τοῦτο
2710 3710 2868 3781 μόνον
2896 3711 3004 3764 τῶν
3024 3711 3082 3765 ὲν
3105 3714 3234 3784 ἡμῖν
3266 3713 3443 3785 μελῶν
3467 3714 3717 3785 βούλεται

2132 3793 2272 3853 εῖναι
2305 3801 2333 3853 6
2372 3798 2679 3869 όφθαλμὺς’,
2711 3799 2817 3853 ὑπὸ
2854 3804 3313 3873 παραπετάσματι
3350 3803 3429 3875 τῷ
3460 3805 3718 3876 βλεφάρῳ

2132 3891 2559 3961 καλυπτόμενος.
2603 3891 2811 3953 ’Δκίδες
2849 3893 2958 3946 τῶν
2990 3894 3194 3966 τριχῶν
3232 3897 3715 3968 περιϐεϐλημέναι.

2109 3981 2234 4055 ,Διά
2274 3982 2348 4046 τί,
2379 3982 2466 4035 ἵνα
2509 3981 2873 4053 ἀκριϐεστέρα
2905 3984 3129 4055 γένηται
3184 3987 3216 4055 ὴ
3261 3987 3563 4058 περιπλοκὴ
3612 3988 3721 4043 τῶν

2138 4074 2420 4145 βλεφάρων
2438 4071 2531 4124 τοῦ
2560 4072 2673 4125 ἄνω
2699 4072 2835 4144 πρὸς
2856 4074 2915 4126 τὺ
2946 4073 3112 4129 κάτω.
3140 4071 3265 4128 Οἷον
3292 4077 3399 4148 γὰρ
3432 4078 3722 4149 σύνδεσμοι

2136 4169 2272 4221 εἰσιν
2303 4166 2557 4236 ἀλλήλαις
2581 4166 3131 4237 περιπλεκόμεναικαὶ
3158 4169 3361 4241 τρίχεςτ
3393 4165 3513 4224 εἶτα
3539 4173 3636 4226 καὶ
3653 4173 3723 4226 τά

2134 4259 2305 4313 λεπτά
2338 4257 2444 4313 τῶν
2478 4256 2629 4321 ζώων
2670 4259 2948 4329 πόρρωθεν
2973 4261 3263 4325 ἐνηυλίεει,
3299 4263 3393 4316 καὶ
3420 4263 3489 4317 τὰ
3514 4266 3721 4338 χνοώδη

2135 4354 2234 4405 οὐκ
2285 4353 2348 4421 ἐᾷ
2397 4350 2693 4421 πλησιάσαι
2739 4354 2803 4422 τῇ
2858 4352 2996 4423 κόρῃ
3059 4352 3333 4426 δυναμένῃ
3383 4357 3723 4427 πανταχόθεν

2136 4442 2532 4514 ἀμαυροῦσθαι.
2565 4443 2751 4494 Οἰκεία
2780 4441 2862 4504 τίς
2889 4445 3004 4496 ἐστι
3040 4444 3252 4515 φυλακὴ
3286 4446 3414 4517 περὶ
3451 4447 3604 4517 ἡμᾶς
3631 4467 3726 4501 πε-

2140 4532 2419 4601 ρικειμένη
2447 4531 2532 4583 διὰ
2570 4531 2677 4582 τῶν
2723 4532 2945 4602 τριχῶν·
2982 4533 3116 4602 ὁμοῦ
3167 4536 3263 4604 μὲν
3301 4538 3367 4606 τῇ
3410 4542 3724 4609 περιγραφῇ

2137 4623 2472 4692 εὐπρέπειαν
2497 4624 2853 4693 χαριζομένη,
2888 4624 3023 4693 ὁμοῦ
3051 4625 3107 4678 δὲ
3145 4627 3244 4698 τὴν
3275 4627 3546 4697 ὠφέλειαν
3589 4649 3728 4702 παρ-

2137 4715 2395 4785 εχομένη.
2442 4714 2643 4785 Ὀφρὺς
2688 4715 2800 4768 ἄνω
2847 4717 3269 4790 προϐεϐλημένη
3299 4722 3498 4775 οἰκεῖον
3530 4723 3729 4793 προϐό-

2136 4806 2305 4869 λαιον,
2339 4806 2427 4858 ἵνα
2474 4803 2782 4876 κατευθύνῃ
2811 4805 2872 4858 τὸ
2915 4807 3189 4878 ὁρατικόν.
3215 4810 3313 4873 Τίς
3344 4812 3377 4883 ἡ
3416 4811 3727 4877 ἀπόδειξις;

2140 4898 2308 4951 Ὅταν
2351 4895 2621 4967 βουληθῇς
2669 4896 2954 4969 πόρρωθεν
2986 4900 3309 4965 σκοπεῦσαι,
3343 4902 3437 4955 καὶ
3474 4903 3729 4965 κοιλάνας

2137 4989 2234 5059 τὴν
2263 4990 2421 5058 χεῖρα
2462 4987 2788 5059 ὑπερτεινῃς
2817 4988 2926 5040 τῶν
2970 4989 3214 5060 ὀφρύων,
3244 4991 3333 5045 διὰ
3376 4994 3427 5047 τί
3464 4994 3626 5047 τοῦτο
3658 4995 3729 5064 γί-

2138 5097 2320 5145 νεται;
2355 5079 2471 5133 Ἵνα
2496 5080 2556 5131 τὸ
2587 5081 2680 5132 ἐπὶ
2709 5080 2770 5133 τὸ
2799 5080 2913 5133 ἄνω
2952 5081 3380 5155 διαφορούμενον
3409 5086 3510 5157 τῆς
3532 5086 3727 5156 ὅψεως,

2143 5172 2216 5244 μὴ
2251 5173 2372 5242 εἰκῆ
2404 5171 2759 5244 σκεδάννηται
2805 5173 3263 5244 κατευθυνόμενον
3293 5177 3359 5229 ἐκ
3396 5176 3494 5245 τῆς
3529 5180 3730 5249 προϐο-

2139 5262 2236 5332 λῆς
2278 5263 2374 5332 τῆς
2400 5261 2612 5333 χειρὸς,
2646 5262 2740 5314 καὶ
2769 5264 2861 5314 ἐπὶ
2914 5263 2975 5316 τὸ
3022 5264 3332 5336 ἔμπροσθεν
3381 5265 3727 5338 ὠθούμενον,

2139 5350 2535 5420 ἀκριϐεστέραν
2567 5351 2714 5402 ποιεῖ
2743 5349 2840 5402 τοῦ
2876 5352 3133 5420 ὁρατικοῦ
3159 5354 3257 5424 τὴν
3292 5353 3536 5409 διάθεσιν
3556 5373 3572 5384 ·
3599 5358 3636 5428 ἥ
3674 5375 3729 5410 τε

2141 5441 2373 5510 πάρώος
2413 5440 2506 5493 τοῦ
2543 5440 2842 5511 βλεπτικοῦ
2899 5443 3291 5500 κατευθύνεται
3323 5445 3427 5500 ὑπὸ
3454 5450 3555 5517 τῆς
3593 5449 3731 5501 κατὰ

2140 5532 2237 5602 τὴν
2259 5536 2415 5603 χεῖρα
2446 5531 2736 5603 προϐολῆς.
2771 5532 2870 5585 Διὰ
2897 5533 3055 5588 τοῦτο
3084 5537 3287 5608 όφρύες
3324 5538 3463 5608 ὁμοῦ
3508 5540 3609 5610 μὲν
3644 5541 3730 5594 τὸν

2142 5623 2419 5679 ὀφθαλμὸν
2465 5622 2931 5692 κατευθύνουσαι,
2960 5626 3095 5698 ὁμοῦ
3126 5628 3183 5682 δὲ
3234 5630 3328 5683 καὶ
3373 5631 3465 5687 τὸν
3521 5631 3590 5684 ὲκ
3627 5631 3730 5686 τῶν
