3890 6370
234 344 318 401 291
1555 340 1642 395 DE
1678 341 1837 396 VITA
1863 335 2087 393 MOSIS.
3345 341 3451 400 2‘8

238 481 388 533 πόνων
411 477 595 548 ἱδρῶτα
621 476 721 535 οὐκ
743 476 910 531 ὲῶσαι
936 475 1213 548 ὲπιρῤέειν
1245 474 1338 528 καὶ
1368 476 1594 547 κώλυμα
1621 480 1768 547 γίνε-
1798 463 1828 520 Α

1875 477 2070 550 possit,
2107 485 2165 531 ut
2205 475 2354 531 nullo
2385 475 2710 531 torrentium
2763 462 3135 547 impetu'laedi
3165 491 3348 549 queat.
3384 494 3444 536 et

234 571 339 623 σθαι
367 571 476 631 ταῖς
521 566 695 635 ὕψεσι.
747 567 846 620 Διὰ
875 565 1032 618 τοῦτο
1081 566 1404 636 τειχίζουσιν
1456 569 1510 620 αἱ
1543 569 1761 640 ὀφρύες.

1873 571 2016 625 Deus
2067 570 2256 625 oculos
2283 575 2502 624 nostros
2553 568 2862 638 superciliis
2886 571 3265 635 communivit,
3300 574 3379 626 sic
3420 590 3451 628 a

233 662 365 724 Ποῖος
392 658 762 728 ἀμπελουργὸς
808 657 949 710 οὕτω
974 657 1197 710 δύναται
1238 658 1414 721 καλῶς
1467 659 1764 730 ἀπαρτίσαι

1873 661 2097 716 naribus
2127 661 2385 729 utrinque
2418 660 2826 723 circumductis,
2861 668 2921 712 ut
2956 661 3056 714 hac
3099 662 3223 715 illac
3279 663 3450 718 sudor

230 750 310 821 τὴν
336 748 578 819 ἄμπελον,
601 747 766 817 ὀφρύϊ
818 746 1128 818 περιϐαλεῖν
1153 787 1168 811 ,
1197 747 1272 810 ὠς
1316 748 1764 820 δυσεπιχείρητον

1873 753 2094 808 alIluens
2123 753 2325 807 nullam
2355 753 2602 823 agricolae
2631 753 2934 807 molestiam
2965 753 3220 821 prebeat,
3251 770 3449 823 quam-

230 841 372 912 αὐτὴν
404 837 551 905 εἶναι,
600 839 677 902 ὡς
715 839 790 909 μὴ
837 838 1188 910 εὐεπίδρομον
1239 835 1376 893 εἶναι
1427 843 1549 905 ταῖς
1582 859 1764 913 παρα-

1873 843 2053 898 obrem
2095 858 2124 896 a
2165 844 2272 897 vite
2301 857 2521 896 manum
2561 843 2853 906 dimoveat,
2896 842 3023 896 dum
3051 844 3263 912 cogitur
3294 845 3445 899 illum

229 930 472 1001 κειμέναις
507 929 804 1000 χαράδραις
827 929 936 982 τῶν
965 929 1178 1000 χώρων,
1208 929 1284 993 ὡς
1314 931 1568 1002 ἐποίησεν
1601 935 1629 985 6
1659 933 1767 986 Κύ-

1873 934 2216 1004 abstergere?
2252 933 2356 988 Per
2378 949 2509 989 suos
2547 934 2690 988 enim
2720 933 2920 988 ductus
2951 935 3020 988 ab
3043 934 3236 1002 opiﬁce
3272 935 3448 990 factos

1865 1025 1984 1080 sine
2006 1025 2206 1094 injuria
2229 1024 2436 1087 deﬂuit,
2462 1031 2516 1080 et
2553 1024 2698 1078 oculi
2737 1039 2874 1094 opus
2905 1040 3064 1079 suum
3100 1025 3266 1078 libere
3305 1039 3439 1078 cou-

1867 1116 2076 1170 liciunt.
2112 1114 2223 1170 Nos
2245 1114 2362 1169 dies
2394 1115 2510 1184 ipse
2536 1114 2772 1180 deﬁciat,
2804 1115 2848 1168 si
2894 1129 3060 1168 unum
3093 1131 3157 1169 ex
3203 1116 3292 1178 iis,
3327 1131 3447 1184 quze

1867 1218 2084 1260 summo
2109 1203 2341 1259 artiﬁcio
2371 1205 2426 1259 in
2458 1205 2617 1260 nobis
2640 1220 2671 1259 a
2725 1202 2837 1260 Deo
2873 1205 3115 1275 perfecta
3140 1216 3290 1270 sunt,
3328 1223 3449 1274 ρον-

1859 1294 2016 1365 sequi
2075 1295 2328 1360 velimus,
2373 1303 2434 1350 ut
2476 1311 2542 1352 ex
2578 1296 2684 1351 hoc
2735 1295 2881 1366 quod
2920 1296 3219 1367 attigimus,
3278 1298 3436 1350 facile

231 1039 323 1091 ριος
348 1021 433 1090 τὴν
458 1021 560 1073 τῶν
601 1020 820 1090 ὀφρύων
853 1021 1178 1092 περιϐολήν;
1209 1023 1594 1091 Ἀσμενοειδῶς
1634 1026 1764 1094 ἡμῖν

229 1112 553 1183 περιέγραψεν
581 1113 694 1165 ἀπὸ
725 1114 854 1182 μιᾶς
900 1112 1176 1182 συμϐολῆς
1214 1113 1311 1182 τὴν
1342 1115 1481 1168 κατά
1520 1114 1644 1184 ρίνα
1676 1116 1761 1184 ἐφ’

228 1202 431 1272 ἑκάτερα
474 1202 878 1273 μεριζομένην,
915 1202 1001 1254 ἵνα
1051 1203 1080 1254 6
1141 1202 1300 1274 ἱδρὼς
1348 1205 1475 1274 τῇδε
1536 1207 1761 1259 κάκεῖσε

227 1293 496 1363 περιρρέων
537 1293 810 1362 μηδεμίαν
863 1292 1121 1361 ἀσχολίαν
1155 1295 1369 1366 παρέχῃ
1395 1295 1473 1366 τῷ
1506 1296 1759 1366 γεωργῷ,

229 1382 340 1450 μηδὲ
371 1383 810 1452 ἀπομασσόμενος
831 1382 921 1436 τὸν
950 1383 1148 1454 ἱδρῶτα
1181 1384 1276 1454 τὴν
1301 1389 1459 1455 χεῖρα
1496 1387 1758 1458 ἀπαγάγῃ

1873 1386 2092 1454 potestis
2158 1385 2480 1456 intelligere.
2544 1385 2744 1441 Verum
2795 1387 2848 1439 in
2900 1388 3186 1456 praesentia
3239 1388 3444 1457 negotii

224 1473 306 1542 τῆς
349 1474 614 1544 ἀμπέλου,
644 1475 756 1528 ἀλλ’
803 1475 937 1543 ὁμοῦ
991 1493 1048 1528 τε
1102 1477 1198 1546 ῥέῃ
1231 1479 1259 1529 6
1313 1477 1472 1545 ἱδρὼς
1520 1477 1608 1531 διὰ
1650 1479 1760 1531 τῶν

1873 1476 2149 1545 cujusdam
2197 1492 2364 1532 causa
2421 1493 2522 1533 nos
2574 1478 2678 1533 iter
2730 1477 2971 1533 facturos
3034 1478 3325 1544 dimittite,
3389 1488 3448 1533 ut

227 1562 350 1614 ίδίων
370 1563 577 1632 ὀχετῶν,
611 1563 780 1616 πάλαι
808 1563 900 1615 τοῦ
927 1563 1260 1634 δημιουργοῦ
1296 1564 1458 1623 αὐτὸν
1485 1564 1763 1635 ἐξοχετεύ-

1873 1567 2119 1622 celeriter
2140 1568 2296 1622 vobis
2320 1569 2622 1623 i‘ucolumes
2643 1569 2861 1636 redditi,
2886 1570 3032 1640 quod
3059 1569 3329 1638 reliquum
3363 1580 3448 1625 est

225 1668 387 1716 σαντος
425 1654 512 1706 ἐπὶ
562 1655 634 1707 τά
690 1654 958 1724 ἀχρηστα,
993 1653 1128 1723 ὁμοῦ
1178 1671 1236 1707 τε
1282 1657 1309 1708 6
1352 1653 1629 1725 ὀφθαλμὸς
1662 1657 1763 1728 τὴν

1873 1656 1994 1710 teris
2019 1650 2180 1712 alieni
2219 1659 2615 1728 persolvamus,
2667 1658 2815 1714 illius
2841 1660 3046 1714 auxilio
3097 1659 3311 1720 conﬁsi,
3354 1661 3448 1728 qui

228 1744 338 1798 ἰδίαν
372 1745 644 1816 ἐνέργειαν
679 1745 996 1798 ἐπιτελοῖεν.
1023 1745 1146 1798 Ἐὰν
1184 1745 1532 1816 βουληθῶμεν
1564 1748 1759 1812 εἰπεῖν,

1873 1766 1973 1807 nos
1995 1753 2328 1820 procreavit,
2354 1753 2557 1822 quique
2588 1751 2832 1822 singulas
2865 1753 2920 1806 in
2951 1753 3110 1806 nobis
3137 1760 3321 1821 partes
3335 1760 3446 1805 tam

225 1837 331 1906 napi.
371 1837 538 1904 μόνων
567 1836 678 1889 τῶν
722 1837 802 1899 είς
832 1837 978 1906 ἡμᾶς
1026 1835 1177 1906 παρὰ
1227 1835 1362 1889 Θεοῦ
1415 1837 1722 1906 γενομένων
1748 1876 1764 1900 ,

1873 1841 2086 1910 egregie
2121 1840 2348 1911 perfecit
2397 1849 2451 1896 et
2487 1842 2722 1906 absolvit
2755 1859 2770 1897 :
2807 1843 2898 1898 cui
2937 1843 3110 1914 gloria
3144 1843 3197 1896 in
3243 1844 3442 1897 saecula

223 1927 453 1996 ἐπιλείψει
486 1929 683 1998 ήμᾶςὴ
717 1927 896 1998 ἡμέρα
938 1925 1140 1980 ἅπασα.
1177 1926 1314 1978 Ἀλλ’
1341 1925 1402 1990 ἐξ
1419 1927 1536 1989 ἐνὸς
1563 1926 1768 1980 τούτων

1875 1931 2224 1985 saeculorum.
2252 1931 2446 1988 Amen.
2546 1987 2558 1999 ,

224 2017 409 2072 πάντων
431 2021 581 2089 ὑμεῖς
613 2019 807 2072 λάϐετε
840 2019 938 2089 τὴν
965 2017 1190 2072 ἔννοιαν.
1233 2019 1410 2089 Ἦμᾶς
1444 2019 1500 2072 δὲ
1536 2020 1924 2091 ἐπειγομένους
1955 2021 2047 2074 ὲπί
2074 2039 2199 2076 τινα
2227 2023 2344 2076 ὁδὸν
2376 2023 2679 2091 ἀναγκαίαν
2711 2022 2827 2092 μετ’
2849 2021 3024 2095 εὐχῶν
3062 2023 3442 2094 προπέμψατε,
3473 2022 3476 2025 ’

225 2112 296 2163 ἵνα
329 2115 380 2164 ὲν
414 2114 561 2184 τάχει
598 2116 728 2184 ὑμῖν
765 2113 1156 2178 ἀποσωθέντες,
1195 2113 1289 2166 καὶ
1323 2113 1432 2167 τῶν
1465 2115 1797 2185 λειπομένων
1826 2116 2113 2187 ἀποδῶμεν
2141 2118 2201 2171 τὸ
2223 2118 2400 2188 χρέος,
2435 2119 2616 2189 χάριτι
2647 2119 2740 2172 τοῦ
2767 2121 2946 2175 πάντα
2993 2120 3445 2190 οἱκονομήσαντος

221 2207 328 2279 περὶ
351 2210 485 2278 ἡμᾶς
511 2210 743 2280 Κυρίου,
769 2209 860 2262 τοῦ
903 2208 1186 2274 κτίσαντος
1219 2211 1364 2280 ἡμᾶς
1401 2214 1466 2282 τῇ
1496 2211 1688 2265 ἑαυτοῦ
1721 2212 1925 2283 χάριτι,
1958 2214 2039 2266 ὅτι
2086 2213 2234 2285 αὑτῷ
2257 2217 2303 2285 ἡη
2323 2215 2448 2282 δόξα
2475 2217 2569 2270 καὶ
2605 2215 2666 2270 τὸ
2697 2216 2920 2289 κράτος,
2966 2217 3049 2281 είς
3092 2217 3219 2279 τοὺς
3246 2215 3446 2282 αἰῶνας

218 2296 310 2351 τῶν
337 2300 550 2356 αίὼνων.
587 2303 783 2374 Ἀμήν.

236 2489 606 2522 ξεττ

589 2493 3419 2526 πτᾜψ-ᾟᾙῂᾟἼ-ΨΜᾙ

974 2633 1200 2717 ΤΟΥ
1241 2633 1384 2716 EN
1437 2632 1800 2718 ΑΓΙΟΙΣ
1855 2633 2290 2718 ΠΑΤΡοΣ
2356 2632 2683 2719 ΗΜΩΝ

1255 2822 2374 2956 ΓΡΗΓΟΡΙΟΥ

1453 3035 1849 3093 ΕΙΙΙΣΚΟΠΟΥ
1885 3037 2153 3094 ΝΥΣΣΗΣ
2166 3076 2181 3099 ο

890 3190 1247 3301 ΠΕΡΙ
1327 3185 1628 3301 ΤΟΥ
1679 3188 2038 3304 ΒΙΟΥ
2105 3187 2774 3322 ΜΩΣΕΩΣ,

1033 3408 1084 3456 ΙΙ
1148 3407 1331 3458 ΠΕΡΙ
1377 3408 1514 3459 ΤΗΣ
1549 3405 1714 3459 ΚΑΓ
1744 3405 2040 3458 ΑΡΕΤΗΝ
2079 3405 2604 3460 ΤΕΛΕΙΟΤΗΤΟΣ.

790 3716 946 3869 s.
1095 3723 1266 3869 P.
1394 3721 1578 3871 N.
1703 3716 2856 3908 GREGORII,

1477 3983 1790 4041 EPISCOPI
1822 3981 2122 4039 NYSSENI
2141 4024 2156 4048 ,

1148 4147 1331 4258 DE
1425 4145 1773 4262 VlTA
1853 4141 2392 4255 MOYSIS
2438 4219 2477 4282 ,

1758 4333 1879 4374 SIVB

573 4439 664 4494 ne
725 4437 1197 4496 remeamus
1267 4436 1452 4492 Vim:
1530 4434 1623 4490 nx
1692 4431 2154 4490 PR/ESCRIPTO
2227 4430 2560 4487 vmuns
2641 4392 3061 4484 ιΝδτιτυτιε,

632 4597 707 4647 Ex
728 4598 1143 4659 interpretatione
1170 4595 1396 4658 Gregorii
1422 4593 1762 4657 Trapezuntii,
1786 4604 1891 4642 rec.
1920 4593 1975 4638 et
1996 4594 2140 4639 aucta
2166 4604 2192 4638 ιι
2210 4588 2462 4639 Frontone
2489 4588 2671 4640 Duczeo
2695 4588 2746 4637 S.
2772 4587 2816 4636 J.
2854 4585 3027 4636 Tlieol.

258 4890 381 4953 Οἷόν
433 4916 492 4951 τι
538 4897 838 4966 πάσχουσιν
877 4895 926 4948 οἱ
973 4895 1078 4949 τῶν
1131 4893 1372 4947 ἱππικῶν
1413 4891 1639 4961 ἀγώνων
1686 4901 1828 4958 ιρι-ι

1950 4887 2417 4956 Quemadmodum
2450 4882 2545 4953 qui
2587 4888 2860 4935 certamen
2889 4888 3151 4946 equorum
3175 4888 3284 4926 non
3337 4871 3454 4927 sine

192 4986 535 5058 λοϐεάμονες,
573 4989 626 5041 οἳ
669 4990 780 5050 τοῖς
824 4989 955 5058 παρ’
995 4987 1174 5039 αὐτῶν
1218 4984 1674 5054 σπουδαζομένοις
1711 4985 1768 5035 ὲν

189 5083 302 5142 ταῖς
329 5081 594 5151 ἁμίλλαις
620 5079 728 5132 τῶν
759 5079 993 5151 δρόμων,
1024 5077 1129 5132 κᾶν
1162 5077 1326 5147 μηδὲν
1358 5074 1666 5146 προθυμίας
1691 5077 1770 5137 είς

190 5169 246 5220 τὸ
264 5173 428 5242 τάχος
483 5171 828 5233 ἐλλείπωσιν,
864 5171 1013 5240 ὅμως
1059 5168 1164 5221 ὑπὸ
1190 5167 1289 5235 τῆς
1323 5165 1449 5236 περὶ
1485 5165 1585 5235 τὴν
1611 5163 1771 5234 νίκην

189 5263 423 5332 σπουδῆς
465 5262 762 5315 ἐπιϐοῶσιν
791 5261 1016 5326 ἀνωθεν,
1042 5259 1132 5313 τὸν
1161 5257 1438 5327 ὀφθαλμὸν
1465 5255 1544 5326 τῷ
1585 5256 1772 5325 δρόμῳ

191 5356 686 5426 συμπεριάγοντες,
707 5356 798 5407 καὶ
827 5351 1218 5425 παρακινοῦσιν
1244 5348 1339 5412 (ὥς
1356 5364 1419 5416 γε
1439 5345 1771 5416 νομίζουσιν)

187 5445 262 5506 εις
299 5445 576 5515 ὀξυτέραν
609 5443 783 5515 ὁρμὴν
819 5445 911 5497 τὸν
945 5442 1189 5513 ἡνίοχον,
1241 5437 1625 5501 ὲπικλάζοντες
1658 5437 1775 5504 ἅμα

186 5543 296 5604 τοῖς
320 5542 545 5605 ἵπποις,
571 5541 668 5594 καὶ
700 5541 820 5594 ἀντὶ
849 5540 1113 5609 μάστιγος
1134 5535 1232 5607 τὴν
1261 5536 1418 5604 χεῖρα
1443 5531 1564 5584 κατ’
1592 5528 1774 5582 αὐτῶν

186 5635 578 5702 προτείνοντές
622 5651 680 5685 τε
726 5633 820 5686 καὶ
863 5627 1224 5692 ἐπισείοντες’
1251 5628 1382 5697 οὐχ,
1413 5626 1495 5679 ὅτι
1537 5621 1776 5675 τελεῖτά

186 5725 448 5793 γινόμενα
486 5725 628 5794 πρὸς
655 5725 752 5794 τὴν
781 5725 956 5793 νίκην,
992 5721 1165 5773 ταῦτα
1207 5718 1505 5783 ποιοῦντες,
1539 5713 1654 5771 ἀλλ’
1693 5711 1776 5766 εὑ-

526 5820 798 5878 Pnnon.
833 5817 948 5876 Gn.
984 5814 1206 5875 κων.

1876 4996 2074 5052 magna
2121 4977 2480 5034 delectatione
2531 4973 2700 5027 animi
2761 4977 3031 5038 Spectant,
3079 4969 3182 5021 etsi
3220 4963 3352 5017 nihil
3387 4962 3453 5013 :ul

1878 5087 2100 5128 cursum
2147 5070 2437 5140 diligentia:
2461 5065 2539 5119 illi
2589 5063 3026 5134 praeter-mittant,
3065 5072 3206 5127 quos
3237 5055 3455 5108 vincere

1879 5169 2089 5232 optant,
2118 5160 2294 5215 oculis
2317 5166 2497 5231 tamen
2538 5169 2760 5209 cursum
2797 5153 3041 5219 ipsorum
3077 5144 3295 5200 solliciti
3333 5155 3455 5232 pro-

1878 5231 2192 5322 spicientes,
2224 5251 2462 5304 clamant
2490 5247 2725 5316 desuper
2777 5252 2940 5312 atque
2970 5240 3279 5322 hortantur,
3317 5231 3457 5286 inci-

1879 5321 2104 5410 tareque
2131 5355 2196 5395 ac
2247 5339 2458 5396 emcere
2509 5351 2570 5392 se
2628 5340 2842 5404 putant,
2874 5343 2932 5383 ut
2963 5326 3202 5380 velocius
3249 5321 3456 5375 feratur

1875 5435 2084 5505 auriga,
2115 5448 2239 5488 cum
2290 5447 2398 5486 una
2437 5445 2562 5484 cum
2613 5428 2770 5499 equis
2825 5425 3133 5490 clangorem
3171 5417 3354 5475 edaut,
3392 5432 3457 5467 ac

1878 5541 2101 5580 manum
2131 5524 2288 5594 quasi
2347 5522 2617 5594 ﬂagellum
2667 5521 2721 5573 in
2775 5517 2924 5585 ipsos
2964 5509 3258 5567 extendant
3292 5517 3458 5573 atque

1878 5617 2167 5680 incutiant,
2198 5631 2307 5671 non
2336 5615 2464 5685 quia
2498 5612 2762 5672 nesciant,
2799 5609 2911 5661 haec
2926 5603 3061 5658 nihil
3086 5601 3152 5654 ad
3175 5601 3456 5652 victoriam

1876 5710 2146 5776 conferre,
2198 5709 2290 5765 sed
2335 5709 2459 5776 quia
2490 5701 2918 5759 benevolentiam
2972 5713 3029 5733 αι·
