3890 6356
511 356 617 414 299

1769 356 1828 409 S.
1871 349 2200 411 GREGORII
2238 354 2529 411 NYSSENI

3665 361 3758 420 ιω

513 471 789 523 certantes
858 480 992 520 voce
1018 464 1373 535 corporisque
1417 465 1678 533 molibus,
1728 475 1924 523 natura
1952 468 2088 523 duce

2192 469 2309 540 νοίᾳ
2338 472 2405 541 τῇ
2441 470 2577 543 πρὸς
2615 470 2742 533 τοὺς
2771 469 3225 541 ἀγωνιζομένους,
3258 477 3411 546 φωνῇ
3436 491 3498 528 τε
3526 476 3623 530 καὶ
3643 480 3759 548 axi;-

513 556 819 627 significare
870 556 1259 625 impelluntur:
1290 556 1372 611 sic
1426 557 1558 611 mihi
1596 558 1699 629 ipsi
1729 560 1798 615 de
1830 566 1882 613 te
1913 558 2091 614 facere

515 647 721 711 videor,
762 645 935 701 amice
966 660 1030 701 ac
1059 647 1227 702 frater
1256 647 1599 704 charissime.
1632 647 1767 704 Nam
1804 664 1928 704 cum
1950 659 2007 703 tu
2033 650 2089 704 in

510 738 728 792 virtutis
784 735 982 800 stadio,
1014 752 1183 808 prope
1239 736 1427 793 divino
1468 753 1635 794 cursu
1670 754 1736 795 ac
1791 740 2091 795 certamine

510 841 847 895 perseveres,
881 834 937 881 et
974 826 1042 881 ad
1083 842 1337 896 superna:
1364 829 1670 886 vocationis
1724 832 1945 899 praemia
1975 845 2090 885 cne—

508 919 623 973 bris
651 917 1053 987 levissimisque
1104 918 1335 974 saltibus
1358 918 1604 985 festines,
1643 921 1885 976 acclamo
1925 929 2090 991 atque

508 1017 746 1088 impelle,
777 1027 833 1073 et
880 1018 1159 1089 diligentia
1193 1017 1489 1089 studioque
1515 1020 1794 1077 intendere
1831 1021 2091 1076 velocita-

507 1119 616 1163 tem
642 1109 826 1178 jubeo.
857 1107 991 1174 Quae
1034 1110 1216 1163 omnia
1272 1124 1383 1164 non
1417 1110 1537 1164 ideo
1575 1110 1738 1172 facio,
1765 1111 1893 1179 quia
1924 1118 2093 1167 teme-

507 1200 653 1253 rario
678 1199 912 1269 quodam
944 1198 1131 1253 studio
1172 1199 1251 1253 tui
1297 1198 1566 1261 detincar,
1602 1200 1695 1255 sed
1724 1201 1851 1270 quia
1880 1206 1941 1253 ut
1960 1200 2091 1254 cha-

507 1288 727 1346 rissima
755 1289 865 1344 filio
893 1304 1097 1344 morem
1128 1290 1224 1345 tibi
1251 1305 1442 1361 gerere
1471 1293 1742 1348 studeam.
1768 1291 1906 1346 Cum
1937 1291 2088 1346 enim

509 1382 705 1437 litteris
735 1382 846 1437 tuis
889 1382 1130 1453 petieris,
1189 1391 1251 1438 ut
1281 1384 1375 1438 tibi
1430 1398 1461 1437 a
1486 1384 1646 1439 nobis
1675 1383 1744 1438 ad
1792 1382 2088 1454 perfectam

509 1476 683 1527 vitam
709 1474 1008 1528 admonitio
1046 1473 1292 1544 quaedam
1320 1475 1721 1540 conseribatur,
1760 1488 1974 1543 aequum
1997 1487 2090 1528 ar-

510 1566 694 1620 b'trati
728 1581 940 1634 sumus,
976 1573 1035 1621 ut
1064 1566 1167 1623 hoc
1199 1567 1341 1623 libro
1368 1578 1578 1634 nostro,
1624 1546 1727 1625 εἷιεί
1770 1569 1905 1624 nihil
1942 1567 2091 1624 aliud

513 1655 651 1711 forte
681 1656 951 1722 utilitatis,
993 1666 1229 1713 attamen
1263 1659 1396 1714 illud
1427 1659 1673 1731 profecto
1702 1675 1811 1715 non
1843 1668 2089 1714 contem-

510 1744 746 1799 nendum
789 1746 912 1810 tibi,
946 1761 1046 1802 nos
1078 1746 1229 1817 ipsos
1276 1761 1448 1802 sacrae
1476 1747 1796 1803 obedientiaa
1821 1758 2091 1817 propona-

2199 576 2328 629 ματι
2360 560 2457 630 τὴν
2497 561 2732 631 σπουδὴν
2764 560 2870 614 ὑπὸ
2917 561 3226 634 προθυμίας
3277 564 3757 636 ἐπισημαίνοντες·

2193 649 2433 704 τοιοῦτόν
2462 652 2514 704 τί
2550 669 2640 724 μοι
2683 653 2829 708 δοκῶ
2863 652 2958 707 καὶ⁸
2989 652 3150 717 αὐτὸς
3177 657 3354 707 ποιεῖν
3401 656 3497 709 ἐπὶ
3532 656 3651 721 σοῦ,
3678 657 3763 725 «pl-

2194 742 2301 797 λων
2342 759 2432 813 μοι
2463 744 2557 798 καὶ
2605 744 2851 816 ἀδελφῶν
2882 745 3217 817 τιμιώτατε,
3248 746 3331 799 ὅτι
3380 762 3475 799 σου
3520 747 3667 801 κατὰ
3709 748 3765 801 τὸ

2192 836 2295 907 τῆς
2317 836 2519 907 ἀρετῆς
2550 836 2767 890 στάδιον
2803 837 2984 901 καλῶς
3028 836 3492 907 ἐναγωνιζομ-ένου
3533 838 3614 910 τῷ
3644 837 3765 908 θείῳ

2192 925 2397 996 δρόμῳ,
2427 926 2523 979 καὶ
2561 926 2698 997 πρὸς
2735 926 2798 979 τὸ
2826 926 3078 998 βραϐεῖον
3105 927 3207 997 τῆς
3247 928 3360 981 ἄνω
3387 928 3641 998 κλήσεως
3670 946 3766 981 πυ-

2195 1018 2342 1078 κνοῖς
2385 1032 2445 1069 τε
2493 1017 2589 1071 καὶ
2633 1016 2861 1086 κούφοις
2902 1016 3309 1085 συντεινομένου
3356 1019 3471 1082 τοῖς
3510 1017 3761 1088 άλμασιν,

2196 1104 2466 1175 ὑποφωνῶ
2492 1121 2552 1159 τε
2578 1107 2674 1160 καὶ
2692 1106 3024 1171 ἐπισπεύδω,
3044 1106 3138 1159 καὶ
3158 1106 3450 1160 ἐπιτείνειν
3469 1108 3537 1176 τῇ
3569 1105 3762 1175 σπουδῇ

2193 1195 2256 1248 τὸ
2283 1196 2449 1265 τάχος
2493 1196 2896 1269 διακελεύομαι.
2944 1196 3091 1251 Ποιῶ
3123 1196 3180 1249 δὲ
3218 1195 3424 1261 ταῦτα,
3460 1198 3563 1250 οὐκ
3591 1196 3767 1266 ἀλόγῳ

2193 1286 2302 1341 τινὶ
2330 1285 2610 1359 προθυμίᾳ
2657 1289 2796 1360 πρὸς
2836 1287 2991 1342 τοῦτο
3026 1288 3348 1359 φερόμενος,
3380 1286 3499 1341 ἀλλ’
3526 1287 3605 1350 ὼς
3636 1288 3766 1354 άγα-

2195 1377 2353 1448 πητῷ
2378 1378 2555 1448 τέκνῳ
2586 1378 2707 1432 καθ’
2733 1379 2928 1449 ήδονὴν
2957 1379 3336 1450 χαριζόμενος.
3364 1378 3480 1448 Τῆς
3502 1377 3616 1449 γὰρ
3653 1379 3766 1430 ἐπι-

2196 1468 2409 1537 στολῆς,
2439 1469 2507 1539 ἦν
2536 1468 2727 1541 πρώην
2755 1469 3036 1541 διεπέμψω
3053 1510 3070 1535 ,
3091 1469 3295 1541 ταύτην
3321 1468 3767 1538 άπαγγελλούοης

2192 1561 2292 1631 τὴν
2321 1562 2553 1631 αἴτησιν,
2589 1561 2650 1615 τὸ
2696 1562 2948 1630 γενέσθαι
2980 1562 3063 1616 σοί
3098 1579 3219 1615 τινα
3265 1562 3393 1632 παρ’
3437 1559 3598 1631 ήμῶν
3640 1562 3765 1616 ὐπο-

2194 1650 2370 1723 θήκην
2400 1654 2478 1715 είς
2512 1653 2602 1705 τὸν
2654 1652 2856 1713 τέλειον
2907 1653 3050 1722 βίον·
3093 1651 3325 1723 πρέπειν
3372 1650 3562 1721 ᾠήθην
3594 1666 3766 1721 παρα-

2197 1746 2343 1814 σχεῖν
2364 1760 2377 1774 ’
2401 1744 2530 1798 ἄλλο
2562 1746 2659 1815 μὲν
2694 1746 2776 1798 σοί
2821 1762 2871 1798 τι
2912 1746 3179 1817 χρήσιμον
3207 1746 3271 1797 ἐκ
3309 1742 3419 1795 τῶν
3460 1743 3765 1813 λεγομένων

510 1848 632 1888 mus
658 1835 983 1903 exemplum.
1007 1833 1142 1889 Nam
1174 1836 1220 1891 si
1242 1850 1345 1891 nos
1377 1837 1471 1907 qui
1502 1845 1611 1890 tam
1651 1835 1945 1890 multarum
1973 1834 2088 1888 ani-

2192 1809 2322 1898 ῖσως
2343 1834 2519 1899 οὐδὲν,
2540 1809 2672 1888 ista
2703 1835 2761 1889 δὲ
2797 1809 2965 1889 τοῦτο’
2997 1809 3217 1897 πάντως
3245 1834 3348 1887 οὐκ
3380 1809 3679 1903 ἄχρηστον,
3707 1832 3765 1884 τὺ

510 1938 718 1976 marum
751 1938 939 1978 curam
987 1931 1047 1979 ut
1082 1932 1267 1996 patres
1311 1928 1574 1997 gerimus,
1605 1926 1898 1981 convenire
1930 1925 2091 1980 duxi-

509 2029 631 2068 mus
656 2014 780 2069 huic
819 2017 1112 2079 senectuti,
1147 2024 1210 2071 ut
1231 2019 1493 2074 modeste
1507 2017 1815 2087 juventutis
1837 2015 2093 2071 mandata

507 2105 829 2176 susciperet,
881 2109 1120 2179 majores
1153 2109 1460 2165 obedientia
1491 2110 1547 2165 in
1593 2115 1646 2165 te
1675 2108 1924 2180 profecto
1946 2108 2093 2163 vires

511 2198 750 2262 habebit,
777 2214 903 2255 cum
932 2200 999 2255 ad
1026 2200 1325 2272 parendum
1349 2209 1540 2256 nostro
1561 2201 1808 2271 exemplo
1831 2201 2094 2269 juventus

511 2295 601 2338 tua
641 2284 806 2340 fuerit
833 2288 1069 2343 erudita.
1114 2287 1220 2343 Sed
1256 2288 1372 2343 haec
1426 2289 1712 2345 hactenus.
1758 2288 1894 2342 Nam
1933 2288 2093 2343 nobis

514 2374 620 2428 Deo
675 2374 816 2430 duce
873 2384 928 2431 et
976 2377 1198 2445 auspice
1248 2378 1426 2432 nostri
1484 2378 1753 2433 sermonis
1812 2377 2094 2447 proposito

512 2462 877 2533 incipiendum
915 2470 1021 2519 est.
1055 2462 1268 2519 Petiisti
1318 2479 1347 2518 a
1382 2479 1491 2529 me,
1531 2464 1854 2519 charissime
1896 2465 1995 2527 fili,
2036 2474 2094 2520 ut

510 2554 609 2608 tibi
664 2568 912 2624 quamam
972 2555 1044 2609 sit
1086 2554 1325 2625 perfecta
1366 2556 1514 2619 vita,
1557 2555 1848 2628 diligenter
1884 2556 2096 2612 descri-

512 2645 631 2698 bam
677 2663 690 2700 :
741 2646 885 2715 quod
938 2654 991 2701 te
1052 2647 1178 2702 ideo
1239 2648 1375 2703 velle
1424 2663 1537 2703 non
1586 2649 1817 2714 dubito,
1867 2657 1927 2703 ut
1968 2664 2092 2705 cum

511 2740 785 2796 inveneris
815 2740 966 2812 quod
1011 2741 1237 2812 quaeris,
1280 2742 1346 2796 ad
1386 2743 1552 2796 vitam
1609 2748 1756 2796 tuam
1801 2742 1946 2813 quod
2005 2742 2092 2797 in—

510 2831 726 2895 venisti,
766 2831 1168 2888 accommodes.
1211 2832 1322 2903 Ego
1351 2848 1480 2887 vero
1515 2833 1626 2888 duo
1672 2834 1725 2888 in
1772 2834 1871 2887 hac
1922 2849 2011 2899 re,
2039 2843 2094 2888 et

517 2921 681 2976 ambo
705 2921 841 2975 mihi
882 2922 1088 2992 pariter
1114 2922 1498 2991 impossibilia,
1535 2925 1834 2992 conspicio.
1868 2924 2004 2979 Utru
2031 2939 2093 2976 n-

508 3028 617 3083 que
679 3013 847 3076 enim,
886 3021 941 3068 et
1002 3012 1392 3083 perfectionem
1425 3013 1680 3069 videlicet
1722 3017 1843 3071 vitae
1882 3016 2094 3070 ratione

2192 1927 2442 1995 γενέσθαι
2467 1927 2548 1980 σοὶ
2571 1927 2672 1997 τῆς
2701 1927 3005 1992 εὐπειθείας
3026 1926 3348 1996 ὑπόδειγμα.
3373 1925 3434 1978 Εἰ
3456 1925 3568 1995 γάρ
3586 1926 3760 1995 ἡμεῖς,

2191 2022 2240 2073 oi
2284 2019 2556 2074 τοσούτων
2587 2019 2775 2090 ψυχῶν
2806 2020 2865 2073 ἐν
2899 2019 3151 2089 πατέρων
3196 2017 3349 2082 τάξει
3390 2016 3765 2087 προτεταγμέ-

2192 2127 2292 2177 νοι,
2321 2110 2552 2181 πρέπειν
2585 2110 2813 2181 οἰόμεθα
2848 2113 2916 2181 τῇ
2963 2110 3122 2190 πολιᾷ
3150 2109 3343 2179 ταύτῃ,
3378 2107 3632 2179 νεότητος
3665 2123 3765 2159 σω-

2195 2201 2496 2274 φρονούσης
2525 2201 2802 2273 ἐπίταγμα
2848 2201 3102 2273 δέχεσθαι
3122 2240 3136 2264 ,
3168 2198 3348 2270 πολλῴ
3390 2197 3592 2269 μᾶλλον
3624 2196 3766 2259 είκός

2195 2297 2342 2349 ἐστιν
2374 2297 2431 2348 ἐν
2455 2294 2539 2348 σοὶ
2574 2294 2942 2365 κρατυνθῆναι
2984 2294 3045 2346 τὸ
3087 2294 3186 2360 τῆς
3228 2289 3545 2354 εὐπειθείας
3579 2288 3766 2359 κατόρ-

2196 2385 2355 2455 θωμα
2380 2385 2515 2457 πρὸς
2552 2384 2801 2455 ὑπακοὴν
2838 2384 3083 2439 ἑκούσιον
3110 2383 3176 2436 δι’
3216 2384 3373 2453 ἡμῶν
3413 2378 3768 2451 παιδοτριϐη-

2196 2476 2381 2546 θείσης
2412 2492 2493 2529 σοι
2522 2476 2621 2547 τῆς
2643 2474 2914 2544 νεότητος.
2934 2474 3044 2528 Καὶ
3071 2472 3244 2528 ταῦτα
3270 2474 3367 2543 μὲν
3392 2475 3472 2535 είς
3494 2470 3761 2525 τοσοῦτον.

2207 2567 2579 2638 Ἐγχειρητέον
2610 2567 2668 2621 δὲ
2702 2566 2801 2637 ήδη
2840 2565 2919 2637 τῷ
2946 2563 3324 2635 προκειμένῳ,
3355 2564 3488 2617 Θεὸν
3529 2563 3765 2632 καθηγε-

2196 2660 2333 2731 μόνα
2361 2659 2747 2729 ποιησαμένοις
2784 2657 2877 2710 τοῦ
2912 2656 3089 2724 λόγου.
3136 2654 3533 2726 Ἐπεζήτησας,
3558 2650 3605 2708 ὦ
3641 2651 3766 2720 φίλη

2193 2750 2427 2820 κεφαλὴ,
2460 2748 2846 2819 ὑπογραφῆναί
2892 2764 2973 2800 σοι
3006 2748 3136 2817 παρ’
3184 2745 3363 2817 ήμῶν,
3391 2745 3476 2808 τίς
3508 2746 3537 2797 ὁ
3568 2742 3767 2803 τέλειός

2191 2841 2309 2894 ἐστι
2340 2838 2471 2908 βίος·
2503 2838 2704 2909 δηλαδὴ
2737 2836 2869 2908 πρὸς
2892 2836 3048 2889 τοῦτο
3077 2836 3309 2905 βλέπων,
3329 2833 3405 2897 ὡς
3429 2835 3589 2904 εἰπερ
3614 2833 3769 2901 εὐρε-

2192 2930 2312 3001 θείη
2346 2930 2423 2999 τῷ
2452 2929 2595 2999 λόγῳ
2626 2928 2685 2982 τὸ
2710 2928 3163 2999 σπουδαζόμενον,
3185 2927 3534 2997 μετενεγκεῖν
3563 2924 3643 2986 είς
3678 2923 3766 2975 τὸν

2193 3021 2324 3075 ῐδιον
2362 3021 2475 3090 βίον
2496 3020 2594 3091 τὴν
2623 3019 2727 3073 ὑπὸ
2753 3019 2847 3072 τοῦ
2869 3020 3028 3088 λόγου
3063 3017 3393 3089 μηνυθεῖσαν
3415 3015 3597 3085 χάριν.
3628 3012 3770 3079 Ἐγὼ

510 3109 842 3175 describere,
878 3116 931 3165 et
962 3110 1106 3181 quod
1131 3110 1342 3167 ratione
1376 3109 1861 3181 comprehendisti,
1895 3112 1950 3164 in
1979 3112 2085 3164 vita

2192 3111 2247 3164 δὲ
2280 3111 2337 3163 ἐν
2368 3109 2696 3180 ἀμφοτέροις
2734 3110 2929 3178 ἐπίσης
2959 3107 3253 3180 ἀμηχανῶ·
3280 3106 3343 3160 τό
3382 3123 3443 3158 τε
3471 3107 3581 3175 γάρ
3618 3121 3771 3174 περι-

508 3201 628 3271 ipsa
648 3208 976 3264 monstrare,
1003 3216 1170 3272 supra
1198 3202 1342 3257 vires
1367 3217 1515 3256 meas
1535 3217 1658 3257 esse
1682 3202 1837 3257 facile
1862 3202 2041 3258 fateor
2066 3221 2080 3258 :

507 3291 709 3362 quippe
737 3291 829 3361 qui
857 3301 1039 3362 putem
1075 3293 1262 3346 multis
1306 3293 1469 3348 etiam
1509 3293 1561 3346 in
1591 3294 1793 3348 virtute
1824 3303 2086 3363 praestan—

511 3381 741 3436 tioribus
766 3387 819 3435 et
856 3383 1070 3451 magnis
1109 3382 1330 3435 omnino
1381 3382 1514 3437 viris
1543 3382 1782 3437 dillicilia
1819 3382 1930 3438 hzrc
1963 3400 2087 3440 esse

508 3473 682 3538 dictu,
716 3472 828 3527 imo
887 3488 1018 3529 vero
1070 3472 1448 3541 impossibilia.
1533 3471 1733 3527 Verum
1774 3489 1842 3527 ne
1898 3475 2087 3529 videar

509 3563 583 3619 ibi
607 3565 814 3628 timere,
878 3571 939 3618 ut
972 3563 1260 3620 Psalmista
1306 3564 1452 3630 ait’,
1494 3563 1584 3618 ubi
1618 3564 1783 3617 timor
1833 3579 1939 3618 non
1980 3570 2083 3631 est,

509 3655 729 3725 planum
765 3655 817 3711 id
863 3655 935 3710 ita
978 3655 1196 3710 faciam.
1248 3654 1516 3711 Perfectio
1565 3654 1621 3710 in
1648 3654 1922 3726 omnibus
1963 3655 2087 3712 aliis

507 3762 627 3817 quae
665 3762 829 3804 sensu
861 3747 1256 3817 percipiuntur,
1296 3746 1543 3801 terminis
1583 3745 1910 3816 quibusdam
1938 3761 2089 3801 com-

506 3837 884 3909 prehenditur,
914 3844 974 3890 ut
1010 3837 1164 3891 verbi
1222 3850 1410 3900 causa,
1442 3836 1497 3889 in
1528 3843 1731 3905 quanto
1768 3843 1878 3889 tam
1910 3835 2088 3891 conti-

508 3943 619 3985 nuo
658 3942 821 3998 quam
851 3926 1108 3981 discreto.
1139 3924 1329 3981 Omnis
1354 3926 1498 3979 enim
1527 3940 1782 3979 mensura
1809 3926 2087 3995 quantita-

509 4020 582 4075 tis
607 4015 1188 4088 propriisquibusdam
1237 4014 1485 4071 terminis
1537 4016 1902 4070 cnncludilur.
1950 4013 2086 4069 Nam

507 4109 603 4179 qui
628 4107 695 4163 ad
746 4105 990 4161 cubitum
1040 4106 1124 4161 vel
1168 4103 1449 4160 denarium
1494 4105 1717 4173 respicit
1775 4121 2085 4169 numerum,

509 4212 617 4253 non
650 4205 735 4253 est
757 4196 1000 4260 nescius,
1024 4194 1167 4249 unde
1187 4203 1479 4265 utrumque
1505 4196 1738 4250 istorum
1774 4196 2000 4267 incepit,
2034 4204 2088 4251 et

507 4302 617 4358 quo
646 4287 836 4348 exivit,
866 4285 1066 4356 quibus
1091 4284 1307 4337 illorum
1338 4284 1461 4339 finis
1480 4285 1742 4340 habeatur
1772 4293 1935 4356 atque
1966 4301 2090 4356 per—

509 4378 691 4434 fectio.
718 4375 773 4430 In
797 4377 997 4431 virtute
1028 4389 1154 4430 vero
1184 4374 1329 4430 hunc
1359 4375 1428 4430 ab
1447 4377 1712 4446 Apostolo
1735 4376 2088 4447 perfectionis

2188 3202 2368 3256 λαϐεῖν
2401 3200 2542 3270 λόγῳ
2566 3198 2660 3270 τὴν
2690 3199 3025 3269 τελειότητα,
3062 3198 3238 3251 καὶτὸ
3267 3196 3359 3249 ἐπὶ
3393 3195 3489 3248 τοῦ
3524 3195 3639 3265 βίου
3662 3193 3768 3247 δεῖ·

2188 3292 2275 3359 ξαι
2297 3294 2433 3363 ὅπερ
2464 3292 2530 3346 ἂν
2560 3293 2589 3345 ό
2617 3290 2772 3359 λόγος
2794 3292 3125 3361 κατανοήσῃ,
3154 3289 3293 3360 ὑπὲρ
3323 3287 3419 3359 τὴν
3446 3286 3585 3358 ἐμὴν
3617 3284 3769 3340 δύνα·

2192 3403 2284 3455 μιν
2324 3385 2582 3455 ἑκάτερον
2629 3384 2833 3437 τούτων
2882 3378 3021 3437 εἷναί
3054 3400 3215 3452 φημι.
3250 3380 3404 3451 Τάχα
3431 3379 3489 3433 δὲ
3536 3380 3639 3431 οὐκ
3664 3379 3772 3445 ἐγὼ

2193 3478 2371 3547 μόνος,
2405 3476 2541 3530 ἀλλὰ
2584 3476 2675 3529 καὶ
2726 3475 2911 3529 πολλοὶ
2946 3477 3055 3527 τῶν
3115 3474 3364 3545 μεγάλων
3394 3489 3453 3524 τε
3503 3471 3601 3525 καὶ
3653 3471 3770 3524 κατ’

2189 3568 2390 3639 ἀρετὴν
2422 3567 2780 3637 προεχόντων,
2817 3567 3116 3636 ἀνέφικτον.
3128 3566 3309 3627 αὐτοῖς
3341 3559 3481 3616 εἶναι
3509 3562 3570 3614 τὸ
3600 3558 3773 3614 τοιοῦ-

2188 3674 2278 3710 τον
2335 3657 2777 3726 ὁμολογήσουσιν.
2816 3655 2902 3717 Ὠς
2928 3654 2973 3707 δ’
3003 3654 3070 3707 ἂν
3115 3654 3191 3725 μὴ
3238 3650 3469 3721 δοκοίην,
3497 3648 3644 3702 κατὰ
3684 3647 3772 3700 τὸν

2181 3746 2474 3819 Ψαλμῳδὸν
2511 3748 2685 3800 είπεῖν
2710 3787 2723 3811 ,
2760 3747 2875 3799 ἐκεῖ
2914 3743 3196 3813 φοϐεῖσθαι
3250 3741 3413 3810 φόϐον
3437 3782 3452 3807 ,
3484 3741 3621 3793 ὅπου
3673 3740 3773 3792 οὐκ

2191 3839 2305 3892 ἐστι
2337 3837 2499 3908 φόϐος
2519 3854 2534 3869 ο
2566 3836 2919 3907 σαφέστερον,
2943 3836 2972 3889 ὃ
2993 3834 3273 3906 βούλομαι,
3300 3833 3643 3903 παραστήσω
3664 3847 3768 3884 σοι.

2202 3930 2265 3983 Ἥ
2291 3929 2562 4001 τελειότης
2594 3930 2687 3982 ἐπὶ
2735 3928 2833 3998 μὲν
2871 3927 2978 3980 τῶν
3021 3926 3196 3981 ἄλλων
3228 3925 3483 3979 ἁπάντων
3504 3963 3519 3986 ,
3552 3924 3657 3975 ὅσα
3704 3922 3769 3992 τῇ

2188 4021 2434 4093 αἰσθήσει
2462 4022 2760 4092 μετρεῖται,
2790 4018 2988 4089 πέρασί
3020 4035 3162 4071 τισιν
3191 4016 3519 4089 ὡρισμένοις
3544 4013 3772 4082 διαλαμ-

2189 4113 2431 4176 ϐάνεται,
2458 4105 2569 4165 οἷον
2589 4110 2682 4163 ἐπὶ
2708 4109 2801 4164 τοῦ
2824 4107 3013 4167 ποσοῦ.
3042 4106 3135 4160 τοῦ
3174 4122 3233 4158 τε
3273 4102 3529 4173 συνεχοῦς
3556 4103 3653 4155 καὶ
3679 4099 3769 4153 τοῦ

2188 4201 2567 4275 διωρισμένου.
2606 4202 2720 4255 Πᾶν
2751 4200 2861 4271 γὰρ
2890 4198 2951 4253 τὸ
2979 4201 3036 4252 ἐν
3080 4197 3338 4266 ποσότητι
3378 4194 3596 4265 μέτρον,
3627 4192 3771 4253 ίδίοις

2188 4294 2330 4347 τισὶν
2359 4294 2506 4363 ὅροις
2554 4290 2941 4363 ἐμπεριέχεται
2965 4306 2981 4322 ο
3012 4289 3109 4341 καὶ
3134 4287 3164 4338 ὁ
3207 4285 3344 4356 πρὸς
3372 4284 3463 4337 τὸν
3499 4285 3703 4352 πῆχυν,
3737 4280 3769 4349 ἢ

2189 4385 2287 4457 τὴν
2337 4382 2429 4438 τοῦ
2459 4381 2692 4454 ἀριθμοῦ
2733 4381 2932 4435 δεκάδα
2971 4379 3207 4449 βλέπων,
3240 4372 3347 4429 οῐὸε
3378 4373 3440 4427 τὺ
3488 4373 3599 4427 ἀπό
3630 4388 3770 4433 τινος

506 4470 798 4525 terminum
852 4483 974 4524 esse
1005 4466 1330 4530 didicimus,
1363 4468 1507 4537 quod
1538 4468 1720 4523 nullus
1760 4470 1814 4523 in
1858 4470 1973 4540 ipsa
2017 4470 2088 4525 sit

2192 4475 2515 4550 ἀρξάμενον,
2547 4475 2641 4527 καὶ
2693 4474 2771 4536 είς
2802 4473 2856 4526 τὶ
2907 4469 3236 4540 καταλῆξαν,
3267 4468 3326 4520 ἐν
3360 4459 3406 4533 ᾧ
3435 4467 3550 4518 ἐστι
3592 4462 3656 4515 τὺ
3685 4462 3770 4514 τέ-

507 4559 772 4615 terminus
802 4578 815 4614 :
847 4560 1045 4630 quippe
1069 4573 1192 4612 cum
1212 4559 1303 4614 ille
1329 4559 1445 4629 ipse
1461 4557 1665 4615 Paulus
1682 4559 1746 4626 ¹’,
1769 4560 2087 4630 γίνξόὶνίιιιιε

507 4663 561 4710 et.
589 4661 765 4708 mente
789 4654 1114 4715 altissimus,
1147 4668 1363 4723 semper
1394 4667 1457 4708 ac
1477 4652 1683 4724 jugiter
1712 4669 1809 4724 per
1832 4655 2084 4708 virtutem

508 4758 667 4798 suum
721 4757 943 4797 cursum
970 4732 1322 4809 xintenderet,
1362 4758 1463 4797 nec
1508 4758 1747 4812 unquam
1782 4743 1848 4796 ad
1878 4743 2088 4812 majora

506 4832 874 4888 causcendere
901 4828 1195 4902 negligeret
1230 4850 1243 4887 :
1281 4848 1389 4886 non
1420 4833 1565 4886 enim
1602 4839 1775 4886 tutum
1807 4832 1880 4886 illi
1910 4841 2026 4887 erat
2056 4847 2085 4885 a

508 4939 672 4979 cursu
700 4923 967 4980 desistere
998 4942 1010 4979 :
1055 4939 1153 4979 cur
1196 4925 1270 4979 ita
1303 4925 1326 4977 ?
1373 4923 1643 4990 Quoniam
1690 4940 1850 4979 omne
1882 4925 2084 4979 bonum

508 5014 623 5085 ipsa
654 5022 871 5079 natura,
905 5030 1009 5085 qua
1029 5014 1229 5070 bonum
1264 5024 1369 5079 est,
1402 5031 1515 5071 non
1570 5015 1733 5071 habet
1768 5016 2083 5075 terminum.

506 5107 598 5162 sed
657 5106 925 5162 contrarii
980 5109 1389 5176 comparatione
1445 5107 1796 5172 terminatur,
1860 5117 1921 5163 ut
1975 5108 2083 5163 vita

503 5207 699 5265 morte,
738 5199 829 5254 lux
858 5199 1117 5263 tenebris,
1146 5207 1198 5254 et
1228 5200 1450 5255 omnino
1494 5199 1695 5255 bonum
1728 5215 1889 5255 omne
1928 5202 1981 5255 in
2020 5215 2086 5254 eo

506 5290 724 5354 desinit,
782 5290 927 5361 quod
992 5290 1093 5358 ipsi
1167 5292 1505 5345 contrarium
1557 5307 1681 5348 esse
1738 5284 2078 5359 intelligitur.

508 5376 687 5439 Quare
715 5377 1177 5449 quemadmodum
1209 5381 1332 5433 vitae
1359 5381 1485 5436 linis
1515 5383 1709 5437 mortis
1742 5381 1956 5436 initium
1976 5389 2077 5445 est,

507 5468 587 5522 sic
613 5486 810 5524 cursus
859 5470 1031 5540 ipsius
1063 5469 1185 5529 finis
1210 5472 1302 5540 qui
1350 5470 1649 5535 secundum
1690 5472 1943 5527 virtutem
1975 5482 2079 5536 est,

511 5555 687 5613 vitiosi
716 5574 915 5614 cursus
950 5561 1165 5615 initium
1224 5562 1523 5618 invenitur.
1584 5561 1699 5617 Non
1742 5564 1907 5633 igitur
1945 5563 2082 5618 falso

576 5780 596 5810 ’
631 5778 776 5834 Psal.
810 5792 930 5843 xm,
966 5781 1046 5833 l5.
1124 5784 1165 5813 “
1203 5783 1433 5855 Philipp.
1468 5801 1547 5840 Ill.

2190 4569 2331 4622 λειον
2362 4566 2527 4636 ἔχειν.
2572 4565 2696 4617 Ἐπὶ
2725 4563 2782 4616 δὲ
2825 4561 2925 4632 τῆς
2958 4561 3159 4632 ἀρετῆς
3185 4556 3338 4627 παρὰ
3365 4553 3460 4609 τοῦ
3511 4551 3769 4606 Ἀποστό-

2190 4658 2284 4713 λου
2332 4658 2429 4711 ἕνα
2458 4654 2792 4726 τελειότητος
2822 4654 2946 4723 ὅρον
2979 4649 3276 4721 ἐμάθομεν,
3300 4645 3362 4698 τδ
3397 4644 3470 4714 μὴ
3499 4642 3650 4713 ἔχειν
3676 4642 3770 4695 αύ-

2190 4751 2291 4817 τὴν
2319 4750 2465 4818 ὅρον.
2509 4747 2568 4799 ’0
2595 4744 2702 4815 γὰρ
2740 4743 2905 4804 πολὺς
2932 4743 3139 4803 ἐκεῖνος
3173 4738 3267 4792 καὶ
3293 4734 3496 4805 ὑῂλὸς
3519 4733 3620 4803 τὴν
3656 4731 3768 4785 διά-

2191 4858 2359 4902 νοιαν,
2377 4840 2406 4891 ό
2422 4839 2561 4901 θεῖος
2587 4835 2924 4897 Ἀπόστολος,
2940 4832 3027 4886 διὰ
3047 4831 3144 4903 τῆς
3157 4829 3357 4899 ἀρετῆς
3378 4826 3609 4897 τρέχων,
3623 4823 3769 4877 οὐδέ-

2191 4948 2324 4984 ποτε
2374 4931 2487 4992 τοῖς
2539 4914 2845 4999 ἔμπροσθεν
2906 4920 3352 4990 ἐπεκτεινόμενος
3402 4914 3627 4985 ἔληξεν·
3655 4914 3772 4967 οὐδὲ

2188 5022 2298 5092 γὰρ
2335 5019 2583 5089 ἀσφαλὴς
2619 5016 2765 5087 αὐτῷ
2793 5011 2860 5086 ῆν
2895 5017 2929 5083 ή
2952 5011 3047 5066 τοῦ
3072 5011 3270 5083 δρόμου
3296 5008 3506 5069 στάσις.
3547 5003 3648 5057 Διὰ
3686 5003 3768 5057 τί;

2191 5091 2311 5165 Ὅτι
2345 5112 2452 5163 πᾶν
2477 5107 2679 5175 ἀγαθὸν
2707 5109 2773 5177 τῇ
2801 5103 2995 5158 ἑαυτοῦ
3028 5101 3187 5172 φύσει
3219 5099 3344 5169 ὅρον
3380 5096 3480 5149 οὐκ
3534 5093 3672 5163 ἔχει,
3707 5091 3770 5159 τῇ

2187 5204 2244 5257 δὲ
2276 5202 2368 5255 τοῦ
2398 5198 2642 5253 ἐναντίου
2700 5195 3001 5268 παραθέσει
3040 5190 3277 5263 ὁρίζεται
3300 5204 3313 5217 ο
3345 5186 3420 5248 ὡς
3448 5187 3481 5254 ἡ
3527 5183 3664 5253 ζωὴ,
3698 5180 3774 5251 τῷ

2190 5294 2432 5363 θανάτῳ·
2463 5290 2559 5345 καὶ
2595 5289 2656 5341 τὸ
2691 5287 2827 5358 φῶς,
2857 5286 2935 5355 τῷ
2963 5284 3141 5337 σκότει
3161 5300 3173 5313 ’
3203 5280 3297 5333 καὶ
3322 5279 3429 5330 πᾶν
3458 5276 3598 5337 ὅλως
3639 5275 3772 5363 ἀγα-

2190 5385 2280 5437 θὸν
2311 5360 2389 5445 εἰς
2419 5381 2597 5434 πάντα
2623 5379 2691 5432 τὰ
2727 5379 2838 5439 τοῖς
2879 5373 3101 5443 ἀγαθοῖς
3130 5374 3194 5423 ἐκ
3232 5367 3326 5421 τοῦ
3354 5365 3598 5420 ἐναντίου
3627 5360 3772 5415 νοού-

2156 5461 2161 5465 ’
2196 5492 2352 5545 μενα,
2373 5474 2547 5544 λήγει.
2590 5471 2677 5534 Ὠς
2712 5469 2819 5539 γὰρ
2841 5468 2901 5520 τὸ
2932 5465 3032 5534 τῆς
3065 5462 3209 5532 ζωῆς
3239 5461 3394 5520 τέλος
3430 5457 3577 5527 ἁρχὴ
3613 5455 3770 5508 θανα-

2191 5585 2282 5620 του
2311 5566 2456 5619 ἐστὶν
2478 5582 2491 5595 ’
2515 5563 2656 5617 οὕτω
2692 5563 2784 5615 καὶ
2811 5560 2903 5613 τοῦ
2926 5559 3047 5612 κατ’
3066 5555 3266 5627 ἀρετὴν
3294 5553 3497 5623 δρόμου
3532 5551 3568 5619 ή
3590 5547 3769 5606 στάσις
