3890 6400
202 391 295 448 τοι

1520 382 1608 436 DE
1644 381 1810 437 VITA
1848 377 2122 438 MOYSlS.

3386 374 3488 429 502

205 507 343 580 ἀρχὴ
372 503 473 559 τοῦ
506 503 654 557 κατὰ
672 502 869 556 κακίαν
904 501 1109 570 γίνεται
1151 501 1372 573 δρόμου.
1399 499 1608 556 Οὐκοῦν
1638 504 1698 555 οὑ
1729 502 1808 556 δι-

1914 514 1942 554 a
1970 498 2131 554 nobis
2183 496 2392 551 dictum
2424 504 2508 553 est
2564 494 2905 566 impossibile
2926 507 3051 549 esse
3097 490 3487 563 perfectionem

209 596 443 668 εψεύσθη
473 599 503 650 ό
532 596 690 662 λόγος
714 596 867 665 ἡμῖν,
883 594 1162 664 ἀμήχανον
1187 594 1280 647 ἐπὶ
1298 594 1397 665 τῆς
1422 594 1623 665 ἀρετῆς
1661 592 1798 649 εἶναι

212 691 304 761 τὴν
316 688 419 758 τῆς
440 686 784 757 τελειότητος
807 684 1099 757 περίληψιν
1113 685 1286 754 λέγων
1308 702 1321 714 ο
1343 686 1558 765 ἐδείχθη
1575 685 1704 755 γοῦν
1720 689 1800 742 ὅτι

212 783 281 834 τὸ
298 778 804 851 διαλαμϐανόμενον
848 777 1101 848 πέρασιν,
1133 776 1306 848 ἀρετὴ
1328 777 1428 831 οὐκ
1455 777 1623 832 ἐστιν.

291 871 451 925 Ἐπεὶ
480 870 540 923 δὲ
571 870 668 924 καὶ
703 870 815 932 τοῖς
853 866 1097 939 μετιοῦσι
1142 868 1234 920 τὸν
1274 869 1396 921 κατ’
1424 869 1626 940 ἀρετὴν
1666 868 1800 940 βίον,

214 962 473 1017 ἀδύνατον
491 958 631 1015 εἶναι
656 955 808 1014 εἷπον
836 958 898 1012 τδ
922 957 1176 1029 ἐπιϐῆναι
1206 958 1306 1028 τῆς
1334 959 1684 1030 τελειότητος·
1710 958 1802 1013 οὓ-

213 1071 318 1118 τως
343 1056 373 1108 δ
393 1053 551 1123 λόγος
567 1052 662 1107 καὶ
679 1051 806 1123 περὶ
825 1050 1017 1103 τούτου
1046 1049 1531 1121 σαφηνισθήσεται.
1552 1050 1627 1103 Τὸ
1654 1050 1804 1121 πρώ-

213 1164 319 1210 τως
342 1147 442 1199 καὶ⁵
464 1143 674 1212 κυρίως
709 1142 931 1212 ἀγαθὸν,
972 1135 1034 1196 οὗ
1060 1143 1095 1212 ἡ
1136 1140 1298 1210 φύσις
1329 1140 1602 1212 ἀγαθότης
1632 1142 1800 1206 ἐστὶν,

214 1236 344 1291 αὐτὸ
361 1229 609 1302 τδΘείον,
627 1233 656 1286 ὅ
674 1233 727 1287 τί
743 1249 874 1286 ποτε
893 1234 961 1303 τῇ
982 1230 1140 1301 φύσει
1158 1232 1378 1295 νοεῖται,
1397 1229 1556 1283 τοῦτο
1573 1230 1666 1285 καὶ
1688 1229 1803 1284 ἔστι

214 1326 308 1381 καὶ
333 1323 681 1395 ὀνομάζεται.
729 1321 882 1376 Ἐπεὶ
906 1317 1000 1375 οὖν
1023 1320 1200 1385 οὐδεὶς
1244 1321 1448 1392 ἀρετῆς
1475 1321 1621 1391 ὅρος,
1664 1320 1804 1393 πλὴν

215 1419 436 1485 κακίας,
449 1416 686 1487 ἐδείχθη,
698 1414 1074 1486 ἀπαράδεκτον
1091 1413 1149 1465 δὲ
1164 1410 1257 1466 τοῦ
1281 1410 1524 1466 ἐναντίου
1548 1412 1611 1464 τὸ
1627 1411 1800 1465 Θεῖονο

213 1512 468 1584 ἀόριστος
487 1508 593 1581 ἀρα
617 1508 710 1561 καὶ
736 1505 1092 1577 ἀπεράτωτος
1120 1507 1155 1576 ἡ
1184 1504 1304 1557 θεία
1330 1502 1493 1573 φύσις
1524 1503 1805 1574 καταλαμ-

214 1602 457 1656 ϐἀνεται.
500 1596 660 1650 Ἀλλά
692 1596 797 1667 μὴν
834 1598 863 1649 δ
893 1593 992 1665 τὴν
1023 1593 1200 1663 ἀληθῆ
1231 1591 1432 1663 μετιὼν
1462 1591 1686 1663 ἀρετὴν,
1714 1592 1806 1644 οὑ-

214 1691 303 1746 δὲν
325 1691 514 1764 ἕτερον
542 1688 575 1758 ἢ
602 1687 737 1741 Θεοῦ
771 1686 990 1756 μετέχει
1014 1703 1026 1715 ·
1053 1684 1185 1738 διότι
1217 1683 1381 1747 αὑτός
1419 1686 1566 1736 ἐστιν
1604 1685 1637 1754 ὴ
1669 1700 1806 1737 παν-

213 1781 373 1853 τελὴς
401 1780 591 1852 ἀρετή.
639 1778 792 1832 Ἐπεὶ
821 1773 915 1831 οὖν
939 1776 998 1830 τὸ
1031 1778 1097 1847 τῇ
1125 1775 1286 1846 φύσει
1318 1774 1504 1837 καλὸν,
1533 1774 1806 1846 ἐπιθυμη-

214 1876 308 1928 τὸν
330 1877 411 1938 είς
438 1871 731 1944 μετουσίαν
748 1871 964 1935 πάντως
992 1869 1110 1923 ἐστὶ
1138 1871 1247 1932 τοῖς
1270 1866 1618 1936 γινώσκουσι,
1649 1868 1806 1921 τοῦτο

213 1966 276 2021 δὲ
306 1966 434 2036 ὅρον
464 1965 564 2018 οὑκ
611 1962 723 2034 ἔχει
747 1979 762 1992 ·
813 1960 1126 2030 ἀναγκαίως
1155 1960 1250 2014 καὶ
1290 1962 1325 2031 ἡ
1351 1959 1447 2013 τοῦ
1490 1959 1807 2030 μετέχοντος

216 2056 486 2127 ἐπιθυμία
511 2056 588 2126 τῷ
615 2054 852 2126 ἀορίστῳ
893 2051 1444 2123 συμπαρατείνουσα,
1481 2050 1669 2107 στάσιν
1709 2052 1810 2105 οὑκ

204 2145 351 2221 εχει.
411 2148 622 2203 Οὐκοῦν
661 2147 864 2218 ἄπορόν
921 2147 1039 2199 ἐστι
1091 2144 1405 2199 παντάπασι
1462 2143 1557 2197 τοῦ
1601 2142 1808 2196 τελείου

214 2240 434 2309 τυχεῖνο
485 2238 615 2292 διότι
662 2239 696 2307 ἡ
732 2237 1026 2308 τελειότης,
1055 2235 1238 2300 καθὼς
1283 2237 1517 2309 εἴρηται,
1559 2237 1706 2307 ὅροις
1747 2235 1808 2288 οὑ

213 2328 643 2399 διαλαμϐάνεται
679 2346 692 2358 ·
748 2327 850 2398 τῆς
893 2327 955 2381 δὲ
998 2328 1198 2397 ἀρετῆς
1248 2320 1329 2390 εἷς
1379 2327 1503 2397 ὅρος
1550 2326 1689 2387 ἐστὶ,
1752 2324 1810 2377 τὸ

215 2421 490 2491 ἀόριστον.
542 2418 667 2483 Πῶς
712 2414 807 2472 οὖν
854 2417 920 2472 ἄν
954 2432 1039 2482 τις
1081 2418 1173 2471 ἐπὶ
1208 2417 1271 2470 τὸ
1311 2416 1641 2488 ζητούμενον
1675 2415 1810 2484 φθά-

214 2528 334 2565 σειε
372 2512 584 2582 πέρας,
631 2511 731 2582 οὑχ
764 2511 1037 2583 εὑρίσκων
1067 2508 1125 2562 τὸ
1163 2509 1371 2578 πέρας;
1404 2508 1480 2561 Οὐ
1515 2508 1621 2578 μὴν
1653 2508 1807 2560 ἐπειο

212 2602 283 2672 δὴ
329 2601 558 2657 καθόλου
598 2602 658 2654 τὸ
703 2601 1034 2671 ζητούμενον
1070 2600 1307 2670 ἄληπτον
1337 2601 1366 2653 ὁ
1396 2599 1553 2667 λόγος
1597 2597 1809 2651 ὑπέδει-

215 2692 344 2761 ξεν,
373 2692 677 2764 ἀμελητέον
705 2692 772 2747 ἂν
806 2692 893 2764 εἴη
933 2692 1033 2762 τῆς
1074 2691 1297 2760 ἐντολῆς
1334 2691 1427 2745 τοῦ
1476 2691 1715 2761 Κυρίου,
1772 2690 1806 2759 ἥ

217 2803 356 2855 φησι
378 2803 392 2817 ·
447 2805 467 2838 ι
487 2785 710 2841 Γίνεσθε
749 2784 966 2849 τέλειοι,
1000 2786 1077 2848 ὡς
1126 2786 1154 2838 ό
1190 2784 1377 2855 Πατὴρ
1403 2781 1557 2853 ὑμῶν
1584 2783 1614 2835 ὁ
1646 2782 1808 2853 οὐρά.

214 2895 331 2941 νιος
354 2877 560 2941 τέλειός
589 2879 755 2931 ἐστιν.
782 2896 800 2929 ι
851 2875 975 2930 Ἐπὶ
1006 2877 1114 2950 γὰρ
1146 2875 1254 2930 τῶν
1281 2876 1441 2944 φύσει
1468 2873 1670 2939 καλῶν,
1704 2873 1807 2928 κᾶν

217 2969 299 3038 μὴ
333 2967 431 3023 τοῦ
466 2967 667 3032 παντὸς
696 2970 876 3038 τυχεῖν
905 2967 1129 3021 δυνατὸν
1158 2965 1218 3041 ᾖ,
1262 2966 1325 3019 τὸ
1356 2964 1452 3020 καὶ
1484 2965 1559 3036 μὴ
1588 2963 1681 3017 τοῦ
1713 2963 1809 3033 μέ·-

216 3076 353 3130 ρους
405 3060 713 3129 ἀποτυχεῖν,
762 3058 954 3131 κέρδος
998 3058 1065 3113 ἃν
1117 3058 1202 3128 εἴη
1251 3056 1393 3127 μέγα
1436 3059 1548 3119 τοῖς
1582 3072 1644 3124 γε
1684 3054 1807 3108 νοῦν

213 3150 427 3220 ἔχουσι.
452 3152 638 3206 Πᾶσαν
657 3152 835 3204 τοίνυν
849 3149 1180 3204 ὲπῶεικτέον
1207 3146 1464 3219 σπουδὴν,
1502 3145 1576 3218 μὴ
1608 3162 1808 3199 παντε-

1905 603 1971 643 ac
2000 589 2161 643 finem
2211 587 2430 642 virtutis
2484 585 3000 657 comprehendere:
3051 583 3489 639 demonstratum

1902 680 2048 735 enim
2080 678 2193 750 jam
2222 687 2327 743 εει,
2374 677 2520 749 quod
2566 678 2733 733 nullis
2754 677 2929 733 virtus
2956 676 3206 732 terminis
3238 676 3490 731 contine-

1906 776 2020 824 tur.
3142 825 3152 837 .

1973 858 2131 915 Nunc
2180 870 2360 917 autem
2426 861 2658 916 alterum
2697 861 2882 926 etiam,
2935 859 3080 931 quod
3121 859 3334 915 scilicet
3372 859 3489 913 im-

1904 951 2169 1022 possibile
2214 953 2287 1007 sit
2322 952 2426 1018 eis,
2482 953 2576 1024 qui
2606 967 2733 1007 cum
2765 953 2970 1008 virtute
3008 953 3221 1018 vivunt,
3261 952 3329 1005 ad
3365 967 3491 1022 per-

1906 1043 2197 1099 fectionem
2248 1044 2522 1114 finemque
2568 1045 2813 1111 virtutis,
2840 1044 3147 1116 pervenire,
3192 1044 3352 1099 nobis
3391 1059 3490 1099 ex-

1905 1137 2241 1206 planandum
2274 1135 2511 1192 videtur.
2551 1136 2795 1191 Primum
2832 1137 3002 1206 igitur
3031 1150 3094 1189 ac
3135 1135 3356 1205 proprie
3384 1135 3488 1190 bo-

1905 1243 2061 1293 num,
2114 1227 2277 1297 cujus
2308 1235 2507 1282 natura
2556 1228 2771 1283 bonitas
2801 1234 2907 1293 est,
2944 1225 3107 1292 Deus,
3161 1227 3307 1291 dico,
3347 1228 3487 1297 ipse,

1905 1319 2277 1390 quodcunque
2327 1329 2528 1373 natura
2573 1333 2694 1374 esse
2742 1318 3087 1389 intelligitur,
3145 1317 3382 1388 idipsum
3434 1328 3492 1373 et

1904 1420 2010 1476 est,
2065 1419 2120 1467 et
2172 1419 2562 1482 nuncupatur:
2619 1426 2742 1481 qua:
2786 1411 3007 1483 quidem
3057 1409 3241 1464 divina
3296 1418 3492 1465 natura

1908 1502 2197 1571 (quoniam
2233 1501 2422 1557 nullus
2476 1503 2698 1558 virtutis
2738 1502 3008 1558 terminus
3052 1510 3251 1572 praeter
3297 1503 3491 1556 vitium

1905 1602 2010 1657 est,
2048 1602 2110 1648 ut
2151 1593 2263 1663 jam
2316 1594 2626 1650 rationibus
2670 1593 3171 1662 comprobavimus,
3222 1592 3494 1649 Divinitas

1905 1685 2050 1740 enim
2080 1686 2413 1741 contrarium
2451 1686 2730 1756 suscipere
2759 1701 2867 1740 non
2901 1689 3100 1756 potest)
3140 1686 3492 1739 interminata

1906 1784 1991 1833 est
2019 1792 2083 1834 ac
2110 1778 2346 1833 infinita.
2386 1778 2457 1833 At
2487 1794 2617 1834 vero
2639 1781 2733 1849 qui
2762 1794 2873 1832 non
2916 1779 3192 1845 simulate,
3236 1778 3332 1833 sed
3362 1794 3494 1833 [vere

1906 1870 2168 1924 virtutem
2217 1870 2491 1941 sequitur,
2546 1869 2679 1936 Deo,
2715 1870 2809 1940 qui
2862 1868 3105 1938 perfecta
3154 1870 3333 1925 virtus
3385 1877 3490 1933 εει,

1911 1960 2331 2031 participatione
2378 1961 2753 2032 coniungitur.
2802 1959 2947 2016 Deus
2980 1969 3161 2016 autem
3192 1961 3490 2015 terminum

1910 2067 2021 2106 non
2072 2051 2255 2107 habet.
2291 2050 2476 2118 Quare
2519 2066 2645 2106 cum
2686 2051 2807 2121 ejus
2858 2052 3002 2122 quod
3046 2058 3244 2104 natura
3283 2051 3489 2105 bomun

1908 2156 2014 2209 est,
2062 2144 2287 2199 omnino
2332 2144 2630 2215 participes
2657 2159 2780 2200 esse
2828 2144 3161 2208 desiderent,
3212 2144 3304 2213 qui
3347 2142 3483 2197 illud

1909 2242 2213 2296 noverunt.
2260 2250 2490 2291 necesse
2519 2244 2625 2299 est,
2676 2235 3056 2307 participantis
3088 2249 3308 2313 quoque
3341 2234 3492 2289 desi-

1909 2327 2146 2391 derium,
2170 2342 2293 2382 cum
2315 2326 2382 2381 ad
2406 2328 2818 2384 interminatum
2841 2328 3225 2399 infinitumque
3249 2329 3491 2399 seipsum

1908 2416 2186 2482 extendat,
2208 2419 2420 2472 nullum
2435 2418 2631 2473 habeat
2665 2419 2893 2485 exitum,
2944 2434 3051 2488 quo
3066 2433 3283 2474 cessare
3298 2418 3491 2489 possit.

1909 2507 2057 2574 Quas
2087 2509 2158 2564 ob
2195 2509 2358 2565 ressi
2401 2508 2572 2564 nullis
2612 2509 2737 2564 vita:
2770 2511 3039 2580 perfectio
3071 2510 3323 2565 terminis
3356 2524 3493 2563 con-

1909 2600 2134 2666 tinetur,
2168 2601 2215 2655 si
2245 2600 2468 2655 virtutis
2496 2600 2551 2654 id
2582 2601 2761 2670 ipsum
2788 2601 3056 2656 terminus
3080 2609 3183 2664 est,
3224 2600 3372 2669 quod
3407 2598 3492 2654 in-

1908 2693 2201 2747 terminata
2225 2692 2316 2757 sit,
2342 2692 2682 2762 impossibile
2705 2692 2931 2747 omnino
2960 2702 3065 2756 εει,
3100 2692 3175 2746 ita
3199 2691 3493 2761 perfectio-
3538 2686 3544 2694 ’

1908 2799 2033 2839 nem
2072 2785 2216 2839 hane
2244 2793 2340 2839 aut
2384 2796 2442 2840 re
2470 2786 2761 2854 consequi,
2809 2793 2904 2839 aut
2932 2785 3115 2841 verbis
3150 2783 3394 2853 assequi,
3434 2791 3493 2837 ut

1908 2875 1974 2930 ad
2008 2875 2205 2931 altiora
2264 2876 2409 2931 ullus
2464 2890 2731 2932 ascensus
2794 2876 3158 2946 relinquatur.
3206 2874 3494 2941 Quomodo

1909 2967 2077 3037 igitur
2109 2967 2175 3022 ad
2236 2966 2403 3022 finem
2437 2969 2728 3038 quaesitum
2795 2967 3066 3037 quispiam
3126 2973 3495 3037 perventurus

1906 3068 2009 3121 est,
2043 3072 2168 3114 cum
2196 3057 2321 3114 finis
2349 3060 2533 3114 nullus
2560 3058 2922 3115 inveniatur?
2960 3058 3077 3113 Non
3108 3067 3316 3121 tamen,
3350 3073 3494 3128 quo-

1908 3152 2057 3204 niam
2121 3150 2269 3220 quod
2308 3151 2574 3222 quaeritur
2623 3152 2827 3206 exitum
2880 3165 2991 3205 non
3048 3150 3230 3215 habet,
3287 3149 3496 3205 idcirco

212 3240 329 3305 λῶς
357 3244 609 3297 ἐκπεσεῖν
634 3241 737 3312 τῆς
772 3241 1125 3312 ἐνδεχομένης
1154 3238 1490 3310 τελειότητος
1510 3257 1523 3270 ο
1550 3237 1688 3291 ἀλλά
1716 3254 1805 3291 το·

1914 3252 2239 3314 pneceptum
2271 3243 2405 3298 illud
2428 3244 2647 3299 Domini
2678 3245 3086 3316 negligendum,
3120 3259 3231 3315 quo
3254 3244 3494 3299 dicitur:

217 3334 414 3388 σοῦτον
442 3335 536 3387 ἀπ’
558 3334 731 3405 αὐτῆς
755 3333 1083 3405 κτήσασθαι,
1117 3333 1241 3386 ὅσον
1258 3332 1324 3385 ἂν
1350 3331 1477 3384 ίδεῖν
1502 3330 1596 3384 τοῦ
1617 3329 1809 3400 ζητου-

219 3424 385 3495 μένου
413 3424 769 3495 χωρήσωμεν.
805 3423 958 3493 Τάχα
995 3422 1101 3493 γὰρ
1127 3421 1190 3473 τὸ
1216 3421 1389 3484 οὑτως
1420 3419 1585 3490 ἔχειν,
1615 3420 1688 3482 ὡς
1723 3419 1811 3471 ἀεὶ

216 3513 400 3567 θέλειν
424 3516 483 3566 έν
509 3513 587 3585 τῷ
614 3513 764 3586 καλῷ
791 3513 854 3567 τὸ
886 3514 1047 3569 πλέον
1077 3513 1241 3584 ἔχειν,
1274 3514 1306 3584 ή
1336 3513 1436 3583 τῆς
1465 3513 1810 3585 ἀνθρωπίνης

217 3606 439 3675 φύσεως
468 3606 740 3676 τελειότης
772 3606 909 3662 ἐστί.
964 3607 1121 3659 Δοκεῖ
1153 3606 1209 3659 δέ
1243 3623 1332 3675 μοι
1361 3606 1541 3670 καλῶς
1570 3606 1715 3676 ἔχειν
1743 3608 1808 3677 τῇ

218 3695 419 3766 Γραφῇ
448 3697 578 3767 περὶ
620 3695 812 3750 τούτου
849 3695 1138 3767 συμϐούλῳ
1172 3695 1497 3766 χρήσασθαι.
1542 3698 1678 3765 Φησὶ
1702 3698 1811 3766 γάρ

218 3802 331 3839 που
355 3785 445 3838 διὰ
470 3787 570 3856 τῆς
603 3786 827 3840 Ἥσαῖου
854 3787 1190 3856 προφητείας
1219 3788 1251 3857 ἡ
1287 3785 1406 3839 θεία
1429 3787 1608 3857 φωνή·
1631 3806 1648 3838 ι
1682 3788 1810 3856 Ἐμ-

220 3876 459 3947 ϐλέψατε
495 3879 575 3940 είς
603 3876 854 3949 Ἀϐραὰμ
876 3878 967 3931 τὸν
997 3876 1212 3946 πατέρα
1236 3877 1412 3948 ὑμῶν,
1448 3878 1541 3930 καὶ
1573 3879 1652 3941 είς
1668 3878 1812 3949 Σὰῤ-

220 3971 327 4041 ραν
345 3967 442 4038 τὴν
464 3967 760 4023 ὠδίνουσαν
784 3970 813 4022 ὑ
822 3970 982 4040 μᾶς.»
1007 3967 1192 4022 Ταῦτα
1222 3968 1333 4040 γὰρ
1362 3969 1579 4033 πάντως
1607 3970 1636 4021 ὁ
1656 3968 1812 4036 λόγος

218 4064 341 4124 τοῖς
376 4059 485 4127 ἔξω
508 4060 611 4130 τῆς
636 4061 837 4132 ἀρετῆς
866 4060 1237 4131 πλανωμένοις
1272 4060 1670 4124 διακελεύεται,
1701 4059 1809 4125 ἵνα,

225 4151 484 4223 καθάπερ
507 4153 557 4205 οί
587 4154 645 4205 ὲν
664 4152 893 4222 πελάγει
920 4154 1019 4225 τῆς
1047 4153 1263 4218 εὐθείας
1292 4152 1388 4206 τοῦ
1420 4153 1639 4222 λιμένος
1668 4168 1812 4223 παρ·

220 4242 562 4313 ενεχθέντες,
592 4243 732 4297 κατὰ
768 4244 829 4296 τὸ
861 4243 1031 4312 φανὲν
1068 4247 1293 4315 σημεῖον
1318 4244 1420 4314 τῆς
1445 4243 1655 4315 πλάνης
1688 4244 1814 4296 ἐαυ-

218 4336 354 4398 τοὺς
377 4334 760 4403 ἐπανάγουσιν,
789 4334 823 4406 ἢ
861 4334 1067 4406 πυρσὸν
1108 4335 1308 4398 ἰδόντες
1334 4335 1445 4388 ἀπὸ
1470 4333 1636 4403 ὕψους
1661 4335 1814 4406 αίρόο

222 4441 433 4495 μενον,
472 4424 507 4496 ἢ
556 4427 798 4496 κορυφήν
843 4442 989 4490 τινος
1049 4425 1362 4497 ἀκρωρείας
1410 4425 1811 4495 ἀναφανεῖσαν,

216 4514 323 4568 τὺν
356 4514 523 4568 αὐτὸν
564 4515 764 4587 τρόπον
799 4516 926 4580 τοὺς
952 4516 1311 4588 ἀκυϐερνήτῳ
1343 4518 1411 4587 τῇ
1433 4515 1645 4587 διανοίᾳ
1672 4516 1816 4570 κατά

1920 3353 1937 3384 ι
1957 3332 2188 3388 Perfecti
2212 3342 2407 3401 estote,
2458 3335 2600 3391 sicut
2624 3342 2678 3390 et
2717 3337 2878 3391 Pater
2903 3350 3082 3392 vester
3105 3336 3349 3391 caelestis
3374 3351 3498 3405 per-

1915 3424 2089 3480 fectus
2121 3427 2328 3481 εειιι.»
2365 3425 2501 3481 Nam
2547 3428 2653 3482 etsi
2689 3435 2861 3482 totum
2911 3427 3176 3496 consequi
3230 3442 3495 3497 nequeas,

1914 3526 2101 3571 tamen
2148 3518 2203 3573 in
2240 3519 2403 3573 rebus
2437 3519 2719 3583 omnibus,
2771 3534 2890 3587 qua:
2940 3530 3135 3571 natura
3160 3517 3318 3572 bona:
3345 3524 3496 3579 sunt,

1913 3620 2024 3660 non
2056 3622 2285 3677 parvum
2328 3615 2415 3662 est
2442 3608 2653 3662 lucrum
2701 3607 2828 3677 (nisi
2864 3606 3126 3676 desipias)
3167 3608 3249 3662 vel
3282 3614 3497 3677 partem

1913 3711 2100 3752 earum
2156 3698 2397 3768 aliquam
2447 3698 2735 3767 consequi.
2788 3696 2961 3752 Omne
3013 3699 3181 3767 igitur
3225 3699 3495 3761 studium,

1913 3801 2128 3842 omnem
2163 3802 2376 3855 curam,
2429 3787 2782 3857 diligentiam‘
2823 3788 3058 3857 denique
3085 3794 3306 3842 omnem
3336 3787 3497 3842 adhi-

1913 3878 2162 3943 beamus,
2197 3893 2266 3932 ne
2306 3879 2375 3934 ab
2397 3893 2458 3932 ea
2488 3878 2825 3948 perfectione
2847 3878 3188 3943 decidamus,
3226 3878 3293 3933 ad
3327 3895 3494 3949 quam

1913 3971 2199 4043 pervenire
2225 3970 2493 4041 possibile
2516 3969 2587 4027 sit
2612 3989 2625 4024 :
2662 3978 2987 4041 tantumque
3015 3970 3187 4041 ipsius
3214 3971 3500 4041 possidea-

1914 4078 2061 4128 mus,
2109 4071 2373 4133 quantum
2408 4077 2604 4133 capere
2639 4078 2957 4133 possumus.
2997 4063 3077 4116 Ita
3124 4064 3271 4118 enim
3307 4077 3366 4119 se
3401 4063 3499 4117 ha-

1916 4153 2067 4219 bere,
2101 4163 2161 4209 ut
2186 4153 2252 4208 ad
2283 4154 2545 4209 ulteriora
2580 4169 2797 4224 semper
2828 4155 2882 4208 in
2914 4154 3118 4209 virtute
3145 4167 3210 4208 ac
3233 4154 3379 4208 bono
3409 4169 3503 4208 ve-

1916 4246 1984 4300 lis
2030 4246 2345 4309 ascendere,
2408 4245 2461 4299 id
2514 4244 2693 4314 ipsum
2749 4245 2934 4300 forsan
2976 4244 3235 4299 humana:
3288 4252 3504 4299 natura:

1916 4335 2180 4406 perfectio
2207 4342 2310 4390 est.
2345 4333 2453 4390 Sed
2485 4345 2636 4390 recte
2663 4334 2747 4406 (ut
2774 4336 2906 4389 mihi
2929 4335 3172 4402 videtur)
3199 4333 3499 4400 faciemus,

1918 4428 1965 4483 si
1999 4428 2099 4482 hac
2137 4435 2327 4482 nostra
2355 4427 2411 4481 in
2436 4427 2740 4496 quaestione
2764 4440 2934 4480 sacrae
2957 4424 3254 4496 Scriptura:
3279 4433 3502 4479 utamur

1918 4518 2172 4573 consilio.
2193 4516 2297 4572 Per
2324 4518 2644 4588 prophetam
2665 4518 2834 4589 igitur
2854 4516 3049 4573 lsaiam
3077 4516 3260 4571 divina
3279 4533 3381 4572 vox
3397 4517 3503 4571 cla-

215 4606 328 4677 τὴν
358 4604 455 4658 τοῦ
490 4605 605 4675 βίου
648 4605 924 4661 θάλασσαν
968 4607 1374 4679 πλανωμένους,
1406 4606 1485 4677 τῷ
1532 4607 1675 4660 κατὰ
1716 4610 1808 4678 τὴν

1921 4616 2032 4661 mat
2056 4626 2069 4662 :
2119 4628 2138 4658 ‹
2158 4606 2430 4678 Respicite
2453 4609 2508 4662 in
2539 4606 2812 4663 Abraham
2834 4617 3041 4680 patrem
3064 4616 3331 4673 vestrum,
3358 4618 3411 4664 et
3444 4609 3503 4665 in

217 4698 451 4768 Σάρραν
480 4698 573 4749 καὶ
614 4696 863 4769 Ἀϐραὰμ
906 4697 1266 4769 ὑποδείγματι
1310 4698 1473 4752 πάλιν
1511 4698 1814 4768 κατευθύνῃ

216 4790 370 4863 πρὸς
392 4789 485 4842 τὸν
530 4789 724 4861 λιμένα
765 4790 858 4843 τοῦ
889 4791 1037 4844 θείου
1073 4790 1398 4863 θελήματος.
1458 4790 1677 4859 Ἐπειδὴ
1708 4789 1819 4859 γὰρ

213 4882 370 4954 πρὸς
409 4882 475 4935 -τδ
506 4881 639 4953 θῆλύ
668 4899 729 4936 τε
761 4883 855 4936 καὶ
877 4883 1048 4955 ἄρρεν
1079 4885 1111 4954 ἡ
1139 4883 1458 4954 ἀνθρωπίνη
1492 4883 1819 4954 μεμέρισται

210 4974 418 5045 φύσις,
464 4974 560 5027 καὶ
590 4974 919 5047 ἀμφοτέροις
952 4976 1149 5045 ἐπίσης
1178 4976 1298 5028 κατ’
1344 4973 1594 5041 ἐξουσίαν
1626 4976 1656 5044 ἡ
1684 4973 1821 5045 πρὸς

210 5064 442 5137 ἀρετὴν
472 5066 566 5118 καὶ
594 5066 791 5119 κακίαν
807 5068 1016 5138 αἵρεσις
1037 5068 1326 5137 πρόκειται
1348 5083 1361 5095 ·
1392 5066 1482 5120 διὰ
1514 5065 1670 5119 τοῦτο
1695 5067 1824 5119 ἐκα-

207 5158 380 5229 τέρῳ
416 5158 669 5229 τμήματι
702 5158 765 5212 τὸ
798 5159 1131 5229 κατάλληλον
1163 5159 1266 5229 τῆς
1290 5160 1493 5231 ἀρετῆς
1519 5160 1825 5230 ὑπόδειγμα

209 5250 389 5321 παρά
409 5250 509 5321 τῆς
538 5250 689 5314 θείας
717 5250 1033 5322 προεδείχθη
1069 5251 1274 5321 φωνῆς,
1314 5252 1401 5305 ἵνα
1429 5251 1563 5322 πρὸς
1592 5252 1652 5303 τὸ
1696 5267 1828 5319 συγ-

204 5341 392 5412 γενὲς
426 5342 676 5413 ἑκάτεροι
715 5341 1025 5411 βλέποντες,
1067 5343 1206 5414 πρὸς
1251 5343 1350 5414 μὲν
1372 5343 1462 5395 τὸν
1504 5342 1751 5413 Ἀϐραὰμ
1774 5343 1823 5395 οί

206 5434 450 5505 ἄνδρες,
483 5435 622 5505 πρὸς
654 5435 711 5488 δὲ
740 5435 838 5504 τὴν
867 5435 1083 5506 Σάρραν
1112 5435 1174 5488 τὺ
1201 5434 1390 5505 ἕτερον
1426 5434 1609 5505 μέρος,
1640 5435 1824 5504 ἀμφό-

200 5542 385 5597 τεροι
411 5525 500 5579 διὰ
546 5526 657 5580 τῶν
700 5525 918 5579 οἰκείων
960 5525 1374 5596 ὑποδειγμάτων
1410 5526 1543 5596 πρὸς
1575 5525 1666 5578 τὸν
1700 5526 1821 5577 κατ’

199 5615 440 5689 ἀρετὴν
461 5616 577 5686 βίον
605 5615 982 5670 διευθύνοιντο.
1035 5616 1193 5680 Ἴσως
1221 5617 1265 5669 δ’
1308 5617 1374 5671 ἂν
1394 5616 1571 5670 τοίνυν
1597 5616 1824 5686 ἐξαρκέ-

313 5813 353 5848 ¹¹
391 5814 584 5872 Matth.
622 5833 678 5883 v,
712 5816 800 5870 l8.
884 5815 927 5845 ¹²
959 5814 1063 5871 lsa.
1098 5830 1171 5879 LI,
1203 5815 1259 5869 2.

1920 4697 2111 4753 Saram
2130 4714 2251 4770 quae
2271 4713 2365 4755 vos
2384 4702 2594 4770 peperit
2618 4702 2680 4757 ".
2698 4721 2714 4752 ι
2748 4701 2877 4757 Haec
2893 4702 3038 4757 enim
3057 4701 3275 4757 divinus
3298 4717 3501 4765 sermo,

1920 4804 2028 4843 non
2048 4791 2116 4844 iis
2134 4792 2229 4860 qui
2252 4791 2306 4845 in
2328 4791 2526 4848 virtute
2544 4802 2888 4863 permanent,
2909 4793 3003 4847 sed
3039 4792 3106 4849 iis
3128 4794 3220 4863 qui
3252 4807 3282 4846 a
3303 4793 3504 4848 virtute

1921 4879 2199 4943 aberrant,
2222 4881 2484 4951 praecipit.
2503 4879 2574 4934 Ut
2588 4882 3046 4951 quemadmodum
3065 4883 3506 4954 qui‘tempestate

1923 4984 1989 5025 ac
2009 4971 2059 5023 vi
2082 4980 2369 5027 ventorum
2393 4974 2551 5045 longe
2570 4988 2599 5027 a
2624 4981 2769 5029 recta
2802 4974 3168 5045 navigationis
3185 4990 3298 5031 suae
3326 4976 3412 5029 via
3449 4976 3503 5028 in

1921 5064 2146 5134 pelagus
2164 5066 2341 5121 exacti
2363 5073 2512 5131 sunt,
2526 5066 2572 5122 si
2588 5067 2671 5122 vel
2686 5067 2887 5138 ignem,
2908 5067 2993 5122 vel
3014 5082 3277 5123 cacumen
3300 5067 3506 5120 montis

1925 5158 2335 5227 prospexerint,
2391 5158 2551 5213 facile
2597 5174 2656 5214 se
2708 5160 2778 5214 ab
2807 5174 2997 5215 errore
3038 5159 3298 5213 intutum
3340 5156 3505 5211 redu-

1927 5256 2059 5301 cunt
2081 5266 2094 5303 :
2120 5249 2533 5320 sicquieuuque
2575 5250 2744 5321 hujus
2771 5253 2894 5306 vitae
2925 5248 3181 5304 ﬂuctibus
3232 5248 3502 5318 oppressi.

1932 5353 1961 5393 a
1986 5340 2188 5395 virtute
2216 5341 2494 5405 aberrant,
2523 5342 2774 5413 exemplo
2800 5344 3026 5398 Abrahae
3050 5356 3114 5396 ac
3143 5340 3313 5405 Sarae,
3345 5340 3506 5409 quasi

1932 5434 2168 5502 quodam
2200 5435 2594 5505 gubernaculo,
2621 5435 2687 5489 ad
2727 5436 2926 5491 divinae
2954 5432 3252 5489 voluntatis
3289 5440 3507 5503 portum

1929 5532 2281 5579 revocantur.
2332 5525 2411 5580 Ac
2460 5525 2588 5581 ideo
2619 5526 2876 5596 qucniam
2915 5525 2969 5579 in
3008 5523 3314 5578 masculum
3345 5529 3400 5578 et
3424 5521 3506 5575 ‘l‘e-

1930 5616 2135 5670 minam
2171 5624 2368 5673 natura
2403 5618 2641 5673 humana
2676 5618 2855 5677 divisa
2886 5624 2990 5683 est,
3031 5623 3086 5671 et
3115 5614 3336 5686 utrique
3363 5615 3513 5687 pari-
