3890 6356
458 382 569 440 3οό

1705 370 1762 425 S.
1803 367 2130 427 GREGORII
2169 366 2457 421 NYSSENI

3621 356 3720 413 τοι

460 506 547 551 ter
584 495 754 549 libera
811 498 920 546 tam
964 491 1029 546 ad
1064 492 1342 554 virtutem,
1392 503 1553 560 quam
1592 486 1658 541 ad
1691 487 1882 542 vitium
1915 500 2043 556 pro-

2171 501 2257 537 τειε
2292 483 2385 536 καὶ
2412 484 2540 552 ἡμῖν
2563 479 2679 541 ἑνός
2705 493 2846 540 τινος
2868 475 2976 529 τῶν
2999 476 3137 529 κατὰ
3165 475 3256 527 τὸν
3283 472 3397 542 βίον
3428 470 3720 542 εὐδοκίμων

460 588 645 660 posita
669 593 753 639 est
784 582 1010 638 electio:
1050 582 1258 636 idcirco
1287 579 1623 635 conveniens
1656 577 1873 647 utrique
1899 575 2041 645 parti

462 694 492 732 a
528 677 714 732 divina
743 688 877 728 voce
917 672 1258 743 propositum
1296 678 1383 726 est
1407 669 1738 740 exemplum,
1764 666 1832 721 ad
1863 667 2042 720 Abra-

464 770 588 823 ham
619 774 673 822 et
706 765 897 820 Saram
930 764 1226 831 respicere.
1261 771 1329 835 ut
1350 761 1453 815 viri
1480 774 1509 812 a
1540 760 1680 824 viro,
1713 756 2043 813 etmulieres

468 876 499 915 a
535 859 766 914 muliere
806 856 1028 925 propria
1073 853 1378 922 idoneaque
1430 858 1641 905 natura:
1683 849 2046 919 suscipientes

469 949 740 1019 exempla,
767 945 985 1000 facilius
1015 958 1145 998 suos
1167 944 1233 997 ad
1260 942 1513 995 virtutem
1539 940 1775 1010 dirigant
1794 955 2037 1009 gressus.

468 1043 650 1110 Quare
680 1040 725 1095 si
758 1054 859 1093 nos
891 1051 1111 1105 quoque
1143 1035 1307 1089 unius
1331 1033 1542 1104 probati
1573 1032 1737 1086 vitam
1769 1031 1823 1084 in
1854 1044 2041 1085 exem-

2143 579 2176 647 ἡ
2204 577 2306 646 μνή
2316 593 2387 645 μη
2423 575 2521 643 τὴν
2550 571 2643 625 τοῦ
2680 568 2885 640 πυρσοῦ
2909 565 3097 637 χρείαν
3126 563 3437 635 πληρῶσαι,
3474 561 3571 615 καὶ
3600 562 3725 614 ὑπο-

2144 666 2332 731 δεῖξαι,
2364 663 2482 724 πῶς
2514 662 2629 713 ἐστι
2660 657 2883 712 δυνατὸν
2912 656 2990 726 τῷ
3016 654 3268 724 ἀκλύστῳ
3292 653 3392 723 τῆς
3417 650 3621 721 ἀρετῆς
3649 650 3725 703 λιο

2149 754 2268 825 μένι
2297 753 2393 823 τήν
2435 750 2611 821 ψυχὴν
2657 746 3010 819 καθορμίσαι,
3054 742 3300 814 μηδαμοῦ
3336 744 3457 803 ταῖς
3487 737 3582 793 τοῦ
3615 738 3723 806 βίον

2146 845 2334 911 ζάλαις
2371 838 2861 912 ἐγχειμασθεῖσαν,
2910 835 3045 905 μηδέ
3075 833 3216 888 κατὰ
3250 832 3350 895 τὰς
3397 830 3725 899 ἐπαλλήλους

2148 937 2259 990 τῶν
2293 934 2480 989 παθῶν
2503 929 2798 1003 τρικυμίας
2816 927 2896 998 τῷ
2920 924 3066 997 βυθῷ
3091 926 3189 995 τὴς
3202 923 3397 986 κακίας
3427 920 3727 988 ἒνναυατή·

2151 1043 2341 1081 σασαν.

466 1103 613 1210 plum
642 1103 1057 1203 sumpserimus,
1100 1103 1347 1192 sulliciet,
1393 1136 1451 1182 ut
1496 1128 1564 1183 sit
1591 1134 1851 1195 tanquam
1885 1138 1917 1178 e
1944 1122 2161 1192 specula
2205 1120 2288 1173 fax
2327 1117 2623 1188 aﬁulgens,
2674 1125 2726 1169 et
2766 1112 3018 1169 ostendat
3052 1108 3324 1184 quomodo
3371 1106 3489 1162 ﬁeri
3535 1103 3725 1175 possit.

465 1197 520 1283 ut
555 1228 654 1281 hos
687 1197 809 1279 vita:
832 1222 1032 1275 ﬂuctus
1081 1220 1288 1289 absque
1325 1216 1610 1288 naufragio
1658 1230 2001 1285 superemus,
2035 1214 2383 1282 animamque
2427 1216 2671 1263 nostram
2713 1204 3182 1276 perturbationum
3224 1199 3385 1255 undis
3423 1197 3728 1253 obsessam.

463 1319 517 1371 in
549 1313 665 1368 vitii
694 1310 930 1381 dcmergi
966 1307 1236 1379 profundo
1264 1306 1488 1361 minime
1516 1307 1779 1369 sinamus,
1815 1303 1910 1360 sed
1949 1304 2004 1358 in
2043 1303 2376 1357 tutissimum
2410 1298 2628 1353 virtutis
2667 1305 2881 1366 portum
2914 1293 3272 1349 deducamus.

533 1402 744 1456 Idcirco
775 1401 920 1454 enim
969 1395 1301 1453 credendum
1338 1404 1417 1453 est
1457 1394 2036 1467 praestantissimorum

2213 1391 2366 1460 Τάχα
2407 1388 2515 1458 γὰρ
2566 1388 2661 1442 καὶ
2699 1386 2889 1440 τούτου
2927 1384 3086 1456 χάριν
3126 1385 3161 1453 ή
3196 1381 3303 1435 τῶν
3339 1378 3562 1450 ὑψηλῶν
3593 1376 3733 1431 ἐκεί-

468 1494 709 1549 virorum
754 1489 899 1544 vitas
948 1485 1381 1557 exquisitissime
1426 1484 1782 1556 perscriptas,
1816 1490 1877 1537 ut
1928 1483 2040 1537 vita

2171 1499 2248 1537 ων
2278 1480 2521 1536 πολιτεία
2544 1479 2611 1533 δι’
2643 1477 2928 1548 ἀκριϐείας
2956 1476 3235 1547 ἱστόρηται
3254 1514 3269 1540 ,
3307 1470 3384 1535 ὡς
3414 1470 3483 1525 ἂν
3512 1470 3606 1523 διὰ
3638 1469 3732 1538 τῆς

467 1592 657 1638 nostra
686 1579 991 1635 imitatione
1014 1580 1082 1633 ad
1113 1577 1366 1633 virtutem
1400 1591 1464 1631 ac
1478 1576 1692 1634 bonum
1725 1574 1930 1630 rectius
1950 1573 2044 1628 de-

2176 1574 2251 1626 ὦν
2282 1570 2831 1646 προκατωρθωκότων
2854 1568 3137 1639 μιμήσεως
3164 1566 3194 1618 ὁ
3226 1562 3421 1632 ἐφεξῆς
3455 1561 3574 1632 βίος
3602 1559 3734 1629 πρὸς

466 1678 718 1731 ducatur.
739 1671 843 1728 Sed
872 1671 1017 1727 dicet
1043 1672 1312 1742 quispiam
1345 1687 1356 1720 :
1379 1667 1663 1734 Quomodo
1686 1670 1730 1725 si
1757 1684 1855 1724 nec
1881 1666 2044 1722 Chal-

2171 1666 2207 1719 τὸ
2261 1664 2464 1733 ἀγαθὸν
2510 1661 2888 1715 ἀπευθύνοιτο.
2938 1658 3005 1711 Τί
3043 1653 3158 1722 οὖν,
3198 1657 3313 1726 ἐρεῖ
3351 1658 3457 1717 τιςζ
3506 1653 3559 1704 εί
3599 1653 3732 1722 μήτε

471 1768 623 1822 ϐαῖνε
655 1780 775 1821 sum
808 1778 931 1834 ego,
958 1769 1020 1817 ut
1045 1761 1113 1817 de
1138 1762 1407 1817 Abraham
1432 1761 1713 1825 scribitur,
1744 1774 1844 1815 nec
1874 1758 2047 1812 alum-

2171 1758 2415 1820 ίαλδαῖος
2452 1755 2584 1824 ἐγὼ,
2604 1754 2794 1822 ὥσπερ
2813 1754 2843 1806 ὁ
2869 1750 3122 1824 Ἀϐραὰμ
3158 1747 3575 1820 μνημονεύεται,
3601 1749 3733 1817 μήτε

470 1876 576 1915 nus
616 1859 761 1930 regis
787 1855 1035 1927 Egyptii
1081 1855 1229 1919 tiliae,
1257 1862 1317 1908 ut
1344 1854 1412 1909 de
1446 1852 1627 1924 Moyse
1660 1852 1939 1922 Scriptura
1959 1855 2042 1903 te-

2171 1849 2245 1918 πῆς
2274 1846 2545 1917 θυγατρὸς
2582 1843 2677 1898 τοῦ
2723 1842 3020 1912 Αἰγυπτίου
3069 1840 3351 1910 τρόφιμος,
3388 1837 3464 1901 ὡς
3488 1834 3733 1907 περὶτοῦ

468 1929 697 2017 statur,
729 1964 832 2005 nec
865 1948 1101 2019 denique
1150 1962 1275 2002 cum
1328 1945 1634 2017 priscorum
1679 1944 1864 2012 aliquo
1911 1939 2047 1994 mihi

2171 1939 2428 2002 ιίωῡσέως
2452 1938 2482 1990 ό
2510 1937 2667 2005 λόγος
2699 1935 2941 2006 κατέχει,
2978 1932 3222 2005 μηδόλως
3252 1932 3312 1984 ἐν
3342 1933 3454 1994 τοῖς
3477 1929 3736 1992 τοιούτοις

2078 1804 2119 1859 Β

470 2040 773 2115 quidquam
823 2053 1117 2094 commune
1142 2037 1232 2101 sit,
1265 2035 1497 2106 alicujus
1524 2048 1712 2090 eorum
1742 2038 1933 2102 potero
1967 2029 2049 2084 vi-

2149 2033 2287 2104 πρὸς
2315 2031 2435 2085 τινὰ
2455 2030 2563 2083 τῶν
2592 2027 2836 2101 ἀρχαίων
2856 2027 2995 2098 ἔχων
3023 2042 3076 2080 τι
3106 2024 3250 2079 κατὰ
3267 2023 3360 2077 τὸν
3389 2022 3504 2093 βίον
3538 2021 3737 2076 κατάλ-

462 2113 582 2190 tam
614 2130 917 2203 consequi:
950 2145 1075 2185 cum
1103 2128 1243 2184 nihil
1261 2126 1512 2192 habeam,
1539 2138 1648 2196 quo
1679 2123 1883 2195 possim
1914 2119 2050 2175 adeo

2171 2126 2312 2197 ιηλον
2338 2142 2351 2156 ·
2393 2124 2511 2188 πῶς
2548 2124 2628 2187 είς
2658 2122 2757 2194 τὴν
2784 2122 2954 2192 αὐτὴν
2976 2119 3129 2186 τάξιν
3154 2119 3236 2172 ἐνὶ
3263 2116 3469 2171 τούτων
3501 2113 3737 2185 ἐμαυτὸν

483 2225 713 2279 diversa:
738 2223 859 2277 vitae
881 2236 944 2275 ac
964 2235 1177 2276 morum
1194 2219 1459 2289 longeque
1474 2217 1703 2271 aliorum
1726 2213 2051 2270 saeculorum

472 2305 752 2371 hominem
786 2314 1035 2369 imitari?
1067 2313 1182 2369 Nos
1209 2325 1340 2366 vero
1367 2307 1843 2380 respondebimus,
1873 2318 2054 2375 neque

477 2408 544 2463 ad
589 2406 806 2470 vitium,
842 2419 1020 2475 neque
1068 2402 1136 2458 ad
1179 2403 1439 2457 virtutem
1473 2400 1768 2471 pertinere,
1811 2399 1859 2455 si
1890 2396 2056 2453 Chal-

478 2500 630 2553 daeus
659 2497 784 2567 quis
814 2495 921 2552 sit:
964 2509 1064 2550 nec
1094 2496 1142 2550 si
1193 2493 1250 2548 in
1282 2492 1519 2563 Egypto
1546 2491 1711 2551 vivat.
1748 2497 1841 2545 aut
1872 2489 1926 2543 in
1952 2487 2059 2542 Ba-

478 2590 675 2660 bylone
725 2595 994 2650 versetur,
1037 2582 1162 2639 ideo
1191 2598 1222 2637 a
1252 2588 1400 2636 recta
1433 2580 1652 2635 virtutis
1692 2579 1801 2634 vita
1834 2575 2061 2648 expelli-

422 2695 427 2699 '
478 2691 604 2748 tur;
634 2693 735 2735 nec
765 2678 911 2735 enim
961 2677 1014 2731 in
1040 2675 1227 2731 Iudaea
1258 2674 1461 2741 solum,
1497 2678 1556 2728 ut
1584 2670 1882 2742 quondam,
1919 2669 2059 2724 Deus

478 2770 831 2842 cognoscitur
863 2768 936 2819 ηε
977 2782 1155 2837 neque
1179 2764 1332 2828 Sion,
1369 2770 1427 2818 ut
1466 2763 1649 2817 littera
1679 2774 1878 2816 sonare
1916 2757 2059 2813 video

479 2873 591 2929 tur,
617 2870 700 2918 est
721 2858 815 2915 Dei
844 2859 1206 2922 domicilium,
1239 2857 1334 2913 sed
1363 2855 1623 2911 subtilius
1652 2861 1817 2923 atque
1843 2850 2060 2906 acutius

481 2953 643 3009 nobis
696 2948 1097 3021 inspiciendum
1130 2957 1236 3012 est,
1296 2954 1357 3001 ut
1387 2945 1673 2999 videamus
1726 2957 1866 3012 quos
1896 2939 2061 2995 Chal-

483 3044 653 3107 daeos,
686 3048 780 3095 aut
825 3054 964 3109 quos
993 3036 1282 3108 Egyptios
1332 3032 1620 3102 fugiendos
1650 3028 1929 3098 Scriptura
1964 3039 2060 3096 per

2154 2219 2503 2289 καταστήσω,
2551 2215 2624 2288 μὴ
2670 2214 2809 2286 ἔχων
2845 2214 2995 2276 ὅπως
3029 2212 3123 2265 τὸν
3161 2208 3413 2264 τοσοῦτον
3446 2206 3738 2275 ἁφεστῶτδ

2153 2310 2244 2365 διὰ
2274 2310 2382 2362 τῶν
2416 2307 2862 2377 ἐπιτηδευμάτων
2901 2304 3259 2376 μιμήσωμαις
3313 2300 3458 2372 Πρὸς
3489 2298 3548 2352 ὃν
3583 2297 3734 2368 ἐροῦ-

2160 2417 2281 2472 μεν,
2304 2400 2384 2453 ὅτι
2416 2397 2543 2451 οὔτε
2564 2396 2642 2466 τῷ
2661 2394 2924 2449 Χαλδαῖον
2942 2387 3082 2447 εῖναι
3107 2391 3307 2445 κακίαν
3334 2389 3368 2460 ἢ
3399 2388 3603 2458 ἀρετὴν
3631 2387 3738 2455 κρίο

2157 2508 2320 2562 νομεν
2339 2508 2353 2522 ·
2386 2488 2509 2543 οὒτε
2532 2491 2598 2560 τῇ
2630 2489 2688 2541 ἐν
2710 2485 2969 2555 Αἰγύπτῳ
2987 2483 3122 2554 ζωῇ,
3145 2481 3268 2537 οὔτε
3292 2482 3358 2552 τῇ
3388 2482 3444 2533 ἐν
3461 2479 3738 2532 Βαϐυλῶνι

2157 2581 2426 2654 διατριϐῇ,
2474 2579 2566 2634 τοῦ
2609 2578 2723 2648 βίου
2747 2594 2832 2640 τις
2864 2573 2958 2630 τοῦ
2998 2573 3120 2629 κατ’
3153 2572 3352 2644 ἀρετήν
3375 2570 3702 2636 ἐξοικίξεται
3722 2584 3738 2597 ·

2159 2676 2270 2729 οὐδ’
2300 2668 2365 2726 αὖ
2404 2671 2566 2726 πάλιν
2593 2672 2653 2723 ὲν
2679 2672 2745 2740 τῇ
2782 2667 3013 2737 Ἰουδαίᾳ
3039 2662 3250 2736 [μόνον]
3280 2661 3521 2731 γνωστὸς
3560 2662 3591 2713 ὁ
3613 2660 3740 2719 Θεδς

2159 2768 2271 2829 τοῖς
2293 2762 2466 2828 ἀξίοις
2493 2763 2705 2830 γίνεται
2730 2777 2744 2791 ·
2778 2759 2899 2812 οὐδὲ
2946 2756 3107 2818 Σιὼν,
3148 2754 3289 2809 κατὰ
3312 2752 3411 2824 τὴν
3450 2750 3741 2822 πρόχειρον

2160 2859 2389 2923 ἔννοιαν,
2408 2854 2471 2909 τὸ
2500 2852 2641 2906 θεῖόν
2672 2853 2819 2904 ἐστιν
2843 2850 3152 2919 οἰκητήριον
3170 2863 3183 2877 ·
3212 2845 3349 2900 ἀλλά
3379 2860 3525 2906 τινος
3557 2843 3744 2895 λεπτο-

2160 2948 2324 3018 τέρας
2342 2948 2469 3015 ἡμῖν
2492 2942 2647 3015 χρεία
2662 2942 2760 3012 τῆς
2773 2940 3026 3005 διανοίας,
3041 2938 3133 2991 καὶ
3152 2935 3412 3008 ὀξυτέρας
3428 2936 3532 3005 τῆς
3547 2933 3741 3003 ὅψεως,

2163 3039 2238 3102 ὡς
2261 3038 2441 3090 διϊδεῖν
2472 3037 2535 3089 ἐκ
2577 3035 2673 3104 τῆς
2702 3031 2962 3102 ἱστορίας,
2998 3029 3168 3083 ποίων
3197 3026 3482 3082 Χαλδαίων
3515 3026 3548 3095 ἦ
3576 3027 3742 3092 Λίγυ-

486 3133 771 3191 historiam
827 3130 1103 3191 admonet,
1152 3133 1211 3182 et
1242 3140 1349 3197 qua
1400 3121 1696 3193 Babylonis
1741 3117 2061 3188 captivitate

2171 3130 2337 3184 πτίων
2402 3128 2592 3199 πόρρω
2654 3125 2966 3195 γενόμενοι,
3015 3125 3111 3177 καὶ
3182 3120 3341 3183 ποίας
3392 3117 3747 3172 Βαϐυλωνίων

486 3223 699 3281 liberati
750 3221 819 3275 ad
876 3218 1268 3276 beatitudinem
1324 3213 1544 3269 tandem
1599 3208 2055 3266 conscendamus.

489 3316 638 3382 Quas
670 3314 743 3369 ob
776 3328 865 3368 res
895 3310 1107 3380 Moyses
1142 3307 1235 3362 ille
1261 3307 1317 3360 in
1343 3304 1647 3374 exemplum
1676 3301 1835 3356 nobis
1865 3313 2064 3370 propo-

490 3411 678 3467 natur,
709 3401 868 3471 cujus
915 3401 1079 3454 vitam
1131 3397 1178 3453 si
1210 3396 1365 3467 prius
1401 3395 1563 3465 (sicut
1603 3408 1631 3447 a
1668 3392 1870 3448 divinis
1910 3390 2064 3445 libris

495 3492 814 3564 didicimus)
850 3492 1083 3548 breviter
1111 3500 1521 3560 percurramus,
1555 3484 1634 3539 sic
1668 3482 1885 3538 demum
1933 3495 2066 3535 con-

493 3598 816 3646 sentaneum
865 3585 1109 3641 historiae
1155 3594 1378 3637 sensum
1436 3574 1909 3647 investigabimus,
1957 3585 2067 3642 quo

493 3678 788 3753 perfectam
821 3677 1105 3731 hominum
1163 3673 1332 3727 vitam
1377 3667 1595 3723 facilius
1647 3678 2065 3736 cognoscemus.

497 3772 770 3828 Seribitur
823 3766 1057 3840 igitur“
1108 3763 1350 3835 Moysen,
1404 3758 1624 3830 quando
1672 3755 1912 3827 Egyptii
1952 3755 2070 3825 lege

497 3860 734 3934 tyranni,
766 3856 994 3913 masculi
1025 3852 1375 3909 Hebraeorum
1412 3846 1667 3903 infantuli
1704 3846 1888 3900 vivere
1917 3851 2067 3899 veta-

496 3954 715 4014 bantur,
755 3955 887 4002 tunc
925 3946 979 4000 in
1010 3946 1189 3999 lucem
1227 3942 1433 3997 editum
1469 3938 1662 4001 fuisse,
1703 3950 1863 4006 quem
1894 3934 2071 4004 gratia

498 4040 731 4110 quadam
761 4035 942 4090 statim
974 4033 1043 4087 ab
1070 4029 1419 4084 incunabulis
1449 4028 1649 4082 scitum
1676 4041 1742 4080 ac
1770 4026 2072 4093 elegantem

502 4144 628 4185 cum
680 4126 946 4182 vidissent
998 4128 1273 4192 parentes,
1331 4118 1525 4185 majori
1576 4117 1758 4171 studio
1808 4115 1979 4171 fuisse
2015 4121 2075 4169 ut

502 4223 669 4276 vitam
712 4219 760 4274 ei
796 4220 1213 4278 conservarent,
1255 4218 1504 4265 conatos.
1550 4207 1753 4263 Deinde
1810 4221 1935 4261 cum
1996 4216 2078 4278 ty-

501 4311 657 4366 ranni
699 4310 859 4364 minae
896 4304 1327 4378 praevaluissent,
1357 4315 1467 4355 non
1519 4308 1720 4355 temere
1774 4298 1830 4354 in
1874 4298 2075 4355 ﬂuenta

498 4403 606 4459 Nili
638 4400 958 4474 projectum,
1011 4394 1108 4454 sed
1146 4396 1204 4450 in
1233 4391 1419 4448 arcula
1452 4390 1690 4462 quadam
1720 4390 2073 4454 collocatum,

2165 3219 2538 3291 αἰχμαλωσίας
2567 3216 2950 3278 ἀπολυθέντες,
2981 3212 3073 3268 τοῦ
3106 3210 3451 3283 μακαριστοῦ
3482 3209 3600 3279 βίου
3629 3211 3746 3260 ἐπι-

2164 3308 2462 3380 ϐησόμεθα.
2510 3306 2753 3375 Μωῦσῆς
2797 3303 2975 3358 τοίνυν
3007 3304 3139 3373 ἡμῖν
3180 3302 3260 3365 είς
3291 3300 3595 3369 ὑπόδειγμα
3632 3296 3747 3367 βίου

2165 3401 2484 3473 προτεθήτω
2511 3398 2587 3469 τῷ
2607 3399 2751 3468 λόγῳ
2772 3414 2785 3427 ·
2813 3390 2874 3450 οὗ
2906 3396 2995 3449 τὸν
3021 3395 3131 3465 βίον
3155 3392 3370 3465 πρῶτον
3398 3391 3456 3444 ἐν
3480 3390 3748 3460 ἐπιδρομῇ

2166 3492 2482 3556 διελθόντες,
2515 3488 2695 3552 καθὼς
2734 3487 2883 3559 παρὰ
2915 3486 3015 3556 τῆς
3046 3484 3197 3547 θείας
3218 3483 3396 3554 φωνῆς
3430 3481 3752 3552 μεμαθήκα-

2172 3602 2291 3656 μεν,
2316 3583 2458 3637 οὕτω
2478 3580 2576 3652 τὴν
2605 3581 2913 3651 πρόσφορον
2933 3580 3000 3648 τῇ
3026 3576 3235 3648 ἱστορία
3260 3573 3498 3627 διάνοιαν
3523 3573 3604 3634 είς
3624 3572 3751 3641 ἀρε-

2170 3675 2269 3745 τῆς
2302 3671 2583 3742 ὑποθήκην
2619 3668 3063 3740 ἀναζητήσομεν,
3106 3665 3173 3718 δι’
3206 3658 3273 3736 ἧς
3307 3664 3397 3716 τὸν
3428 3662 3635 3715 τέλειον
3680 3660 3753 3721 ὡς

2171 3767 2228 3819 ἐν
2254 3763 2557 3835 ἀνθρώποις
2610 3761 2721 3831 βίον
2753 3756 3185 3828 ἐπιγνωσόμεθα.
3217 3755 3450 3822 Λέγεται
3500 3751 3684 3805 τοίνυν
3725 3751 3755 3802 ὁ

2172 3856 2412 3926 Μωῦσῆς
2460 3854 2716 3924 τεχθῆναι
2772 3850 2892 3921 μὲν,
2947 3850 3037 3902 ὅτε
3075 3843 3458 3914 ζωογονεῖσθαι
3483 3843 3547 3896 τὸ
3590 3843 3757 3914 ἄρρεν

2174 3948 2232 4000 ἐν
2275 3949 2385 4009 τοῖς
2421 3944 2759 4014 τικτομένοις
2795 3944 2824 3995 ὁ
2851 3940 2945 3995 τοῦ
2979 3939 3242 4011 τυράννου
3281 3937 3443 4007 νόμος
3470 3934 3755 3995 διεκώλυε,

2176 4038 2465 4111 προλαϐεῖν
2495 4037 2551 4090 δὲ
2584 4038 2651 4105 τῇ
2701 4035 2885 4106 χάριτι
2929 4032 3110 4084 πᾶσαν
3151 4029 3250 4100 τήν
3281 4028 3380 4082 ἀπὶ
3434 4027 3528 4080 τοῦ
3561 4028 3758 4097 χρόνου

2177 4129 2468 4199 γινομένην
2505 4126 2889 4196 συνεισφοράν·
2932 4123 3027 4176 καὶ
3070 4120 3232 4183 εὐθὺς
3276 4118 3383 4173 ἀπὸ
3426 4118 3759 4188 σπαργάνων

2178 4221 2395 4282 ἀστεῖος
2418 4217 2626 4287 ὀφθεὶς,
2664 4215 2822 4269 ὄκνον
2851 4213 3145 4285 ἐμποιῆσαι
3170 4212 3283 4274 τοῖς
3309 4206 3759 4279 γεννησαμένοις,

2180 4308 2394 4376 θανάτῳ
2425 4306 2515 4359 τὸν
2544 4304 2781 4359 τοιοῦτον
2814 4301 3153 4371 ἐξαφανίσαι.
3186 4293 3301 4352 Εἶθ’
3327 4298 3403 4361 ὡς
3429 4297 3762 4367 ὑπερίσχυεν

2180 4400 2214 4469 ἡ
2242 4397 2437 4468 ἀπειλὴ
2493 4396 2584 4449 τοῦ
2616 4396 2880 4467 τυράννου
2903 4433 2919 4457 ,
2977 4392 3052 4463 μὴ
3100 4389 3285 4454 ἁπλῶς
3334 4388 3631 4460 ἐῤῥιφῆναι
3686 4386 3763 4456 τῷ

493 4490 845 4566 cujusrimae
879 4490 1146 4546 bitumine
1173 4502 1238 4542 ac
1278 4487 1399 4557 pice
1423 4486 1571 4539 illiue
1602 4483 1839 4549 fuerant,
1872 4483 1945 4537 ita
1979 4480 2065 4537 θυι

2186 4489 2385 4561 ῥείθρῳ
2437 4486 2529 4541 τοῦ
2574 4487 2797 4551 Νείλου,
2860 4484 2975 4539 ἀλλ’
3033 4482 3317 4538 ἐντεθέντα
3366 4477 3585 4549 κιϐωτῷ
3634 4495 3762 4542 τινι,

496 4587 637 4641 mini
667 4583 999 4656 expositum,
1033 4578 1329 4649 divinaque
1373 4576 1654 4631 voluntate
1681 4589 1801 4628 eam
1834 4573 2077 4628 arculam

505 4683 730 4747 regente
769 4674 835 4729 ad
865 4687 984 4729 eam
1032 4672 1204 4742 ripam
1259 4668 1437 4724 amnis
1465 4667 1768 4721 vorticibus
1815 4678 2081 4736 aquarum

502 4770 759 4841 ejectum,
800 4780 906 4836 qua
943 4764 1089 4834 regis
1131 4769 1263 4816 tunc
1292 4760 1398 4815 ﬁlia
1427 4760 1568 4813 forte
1609 4757 1971 4827 Spatiabatur.
2006 4754 2082 4809 lta

501 4875 635 4917 cum
678 4857 917 4914 infantili
957 4854 1141 4926 vagitu
1177 4871 1236 4910 se
1262 4851 1503 4924 prodens
1541 4857 1791 4920 repertus
1816 4856 1982 4914 esset,
2014 4848 2086 4904 ob

509 4949 759 5023 gratiam,
800 4962 920 5017 quae
953 4945 1007 4998 in
1048 4958 1115 4999 eo
1154 4943 1472 5015 apparebat,
1512 4951 1566 4997 et
1598 4940 1835 5009 speciem
1866 4953 1896 4993 a
1942 4938 2088 5008 regis

518 5043 627 5097 tilia
648 5041 903 5104 dilectus,
927 5037 983 5091 in
1008 5036 1177 5090 ﬁlium
1201 5033 1302 5089 fuit
1327 5033 1642 5103 adoptatus.
1668 5030 1869 5086 Verum
1892 5037 2087 5084 natura

515 5134 751 5204 quadam
806 5129 972 5183 insita
1017 5126 1372 5180 mammillam
1418 5124 1737 5194 alienigenae
1778 5122 2089 5187 fastidiens,

516 5224 749 5280 consilio
778 5219 1069 5291 cujusdam
1108 5232 1175 5272 ex
1222 5214 1564 5286 propinquis,
1618 5230 1648 5268 a
1690 5214 1911 5284 propria
1949 5229 2089 5267 enu-

392 5346 406 5359 -
517 5317 680 5369 tritur
712 5320 953 5383 parente.
1003 5310 1140 5363 Cum
1167 5320 1295 5361 vero
1330 5305 1386 5358 in
1434 5305 1583 5374 regia
1608 5303 1955 5367 educatione,
1992 5302 2091 5357 do-

518 5407 799 5474 ctrinaque
838 5399 1086 5458 saeculari
1118 5414 1184 5452 ex
1228 5396 1454 5467 ephebis
1476 5395 1588 5464 jam
1628 5400 1776 5450 esset
1814 5409 2091 5464 egressus,

521 5497 787 5567 inglorius
818 5496 1016 5565 degere
1053 5489 1197 5561 apud
1233 5503 1365 5544 suos
1394 5487 1677 5550 maluisse,
1711 5501 1877 5555 quam
1909 5485 2090 5539 ﬁctam

524 5583 691 5648 illam,
723 5584 882 5653 cujus
913 5582 1203 5653 adoptatus
1230 5579 1286 5634 in
1317 5577 1486 5632 ﬁlium
1514 5583 1653 5641 erat,
1706 5583 1935 5631 matrem
1963 5590 2091 5648 pro-

595 5755 636 5788 "
668 5755 817 5813 Psal.
846 5769 1008 5822 uxv,
1042 5756 1091 5808 l.
1170 5757 1214 5788 ιδ
1246 5754 1416 5809 Exod.
1449 5768 1508 5818 ιι,
1534 5751 1568 5804 2
1590 5768 1714 5822 sqq.
1805 5731 1812 5740 ’

2187 4582 2446 4651 ἀσφάλτῳ
2470 4581 2563 4635 καὶ
2589 4579 2758 4652 πίσσῃ
2783 4576 2926 4631 κατὰ
2950 4576 3047 4639 τὰς
3076 4574 3341 4646 ἁρμονίας
3363 4569 3760 4643 διαχρισθείσῃ,

2180 4672 2323 4725 οὕτω
2342 4671 2559 4743 δοθῆναι
2583 4670 2660 4741 τῷ
2692 4669 2920 4742 ῥεύματι
2939 4667 3118 4737 (τοῦτο
3141 4665 3249 4735 γὰρ
3272 4666 3321 4717 οἱ
3351 4664 3419 4717 δι’
3445 4660 3765 4733 ἐπιμελείας

2183 4763 2252 4817 τὰ
2277 4764 2396 4817 κατ’
2441 4762 2600 4815 αὐτὸν
2654 4762 3034 4832 ἱστορήσαντες
3084 4754 3437 4829 διηγήσαντο)
3462 4769 3476 4783 °
3526 4752 3682 4815 θείας
3710 4750 3765 4804 δέ

2184 4874 2330 4920 τινος
2356 4855 2639 4925 δυνάμεως
2682 4852 2780 4924 τὴν
2821 4849 3051 4904 κιϐωτὸν
3099 4845 3469 4917 κυϐερνώσης,
3519 4841 3615 4895 ἐπί
3648 4857 3767 4894 τινα
3830 4862 3831 4867 η

2189 4946 2330 5001 κατὰ
2356 4946 2418 4999 τὸ
2443 4945 2669 5014 πλάγιον
2691 4943 2857 5013 ὄχθην
2880 4938 3293 5013 ἐξορμισθῆναι,
3322 4933 3650 5005 αὐτομάτως
3673 4934 3769 5001 τῆς

2191 5036 2423 5092 κιϐωτοῦ
2453 5037 2570 5091 κατ’
2593 5037 2769 5089 ἐκεῖνο
2796 5034 2856 5086 τὸ
2887 5032 3049 5104 μέρος
3083 5029 3186 5083 ὑπὸ
3212 5030 3311 5100 τῆς
3338 5026 3513 5096 φορᾶς
3541 5023 3654 5076 τῶν
3673 5040 3768 5076 κυ-

2196 5132 2380 5200 μάτων
2415 5126 2875 5198 ἐκκυμανθείσης.
2924 5124 3035 5194 Τῆς
3076 5122 3132 5175 δὲ
3171 5116 3441 5188 θυγατρὸς
3470 5114 3569 5169 τοῦ
3621 5114 3771 5184 βασι-

2193 5218 2330 5279 λέως
2374 5217 2635 5286 ἐπιούσης
2668 5214 2812 5270 κατὰ
2841 5212 2965 5274 τοὺς
2993 5208 3264 5280 λειμῶνας
3306 5208 3407 5277 τῇς
3430 5202 3599 5274 ὄχθης
3626 5203 3770 5257 ἐκεί·

2195 5327 2313 5381 νης,
2415 5308 2604 5378 ἔτυχεν
2633 5310 2667 5378 ή
2709 5304 2939 5367 κιϐωτὸς
2974 5300 3340 5364 ἐπωκείλασα,
3375 5296 3587 5367 εὕρεμα
3616 5292 3770 5362 γενέ-

2199 5400 2321 5454 σθαι
2356 5401 2422 5470 τῇ
2468 5397 2719 5469 βασιλίδι,
2762 5393 3037 5467 βρεφικῶς
3082 5390 3357 5462 ἐμϐοήσας
3396 5390 3461 5458 τῇ
3502 5386 3769 5457 λάρνακιο

2197 5490 2379 5559 ὀφθεὶς
2424 5491 2481 5543 δὲ
2533 5490 2671 5559 μετὰ
2719 5488 2814 5558 τῆς
2863 5483 3284 5554 ἐπιφαινομένης
3336 5477 3485 5548 αύτῷ
3531 5478 3770 5548 χάριτος.

2198 5581 2358 5644 εὐθὺς
2385 5578 2767 5633 οἰκειώσασθαι
2796 5578 2860 5631 δι’
2893 5576 3107 5638 εὐνοίας
3137 5574 3236 5644 τὴν
3271 5569 3539 5642 βασιλίδα,
3573 5567 3670 5622 καὶ
3699 5568 3773 5627 είς
