3890 6376
176 402 265 461 305

1458 402 1544 456 DE
1581 402 1740 459 VITA
1778 401 1919 460 MOY
1930 402 2053 459 SIS.

3314 405 3420 462 306

176 517 276 574 υἰῡῦ
325 516 481 584 τάξιν
521 516 917 589 ἀναληφθῆναι.
966 516 1359 589 ’Δποστραφεὶς
1389 517 1445 571 δέ
1494 519 1738 588 φυσικῶς

1868 521 2001 577 lteri.
2035 518 2291 590 IEgyptio
2316 527 2498 575 autem
2525 518 2641 574 viro
2663 518 2720 573 in
2747 517 3097 575 Hebraeorum
3128 524 3419 594 quemdam

175 613 262 680 τὴν
288 608 584 679 ἀλλόφυλον
606 607 797 679 θηλὴν,
827 608 1043 678 ἐπινοίᾳ
1065 608 1212 670 τινὸς
1236 609 1346 662 τῶν
1384 609 1521 679 πρὸς
1551 610 1742 677 γένους

1869 626 2109 686 mpetum
2136 616 2372 670 laciente
2399 615 2604 678 occiso,
2635 614 2776 669 duos
2808 613 3162 671 Hebraeorum
3194 628 3422 674 conten-

175 699 391 767 οἰκείων,
437 699 819 770 ἀνατραφῆναι
850 698 930 767 τῷ
970 697 1211 770 μητρῴῳ
1242 698 1399 770 μαζῷ
1419 715 1433 729 ο
1489 699 1655 764 ἐκϐὰς
1685 699 1743 753 δὲ

1871 711 1995 766 ione
2024 718 2327 766 commotos
2357 709 2413 765 in
2445 710 2643 775 rixam,
2680 708 2984 774 admonuit,
3014 726 3125 765 non
3166 712 3242 767 ita
3286 730 3421 770 con-

173 791 263 862 ἤδη
291 791 387 861 τὴν
420 789 639 862 ἡλικίαν
666 788 776 843 τῶν
817 788 1025 843 παίδων
1065 789 1125 841 ἐν
1160 788 1412 860 βασιλικῇ
1441 792 1505 861 τῇ
1544 792 1741 861 τροφῇ,

173 884 259 939 καὶ
291 880 602 943 παιδευθεὶς
622 879 724 949 τὴν
749 877 948 945 ἔξωθεν
975 878 1278 942 παίδευσιν,
1309 876 1338 931 δ
1365 877 1525 949 δόξης
1562 872 1744 949 ἐνομί-

173 975 284 1038 ζετο
309 970 463 1043 παρά
495 973 608 1034 τοῖς
643 969 864 1034 ἔξωθεν,
890 969 990 1039 οὐχ
1028 969 1200 1023 εἵλετο
1242 968 1320 1022 ἔτι
1350 968 1745 1036 καταδέξασθαι

172 1069 261 1138 τὴν
296 1058 694 1135 σεσοφισμένην
739 1062 957 1133 ἐκείνην
996 1063 1282 1134 ὁμολογεῖν
1329 1063 1561 1134 μητέρα,
1603 1058 1747 1136 ᾗπερ

173 1164 245 1226 εἰς
267 1160 379 1215 υίοῦ
414 1159 572 1225 τάξιν
622 1158 962 1230 εἰσεποιήθη,
994 1158 1129 1212 ἀλλὰ
1156 1158 1248 1211 ἐπὶ
1276 1159 1375 1230 τὴν
1408 1158 1549 1212 κατὰ
1584 1158 1747 1227 φύσιν

172 1251 475 1307 ἐπανελθεῖν
508 1249 691 1313 πάλιν,
739 1250 836 1302 καὶ
868 1249 982 1311 τοῖς
1014 1247 1312 1319 ὁμοφύλοις
1338 1247 1749 1318 ἐγκαταμιχθῆ-

172 1360 271 1398 ναι.
317 1342 517 1412 Μάχης
547 1340 604 1394 δέ
648 1338 922 1411 συστάσης
973 1337 1209 1409 Ἑϐραίῳ
1255 1340 1360 1392 τινὶ
1410 1339 1546 1409 πρὸς
1578 1336 1749 1406 Αἰγύ-

172 1450 337 1498 πτιον,
392 1430 753 1503 συμμαχῆσαί
789 1448 849 1484 τε
892 1429 970 1500 τῷ
1024 1429 1230 1500 οἰκείῳ,
1282 1431 1378 1483 καὶ
1418 1429 1626 1483 ἀνελεῖν
1656 1428 1748 1481 τὸν

172 1524 475 1595 ἀλλόφυλον.
527 1517 664 1578 Εἶτα
711 1521 1139 1593 συμπλακέντων
1193 1520 1445 1592 ἀλλήλοις
1482 1519 1749 1592 Ἐϐραίων

172 1613 258 1669 δύο
270 1612 451 1678 τινῶν,
470 1612 855 1668 καταστέλλειν
872 1616 928 1665 ἐν
954 1613 1138 1676 αὐτοῖς
1162 1612 1260 1684 τὴν
1281 1612 1609 1682 φιλονεικίαν
1633 1628 1752 1664 πει-

173 1705 380 1777 ρᾶσθαι.
403 1702 823 1775 Συμϐουλεύσας
850 1702 1033 1767 καλῶς
1060 1702 1225 1774 ἔχειν,
1260 1702 1525 1772 ἀδελφοὺς
1566 1702 1750 1765 ὄντας,

174 1795 245 1866 μὴ
273 1794 443 1865 θυμὸν
463 1792 743 1864 διαιτητὴν
774 1793 1045 1847 ποιεῖσθαι
1073 1792 1182 1847 τῶν
1214 1792 1748 1863 ἀμφισϐητημάτων,

1846 807 2026 872 citari,
2083 807 2178 862 sed
2221 813 2441 871 natura,
2488 820 2610 876 quae
2642 805 3047 876 propinquitate
3092 809 3242 878 ipsos
3288 824 3421 864 con-

1840 904 2048 974 junxit,
2102 903 2497 969 conciliatrice,
2546 912 2603 958 et
2656 903 2815 973 quasi
2865 903 3051 973 judice
3106 907 3424 977 arbitroque

1849 998 2051 1055 fratres
2086 1000 2163 1054 uti
2188 1006 2462 1069 oportere.
2511 997 2619 1055 Sed
2652 1000 2721 1055 ab
2748 1014 2837 1063 eo,
2874 1001 2970 1070 qui
3000 1002 3249 1071 proximo
3279 1003 3426 1072 inju-

1850 1094 1989 1148 riam
2030 1093 2309 1162 afferebat,
2353 1095 2607 1165 repulsus
2648 1094 2718 1149 ad
2750 1096 3274 1166 contemplationem
3323 1099 3426 1153 hac

1850 1191 2179 1246 contumelia
2224 1190 2541 1261 impellitur.
2574 1189 2872 1245 Civitatum
2911 1192 3058 1246 enim
3094 1192 3427 1248 turbationi-

1850 1286 1955 1342 bus
1978 1288 2202 1341 omnino
2230 1286 2463 1351 relictis,
2509 1300 2696 1341 secum
2731 1287 2915 1343 vivere
2942 1287 3156 1354 maluit,
3188 1285 3297 1341 tilia
3330 1302 3428 1342 cu-

1846 1380 2066 1450 jusdam
2097 1381 2415 1452 alienigenae
2436 1381 2494 1436 in
2519 1396 2743 1437 uxorem
2771 1382 2973 1438 ducta:
3010 1381 3105 1452 qui
3134 1388 3286 1436 tanta
3309 1389 3429 1437 erat

1851 1475 1917 1530 ad
1963 1476 2342 1546 pernoscenda
2388 1477 2605 1548 ingenia
2635 1477 2918 1532 hominum
2949 1493 3243 1549 moresque
3279 1493 3430 1533 com-

1850 1573 2274 1643 prehendendos
2295 1573 2584 1643 prudentia
2608 1572 2888 1644 praeditus,
2913 1580 2974 1628 ut
2998 1574 3159 1629 unica
3180 1590 3239 1630 re
3254 1581 3429 1646 gesta,

1850 1683 2012 1738 quam
2037 1668 2252 1739 Moyses
2280 1669 2545 1724 adversus
2573 1676 2857 1738 pastorum
2887 1669 2999 1724 vim
3023 1685 3221 1742 magno
3248 1670 3433 1725 animo

1853 1760 2079 1826 fecerat,
2133 1764 2498 1819 adolescentis
2547 1764 2807 1819 virtutem
2860 1765 3232 1834 conspexerit,
3286 1764 3435 1835 quod

319 1862 420 1958 τὴν
448 1862 638 1955 φύσιν,
669 1862 969 1948 Ἀπωσθεὶς
993 1884 1050 1938 δὲ
1074 1884 1227 1956 παρά
1247 1862 1343 1937 τοῦ
1372 1883 1507 1954 πρὸς
1526 1862 1749 1936 ἀδικίαν

1868 1874 1961 1914 ion
1989 1863 2213 1931 proprio
2243 1862 2397 1917 lucro
2432 1870 2525 1917 aut
2551 1862 2710 1918 laude
2734 1869 3064 1929 commotus,
3091 1879 3191 1935 pro
3212 1864 3431 1934 justitia

172 1979 474 2049 βλέποντος,
536 1977 791 2048 ἀφορμὴν
837 1976 938 2047 τῆς
993 1977 1240 2047 μείζονος
1288 1975 1602 2046 φιλοσοφίας
1654 1974 1751 2046 τὴν

170 2067 384 2137 ἀτιμίαν
402 2066 607 2136 ταύτην
626 2065 984 2137 ποιήσασθαι·
1015 2065 1223 2135 καὶτῆς
1246 2064 1383 2136 μετά
1404 2064 1512 2118 τῶν
1543 2063 1752 2118 πολλῶν

172 2155 538 2227 σι’νδιαγωγῆς
558 2156 746 2227 πόρρω
762 2155 1072 2225 γενόμενος,
1100 2155 1304 2208 ἰδιάσαι
1318 2156 1395 2226 τῷ
1421 2155 1557 2227 μετά
1579 2154 1754 2208 ταῦτα

173 2249 284 2321 βίῳ,
311 2248 584 2318 κηδεύσας
625 2249 730 2301 τινὶ
759 2248 867 2301 τῶν
900 2247 1238 2317 ἀλλοφύλων,
1276 2248 1433 2319 ἀνδρὶ
1460 2245 1752 2319 διορατικῷ

168 2339 257 2394 τοῦ
288 2338 577 2410 βελτίονος,
602 2339 697 2391 καὶ
732 2337 937 2409 κρίνειν
962 2336 1068 2407 ἢθη
1102 2354 1163 2390 τε
1188 2337 1281 2391 καὶ
1318 2336 1430 2407 βίον
1450 2334 1755 2406 ἀνθρώπων

168 2429 580 2501 ἐπεσκεμμὲνῳ,
609 2429 667 2494 ὃς
700 2429 788 2483 διὰ
810 2431 939 2500 μιᾶς
963 2429 1235 2501 πράξεως,
1250 2429 1394 2497 λέγω
1412 2428 1477 2499 δὴ
1497 2429 1595 2499 τῆς
1613 2426 1757 2481 κατά

167 2521 274 2574 τῶν
306 2521 586 2593 ποιμένων
631 2522 829 2592 ὁρμῆς,
877 2521 1063 2575 ἐνιδὼν
1101 2519 1195 2574 τοῦ
1239 2519 1360 2573 νέου
1400 2520 1499 2588 τὴν
1532 2517 1757 2591 ἀρετὴν,

168 2616 311 2680 ὅπως
336 2616 400 2668 οὐ
454 2613 591 2687 πρὸς
639 2617 835 2669 οἰκεῖον
887 2615 1104 2686 βλέπων
1150 2614 1363 2684 κέρδος,
1414 2612 1508 2665 τοῦ
1549 2611 1757 2691 δικαίοις

1858 1960 2207 2028 pugnaverit,
2261 1959 2355 2014 sed
2388 1958 2602 2029 justum
2650 1959 2831 2030 ipsum
2878 1975 2975 2030 per
3008 1976 3089 2026 se,
3123 1976 3188 2017 ac
3235 1972 3435 2018 natura

1855 2070 1955 2111 sua
1990 2054 2277 2110 honestum
2305 2054 2582 2125 judicans,
2636 2066 2885 2126 pastores
2925 2057 3020 2128 qui
3047 2057 3185 2112 nihil
3233 2060 3287 2114 in
3346 2076 3436 2117 se-

1856 2150 2039 2219 ipsum
2076 2158 2390 2220 peccarunt,
2448 2151 2756 2222 castigavit,
2818 2167 3118 2223 eorumque
3173 2154 3434 2224 injuriam

1855 2241 2071 2313 repulit.
2125 2239 2473 2313 Quapropter
2524 2242 2783 2298 virtutem
2834 2244 3055 2314 juvenis
3107 2246 3434 2313 admiratus,

1859 2334 2350 2407 etpraestantiorem
2372 2332 2543 2405 ipsam
2573 2334 2803 2390 aliorum
2836 2334 3043 2392 divitiis
3089 2337 3436 2402 existimans,

1865 2423 2032 2479 filiam
2072 2426 2122 2478 ei
2165 2423 2391 2478 tradidit
2423 2425 2479 2479 in
2508 2441 2753 2492 nxorem,
2804 2427 3233 2500 facultatemque
3287 2430 3438 2496 fecit,

1867 2522 1926 2569 ut
1966 2515 2087 2586 ipse
2130 2531 2516 2589 quamcunque
2559 2519 2772 2575 vivendi
2822 2519 3090 2576 rationem
3129 2521 3311 2586 vellet,
3342 2522 3442 2578 eli-

1864 2615 2035 2680 geret.

170 2702 615 2774 ὺπερεμάχησεν,
666 2702 782 2757 ἀλλ’
814 2703 948 2756 αὐτὸ
989 2702 1049 2755 τὸ
1087 2702 1296 2756 δίκαιον
1326 2699 1505 2770 τίμιον
1536 2702 1602 2770 τῇ
1642 2699 1747 2769 ἰδίᾳ
1785 2695 1944 2767 φύσει
1989 2697 2210 2768 κρίνων,
2255 2699 2349 2769 τὴν
2378 2697 2594 2753 ἀδικίαν
2628 2701 2738 2755 τῶν
2775 2707 3046 2775 ποιμένων
3071 2703 3295 2757 ἐκόλασε
3333 2701 3444 2754 τῶν

171 2796 247 2858 εἰς
294 2795 504 2848 ἐκεῖνον
554 2793 1099 2864 πεπλημμεληκότων
1150 2792 1333 2855 οὐδὲν,
1382 2789 1642 2859 ἀγασθεὶς
1702 2789 1796 2841 ἐπὶ
1857 2788 2069 2852 τούτοις
2120 2790 2212 2843 τὸν
2255 2789 2411 2856 νέον,
2463 2792 2559 2846 καὶ
2610 2791 2704 2846 τοῦ
2754 2793 3156 2851 πολυταλάντου
3213 2794 3443 2849 πλούτου

174 2883 493 2959 τιμιωτέραν
525 2885 688 2940 αὑτοῦ
719 2887 815 2958 τὴν
839 2889 1038 2958 ἀρετὴν
1067 2889 1125 2940 ἐν
1160 2889 1226 2957 τῇ
1258 2887 1559 2957 φαινομένῃ
1590 2884 1752 2954 πενίᾳ
1790 2883 2000 2955 κρίνας,
2038 2883 2396 2949 συνοικίζεται
2429 2887 2574 2960 αὐτῷ
2599 2889 2697 2960 τὴν
2735 2890 3032 2965 θυγατέρα,
3074 2891 3170 2945 καὶ
3206 2890 3326 2946 κατ’
3360 2890 3449 2959 ἐξα

171 2978 353 3030 θυσίαν
386 2978 554 3046 ἐφῆκε
590 2976 680 3030 τὸν
713 2977 1048 3048 καταθύμιόν
1090 2976 1331 3048 μετιέναι
1368 2977 1501 3047 βίον.

238 3068 332 3139 Τῷ
372 3068 429 3122 δὲ
468 3065 536 3122 ῆν
565 3069 740 3140 ὁρειός
784 3086 845 3121 τε
893 3069 987 3122 καὶ
1017 3066 1294 3131 ίδιάζουσα
1328 3069 1361 3139 ή
1393 3066 1528 3137 ζωὴ,
1575 3064 1756 3131 πάσης

1931 3058 2000 3110 Αι
2055 3060 2146 3113 ille
2202 3068 2514 3116 montanam
2569 3077 2633 3117 ac
2663 3063 2963 3119 solitariam
3012 3066 3194 3138 elegit,
3238 3069 3329 3124 ubi
3380 3070 3451 3125 ab

168 3160 430 3232 ἀγοραίου
458 3159 666 3231 τύρϐης
708 3160 1124 3232 ἀπηλλαγμένη,
1159 3162 1215 3213 ἐν
1243 3162 1309 3230 τῇ
1340 3158 1448 3212 τῶν
1482 3155 1769 3229 προϐάτων

171 3248 467 3320 ἐπιμελείᾳ
497 3249 639 3302 κατά
652 3248 749 3320 τὴν
780 3250 985 3321 ἔρημον
1018 3249 1289 3313 ἰδιάζοντι.
1324 3247 1530 3319 Χρόνου
1564 3246 1621 3299 δὲ
1651 3245 1765 3299 δια-

170 3340 455 3411 γεγονότος
474 3341 531 3392 ἐν
558 3338 635 3410 τῷ
656 3341 882 3411 τοιούτῳ
913 3342 1012 3412 τῆς
1044 3340 1190 3413 ζωῆς
1209 3342 1360 3407 εἴδει,
1381 3342 1543 3412 φησιν
1570 3342 1603 3412 ἡ
1633 3341 1773 3393 ἰστο-

176 3431 290 3501 ρία,
324 3430 562 3499 φοϐερὰν
590 3430 842 3499 γενέσθαι
883 3431 1031 3503 αὑτῷ
1059 3432 1399 3501 θεοφάνειαν,
1428 3434 1486 3485 ἐν
1525 3429 1774 3502 σταθηρᾷ

177 3521 522 3594 μεσημϐριᾳ,
570 3522 745 3591 φωτὸς
790 3523 979 3595 ἐτέρου
1018 3524 1161 3595 ὑπὲρ
1188 3512 1257 3577 τδ
1278 3523 1502 3594 ἡλιακὸν
1529 3522 1644 3592 φῶς
1675 3521 1773 3584 τὰς

170 3611 328 3681 ὄψεις
357 3613 881 3686 περιαστράψαντος.
915 3614 1020 3667 Τὸν
1060 3615 1118 3667 δὲ
1157 3614 1469 3682 ξενισθέντα
1503 3613 1584 3684 τῷ
1615 3611 1773 3685 ἀήθει

173 3704 274 3774 τῆς
289 3702 442 3766 θέσις,
459 3704 758 3771 ἀναϐλέψαι
778 3720 837 3757 τε
862 3704 1000 3776 πρὸς
1019 3706 1081 3758 τὸ
1100 3705 1246 3778 ὅρος,
1269 3706 1363 3760 καὶ
1391 3706 1520 3760 ἰδεῖν
1547 3704 1769 3776 θάμνον,

175 3795 272 3865 ἀφ’
301 3790 365 3849 οὗ
392 3796 689 3867 πυροειδῶς
711 3797 772 3851 τδ
802 3798 1005 3868 φέγγος
1032 3799 1317 3872 ἐξήπτετο,
1336 3800 1444 3854 τῶν
1468 3799 1527 3853 δὲ
1561 3797 1773 3853 κλάδων

173 3885 274 3941 τοῦ
305 3887 514 3958 θάμνου
543 3888 794 3962 καθάπερ
830 3893 888 3945 ἐν
920 3892 1097 3960 δρόσῳ
1141 3894 1208 3963 τῇ
1241 3892 1402 3960 φλογὶ
1438 3890 1775 3947 συναναθαλ-

174 3977 405 4041 λόντων,
433 3979 609 4033 εἰπεῖν
627 3980 803 4036 ταῦτα
824 3982 893 4035 τὰ
915 3982 1137 4053 ῥήματα
1160 3982 1298 4054 πρὸς
1324 3983 1514 4037 ἑαυτὸν
1540 3984 1768 4047 ἐκεῖνον,

175 4071 262 4124 ὅτι
293 4068 737 4142 «Διαϐἀςὸψομαι
759 4073 820 4126 τὸ
845 4073 987 4144 μέγα
1019 4075 1202 4145 ὅραμα
1226 4072 1674 4134 τοῦτο.›Εἰπόντα
1689 4073 1767 4138 δὲ,

178 4157 387 4230 μηκέτι
434 4159 614 4229 μόνοις
656 4165 769 4226 τοίς
813 4161 1113 4234 ὀφθαλμοῖς
1142 4163 1203 4217 τὸ
1247 4162 1434 4235 θαῦμα
1453 4163 1549 4217 τοῦ
1594 4164 1773 4233 φωτὸς

175 4247 443 4313 δέξασθαι
464 4266 479 4281 ·
509 4250 624 4304 ἀλλ’
652 4252 682 4305 δ
709 4252 927 4306 πάντων
956 4254 1073 4308 ἐστὶ
1099 4252 1557 4324 παραδοξότατον,
1590 4255 1649 4308 τὸ
1675 4253 1772 4307 καὶ¹

177 4336 281 4408 τὴν
308 4340 486 4411 ἀκοὴν
517 4342 638 4400 ταῖς
683 4342 867 4395 ἀκτῖσι
925 4342 1020 4396 τοῦ
1060 4342 1298 4412 φέγγους
1347 4342 1767 4415 ἐναυγασθῆναι.

179 4429 330 4502 Πρὸς
365 4430 478 4502 γὰρ
519 4432 837 4504 ἀμφοτέρας
862 4433 961 4496 τὰς
981 4433 1261 4505 αἰσθήσεις
1284 4437 1317 4507 ἡ
1347 4433 1442 4487 τοῦ
1469 4434 1645 4503 φωτὸς
1674 4451 1770 4505 με·

179 4521 441 4593 ρισθεῖσα
468 4524 647 4595 χάρις,
667 4525 768 4590 τάς
798 4526 898 4596 μὲν
928 4525 1082 4596 ὁψεις
1107 4528 1229 4589 ταῖς
1251 4525 1360 4579 τῶν
1388 4526 1624 4581 ἀκτίνων
1649 4542 1784 4596 μαρ-

182 4616 472 4684 μαρυγαῖς
499 4615 859 4686 περιηύγαζε,
899 4617 1001 4687 τὴν
1036 4617 1093 4670 δὲ
1128 4617 1300 4689 ἀκοὴν
1334 4618 1448 4681 τοῖς
1482 4617 1783 4688 ἀκηράτοις

175 4705 458 4775 δόγμασιν
509 4707 887 4776 έφωταγώγει.
958 4708 1172 4762 Κωλύει
1220 4708 1350 4778 γοῦν
1398 4709 1433 4779 ἡ
1465 4707 1556 4762 τοῦ
1604 4708 1783 4779 φωτὸς

177 4797 404 4850 ἐκείνου
457 4798 608 4867 φωνὴ
644 4800 950 4870 προσϐῆναι
993 4799 1071 4870 τῷ
1106 4799 1223 4871 δρει
1261 4800 1353 4853 τὸν
1379 4799 1783 4869 Μωῦσέαλτοῖς

176 4890 410 4959 νεκροῖς
442 4889 751 4961 ὑποδήμασι
777 4893 1171 4965 βεϐαρημένον,
1204 4894 1318 4949 ἀλλ’
1346 4893 1654 4949 ἐκλύσαντα
1672 4892 1782 4948 τῶν

176 4979 371 5033 ποδῶν
418 4980 482 5033 τὸ
531 4982 804 5052 ὑπόδημα,
851 4984 995 5040 οὕτω
1021 4987 1123 5057 τῆς
1166 4986 1270 5056 γῆς
1313 4984 1505 5055 ψαύειν
1544 4986 1779 5057 ἐκείνης,

176 5074 285 5142 ὅση
322 5070 410 5141 τῷ
438 5070 570 5144 θείῳ
602 5076 743 5144 φωτὶ
783 5078 1183 5149 κατελάμπετο.
1232 5080 1363 5133 Ἐπὶ
1408 5079 1619 5144 τούτοις
1654 5080 1781 5152 (χρὴ

176 5164 296 5237 γὰρ
336 5160 497 5235 οῐμαι
532 5167 608 5238 μὴ
640 5168 761 5222 λίαν
791 5171 1151 5242 ἐμϐραδύνειν
1193 5174 1258 5244 τῇ
1295 5172 1424 5245 ψιλῇ
1463 5172 1559 5226 τοῦ
1590 5173 1783 5245 ἀνδρὸς

180 5257 446 5327 ιστορίᾳ,
487 5260 602 5322 τοῖς
638 5259 847 5329 λόγοις,
887 5263 963 5327 ὡς
1012 5263 1078 5319 ἀν
1123 5265 1220 5318 καὶ
1261 5264 1372 5318 τῶν
1405 5263 1781 5334 προκειμένων

176 5345 425 5418 ἔχοιντο)
436 5347 774 5419 summa;
789 5352 856 5421 τῇ
877 5350 1105 5424 ὀφθείσῃ
1121 5351 1427 5424 θεοφανείᾳ.
1445 5352 1708 5424 ῥύσασθαι
1720 5352 1783 5405 τὸ

176 5434 469 5506 ὁμόφυλον
498 5437 598 5507 τῆς
623 5437 868 5503 δουλείας
887 5440 995 5493 τῶν
1023 5441 1338 5509 Αἰγυπτίων
1361 5442 1779 5513 προστάσσεται.

179 5528 301 5582 Καὶ
318 5528 402 5590 ὡς
424 5528 493 5582 ἂν
514 5529 752 5599 μάλιστα
785 5530 947 5601 μάθοι
976 5531 1073 5603 τὴν
1106 5532 1460 5604 ἐγγινομένην
1486 5532 1634 5604 αὐτῷ
1666 5532 1782 5586 θεό-

180 5619 282 5677 θεν
311 5623 492 5691 ἰσχὺν,
520 5624 586 5677 ἐκ
622 5623 735 5677 τῶν
785 5625 845 5678 ἐν
874 5624 1029 5696 χερσὶ
1056 5628 1289 5680 ποιεῖται
1314 5625 1413 5699 τὴν
1433 5628 1627 5698 πεῖραν
1654 5624 1781 5697 θείῳ

290 5800 314 5832 ⁵
341 5800 514 5858 Exod.
560 5816 646 5868 ut,
689 5802 747 5862 3.

1870 3152 2018 3205 omni
2049 3151 2486 3207 circumforanea
2516 3153 2677 3208 turba
2708 3163 2973 3220 remotus,
3014 3157 3069 3212 in
3104 3159 3286 3213 ovium
3318 3175 3451 3215 cura

1872 3243 1975 3297 sibi
2016 3243 2073 3297 in
2101 3243 2321 3299 deserto
2355 3246 2689 3302 attendebat.
2728 3246 2848 3313 Quo
2874 3248 2930 3304 in
2957 3264 3154 3320 genere
3184 3252 3306 3307 vitae
3340 3268 3450 3308 non

1872 3350 2040 3405 parvo
2086 3345 2362 3393 transacto
2400 3339 2663 3405 temporis
2706 3341 2905 3410 spatio,
2962 3343 3268 3399 mirabilem
3319 3344 3455 3402 dicit

1872 3425 2103 3479 historia
2155 3427 2333 3496 ipsum
2366 3426 2570 3483 vidisse
2615 3427 2909 3484 visionem.
2964 3427 3025 3484 In
3072 3430 3253 3485 medio
3305 3431 3452 3486 enim

1873 3519 2133 3589 claroque
2183 3519 2272 3574 die
2304 3517 2407 3572 alia
2455 3519 2825 3588 praestantior,
2877 3536 3042 3591 quam
3090 3522 3288 3577 solaris
3336 3523 3453 3588 lux,

1874 3610 2022 3666 circa
2049 3611 2241 3666 oculos
2266 3610 2387 3680 ejus
2411 3609 2638 3667 effulsit.
2673 3610 2850 3682 Cujus
2878 3612 2957 3667 rei
2988 3612 3283 3668 insolentia
3327 3629 3454 3669 cum

1873 3703 2207 3772 respexisset
2237 3701 2306 3756 ad
2333 3685 2596 3767 montem,
2626 3701 2914 3758 arbustum
2951 3703 3152 3759 ardens
3190 3704 3457 3760 scribitur

1875 3794 2183 3864 aspexisse:
2204 3792 2362 3863 cujus
2388 3793 2525 3847 rami
2551 3807 2675 3847 cum
2705 3791 2981 3859 arderent,
3002 3794 3161 3865 quasi
3192 3795 3454 3850 continua

1874 3884 2196 3957 irrigatione
2242 3885 2610 3952 virescebant,
2663 3884 3104 3957 admiratumque
3135 3870 3325 3944 secum
3372 3889 3457 3942 di-

1872 3977 2051 4034 xisse:
2084 3976 2322 4034 «Vadam
2344 3990 2398 4034 et
2417 3978 2614 4035 videbo
2627 3979 2896 4035 visionem
2919 3980 3061 4036 hanc
3081 3995 3330 4051 magnam
3352 3980 3416 4044 ",
3430 3998 3449 4032 ι

1875 4084 1943 4124 ne
1969 4068 2224 4126 videlicet
2252 4070 2448 4127 oculos
2474 4070 2675 4139 solum,
2704 4072 3067 4128 verumetiam
3097 4073 3263 4144 (quod
3289 4073 3456 4129 mira-

1872 4146 2040 4218 bilius
2087 4163 2193 4231 est)
2233 4163 2481 4218 auditum
2520 4163 2688 4219 radiis
2733 4163 2857 4234 ejus
2906 4164 3048 4220 lucis
3099 4165 3457 4221 itluminaret.

1872 4252 2083 4308 Natura
2126 4254 2272 4309 enim
2307 4255 2456 4310 illius
2489 4254 2652 4322 lucis,
2689 4256 2858 4311 veluti
2886 4257 2943 4311 in
2972 4257 3209 4312 duorum
3244 4257 3458 4328 objecta

1877 4359 2140 4400 sensuum
2191 4344 2388 4409 divisa,
2433 4357 2493 4400 ut
2525 4344 2580 4399 in
2631 4346 2825 4401 oculos
2855 4346 3147 4416 splendore
3180 4346 3459 4403 radiorum

1884 4432 2144 4505 fulgebat,
2171 4435 2251 4490 sic
2269 4435 2674 4491 immortalibus
2698 4436 2944 4491 auditum
2967 4437 3313 4509 dogmatibus
3338 4438 3460 4492 illu-

1883 4527 2110 4582 strabat.
2158 4526 2341 4582 Vetuit
2395 4527 2562 4597 igitur
2612 4527 2752 4583 lucis
2790 4526 2937 4584 illius
2981 4544 3082 4583 vox
3120 4530 3188 4585 ad
3220 4540 3460 4584 montem

1883 4626 2223 4674 mortuorum
2255 4618 2565 4674 calceorum
2605 4619 2843 4690 pondere
2889 4635 3142 4690 pressum
3176 4620 3459 4686 accedere,

1885 4711 2208 4780 solvereque
2224 4711 2391 4780 jussit
2418 4711 2814 4777 calceamenta,
2836 4726 2899 4767 ac
2920 4712 3139 4767 demum
3165 4712 3311 4767 nudo
3327 4714 3464 4783 pede

1883 4810 2086 4858 terram
2139 4803 2286 4857 illam
2323 4802 2613 4873 attingere,
2666 4817 2786 4872 quae
2832 4803 3017 4858 divina
3059 4804 3181 4859 luce
3222 4805 3465 4875 resplen-

1882 4894 2065 4950 debat.
2112 4894 2314 4949 Deinde
2350 4908 2420 4948 ne
2468 4893 2681 4964 longior
2720 4894 2776 4948 in
2810 4894 3042 4951 historia
3077 4896 3202 4960 sim,
3250 4903 3304 4950 et
3341 4902 3398 4949 ut
3432 4909 3464 4949 a

1882 4985 2166 5056 praposito
2194 4998 2303 5038 non
2334 4982 2633 5049 discedam,
2674 4983 2778 5038 hac
2807 4985 3022 5039 visione
3052 4984 3462 5047 corroboratus,

1884 5077 1953 5131 ab
2006 5075 2386 5147 Egyptiorum
2437 5074 2700 5129 servitute
2761 5088 2892 5130 suos
2944 5075 3181 5130 liberare
3213 5073 3461 5143 jubetur.

1884 5169 1989 5224 Sed
2020 5175 2080 5222 ut.
2108 5168 2363 5229 disceret,
2381 5173 2586 5235 quanta
2614 5165 2876 5221 divinitus
2900 5165 3068 5221 virtus
3099 5164 3203 5219 sibi
3233 5172 3463 5233 praesta-

1882 5270 2052 5325 retur,
2088 5259 2160 5313 ita
2196 5257 2307 5313 Deo
2330 5257 2575 5325 jubente,
2607 5257 2730 5312 istis
2758 5271 2880 5327 quae
2911 5263 3067 5311 erant
3096 5256 3149 5308 in
3182 5269 3343 5307 manu
3372 5268 3465 5323 pe-

1887 5353 2116 5410 riculum
2154 5352 2299 5406 fecit.
2344 5349 2474 5404 Erat
2497 5350 2601 5406 hoc
2629 5356 2807 5404 autem
2836 5346 3104 5418 ejusmodi
3124 5366 3138 5403 :
3158 5344 3321 5417 Virga
3350 5357 3468 5399 ma-

1883 5462 1958 5500 nu
1992 5444 2045 5499 in
2073 5455 2271 5499 terram
2308 5440 2552 5512 projecta
2584 5440 2749 5493 vitam
2787 5438 3014 5507 accipit,
3060 5436 3225 5504 inque
3264 5434 3467 5489 animal

1881 5535 2135 5590 vertitur.
2174 5531 2413 5588 Colubra
2454 5529 2509 5584 id
2542 5536 2661 5584 erat
2689 5528 2922 5593 animal;
2957 5539 3262 5595 rursusque
3300 5537 3465 5579 manu

1884 5632 2122 5695 recepta,
2147 5632 2207 5679 ut
2239 5623 2386 5693 virga
2417 5622 2565 5691 prius
2596 5626 2713 5675 erat
2741 5617 2924 5674 subito
2958 5616 3098 5672 facta
3134 5623 3237 5674 est.
3274 5615 3463 5673 Manus
