3890 6362
443 366 556 420 307

1691 366 1746 420 S.
1783 363 2109 421 GREGORII
2151 360 2440 417 NYSSENI

3601 357 3706 417 308

445 495 662 553 quoque
688 480 742 534 in
765 481 886 536 sinu
909 483 1207 546 recondita,
1245 481 1300 535 in
1332 482 1472 536 nivis
1502 481 1793 536 candorem
1828 484 2013 536 immn-

2128 480 2529 552 προστάγματι.
2567 476 2628 530 ἸΙ
2659 477 2716 530 δέ
2757 479 2920 546 πεῖρα
2944 471 3013 546 ἦν
3062 476 3200 547 αὕτη
3222 494 3236 508 ·
3264 469 3499 538 Ῥάὸδος
3541 477 3704 529 ἐκπε-

446 580 609 633 tatnr,
643 579 696 626 et
732 572 925 625 iterum
959 573 1011 625 in
1044 573 1294 628 eumdem
1329 573 1509 627 sinum
1539 574 1781 628 immissa
1813 574 1866 627 in
1909 575 2020 643 pri-

443 662 642 716 stinam
681 661 837 715 rediit
876 669 1147 716 naturam.
1189 661 1560 718 Descendente
1596 672 1774 719 autem
1811 665 1928 733 ipso
1965 666 2017 718 in

442 752 758 823 Egyptum,
795 752 1207 824 adducenteqne
1255 769 1440 809 secum
1489 770 1712 809 uxorem
1759 756 2018 825 alienige-

439 861 586 908 nam,
620 852 672 896 et
715 844 916 898 liberos
954 845 1056 898 sibi
1099 845 1170 898 ab
1201 857 1264 900 ea
1310 853 1496 906 natos,
1541 847 1765 915 angelus
1803 847 2017 901 obviam

440 935 615 990 factus
649 935 898 990 timorem
935 937 1127 991 mortis
1162 936 1410 991 intulisse
1445 935 1655 991 fertur:
1693 952 1852 1006 quem
1895 952 2017 990 mu-

436 1027 538 1079 lier
587 1026 1026 1081 circumcisionis
1079 1025 1173 1080 filii
1230 1026 1495 1096 sanguine
1549 1025 1705 1080 facile
1763 1027 2014 1096 placavit.

438 1114 592 1169 Tunc
628 1117 806 1170 Aaron
849 1131 1067 1186 quoque
1108 1116 1276 1170 frater
1313 1115 1432 1184 ejus
1479 1115 1738 1171 divinitus
1779 1119 2017 1172 monitus

435 1208 649 1261 obviam
683 1209 901 1279 prodiit,
925 1217 978 1261 et
997 1209 1153 1277 paulo
1183 1215 1305 1278 post
1327 1207 1380 1261 in
1404 1208 1722 1262 concionem
1756 1209 1824 1262 ab
1852 1209 2017 1265 utris-

435 1314 542 1367 que
587 1299 819 1368 populus
880 1297 1169 1370 Egyptius
1215 1307 1578 1364 convocatur,
1630 1299 1854 1355 libertas
1903 1307 2014 1353 tam

434 1387 706 1442 laboriosa
742 1390 1004 1444 servitute
1036 1391 1314 1460 oppressis
1343 1391 1682 1460 preponitur.
1724 1390 1858 1445 Cum
1897 1391 2018 1461 ipso

433 1494 652 1548 quoque
672 1489 904 1550 tyranno
921 1482 1020 1535 hac
1034 1481 1100 1537 de
1115 1497 1173 1536 re
1194 1482 1511 1552 loquuntur.
1524 1482 1774 1539 Irritatus
1791 1485 1880 1538 ille
1898 1501 2015 1538 ma-

434 1570 520 1638 gis
551 1586 712 1640 quam
749 1580 894 1635 ante,
929 1588 1052 1627 cum
1094 1573 1146 1630 in
1181 1589 1277 1630 eos
1311 1575 1403 1645 qui
1439 1585 1707 1646 przeerant
1737 1579 2012 1646 operibus,

435 1668 551 1714 tum
577 1662 630 1715 in
656 1663 803 1731 ipsos
823 1661 1114 1730 lsraelitas,
1135 1674 1294 1735 auget
1319 1666 1372 1719 in
1394 1667 1676 1736 portandis
1697 1669 2014 1724 imbricibus

434 1754 1244 1824 pensum,imperatduriora,ut
1263 1772 1368 1810 non
1389 1759 1563 1812 solum
1583 1759 1715 1821 luto,
1731 1758 1824 1813 sed
1846 1759 2014 1829 paleis

433 1843 762 1914 stipulisque
783 1846 1101 1914 colligendis
1124 1848 1304 1902 alllicti
1327 1847 1496 1904 Judmi
1519 1853 1925 1907 contabescant.
1945 1855 2014 1905 At

432 1949 562 1988 vero
578 1934 790 1990 Pharao
814 1937 887 2008 (id
911 1939 1054 1992 enim
1084 1955 1281 1994 nomen
1315 1948 1432 1994 erat
1454 1942 1706 2012 tyranno)
1751 1944 2013 2002 divinitus

434 2027 593 2082 factis
614 2029 890 2082 miraculis
914 2044 976 2082 ac
1006 2029 1176 2097 signis
1195 2033 1448 2086 resistere
1469 2035 1789 2099 conabatur,
1819 2036 1885 2090 ad
1911 2037 2012 2092 hoc

430 2133 713 2188 magorum
749 2136 880 2174 usus
911 2121 1219 2190 praestigiis.
1253 2122 1547 2193 Postquam
1577 2132 1758 2179 autem
1790 2126 1842 2179 in
1877 2141 2014 2196 pra:-

431 2210 606 2263 sentia
637 2204 1016 2281 )Egyptiorum
1045 2213 1253 2283 virgam
1278 2228 1432 2267 suam
1465 2215 1517 2267 in
1551 2224 1857 2285 serpentem
1890 2219 2012 2270 ani-

433 2305 640 2352 masset
665 2297 897 2369 Moyses,
933 2299 1072 2353 idem
1100 2315 1319 2370 quoque
1353 2303 1469 2356 suis
1491 2304 1544 2356 in
1573 2303 1737 2373 virgis
1762 2321 1819 2360 se
1848 2305 2014 2360 factu-

434 2404 525 2443 ros
555 2389 938 2444 existimabant
971 2389 1127 2460 Magi.
1161 2390 1265 2445 Sed
1301 2391 1566 2446 fallaciam
1597 2393 1887 2451 ellieaeitas
1923 2414 2010 2452 re-

431 2481 667 2549 darguit,
685 2481 810 2533 dum
841 2497 1062 2550 serpens
1082 2496 1146 2533 ex
1170 2481 1368 2551 Moysis
1390 2482 1538 2551 virga
1561 2498 1879 2550 conversus,
1897 2502 2011 2541 ma-

429 2573 548 2643 gica
585 2574 748 2642 ligna,
783 2582 1061 2640 serpentes
1100 2573 1308 2625 scilicet
1343 2574 1696 2637 comedendo,
1730 2577 1930 2629 nullam
1956 2579 2008 2632 in

427 2667 548 2720 aliis
571 2681 690 2720 esse
717 2665 820 2717 vim
841 2663 906 2716 ad
944 2663 1361 2733 propulsandam
1406 2664 1683 2733 injuriam,
1715 2675 1808 2719 aut
1841 2668 2006 2722 vitam

425 2755 656 2810 dandam
679 2755 936 2818 ostendit,
960 2760 1154 2823 praster
1170 2745 1402 2824 speciém
1425 2769 1584 2822 quam
1605 2757 1778 2811 oculis
1793 2773 2003 2812 eorum.

424 2847 517 2916 qui
550 2847 707 2901 facile
733 2846 906 2915 decipi
933 2853 1203 2914 poterant,
1236 2847 1520 2915 praestigias
1547 2845 1824 2917 Magorum
1849 2850 2008 2904 exhi-

2124 570 2291 622 σοῦσα
2317 569 2416 638 τῆς
2443 569 2641 639 χειρὸς,
2683 566 2956 636 ὲψυχώθη.
2996 569 3089 620 καί
3118 565 3255 630 ζῶον
3296 565 3514 636 ἐγένετο
3561 566 3706 634 (δρά-

2122 678 2232 715 κων
2269 663 2326 715 δὲ
2354 662 2413 714 τὸ
2443 659 2580 723 ζῶον
2617 657 2708 731 ἦν)
2730 679 2746 693 ·
2782 663 2874 715 καὶ
2913 659 3072 715 πάλιν
3099 658 3204 712 ὑπὸ
3241 658 3340 728 τῆς
3368 657 3552 728 χειρὸς
3578 659 3706 710 ἀνα-

2120 753 2401 823 ληφθεῖσα,
2427 754 2564 823 ὅπερ
2589 749 2655 823 ἦν
2694 753 2801 823 πρὸ
2859 753 2957 822 τῆς
3002 749 3338 821 θηριὼσεως,
3371 751 3552 803 ἐκεῖνο
3586 749 3703 818 ἐγέ-

2119 861 2260 897 νετο.
2295 845 2403 897 Kal
2457 846 2488 914 ἡ
2521 845 2618 913 τῆς
2648 843 2827 913 χειρὸς
2863 843 3176 912 ἐπιφάνεια,
3210 840 3306 894 νῦν
3333 841 3430 911 μὲν
3463 841 3702 912 προελη-

2120 944 2274 997 θεῖσα
2302 943 2396 996 τοῦ
2427 942 2649 1004 κόλπου,
2682 943 2761 1004 εἰς
2783 942 2959 1010 χιόνος
3000 938 3330 1011 μετεΜιήθη
3363 938 3666 1008 λευκότητα
3685 979 3698 1001 ,

2119 1033 2281 1085 πάλιν
2298 1031 2356 1084 δὲ
2376 1031 2508 1084 εἵσω
2531 1029 2623 1083 τοῦ
2647 1029 2812 1083 αὑτοῦ
2833 1029 3117 1098 γενομένη,
3143 1029 3236 1080 ἐπὶ
3261 1027 3356 1098 τὴν
3384 1027 3519 1080 ἰδίαν
3541 1029 3701 1081 ἐπαν-

2119 1124 2335 1194 έρχεται
2361 1122 2538 1190 φύσιν.
2565 1121 2859 1184 Κατιόντος
2881 1119 2936 1171 δέ
2955 1117 3045 1171 τοῦ
3066 1118 3307 1179 Μωσέως
3322 1117 3414 1169 ἐπὶ
3428 1116 3530 1186 τὴν
3540 1117 3701 1183 Δίγυ-

2116 1231 2271 1277 πτον,
2303 1213 2396 1266 καὶ
2423 1212 2861 1282 συνεπαγομένου
2873 1208 2969 1280 τὴν
2990 1209 3234 1279 γαμετὴν
3258 1208 3356 1277 τὴν
3379 1205 3696 1274 ἀλλόφυλον,

2117 1307 2209 1358 καὶ
2234 1306 2360 1368 τοὺς
2387 1305 2482 1358 ἀπ’
2515 1303 2730 1374 ἐκείνης
2765 1301 2913 1372 αὐτῷ
2940 1299 3232 1370 γεγονότας
3262 1298 3479 1362 παῖδας,
3499 1300 3588 1351 ὅτε
3617 1316 3698 1361 τις

2116 1395 2213 1448 καὶ
2242 1395 2472 1463 ἄγγελος
2499 1393 2647 1462 αὺτῷ
2675 1391 3004 1460 συναντῆσαι
3049 1389 3284 1458 λέγεται,
3325 1389 3416 1441 τὸν
3440 1387 3571 1458 περὶ
3607 1387 3695 1440 τοῦ

2117 1484 2347 1538 Θανάτου
2395 1483 2558 1554 φόὸον
2620 1484 2860 1550 ἐπάγων,
2917 1480 2976 1534 ὃν
3015 1481 3049 1550 ἡ
3106 1476 3353 1550 γυνὴτῴ
3377 1477 3573 1547 αἵματι
3605 1477 3698 1546 τῆς

2117 1575 2415 1646 περιτομῆς
2445 1574 2539 1628 τοῦ
2570 1574 2758 1636 παιδὸς
2782 1573 3039 1625 ἱλεώσατο
3061 1587 3074 1599 ·
3106 1570 3230 1622 τότε
3263 1568 3528 1638 συντυχία
3554 1567 3696 1636 γίνε-

2115 1685 2201 1721 ται
2220 1665 2312 1720 τοῦ
2328 1663 2834 1735 Ἀαρὼν,καίαὺτοῦ
2864 1661 3045 1716 θεόθεν
3075 1659 3524 1730 παρορμηθέντος
3566 1657 3695 1727 πρὸς

2115 1758 2212 1828 τὴν
2242 1757 2584 1826 συνάντησιν.
2631 1750 2763 1810 Εἶτα
2798 1753 2928 1825 παρ’
2957 1751 3286 1822 ἀμφοτέρων
3307 1752 3408 1803 ὁέν
3440 1749 3698 1819 Αἰγύπτῳ

2115 1849 2242 1912 λαὸς
2307 1851 2386 1912 εἰς
2420 1847 2714 1916 ἐκκλησίαν
2748 1846 2931 1916 κοινὴν
2970 1843 3372 1912 συναγείρεται,
3424 1842 3518 1894 καὶ
3544 1842 3577 1910 ἡ
3605 1840 3697 1909 τῆς

2114 1940 2356 1999 δουλείας
2387 1938 2675 2009 ἀπαλλαγὴ
2726 1939 2842 1999 τοῖς
2885 1934 3252 2005 πεπονηκόσιν
3302 1932 3404 2003 ἤδη
3439 1932 3506 2002 τῇ
3548 1948 3699 1984 κακο-

2115 2032 2431 2103 παθείᾳτῶν
2448 2031 2622 2102 ἔργων
2652 2047 2712 2081 πε
2722 2027 3121 2100 ριαγγέλλεται,
3145 2026 3239 2078 καὶ
3265 2024 3400 2094 πρὸς
3420 2023 3586 2078 αὐτὸν
3615 2023 3697 2076 τὸν

2113 2125 2370 2192 τύραννον
2393 2126 2421 2176 ό
2442 2124 2593 2190 παρὰ
2623 2121 2812 2173 τούτου
2852 2119 3062 2187 γίνεται
3091 2118 3268 2186 λόγος.
3303 2116 3697 2186 ’Λγανάκτησις

2114 2217 2205 2270 ἐπὶ
2239 2215 2446 2278 τούτοις
2458 2214 2553 2267 τοῦ
2569 2213 2856 2285 τυράννου,
2874 2213 3014 2265 κατά
3046 2228 3105 2264 τε
3138 2211 3248 2262 τῶν
3266 2209 3697 2263 ἐπιστατούντων

2112 2310 2223 2366 τοῖς
2255 2305 2455 2376 ἔργοις,
2489 2303 2742 2357 καὶκατὰ
2767 2303 2875 2356 τῶν
2921 2300 3272 2372 Ἰσραηλιτῶν
3289 2299 3476 2352 αὐτῶν.
3502 2301 3697 2368 μείζων

2114 2393 2146 2462 ἢ
2176 2393 2435 2464 πρότερον
2461 2407 2472 2419 ·
2500 2394 2591 2446 καί
2616 2395 2644 2444 ό
2661 2394 2758 2464 τῆς
2778 2390 3058 2454 πλινθείας
3094 2392 3258 2460 φόρος
3281 2389 3692 2455 ἐπαύξεται,καὶ

2111 2484 2511 2555 ἐπιπονώτερον
2532 2485 2590 2536 τὸ
2611 2485 2892 2552 ἐπίταγμα
2907 2481 3350 2552 καταπέμπεται,
3370 2482 3431 2533 ού
3450 2481 3530 2551 τῷ
3550 2479 3698 2550 πηλῷ

2114 2576 2260 2646 μόνῳ
2288 2574 2760 2639 κακοπαθούντων,
2789 2575 2925 2628 ἀλλὰ
2950 2574 3042 2628 καὶ
3071 2591 3136 2626 πε
3147 2573 3200 2644 ρὶ
3219 2575 3279 2626 τὸ
3295 2574 3497 2644 άχυρόν
3519 2591 3580 2626 τε
3612 2571 3700 2626 καὶ

2111 2665 2209 2737 τὴν
2245 2668 2496 2738 καλάμην
2513 2668 3021 2740 ταλαιπωροῦντων.
3059 2666 3165 2719 Τοῦ
3199 2667 3254 2720 δέ
3286 2667 3487 2737 Φαραὼ
3526 2666 3697 2736 (τοῦτο

2112 2760 2220 2831 γάρ
2243 2757 2310 2832 ἦν
2325 2761 2494 2831 ὄνομα
2512 2759 2590 2830 τῷ
2610 2759 2854 2830 τυράννῳ
2872 2759 2978 2812 τῶν
3009 2758 3345 2828 Αἰγυπτίων)
3378 2761 3490 2820 τοῖς
3521 2758 3699 2810 θεόθεν

2110 2853 2240 2922 παρ’
2259 2850 2424 2904 αὐτοῦ
2443 2849 2750 2919 γενομένοις
2769 2849 3012 2919 σημείοις
3029 2849 3486 2917 άντισοφιστεύειν
3499 2848 3587 2901 διά
3603 2849 3698 2918 τῆς

426 2940 672 2993 buerant.
702 2935 855 2992 Tunc
879 2939 1280 2991 consentientes
1310 2945 1542 3008 tyranno
1572 2938 1857 3010 Egyptios
1889 2957 2008 2995 om-

2118 2943 2219 2995 τῶν
2241 2943 2451 3012 γοήτων
2486 2941 2823 3013 μαγγανείας
2848 2940 3274 3011 ἐπιχειροῦντος,
3311 2941 3398 2993 ὅτε
3422 2940 3585 2993 πάλιν
3605 2939 3698 2992 τοῦ

425 3042 523 3080 nes
547 3041 669 3078 cum
702 3025 930 3079 vidisset
962 3024 1194 3094 Moyses,
1226 3026 1280 3078 in
1313 3027 1622 3080 universam
1656 3044 1840 3083 eorum
1873 3046 2006 3100 gen-

2118 3035 2386 3098 Μωῦσέως
2414 3037 2472 3087 ἐν
2517 3033 2820 3103 ὀφθαλμοῖς
2868 3034 2975 3086 τῶν
3009 3032 3322 3100 Αἰγυπτίων
3366 3030 3465 3100 τὴν
3507 3030 3698 3100 ῥάδδον

425 3124 564 3180 tem,
608 3117 824 3171 nemine
872 3116 1094 3169 omnino
1128 3127 1390 3186 excepto,
1439 3118 1798 3174 intolerabilia
1844 3122 2006 3177 infert

2118 3129 2306 3182 ἑαυτοῦ
2337 3127 2726 3199 Θηριώσαντος,
2755 3127 2814 3179 τὸ
2841 3127 2953 3179 ίσον
2975 3124 3232 3194 ἐνομίσθη
3273 3123 3697 3192 θαυματοποιεῖν

425 3211 670 3263 vulnera.
704 3207 1204 3262 Commovebanlur
1225 3215 1404 3262 autem
1423 3208 1580 3277 jussu
1603 3210 1722 3280 ejus
1751 3212 1818 3266 ad
1863 3213 2010 3269 hunc

2118 3221 2150 3289 ἡ
2185 3219 2408 3290 γοητεία
2438 3221 2495 3273 ἐν
2532 3221 2652 3282 ταῖς
2683 3217 2791 3270 τῶν
2825 3217 3015 3287 μάγων
3048 3215 3286 3286 ῥάϐδοις.
3319 3215 3428 3266 Καὶ
3455 3211 3694 3282 ἠλέγχθη

424 3302 478 3356 in
497 3299 797 3370 ﬂigyptios
822 3299 1103 3367 impetum,
1129 3307 1387 3368 tanquam
1422 3301 1696 3356 exercitus
1725 3303 2005 3371 obediens,

2118 3309 2198 3363 διὰ
2224 3311 2322 3380 τῆς
2342 3310 2620 3380 ἐνεργείας
2649 3309 2709 3361 τὸ
2731 3308 2971 3376 σόφισμα
2992 3322 3004 3335 ⁸
3046 3306 3318 3372 δείξαντος
3351 3302 3444 3356 τοῦ
3471 3303 3700 3374 δράκον-

423 3392 687 3446 elementa
720 3389 856 3461 ipsa,
885 3404 1004 3459 qua:
1037 3388 1089 3442 in
1121 3388 1224 3442 hoc
1250 3389 1504 3444 universo
1521 3401 1839 3457 cernuntur,
1861 3403 2005 3450 terra

2118 3418 2201 3464 τος
2227 3401 2320 3454 τοῦ
2366 3403 2430 3454 ἐκ
2470 3401 2570 3469 τῆς
2614 3399 2890 3460 Μωῦσέως
2934 3397 3129 3467 ῥάϐδου
3182 3395 3609 3466 μεταδληθέντος
3635 3395 3697 3446 ἐκ

423 3482 653 3542 scilicet,
688 3479 850 3550 ignis,
883 3495 995 3541 aer,
1029 3495 1190 3549 aqua,
1237 3480 1304 3533 ad
1342 3480 1623 3536 hominum
1667 3487 2002 3554 propositum

2118 3492 2205 3544 τοῦ
2229 3493 2514 3561 διαφαγεῖν
2540 3492 2606 3545 τὰ
2640 3491 2870 3560 γοητικὰ
2896 3489 3050 3556 ξύλα,
3077 3488 3201 3550 τοῦς
3227 3488 3378 3556 δφεις
3398 3486 3583 3555 δῆθεν,
3616 3487 3699 3538 ὅτι

422 3573 665 3628 actiones
699 3585 828 3626 SllaS
863 3571 1290 3625 εοιιιιιιυῑθῦἓηῑι
1861 3593 1866 3597 ‘
2115 3582 2368 3652 οὐδεμίαν
2403 3581 2705 3652 άμυντικὴν
2745 3580 2864 3633 οὐδὲ
2909 3579 3144 3649 ζωτικήν
3185 3594 3305 3631 τινα
3352 3575 3582 3646 δύναμιν
3620 3570 3695 3627 εῖ-

418 3683 514 3734 λον
540 3667 595 3719 αἰ
636 3665 744 3718 τῶν
783 3665 994 3735 γοήτων
1034 3661 1240 3734 ῥάϐδοι,
1275 3661 1414 3733 πλὴν
1443 3662 1537 3716 τοῦ
1583 3665 1876 3735 σχήματος,
1907 3668 1936 3721 δ
1971 3672 2081 3734 τοῖς
2125 3672 2421 3742 ὀφθαλμοῖς
2457 3679 2565 3726 τῶν
2604 3672 3019 3741 εὐεξαπατήτων
3047 3670 3081 3738 ἠ
3106 3669 3326 3739 γοητεία
3363 3665 3699 3736 σοφισαμένη

426 3759 722 3832 παρέδειξε.
769 3758 900 3811 Τότε
954 3754 1396 3828 συμφρονοῦντας
1438 3753 1561 3809 ἰδὼν
1595 3759 1622 3810 ὁ
1662 3759 1901 3830 Μωῦσῆς
1939 3761 2017 3832 τῷ
2057 3762 2452 3834 καθηγουμένῳ
2489 3764 2586 3833 τῆς
2630 3762 2824 3825 κακίας
2865 3762 2972 3814 πᾶν
3015 3761 3076 3812 τὸ
3122 3757 3469 3828 ὑποχείριον,
3514 3755 3698 3825 κοινὴν

420 3855 610 3922 ἐπάγει
651 3855 812 3908 παντὶ
841 3852 918 3923 τῷ
957 3852 1096 3908 ἔθνει
1154 3852 1262 3906 τῶν
1311 3851 1623 3918 Αἰγυπτίων
1661 3853 1896 3925 πληγὴν,
1949 3856 2140 3912 οὐδένα
2187 3860 2285 3928 τῆς
2317 3859 2425 3910 τῶν
2471 3857 2655 3913 κακῶν
2692 3855 2888 3927 πείρας
2916 3853 3322 3922 ὑπεξελόμενος.
3368 3850 3703 3904 Συνεκινεῖτο

419 3948 471 4001 δὲ
495 3948 642 4018 αὐτῷ
668 3948 804 4018 πρὸς
831 3947 927 4017 τὴν
956 3944 1208 4014 τοιαύτην
1251 3943 1393 3998 κατὰ
1418 3945 1526 3997 τῶν
1563 3947 1871 4013 Αἰγυπτίων
1901 3949 2095 4020 ὁρμὴν,
2128 3944 2238 4004 οἷόν
2280 3967 2364 4014 τις
2420 3950 2648 4022 στρατὸς
2684 3946 3014 4018 ὑποχείριος,
3045 3944 3185 3998 αὐτὰ
3209 3943 3276 3997 τὰ
3310 3943 3547 4010 στοιχεῖα
3591 3938 3701 3992 τῶν

421 4038 608 4099 όντων,
635 4036 703 4090 τὰ
754 4037 811 4088 ἐν
840 4035 920 4104 τῷ
951 4036 1112 4087 παντὶ
1155 4032 1522 4106 θεωρούμενα,
1551 4034 1625 4104 γῆ
1660 4052 1723 4088 τε
1757 4036 1851 4091 καὶ
1887 4037 2019 4108 πῦρ,
2060 4041 2154 4093 καὶ
2185 4041 2314 4112 ἀὴρ,
2343 4040 2440 4093 καὶ
2464 4040 2628 4110 ὕδωρ,
2661 4042 2729 4110 τῇ
2759 4035 3075 4108 προαιρέσει
3106 4034 3212 4088 τῶν
3249 4030 3554 4103 ἀνθρώπων
3604 4030 3702 4093 τὰς

421 4130 698 4203 ἐνεργείας
736 4127 1250 4194 συνεξαλλάσσοντα.

497 4225 697 4280 Eodem
721 4224 864 4278 enim
890 4236 1106 4292 quoque
1128 4229 1371 4290 tempore
1395 4227 1558 4290 atque
1587 4220 1778 4276 eodem
1811 4221 1865 4276 in
1891 4223 2012 4278 loco

422 4315 593 4372 Judaei
619 4315 687 4370 ab
710 4313 888 4370 ollicio
913 4328 1024 4367 non
1054 4311 1392 4376 recedentes,
1415 4310 1490 4364 nil
1520 4311 1643 4364 mali
1681 4312 2010 4370 sentiebant.

424 4408 666 4480 Egyptii
716 4421 846 4464 vero
894 4420 1176 4476 perperam
1215 4411 1270 4460 et
1308 4404 1611 4474 cogitantes
1669 4412 1724 4459 et
1795 4415 2016 4476 agentes

424 4501 625 4554 acriter
649 4499 1050 4570 plectebantur.
1068 4495 1201 4552 Nam
1230 4509 1370 4562 aqua
1393 4510 1488 4565 per
1516 4495 1825 4550 universam
1855 4495 2017 4568 [Εεν-

427 4603 577 4661 ptum
609 4595 661 4645 in
696 4593 1015 4662 sanguinem
1041 4589 1269 4660 jubente
1300 4585 1482 4657 Moyse
1510 4603 1775 4644 conversa
1807 4601 1910 4656 est,
1952 4598 2011 4646 ut

427 4665 510 4739 vel
535 4685 717 4753 pisces
739 4683 840 4750 ipsi
871 4683 938 4735 ab
954 4695 1218 4752 aquarum
1243 4678 1616 4732 crassitudine
1633 4694 1829 4734 carnea
1856 4695 2014 4734 necao

429 4785 618 4829 rentur
634 4791 647 4826 :
661 4771 863 4827 Judaais
882 4773 1014 4827 solis
1025 4773 1246 4842 sanguis
1271 4786 1410 4841 aqua
1427 4778 1543 4824 erat
1561 4770 2015 4840 limpidior.Unde

426 4865 980 4920 babuitoccasionem
1002 4878 1092 4918 ars
1109 4864 1319 4930 magica
1359 4861 1642 4932 sanguinis
1681 4861 1916 4930 speciem
1957 4862 2013 4920 in

426 4972 589 5027 aqua,
642 4971 763 5026 qua;
811 4955 955 5024 apud
1003 4954 1257 5010 Hebraeos
1306 4953 1700 5017 inveniebatur,
1750 4951 2017 5009 failaeiter

426 5046 815 5102 adumbrandi.
871 5045 1132 5101 Similiter
1180 5060 1398 5116 quoque
1454 5060 1710 5100 ranarum
1771 5047 2014 5114 irrepens

426 5139 746 5201 multitudo,
781 5153 1011 5208 quarum
1040 5137 1318 5206 generatio
1349 5152 1456 5191 non
1488 5139 1723 5192 naturali
1757 5153 1923 5192 cursu
1955 5153 2015 5192 e-

427 5231 810 5292 lementorum,
838 5227 934 5284 sed
957 5231 1181 5291 coactis,
1209 5235 1272 5281 ut
1295 5228 1370 5280 ita
1386 5227 1588 5290 dicam,
1607 5227 1912 5293 elementis,
1928 5227 2018 5295 ju-

430 5321 587 5375 bente
625 5320 808 5392 Moyse
847 5320 991 5374 facta
1028 5328 1130 5382 est,
1171 5325 1226 5373 et
1259 5319 1493 5387 repletas
1524 5319 1715 5374 domos
1747 5318 2014 5375 infestans

431 5411 563 5465 solis
593 5413 909 5481 turpissima
928 5409 1202 5480 Egyptiis
1225 5408 1492 5463 inferebat
1523 5408 1776 5463 fastidia:
1803 5407 2018 5464 Judae-

434 5514 551 5550 ru'n
589 5515 718 5553 vero
762 5503 873 5554 vita
901 5501 1125 5554 nihilex
1161 5499 1472 5566 hujusmodi
1516 5499 1760 5554 bestiolis
1801 5500 2012 5554 incom-

437 5585 578 5636 modi
604 5589 922 5653 patiehatur.
959 5587 1053 5641 Sic
1077 5589 1241 5642 etiam
1272 5602 1364 5640 aer
1393 5587 1596 5639 nullam
1617 5587 1721 5641 diei
1746 5603 1809 5641 ac
1837 5590 2014 5644 noctis

435 5671 670 5726 faciebat
704 5676 1094 5742 differentiam,
1133 5677 1404 5747 Egyptiis
1433 5677 1485 5729 in
1526 5676 1714 5732 eadem
1754 5679 2014 5734 continue

437 5764 804 5820 crassitudine
836 5767 1226 5836 palpitantibus
1252 5785 1263 5820 :
1306 5775 1360 5820 at
1388 5766 1592 5822 Judaeis
1626 5770 1759 5823 nihil
1789 5770 1912 5823 novi
1937 5774 2015 5824 af-

2184 4228 2262 4298 Τῇ
2295 4227 2404 4298 γάρ
2431 4228 2568 4298 αὐτῇ
2608 4227 2857 4297 δυνάμει,
2891 4225 3036 4281 κατά
3071 4224 3162 4278 τὸν
3199 4223 3360 4277 αὑτὸν
3391 4222 3486 4275 καὶ
3511 4222 3702 4291 χρόνον

2119 4319 2214 4374 καὶ
2237 4320 2420 4383 τόπον,
2453 4321 2514 4373 τό
2537 4338 2596 4373 τε
2621 4317 2892 4373 ἁτακτοῦν
2916 4315 3223 4382 ἐκολάζετο,
3247 4318 3339 4370 καὶ
3358 4315 3570 4377 ἀπαθὲς
3595 4314 3702 4367 διέο

2117 4425 2245 4477 μενε
2281 4409 2343 4462 τὸ
2375 4409 2574 4473 κακίας
2613 4409 2916 4480 ἐλεύθερον.
2953 4409 3142 4478 Πάσης
3169 4407 3278 4478 γὰρ
3301 4406 3422 4458 τότε
3451 4405 3554 4474 τῆς
3592 4405 3703 4458 τῶν

2115 4500 2322 4554 ὑδάτων
2352 4501 2568 4570 φύσεως
2601 4500 2744 4554 κατὰ
2772 4499 2871 4571 τὴν
2905 4499 3178 4568 Αἴγυπτον
3208 4497 3286 4567 τῷ
3313 4497 3701 4567 προστάγματι

2115 4591 2394 4654 Μωῦσέως
2431 4593 2512 4655 είς
2550 4586 2690 4663 αἷμα
2717 4591 3040 4663 τραπείσης,
3076 4591 3149 4654 ὡς
3190 4590 3286 4643 καὶ
3322 4591 3449 4651 τοὺς
3489 4588 3700 4659 ἰχθύας,

2116 4684 2196 4746 εἰς
2225 4683 2477 4755 σαρκώδη
2505 4685 2786 4756 παχύτητα
2813 4683 2904 4738 τοῦ
2933 4685 3122 4746 ὓδατος
3153 4682 3558 4753 μετατεθέντος,
3583 4682 3703 4735 δια-

2118 4773 2412 4845 φθαρῆναι,
2444 4779 2558 4839 τοῖς
2598 4775 2869 4848 Ἑϐραίοις
2897 4775 3217 4847 ἀρυομένοις
3250 4773 3430 4842 μόνοις
3465 4771 3613 4843 ὕδωρ
3642 4771 3702 4823 τὸ

2117 4864 2257 4936 αἷμα
2285 4863 2372 4936 ἦν.
2409 4868 2569 4922 Ὅθεν
2607 4867 2729 4938 ἔσχε
2760 4869 2854 4921 καὶ
2894 4869 2927 4938 ἡ
2974 4867 3282 4937 μαγγανεία
3312 4863 3503 4933 καιρὸν
3532 4866 3594 4917 ἐν
3625 4863 3701 4934 τῷ

2119 4957 2270 5026 παρὰ
2289 4959 2402 5020 τοῖς
2439 4957 2707 5029 Ἐδραίοις
2731 4958 3102 5030 εὑρισκομένῳ
3126 4957 3276 5010 ὕδατι
3302 4957 3363 5010 τὸ
3395 4955 3702 5024 αἱματῶδες

2119 5044 2256 5111 εἶδος
2308 5048 2799 5119 παρασοφίσασθαι.
2837 5049 3108 5111 Ὡσαύτως
3141 5049 3235 5102 καὶ
3267 5047 3375 5100 τῶν
3412 5047 3702 5117 βατράχων

2119 5137 2472 5206 ἐφερψάντων
2502 5140 2567 5207 τῇ
2594 5138 2854 5207 Αἰγύπτῳ
2874 5139 3017 5193 κατὰ
3051 5137 3112 5191 τὸ
3136 5137 3330 5207 ἀθρόον
3360 5130 3457 5207 (ὧν
3490 5139 3524 5206 ἡ
3549 5137 3703 5204 γένεο

2121 5243 2205 5289 σις
2229 5228 2327 5280 οὐκ
2355 5227 2645 5299 ἀκολουθίᾳ
2665 5231 2770 5282 τινὶ
2794 5231 3008 5299 φύσεως
3030 5230 3391 5301 νενομισμένῃ
3415 5229 3555 5298 πρὸς
3582 5246 3704 5282 τοσ-

2119 5317 2273 5371 οῦτον
2317 5319 2478 5389 ἐχέθη
2526 5319 2728 5391 πλῆθος
2748 5338 2786 5382 ·,
2808 5321 2922 5376 ἀλλ’
2962 5322 3096 5375 αὐτὸ
3125 5322 3186 5375 τὸ
3215 5321 3568 5391 πρόσταγμα,
3605 5319 3702 5390 τῆς

2117 5409 2226 5462 τῶν
2261 5411 2545 5482 βατράχων
2572 5413 2884 5476 συστάσεως
2918 5414 3016 5485 τὴν
3048 5415 3412 5479 ἀναφανεῖσαν
3450 5411 3577 5464 τότε
3609 5409 3701 5465 τοῦ

2123 5499 2261 5563 ζώου
2311 5502 2473 5570 φύσιν
2530 5505 2942 5577 ὲκαινοτόμησε)
2973 5507 3032 5562 τὸ
3077 5506 3176 5575 μὲν
3211 5504 3510 5572 Αἰγύπτιον
3555 5505 3703 5558 ἅπαν

2122 5595 2235 5654 τοῖς
2258 5591 2467 5663 θηρίοις
2500 5595 2710 5659 τούτοις
2751 5598 2891 5652 κατά
2935 5597 3032 5660 τάς
3057 5598 3296 5666 οἰκήσεις
3330 5594 3700 5665 στενοχωρού-

2127 5699 2284 5752 μενον
2333 5685 2721 5757 κατεφθείρετο
2745 5703 2756 5716 ο
2807 5688 2917 5740 τῶν
2961 5687 3016 5741 δὲ
3054 5687 3318 5757 Ἐϐραίων
3365 5686 3466 5755 τῆς
3509 5685 3704 5754 ἀηδίας

2123 5775 2325 5844 ταύτης
2381 5776 2768 5848 ἐκαθάρευενὴ
2801 5776 2934 5850 ζωή.
2972 5778 3206 5842 Οὕτωςό
3237 5778 3344 5850 ἀὴρ
3381 5779 3498 5841 τοῖς
3533 5777 3702 5846 Δίγυ-
