3890 6374
153 390 250 453 509

1498 373 1586 428 DE
1633 371 1787 429 VlTA
1813 368 2082 426 MOYSIS.

3327 351 3435 411 3l0

160 503 327 567 σιτίοις
355 501 456 574 μὲν
484 496 755 570 ὀὐδεμίαν
778 491 971 559 νυκτὸς
995 492 1092 548 καὶ
1117 492 1334 564 ἡμέρας
1378 493 1607 562 παρεῖχε
1630 488 1743 544 διά-

1869 487 2073 542 erebat.
2097 480 2361 538 Similiter
2381 484 2575 534 caetera
2595 487 2816 546 quoque
2839 471 3019 527 omnia
3045 486 3104 527 se
3134 469 3432 543 habebant,

159 614 357 669 κρισιν,
416 596 479 648 έν
531 589 712 663 ὁμοίῳ
762 587 1128 658 διαμενόντων
1166 583 1246 654 τῷ
1284 583 1434 654 ζόφῳ
1457 599 1471 614 ο
1527 583 1640 645 τοῖς
1693 580 1751 635 δὲ

169 688 442 759 Ἑϐραίοις
503 683 659 737 οὐδὲν
689 681 748 735 ὲν
784 677 995 741 τούτοις
1051 675 1465 745 ὲκαινοτομεῖτο
1504 670 1663 743 παρὰ
1691 669 1755 724 τὸ

162 778 411 849 σύνηθες.
436 775 548 828 Kal.
573 771 745 826 τάλλα
776 769 977 833 πάντα,
1008 765 1154 820 κατὰ
1184 765 1276 819 τὸν
1315 763 1479 817 αὐτὸν
1508 763 1712 835 τρόπον
1734 778 1750 793 ο

162 875 195 942 ή
217 869 453 941 χάλαζα,
477 865 540 919 τὸ
571 863 703 934 πῦρ,
734 861 792 916 αἱ
820 858 1130 930 φλυκτίδες,
1158 858 1209 910 οἰ
1241 855 1487 920 σκνίπες,
1518 855 1579 908 αί
1598 854 1756 908 κυνό-

166 978 344 1034 μυιαι.
383 957 494 1012 τῶν
544 952 784 1022 ἀκρίδων
817 949 1083 1034 Διιὺμνιξφος,
1130 947 1274 1001 κατὰ
1311 945 1411 1016 μὲν
1429 943 1539 998 τῶν
1558 943 1764 1011 Αἰγυπ-

161 1031 293 1108 τίων
312 1052 568 1111 ἕκαστον,
596 1042 734 1101 καθὸ
763 1031 1028 1110 πέφυκεν,
1047 1040 1270 1110 ἐνήργει
1291 1052 1305 1067 ·
1341 1039 1390 1090 οἱ
1420 1034 1479 1090 δὲ
1513 1033 1756 1105 Ἑϐραῖοι

164 1142 375 1212 φήμαις
406 1137 504 1190 καὶ
554 1133 858 1203 διηγήμασι
904 1129 971 1182 τὸ
1021 1126 1130 1180 τῶν
1159 1123 1554 1179 συνοικούντων
1585 1120 1758 1184 πάθος

165 1210 486 1300 ἐγίνωσκον,
514 1222 773 1294 οὐδεμίαν
788 1223 846 1274 έν
868 1221 1083 1282 ἑαυτοῖς
1112 1215 1420 1288 προσϐολὴν
1448 1213 1559 1268 τῶν
1576 1210 1756 1266 τοιού-

164 1338 273 1375 των
303 1317 607 1389 δεχόμενοι.
625 1308 761 1367 Εἶτα
779 1310 889 1365 τῶν
917 1308 1283 1382 πρωτοτόκων
1308 1310 1337 1361 ό
1356 1304 1579 1376 ὄλεθρος
1605 1304 1759 1374 ἀκρι-

166 1411 433 1481 ϐεστέραν
492 1406 665 1461 ἐποίει
711 1403 808 1457 τοῦ
850 1402 1104 1474 Ἐϐραίου
1152 1400 1289 1470 πρὸς
1322 1399 1414 1452 τὸν
1458 1396 1758 1465 Αίγύπτιον

167 1503 266 1575 τήν
297 1500 593 1571 διάκρισιν
616 1496 725 1550 τῶν
752 1495 850 1568 μὲν
884 1495 979 1547 ἐπὶ
993 1496 1061 1564 τῇ
1077 1492 1185 1546 τῶν
1213 1491 1485 1562 φιλτάτων
1510 1487 1759 1558 ἀπωλείᾳ

172 1591 553 1663 συγχεομένων
616 1590 729 1651 τοῖς
766 1587 1007 1658 θρήνοις,
1045 1584 1155 1638 τῶν
1196 1583 1255 1637 δὲ
1292 1584 1351 1636 ὲν
1381 1580 1583 1651 ἠσυχίᾳ
1612 1580 1761 1653 πάσῃ

172 1686 266 1738 καὶ
292 1680 565 1752 ἀσφαλείᾳ
600 1677 965 1749 διαμενόντων
991 1692 1002 1707 ·
1045 1670 1127 1738 οἷς
1153 1676 1188 1745 ή
1212 1671 1456 1741 σωτηρία
1491 1672 1559 1739 τῇ
1593 1684 1760 1738 προσ-

171 1774 327 1845 χύσει
355 1772 452 1825 τοῦ
466 1770 694 1837 αἵματος
716 1763 1131 1836 κατησφαλίσθη
1156 1760 1297 1817 κατὰ
1324 1761 1504 1812 πᾶσαν
1534 1754 1756 1818 εἴσοδον,

1853 577 2063 650 grando
2099 575 2331 637 scilicet,
2363 565 2839 642 ignis,scinyphes,
2866 576 3070 618 muscae
3093 561 3321 624 caninas,
3360 562 3443 615 lo-

1855 676 2138 727 custarum
2172 666 2383 722 nubes:
2410 662 2526 717 haec
2552 658 2817 714 adversus
2842 654 3133 726 Egyptios
3166 653 3349 707 omnia
3383 660 3443 706 ut

1855 770 2052 818 natura
2076 774 2176 815 sua
2203 757 2329 818 fert.
2358 749 2829 827 perniciosissima
2863 752 3053 803 erant:
3080 741 3253 798 Judaei
3288 758 3440 807 vero,

1856 851 2173 911 rumoribus
2202 849 2382 905 solum
2399 844 2693 913 verbisque
2711 836 3146 896 cohabitantium
3171 835 3269 889 hos
3292 847 3443 887 mor-

1855 945 1978 1009 bos,
2014 942 2168 998 nullo
2188 955 2289 997 suo
2310 934 2680 998 inctlmmodo,
2707 928 3129 1001 cognoscebant.
3162 924 3445 981 Postremo

1856 1034 2344 1106 primogenitorum
2376 1026 2621 1083 omnium
2648 1037 2804 1086 nece,
2824 1035 2949 1077 cum
2980 1018 3058 1073 illi
3079 1017 3299 1089 quidem
3316 1030 3449 1069 suo-

1856 1143 1982 1183 rum
2025 1124 2270 1197 pernicie
2319 1117 2540 1175 confusi
2594 1117 2868 1187 lugerent,
2903 1109 2961 1164 hi
2990 1124 3119 1166 vero
3163 1106 3447 1177 sanguinis

1859 1217 2167 1289 signaculo,
2200 1210 2550 1269 liminarihus
2587 1214 2752 1276 atque
2788 1202 3041 1274 postibus
3071 1200 3315 1255 inunctis
3341 1197 3447 1250 tuti

1858 1310 2224 1382 quiescerent,
2255 1309 2459 1375 quanta
2489 1301 2634 1355 inter
2660 1295 2907 1351 Judaeum
2938 1300 2993 1349 et
3016 1289 3333 1363 Egyptium
3359 1303 3449 1343 es-

1861 1378 2299 1460 setdill‘erentia,
2347 1393 2565 1449 cunctis
2608 1386 2883 1459 apparuit.
2931 1383 3117 1453 Itaque
3171 1378 3452 1451 percussis

1860 1492 2015 1548 clade
2040 1485 2526 1560 primogenitorum
2560 1478 2857 1551 Egyptiis,
2894 1489 3104 1545 suaque
3135 1473 3351 1546 publice
3386 1485 3453 1527 ac

1860 1582 2113 1656 privatim
2141 1576 2471 1649 lugentibus,
2509 1572 2698 1629 educit
2734 1568 2950 1640 Moyses
2996 1563 3273 1621 Israelitas
3304 1576 3335 1616 a
3392 1574 3454 1615 se

1862 1653 2233 1744 prmmonitos,
2255 1674 2315 1723 ut
2336 1665 2516 1736 specie
2560 1657 3026 1717 commodationis
3063 1653 3452 1726 Egyptionum

1861 1763 2081 1820 divitias
2092 1775 2277 1818 secum
2297 1758 2595 1812 auferrent.
2609 1752 2815 1809 Verum
2832 1766 2954 1807 cum
2969 1750 3082 1820 jam
3100 1747 3279 1801 tribus
3299 1753 3456 1799 extra

172 1838 516 1933 ἕκατέρωθεν
557 1857 666 1911 τῶν
708 1854 965 1927 σταθμῶν
1014 1852 1152 1925 μετὰ
1200 1851 1299 1922 τῆς
1353 1844 1761 1915 ὲπεζευγμένης

1869 1855 2158 1927 Egyptum
2181 1850 2515 1923 perrexisset
2532 1847 2747 1912 diebus,
2760 1844 2906 1899 videt
2925 1842 3199 1897 irritatum
3216 1838 3454 1899 hostem,

174 1955 360 2015 αὐτοῖς
420 1949 581 2020 φλιᾶς
644 1944 1176 2017 κατασημανθέντων
1231 1941 1318 1995 διὰ
1363 1938 1459 1992 τοῦ
1508 1936 1759 2007 αἵματος.

187 2045 245 2099 Ἐ
256 2044 316 2098 πὶ
340 2043 553 2105 τούτοις
577 2039 686 2093 τῶν
713 2036 1027 2107 Αἰγυπτίων
1049 2035 1141 2089 ἐπὶ
1166 2035 1234 2106 τῇ
1266 2031 1376 2086 τῶν
1403 2027 1765 2103 πρωτοτόκων

179 2136 438 2207 συμφορᾷ
473 2132 841 2205 βεϐλημένων,
876 2129 970 2183 καὶ
1021 2126 1144 2182 καθ’
1173 2125 1365 2180 ἑαυτὸν
1397 2123 1648 2188 ἑκάστου,
1671 2121 1767 2175 καὶ

180 2227 332 2296 κοινῇ
364 2226 584 2278 πάντων
604 2222 1018 2293 ὀλοφυρομένων
1046 2221 1115 2275 τά
1134 2218 1303 2291 πάθη·
1328 2217 1649 2288 καθηγεῖται
1668 2214 1768 2284 τῆς

181 2317 360 2383 ἐξόδου
394 2318 511 2379 τοῖς
546 2313 908 2385 Ἰσραηλίταις
944 2314 973 2366 ό
1004 2312 1264 2383 Μωῦσῆς,
1304 2306 1768 2381 προπαρασκευάν

181 2424 281 2471 σας
311 2407 537 2471 αὐτοὺς,
591 2404 685 2458 ἐπὶ
734 2404 976 2475 σχήματι
1003 2405 1254 2475 χρήσεως
1288 2402 1407 2473 μεθ’
1442 2399 1650 2455 ἑαυτῶν
1676 2397 1768 2451 τὸν

177 2498 286 2551 τῶν
313 2497 630 2567 Αἰγυπτίων
664 2494 892 2549 πλοῦτον
938 2493 1398 2566 ἀνακομίσασθαι.
1443 2491 1556 2546 Καὶ
1598 2488 1768 2561 τριῶν

180 2590 408 2662 ἡμερῶν
435 2590 554 2645 ὁδὸν
582 2589 689 2655 ἔξω
727 2591 825 2660 τῆς
861 2586 1139 2658 Αἰγύπτου
1174 2584 1577 2657 γεγενημένων,
1607 2583 1769 2637 πάλιν

182 2681 351 2752 φησὶν
375 2683 408 2750 ή
445 2682 678 2753 ἱστορία,
701 2680 949 2751 χαλεπὸν
965 2678 1299 2751 ποιήσασθαι
1325 2676 1417 2731 τὸν
1448 2674 1767 2744 Αίγύπτιον,

184 2774 243 2824 τὺ
264 2772 340 2843 μὴ
357 2775 689 2843 παραμεῖναι
714 2775 779 2843 τῇ
807 2769 1022 2840 δουλείᾳ
1043 2768 1134 2822 τὸν
1151 2766 1369 2838 Ἰσραήλ
1389 2783 1402 2797 ο
1426 2765 1521 2818 καὶ
1545 2764 1771 2834 πολεμι-
1794 2774 1797 2777 ‘

183 2864 296 2927 κῶς
331 2863 480 2918 ἅπαν
525 2864 934 2918 συσκευάσαντα
967 2861 1028 2915 τὸ
1067 2860 1330 2931 ὑπήκοον,
1366 2858 1456 2911 διὰ
1484 2857 1583 2927 τῆς
1613 2858 1770 2909 ίππι-

182 2956 287 3026 κῆς
309 2954 594 3022 δυνάμεως
618 2953 941 3024 ἐπιδραμεῖν
965 2951 1045 3022 τῷ
1067 2950 1201 3022 λαῷ.
1228 2950 1332 3003 Τὸν
1353 2949 1410 3002 δὲ
1435 2948 1773 3018 θεασάμενον

182 3046 283 3117 τὴν
309 3045 424 3099 τῶν
456 3046 638 3099 ἵππων
662 3062 723 3098 τε
752 3046 844 3098 καὶ
862 3043 972 3097 τῶν
999 3043 1181 3096 ὅπλων
1211 3041 1591 3115 παρασκευὴν,
1616 3041 1773 3094 ἀπει-

188 3139 493 3211 ροπόλεμον
550 3138 700 3205 ὄντα,
736 3138 831 3192 καὶ
884 3135 993 3190 τῶν
1019 3135 1276 3190 τοιούτων
1306 3135 1603 3207 θαυμάτων
1633 3132 1771 3202 άγύ-

190 3246 450 3301 μναστον,
505 3228 667 3292 εὐθὺς
698 3228 1118 3298 καταπλαγῆναι
1162 3225 1239 3299 τῷ
1272 3225 1444 3297 φόϐῳ,
1490 3226 1587 3279 καὶ
1632 3223 1773 3278 κατὰ

186 3322 284 3375 τοῦ
319 3322 601 3384 Μωῦσέως
628 3319 998 3374 συνίστασθαι.
1032 3321 1163 3374 Ὅτε
1211 3318 1304 3373 καὶ
1320 3317 1381 3371 τὸ
1407 3316 1776 3389 παραδοξότα-

1863 1949 2011 2022 quod
2037 1963 2097 2004 se
2118 1944 2295 2003 Judaei
2325 1942 2380 1997 in
2414 1941 2723 1995 libertatem
2752 1935 3148 1998 vindicassent,
3180 1944 3305 1984 cum
3343 1941 3459 1980 ma-

1863 2057 1972 2114 gno
1997 2040 2241 2096 exercitu
2268 2042 2321 2091 et
2352 2029 2789 2105 instructissimo
2820 2025 3070 2096 equitatu
3099 2022 3368 2077 adversus
3397 2032 3456 2073 se

1864 2132 2147 2190 festinam.
2182 2128 2316 2195 Quae
2342 2140 2432 2182 res
2460 2138 2570 2179 non
2597 2118 2949 2175 mediocriter
2977 2114 3250 2171 imbellem
3282 2126 3456 2181 popu-

1865 2227 2000 2289 lum,
2030 2237 2209 2293 neque
2238 2219 2443 2275 talibus
2475 2213 2740 2286 prodigiis
2784 2208 3181 2274 assuefactum,
3213 2206 3267 2260 in
3307 2203 3456 2273 Moy-

1868 2329 1966 2371 sen
2002 2310 2317 2368 concitavit.
2355 2309 2424 2361 At
2462 2305 2552 2361 ille
2584 2301 2913 2372 intrepidus,
2940 2313 3078 2355 voce
3106 2296 3326 2367 quidem
3361 2307 3457 2363 po-

1867 2406 2089 2477 pulum,
2137 2409 2200 2457 ut
2233 2402 2291 2457 in
2319 2397 2551 2454 Domino
2581 2410 2731 2465 spem
2768 2393 3061 2455 haberent,
3100 2387 3456 2450 hortabatur,

1869 2475 2054 2554 animo
2082 2502 2267 2550 autem
2295 2491 2361 2546 ad
2393 2489 2563 2545 Deum
2590 2485 2811 2557 penitus
2838 2495 3165 2545 conversus,
3196 2475 3458 2532 auxilium

1870 2588 2073 2644 tacitus
2111 2582 2452 2654 implorabat.
2485 2579 2608 2645 Quo
2638 2575 2923 2632 recondito
2960 2573 3201 2629 clamore
3236 2567 3463 2622 Creator

1870 2684 2149 2739 exoratus,
2175 2680 2375 2743 praesto
2403 2667 2621 2724 miseris
2645 2681 2709 2723 ac
2731 2664 3060 2719 mirabiliter
3083 2658 3259 2714 all‘uit.
3277 2656 3461 2712 Nubes
3520 2710 3531 2713 ἦ

1869 2770 2017 2826 enim
2043 2780 2166 2836 quae
2206 2763 2302 2818 Dei
2345 2761 2505 2831 jussu
2548 2773 2658 2812 non
2698 2763 2893 2811 natura
2933 2750 3304 2823 praecedebat,
3350 2761 3463 2803 non

1870 2873 2062 2931 presso
2079 2871 2204 2912 aere
2224 2852 2524 2923 vaporibus
2551 2856 2645 2904 aut
2672 2856 2963 2903 ventorum
2997 2843 3203 2913 impetu
3234 2840 3464 2894 densato

1873 2927 2194 3011 constituta,
2215 2943 2311 3000 sed
2330 2940 2476 2996 aliud
2498 2937 2756 3010 quiddam
2774 2934 3059 2997 divinitus,
3086 2939 3251 3001 atque
3271 2927 3460 2991 altius,

1873 3054 2038 3112 quam
2064 3038 2305 3092 humana
2332 3047 2487 3089 mens
2523 3030 2809 3102 percipere
2834 3027 3036 3091 valeat,
3072 3022 3364 3093 siquidem,
3406 3027 3466 3074 ut

1879 3131 2163 3201 Scriptura
2203 3125 2511 3191 testatur",
2537 3123 2643 3177 tale
2664 3119 2988 3175 miraculum
3032 3114 3351 3186 apparebat,
3406 3119 3466 3166 ut

1877 3214 2004 3280 dum
2044 3220 2300 3276 ardentes
2335 3217 2469 3273 solis
2512 3213 2649 3270 radii
2689 3212 2982 3283 fulgerent,
3012 3207 3273 3279 populum
3306 3204 3467 3276 quasi

1876 3323 2032 3386 septo
2072 3311 2360 3383 interiecto
2390 3314 2718 3380 protegeret,
2767 3312 2929 3374 atque
2973 3300 3167 3357 umbra
3211 3298 3471 3367 tenuique

186 3429 279 3465 τον
304 3413 436 3484 περὶ
454 3412 547 3466 τοῦ
574 3411 850 3477 Μωῦσέως
870 3413 904 3484 ή
926 3410 1137 3484 ἱστορία
1149 3409 1318 3480 λέγει,
1334 3408 1456 3480 διχῇ
1476 3388 1598 3471 ταῖς
1624 3407 1769 3477 ὲνερ-

1874 3422 2001 3464 rore
2036 3404 2255 3466 dill‘uso,
2296 3403 2441 3457 aeris
2470 3400 2546 3455 illi
2577 3397 2826 3453 ardorem
2850 3393 3159 3464 mitigaret;
3179 3388 3354 3446 noctis
3374 3402 3468 3442 ve-

187 3504 372 3574 γείαις
418 3504 857 3576 διατεμνόμενον,
918 3506 985 3575 τῇ
1043 3504 1144 3573 μὲν
1203 3504 1358 3573 φωνῇ
1388 3500 1483 3555 καὶ
1522 3498 1602 3572 τῷ
1627 3498 1769 3571 λόγῳ

1875 3515 1942 3556 ro
1972 3506 2216 3569 tempore
2244 3495 2300 3551 in
2332 3493 2512 3566 ignem
2541 3505 2698 3548 versa
2733 3488 2846 3561 jam
2888 3485 3013 3542 inde
3047 3499 3079 3539 a
3115 3496 3344 3553 vespera
3375 3492 3470 3535 us-

189 3571 636 3669 παραθαρσύνειν
666 3571 727 3650 τε
757 3598 887 3660 τοὺς
934 3571 1294 3668 Ἰσραηλίτας,
1326 3571 1422 3649 καὶ
1447 3594 1544 3658 τὰς
1567 3592 1769 3663 ἀγαθάς

1879 3605 1987 3661 que
2017 3588 2087 3643 ad
2111 3587 2245 3644 solis
2270 3595 2454 3642 ortum
2489 3598 2591 3640 suo
2616 3580 2821 3636 lumine
2844 3574 3109 3633 lsraelitis
3133 3571 3308 3628 facem
3334 3584 3473 3641 pra:-

189 3689 337 3759 ἔχειν
394 3687 616 3753 ἔλπίδας
671 3685 1138 3759 παρακελεύεσθαι
1165 3703 1180 3716 ·
1221 3684 1431 3739 ἔνδοθεν
1469 3684 1529 3738 δὲ
1559 3685 1625 3755 τῇ
1657 3684 1776 3737 δια·
1888 3681 2075 3737 ferret.

189 3754 313 3853 νδεᾳ
348 3781 428 3852 τῷ
469 3780 590 3853 Θεῷ
626 3754 924 3855 προσάγειν
971 3780 1068 3851 τὴν
1113 3780 1254 3852 ὑπὲρ
1296 3779 1405 3833 τῶν
1435 3754 1856 3848 κατεπτηχότων
1889 3773 2171 3844 ἱκετηρίαν
2194 3788 2207 3802 ·
2240 3771 2336 3824 καί
2393 3771 2541 3832 ὅπως
2577 3767 2644 3821 ἂν
2688 3763 2931 3837 διαφύγῃ
2958 3762 3051 3816 τὸν
3094 3758 3360 3821 κίνδυνον,
3383 3754 3477 3809 διὰ

187 3845 298 3943 τῆς.
347 3845 575 3925 ἀνωθεν,
602 3845 910 3942 συμϐουλῆς
957 3845 1269 3941 ὁδηγεῖσθαι
1291 3909 1307 3935 ,
1360 3867 1525 3924 αὐτοῦ
1564 3845 1829 3922 τοῦ-’Θεοῦ
1870 3863 2086 3938 (καθώς
2145 3877 2311 3932 φησιν
2358 3861 2393 3932 ἡ
2449 3855 2696 3928 ἱστορία)
2741 3856 2841 3926 τῆς
2895 3851 3163 3922 άλαλήτου
3221 3845 3474 3919 κραυγῆς

189 3938 496 4027 ιπαῖοντος.
536 3938 784 4036 Νεφέλης
838 3938 899 4019 δε
938 3938 1050 4019 τοῦ-
1080 3962 1214 4018 λαοῦ
1262 3962 1384 4035 θείᾳ
1427 3962 1652 4034 δυνάμει
1700 3959 2152 4032 καθηγουμένης,
2181 3957 2243 4010 οὐ
2291 3952 2435 4009 κατὰ
2476 3954 2576 4023 τὴν
2624 3950 2811 4021 κοινὴν
2844 3945 3004 4018 φύσιν
3054 3942 3205 4016 (οὐδὲ
3249 3940 3358 4014 γάρ
3413 3938 3474 4004 ἐξ

190 4059 389 4132 άτμῶν
406 4076 568 4114 τινων
585 4032 1074 4129 ἢνάναθυμιάσεων
1108 4060 1142 4130 ή
1173 4032 1433 4122 σύστασις
1465 4032 1636 4128 αὐτῆς
1672 4051 1762 4126 ἦν,
1789 4052 2167 4126 παχυνομένου
2195 4051 2309 4113 τοῖς
2333 4048 2526 4118 ἀτμοῖς
2556 4044 2650 4101 τοῦ
2689 4042 2872 4115 ἀέρος,
2907 4039 2996 4095 διὰ
3022 4038 3121 4110 τῆς
3142 4032 3474 4107 ὁμιχλώδους

193 4124 530 4212 συστάσεως,
587 4124 681 4202 καὶ
718 4124 856 4220 πρὸς
907 4148 1106 4220 ἑαυτὴν
1130 4124 1602 4220 ’συμπιλουμένων
1620 4124 1735 4210 τοῖς
1764 4124 2122 4215 πνεύμασιν),
2168 4139 2306 4196 ἀλλὰ
2357 4138 2605 4211 κρεῖττόν
2642 4153 2695 4189 τι
2743 4134 2838 4190 καὶ
2879 4130 3208 4203 ὑψηλότερον
3242 4126 3344 4196 τῆς
3381 4124 3476 4181 ἀν-

192 4242 478 4314 θρωπίνης
506 4242 863 4314 καταλήψεως
890 4242 1074 4315 ἐκείνῃ
1104 4244 1171 4314 τῇ
1203 4242 1423 4315 νεφέλῃ,
1447 4240 1549 4311 τῆς
1578 4241 1804 4313 Γραφῆς
1831 4236 2236 4312 μαρτυρούσης,
2263 4234 2503 4289 τοιοῦτον
2528 4230 2591 4286 τὸ
2621 4229 2807 4301 θαῦμα
2839 4223 2930 4299 ἦν,
2965 4230 3042 4290 ὡς
3072 4225 3168 4280 καὶ
3195 4223 3294 4293 τῆς
3317 4221 3475 4292 ἡλια-

191 4312 298 4405 κῆς
336 4334 557 4398 ἀκτῖνος
603 4312 821 4405 θεριιῶς
861 4312 1300 4405 ἐπιλαμπούσης,
1337 4312 1685 4405 διατείχισμα
1728 4334 1865 4405 πρὸς
1908 4331 2002 4385 τὸν
2038 4328 2169 4383 λαὸν
2211 4322 2373 4391 εἶναι,
2423 4322 2751 4388 σκιάζουσάν
2798 4337 2860 4373 τε
2902 4319 2965 4373 τὸ
2997 4315 3353 4396 ὑποκείμενον
3381 4312 3475 4367 καὶ

190 4430 367 4499 λεπτῇ
412 4426 588 4497 δρόσῳ
620 4386 682 4478 τό
704 4386 1005 4495 ’φλογῶδες
1029 4386 1137 4479 ⁸τοῦ
1179 4386 1863 4497 ἀέροςῄύπονιοτίξουσανον
1887 4423 1983 4478 καὶ
2012 4420 2101 4474 διὰ
2143 4418 2244 4489 τῆς
2284 4386 2476 4480 νυκτὸς
2519 4386 2629 4485 πύρ
2680 4410 2945 4482 γίνεσθαι,
2984 4386 3078 4478 άφ³
3129 4406 3368 4476 ἑσπέρας
3396 4401 3477 4469 εἰς

191 4522 391 4595 ὄρθρον
417 4518 497 4589 τῷ
528 4518 643 4589 ἰδίῳ
668 4518 806 4587 φωτὶ
837 4519 948 4581 τοῖς
994 4516 1352 4588 Ἰσραηλίταις
1375 4516 1738 4589 δᾲδουχοῦσαν
1770 4513 1833 4570 τὺ
1856 4514 2079 4584 φέγγος.

265 4584 415 4684 Ιίρδς
463 4584 872 4679 ταύτηνναὺτός
923 4626 985 4663 τε
1036 4584 1249 4679 βλέπων
1290 4611 1319 4664 ό
1375 4584 1647 4680 Μωῦσῆς,
1685 4609 1769 4662 καλ

1957 4604 2112 4668 Haec,
2160 4602 2405 4671 inquam,
2430 4595 2627 4662 nubes,
2665 4607 2832 4665 quam
2871 4589 3039 4647 'veluti
3074 4588 3269 4645 ducem
3303 4584 3471 4642 Mosis

190 4702 286 4756 τὸν
320 4678 459 4753 λαὸν
498 4678 810 4752 ἀκολουθεῖν
842 4698 920 4770 τῷ
959 4678 1267 4770 φαινομένῳ
1304 4698 1519 4765 διδάξας
1541 4716 1555 4731 ⁸
1576 4678 1769 4754 -ὲπειδιί

1890 4705 2147 4768 parentes
2168 4690 2413 4755 monitis,
2441 4686 2832 4757 sequebantur,
2860 4681 3047 4753 priore
3072 4679 3277 4736 omisso
3312 4678 3473 4733 itine-

192 4791 341 4843 κατὰ
396 4788 461 4842 τὸ
516 4787 833 4858 Ἐρυθραῖον
894 4787 1143 4856 ἐγένοντο
1198 4787 1432 4856 πέλαγος
1454 4826 1470 4853 ,
1527 4787 1643 4840 ἐκεῖ
1684 4786 1769 4856 τῆς

1890 4805 1953 4846 re
1981 4790 2037 4844 in
2054 4786 2299 4843 Rubrum
2330 4797 2484 4837 mare
2515 4778 2767 4835 ducebat.
2802 4774 3147 4832 Devenerunt
3183 4770 3350 4841 igitur
3386 4783 3473 4824 se.

193 4878 430 4949 νεφέλης
468 4855 602 4950 πρὸς
632 4855 733 4950 τήν
773 4855 998 4949 πορείαν
1036 4855 1475 4949 καθηγουμένης,
1508 4855 1769 4949 πανστρα-

1894 4879 2005 4937 cuti
2046 4879 2242 4934 ducem
2283 4871 2491 4929 Hebraei
2527 4883 2702 4940 usque
2738 4866 2807 4923 ad
2838 4867 3030 4921 littus:
3072 4876 3210 4933 quos
3233 4855 3475 4931 Egyptii

193 4973 289 5042 τιᾷ
335 4970 444 5022 τῶν
488 4968 801 5036 Αἰγυπτίων
839 4969 932 5023 τὸν
969 4969 1099 5023 λαὸν
1143 4971 1209 5022 ὲκ
1249 4969 1359 5022 τῶν
1399 4969 1630 5023 κατόπιν
1685 4984 1790 5022 zu»

195 5060 600 5129 κλωσαμένων,
640 5057 893 5129 οὐδεμιᾶς
940 5059 1126 5123 αὐτοῖς
1177 5059 1474 5130 οὐδαμόθεν
1519 5057 1630 5113 τῶν
1677 5057 1786 5111 δει-

196 5152 308 5207 νῶν
369 5150 549 5222 φυγῆς
588 5152 917 5220 περιούσης,
956 5150 1231 5221 πολεμίων
1270 5151 1366 5205 καὶ
1409 5149 1601 5214 ὓδατος
1645 5148 1787 5205 κατὰ

194 5242 261 5297 τὸ
293 5241 462 5313 μέσον
497 5239 928 5311 ἀπειλημμένοις
946 5257 961 5273 ο
1009 5241 1133 5295 τότε
1153 5282 1169 5308 ,
1212 5242 1275 5295 τὸ
1307 5241 1524 5296 πάντων
1558 5242 1786 5297 ἀπιστό-

196 5312 383 5398 τατον,
406 5332 529 5404 θείᾳ
558 5331 786 5402 δυνάμει
821 5332 1197 5405 παρορμηθεὶς
1235 5335 1266 5387 ό
1293 5335 1535 5405 Μωῦσῆς
1562 5312 1807 5405 κατειρέ

193 5429 427 5497 γάσατο.
460 5425 836 5495 Προσεγγίσας
854 5426 966 5496 γάρ
1007 5427 1152 5482 κατὰ
1177 5427 1278 5499 τὴν
1310 5428 1466 5498 ὴῖόνα
1493 5426 1572 5499 τῷ
1611 5427 1784 5491 ὕδατι,

195 5518 432 5590 πλήσσει
455 5517 524 5587 τῇ
576 5515 755 5586 ῥάϐδῳ
789 5516 851 5569 τὸ
882 5516 1118 5586 πέλαγος
1139 5533 1156 5548 ο
1179 5518 1242 5571 τὸ
1261 5518 1319 5571 δὲ
1344 5519 1483 5590 πρὸς
1509 5518 1608 5590 τὴν
1642 5519 1783 5591 πλη-

194 5610 302 5684 γὴν
332 5605 681 5677 ύπεσχίζετο.
702 5608 814 5662 Καὶ
843 5607 1101 5679 καθάπερ
1133 5609 1227 5664 ἐπὶ
1252 5609 1353 5680 τῆς
1387 5609 1542 5664 ὑέλου
1573 5609 1784 5680 πέφυκε

285 5790 336 5824 ¹⁶
364 5786 551 5845 Exod.
588 5801 710 5855 xm,
759 5786 852 5843 21.
933 5788 976 5824 ιτ
1011 5788 1183 5848 Exod.
1229 5791 1292 5849 21
1330 5802 1448 5860 sqq.

1892 4969 2191 5043 persecuti,
2221 4966 2461 5034 undique
2489 4962 2566 5018 ita
2587 4958 2948 5021 concludunt,
2984 4963 3048 5011 ut
3071 4953 3220 5009 nulla
3242 4952 3357 5022 jam
3395 4948 3480 5002 fu-

1895 5042 1964 5134 ga
2002 5062 2243 5117 humano
2279 5056 2514 5112 consilio
2564 5058 2754 5124 posset
2789 5045 3114 5119 excogitari.
3140 5044 3282 5098 Ante
3328 5042 3479 5111 ipsos

1890 5169 2044 5211 mare
2089 5152 2336 5207 Rubrum
2372 5155 2529 5205 erat:
2562 5157 2688 5217 post
2724 5144 2876 5215 ipsos
2901 5138 3279 5197 validissimus
3315 5138 3479 5202 atque

1888 5241 2352 5302 instructissimus
2403 5236 2785 5309 Egyptiorum
2809 5230 3083 5288 exercitus
3099 5222 3164 5281 ι’.
3189 5222 3342 5277 Tunc
3390 5232 3479 5273 res

1892 5334 2115 5397 accidit,
2158 5346 2280 5402 qua;
2317 5343 2431 5401 prae
2468 5308 2683 5382 caeteris
2723 5322 2978 5378 omnibus
3012 5316 3174 5371 fidem
3217 5308 3474 5367 excedit:

1892 5439 2146 5483 summus
2173 5424 2265 5479 ille
2291 5422 2376 5478 vir
2402 5418 2664 5476 divinitus
2697 5412 2938 5470 monitus
2969 5407 3039 5464 ad
3074 5406 3228 5461 littus
3248 5402 3477 5457 descen-

1890 5517 1992 5583 dit,
2020 5529 2279 5584 mareque
2308 5511 2553 5567 Rubrum
2578 5509 2735 5579 virga
2775 5502 3067 5576 percussit,
3111 5505 3168 5555 et
3209 5493 3393 5552 subito
3421 5499 3480 5546 ut

1890 5612 1951 5668 in
1973 5608 2117 5667 vitro
2145 5607 2290 5664 facta
2316 5605 2556 5663 scissura
2580 5600 2740 5659 facile
2762 5613 2830 5655 ex
2851 5595 3022 5653 altera
3051 5596 3223 5665 parte,
3251 5587 3311 5644 in
3335 5585 3479 5641 alte-
