3890 6358
506 342 602 398 Sil

1735 360 1792 415 S.
1835 363 2159 422 GREGORII
2199 367 2497 424 NYSSENI

3667 387 3762 441 δη

510 478 622 519 tum
655 470 896 536 pervenit
921 491 932 524 :
967 471 1046 526 sic
1075 472 1186 526 ictu
1216 471 1466 530 Mosaicae
1497 478 1659 550 virga:
1687 481 1742 535 in
1771 485 2069 553 Oppositam

2184 487 2447 553 γίνεσθαι,
2498 491 2549 543 εἰ
2604 492 2745 545 κατά
2790 510 2841 545 τι
2893 494 3055 566 μέρος
3113 496 3282 568 αὐτῆς
3318 497 3494 568 ἀρχὴν
3546 500 3764 571 ὴρἧξις

507 572 680 628 usque
706 561 897 629 ripam,
922 563 1044 616 hinc
1063 572 1225 634 atque
1253 565 1381 622 hinc
1395 570 1712 629 cedentibus
1739 577 1916 644 aquis,
1949 577 2085 632 scis-

506 663 632 702 sura
650 651 909 717 pervenit.
931 650 1114 722 Itaque
1139 654 1278 710 facto
1307 673 1403 726 per
1425 659 1660 716 medium
1679 665 1900 736 pelagus
1926 667 2085 720 itine-

503 755 580 803 re,
601 756 704 793 una
731 757 853 795 cum
887 743 1141 800 universo
1175 751 1370 818 populo
1401 752 1563 809 siccis
1591 756 1819 824 pedibus
1860 758 2083 826 profun-

500 831 621 883 dam
641 834 808 888 maris
841 835 1096 906 abyssum
1131 853 1451 908 permensus
1471 855 1574 911 est,
1602 863 1704 903 nec
1728 850 2081 906 extimuitre-

501 931 659 991 pente
674 933 880 978 structa
904 928 995 981 illa
1020 945 1087 984 ex
1114 928 1368 988 ﬂuctibus
1387 939 1608 1002 moenia,
1633 953 1755 994 cum
1776 949 2078 1012 utraqueex

499 1026 652 1083 parte
672 1017 826 1072 unda:
837 1033 1100 1089 aquarum
1115 1024 1272 1092 quasi
1295 1029 1434 1082 muri
1457 1031 1839 1088 consisterent.
1865 1032 2080 1090 Pharao

500 1114 680 1162 autem
712 1110 914 1178 impetu
951 1113 1115 1168 animi
1149 1119 1476 1183 concitatus,
1507 1137 1604 1191 per
1633 1137 1826 1178 novam
1851 1125 1997 1178 illam
2023 1127 2077 1182 in

499 1199 651 1270 aquis
691 1200 832 1256 viam
873 1204 1200 1274 insequitur.
1232 1205 1368 1261 Tum
1406 1225 1536 1265 vero
1581 1211 1725 1266 unda
1769 1216 1927 1269 unda:
1969 1215 2074 1270 ite-

497 1303 616 1341 rum
641 1289 905 1358 jungitur,
933 1300 986 1346 et
1011 1293 1271 1351 redeunte
1291 1297 1345 1350 in
1374 1309 1548 1354 semet
1577 1304 1732 1365 mari,
1761 1303 2075 1372 pristinum-

495 1393 600 1444 que
627 1389 984 1449 recuperante
1015 1391 1238 1447 statum,
1270 1401 1376 1440 una
1403 1387 1462 1442 ﬂt
1492 1405 1686 1446 rursus
1707 1407 1860 1462 aqua:
1887 1392 2070 1450 facies.

494 1466 704 1522 Hebraei
743 1471 808 1524 ad
841 1474 1149 1542 oppositum
1171 1476 1642 1538 littusinc‘olumes
1657 1497 1779 1538 cum
1797 1486 2074 1554 pervenis-

501 1567 645 1624 sent,
676 1575 704 1612 a
737 1561 899 1633 longo
925 1580 1020 1632 per
1047 1565 1282 1620 medium
1313 1569 1536 1640 pelagus
1568 1573 1762 1629 itinere
1786 1576 2073 1646 quiescen-

494 1656 602 1714 tes,
619 1661 838 1705 cantum
863 1652 1086 1724 Deo,qui
1114 1657 1457 1714 incruentum
1485 1662 1749 1720 adversus
1775 1667 1983 1722 hostem
2007 1669 2075 1722 si-

494 1735 550 1789 bi
588 1738 884 1805 trophaaum
930 1744 1260 1812 praebuerat,
1305 1756 1459 1817 grato
1499 1753 1682 1808 animo
1722 1756 2068 1826 cecinerunt,

2187 576 2345 651 λάϐῃ,
2388 581 2507 633 κατ’
2553 581 2769 637 εὐθεῖαν
2813 587 2951 656 πρὸς
2988 586 3049 639 τὸ
3087 587 3270 657 ἕτερον
3305 589 3638 661 διεξέρχεται
3674 595 3763 646 πέ-

2189 685 2286 738 ρας
2313 687 2325 700 ·
2379 672 2521 725 οὑτω
2565 675 2766 738 παντὸς
2814 675 2908 729 τοῦ
2951 678 3218 746 πελάγους
3259 681 3496 748 ἐκείνου,
3529 685 3674 737 κατὰ
3706 687 3762 738 τὸ

2184 760 2354 829 ἄκρον
2386 761 2795 834 ὑπορραγέντος
2818 769 2884 838 τῇ
2904 767 3105 838 ῥάϐδῳ,
3141 771 3235 822 ἐπὶ
3258 771 3358 842 τὴν
3382 773 3760 845 ἀντικειμένην

2183 849 2358 920 ὄχθην
2396 853 2488 904 καὶ
2523 854 2684 922 ἡτῶν
2713 859 2971 928 κυμάτων
3002 859 3154 931 ῥῆξις
3193 862 3446 934 ἐπέρασε.
3473 867 3586 919 Καὶ
3607 885 3762 922 κατα·

2184 939 2286 1003 ϐὰς
2309 943 2401 995 ἐπὶ
2430 944 2490 996 τὸ
2514 944 2677 1013 βάθος
2706 950 2734 1000 ὁ
2750 950 3012 1020 Μωῦσῆς,
3037 950 3156 1004 καθ’
3175 952 3203 1004 δ
3223 953 3485 1024 διετμήθη
3509 954 3573 1008 τὸ
3602 957 3760 1010 πέλαο

2128 1023 2160 1046 ⁹
2183 1047 2300 1098 γος,
2339 1033 2435 1085 σὺν
2457 1038 2618 1090 παντὶ
2643 1038 2721 1108 τῷ
2749 1038 2863 1110 λαῷ
2901 1039 3081 1110 βύθιος
3116 1039 3204 1113 ἦν,
3238 1046 3294 1096 έν
3332 1023 3552 1116 ἀϐρόχῳ
3588 1063 3649 1099 τε
3671 1051 3758 1101 καὶ

2181 1120 2486 1196 ἡλιουμένῳ
2541 1125 2621 1196 τῷ
2671 1126 2919 1198 σώματι·
2957 1131 3047 1184 καὶ
3094 1131 3229 1203 πεζῇ
3272 1133 3372 1197 τὰς
3396 1134 3668 1200 ἀϐύσσους
3702 1139 3758 1190 ὲν

2181 1211 2328 1284 ξηρῷ
2346 1213 2426 1285 τῷ
2456 1216 2690 1288 πυθμένι
2741 1221 2839 1289 τῆς
2885 1220 3158 1293 Θαλάσσης
3193 1223 3627 1296 διεξερχόμενος,
3661 1228 3758 1281 οὑκ

2177 1304 2435 1359 ἐδεδοίκει
2486 1307 2584 1378 τὴν
2625 1310 2968 1380 αὐτοσχέδιον
2995 1314 3207 1386 ἐκείνην
3252 1316 3317 1368 ἐκ
3365 1319 3627 1388 κυμάτων
3647 1336 3757 1372 τει-

2177 1397 2441 1464 χοποιίαν,
2474 1397 2626 1453 ἔνθεν
2652 1402 2746 1454 καὶ
2775 1401 2948 1467 ἔνθεν,
2972 1404 3180 1473 τείχους
3216 1406 3390 1478 δίκην,
3425 1427 3756 1484 παραπεπη-

2175 1489 2336 1555 γυίας
2368 1491 2551 1553 αὑτοῖς
2586 1493 2650 1544 ὲκ
2685 1493 2928 1563 πλαγίων
2953 1497 3053 1566 τῆς
3097 1498 3295 1569 ἅλμης.
3329 1501 3435 1554 Τοῦ
3466 1503 3522 1556 δὲ
3561 1504 3758 1575 Φαραὼ

2177 1577 2319 1647 μετὰ
2343 1579 2448 1631 τῶν
2471 1583 2782 1648 Αἰγυπτίων
2813 1587 3253 1651 συνεισπεσόντος
3281 1590 3371 1641 ἐπὶ
3395 1591 3459 1644 τὸ
3497 1592 3755 1661 πέλαγος,

2175 1669 2318 1722 κατὰ
2349 1670 2448 1741 τὴν
2472 1673 2958 1743 καινοτομηθεῖσαν
2981 1677 3195 1747 ἐκείνην
3223 1679 3338 1732 ὁδὸν
3356 1683 3412 1733 ὲν
3433 1685 3546 1746 τοῖς
3578 1683 3752 1746 ὕδασι,

2176 1758 2342 1812 πάλιν
2402 1762 2732 1816 συνάπτεται
2766 1764 2828 1817 τὸ
2876 1765 3020 1836 ὕδωρ
3047 1767 3126 1837 τῷ
3158 1767 3330 1832 ὕδατι,
3377 1770 3472 1823 καὶ
3518 1773 3755 1826 ἀνακλύ-

493 1827 870 1899 Εεγριὶοι-υιη
895 1837 1132 1890 exercitu
1159 1838 1434 1904 universo,
1457 1844 1636 1912 equis,
1663 1847 1848 1910 armis,
1864 1863 1927 1903 ac
1949 1865 2069 1905 eur-

2180 1850 2400 1923 σθείσης
2429 1855 2564 1924 πρὸς
2589 1855 2785 1926 ἑαυτὴν
2813 1857 2914 1926 τῆς
2935 1822 3210 1928 θαλάσσης
3240 1822 3456 1914 κατὰτὸ

493 1917 648 1974 ribus
673 1923 806 1975 mari
830 1923 1122 1996 absorptis.
1163 1928 1284 1982 Mox
1320 1933 1492 2001 pergit
1529 1933 1759 2006 Moyses,
1801 1941 2074 2010 triumque

491 2011 701 2066 dierum
739 2013 929 2072 itinere
959 2018 1232 2087 confecto,
1260 2037 1384 2077 cum
1417 2040 1558 2095 aqua
1589 2028 1863 2094 deticeret,
1894 2033 1947 2085 in
1976 2048 2073 2087 an-

491 2104 700 2172 gustias
721 2105 1008 2177 redigitur,
1039 2127 1148 2166 nou
1180 2113 1463 2171 inveniens
1488 2134 1596 2187 quo
1626 2121 1770 2174 sitim
1795 2126 2071 2182 exercitus

490 2196 780 2252 solaretur.
823 2199 952 2255 Erat
985 2218 1242 2275 namque,
1285 2207 1352 2260 ad
1386 2223 1545 2278 quem
1586 2220 1767 2267 castra
1803 2214 2070 2280 locarant,

491 2287 644 2343 lacus
674 2291 894 2361 quidam
923 2297 1260 2353 marinarum
1288 2315 1575 2370 aquarum,
1599 2313 1762 2374 atque
1787 2307 1921 2362 adeo
1955 2325 2072 2364 ma-

490 2378 611 2433 rina
643 2383 908 2450 amarior;
943 2387 1031 2439 cui
1064 2404 1187 2441 cum
1221 2389 1581 2460 adsedissent,
1613 2397 1812 2465 sitique
1845 2406 2070 2470 torque-

490 2476 702 2534 rentur,
723 2471 936 2543 Moyses
955 2473 1141 2532 divino
1163 2484 1404 2535 monitus
1430 2486 1674 2553 oraculo,
1700 2487 1904 2557 lignum
1923 2492 2068 2560 quod

492 2560 548 2613 in
580 2561 660 2616 eis
692 2564 827 2618 locis
852 2566 1154 2631 invenerat,
1187 2571 1241 2624 in
1282 2571 1400 2627 illas
1441 2589 1610 2643 aquas
1649 2580 1877 2634 marinis
1916 2596 2070 2637 acer-

2178 1944 2384 2012 σχῆμα,
2410 1945 2506 2013 μία
2539 1945 2632 1997 τοῦ
2663 1945 2852 2010 ὑδατος
2878 1949 3166 2016 ἐπιφάνειά
3187 1967 3246 2002 τε
3269 1953 3362 2003 καί
3386 1951 3506 2020 ὄψις
3522 1954 3752 2020 γίνεται,

2174 2033 2274 2104 ἤδη
2304 2034 2412 2088 τῶν
2453 2037 2800 2107 Ἰσραηλιτῶν
2836 2040 2926 2091 ἐπὶ
2970 2041 3071 2109 τῆς
3105 2041 3282 2112 πέραν
3307 2043 3487 2112 ἠϊόνος
3521 2046 3589 2096 τὸ
3619 2045 3754 2100 πολύ

2172 2141 2232 2176 τε
2264 2127 2356 2177 καὶ
2382 2125 2632 2182 σύντονον
2685 2130 2784 2200 τῆς
2819 2129 2906 2183 διὰ
2930 2130 3022 2184 τοῦ
3053 2133 3322 2200 πελάγους
3355 2136 3582 2206 πορείας
3621 2138 3754 2189 ἀνα-

2175 2217 2481 2282 παυόντων,
2509 2220 2598 2273 ὅτε
2626 2222 2719 2274 καὶ
2742 2222 2839 2292 τὴν
2874 2207 3137 2277 ἐπινίκιον
3168 2220 3307 2296 ᾖσαν
3345 2226 3488 2296 ᾠδὴν
3511 2226 3589 2296 τῷ
3608 2225 3746 2296 Θεῷς

2173 2307 2249 2377 τῷ
2272 2311 2394 2362 τότε
2433 2311 2768 2381 ἀναίμακτον
2791 2313 2931 2384 ὑπὲρ
2959 2313 3134 2368 αὑτῶν
3162 2316 3435 2386 έγείραντι
3470 2318 3750 2388 τρόπαιον,

2174 2398 2390 2452 πάντων
2423 2405 2761 2473 πανστρατιᾷ
2798 2403 2907 2459 τῶν
2944 2405 3278 2473 Αἰγυπτίων,
3317 2406 3499 2469 αὑτοῖς
3533 2409 3628 2460 καὶ
3665 2407 3752 2461 τπ-

2173 2507 2294 2554 ποις
2327 2492 2421 2544 καὶ
2440 2493 2624 2556 ὅπλοις
2654 2496 2747 2548 καὶ
2791 2495 3050 2566 ἅρμασιν,
3083 2499 3487 2568 ἀφανισθέντων
3527 2500 3632 2553 ὑπὸ
3651 2500 3748 2554 τοῦ

2173 2579 2383 2643 ὕδατος.
2421 2579 2552 2635 Εἶτα
2583 2583 2826 2654 πρόεισιν
2853 2587 2946 2639 ἐπὶ
2978 2586 3044 2640 τὰ
3088 2589 3276 2658 πρόσω
3306 2591 3334 2642 ό
3358 2590 3621 2660 Μωῦσῆς,
3653 2591 3751 2644 καὶ

488 2651 672 2707 biores
704 2654 960 2712 immisit:
1013 2668 1069 2713 et
1126 2660 1294 2726 illico,
1343 2671 1540 2720 natura
1594 2667 1746 2737 ligni,
1807 2685 2068 2740 aquarum

2173 2671 2334 2742 τριῶν
2376 2671 2600 2744 ἡμερῶν
2626 2651 2872 2746 τάνυδρον
2899 2651 3176 2740 διοδεύσας
3199 2677 3336 2742 ὁδὸν,
3379 2680 3437 2730 ὲν
3470 2651 3749 2748 ἀμηχανίᾳ

488 2742 668 2797 ablata
711 2747 1098 2814 amaritudine,
1123 2749 1311 2806 dulces
1353 2761 1517 2824 atque
1560 2759 1822 2824 potabiles
1865 2761 2069 2818 eﬂ‘ectae

2173 2763 2400 2831 γίνεται,
2451 2742 2525 2834 μὴ
2557 2764 2693 2833 έχων
2721 2742 2867 2830 ὅπως
2895 2767 2989 2819 τοῦ
3028 2767 3259 2838 στρατοῦ
3284 2769 3344 2821 τὸ
3372 2742 3525 2836 δίψος
3567 2742 3747 2841 ’παραζ

486 2831 729 2890 fuerunt.
773 2835 946 2894 Nubis
989 2841 1186 2896 deinde
1229 2842 1418 2909 ductu,
1463 2862 1625 2917 quam
1674 2853 2066 2920 praecedentem

2173 2831 2642 2927 μυθήσηταιίἮν
2684 2857 2792 2929 γάρ
2826 2875 2910 2922 τις
2935 2831 3119 2930 λίμνη,
3151 2861 3278 2930 περὶ
3310 2861 3375 2931 ἢν
3413 2831 3748 2931 ἐστρατοπέ-

489 2929 879 2998 sequebantur,
902 2940 954 2986 et
976 2949 1084 3004 qua
1117 2944 1294 2992 stante
1328 2940 1431 3008 ipsi
1457 2955 1673 3011 quoque
1699 2953 1878 3000 castra
1906 2956 2068 3001 meta-

2173 2949 2378 3010 δευσαν,
2446 2949 2736 3004 θαλασσίου
2800 2929 3008 3017 ὓδατος,
3047 2929 3245 3021 μᾶλλον
3277 2929 3340 3004 δὲή
3367 2929 3672 3022 πικροτέρα
3714 2953 3746 3022 ἢ

489 3019 708 3085 bantur,
747 3021 812 3075 ad
845 3024 1019 3078 locum
1054 3025 1346 3084 deveniunt
1381 3031 1539 3100 aquis
1579 3042 1740 3103 atque
1778 3037 2066 3093 arboribus

2173 3037 2308 3091 κατὰ
2334 3038 2625 3091 θάλασσαν.
2661 3038 2815 3092 Ἐπεὶ
2856 3035 2947 3092 οὖν
2994 3038 3434 3108 προσκαθήμενοι
3460 3036 3537 3108 τῷ
3573 3036 3746 3098 ὕδατι,

491 3112 946 3168 ammnissimum.
995 3117 1288 3173 Duodecim
1332 3122 1475 3175 enim
1523 3124 1764 3180 fontibus
1811 3131 2068 3204 continue

2173 3129 2245 3199 τῷ
2276 3129 2418 3198 δίψει
2440 3130 2532 3182 τοῦ
2559 3129 2748 3193 ὓδατος
2782 3130 3172 3198 κατεφλέγοντο
3195 3145 3207 3157 ·
3242 3128 3424 3181 θεόθεν
3445 3127 3592 3196 αὐτῷ
3612 3144 3750 3196 συμ-

491 3204 840 3276 irrigabatur,
859 3217 912 3262 et
934 3214 1273 3283 septuaginta
1297 3217 1493 3286 palmis
1513 3220 1759 3276 consitus
1787 3233 1922 3287 erat,
1942 3239 2063 3293 quae

491 3312 658 3365 parvo
689 3298 793 3354 hoc
827 3316 1074 3365 numero,
1103 3320 1168 3359 eo
1189 3307 1333 3376 quod
1361 3310 1766 3378 pulchritudine
1791 3322 1845 3368 et
1873 3331 2065 3384 proce-

489 3389 650 3444 ritate
683 3391 1030 3456 excellerent,
1071 3397 1333 3452 miraculo
1368 3399 1676 3456 videntibus
1714 3415 1888 3458 erant.
1924 3405 2064 3460 Hinc

493 3489 635 3533 mota
671 3497 862 3538 rursus
888 3484 996 3538 dux
1023 3487 1113 3540 illa
1143 3488 1332 3554 nubes,
1358 3491 1524 3544 alium
1553 3493 1605 3547 in
1635 3493 1813 3548 locum
1843 3496 2064 3551 deduxit

489 3573 810 3628 exercitum.
835 3573 962 3630 Erat
992 3579 1080 3632 hic
1100 3587 1278 3634 autem
1303 3581 1573 3648 desertus,
1599 3599 1764 3640 arena
1790 3587 2060 3654 obtectus,

489 3678 554 3716 ac
600 3666 822 3729 sterilis,
860 3683 959 3723 nec
994 3671 1104 3725 ullo
1137 3685 1400 3742 aquarum
1446 3674 1650 3730 ﬂuento
1689 3678 2059 3749 irrigabatur:

490 3755 578 3808 ubi
618 3772 811 3814 rursus
853 3761 1084 3830 pepulus
1123 3764 1214 3818 siti
1259 3764 1612 3836 aﬂligebatur.
1647 3769 1718 3822 At
1753 3769 1968 3842 Moyses
1995 3787 2063 3826 ex

491 3845 668 3915 lapide
698 3849 934 3917 quodam
965 3851 1117 3922 virga
1146 3869 1430 3922 percusso,
1471 3857 1870 3925 iucundissima
1901 3871 2064 3932 atque

488 3937 869 4002 copiosissima
893 3955 1155 4010 aquarum
1179 3944 1380 4000 ﬂuenta
1404 3949 1626 4004 exsilire
1643 3951 1786 4005 fecit.
1805 3952 1901 4008 Hic
1917 3970 2066 4009 com-

490 4034 704 4082 meatus
732 4030 895 4083 etiam
920 4033 1120 4096 omnis,
1151 4049 1310 4101 quem
1341 4046 1600 4092 exeuntes
1625 4040 1692 4093 ab
1712 4039 1950 4112 Egypto
1971 4044 2066 4096 ad-

491 4117 780 4182 duxerant,
816 4133 939 4174 cum
975 4121 1282 4188 defecisset,
1310 4133 1364 4180 et
1389 4129 1621 4197 populus
1656 4130 1797 4186 fame
1851 4149 2066 4203 preme-

491 4218 664 4276 retur,
701 4213 1022 4268 miraculum
1055 4215 1134 4280 iit,
1179 4218 1321 4286 quod
1350 4233 1460 4287 pra:
1487 4221 1698 4276 caeteris
1723 4230 1807 4276 est
1833 4223 2068 4279 incredi-

490 4299 637 4354 bile:
680 4315 788 4356 non
831 4317 860 4356 a
899 4311 1042 4358 terra
1073 4305 1224 4374 ipsis,
1257 4317 1314 4360 ut
1339 4309 1497 4374 solet,
1531 4325 1651 4379 qua:
1691 4311 1890 4366 victum
1927 4330 2065 4383 pra:-

491 4393 729 4456 stabant,
757 4395 1094 4462 oriebantur,
1121 4395 1215 4450 sed
1239 4413 1267 4449 a
1289 4398 1429 4452 coalo
1455 4400 1698 4468 quotidie
1724 4403 1865 4457 roris
1891 4404 2067 4460 instar

2167 3221 2364 3290 ϐουλῆς
2389 3223 2782 3291 γεγενημένης,
2821 3221 2973 3286 ξύλον
3006 3239 3058 3273 τι
3089 3221 3214 3290 περὶ
3241 3220 3332 3273 τὸν
3354 3219 3516 3271 τόπον
3548 3217 3747 3287 εὑρὼν.

2165 3309 2421 3379 ἐμϐάλλει
2467 3309 2544 3380 τῷ
2594 3311 2781 3363 ’ὑδατιο
2831 3311 2890 3363 τὸ
2935 3311 2990 3363 δὲ
3026 3310 3368 3379 παραχρῆμα
3395 3308 3623 3377 πότιμον
3654 3303 3746 3376 ἦν,

2163 3399 2257 3450 τοῦ
2288 3399 2444 3462 ξύλου
2474 3403 2538 3470 τῇ
2563 3400 2742 3469 οἰκεία
2768 3400 2992 3470 δυνάμει
3013 3401 3111 3470 τὴν
3133 3399 3224 3452 τοῦ
3259 3398 3446 3460 ὓδατος
3475 3397 3638 3466 φύσιν
3666 3399 3748 3458 εξς

2166 3490 2358 3561 ἡδονὴν
2405 3492 2469 3543 ὲκ
2515 3491 2736 3562 πικρίας
2783 3491 3273 3561 μετακεράσαντος.
3299 3489 3409 3558 Τῆς
3437 3488 3493 3540 δὲ
3519 3487 3749 3558 νεφέλης

2167 3581 2581 3651 μεταναστάσης
2609 3581 2701 3634 ἐπὶ
2727 3583 2793 3634 τὰ
2816 3581 3024 3653 πρόσω,
3061 3582 3302 3633 κάκεῖνοι
3325 3580 3416 3632 ἐπὶ
3444 3582 3510 3649 τῇ
3534 3579 3747 3648 κινήσει

2163 3671 2256 3724 τοῦ
2284 3671 2604 3742 ὁδηγοῦντος
2629 3671 3152 3741 συμμετανίσταντο,
3173 3670 3259 3722 ἀεὶ
3270 3667 3428 3721 τοῦτο
3440 3666 3746 3729 ποιοῦντες,

2165 3764 2465 3835 παυόμενοι
2495 3781 2556 3816 τε
2590 3764 2691 3834 τῆς
2729 3763 2976 3833 πορείας,
3008 3764 3065 3815 ὲν
3094 3755 3247 3831 ᾧπερ
3284 3761 3350 3814 ἂν
3381 3763 3414 3830 ἡ
3439 3761 3626 3823 στάσις
3646 3759 3746 3829 τῆς

2164 3857 2392 3926 νεφέλης
2447 3856 2506 3909 τὸ
2544 3856 2642 3925 τῆς
2696 3855 3056 3917 ἀναπαύσεως
3106 3853 3273 3907 ἔδωκε
3324 3852 3597 3921 σύνθημα,
3652 3853 3747 3904 καὶ

2165 3950 2494 4021 ἀπαίροντες
2544 3947 2725 4014 πάλιν,
2774 3940 2948 4018 οὗπερ
2982 3946 3049 4000 ἂν
3095 3947 3129 4016 ἠ
3170 3945 3366 4015 νεφέλη
3397 3945 3494 4013 τῆς
3521 3943 3747 4014 πορείας

2165 4040 2346 4096 αὐτῶν
2395 4041 2739 4110 ἀφηγήσατο.
2787 4038 3278 4108 Καταλαμϐάνουσι
3331 4037 3408 4098 δὲ,
3446 4033 3524 4104 τῷ
3565 4034 3749 4104 ὁδηγῷ

2164 4130 2338 4201 τούτῳ
2386 4130 2664 4199 ἑπόμενοι,
2699 4128 2866 4183 τόπον
2917 4127 3070 4180 ὕδατι
3127 4127 3344 4197 ποτίμῳ
3379 4126 3746 4196 κατάρρυτον,

2165 4221 2546 4276 δυοδεκαίδεκα
2571 4222 2773 4290 πηγαῖς
2787 4219 3030 4288 ἀφθόνως
3059 4215 3536 4288 περικλυζόμενον.
3567 4213 3749 4268 r12660-

2172 4319 2420 4385 μήκοντα.
2470 4313 2528 4366 δὲ
2578 4310 2717 4382 ἦσαν
2771 4313 2820 4364 οἰ
2868 4312 3127 4380 φοίνικες,
3179 4307 3473 4379 ἀρκοῦντες
3523 4306 3621 4359 καὶ
3689 4306 3749 4357 ὲν

2168 4405 2332 4475 όλίγῳ
2401 4404 2478 4474 τῷ
2535 4400 2752 4471 ἀριθμῷ
2801 4401 2933 4454 πολὺ
2999 4401 3220 4468 ποιῆσαι
3280 4400 3392 4460 τοῖς
3452 4395 3626 4465 ὁρῶσι
3687 4393 3748 4446 τὸ

490 4481 815 4538 deﬂuebant.
863 4484 1074 4540 Etenim
1122 4489 1225 4542 sub
1269 4491 1647 4558 crepusculum
1692 4496 1925 4562 sparsim
1978 4512 2065 4552 ros

2174 4495 2357 4565 θαῦμα
2377 4493 2482 4563 ,τῷ
2518 4493 2835 4563 ὑπεραίρειν
2868 4492 3007 4545 κατὰ
3041 4493 3100 4544 τὸ
3127 4489 3319 4552 κάλλος
3338 4505 3399 4540 τε
3443 4487 3539 4540 καὶ
3579 4485 3747 4554 μέγε-

492 4571 924 4644 ﬂiﬂ‘undebatur,
968 4580 1060 4649 qui
1110 4580 1164 4632 in
1208 4581 1387 4635 cibum
1433 4596 1492 4636 se
1523 4581 1686 4637 dabat
1721 4585 2060 4655 legentibus:

492 4671 649 4740 isque
672 4687 779 4725 non
806 4687 1039 4742 aqueum
1067 4681 1206 4736 erat,
1234 4682 1293 4727 ut
1318 4676 1370 4729 in
1404 4691 1525 4730 rore
1552 4676 1667 4731 ﬁeri
1697 4679 1918 4743 assolet,
1944 4681 2064 4734 stil-

491 4763 758 4826 licidium,
799 4765 894 4819 sed
932 4766 1050 4820 loco
1086 4775 1358 4837 guttarum
1390 4769 1692 4839 crystallini
1733 4772 1967 4839 grumuli
2011 4771 2065 4824 in

490 4854 766 4908 coriandri
798 4857 1023 4910 seminis
1050 4858 1273 4913 formam
1303 4860 1630 4928 conglobati,
1660 4861 1800 4930 quod
1833 4861 2068 4916 rustica-

489 4948 586 5000 tim
609 4947 807 5002 dicitur
835 4949 1164 5022 κολίανδρον,
1197 4954 1600 5008 descendebant
1626 4973 1638 5008 :
1675 4956 1765 5026 qui
1784 4955 1851 5009 ad
1880 4955 2064 5010 cibum

488 5039 703 5093 collecti
735 5049 954 5109 gustum
985 5043 1160 5096 mellis
1195 5060 1329 5112 pene
1357 5045 1674 5100 efferebant.

2176 4593 2285 4654 θος.
2329 4587 2499 4641 Πάλιν
2551 4587 2802 4639 κάκεῖθεν
2850 4589 2879 4638 ό
2915 4584 3110 4655 όδηγὸς
3141 4585 3174 4653 ἡ
3213 4581 3408 4650 νεφέλη
3445 4579 3584 4648 πρὸς
3628 4578 3745 4630 ἔτει

2177 4699 2269 4753 ρον
2325 4680 2445 4747 ἄγει
2482 4678 2644 4730 τόπον
2697 4674 2789 4729 τὸν
2834 4675 3062 4745 στρατὸν
3091 4673 3460 4742 ἀναστήσασα.
3501 4669 3749 4737 Ἔρημος

2172 4773 2229 4826 δέ
2267 4789 2351 4834 τις
2402 4762 2556 4830 οὗτος
2615 4762 2724 4837 ἦν,
2786 4769 2843 4819 ὲν
2898 4765 3159 4836 αὑχμηρᾷ
3223 4764 3316 4816 καὶ
3374 4759 3746 4826 διακεκαλυμ·

2177 4864 2312 4934 μένῃ
2379 4863 2444 4930 τῇ
2519 4860 2731 4928 ψάμμῳ
2759 4898 2774 4922 ,
2878 4857 3147 4926 μηδεμιᾶς
3221 4853 3428 4906 ὑδάτων
3523 4849 3748 4918 ἰκμάδος

2175 4949 2594 5019 ὑπονοτιζούσης
2650 4948 2738 5000 τὸν
2800 4947 3010 5016 χῶρον,
3071 4948 3129 4996 ὲν
3180 4938 3224 5011 ᾦ
3273 4943 3435 4996 πάλιν
3486 4940 3581 4994 τὸν
3623 4938 3748 4991 λαὸν

2169 5043 2264 5096 τοῦ
2291 5042 2477 5111 δίψους
2513 5039 3008 5109 καταπονήσαντος,
3048 5036 3222 5106 πέτρα
3245 5051 3330 5096 τις
3359 5032 3450 5084 ἐπὶ
3471 5028 3748 5098 γεωλόφου

490 5137 670 5208 ῥάϐδῳ
718 5137 986 5207 πληγεῖσα
1029 5137 1180 5209 παρὰ
1224 5139 1316 5192 τοῦ
1367 5141 1663 5202 Μωῦσέως,
1697 5127 1840 5210 ὕδωρ
1871 5141 2147 5194 ἐκδίδωσιν
2175 5139 2270 5211 ἡδύ
2305 5154 2378 5236 -τε
2409 5136 2522 5236 ,καλ
2558 5131 3093 5236 πότιμοννηκσξὶ,
3132 5128 3320 5236 ξιρείας
3351 5127 3444 5236 τεξῦ
3491 5127 3747 5236 τξλσοξξου

487 5228 618 5283 λαοῦ
657 5230 1057 5301 δαψιλέστερον.
1091 5229 1259 5283 Ἔνθα
1287 5229 1350 5298 δὴ
1382 5231 1475 5282 καὶ
1501 5230 1598 5299 τῆς
1627 5234 1982 5302 παρασκευῆς
2013 5230 2120 5283 τῶν
2155 5228 2372 5300 τροφῶν
2405 5223 2781 5326 ἐπιλιπούσης,
2817 5222 2882 5292 ἢν
2913 5221 2973 5326 ὲιξ
3017 5222 3292 5326 Αἰγύπτου
3323 5219 3458 5326 πρὸς
3487 5219 3589 5326 την
3618 5219 3747 5321 (35-m-

490 5323 686 5393 πορίαν
719 5325 1114 5390 ἐπεσιτίσαντο,
1146 5325 1239 5377 καὶ
1261 5323 1402 5393 λιμῷ
1443 5323 1537 5377 τοῦ
1578 5324 1706 5377 λαοῦ
1762 5325 2117 5396 πιεζομένου·
2161 5325 2368 5390 γίνεται
2407 5321 2468 5372 τὸ
2496 5320 2741 5416 πάντων-
2755 5316 3110 5416 ἀπιστότατον
3157 5313 3361 5416 edulii,
3397 5328 3497 5362 ουκ
3530 5313 3748 5416 teme

491 5413 633 5468 κατά
655 5417 716 5469 τὸ
742 5417 1147 5487 νενομισμένον,
1177 5416 1360 5476 αὑτοῖς
1402 5415 1501 5485 τῆς
1542 5415 1745 5483 τροφῆς
1785 5415 2132 5483 φαινομένης,
2161 5412 2272 5465 ἀλλ’
2308 5409 2512 5464 ἄνωθεν
2549 5410 2613 5460 ὲκ
2651 5404 2741 5459 τοῦ
2786 5403 3015 5476 οὐρανοῦ
3067 5402 3384 5474 δροσοειδῶς
3419 5402 3750 5471 καταρῥεού·

494 5525 611 5576 σης.
647 5509 846 5578 Δρόσος
878 5509 986 5580 γὰρ
1019 5510 1199 5569 αὐτοῖς
1227 5510 1470 5576 ἑπεχεῖτο
1503 5507 1644 5560 κατὰ
1677 5508 1766 5562 τὸν
1798 5508 2023 5580 ὄρθρον·
2061 5509 2234 5580 τροφὴ
2267 5507 2331 5580 ’,δὲ
2361 5509 2472 5568 τοῖς
2509 5502 2924 5572 ὑποδεχομένοις
2961 5501 2994 5570 ἡ
3035 5500 3220 5569 δρόσος
3252 5497 3477 5565 ἐγίνετο.
3519 5496 3593 5548 Τὸ
3647 5497 3751 5563 γάρ

493 5601 862 5669 ἐπιχεόμενον.
894 5602 954 5652 οὑ
997 5603 1148 5671 ῥανὶς
1182 5599 1454 5672 ὑδατώδης
1477 5596 1566 5668 ἦν,
1596 5599 1779 5662 καθὼς
1811 5600 2042 5670 σύνηθές
2081 5601 2228 5652 ἐστιν
2264 5601 2320 5651 ὲν
2570 5593 2816 5691 γίνεσθαι
2829 5609 2851 5691 ὀ
2899 5591 3011 5691 ἀλλ’
3045 5590 3164 5691 ἀντὶ,
3203 5589 3476 5691 σταγόνων
3506 5587 3749 5691 ,θρόμδοι

493 5691 636 5752 τινὲς
670 5688 1129 5758 κρυσταλλοειδεῖς
1165 5690 1226 5742 τὸ
1256 5686 1413 5756 εἶδος,
1455 5691 1597 5745 κατά
1648 5690 1710 5743 τὸ
1762 5690 1970 5760 σχῆμα,
2019 5689 2048 5741 ὃ
2087 5686 2419 5760 άγροικικῶς
2461 5686 2675 5752 λέγεται
2723 5683 3033 5754 κολίανδρον
3069 5679 3163 5734 τοῦ
3205 5679 3388 5750 κορίου
3416 5680 3747 5750 σπέρματος,

497 5775 897 5852 σίιίαιρωθέντες
936 5781 1245 5851 κατέρρεον,
1281 5776 1353 5836 ὧν
1385 5787 1418 5851 ἡ
1459 5783 1643 5851 γεῦσις
1665 5783 1762 5852 τὴν
1785 5783 1879 5836 τοῦ
1912 5783 2128 5852 μέλιτος
2163 5783 2354 5853 ἡδονὴν
2384 5778 2722 5850 ὑπεκρίνετο.
