3890 6350
178 392 266 451 313
1456 394 1544 449 DE
1579 396 1742 451 VITA
1783 391 2060 450 MOYSIS.

3292 395 3411 453 ’3”

237 502 477 576 τούτῳδὲ
499 503 578 576 τῷ
605 505 838 576 θαύματι
873 502 1256 578 συνεθεωρεϊτο
1283 507 1376 561 καὶ
1406 507 1467 561 τό
1499 509 1683 581 ἕτερον
1701 525 1715 539 ·

1901 506 2037 560 lluic
2074 506 2336 563 miraculo
2386 509 2679 565 accedebat
2736 519 2789 565 et
2818 510 3006 565 aliud:
3056 510 3242 567 multis
3262 514 3410 567 enim

178 599 231 652 τὸ
259 598 450 660 πάντας
480 596 572 649 ἐπὶ
601 594 699 666 τὴν
747 595 1006 667 συλλογὴν
1039 596 1311 663 ἐξιόντας,
1351 599 1408 649 ἐν
1446 598 1722 669 διαφόροις

182 691 262 758 (ὡς
279 687 436 758 ιίκὸς)
464 687 698 758 ἡλικίαις
716 704 778 740 τε
797 687 889 740 καὶ
908 687 1186 758 δυνάμεσι,
1208 689 1345 758 μήτε
1359 687 1584 760 ἔλαττον
1606 689 1724 742 ἓτε-

184 798 260 851 ρον
283 779 477 849 ἐτέρου,
507 777 646 831 κατά
675 776 770 848 τὴν
790 780 887 848 τῆς
911 778 1191 847 δυνάμεως
1216 777 1494 849 διαφοράν,
1530 796 1722 849 συγκο-

186 869 407 941 μίζεσθαι
425 885 440 901 ο
469 867 604 922 ἀλλά
631 868 941 941 μετρεῖσθαι
966 872 1031 939 τῇ
1063 869 1289 922 ἑκάστου
1324 870 1477 942 χρείᾳ
1502 870 1564 923 τὸ
1600 888 1723 925 συν-

185 962 439 1031 αγόμενον,
468 960 542 1022 ὡς
573 961 707 1030 μήτε
748 960 840 1013 τὸν
860 958 1227 1033 δυνατώτερον
1257 963 1319 1014 τὸ
1348 962 1509 1017 πλέον
1554 963 1718 1033 ἔχειν,

188 1051 305 1120 μήτε
345 1048 683 1101 ἐλαττοῦσθαι
710 1049 809 1119 τῆς
850 1049 1149 1120 ἰσομοιρίας
1176 1051 1271 1104 τὸν
1314 1052 1724 1124 ἀσθενέστερον.

186 1140 332 1193 Πάλιν
371 1139 460 1191 ἐπὶ
482 1138 657 1209 τούτῳ
683 1138 869 1209 ἓτερον
898 1138 1080 1210 θαῦμα
1108 1142 1141 1211 ἡ
1175 1141 1386 1215 ἱστορία
1415 1144 1600 1215 φησὶν,
1641 1145 1722 1198 ὅτι

186 1229 237 1281 τὸ
256 1228 377 1299 πρὸς
410 1229 621 1299 ἡμέραν
658 1228 889 1291 ἕκαστος
915 1229 1292 1302 κομιζόμενος,
1325 1233 1478 1285 οὐδὲν
1510 1235 1589 1298 είς
1624 1239 1723 1306 τὴν

186 1320 294 1389 ἑξῆς
325 1319 621 1374 ἀπετίθετο.
681 1319 772 1389 Τῷ
823 1320 879 1373 δὲ
923 1320 1179 1393 φειδωλία
1220 1323 1330 1377 τινὶ
1372 1323 1510 1395 πρὸς
1531 1325 1628 1395 τὴν
1660 1327 1725 1380 ἐκ

185 1414 269 1484 τῆς
292 1412 557 1483 παρούσης
583 1414 790 1484 τροφῆς
817 1414 1188 1485 ταμιεύσαντι,
1210 1415 1481 1487 ἄχρηστον
1500 1413 1567 1489 ἦν
1589 1419 1725 1488 πρὸς

186 1505 364 1574 τροφὴν
408 1504 469 1557 τὸ
510 1505 805 1569 ἀπόθετον,
858 1506 939 1568 είς
991 1506 1290 1577 σκωλήκων
1345 1507 1507 1576 φύσιν
1556 1526 1725 1579 μετα-

188 1594 493 1664 ποιούμενον.
525 1595 791 1666 Πρόσεστί
820 1612 873 1647 τι
908 1595 1001 1649 καὶ
1029 1595 1157 1650 ἄλλο
1188 1599 1252 1667 τῇ
1299 1597 1447 1669 παρά
1478 1599 1577 1668 τῆς
1597 1615 1749 1670 τρο-.

189 1684 277 1753 φῆς
301 1684 489 1755 ταύτης
534 1686 744 1757 ἱστορίᾳ
773 1685 1094 1756 παράδοξον.
1144 1686 1267 1740 Τῶν
1307 1689 1416 1758 γάρ
1446 1688 1546 1760 τῆς
1573 1688 1725 1741 ἐϐδο-

191 1774 330 1843 μάδος
354 1776 568 1847 ἡμερῶν
604 1777 706 1846 τῆς
748 1779 895 1848 μιᾶς,
927 1778 1067 1832 κατά
1092 1795 1213 1832 τινα
1258 1779 1414 1848 λόγον
1444 1780 1722 1851 μυστικὸν,

1829 611 1937 654 nec
1969 597 2086 665 pari
2109 602 2287 665 aetate,
2324 613 2425 653 nec
2448 598 2677 663 viribus,
2715 606 2773 653 ut
2827 607 3254 654 consentaneum
3302 608 3409 664 est,

1829 687 2138 761 aequalibus
2172 688 2241 742 ad
2275 690 2649 746 collectionem
2677 688 3095 755 conﬂuentibus,
3149 706 3260 745 non
3308 691 3406 748 mi-

1832 799 1935 839 nus
1972 781 2115 838 alter
2154 782 2347 846 altero,
2382 790 2477 837 aut
2530 798 2750 853 propter
2788 790 3022 846 aetatem,
3055 789 3149 835 aut
3189 790 3409 852 propter

1829 874 2209 928 inﬁrmitatem
2259 873 2367 928 sibi
2413 874 2711 943 assumpsit
2771 894 2783 930 :
2848 888 2948 929 nec
3007 874 3098 944 qui
3157 874 3406 937 validior,

1830 965 1931 1019 sibi
1958 965 2081 1035 plus
2121 976 2285 1036 quam
2316 970 2460 1019 esset
2485 978 2642 1034 opus,
2675 980 2777 1018 nec
2808 964 2901 1034 qui
2936 963 3200 1018 inﬁrmior
3228 964 3410 1018 minus

1829 1056 1885 1110 in
1912 1070 1978 1110 eo
2006 1056 2092 1109 die
2113 1053 2293 1125 potuit
2330 1054 2591 1123 arripere.
2644 1055 2798 1109 Aliud
2838 1056 3061 1126 insuper
3082 1055 3408 1109 miraculum

1831 1146 2061 1200 historia
2082 1147 2271 1208 habet,
2298 1144 2443 1214 quod
2477 1146 2685 1200 scilicet
2712 1143 2821 1201 uno
2853 1147 2941 1200 die
2972 1146 3258 1201 collectum
3293 1144 3411 1199 fue-

1829 1246 1933 1297 rat,
1957 1236 2076 1304 ejus
2107 1234 2243 1288 nihil
2268 1234 2492 1287 omnino
2525 1235 2578 1287 in
2614 1235 2918 1288 crastinum
2966 1234 3132 1288 fuisse
3160 1246 3412 1288 reserva-

1829 1332 1967 1379 tum.
2002 1323 2157 1391 Quod
2176 1325 2221 1379 si
2243 1324 2370 1393 quis
2393 1324 2588 1377 timore
2618 1322 2805 1378 fartim
2829 1326 3120 1394 quamdam
3151 1324 3255 1378 sibi
3285 1338 3410 1393 par-

1828 1410 2052 1464 ticulam
2075 1411 2143 1464 ad
2169 1410 2470 1466 crastinum
2494 1421 2901 1476 conservasset,
2943 1420 3115 1467 totum
3146 1412 3289 1482 quod
3324 1428 3412 1466 re-

1828 1500 2069 1570 positum
2123 1507 2261 1566 erat,
2323 1516 2422 1571 per
2472 1509 2687 1557 noctem
2746 1511 3056 1574 corruptum
3100 1505 3155 1558 in
3200 1520 3410 1561 vermes

1829 1591 2349 1647 transformabatur.
2374 1591 2475 1648 Est
2496 1594 2549 1647 iu
2584 1594 2686 1648 hac
2715 1595 2941 1649 historia
2968 1595 3227 1664 quiddam
3258 1595 3413 1649 mira-

1830 1682 1939 1737 bile
1971 1700 1984 1737 :
2020 1696 2143 1735 nam
2180 1699 2305 1737 cum
2340 1700 2406 1739 ex
2440 1685 2793 1740 hebdomadas
2825 1686 3019 1740 diebus
3043 1701 3149 1739 una
3183 1686 3412 1756 mystica

1831 1775 2045 1829 ratione
2074 1775 2310 1844 quadam
2334 1779 2644 1833 cessatione
2669 1778 2736 1831 ab
2756 1776 3004 1832 Hebraeis
3030 1778 3409 1839 honoraretur,

189 1868 397 1938 ἀπραξία
441 1870 828 1941 τετιμημένης,
863 1871 922 1923 ἐν
967 1874 1034 1942 τῇ
1078 1872 1185 1943 πρὸ
1218 1873 1387 1943 αὐτῆς
1419 1873 1604 1945 ἡμέρᾳ
1628 1875 1724 1943 τῆς

1832 1880 1894 1921 ne
1945 1865 2077 1936 quid
2127 1866 2185 1921 in
2216 1882 2279 1922 ea
2328 1867 2416 1923 die
2469 1876 2667 1939 praeter
2708 1868 3164 1923 consuetudinem
3229 1865 3413 1924 facere

189 1957 310 2026 ῐσης,
362 1957 433 2021 ὡς
486 1958 624 2030 πρὸς
676 1959 768 2014 τὸν
827 1960 1134 2032 ἔμπροσθεν
1187 1962 1380 2033 χρόνον
1439 1964 1732 2034 γινομένης

189 2050 447 2121 ἐπιρῤθῆς,
513 2051 611 2105 καὶ
658 2052 757 2123 τῆς
812 2052 922 2106 τῶν
985 2053 1347 2121 συλλεγόντων
1422 2054 1731 2127 προθυμίας

188 2139 239 2190 τὸ
309 2140 414 2194 ἴσον
458 2141 724 2212 ἐχούσηςο
773 2143 1056 2199 διπλάσιον
1119 2146 1400 2218 εὑρίσκετο
1459 2148 1554 2203 τοῦ
1609 2168 1733 2204 συν-

190 2227 331 2295 ήθους
383 2230 576 2303 μέτρου
640 2233 701 2286 τὸ
756 2236 1150 2306 συναγόμενον·
1208 2237 1284 2302 ὡς
1331 2240 1399 2293 ἂν
1463 2242 1730 2312 μηδεμίαν

190 2318 335 2389 ἔχοιεν
381 2322 663 2397 ἀφορμὴν,
718 2328 786 2397 τῇ
840 2326 940 2398 τῆς
1005 2329 1210 2400 τροφῆς
1285 2332 1500 2406 ἀνάγκῃ
1550 2350 1732 2403 παρα-

189 2409 315 2464 λύειν
373 2415 468 2486 τῆς
511 2414 786 2486 ἀπραξίας
848 2417 940 2472 τὸν
979 2420 1162 2490 νόμον.
1235 2423 1324 2477 Ἐν
1401 2418 1446 2492 ᾧ
1499 2425 1562 2496 δὴ
1638 2427 1731 2479 καὶ

191 2502 327 2557 πλέον
372 2507 404 2576 ἡ
453 2506 576 2562 θεία
629 2509 898 2564 ἐδείκνυτο
951 2511 1199 2584 δύναμις,
1251 2514 1331 2567 ὅτι
1378 2519 1499 2579 ταῖς
1541 2517 1729 2582 ἄλλαις

190 2596 408 2667 ἡμέραις,
449 2600 836 2671 ἀχρειουμένου
864 2601 959 2656 τοῦ
1007 2606 1446 2675 περισσεύοντος,
1481 2611 1540 2661 ἐν
1592 2611 1729 2682 μόνῃ

188 2688 243 2756 τῇ
272 2689 367 2759 πρὸ
399 2690 489 2743 τοῦ
543 2692 816 2748 σαϐϐάτου
851 2701 1172 2769 παρασκευῇ
1204 2698 1382 2768 (τοῦτο
1417 2700 1524 2772 γὰρ
1558 2701 1729 2772 ὄνομα

189 2779 243 2845 τῇ
294 2779 546 2851 ἀπράκτῳ
620 2784 836 2856 ἡμέρᾳ)
903 2786 965 2839 τὸ
1017 2788 1343 2858 ταμιευθὲν,
1405 2790 1728 2865 ἀδιάφθορον

190 2867 392 2939 ἔμεινεν,
439 2874 513 2938 ὡς
557 2879 680 2929 κατ’
705 2877 855 2930 οὐδὲν
888 2873 1025 2932 εἶναι
1069 2880 1163 2933 τοῦ
1193 2882 1507 2953 προσφάτου
1550 2883 1726 2937 δοκεῖν

190 2958 469 3034 ἑωλότερον.
520 2963 657 3021 Εἶτα
688 2969 922 3040 πόλεμος
953 2973 1135 3038 αὐτοῖς
1184 2979 1561 3047 συγκροτεῖται
1593 2977 1728 3047 πρός

188 3066 233 3103 τι
255 3052 392 3119 ἔθνος
419 3057 710 3127 ἀλλόφυλον
736 3061 1132 3134 (Ἀμαληκίτας
1160 3066 1217 3120 δὲ
1253 3070 1378 3132 τοὺς
1406 3071 1525 3123 κατ’
1552 3069 1727 3123 αὐτῶν

188 3141 291 3196 τότε
314 3149 604 3213 συστάντας
631 3152 884 3223 ὀνομάζει
912 3158 941 3208 6
965 3155 1142 3227 λόγος)
1167 3174 1180 3187 ⁸
1224 3160 1318 3212 καὶ
1356 3161 1474 3215 τότε
1512 3160 1728 3233 πρῶτον

189 3235 257 3297 είς
310 3240 601 3310 παράταξιν
655 3244 713 3296 τὸ
781 3246 1167 3317 ἰσραηλιτικὸν
1235 3251 1606 3316 ἐξοπλίξεταισ
1668 3253 1727 3305 ού

191 3331 495 3400 πανστρατιᾷ
531 3331 748 3385 πάντων
780 3337 1213 3406 συγκινηθέντων
1259 3339 1352 3393 ἐπὶ
1394 3340 1490 3411 τὴν
1526 3341 1729 3413 μάχην,

191 3413 286 3467 ἀλλ’
314 3418 616 3490 ἀριστίνδην
642 3422 1048 3495 ἐξειλεγμένων,
1076 3429 1169 3482 καὶ⁹
1207 3428 1316 3482 τῶν
1345 3432 1404 3483 ἐν
1428 3431 1612 3495 αὐτοῖς
1642 3431 1733 3484 λο-

191 3505 344 3571 γάδων
368 3512 778 3582 ἀναδεξαμένων
802 3516 892 3569 τὸν
912 3517 1148 3589 πόλεμον
1169 3536 1183 3551 ·
1205 3521 1263 3572 ἐν
1287 3514 1331 3588 ᾧ
1358 3521 1521 3577 πάλιν
1546 3522 1733 3576 καινὸν

191 3594 336 3663 ἔδειξε
364 3605 692 3675 στρατηγίας
729 3607 928 3678 τρόπον
969 3611 998 3662 6
1040 3611 1300 3682 Μωῢσῆς.
1348 3611 1457 3665 Τοῦ
1487 3613 1597 3684 γὰρ
1628 3614 1734 3683 Ἰη-

194 3686 291 3753 σοῦ,
336 3691 392 3754 ὃς
437 3694 575 3764 μετά
608 3695 701 3750 τὸν
743 3699 980 3753 Μωῦσέα
1024 3700 1118 3754 τοῦ
1176 3702 1305 3755 λαοῦ
1356 3704 1731 3773 καθηγήσατο,

191 3778 292 3831 τότε
323 3786 428 3847 τοῖς
483 3787 873 3858 Ἀμαληκίταις
913 3791 1003 3844 τὸν
1051 3793 1282 3864 στρατὸν
1326 3794 1731 3863 ἀντεξάγοντος,

193 3867 281 3933 ἔξω
301 3874 401 3927 τῶν
428 3878 609 3932 ὃπλων
638 3881 667 3932 ό
696 3882 938 3952 Μωῡσῆς
970 3884 1063 3937 ἐπί
1086 3902 1231 3948 τινος
1263 3888 1495 3951 σκοπιᾶς
1533 3889 1734 3957 γεωλό-

193 3977 277 4027 φου
314 3968 440 4036 πρὸς
471 3969 563 4023 τὸν
610 3972 835 4043 οὐρανὸν
879 3975 1192 4043 ἀναϐλέπει,
1232 3979 1578 4034 συνεστώτων
1604 3983 1734 4036 ἐκά-

192 4049 399 4119 τέρωθεν
424 4057 573 4128 αὐτῷ
606 4058 700 4112 δύο
727 4060 832 4114 τῶν
874 4063 1213 4134 ἐπιτηδείων,
1247 4067 1334 4119 ὅτε
1376 4068 1613 4122 τοιοῦτον
1641 4072 1734 4125 ἐπὶ

191 4144 285 4231 sui;
324 4150 621 4218 γινομένοις
663 4151 849 4223 θαῦμα
873 4155 1022 4227 παρά
1053 4156 1150 4226 τῆς
1182 4157 1421 4228 ἱστορίας
1442 4158 1735 4231 ἀκούομενσ

193 4230 245 4320 Εἰ
284 4234 374 4303 μὲν
413 4240 586 4313 ἐπῆρε
619 4244 753 4314 πρὸς
782 4246 1011 4315 οὐρανὸν
1056 4246 1155 4311 τὰς
1197 4250 1385 4319 χεῖρας
1416 4252 1445 4302 6
1470 4230 1728 4320 Μωῦσῆς,

190 4318 532 4394 ίπερῤὡννυτο
582 4332 725 4385 κατὰ
764 4332 872 4386 τῶν
915 4334 1126 4405 ἐχθρῶν
1169 4337 1229 4389 τὸ
1277 4318 1550 4408 ύπήκοον·
1594 4342 1643 4392 εί
1666 4318 1733 4392 δὲ

190 4412 420 4484 καθῆκεν,
450 4419 683 4473 ἐνεδίδου
728 4413 821 4476 καί
848 4425 877 4476 6
909 4426 1136 4494 στρατὸς
1162 4429 1228 4497 τῇ
1258 4427 1368 4482 τῶν
1412 4429 1731 4499 ἀλλοφύλων

1833 1965 2182 2027 cogerentur,
2217 1958 2468 2027 quamvis
2502 1966 2653 2013 tanto
2683 1958 2738 2012 in
2762 1957 2992 2026 collegio
3027 1959 3411 2025 unusquisque

1833 2048 2095 2113 studium,
2120 2057 2382 2117 quantum
2406 2050 2463 2103 in
2486 2049 2698 2103 caeteris
2723 2049 2938 2113 diebus,
2966 2047 3054 2103 die
3082 2058 3233 2102 sexta
3256 2047 3412 2101 adbi-

1836 2137 2006 2200 beret,
2025 2137 2252 2206 duplum
2279 2144 2460 2191 tamen
2486 2134 2774 2191 collectum
2800 2138 2903 2191 sibi
2930 2152 3050 2192 esse
3077 2136 3409 2190 inveniebat.

1833 2246 1902 2285 ne
1957 2239 2104 2284 esset
2154 2228 2210 2283 in
2255 2244 2421 2285 causa
2483 2229 2660 2284 victus
2707 2231 3011 2285 necessitas
3055 2228 3410 2298 quamobrem

1833 2336 1997 2391 opere
2049 2322 2232 2391 aliquo
2263 2321 2347 2375 lex
2397 2321 2718 2375 violaretur.
2753 2320 2813 2374 In
2860 2336 2969 2390 quo
3009 2322 3170 2374 etiam
3226 2318 3412 2372 divina

1834 2413 2180 2469 eluccscebat
2239 2414 2530 2483 potentia:
2586 2428 2712 2466 nam
2761 2427 2885 2467 cum
2928 2412 3155 2481 reliquis
3196 2410 3410 2474 diebus,

1834 2503 1979 2573 quod
2014 2513 2299 2575 supererat
2323 2512 2789 2573 corrumperetur,
2821 2502 2877 2556 in
2916 2504 3031 2558 sola
3056 2516 3177 2572 quae
3216 2500 3416 2556 sabba-

1836 2604 1948 2650 tum
2006 2597 2344 2667 praecedebat
2396 2598 2696 2651 Parasceve
2746 2595 3035 2649 collectum
3093 2594 3215 2663 (hoc
3266 2592 3413 2646 enim

1834 2688 2023 2743 otiosae
2070 2688 2147 2741 illi
2200 2687 2308 2742 diei
2343 2701 2539 2741 nomen
2573 2686 2696 2757 fuit)
2731 2687 3109 2755 incorruptum
3142 2685 3412 2754 perdura-

1834 2778 1948 2842 bat,
2002 2779 2077 2834 ita
2109 2786 2169 2833 ut
2215 2779 2509 2833 recentiori
2567 2779 2739 2832 nihilo
2770 2778 3055 2833 rancidius
3110 2778 3411 2831 videretur.

1832 2869 2041 2925 Bellum
2122 2870 2320 2925 deinde
2410 2869 2697 2928 adversum
2757 2879 2972 2940 gentem
3056 2870 3413 2938 alienigenam

1830 2961 2161 3017 Amalecitas
2182 2962 2402 3017 nomine
2427 2963 2654 3029 exarsit,
2678 2970 2731 3016 et
2752 2970 2884 3017 tunc
2918 2960 3152 3030 primum
3203 2959 3414 3013 llebrazi

1832 3051 2135 3106 constructi
2185 3051 2242 3105 in
2269 3052 2441 3107 aciem
2485 3060 2636 3116 sunt,
2689 3067 2798 3105 non
2831 3065 3045 3113 omnes,
3082 3049 3177 3104 sed
3231 3049 3414 3114 electi,

1833 3144 2033 3213 quibus
2060 3141 2246 3207 Josue,
2295 3144 2389 3213 qui
2420 3153 2542 3213 post
2568 3142 2788 3214 Moysen
2834 3141 3198 3212 gubernacula
3228 3140 3413 3209 populi

1832 3244 2167 3304 susceperat,
2194 3234 2430 3303 praefuit.
2463 3233 2597 3287 Nam
2623 3233 2835 3305 Moyses
2866 3244 3019 3289 extra
3046 3234 3318 3303 proelium,
3360 3233 3415 3287 in

1830 3328 1970 3383 colle
2002 3327 2240 3397 quodam
2275 3328 2470 3382 altiore
2500 3343 2607 3381 una
2645 3342 2768 3381 cum
2825 3326 3041 3381 duobus
3086 3325 3416 3380 necessariis

1830 3420 2173 3485 constiterat,
2196 3418 2266 3473 ad
2288 3420 2459 3474 ccelos
2486 3418 2782 3489 aspiciens,
2813 3418 3033 3488 quando
3057 3418 3212 3487 (utin
3246 3417 3417 3470 histo-
3444 3465 3452 3471 .

1830 3512 1911 3567 ria
1946 3511 2204 3567 traditum
2234 3513 2341 3584 est)
2375 3513 2428 3567 id
2481 3527 2700 3582 quoque
2748 3512 2893 3565 inter
2934 3518 3130 3564 uetera
3168 3508 3416 3563 mirabile

1831 3602 1979 3658 dictu
2004 3602 2205 3658 factum
2231 3610 2332 3659 est.
2363 3603 2497 3657 Nam
2524 3618 2648 3658 cum
2671 3602 2882 3674 Moyses
2912 3616 3107 3656 manus
3136 3601 3188 3654 in
3212 3602 3413 3654 cmlnm

1831 3695 2111 3759 elevarct,
2144 3704 2276 3749 tunc
2328 3695 2532 3766 ingenti
2582 3694 2765 3749 animo
2814 3695 3094 3750 irruebant
3120 3694 3176 3747 in
3226 3693 3417 3746 hostes

1832 3785 2076 3853 Hebraei;
2109 3802 2233 3841 cum
2276 3801 2408 3842 vero
2439 3802 2635 3841 manus
2666 3786 2986 3849 remisisset,
3058 3795 3189 3839 tunc
3222 3794 3414 3837 contra

1832 3877 2130 3934 ferociores
2166 3877 2290 3932 facti
2318 3878 2524 3942 hostes,
2568 3875 2827 3931 facillime
2869 3874 3089 3929 Iudaeos
3120 3872 3411 3942 pellebant.

1831 3967 1987 4035 Quod
2042 3967 2328 4038 aliquoties
2391 3965 2591 4022 factum
2626 3964 2784 4020 facile
2846 3965 3252 4026 intellexerunt,
3321 3963 3413 4032 qni

1832 4076 1957 4117 cum
2027 4075 2093 4116 eo
2147 4067 2324 4115 erant.
2398 4058 2586 4128 Itaque
2644 4056 2818 4128 Moysi
2889 4056 3047 4111 ulnas
3120 4055 3418 4109 subeuntes

1831 4153 2045 4223 occulta
2085 4150 2326 4221 quadam
2355 4150 2423 4204 de
2459 4164 2625 4204 causa
2682 4148 2961 4219 graviores
2994 4147 3169 4200 factas
3221 4161 3417 4199 manus

1832 4246 1952 4314 ejus
1981 4243 2380 4299 sustentabant.
2420 4239 2615 4301 Verum
2640 4239 2769 4310 quia
2807 4237 3189 4293 imbecilliores
3237 4248 3412 4299 erant,

1834 4350 1994 4406 quam
2017 4341 2077 4389 ut
2106 4339 2331 4403 possent
2371 4338 2578 4386 rectum
2625 4331 2832 4385 diutius
2864 4328 3090 4399 Moysen
3118 4329 3413 4383 sustinere.

1834 4428 2015 4496 lapide
2062 4426 2139 4479 illi
2172 4426 2226 4478 in
2254 4424 2437 4479 sedem
2472 4422 2757 4493 supposito
2816 4420 3033 4474 facilius
3086 4418 3420 4471 adminiculo

189 4503 347 4576 ὁρμῇ·
377 4508 406 4561 6
440 4510 503 4581 δὴ
552 4512 803 4577 συνέντες
842 4515 893 4568 oi
930 4517 1280 4585 παρεστῶτες
1317 4519 1487 4590 αὐτῷ,
1518 4522 1730 4593 βαρείας

1841 4517 2155 4579 effecerunt,
2181 4521 2239 4568 nt
2263 4528 2457 4568 manus
2500 4514 2555 4566 in
2594 4512 2793 4566 caelum
2819 4511 3027 4565 levatas
3055 4509 3263 4564 diutius
3292 4508 3420 4560 reti—

188 4607 239 4643 τε
268 4597 353 4648 καὶ
380 4598 749 4673 δυσκινήτους,
797 4602 861 4657 ἐκ
906 4621 1052 4670 τινος
1101 4607 1487 4681 κεκρυμμένης
1531 4611 1729 4678 αἰτίας,

188 4684 269 4773 τοῦ
298 4689 567 4755 Μωῦσέως
596 4693 695 4757 τάς
739 4697 927 4766 χεῖρας
959 4701 1351 4770 γεγενημένας,
1395 4702 1734 4773 ἑκατέρωθεν

190 4772 461 4843 ὑποϐάντες
490 4782 798 4853 ὑπήρειδον.
853 4785 1005 4838 Ἐπεὶ
1046 4786 1103 4839 δὲ
1150 4788 1527 4861 ἀσθενέστεροι
1568 4772 1732 4863 ἦσαν,

187 4863 216 4933 ἢ
254 4866 382 4923 ὥστε
425 4873 638 4944 ἀνέχειν
669 4875 829 4929 αὑτὸν
874 4877 932 4930 ἐν
964 4876 1131 4949 ὀρθίῳ
1173 4878 1249 4949 τῷ
1299 4883 1556 4951 σχήματι,
1604 4883 1737 4950 λίθῳ

186 4957 272 5026 τὴν
299 4962 557 5035 καθέδραν
586 4965 750 5019 αὐτοῦ
777 4967 1181 5038 ύπερείσαντες,
1209 4970 1380 5036 οὕτως
1408 4975 1489 5037 εἰς
1511 4975 1737 5043 οὐρανὸν

186 5050 409 5122 ἐπαίρειν
451 5056 545 5109 τὸν
592 5058 829 5111 Μωῡσέα
872 5058 938 5111 δι’
978 5060 1185 5114 ἑαυτῶν
1211 5061 1309 5124 τὰς
1336 5067 1522 5133 χεῖρας
1554 5064 1739 5134 ἐποίη-

188 5154 302 5192 σαν·
346 5138 404 5197 οὗ
448 5148 740 5217 γενομένου
787 5147 926 5200 κατά
964 5147 1163 5219 κράτος
1206 5151 1433 5219 ἡττᾶται
1480 5150 1582 5203 ὑπὸ
1626 5149 1736 5205 τῶν

198 5230 518 5305 Ἰσραηλιτῶν
555 5239 617 5290 τὸ
653 5238 966 5308 ἀλλόφυλον.
1012 5241 1133 5293 Ἐπὶ
1160 5240 1216 5293 δὲ
1243 5240 1336 5293 τοῦ
1377 5240 1542 5294 αὑτοῦ
1567 5242 1734 5295 τόπου

186 5320 269 5388 τῆς
312 5326 531 5398 νεφέλης
575 5329 856 5399 μενούσης,
903 5332 936 5402 ἦ
984 5331 1276 5402 καθηγεῖτο
1317 5332 1411 5385 τοῦ
1459 5331 1590 5386 λαοῦ
1632 5333 1736 5403 τῆς

187 5415 388 5482 πορείας
406 5436 421 5449 ο
457 5420 668 5492 ἀνάγκη
691 5424 840 5476 πᾶσα
862 5419 949 5493 ἦν,
983 5425 1116 5494 μηδέ
1142 5426 1234 5478 τὸν
1258 5424 1384 5479 λαὸν
1418 5426 1737 5496 μετανίστα-

188 5501 325 5567 σθαι,
378 5509 602 5578 μηδενὸς
645 5510 794 5575 ὄντος
844 5512 936 5566 τοῦ
985 5514 1397 5585 καθηγουμένου
1451 5514 1586 5587 πρὸς
1635 5514 1734 5586 τὴν

188 5595 515 5659 μετάστασιν.
561 5600 746 5666 Οὕτως
791 5603 850 5655 δέ
896 5606 1080 5669 αὐτοῖς
1108 5606 1347 5677 ἀμογητὶ
1375 5607 1478 5677 τῆς
1510 5607 1647 5679 πρὸς
1672 5607 1734 5660 τὸ

1836 4612 2010 4663 neret.
2039 4606 2158 4672 Quo
2182 4605 2325 4659 facto
2351 4603 2456 4659 fusi
2485 4603 2708 4658 omnino
2738 4601 3020 4671 fugatique
3057 4599 3244 4654 hostes
3268 4605 3416 4652 sunt.

1835 4700 1971 4755 Cum
2003 4706 2183 4752 autem
2222 4696 2413 4751 eodem
2442 4695 2497 4749 in
2556 4694 2677 4749 loco
2716 4693 2889 4747 nubes
2911 4698 3151 4747 maneret
3171 4705 3292 4760 quae
3318 4706 3417 4758 po-

1837 4790 1951 4861 puli
1988 4791 2086 4844 viae
2124 4788 2235 4843 dux
2263 4793 2398 4853 erat,
2435 4800 2537 4841 nec
2562 4785 2739 4855 ipsum
2773 4764 3031 4854 populum
3055 4783 3161 4836 alio
3192 4780 3419 4836 commi-

1838 4897 1996 4954 grare
2027 4895 2252 4935 necesse
2305 4880 2465 4948 plane
2516 4877 2638 4942 fuit,
2684 4892 2806 4931 cum
2837 4876 3029 4931 ducem
3079 4874 3420 4947 migrationis

1839 4990 1950 5030 non
1994 4973 2245 5027 haberet.
2282 4970 2374 5025 Sic
2403 4986 2534 5041 ergo
2566 4984 2689 5023 cum
2735 4968 2802 5023 ad
2829 4971 3030 5023 victum
3071 4968 3180 5022 illis
3215 4968 3420 5036 absque

1838 5066 2021 5121 labore
2067 5071 2266 5118 cuncta
2326 5067 2697 5131 suppeterent,
2754 5076 2880 5116 cum
2921 5074 3014 5115 aer
3043 5074 3261 5114 sursum
3312 5057 3417 5111 illis

1838 5170 2034 5226 panem
2069 5153 2370 5224 deplueret,
2412 5154 2669 5207 deorsum
2706 5166 2832 5206 vero
2859 5165 3021 5219 rupes
3049 5156 3235 5218 potum
3273 5159 3414 5214 pra:-

1841 5247 2012 5309 beret,
2038 5257 2341 5313 rursusque
2374 5242 2547 5297 nubes
2575 5256 2791 5296 omnem
2822 5242 2948 5295 coeli
2983 5237 3282 5292 molestiam
3315 5236 3418 5288 mi-

1840 5339 2075 5409 tigaret:
2122 5336 2203 5391 sic
2236 5345 2296 5390 ut
2342 5335 2577 5389 interdiu
2630 5344 2819 5389 aestum
2867 5338 3094 5391 arceret,
3150 5334 3203 5382 et
3250 5335 3413 5381 noctu

1839 5431 2090 5486 ﬂammeo
2119 5428 2355 5499 quodam
2411 5427 2622 5498 fulgore
2650 5425 2904 5481 tenebras
2957 5421 3266 5489 dissiparet,
3298 5420 3416 5474 sine

1841 5522 2091 5578 molestia
2126 5522 2180 5576 in
2212 5522 2303 5574 illa
2332 5519 2536 5574 deserti
2564 5519 2784 5588 regione
2805 5513 3082 5569 montibus
3109 5509 3413 5582 subjacenti

1840 5611 2223 5675 versabantur,
2264 5612 2317 5663 in
2341 5623 2448 5679 qua
2473 5610 2749 5663 exercitus
2771 5614 2951 5660 castra
2984 5611 3261 5673 posuerat.

186 5681 272 5751 ζῇν
300 5688 553 5760 εὐπορίας
580 5694 878 5766 παρούσης,
908 5697 1115 5752 ἄνωθεν
1150 5698 1250 5767 μὲν
1276 5698 1369 5753 τοῦ
1397 5700 1562 5770 ἀέρος
1587 5701 1802 5772 ἕτοιμον
1830 5702 2011 5768 αὐτοῖς
2048 5701 2233 5766 ὕοντος
2256 5702 2440 5773 ἄρτον,
2463 5699 2706 5754 κάτωθεν
2729 5698 2785 5752 δὲ
2806 5697 2904 5767 τῆς
2932 5696 3134 5769 πέτρος
3161 5695 3224 5749 τὸ
3254 5693 3414 5750 ποτὸν

189 5779 544 5853 παρειοῦσης,
591 5786 689 5857 τῆς
721 5786 765 5840 δ’
814 5784 880 5843 αὖ
923 5789 1151 5860 νεφέλης
1195 5790 1291 5861 τὴν
1347 5789 1611 5863 ὕπαιθρον
1666 5794 1858 5862 ἀηδίαν
1905 5793 2349 5864 θεραπευούσης,
2395 5791 2471 5855 ὡς
2521 5790 2753 5861 καιτοῦ
2790 5787 3028 5855 θάλπους
3067 5787 3412 5859 διατείχισμα
