3890 6434
459 404 564 463 315
1671 404 1729 459 S.
1772 403 2098 460 GREGORII
2139 405 2426 462 NYSSENI
3610 408 3712 462 3t6

473 515 714 588 γενέσθαι
755 516 820 586 τῇ
853 513 1052 584 ἡμέρᾳ,
1099 513 1191 566 καὶ
1237 516 1302 584 τῇ
1339 513 1494 568 νυκτὶ
1527 515 1673 568 λύειν
1718 515 1809 568 τὸν
1841 515 2021 585 ζόφον,
2051 521 2107 572 ἐν
2149 519 2288 589 αὐγῇ
2318 536 2422 571 τινι
2460 521 2733 592 πυροειδεῖ
2762 518 3252 588 καταλάμπουσανο
3291 519 3498 582 ᾶλυπος
3540 519 3713 583 αὐτοῖς

464 605 532 679 ῆν
557 609 591 677 ἡ
623 621 762 659 κατα
789 605 883 675 τὴν
913 603 1114 674 ἔρημον
1143 603 1357 672 ἐκείνην
1386 604 1442 657 ἐν
1473 605 1536 675 τῇ
1570 605 1816 675 ὑπωρείᾳ
1853 605 1946 657 τοῦ
1976 609 2136 675 δρους
2171 607 2441 677 διατριϐὴ,
2467 608 2586 661 καθ’
2617 609 2684 678 ἢν
2710 608 2891 678 ἵδρυτο
2919 609 2979 660 τὸ
3007 606 3386 676 στρατόπεδον.

541 697 635 751 llis
707 698 780 749 ita
824 695 982 749 factis
1047 695 1254 764 majora
1311 697 1718 766 occultioraque
1783 701 2039 769 mysteria
2069 707 2117 765 Α

475 789 632 852 Deus,
665 799 714 841 et
743 786 918 856 ipsum
945 786 1224 841 ductorem
1249 795 1302 840 et
1327 787 1581 857 populum
1624 789 1894 858 instruere
1916 804 2042 844 cum

473 878 752 940 voluisset,
794 878 1050 946 praecepit
1103 877 1303 947 populo
1347 893 1442 947 per
1488 875 1708 950 Moysen
1744 879 1808 942 ¹⁸,
1843 887 1902 932 ut
1933 888 2044 932 tam

473 983 702 1038 corpore
730 983 894 1036 quam
934 969 1116 1020 animo
1145 967 1382 1023 mundus
1429 967 1600 1034 fleret,
1632 970 1768 1024 adeo
1799 977 1856 1023 ut
1883 971 2045 1024 etiam

473 1060 541 1114 ab
576 1060 708 1130 ipsis
760 1058 1022 1113 uxoribus
1085 1065 1237 1114 certo
1283 1059 1519 1129 quodam
1566 1059 1776 1114 dierum
1822 1074 2050 1114 numero

473 1152 788 1215 abstineret,
863 1150 1380 1220 aspersionibusque
1423 1150 1750 1221 quibusdam
1805 1153 2052 1207 maculas

472 1243 826 1313 abstergeret,
855 1250 915 1296 ut
939 1242 1086 1296 omni
1137 1242 1254 1298 labe
1281 1243 1449 1297 animi
1504 1243 1857 1313 corporisque
1889 1243 2055 1312 depo-

473 1334 599 1396 sita,
649 1334 886 1388 mundus
919 1333 986 1387 ad
1043 1341 1280 1387 montem
1324 1333 1474 1388 Sinai
1523 1345 1709 1404 posset
1756 1335 2049 1402 accedere;

475 1424 563 1492 qui
588 1419 807 1492 quidem
840 1436 996 1475 mons
1028 1422 1239 1475 ratione
1267 1421 1548 1476 utentibus
1581 1422 1756 1476 solum
1800 1421 1890 1476 illo
1921 1430 2058 1476 tem-

478 1527 611 1582 pore
633 1513 841 1565 aditum
898 1513 1208 1582 praestabat,
1253 1526 1430 1581 neque
1485 1511 1570 1565 his
1632 1511 1907 1579 omnibus,
1959 1511 2058 1567 sed

479 1604 615 1658 viris
671 1602 1056 1658 solummodo:
1108 1616 1207 1656 nec
1260 1601 1394 1657 viris
1427 1602 1589 1656 etiam
1635 1602 1912 1667 omnibus,
1963 1600 2060 1656 sed

484 1695 592 1748 illis
617 1701 851 1757 tantum,
890 1695 983 1762 qui
1035 1693 1322 1762 diligenter
1357 1708 1386 1745 a
1445 1708 1503 1747 se
1537 1707 1752 1746 omnem
1793 1693 2060 1746 maculam

483 1785 839 1853 expulissent.
877 1782 1123 1837 Studium
1154 1793 1332 1838 autem
1363 1785 1618 1837 omnibus
1653 1791 1768 1838 erat
1796 1798 1902 1838 non
1935 1797 2063 1852 par-

485 1891 634 1940 vum,
663 1874 880 1944 nequid
924 1875 1207 1929 brutorum
1237 1876 1406 1930 monti
1441 1877 1875 1946 appropinquare
1911 1882 2066 1945 pate-

485 1974 695 2018 rentur.
749 1963 903 2030 Quod
964 1966 1010 2020 si
1060 1965 1196 2020 forte
1251 1966 1408 2020 aliter
1451 1964 1749 2028 acciderit,
1797 1965 2064 2034 lapidibus

487 2056 644 2111 obrui
695 2071 724 2110 a
773 2057 971 2126 populo
1025 2065 1286 2112 statutum
1332 2067 1481 2124 erat,
1534 2058 1795 2130 quidquid
1848 2059 2066 2112 brutum

485 2148 637 2219 juxta
665 2159 897 2203 montem
924 2150 1289 2217 apparuisset.

485 2237 581 2292 τοῦ
620 2238 776 2309 ὅρους
798 2255 811 2268 ο

488 2330 633 2385 κατά
662 2331 722 2383 τὸ
753 2331 878 2398 ὅρος
916 2329 1255 2399 φαινόμενον.

2226 702 2313 754 Ἐν
2346 701 2518 771 τούτῳ
2540 701 2597 753 δὲ
2624 701 2716 754 καί
2746 718 2890 764 τινος
2915 701 3096 762 αὐτοῖς
3116 697 3562 770 ἀπορρητοτέρας
3590 699 3724 768 μυή-

2151 806 2288 853 σεως
2333 791 2362 841 6
2409 792 2648 861 Μωῦσῆς
2692 791 3012 859 καθηγεϊτο·
3055 788 3224 857 αὐτῆς
3258 789 3357 857 τῆς
3389 786 3541 850 θείας
3571 787 3724 841 δυνα-

2151 899 2316 951 μεως,
2362 882 2449 935 διὰ
2507 883 2614 936 τῶν
2648 883 2790 952 ὑπὲρ
2818 883 2973 950 λόγον
3019 880 3329 948 θαυμάτων,
3362 879 3456 930 τόν
3515 895 3575 930 τε
3605 878 3732 929 λαδν

2150 974 2358 1033 πάντα.
2389 973 2483 1026 καὶ
2515 974 2674 1027 αὑτὸν
2723 973 2814 1025 τὸν
2852 970 3200 1040 καθηγεμόνα
3244 967 3732 1039 μυσταγωγούσης.

2161 1066 2225 1118 Ἦ
2274 1065 2331 1119 δὲ
2397 1065 2752 1136 μυσταγωγία
2820 1063 3006 1116 τοῦτον
3074 1062 3401 1116 ἐπιτελεῖται
3464 1060 3557 1112 τὸν
3611 1060 3738 1130 τρό-

2153 1170 2286 1206 πον·
2339 1155 2639 1224 Προείρητο
2677 1153 2754 1222 τῷ
2802 1152 2936 1223 λαῷ,
2970 1153 3076 1205 τῶν
3121 1170 3181 1205 τε
3231 1151 3407 1204 ἀλλων
3455 1150 3742 1219 μολυσμά-

2153 1259 2262 1295 των
2303 1242 2460 1305 ἐκτὸς
2507 1239 2645 1294 εἶναι
2694 1242 2933 1304 πάντων,
2986 1243 3088 1294 ὃσα
3143 1242 3270 1311 περὶ
3319 1240 3381 1292 τὸ
3437 1239 3602 1308 σῶμα
3649 1241 3744 1291 καὶ

2154 1331 2330 1402 ψυχὴν
2381 1332 2699 1404 καθορᾶται,
2750 1334 2845 1387 καὶ
2893 1329 3374 1402 περιρραντηρίοις
3439 1331 3587 1380 τισὶν
3641 1329 3748 1396 ἀφ-

2157 1420 2504 1487 αγνίσασθαι,
2539 1422 2632 1474 καὶ
2662 1422 2827 1474 αὑτοῦ
2866 1421 2922 1474 δέ
2975 1421 3066 1474 τοῦ
3117 1419 3297 1488 γάμου
3329 1420 3388 1471 ἐν
3436 1417 3589 1488 ρητῷ
3641 1435 3749 1470 τινι

2160 1509 2382 1580 ἡμερῶν
2413 1509 2630 1581 ἀριθμῷ
2659 1510 3011 1582 καθαρεῦσαι,
3050 1508 3125 1570 ὡς
3157 1509 3335 1577 πάσης
3367 1505 3655 1577 ἐμπαθοῦς
3687 1524 3753 1558 τε

2162 1601 2256 1652 καὶ
2316 1602 2633 1671 σωματικῆς
2711 1601 3001 1662 διαθέσεως
3075 1598 3454 1661 ἐκπλυθέντα,
3505 1597 3753 1664 καθαρὸν

2165 1693 2371 1756 πάθους
2410 1696 2709 1766 προσϐῆναι
2754 1694 2832 1764 τῷ
2874 1695 2990 1760 ὄρει
3037 1693 3467 1763 μυηθησόμενον.
3512 1693 3644 1743 Σινᾶ
3696 1689 3756 1741 δὲ

2164 1780 2231 1856 ἦν
2281 1783 2375 1837 τοῦ
2426 1785 2585 1855 ὅρους
2634 1783 2891 1853 τοῦνομα,
2930 1784 2959 1836 ὃ
3011 1784 3192 1853 μόνοις
3225 1781 3434 1851 ἀνείθη,
3489 1780 3633 1833 κατὰ
3663 1779 3757 1831 τὸν

2168 1877 2359 1949 καιρὸν
2404 1878 2628 1939 ἐκεῖνον,
2659 1879 2768 1939 τοῖς
2803 1876 3040 1943 λογικοῖς
3084 1876 3163 1938 είς
3192 1873 3464 1935 ἐπίϐασιν,
3501 1872 3597 1925 καὶ
3630 1868 3760 1922 τού-

2168 1986 2276 2022 των
2325 1969 2437 2030 τοῖς
2487 1967 2712 2038 ἀνδράσι
2766 1967 2964 2037 μόνοις,
3021 1967 3116 2019 καὶ
3171 1964 3374 2017 τούτων
3423 1963 3585 2016 πάλιν
3645 1962 3761 2022 τοῖς

2174 2059 2374 2121 παντὸς
2408 2058 2786 2128 ἀφαγνισθεῑσι
2818 2058 3142 2127 μιάσματος.
3179 2056 3396 2124 Φυλακὴ
3430 2054 3485 2106 δὲ
3516 2055 3669 2105 πᾶσα
3691 2048 3762 2120 ῆν

2176 2151 2271 2202 καὶ
2315 2149 2648 2220 προμήθεια,
2693 2149 2786 2200 τοῦ
2826 2148 2990 2218 μηδὲν
3024 2146 3132 2199 τῶν
3161 2146 3370 2214 ἀλόγων
3402 2142 3764 2201 ἐπιῦατεῦσαι

855 2239 902 2290 εἰ
935 2237 996 2290 δέ
1046 2256 1148 2290 που
1198 2238 1292 2290 καὶ
1339 2237 1570 2306 γένοιτο,
1634 2236 2067 2308 καταλευσθῆναι
2117 2238 2270 2308 παρά
2299 2238 2392 2290 τοῦ
2422 2236 2552 2290 λαοῦ
2584 2238 2691 2288 πᾶν
2720 2237 2909 2307 ὅτιπερ
2947 2236 3014 2290 ἂν
3060 2231 3128 2305 ἦν
3184 2234 3282 2301 τῆς
3312 2234 3504 2301 ἀλόγου
3546 2231 3764 2300 φύσεως

566 2421 662 2477 llis
714 2422 788 2474 ita
821 2421 1132 2490 dispositis,
1174 2421 1228 2473 in
1269 2435 1466 2475 sereno
1499 2420 1588 2476 die
1623 2421 1804 2477 ‘subito
1837 2417 2076 2471 tenebris

2249 2414 2381 2472 Εἶτα
2418 2419 2479 2471 τὸ
2530 2417 2774 2490 ἐναέριον
2818 2421 2932 2486 φῶς
2971 2421 3037 2474 ἐκ
3073 2417 3320 2488 καθαρᾶς
3365 2416 3581 2487 αἰθρίας
3615 2417 3768 2486 ζόφῳ

493 2523 654 2562 lrcns
699 2510 1075 2564 circumdatus
1120 2509 1242 2572 fuit,
1272 2510 1486 2580 etignis
1518 2517 1572 2563 et
1604 2506 1786 2562 medio
1815 2505 2073 2560 tenebra-

496 2615 621 2652 rum
647 2600 935 2666 exsiliens,
972 2616 1036 2654 ac
1063 2609 1259 2665 totum,
1289 2609 1349 2654 ut
1377 2600 1686 2664 videbatur,
1716 2598 1923 2654 montis
1957 2607 2072 2651 tra-

496 2698 645 2744 ctum
669 2690 997 2761 depascens,
1021 2692 1264 2748 terrebat
1284 2693 1712 2763 prospicientes,
1738 2707 1862 2745 cum
1884 2697 2071 2746 essent

499 2780 654 2835 fumo
689 2791 850 2851 atque
893 2781 1127 2851 caligine
1157 2783 1339 2836 omnia
1378 2781 1616 2850 repleta;
1657 2781 1961 2836 adducebat
2001 2790 2085 2836 ta-

499 2887 624 2926 men
659 2873 723 2926 ad
789 2880 1027 2925 montem
1075 2872 1332 2942 populum
1378 2870 1614 2942 Moyses,
1676 2873 1926 2942 quamvis
1965 2872 2081 2941 ipse

2176 2510 2627 2581 κατεμελαίνετο,
2681 2511 2756 2573 ὠς
2797 2509 3026 2580 ἀόρατον
3075 2510 3326 2577 γενέσθαι
3380 2510 3442 2561 τὺ
3497 2509 3644 2578 ὄπ,
3707 2510 3769 2561 ἐν

2179 2602 2362 2672 κύκλῳ
2415 2603 2495 2673 τῷ
2544 2603 2726 2673 γνόφῳ
2781 2601 3188 2671 διειλημμένον·
3247 2600 3355 2670 πῦρ
3417 2617 3477 2652 τε
3541 2600 3605 2651 ἐκ
3672 2599 3769 2650 τοῦ

2179 2677 2379 2764 γνόφου
2435 2693 2846 2764 διαφαινόμενον
2909 2691 3143 2763 φοϐερὰν
3203 2691 3372 2744 ἐποίει
3427 2694 3538 2752 τοῖς
3594 2689 3770 2760 δρῶσι

2177 2786 2278 2856 τὴν
2319 2785 2460 2855 ὄψιν,
2494 2784 2826 2855 πανταχόθεν
2868 2784 2966 2854 τὴν
3017 2783 3275 2852 περιοχὴν
3317 2780 3412 2833 τοῦ
3451 2781 3609 2850 ὄρους
3646 2782 3770 2832 ἐπι-

2188 2876 2534 2947 ϐοσκόμενον,
2564 2876 2639 2940 ὡς
2677 2877 2770 2930 καὶ
2803 2874 2993 2945 καπνῷ
3028 2875 3114 2927 διὰ
3141 2874 3240 2942 τῆς
3277 2871 3370 2925 τοῦ
3410 2873 3580 2943 πυρὸς
3634 2874 3773 2925 ὑπο-

501 2978 717 3032 quoque
740 2962 1118 3031 hujuscemodi
1151 2964 1272 3017 visu
1292 2964 1488 3024 timore
1512 2965 1797 3032 perculsus
1840 2964 1915 3016 ita
1939 2971 2081 3028 erat,

2185 2967 2390 3038 δρομῆς
2436 2967 2579 3022 ἅπαν
2630 2968 2691 3020 τὸ
2750 2967 3070 3037 φαινόμενον
3119 2963 3508 3033 ὑποτύφεσθαι.
3556 2965 3775 3031 Ἦγείτο

505 3063 564 3108 ut
594 3053 870 3108 lsraelitas
892 3056 1070 3110 Celare
1089 3054 1142 3108 id
1173 3055 1397 3108 minime
1424 3064 1643 3125 posset:
1676 3057 1771 3111 sed
1803 3056 1888 3110 vel
1913 3056 2081 3125 ipsius

2184 3058 2239 3111 δὲ
2285 3057 2378 3110 τοῦ
2441 3057 2570 3111 λαοῦ
2639 3060 2668 3112 6
2731 3058 2971 3128 Μωῦσῆς
3039 3056 3175 3127 πρὸς
3225 3055 3320 3124 τὴν
3379 3055 3598 3112 ἄνοδον.
3650 3055 3776 3108 οὐδὲ

505 3146 755 3216 corporis
812 3147 1051 3200 motibus
1101 3153 1430 3200 commotum
1500 3161 1559 3200 se
1629 3146 1936 3216 patefecit:
1991 3161 2081 3201 nec

2187 3148 2346 3212 αὐτὸς
2381 3149 2598 3219 θαρρῶν
2640 3149 2700 3201 τὸ
2737 3147 3041 3219 ὁρώμενον,
3092 3145 3228 3199 ἀλλὰ
3270 3144 3631 3215 κατεπτηκὼς
3672 3145 3776 3215 τὴν

505 3241 654 3291 enim
689 3245 900 3290 tantum
966 3252 1062 3306 per
1084 3237 1292 3300 oculos,
1327 3237 1682 3291 verumetiam
1711 3253 1805 3307 per
1841 3237 2081 3292 auditum

2186 3241 2363 3310 ψυχὴν
2399 3239 2502 3294 ὑπὸ
2539 3240 2723 3304 δέους,
2770 3239 2864 3292 καὶ
2902 3238 2961 3291 τὸ
3007 3237 3166 3308 σῶμα
3206 3235 3284 3305 τῷ
3329 3236 3480 3306 φόϐῳ
3530 3254 3780 3306 συγκρα-

509 3339 686 3384 terror
711 3330 922 3384 animas
952 3329 1239 3383 invadebat
1282 3345 1444 3383 :cum
1475 3330 1693 3384 caelitus
1717 3331 1953 3385 terrifica
1985 3347 2081 3386 vox

2192 3333 2520 3404 δαινόμενος,
2550 3333 2625 3396 ὡς
2676 3332 2810 3402 μηδὲ
2854 3331 2991 3400 πρὸς
3020 3332 3144 3394 τοὺς
3186 3330 3522 3400 Ἰσραηλίτας
3565 3331 3626 3382 τὸ
3664 3331 3776 3383 πά-

509 3420 757 3491 quretlam
792 3421 846 3472 in
881 3427 1076 3473 cuncta
1111 3420 1356 3490 subjecta
1403 3421 1650 3474 locorum
1698 3421 1871 3490 spatia
1905 3437 2081 3476 erum‘

2195 3425 2287 3487 θος
2335 3427 2434 3494 τῆς
2483 3424 2660 3494 ψυχῆς
2701 3421 3153 3494 ἐπικρύπτεσθαι,
3198 3421 3480 3492 ὁμολογεῖν
3531 3439 3593 3474 τε
3638 3422 3778 3492 πρὸς

514 3521 682 3582 peret,
711 3511 870 3580 cujus
900 3511 1109 3581 primus
1155 3512 1375 3580 quidem
1405 3513 1641 3581 impetus
1675 3511 1924 3581 cujusvis
1943 3513 2081 3567 auri-

2197 3516 2392 3577 αὐτοὺς
2432 3515 2493 3566 τὸ
2543 3513 2996 3585 καταπεπλῆχθαι
3033 3516 3146 3577 τοῖς
3176 3513 3539 3582 φαινομένοις,
3575 3513 3669 3565 καὶ
3703 3513 3777 3583 μὴ

511 3605 615 3658 bus
645 3603 1004 3658 intolerabilis
1050 3605 1292 3658 buccinae
1342 3604 1580 3658 sonitum
1613 3602 1885 3658 referebat
1920 3623 1932 3658 :
1999 3604 2081 3660 sed

2198 3609 2454 3678 ἀτρεμεῖν
2486 3609 2544 3660 ἐν
2571 3606 2650 3676 τῷ
2700 3583 2930 3684 σιῦματι.
2959 3601 3068 3659 Ἦν
3104 3605 3214 3676 γὰρ
3255 3604 3316 3658 τὸ
3361 3605 3682 3674 φαινόμενον
3715 3605 3775 3656 ού

513 3710 729 3750 omnem
763 3695 1030 3764 ejusmodi
1066 3697 1440 3766 exemplorum
1477 3703 1736 3752 terrorem
1779 3696 2096 3759 excedebat,

514 3796 828 3858 quantoque
849 3789 1022 3859 magis
1043 3789 1510 3858 progrediebatur,
1534 3797 1687 3845 tanto
1717 3789 2099 3844 terribiliorem

514 3895 707 3935 sonum
731 3881 958 3949 edebat;
988 3897 1089 3936 vox
1115 3893 1294 3936 autem
1334 3883 1425 3936 illa
1464 3881 1565 3936 fuit
1601 3882 1917 3936 articulata.
1961 3882 2098 3935 Nam

514 3985 608 4026 aer
639 3973 848 4041 absque
863 3972 1144 4026 vocalibus
1168 3972 1549 4026 instrumentis
1569 3987 1676 4026 non
1710 3973 1928 4027 inanem
1969 3987 2098 4026 ora-

515 4061 745 4125 tionem,
777 4062 874 4115 sed
922 4063 1324 4131 significantem
1355 4063 1540 4116 divina
1565 4063 1834 4117 formabat
1873 4065 2100 4127 virtute,

518 4168 641 4222 quae
691 4153 892 4222 populo
949 4152 1098 4222 leges
1147 4161 1311 4222 atque
1363 4153 1613 4208 instituta
1671 4153 1927 4222 ponebat.
1975 4154 2106 4219 Quae

520 4243 702 4298 omnia
736 4260 857 4298 cum
889 4243 1032 4298 ferre
1067 4243 1299 4313 populus
1331 4259 1439 4297 non
1484 4252 1692 4314 posset,
1731 4245 2046 4314 impetravit
2076 4260 2106 4299 a

521 4334 726 4404 Moyse,
755 4345 860 4388 uta
894 4336 1023 4398 Deo,
1050 4336 1168 4405 ipso
1198 4335 1492 4398 mediante,
1525 4335 1610 4390 lex
1641 4336 1746 4390 sibi
1774 4335 2105 4403 traderetur,

2198 3698 2437 3752 τοιοῦτον
2485 3697 2665 3766 μόνον,
2710 3691 2821 3750 οἷον
2879 3695 3142 3766 ἔκπληξιν
3198 3697 3265 3764 τῇ
3333 3693 3477 3763 ψυχῇ
3535 3693 3620 3745 διὰ
3668 3693 3780 3745 τῶν

2201 3790 2492 3860 ὀφθαλμῶν
2519 3791 2836 3860 ἐμποιῆσαι,
2867 3787 3003 3841 ἀλλά
3042 3786 3131 3840 διὰ
3174 3789 3272 3857 τῆς
3302 3788 3471 3855 ἀκοῆς
3506 3787 3780 3855 εἰσηχεῖτο

2201 3883 2270 3936 τὰ
2312 3881 2545 3952 φοϐερά’
2577 3883 2760 3951 φωνῆς
2802 3879 3006 3934 ἀνωθεν
3057 3877 3514 3946 καταπληκτικῶς
3558 3881 3782 3948 ἐπιρῥηο

2203 3973 2475 4044 γνυμένης
2504 3974 2590 4041 ἐφ’
2617 3973 2761 4026 ἆπαν
2807 3971 2867 4024 τὸ
2907 3971 3287 4040 ὑποκείμενον,
3323 3965 3392 4040 ἧς
3436 3970 3649 4038 χαλεπὴ
3684 3970 3782 4039 μὲν

2205 4067 2356 4136 καὶὴ
2392 4063 2580 4134 πρώτη
2605 4061 2876 4134 προσϐολὴ
2908 4063 3002 4115 καὶ
3027 4061 3166 4130 ἀκοῇ
3204 4059 3351 4130 πάσῃ
3397 4059 3784 4122 δυσέντευκτος

2195 4151 2301 4227 ⁴ἦν·
2350 4157 2409 4208 ἐν
2451 4155 2724 4226 ὁμοιότητι
2764 4153 2862 4223 μὲν
2890 4155 2988 4222 τῆς
3029 4151 3139 4204 τῶν
3176 4150 3492 4220 σαλπίγγων
3522 4153 3663 4220 ἠχῆς
3697 4167 3784 4219 γι-

2207 4249 2463 4320 γνομένη,
2500 4246 2771 4316 παριοῦσα
2812 4246 2868 4299 δέ
2893 4245 2969 4314 τῷ
2997 4245 3210 4315 φοϐερῷ
3237 4245 3326 4298 καὶ
3357 4242 3785 4313 καταπληκτικῷ

2205 4345 2306 4412 τῆς
2353 4343 2536 4410 φωνῆς
2575 4339 2720 4392 ἆπαν
2767 4336 3004 4390 τοιοῦτον
3045 4337 3386 4406 ὑπόδειγμα·
3433 4334 3787 4405 φοϐερωτέρα

522 4440 625 4479 nec
659 4441 717 4480 sc
763 4426 1060 4496 quidquam
1098 4432 1541 4489 retractaturum,
1584 4424 1680 4479 sed
1727 4425 1909 4479 omnia
1941 4425 2081 4482 sicut

2209 4432 2265 4485 δέ
2317 4427 2581 4501 προϊοῦσα
2623 4427 2887 4495 ἐγίγνετο,
2935 4426 3023 4479 ἀεὶ
3065 4426 3200 4496 πρὸς
3235 4427 3300 4478 τὸ
3329 4425 3787 4495 καταπληκτικώ-

522 4518 592 4571 ab
623 4513 748 4585 ipso
778 4515 888 4571 Deo
939 4531 1035 4586 per
1087 4515 1312 4585 Moysen
1353 4516 1458 4570 sibi
1495 4515 1714 4582 tradita,
1772 4517 2081 4572 crediturun

2210 4539 2366 4592 τερον
2398 4520 2487 4574 διά
2525 4519 2841 4590 προσθήκης
2890 4518 2980 4570 τὸν
3026 4513 3158 4587 ἦχον
3208 4517 3376 4588 αὐτῆς
3421 4517 3786 4570 ἐπιτείνουσα.

524 4607 763 4661 asseruit
806 4624 819 4660 :
855 4606 928 4660 ita
984 4606 1220 4675 populus
1261 4605 1482 4675 quidem
1514 4605 1580 4660 ad
1630 4606 1879 4676 subjecta
1909 4609 2077 4662 monti

2223 4613 2290 4666 Ἡ
2334 4611 2391 4664 δέ
2423 4609 2574 4679 φωνὴ
2624 4608 2762 4678 αὓτη
2795 4608 3054 4679 ἔναρθρος
3088 4604 3177 4678 ἦν,
3223 4607 3344 4678 θείᾳ
3375 4607 3627 4678 δυνάμει,
3671 4609 3791 4677 δίχα

525 4699 644 4752 loca
683 4697 1194 4768 relabitur.Moyses
1237 4713 1366 4752 vero
1389 4699 1538 4752 solus
1571 4697 1626 4752 in
1657 4706 1841 4752 monte
1866 4700 2081 4755 relictus

2213 4703 2321 4756 τῶν
2367 4700 2684 4772 φωνητικῶν
2727 4700 3002 4771 ὀργάνων,
3047 4699 3141 4752 τοῦ
3197 4699 3359 4769 ἀέρος
3410 4698 3788 4769 διαρθροῦντος

527 4797 718 4842 contra
758 4803 921 4857 quam
965 4790 1144 4842 caeteri
1197 4789 1445 4843 homines
1492 4789 1600 4858 pati
1645 4790 1844 4853 solent,
1888 4790 2080 4846 affectu

2213 4790 2305 4843 τὸν
2333 4789 2510 4857 λόγον.
2550 4783 2656 4840 Ἦν
2700 4787 2757 4840 δὲ
2800 4788 2828 4838 6
2865 4787 3022 4853 λόγος
3047 4788 3148 4838 ούκ
3185 4788 3306 4856 εἰκῆ
3347 4785 3786 4857 διαρθρούμενος,

527 4886 632 4934 est.
663 4877 796 4930 Nam
825 4893 947 4930 curn
995 4879 1176 4932 cancri
1211 4896 1400 4935 omnes
1431 4879 1662 4934 desolati
1695 4884 1889 4952 magis,
1932 4884 1986 4937 in
2015 4900 2077 4939 so

2184 4935 2185 4946 η
2215 4881 2330 4934 ἀλλ’
2363 4878 2667 4948 ἐνομοθέτει
2695 4877 2765 4931 τὰ
2793 4877 2912 4930 θεῖα
2941 4877 3265 4946 διδάγματα.
3300 4878 3408 4929 Καὶ
3433 4879 3465 4946 ἡ
3501 4876 3604 4946 μὲν
3643 4876 3790 4946 φωνὴ

529 4969 727 5022 cietate
767 4969 948 5022 minus
987 4969 1234 5033 timeant,
1273 4969 1388 5039 ipse
1415 4970 1712 5025 derelictus
1757 4973 1908 5027 solus
1941 4973 2080 5026 auda

2215 4969 2498 5040 προϊοῦσα,
2521 4967 2586 5020 δι’
2618 4967 2908 5028 ἐπιδόσεως
2932 4965 3147 5035 ηὕξετο,
3174 4966 3268 5018 καὶ
3305 4966 3570 5035 ὑπερήχει
3595 4966 3789 5034 ἑαυτὴν

528 5063 650 5117 cior
675 5061 850 5114 factus
883 5068 986 5115 est.
1015 5061 1172 5116 Unde
1200 5062 1395 5132 patuit,
1422 5079 1530 5118 non
1554 5072 1612 5118 ut
1643 5064 1894 5118 timidum
1923 5080 2114 5134 quem—

532 5153 655 5207 dam
683 5151 1031 5222 perterritum
1068 5152 1122 5205 in
1162 5155 1431 5224 principio
1467 5154 1664 5219 fuisse,
1697 5155 1790 5209 sed
1847 5156 2116 5211 cliaritate

533 5242 776 5296 timentis
844 5241 1030 5310 pepuli
1095 5241 1265 5297 fuisse
1335 5253 1690 5300 commotum.
1751 5244 1934 5310 Quare
1989 5261 2114 5300 cum

535 5333 690 5402 quasi
716 5349 855 5387 onus
881 5333 1151 5402 quoddam
1179 5335 1426 5390 timorem
1454 5335 1635 5404 populi
1660 5334 2022 5402 deposuisset,
2051 5351 2115 5391 ac

537 5422 593 5476 in
623 5439 682 5478 se
714 5425 832 5493 ipso
858 5424 1033 5478 factus
1065 5433 1230 5490 esset,
1263 5433 1394 5478 tunc
1443 5427 1604 5479 etiam
1641 5426 1694 5476 in
1726 5425 1896 5494 ipsam
1930 5426 2117 5495 caligi—

538 5528 662 5568 nem
721 5515 979 5569 audacter
1033 5516 1352 5582 ingreditur.
1413 5515 1599 5583 Itaque
1650 5513 1792 5567 inter
1823 5516 2116 5570 invisibilia

543 5609 1064 5678 vcrsatur,necjam
1115 5608 1454 5664 intuentibus
1512 5612 1754 5674 apparet.
1791 5603 1926 5660 Nam
1977 5607 2116 5662 divi-

623 5789 664 5820 ¹⁸
715 5787 891 5841 Exod.
922 5804 1033 5850 xrx,
1072 5788 1101 5840 εί
1130 5803 1247 5857 sqq.

575 5922 620 5939 ..Δ

2211 5064 2244 5130 ἡ
2277 5055 2532 5125 σάλπιγξ,
2559 5056 2657 5120 τὰς
2689 5055 3066 5125 προλαὸούσας
3105 5054 3288 5124 φωνὰς
3327 5054 3414 5107 ἀεὶ
3438 5057 3559 5116 ταῖς
3599 5053 3790 5123 ἐφεξῆς

2212 5150 2645 5222 ὑπερϐάλλουσα.
2704 5148 2764 5200 '0
2795 5147 2852 5199 δὲ
2881 5147 3008 5211 λαὸς
3038 5148 3183 5210 am;
3224 5149 3402 5218 ἥττων
3443 5143 3532 5216 ἦν,
3577 5147 3613 5216 ἢ
3656 5147 3789 5198 ὥστε

2213 5239 2500 5311 ἀνέχεσθαι
2539 5238 2600 5291 τὸ
2634 5239 2956 5307 φαινόμενόν
2988 5254 3048 5291 τε
3073 5239 3168 5290 καὶ
3204 5238 3538 5307 ἀκουόμενον
3558 5255 3569 5266 ·
3599 5237 3681 5290 διὸ
3705 5236 3790 5288 καὶ

2217 5331 2372 5402 κοινὴ
2396 5329 2545 5400 παρά
2569 5329 2785 5381 πάντων
2809 5328 3024 5396 αἴτησις
3063 5329 3399 5398 προσάγεται
3435 5326 3513 5395 τῷ
3550 5327 3787 5390 Μωῦσεί,

2218 5423 2284 5476 δι’
2315 5423 2521 5476 ἐκείνου
2557 5421 2934 5488 μεσιτευθῆναι
2974 5419 3066 5471 τὸν
3103 5419 3264 5488 νόμον
3284 5434 3296 5446 ·
3328 5418 3403 5480 ὡς
3437 5418 3538 5470 οὐκ
3570 5419 3788 5486 ἀπιστή-

2223 5529 2405 5574 σοντος
2433 5510 2526 5564 τοῦ
2547 5509 2699 5570 λαοῦ,
2734 5507 2875 5560 θεῖον
2902 5504 3042 5561 εἶναι
3060 5508 3448 5579 παράγγελμα,
3482 5509 3590 5560 πᾶν
3613 5507 3790 5576 ὅτιπερ

2222 5605 2288 5660 ἂν
2417 5605 2542 5673 παρ’
2592 5600 2800 5654 ἐκείνου
2854 5601 2997 5654 κατὰ
3046 5600 3144 5672 τὴν
3193 5599 3400 5654 ἄνωθεν
3452 5597 3789 5652 διδασκαλίαν
