3890 6356
128 372 235 432 3i?

1456 380 1547 435 DE
1582 378 1746 434 VITA
1770 378 2045 435 HOYSIS.

3321 385 3430 451 318

135 489 684 563 παραγγελλόμενον.
734 491 905 547 Πάλιν
966 487 1060 549 οὖν
1124 494 1263 565 πρὸς
1304 496 1402 569 τὴν
1456 495 1734 568 ὑπώρειαν

1840 512 1925 551 nte
1953 498 2276 554 initiationis
2311 500 2532 572 adytum
2566 502 2848 574 ingressus
2865 518 2990 558 cum
3023 504 3285 563 invisibili
3316 524 3427 565 non

136 582 359 635 πάντων
405 581 929 652 καταδραμούντων,
968 585 1127 655 μόνος
1161 586 1460 659 ὑπελείφθη
1494 591 1523 642 6
1567 591 1731 643 Μωῦ-

136 675 265 743 σῆς,
312 671 376 725 τὸ
416 673 685 736 ἐναντίον,
732 674 764 744 ἢ
812 676 950 747 ὅπερ
1000 678 1209 741 ἐκεῖνος
1255 673 1347 747 ἦν,
1404 681 1488 748 ἐφ’
1534 679 1729 733 ἑαυτοῦ

139 761 342 826 δείξας.
374 761 498 813 Τῶν
523 762 637 832 γὰρ
655 761 829 816 ἄλλων
858 765 1116 819 ἁπάντων
1158 768 1216 821 ἐν
1250 771 1317 839 τῇ
1346 769 1600 841 κοινωνίᾳ
1623 771 1731 823 τῶν

138 870 204 906 συ
214 853 623 924 μμετεχόντων,
654 855 854 925 μᾶλλον
897 856 1245 928 θαρρούντων
1284 860 1353 914 τά
1385 860 1613 931 φοϐερὰ,
1639 854 1733 915 οὑ-

135 963 234 1010 τος
285 944 571 1017 μονωθεὶς,
616 946 725 1001 τῶν
761 946 1112 1003 συνεστώτων
1150 950 1597 1024 θαρῤαλεώτερος
1641 949 1730 1024 ἦν,

135 1042 218 1105 ὡς
247 1041 314 1094 ὲκ
349 1040 542 1094 τούτου
569 1040 727 1112 δῆλον
758 1041 1029 1109 γενέσθαι,
1063 1043 1124 1096 τὸ
1157 1042 1231 1114 μὴ
1261 1045 1390 1098 ῐδιον
1427 1044 1593 1098 αὑτοῦ
1629 1045 1735 1098 πά-

139 1128 236 1193 θος
256 1130 353 1183 τὸν
385 1129 547 1198 φόϐον
587 1125 747 1191 εἶναι,
777 1122 822 1197 ᾧ
866 1133 988 1185 κατ’
1017 1131 1194 1202 ἀρχὰς
1235 1134 1554 1203 συνεσχέθη,
1598 1134 1733 1188 ἀλλά

138 1223 233 1277 διὰ
274 1222 378 1295 τὴν
412 1222 547 1293 πρὸς
576 1223 703 1285 τοὺς
739 1224 1153 1294 κατεπτηχότας
1189 1224 1533 1296 συμπάθειαν
1560 1225 1734 1280 ταῦτα

138 1315 368 1369 παθεῖν.
409 1314 628 1385 Ἐπειδὴ
653 1315 850 1378 τοίνυν,
883 1309 993 1369 οἷόν
1012 1332 1155 1379 τινος
1170 1315 1391 1387 ἄχθους,
1411 1319 1511 1387 τῆς
1531 1316 1734 1379 δειλίας

138 1404 241 1458 τοῦ
273 1403 410 1457 λαοῦ
443 1403 774 1474 γυμνωθεὶς,
801 1404 887 1473 ἐφ’
930 1405 1124 1458 ἑαυτοῦ
1161 1401 1231 1477 ἦν
1250 1425 1262 1436 ·
1294 1407 1417 1460 τότε
1454 1409 1547 1460 καὶ
1568 1406 1732 1460 αὑτοῦ

140 1494 467 1564 κατατολμᾷ
505 1492 598 1547 τοῦ
642 1494 840 1563 γνόφου
860 1509 876 1525 ⁶
905 1497 1001 1550 καὶ
1040 1497 1192 1561 ἐντὸς
1231 1497 1340 1553 τῶν
1371 1499 1617 1569 ἀοράτων
1650 1499 1735 1567 γί-

142 1605 324 1651 νεται,
377 1587 575 1658 μηκέτι
617 1590 731 1652 τοῖς
767 1587 932 1660 ὁρῶσι
976 1589 1300 1660 φαινόμενος
1332 1590 1491 1662 [πρὸς
1532 1591 1642 1663 γάρ
1674 1591 1735 1645 τὸ

142 1680 390 1750 ἄρρητον
414 1681 513 1750 τῆς
549 1677 697 1743 θείας
733 1680 1121 1750 μυσταγωγίας
1150 1682 1469 1754 παραδυεὶς,
1500 1684 1618 1737 ἐκεῖ
1654 1682 1734 1755 τῷ

143 1771 371 1842 ἀοράτῳ
418 1773 603 1842 συνῆν,
651 1772 726 1843 μὴ
759 1770 1081 1844 ὁρώμενος],
1122 1773 1409 1839 διδάσκων,
1454 1771 1627 1848 οἶμαι,
1665 1774 1733 1829 δι’

142 1857 222 1917 ὧν
248 1862 527 1932 ἐποίησεν,
556 1863 638 1916 ὅτι
658 1863 738 1915 δεῖ
758 1863 849 1917 τὸν
880 1863 1142 1935 μέλλοντα
1168 1869 1405 1920 συνεῖναι
1427 1866 1567 1937 Θεῷ,
1590 1867 1735 1932 ἐξελ-

142 1956 262 2010 θεῖν
300 1955 412 2007 πᾶν
435 1954 496 2007 τὸ
538 1955 880 2025 φαινόμενον,
920 1958 1017 2011 καὶ
1056 1957 1150 2011 ἐπὶ
1185 1958 1247 2011 τὸ
1283 1958 1516 2028 ἀόρατόν
1553 1976 1612 2012 τε
1641 1959 1737 2013 καὶ

142 2045 570 2115 ἀκατάληπτον,
614 2045 714 2117 τὴν
756 2046 950 2101 ἑαυτοῦ
997 2048 1267 2109 διάνοιαν,
1309 2045 1420 2103 οἷον
1464 2050 1557 2102 ἐπί
1613 2067 1737 2103 τινα

141 2134 311 2205 ὅρους
349 2133 595 2206 κορυφὴν
623 2135 998 2201 ἀνατείναντα,
1030 2138 1148 2191 ἐκεῖ
1179 2138 1460 2192 πιστεύειν
1496 2136 1633 2193 εἶναι
1675 2141 1737 2193 τὸ

142 2227 323 2291 Θείον,
372 2228 429 2278 ὲν
454 2220 499 2294 ᾧ
523 2226 624 2278 οὐκ
645 2227 945 2295 ἐφικνεῖται
984 2231 1017 2298 ἡ
1047 2230 1394 2297 κατανόησις.
1440 2231 1737 2301 Γενόμενος

141 2318 200 2371 δὲ
226 2318 287 2370 ἐν
316 2318 530 2388 ἐκείνῳ,
554 2317 765 2387 δέχεται
788 2318 854 2373 τὰ
882 2320 1001 2373 θεῖα
1023 2323 1440 2392 προστάγματα.
1457 2323 1643 2377 Ταῦτα
1674 2324 1734 2378 δὲ

141 2407 209 2482 ἦν
236 2412 442 2481 ἀρετῆς
462 2409 801 2478 διδασκαλία,
840 2407 908 2484 ἧς
930 2414 991 2468 τὸ
1031 2414 1327 2483 κεφάλαιον
1364 2416 1471 2485 ἄρα
1506 2416 1657 2469 ἐστὶν
1700 2417 1734 2487 ἠ

143 2503 419 2563 εὐσέϐεια,
447 2502 628 2556 καὶτὸ
649 2502 750 2567 τὰς
786 2504 1103 2575 πρεπούσας
1140 2507 1438 2579 ὑπολήψεις
1472 2508 1599 2578 περὶ
1635 2509 1736 2579 τῆς

143 2592 294 2655 θείας
322 2591 540 2660 φύσεως
559 2591 703 2663 ἔχειν
722 2610 735 2624 ο
762 2591 837 2657 ὡς
861 2595 1182 2666 ὑπέρκειται
1209 2597 1415 2660 παντὸς
1431 2594 1733 2664 γνωστικοῦ

142 2684 419 2756 νοήματός
458 2701 519 2736 τε
558 2686 654 2737 καὶ
680 2685 1100 2757 ὑποδείγματος,
1131 2689 1307 2742 οὐδενὶ
1333 2690 1442 2742 τῶν
1466 2704 1736 2756 γινωσκο-

146 2777 328 2847 μένων
371 2776 734 2849 ὁμοιουμένη.
792 2777 1021 2831 Κελεύει
1071 2779 1181 2849 γὰρ
1230 2780 1369 2851 πρὸς
1416 2779 1581 2850 μηδὲν
1622 2778 1733 2832 τῶν

142 2867 720 2938 καταλαμϐανομένων
737 2870 794 2921 ὲν
816 2871 939 2932 ταῖς
960 2870 1086 2938 περὶ
1113 2869 1248 2923 Θεοῦ
1286 2869 1586 2941 ὑπολήψεσι
1614 2868 1734 2939 βλέ-

145 2979 291 3025 πειν,
345 2959 479 3031 μηδέ
516 2977 623 3013 τινι
658 2959 767 3014 τῶν
812 2961 877 3014 ἐκ
915 2961 1274 3032 καταλήψεως
1310 2962 1733 3032 γινωσκομένων

141 3051 371 3122 ὁμοιοῦν
408 3051 506 3122 τὴν
546 3048 641 3103 τοῦ
689 3050 889 3114 παντὸς
926 3050 1333 3121 ὑπερκειμένην
1372 3051 1564 3120 φύσιν·
1597 3049 1733 3104 ἀλλὰ

1835 597 2164 657 conspectus
2196 590 2311 659 ipse
2340 592 2687 660 versabatur,
2722 603 2781 648 ut
2806 609 2906 650 nos
2941 593 3024 665 (ut
3049 596 3309 669 arbitror)
3342 599 3429 655 his

1786 712 1795 725 ι
1836 681 2007 750 gestis
2052 682 2349 737 instrueret
2396 684 2544 755 quod
2600 688 2949 755 oporteat,si
2981 690 3105 758 quis
3137 690 3265 744 velit
3304 706 3429 747 esse

1835 787 1961 826 cum
1990 771 2123 837 Deo,
2163 774 2346 828 omnia
2373 774 2491 828 haec
2556 790 2678 844 qua:
2739 776 3014 841 videntur,
3051 791 3424 846 contemnere,

1836 875 1901 916 ac
1929 870 2165 917 mentem
2201 879 2355 919 suam
2384 863 2452 919 ad
2482 863 2756 922 invisibile
2804 875 2966 936 atque
3008 869 3427 940 incomprehen-

1837 954 2014 1017 sibile,
2039 957 2194 1025 quasi
2231 957 2297 1011 ad
2318 952 2686 1015 summitatem
2713 961 2915 1016 montis
2940 961 3176 1032 dirigere
3203 979 3217 1016 :
3241 962 3429 1033 ibique

1837 1047 2061 1101 credere
2089 1047 2256 1103 Deum
2307 1064 2462 1113 esse,
2522 1066 2631 1121 quo
2669 1052 2955 1121 pervenire
3004 1054 3264 1121 cogitatio
3316 1070 3426 1109 non

1836 1146 2035 1202 potest.
2074 1139 2185 1194 Hac
2215 1141 2451 1211 igiturin
2484 1145 2801 1197 summitate
2850 1144 3053 1198 montis
3095 1145 3429 1199 constitutus

1837 1229 2051 1302 Moyses
2074 1232 2138 1297 ‘9,
2170 1232 2350 1286 divina
2376 1234 2611 1303 suscipit
2648 1234 2928 1301 mandata,
2958 1250 3078 1305 qum
3101 1236 3187 1289 via
3220 1235 3427 1289 doctri—

1838 1336 2016 1391 naque
2046 1332 2174 1378 sunt
2197 1323 2263 1377 ad
2299 1325 2577 1379 virtutem.
2633 1323 2804 1395 Cujus
2836 1337 2996 1397 caput
3030 1338 3111 1382 est
3141 1328 3334 1398 pietas,
3368 1335 3427 1382 ut

1838 1411 2047 1466 scilicet
2098 1414 2465 1468 condecentes
2500 1414 2567 1468 de
2617 1412 2727 1468 Deo
2767 1417 3055 1485 opiniones
3102 1417 3424 1485 habeamus,

1837 1500 1981 1570 quod
1996 1514 2209 1555 omnem
2229 1503 2655 1571 cognoscibilem
2682 1504 2939 1573 speciem,
2963 1520 3229 1575 omneque
3246 1521 3432 1575 super-

1837 1591 2066 1645 excedat
2090 1594 2421 1662 exemplum,
2466 1594 2600 1648 nulli
2632 1594 2713 1649 rei
2743 1612 2867 1665 qua:
2897 1599 3253 1667 cognoscitur
3274 1597 3428 1651 simi-

1838 1680 1927 1734 lis.
1955 1679 2118 1735 Jubet
2147 1684 2291 1737 enim
2316 1682 2383 1737 ad
2435 1685 2641 1737 nullam
2696 1700 2833 1749 rem,
2881 1702 3001 1754 qum
3039 1683 3428 1755 comprehendi

1839 1776 2034 1843 possit,
2087 1779 2375 1845 respicere,
2405 1777 2595 1831 neciis
2646 1777 2880 1832 similem
2907 1787 3104 1848 putare
3144 1786 3426 1843 naturam,

1839 1881 1962 1937 qua:
1995 1882 2163 1936 super
2196 1868 2381 1922 omnia
2415 1876 2520 1931 est,
2558 1884 2680 1938 quae
2709 1871 3195 1938 comprehensione
3227 1884 3430 1940 cogno-

1839 1965 2068 2013 scuntur
2102 1977 2115 2013 :
2143 1960 2237 2014 sed
2273 1975 2396 2014 esse
2440 1959 2658 2028 quidem
2689 1960 2863 2029 ipsam
2883 1963 3105 2016 credere
3134 1970 3425 2031 oportere:

1837 2057 2043 2119 quanta
2074 2063 2228 2114 vero,
2284 2058 2377 2102 aut
2410 2050 2614 2118 qualis,
2679 2057 2773 2102 aut
2822 2047 2991 2116 unde,
3025 2058 3117 2102 aut
3151 2048 3429 2118 quomodo

1837 2139 1930 2203 sit,
1956 2152 2066 2192 non
2089 2152 2213 2192 esse
2241 2139 2617 2207 quaerendum,
2646 2154 2768 2193 cum
2794 2154 2858 2193 eo
2881 2138 3161 2208 pervenire
3187 2139 3426 2192 humana

1838 2228 2060 2298 ingenia
2091 2237 2381 2298 nequeant.
2416 2230 2497 2284 Ad
2525 2231 2779 2300 pietatem
2814 2239 2997 2284 autem
3021 2231 3183 2284 etiam
3219 2230 3430 2284 addun-

1837 2329 1927 2375 tur
1974 2321 2087 2384 illa,
2119 2336 2240 2391 qua:
2282 2337 2496 2375 morum
2534 2331 2663 2377 sunt
2686 2324 3101 2394 castigationes,
3142 2323 3197 2376 in
3227 2337 3429 2393 genere

1835 2413 1919 2467 vel
1964 2414 2019 2468 in
2058 2420 2208 2482 parte
2255 2413 2570 2468 distributa.
2625 2414 2682 2467 In
2724 2429 2925 2483 genere
2974 2414 3214 2484 quidem,
3257 2421 3427 2466 totam

1835 2505 2160 2575 simpliciter
2191 2505 2518 2574 injustitiam
2548 2507 2801 2576 prapellit
2832 2506 2913 2560 lex
2938 2507 3051 2568 illa,
3078 2505 3221 2576 quod
3254 2520 3426 2574 opor—

1836 2605 1948 2652 teat
1972 2596 2281 2666 proximum
2311 2611 2516 2659 amare,
2542 2612 2652 2666 quo
2675 2596 2947 2650 stabiliter
2976 2596 3301 2661 constituto,
3329 2609 3429 2649 ne-

1833 2690 2076 2744 cessario
2137 2687 2386 2756 sequitur
2458 2687 2589 2741 nihil
2641 2687 2904 2744 adversus
2957 2687 3265 2757 proximum
3317 2686 3429 2740 cui-

1833 2793 1997 2850 quam
2029 2793 2151 2833 esse
2201 2777 2535 2832 faciendum.
2574 2776 2630 2831 ln
2661 2785 2819 2847 parte
2848 2793 3001 2844 vero,
3042 2786 3297 2848 parentes
3320 2791 3430 2831 co-

1833 2871 1969 2933 lere,
2000 2859 2054 2923 et
2083 2884 2114 2923 a
2164 2868 2490 2924 criminibus
2522 2884 2645 2939 quae
2678 2869 2985 2939 diligenter;
3009 2877 3427 2930 enumerantur,

1835 2976 2029 3017 cavere
2060 2960 2324 3030 praecipit.
2352 2959 2567 3025 Quibus
2591 2960 2802 3031 legibus
2840 2960 2999 3030 quasi
3033 2960 3338 3014 instructus
3361 2958 3430 3012 ad

1835 3051 2154 3107 sublimiora
2194 3050 2393 3105 transit
2419 3051 2696 3121 mysteria,
2723 3051 3077 3105 tabernaculo
3097 3050 3279 3103 divina
3314 3048 3429 3118 {sibi

140 3142 207 3196 τὸ
228 3138 372 3195 εἶναι
399 3140 771 3207 πιστεύοντας,
791 3140 853 3193 τὸ
883 3135 1014 3204 οἷον,
1041 3140 1072 3212 ἢ
1102 3142 1246 3205 ὅσον,
1269 3141 1302 3213 ἢ
1341 3143 1483 3204 ὅθεν,
1522 3142 1556 3213 ἢ
1584 3143 1732 3208 ὅπως

1839 3144 2037 3199 virtute
2056 3143 2357 3213 proposito.
2383 3143 2816 3197 Tabernaculnm
2836 3150 3016 3197 autem
3035 3150 3151 3196 erat
3169 3141 3428 3210 templum

142 3234 319 3299 ἐστὶν,
354 3232 622 3303 ἀζήτητον
649 3233 764 3303 ὲᾷν,
786 3232 862 3296 ὡς
893 3233 1201 3302 ἀνέφικτον.
1233 3234 1564 3305 Προστίθησι
1608 3230 1666 3287 δὲ
1703 3236 1731 3287 6

141 3325 326 3393 λόγος,
374 3324 469 3377 καὶ
505 3324 606 3377 ὃσα
642 3323 736 3376 τοῦ
779 3324 944 3396 ἤθους
983 3325 1102 3377 ἐστὶ
1139 3324 1560 3395 κατορθώματα,
1585 3342 1733 3394 γενι-

142 3419 264 3479 κοίς
293 3415 390 3469 καὶ
412 3415 669 3480 ἰδιάζουσι
688 3415 872 3486 νόμοις
892 3416 991 3487 τὴν
1018 3416 1364 3471 διδασκαλίαν
1386 3418 1728 3488 ποιούμενος.

144 3506 391 3570 Γενικῶς
440 3508 537 3577 μὲν
583 3507 690 3578 γὰρ
725 3508 905 3579 πάσης
944 3509 1159 3573 ἀδικίας
1190 3510 1535 3581 ἀναιρετικὸς
1568 3510 1732 3581 νόμος

142 3599 300 3653 ἐστί’
332 3597 394 3652 τὸ
437 3598 544 3651 δεῖν
587 3597 946 3668 hamum-ii;
982 3599 1120 3671 πρὸς
1149 3600 1210 3652 τὸ
1247 3600 1517 3669 ὁμόφυλον
1564 3600 1730 3672 ἔχειν,

144 3684 209 3746 οὗ
246 3690 606 3761 κυρωθέντος,
650 3690 864 3755 πάντως
895 3689 1036 3745 κατά
1072 3690 1134 3744 τὸ
1179 3692 1471 3749 ἀκόλουθον
1505 3692 1729 3746 ἕπεται·

143 3783 208 3836 τὺ
237 3781 407 3853 μηδὲν
446 3782 614 3835 κακὸν
647 3780 848 3851 μηδένα
876 3780 1018 3837 κατὰ
1042 3782 1134 3836 τοῦ
1169 3782 1337 3846 πέλας
1377 3783 1727 3854 ἐργάζεσθαι.

158 3876 251 3928 Ἐν
288 3874 348 3928 δὲ
378 3875 491 3936 τοῖς
519 3872 640 3926 καθ’
662 3872 912 3937 ἕκαστον,
944 3873 979 3944 ἦ
1000 3890 1059 3927 τε
1089 3874 1219 3946 περὶ
1246 3874 1374 3937 τοὺς
1405 3876 1732 3946 γεγεννηκό-

142 3984 249 4030 τας
275 3964 412 4036 τιμὴ
436 3965 800 4037 διηγόρευται,
829 3967 926 4019 καὶ
963 3968 993 4018 6
1033 3966 1332 4035 κατάλογος
1368 3966 1478 4020 τῶν
1521 3969 1733 4038 ἀπηγο⁶

1838 3233 2342 3305 inaudita’quadam
2360 3235 2625 3288 varietate
2654 3234 3109 3304 pulcherrimum,
3132 3234 3428 3303 prOpylaea,

1834 3329 2124 3391 columnae,
2160 3328 2407 3388 cortinae,
2431 3341 2621 3381 mensa
2646 3336 2698 3381 et
2727 3327 3138 3388 candelabrum.
3171 3334 3224 3380 et
3256 3324 3431 3378 thuri-

1834 3420 2045 3486 bulum,
2076 3420 2248 3473 altare
2271 3433 2333 3471 ac
2373 3420 2836 3489 propitiatorium,
2859 3428 2913 3472 et
2947 3419 3090 3489 quod
3130 3420 3271 3471 intra
3302 3432 3432 3473 san-

1834 3516 1981 3564 ctum
2037 3516 2120 3563 est
2181 3507 2401 3578 adytum
2475 3509 2888 3577 impenetrabile
2947 3518 2999 3564 et
3066 3509 3429 3562 inaccessum.

1834 3602 2079 3667 Quorum
2129 3600 2374 3653 omnium
2406 3598 2794 3669 diposilionem
2841 3614 2905 3653 ac
2945 3599 3429 3669 pulchritudinem,

1834 3692 2031 3763 partim
2096 3706 2168 3745 ne
2213 3692 2533 3743 memoriam
2593 3689 2807 3760 fugiat,
2875 3692 3072 3760 partim
3138 3692 3300 3744 etiam
3373 3698 3432 3745 ut

1833 3783 2069 3855 posteris
2123 3782 2449 3836 miraculum
2499 3783 2845 3851 subaperiat,
2887 3799 2996 3837 non
3047 3782 3271 3851 picturae
3319 3790 3432 3836 tra-

1835 3875 1987 3936 dere,
2017 3871 2111 3927 sed
2156 3870 2441 3925 materiale
2467 3871 2598 3924 illud
2633 3873 2913 3942 exemplar
2962 3873 3148 3926 divino
3198 3872 3425 3927 consilio

1837 3964 2141 4037 splendidis
2175 3964 2426 4034 jacceptis
2471 3964 2716 4019 materiis
2754 3964 2951 4019 imitari
2994 3964 3361 4035 compellitur.

147 4057 432 4131 ρευμένων
454 4056 940 4129 πλημμελημάτων
975 4057 1298 4128 ὴρίθμηται.
1330 4057 1554 4123 Τούτοις
1595 4059 1652 4114 δὲ
1701 4063 1817 4124 τοῖς
1854 4060 2040 4129 νόμοις
2071 4056 2231 4109 οἱονεὶ
2262 4054 2663 4127 προκαθαρθεὶς
2698 4056 2795 4127 τὴν
2824 4057 3077 4123 διάνοιαν,
3108 4057 3201 4110 ὲπὶ
3230 4056 3326 4127 τὴν
3346 4070 3431 4109 τε·

146 4153 424 4223 λεωτέραν
455 4153 840 4224 μυσταγωγίαν
871 4154 1209 4224 παράγεται’
1233 4156 1437 4226 σκηνῆς
1456 4154 1604 4226 αὑτῷ
1623 4173 1766 4220 τινος
1801 4155 2011 4228 ἀθρόως
2038 4154 2104 4205 ὲκ
2134 4150 2282 4214 θείας
2296 4151 2576 4221 δυνάμεως
2597 4150 3026 4222 προδειχθείσης.
3053 4152 3120 4205 Ἠ
3152 4151 3209 4205 δὲ
3237 4149 3430 4222 σκηνὴ,

144 4251 275 4312 ναὸς
310 4242 415 4319 ἦν,
450 4249 507 4302 ὲν
531 4247 949 4318 δυσερμηνεύτῳ
975 4247 1081 4300 ’τινὶ⁵
1107 4246 1350 4319 ποικιλίᾳ
1378 4247 1440 4300 τὸ
1470 4248 1665 4312 κάλλος
1693 4249 1854 4319 ἔχων.
1885 4244 2226 4318 Προπύλαια,
2266 4243 2362 4296 καὶ
2398 4241 2599 4307 στύλοι,
2636 4243 2732 4295 καὶ
2769 4243 3266 4313 παραπετάσματα,
3299 4243 3432 4312 ’πρᾶο

146 4344 291 4408 πεζα
318 4342 415 4394 καὶ
444 4340 657 4410 λυχνία,
693 4339 787 4393 καὶ
819 4338 1200 4410 θυμιατήριον,
1231 4338 1618 4410 θυσιαστήριόν
1645 4358 1705 4394 τε
1741 4340 1835 4394 καὶ
1878 4339 2185 4410 ἱλαστήριον
2206 4376 2220 4401 ,
2252 4335 2348 4389 καὶ
2387 4334 2448 4386 τὸ
2494 4336 2644 4398 ἐντὸς
2676 4335 2784 4390 τῶν
2819 4336 2989 4403 ἁγίων
3018 4335 3207 4389 ἄδυτόν
3250 4353 3307 4389 τε
3335 4341 3430 4395 καὶ

142 4434 495 4489 ἀνεπίϐατον.
532 4427 632 4486 Ὧν
660 4432 914 4485 ἀπάντων
955 4430 1017 4484 τό
1044 4448 1105 4485 τε
1146 4430 1341 4495 κάλλος
1377 4432 1471 4486 καὶ
1518 4432 1617 4505 τὴν
1656 4433 1915 4499 διάθεσιν,
1946 4433 2022 4496 ὠς
2054 4431 2120 4485 ἂν
2148 4431 2283 4501 μήτε
2311 4428 2562 4498 διαφύγοι
2590 4430 2688 4500 τὴν
2723 4428 2973 4500 μνήμηνξ,
3014 4429 3244 4490 καὶτοῖς
3284 4429 3432 4481 κάτω

144 4530 543 4604 παραδειχθείη
578 4530 639 4584 τὸ
671 4529 879 4601 θαῦμα,
908 4529 969 4583 οὑ
990 4531 1178 4599 γραφῇ
1202 4528 1539 4598 παραδοῦναι
1568 4529 1697 4602 ψιλῇ
1726 4527 2172 4600 συμϐουλεύεται,
2197 4524 2335 4579 ἀλλά
2367 4524 2714 4594 μιμήσασθαι
2749 4523 2840 4576 διά
2885 4524 2981 4594 τῆς
3021 4523 3213 4593 ὑλικῆς
3255 4540 3427 4576 κατα-

148 4629 357 4698 σκευῆς
382 4626 482 4697 τὴν
514 4625 677 4681 ἀῦλον
708 4624 923 4697 ἐκείνην
950 4622 1333 4696 δημιουργίαν,
1368 4625 1468 4689 τὰς
1494 4624 1879 4697 λαμπροτέρας
1905 4641 1966 4677 τε
1995 4622 2089 4677 καὶ
2121 4620 2441 4692 φανωτέρας
2468 4618 2598 4682 ὔλας
2622 4617 2732 4671 τῶν
2756 4617 2898 4671 κατά
2922 4617 3020 4688 τὴν
3047 4618 3149 4688 γῆν
3178 4618 3423 4689 εὑρισκο.

148 4721 334 4791 μένων
366 4715 769 4786 παραλαϐόντα.

232 4808 326 4861 Ἐν
362 4802 447 4871 οἷς
487 4807 690 4861 πλείων
722 4808 818 4878 μὲν
857 4804 927 4881 ἦν
970 4809 999 4862 6
1036 4808 1238 4880 χρυσὸς
1269 4811 1328 4863 ὲν
1371 4815 1557 4882 κύκλῳ
1589 4826 1734 4882 περι·

1929 4807 2053 4862 Fuit
2082 4808 2247 4878 igitur
2273 4805 2572 4876 plurimum
2598 4819 2795 4859 aurum
2823 4803 2878 4856 in
2902 4802 3175 4856 columnis
3207 4802 3442 4858 circum-

146 4901 453 4973 κεχυμένος
515 4903 627 4964 τοῖς
683 4901 922 4966 στύλοιςο
978 4901 1416 4973 συμπαρελήφθη
1483 4901 1542 4955 δὲ
1588 4899 1746 4972 Ιμετά

143 4994 248 5049 τοῦ
292 4991 497 5065 χρυσοῦ
544 4992 639 5047 καὶ
678 4995 708 5046 ό
751 4993 1021 5065 ἄργυρος,
1073 4992 1174 5056 τὰς
1216 4993 1461 5064 κορυφὰς
1502 4994 1596 5047 καὶ
1645 4992 1746 5056 τὰς

148 5086 345 5157 βάσεις
398 5084 509 5137 τῶν
569 5083 777 5138 στύλων
834 5085 902 5138 δι’
970 5084 1162 5138 ἑαυτοῦ
1226 5085 1614 5150 καλλωπίζων
1669 5084 1747 5148 ὡς

147 5178 251 5243 ἂν,
290 5173 479 5246 οἶμαι,
516 5176 594 5246 τῷ
633 5175 1007 5230 διαλλάσσοντι
1047 5176 1149 5246 τῆς
1195 5177 1360 5248 χρόας
1403 5176 1744 5247 ἑκατέρωθεν

144 5269 213 5322 τὺ
266 5266 489 5338 χρυσίον
535 5266 997 5338 ἐκθεωρούμενον,
1035 5267 1199 5321 πλέον
1240 5268 1533 5337 ὲκλάμποι.
1588 5267 1744 5319 Ἔστι

145 5360 207 5413 δὲ
264 5361 401 5413 ὅπου
452 5358 550 5411 καὶ
594 5359 630 5429 ἡ
680 5357 772 5411 τοῦ
819 5356 1022 5429 χαλκοῦ
1082 5358 1181 5430 ὕλη
1238 5359 1507 5429 χρήσιμος
1560 5357 1744 5427 ἐνομί-

151 5450 256 5521 σθη
280 5492 295 5515 ,
328 5448 539 5520 κεφαλὴ
580 5449 841 5521 γινομένη
875 5450 970 5503 καὶ⁸
1005 5449 1162 5520 βάσις
1200 5451 1312 5512 τοῖς
1340 5449 1599 5520 ἀργυροῖς
1631 5446 1740 5501 τῶν

149 5543 368 5597 κιόνων.
429 5541 912 5612 Καταπετάσματα
965 5542 1023 5596 δὲ
1083 5543 1178 5596 καὶ
1228 5542 1705 5614 παραπετάσματα
1723 5580 1739 5605 ,

150 5635 247 5692 καὶ
282 5636 315 5689 6
350 5633 444 5688 τοῦ
486 5633 616 5689 ναοῦ
648 5634 957 5704 περίϐολος,
995 5636 1090 5689 καὶ
1120 5637 1148 5689 6
1176 5634 1285 5690 τῶν
1315 5633 1521 5688 στύλων
1560 5635 1734 5704 ὑπερ-

227 5814 273 5847 ⁸¹
319 5811 490 5869 Exod.
532 5826 681 5879 xxxv,
716 5812 797 5867 18.

1858 4897 2067 4962 fusum,
2099 4905 2153 4951 et
2181 4912 2304 4950 cum
2336 4910 2474 4949 auro
2515 4904 2799 4964 argentum
2851 4893 3141 4947 cacumina
3189 4901 3241 4947 et
3275 4893 3431 4947 bases

1851 5002 2044 5044 eorum
2079 4994 2331 5049 exornat,
2364 4993 2423 5040 ut
2446 4986 2711 5039 varietate
2732 4983 2956 5046 coloris,
2983 4983 3145 5038 sicuti
3169 4982 3430 5045 arbitror,

1851 5082 2026 5151 magis
2054 5077 2347 5150 fulgerent.
2378 5076 2484 5131 Sed
2515 5076 2640 5129 aeris
2663 5088 2882 5144 quoque
2910 5073 3141 5127 materia
3173 5084 3282 5124 non
3308 5069 3422 5122 inu-

1851 5174 1966 5229 tilis
2014 5173 2128 5227 visa
2179 5178 2264 5225 est
2306 5169 2533 5238 :capita
2562 5167 2708 5223 enim
2742 5174 2797 5221 et
2842 5165 3002 5220 bases
3051 5164 3428 5217 columnarum

1850 5284 1918 5322 ex
1954 5282 2062 5322 agre
2094 5266 2253 5320 factae
2281 5272 2431 5319 sunt.
2461 5262 2702 5317 Cortinre
2753 5274 2918 5331 porro
2969 5266 3132 5327 atque
3170 5255 3427 5319 tentoria,

1849 5360 2133 5428 totiusque
2163 5356 2349 5426 templi
2387 5364 2629 5425 septum,
2660 5362 2715 5408 et
2739 5366 2904 5422 super
2931 5351 3216 5405 columnas
3239 5356 3430 5402 exten-

1849 5466 1973 5507 sum
2004 5457 2229 5513 tectum,
2259 5447 2443 5502 omnia
2498 5461 2597 5516 per
2656 5444 2946 5499 textoriam
2987 5448 3160 5499 artem
3220 5452 3426 5494 conve-

1851 5542 2037 5596 niente
2094 5536 2331 5609 singulis
2392 5536 2653 5590 attributa
2684 5531 2936 5591 .materia
2964 5527 3422 5585 conﬁciebantur.

1850 5633 1988 5687 Aliis
2026 5647 2094 5686 ex
2152 5627 2449 5701 hyacintho
2506 5633 2561 5682 et
2593 5637 2838 5693 purpura
2887 5630 3007 5680 erat
3059 5621 3321 5686 tinctura,
3369 5622 3425 5671 et
