  <div class='ocr_page' id='page_1' title='image "/cluster/home/n/w/nwhite01/storage/ocr_20150623/44:no.1/coo.31924054869445/167.png"; bbox 0 0 3890 6354; ppageno 0'>
   <div class='ocr_carea' id='block_1_1' title="bbox 1748 361 2498 430">
    <p class='ocr_par' dir='ltr' id='par_1_1' title="bbox 1748 361 2498 430">
     <span class='ocr_line' id='line_1_1' title="bbox 1748 361 2498 430; baseline 0.019 -14"><span class='ocrx_word' id='word_1_1' title='bbox 1748 361 1805 416; x_wconf 85' lang='lat' dir='ltr'><strong>S.</strong></span> <span class='ocrx_word' id='word_1_2' title='bbox 1839 362 2167 420; x_wconf 78' lang='lat' dir='ltr'><strong>GREGORH</strong></span> <span class='ocrx_word' id='word_1_3' title='bbox 2209 364 2257 420; x_wconf 84' lang='grc' dir='ltr'><strong>Ν</strong></span> <span class='ocrx_word' id='word_1_4' title='bbox 2266 368 2498 430; x_wconf 77' lang='lat' dir='ltr'><strong>YSSENI</strong></span> 
     </span>
    </p>
   </div>
   <div class='ocr_carea' id='block_1_2' title="bbox 3682 406 3783 461">
    <p class='ocr_par' dir='ltr' id='par_1_2' title="bbox 3682 406 3783 461">
     <span class='ocr_line' id='line_1_2' title="bbox 3682 406 3783 461; baseline 0.01 -3"><span class='ocrx_word' id='word_1_5' title='bbox 3682 406 3783 461; x_wconf 69' lang='lat'><strong>3&#39;20</strong></span> 
     </span>
    </p>
   </div>
   <div class='ocr_carea' id='block_1_3' title="bbox 553 456 2105 583">
    <p class='ocr_par' dir='ltr' id='par_1_3' title="bbox 553 456 2105 583">
     <span class='ocr_line' id='line_1_3' title="bbox 553 456 2105 551; baseline 0.017 -41"><span class='ocrx_word' id='word_1_6' title='bbox 553 456 748 526; x_wconf 78' lang='lat' dir='ltr'><strong>igneus</strong></span> <span class='ocrx_word' id='word_1_7' title='bbox 777 460 928 516; x_wconf 89' lang='lat' dir='ltr'><strong>cocci</strong></span> <span class='ocrx_word' id='word_1_8' title='bbox 962 465 1147 534; x_wconf 90' lang='lat' dir='ltr'><strong>rubor,</strong></span> <span class='ocrx_word' id='word_1_9' title='bbox 1180 470 1437 539; x_wconf 82' lang='lat' dir='ltr'><strong>splendor</strong></span> <span class='ocrx_word' id='word_1_10' title='bbox 1462 490 1682 547; x_wconf 89' lang='lat' dir='ltr'><strong>quoque</strong></span> <span class='ocrx_word' id='word_1_11' title='bbox 1720 478 1868 551; x_wconf 87' lang='lat' dir='ltr'><strong>byssi</strong></span> <span class='ocrx_word' id='word_1_12' title='bbox 1919 490 2105 537; x_wconf 79' lang='lat' dir='ltr'><strong>natura</strong></span> 
     </span>
     <span class='ocr_line' id='line_1_4' title="bbox 558 545 2070 583; baseline 0 0"><span class='ocrx_word' id='word_1_13' title='bbox 558 545 675 583; x_wconf 59' lang='grc' dir='ltr'><strong>ειη,</strong></span> <span class='ocrx_word' id='word_1_14' title='bbox 706 552 995 583; x_wconf 45' lang='lat' dir='ltr'><strong>&quot;manu&quot;...</strong></span> <span class='ocrx_word' id='word_1_15' title='bbox 1050 570 1110 583; x_wconf 62' lang='grc' dir='ltr'>,η</span> <span class='ocrx_word' id='word_1_16' title='bbox 1176 560 1288 583; x_wconf 59' lang='grc' dir='ltr'>,ευ</span> <span class='ocrx_word' id='word_1_17' title='bbox 1325 572 1432 583; x_wconf 50' lang='grc' dir='ltr'><strong>η.-</strong></span> <span class='ocrx_word' id='word_1_18' title='bbox 1507 580 1551 583; x_wconf 28' lang='grc' dir='ltr'>,κ</span> <span class='ocrx_word' id='word_1_19' title='bbox 1609 566 1631 583; x_wconf 81' lang='lat'><strong>.</strong></span> <span class='ocrx_word' id='word_1_20' title='bbox 1695 578 1705 583; x_wconf 87' lang='lat'>_</span> <span class='ocrx_word' id='word_1_21' title='bbox 1885 571 1897 583; x_wconf 93' lang='lat'><strong>.</strong></span> <span class='ocrx_word' id='word_1_22' title='bbox 2051 575 2070 583; x_wconf 92' lang='lat'><strong>-</strong></span> 
     </span>
    </p>
   </div>
   <div class='ocr_carea' id='block_1_4' title="bbox 2208 456 3790 583">
    <p class='ocr_par' dir='ltr' id='par_1_4' title="bbox 2220 488 3790 583">
     <span class='ocr_line' id='line_1_5' title="bbox 2220 488 3790 583; baseline 0.02 -45"><span class='ocrx_word' id='word_1_23' title='bbox 2220 488 2525 558; x_wconf 76' lang='grc' dir='ltr'>τεινὸμενος</span> <span class='ocrx_word' id='word_1_24' title='bbox 2548 494 2763 566; x_wconf 71' lang='grc' dir='ltr'>ὄροφος,</span> <span class='ocrx_word' id='word_1_25' title='bbox 2795 504 3146 577; x_wconf 82' lang='grc' dir='ltr'>καταλλήλως</span> <span class='ocrx_word' id='word_1_26' title='bbox 3176 509 3350 564; x_wconf 84' lang='grc' dir='ltr'>πάντα</span> <span class='ocrx_word' id='word_1_27' title='bbox 3376 510 3461 565; x_wconf 74' lang='grc' dir='ltr'><strong>διὰ</strong></span> <span class='ocrx_word' id='word_1_28' title='bbox 3494 512 3598 581; x_wconf 88' lang='grc' dir='ltr'><strong>τῆς</strong></span> <span class='ocrx_word' id='word_1_29' title='bbox 3629 514 3790 583; x_wconf 73' lang='grc' dir='ltr'>ὑφαν-</span> 
     </span>
    </p>
   </div>
   <div class='ocr_carea' id='block_1_5' title="bbox 558 545 2112 628">
    <p class='ocr_par' dir='ltr' id='par_1_5' title="bbox 558 545 2112 628">
     <span class='ocr_line' id='line_1_6' title="bbox 558 545 2112 628; baseline 0.019 -30"><span class='ocrx_word' id='word_1_30' title='bbox 558 545 676 615; x_wconf 87' lang='lat' dir='ltr'><strong>ipsa</strong></span> <span class='ocrx_word' id='word_1_31' title='bbox 705 552 997 617; x_wconf 86' lang='lat' dir='ltr'><strong>perductus</strong></span> <span class='ocrx_word' id='word_1_32' title='bbox 1048 570 1110 611; x_wconf 90' lang='lat' dir='ltr'><strong>ac</strong></span> <span class='ocrx_word' id='word_1_33' title='bbox 1174 560 1292 616; x_wconf 86' lang='lat' dir='ltr'><strong>sine</strong></span> <span class='ocrx_word' id='word_1_34' title='bbox 1321 572 1437 619; x_wconf 88' lang='lat' dir='ltr'><strong>arte</strong></span> <span class='ocrx_word' id='word_1_35' title='bbox 1482 545 1779 625; x_wconf 75' lang='lat' dir='ltr'><strong>confectus</strong></span> <span class='ocrx_word' id='word_1_36' title='bbox 1814 571 1987 626; x_wconf 90' lang='lat' dir='ltr'><strong>color.</strong></span> <span class='ocrx_word' id='word_1_37' title='bbox 2051 575 2112 628; x_wconf 86' lang='lat' dir='ltr'><strong>in</strong></span> 
     </span>
    </p>
   </div>
   <div class='ocr_carea' id='block_1_6' title="bbox 551 636 2121 734">
    <p class='ocr_par' dir='ltr' id='par_1_6' title="bbox 551 636 2121 734">
     <span class='ocr_line' id='line_1_7' title="bbox 551 636 2121 734; baseline 0.021 -46"><span class='ocrx_word' id='word_1_38' title='bbox 551 636 672 692; x_wconf 91' lang='lat' dir='ltr'><strong>aliis</strong></span> <span class='ocrx_word' id='word_1_39' title='bbox 700 640 890 706; x_wconf 91' lang='lat' dir='ltr'><strong>linum,</strong></span> <span class='ocrx_word' id='word_1_40' title='bbox 922 644 977 697; x_wconf 90' lang='lat' dir='ltr'><strong>in</strong></span> <span class='ocrx_word' id='word_1_41' title='bbox 1006 647 1128 703; x_wconf 91' lang='lat' dir='ltr'><strong>aliis</strong></span> <span class='ocrx_word' id='word_1_42' title='bbox 1168 650 1298 719; x_wconf 88' lang='lat' dir='ltr'><strong>pili;</strong></span> <span class='ocrx_word' id='word_1_43' title='bbox 1331 663 1496 723; x_wconf 87' lang='lat' dir='ltr'><strong>prout</strong></span> <span class='ocrx_word' id='word_1_44' title='bbox 1541 664 1771 715; x_wconf 68' lang='lat' dir='ltr'><strong>texturae</strong></span> <span class='ocrx_word' id='word_1_45' title='bbox 1798 677 1931 718; x_wconf 90' lang='lat' dir='ltr'><strong>usus</strong></span> <span class='ocrx_word' id='word_1_46' title='bbox 1971 675 2121 734; x_wconf 86' lang='lat' dir='ltr'><strong>pete-</strong></span> 
     </span>
    </p>
   </div>
   <div class='ocr_carea' id='block_1_7' title="bbox 551 724 2118 823">
    <p class='ocr_par' dir='ltr' id='par_1_7' title="bbox 551 724 2118 823">
     <span class='ocr_line' id='line_1_8' title="bbox 551 724 2118 823; baseline 0.02 -44"><span class='ocrx_word' id='word_1_47' title='bbox 551 724 663 789; x_wconf 83' lang='lat' dir='ltr'><strong>bat,</strong></span> <span class='ocrx_word' id='word_1_48' title='bbox 696 731 1139 792; x_wconf 88' lang='lat' dir='ltr'><strong>assumcbantur.</strong></span> <span class='ocrx_word' id='word_1_49' title='bbox 1189 737 1294 795; x_wconf 90' lang='lat' dir='ltr'><strong>Sed</strong></span> <span class='ocrx_word' id='word_1_50' title='bbox 1348 744 1643 803; x_wconf 66' lang='lat' dir='ltr'><strong>rubricata:</strong></span> <span class='ocrx_word' id='word_1_51' title='bbox 1674 765 1892 821; x_wconf 90' lang='lat' dir='ltr'><strong>quoque</strong></span> <span class='ocrx_word' id='word_1_52' title='bbox 1948 724 2118 823; x_wconf 70' lang='lat' dir='ltr'><strong>pelles</strong></span> 
     </span>
    </p>
   </div>
   <div class='ocr_carea' id='block_1_8' title="bbox 546 828 2120 910">
    <p class='ocr_par' dir='ltr' id='par_1_8' title="bbox 546 828 2120 910">
     <span class='ocr_line' id='line_1_9' title="bbox 546 828 2120 910; baseline 0.021 -45"><span class='ocrx_word' id='word_1_53' title='bbox 546 828 940 887; x_wconf 86' lang='lat' dir='ltr'><strong>nonnunquam</strong></span> <span class='ocrx_word' id='word_1_54' title='bbox 987 834 1222 894; x_wconf 73' lang='lat' dir='ltr'><strong>acceptae</strong></span> <span class='ocrx_word' id='word_1_55' title='bbox 1279 838 1426 887; x_wconf 92' lang='lat' dir='ltr'><strong>sunt.</strong></span> <span class='ocrx_word' id='word_1_56' title='bbox 1495 832 1697 890; x_wconf 84' lang='lat' dir='ltr'><strong>Verum</strong></span> <span class='ocrx_word' id='word_1_57' title='bbox 1748 838 1862 893; x_wconf 68' lang='lat' dir='ltr'><strong>haec</strong></span> <span class='ocrx_word' id='word_1_58' title='bbox 1904 849 2120 910; x_wconf 88' lang='lat' dir='ltr'><strong>postea-</strong></span> 
     </span>
    </p>
   </div>
   <div class='ocr_carea' id='block_1_9' title="bbox 547 909 2115 992">
    <p class='ocr_par' dir='ltr' id='par_1_9' title="bbox 547 909 2115 992">
     <span class='ocr_line' id='line_1_10' title="bbox 547 909 2115 992; baseline 0.021 -36"><span class='ocrx_word' id='word_1_59' title='bbox 547 919 708 973; x_wconf 84' lang='lat' dir='ltr'><strong>quam</strong></span> <span class='ocrx_word' id='word_1_60' title='bbox 744 909 811 963; x_wconf 90' lang='lat' dir='ltr'><strong>de</strong></span> <span class='ocrx_word' id='word_1_61' title='bbox 835 922 1018 967; x_wconf 89' lang='lat' dir='ltr'><strong>monte</strong></span> <span class='ocrx_word' id='word_1_62' title='bbox 1050 914 1352 986; x_wconf 90' lang='lat' dir='ltr'><strong>descendit,</strong></span> <span class='ocrx_word' id='word_1_63' title='bbox 1381 938 1480 992; x_wconf 91' lang='lat' dir='ltr'><strong>per</strong></span> <span class='ocrx_word' id='word_1_64' title='bbox 1507 926 1791 984; x_wconf 84' lang='lat' dir='ltr'><strong>ministros</strong></span> <span class='ocrx_word' id='word_1_65' title='bbox 1816 909 2115 988; x_wconf 82' lang='lat' dir='ltr'><strong>secundum</strong></span> 
     </span>
    </p>
   </div>
   <div class='ocr_carea' id='block_1_10' title="bbox 546 996 2114 1089">
    <p class='ocr_par' dir='ltr' id='par_1_10' title="bbox 546 996 2114 1089">
     <span class='ocr_line' id='line_1_11' title="bbox 546 996 2114 1089; baseline 0.024 -43"><span class='ocrx_word' id='word_1_66' title='bbox 546 996 853 1064; x_wconf 77' lang='lat' dir='ltr'><strong>expositum</strong></span> <span class='ocrx_word' id='word_1_67' title='bbox 889 1001 993 1057; x_wconf 89' lang='lat' dir='ltr'><strong>sibi</strong></span> <span class='ocrx_word' id='word_1_68' title='bbox 1020 1010 1300 1076; x_wconf 72' lang='lat' dir='ltr'><strong>exemplar</strong></span> <span class='ocrx_word' id='word_1_69' title='bbox 1319 1012 1519 1081; x_wconf 81' lang='lat' dir='ltr'><strong>opificii</strong></span> <span class='ocrx_word' id='word_1_70' title='bbox 1549 1016 1763 1089; x_wconf 82' lang='lat' dir='ltr'><strong>Moyses</strong></span> <span class='ocrx_word' id='word_1_71' title='bbox 1785 1026 2114 1085; x_wconf 81' lang='lat' dir='ltr'><strong>construxit.</strong></span> 
     </span>
    </p>
   </div>
   <div class='ocr_carea' id='block_1_11' title="bbox 548 1080 2117 1175">
    <p class='ocr_par' dir='ltr' id='par_1_11' title="bbox 548 1080 2117 1175">
     <span class='ocr_line' id='line_1_12' title="bbox 548 1080 2117 1175; baseline 0.022 -40"><span class='ocrx_word' id='word_1_72' title='bbox 548 1080 702 1138; x_wconf 88' lang='lat' dir='ltr'><strong>Tunc</strong></span> <span class='ocrx_word' id='word_1_73' title='bbox 727 1094 907 1142; x_wconf 90' lang='lat' dir='ltr'><strong>autem</strong></span> <span class='ocrx_word' id='word_1_74' title='bbox 936 1105 1061 1145; x_wconf 89' lang='lat' dir='ltr'><strong>eum</strong></span> <span class='ocrx_word' id='word_1_75' title='bbox 1098 1093 1151 1147; x_wconf 93' lang='lat' dir='ltr'><strong>in</strong></span> <span class='ocrx_word' id='word_1_76' title='bbox 1183 1096 1277 1151; x_wconf 90' lang='lat' dir='ltr'><strong>illo</strong></span> <span class='ocrx_word' id='word_1_77' title='bbox 1310 1080 1489 1156; x_wconf 89' lang='lat' dir='ltr'><strong>adhuc</strong></span> <span class='ocrx_word' id='word_1_78' title='bbox 1523 1103 1728 1175; x_wconf 81' lang='lat' dir='ltr'><strong>absque</strong></span> <span class='ocrx_word' id='word_1_79' title='bbox 1775 1124 1938 1164; x_wconf 90' lang='lat' dir='ltr'><strong>manu</strong></span> <span class='ocrx_word' id='word_1_80' title='bbox 1980 1127 2117 1168; x_wconf 88' lang='lat' dir='ltr'><strong>con-</strong></span> 
     </span>
    </p>
   </div>
   <div class='ocr_carea' id='block_1_12' title="bbox 547 1173 2113 1270">
    <p class='ocr_par' dir='ltr' id='par_1_12' title="bbox 547 1173 2113 1270">
     <span class='ocr_line' id='line_1_13' title="bbox 547 1173 2113 1270; baseline 0.022 -44"><span class='ocrx_word' id='word_1_81' title='bbox 547 1173 740 1230; x_wconf 89' lang='lat' dir='ltr'><strong>stituto</strong></span> <span class='ocrx_word' id='word_1_82' title='bbox 807 1181 1007 1250; x_wconf 88' lang='lat' dir='ltr'><strong>templo</strong></span> <span class='ocrx_word' id='word_1_83' title='bbox 1063 1192 1228 1251; x_wconf 85' lang='lat' dir='ltr'><strong>esset,</strong></span> <span class='ocrx_word' id='word_1_84' title='bbox 1270 1191 1472 1258; x_wconf 86' lang='lat' dir='ltr'><strong>quibus</strong></span> <span class='ocrx_word' id='word_1_85' title='bbox 1530 1173 1789 1253; x_wconf 81' lang='lat' dir='ltr'><strong>sacerdos</strong></span> <span class='ocrx_word' id='word_1_86' title='bbox 1841 1202 2113 1270; x_wconf 91' lang='lat' dir='ltr'><strong>vestibus,</strong></span> 
     </span>
    </p>
   </div>
   <div class='ocr_carea' id='block_1_13' title="bbox 544 1265 2117 1358">
    <p class='ocr_par' dir='ltr' id='par_1_13' title="bbox 544 1265 2117 1358">
     <span class='ocr_line' id='line_1_14' title="bbox 544 1265 2117 1358; baseline 0.024 -43"><span class='ocrx_word' id='word_1_87' title='bbox 544 1265 763 1331; x_wconf 89' lang='lat' dir='ltr'><strong>quando</strong></span> <span class='ocrx_word' id='word_1_88' title='bbox 791 1267 843 1322; x_wconf 95' lang='lat' dir='ltr'><strong>in</strong></span> <span class='ocrx_word' id='word_1_89' title='bbox 874 1273 1058 1342; x_wconf 89' lang='lat' dir='ltr'><strong>templi</strong></span> <span class='ocrx_word' id='word_1_90' title='bbox 1090 1279 1387 1344; x_wconf 88' lang='lat' dir='ltr'><strong>penetralia</strong></span> <span class='ocrx_word' id='word_1_91' title='bbox 1415 1284 1729 1342; x_wconf 83' lang='lat' dir='ltr'><strong>intrandum</strong></span> <span class='ocrx_word' id='word_1_92' title='bbox 1764 1298 1899 1358; x_wconf 85' lang='lat' dir='ltr'><strong>erat,</strong></span> <span class='ocrx_word' id='word_1_93' title='bbox 1935 1265 2117 1352; x_wconf 54' lang='lat' dir='ltr'><strong>utere;</strong></span> 
     </span>
    </p>
   </div>
   <div class='ocr_carea' id='block_1_14' title="bbox 545 1353 2114 1440">
    <p class='ocr_par' dir='ltr' id='par_1_14' title="bbox 545 1353 2114 1440">
     <span class='ocr_line' id='line_1_15' title="bbox 545 1353 2114 1440; baseline 0.024 -37"><span class='ocrx_word' id='word_1_94' title='bbox 545 1359 654 1416; x_wconf 91' lang='lat' dir='ltr'><strong>tur,</strong></span> <span class='ocrx_word' id='word_1_95' title='bbox 686 1353 755 1409; x_wconf 90' lang='lat' dir='ltr'><strong>de</strong></span> <span class='ocrx_word' id='word_1_96' title='bbox 787 1357 1046 1423; x_wconf 85' lang='lat' dir='ltr'><strong>interiore</strong></span> <span class='ocrx_word' id='word_1_97' title='bbox 1082 1363 1244 1419; x_wconf 89' lang='lat' dir='ltr'><strong>simul</strong></span> <span class='ocrx_word' id='word_1_98' title='bbox 1276 1376 1438 1438; x_wconf 87' lang='lat' dir='ltr'><strong>atque</strong></span> <span class='ocrx_word' id='word_1_99' title='bbox 1469 1375 1742 1432; x_wconf 78' lang='lat' dir='ltr'><strong>exteriore</strong></span> <span class='ocrx_word' id='word_1_100' title='bbox 1773 1381 1978 1436; x_wconf 91' lang='lat' dir='ltr'><strong>amictu</strong></span> <span class='ocrx_word' id='word_1_101' title='bbox 2034 1383 2114 1440; x_wconf 89' lang='lat' dir='ltr'><strong>lc-</strong></span> 
     </span>
    </p>
   </div>
   <div class='ocr_carea' id='block_1_15' title="bbox 545 1446 2117 1533">
    <p class='ocr_par' dir='ltr' id='par_1_15' title="bbox 545 1446 2117 1533">
     <span class='ocr_line' id='line_1_16' title="bbox 545 1446 2117 1533; baseline 0.023 -39"><span class='ocrx_word' id='word_1_102' title='bbox 545 1456 641 1512; x_wconf 79' lang='lat' dir='ltr'><strong>ges</strong></span> <span class='ocrx_word' id='word_1_103' title='bbox 673 1446 892 1516; x_wconf 88' lang='lat' dir='ltr'><strong>accipit,</strong></span> <span class='ocrx_word' id='word_1_104' title='bbox 926 1450 1141 1507; x_wconf 91' lang='lat' dir='ltr'><strong>initium</strong></span> <span class='ocrx_word' id='word_1_105' title='bbox 1164 1470 1274 1512; x_wconf 89' lang='lat' dir='ltr'><strong>non</strong></span> <span class='ocrx_word' id='word_1_106' title='bbox 1313 1458 1383 1513; x_wconf 85' lang='lat' dir='ltr'><strong>ab</strong></span> <span class='ocrx_word' id='word_1_107' title='bbox 1424 1461 1706 1533; x_wconf 91' lang='lat' dir='ltr'><strong>interiore,</strong></span> <span class='ocrx_word' id='word_1_108' title='bbox 1739 1469 1835 1525; x_wconf 87' lang='lat' dir='ltr'><strong>sed</strong></span> <span class='ocrx_word' id='word_1_109' title='bbox 1869 1472 1940 1527; x_wconf 87' lang='lat' dir='ltr'><strong>ab</strong></span> <span class='ocrx_word' id='word_1_110' title='bbox 1964 1482 2117 1529; x_wconf 81' lang='lat' dir='ltr'><strong>exte-</strong></span> 
     </span>
    </p>
   </div>
   <div class='ocr_carea' id='block_1_16' title="bbox 545 1534 2116 1623">
    <p class='ocr_par' dir='ltr' id='par_1_16' title="bbox 545 1534 2116 1623">
     <span class='ocr_line' id='line_1_17' title="bbox 545 1534 2116 1623; baseline 0.023 -37"><span class='ocrx_word' id='word_1_111' title='bbox 545 1534 694 1590; x_wconf 89' lang='lat' dir='ltr'><strong>riore</strong></span> <span class='ocrx_word' id='word_1_112' title='bbox 724 1536 958 1596; x_wconf 83' lang='lat' dir='ltr'><strong>faciente</strong></span> <span class='ocrx_word' id='word_1_113' title='bbox 987 1558 1242 1603; x_wconf 89' lang='lat' dir='ltr'><strong>sermone</strong></span> <span class='ocrx_word' id='word_1_114' title='bbox 1268 1568 1282 1604; x_wconf 86' lang='lat'><strong>:</strong></span> <span class='ocrx_word' id='word_1_115' title='bbox 1312 1554 1789 1623; x_wconf 83' lang='lat' dir='ltr'><strong>superbumeralia</strong></span> <span class='ocrx_word' id='word_1_116' title='bbox 1821 1563 1991 1621; x_wconf 88' lang='lat' dir='ltr'><strong>variis</strong></span> <span class='ocrx_word' id='word_1_117' title='bbox 2020 1581 2116 1621; x_wconf 88' lang='lat' dir='ltr'><strong>co-</strong></span> 
     </span>
    </p>
   </div>
   <div class='ocr_carea' id='block_1_17' title="bbox 547 1623 2114 1711">
    <p class='ocr_par' dir='ltr' id='par_1_17' title="bbox 547 1623 2114 1711">
     <span class='ocr_line' id='line_1_18' title="bbox 547 1623 2114 1711; baseline 0.024 -36"><span class='ocrx_word' id='word_1_118' title='bbox 547 1623 781 1693; x_wconf 89' lang='lat' dir='ltr'><strong>loribus,</strong></span> <span class='ocrx_word' id='word_1_119' title='bbox 813 1644 877 1684; x_wconf 77' lang='lat' dir='ltr'><strong>ex</strong></span> <span class='ocrx_word' id='word_1_120' title='bbox 916 1632 984 1688; x_wconf 86' lang='lat' dir='ltr'><strong>iis</strong></span> <span class='ocrx_word' id='word_1_121' title='bbox 1022 1636 1185 1694; x_wconf 87' lang='lat' dir='ltr'><strong>rebus</strong></span> <span class='ocrx_word' id='word_1_122' title='bbox 1223 1655 1291 1695; x_wconf 81' lang='lat' dir='ltr'><strong>ex</strong></span> <span class='ocrx_word' id='word_1_123' title='bbox 1319 1644 1521 1711; x_wconf 89' lang='lat' dir='ltr'><strong>quibus</strong></span> <span class='ocrx_word' id='word_1_124' title='bbox 1560 1648 1739 1703; x_wconf 86' lang='lat' dir='ltr'><strong>velum</strong></span> <span class='ocrx_word' id='word_1_125' title='bbox 1797 1664 2114 1711; x_wconf 80' lang='lat' dir='ltr'><strong>contextum</strong></span> 
     </span>
    </p>
   </div>
   <div class='ocr_carea' id='block_1_18' title="bbox 543 1723 2114 1807">
    <p class='ocr_par' dir='ltr' id='par_1_18' title="bbox 543 1723 2114 1807">
     <span class='ocr_line' id='line_1_19' title="bbox 543 1723 2114 1807; baseline 0.023 -38"><span class='ocrx_word' id='word_1_126' title='bbox 543 1723 682 1781; x_wconf 85' lang='lat' dir='ltr'><strong>erat,</strong></span> <span class='ocrx_word' id='word_1_127' title='bbox 716 1724 880 1789; x_wconf 89' lang='lat' dir='ltr'><strong>atque</strong></span> <span class='ocrx_word' id='word_1_128' title='bbox 902 1723 1129 1796; x_wconf 89' lang='lat' dir='ltr'><strong>insuper</strong></span> <span class='ocrx_word' id='word_1_129' title='bbox 1152 1742 1290 1785; x_wconf 89' lang='lat' dir='ltr'><strong>auro</strong></span> <span class='ocrx_word' id='word_1_130' title='bbox 1316 1733 1575 1791; x_wconf 88' lang='lat' dir='ltr'><strong>distincta</strong></span> <span class='ocrx_word' id='word_1_131' title='bbox 1601 1738 1841 1798; x_wconf 89' lang='lat' dir='ltr'><strong>fuerunt.</strong></span> <span class='ocrx_word' id='word_1_132' title='bbox 1872 1743 2114 1807; x_wconf 90' lang='lat' dir='ltr'><strong>Uncinos</strong></span> 
     </span>
    </p>
   </div>
   <div class='ocr_carea' id='block_1_19' title="bbox 543 1810 2187 1907">
    <p class='ocr_par' dir='ltr' id='par_1_19' title="bbox 543 1810 2187 1907">
     <span class='ocr_line' id='line_1_20' title="bbox 543 1810 2187 1907; baseline 0.025 -51"><span class='ocrx_word' id='word_1_133' title='bbox 543 1819 763 1876; x_wconf 89' lang='lat' dir='ltr'><strong>quoque</strong></span> <span class='ocrx_word' id='word_1_134' title='bbox 796 1810 993 1877; x_wconf 89' lang='lat' dir='ltr'><strong>quibus</strong></span> <span class='ocrx_word' id='word_1_135' title='bbox 1022 1819 1490 1887; x_wconf 84' lang='lat' dir='ltr'><strong>superhumeralia</strong></span> <span class='ocrx_word' id='word_1_136' title='bbox 1520 1841 1918 1890; x_wconf 89' lang='lat' dir='ltr'><strong>connectuntur</strong></span> <span class='ocrx_word' id='word_1_137' title='bbox 1959 1837 2107 1907; x_wconf 90' lang='lat' dir='ltr'><strong>fecit,</strong></span> <span class='ocrx_word' id='word_1_138' title='bbox 2141 1815 2187 1875; x_wconf 73' lang='grc' dir='ltr'><strong>Β</strong></span> 
     </span>
    </p>
   </div>
   <div class='ocr_carea' id='block_1_20' title="bbox 542 1902 2112 1989">
    <p class='ocr_par' dir='ltr' id='par_1_20' title="bbox 542 1902 2112 1989">
     <span class='ocr_line' id='line_1_21' title="bbox 542 1902 2112 1989; baseline 0.026 -41"><span class='ocrx_word' id='word_1_139' title='bbox 542 1905 596 1949; x_wconf 89' lang='lat' dir='ltr'><strong>et</strong></span> <span class='ocrx_word' id='word_1_140' title='bbox 625 1902 867 1956; x_wconf 85' lang='lat' dir='ltr'><strong>catenula</strong></span> <span class='ocrx_word' id='word_1_141' title='bbox 893 1910 1211 1979; x_wconf 79' lang='lat' dir='ltr'><strong>smaragdos</strong></span> <span class='ocrx_word' id='word_1_142' title='bbox 1243 1914 1297 1969; x_wconf 92' lang='lat' dir='ltr'><strong>in</strong></span> <span class='ocrx_word' id='word_1_143' title='bbox 1324 1916 1586 1974; x_wconf 88' lang='lat' dir='ltr'><strong>circulum</strong></span> <span class='ocrx_word' id='word_1_144' title='bbox 1620 1937 1754 1979; x_wconf 87' lang='lat' dir='ltr'><strong>auro</strong></span> <span class='ocrx_word' id='word_1_145' title='bbox 1781 1940 2112 1989; x_wconf 83' lang='lat' dir='ltr'><strong>connecten-</strong></span> 
     </span>
    </p>
   </div>
   <div class='ocr_carea' id='block_1_21' title="bbox 490 1990 2108 2093">
    <p class='ocr_par' dir='ltr' id='par_1_21' title="bbox 490 1990 2108 2093">
     <span class='ocr_line' id='line_1_22' title="bbox 490 1990 2108 2093; baseline 0.027 -55"><span class='ocrx_word' id='word_1_146' title='bbox 490 2020 495 2027; x_wconf 70' lang='grc' dir='ltr'><strong>ι</strong></span> <span class='ocrx_word' id='word_1_147' title='bbox 544 1994 646 2043; x_wconf 90' lang='lat' dir='ltr'><strong>tes.</strong></span> <span class='ocrx_word' id='word_1_148' title='bbox 676 1990 738 2046; x_wconf 90' lang='lat' dir='ltr'><strong>lli</strong></span> <span class='ocrx_word' id='word_1_149' title='bbox 778 1993 986 2065; x_wconf 87' lang='lat' dir='ltr'><strong>lapides</strong></span> <span class='ocrx_word' id='word_1_150' title='bbox 1012 2007 1124 2056; x_wconf 92' lang='lat' dir='ltr'><strong>tum</strong></span> <span class='ocrx_word' id='word_1_151' title='bbox 1158 2015 1351 2062; x_wconf 87' lang='lat' dir='ltr'><strong>natura</strong></span> <span class='ocrx_word' id='word_1_152' title='bbox 1381 2010 1581 2069; x_wconf 84' lang='lat' dir='ltr'><strong>virides</strong></span> <span class='ocrx_word' id='word_1_153' title='bbox 1609 2023 1772 2087; x_wconf 90' lang='lat' dir='ltr'><strong>atque</strong></span> <span class='ocrx_word' id='word_1_154' title='bbox 1818 2019 2108 2093; x_wconf 77' lang='lat' dir='ltr'><strong>fulgentes,</strong></span> 
     </span>
    </p>
   </div>
   <div class='ocr_carea' id='block_1_22' title="bbox 546 2084 2112 2171">
    <p class='ocr_par' dir='ltr' id='par_1_22' title="bbox 546 2084 2112 2171">
     <span class='ocr_line' id='line_1_23' title="bbox 546 2084 2112 2171; baseline 0.027 -41"><span class='ocrx_word' id='word_1_155' title='bbox 546 2084 660 2133; x_wconf 90' lang='lat' dir='ltr'><strong>tum</strong></span> <span class='ocrx_word' id='word_1_156' title='bbox 687 2085 968 2155; x_wconf 85' lang='lat' dir='ltr'><strong>sculptura</strong></span> <span class='ocrx_word' id='word_1_157' title='bbox 1005 2092 1287 2152; x_wconf 89' lang='lat' dir='ltr'><strong>mirabiles</strong></span> <span class='ocrx_word' id='word_1_158' title='bbox 1317 2100 1641 2161; x_wconf 84' lang='lat' dir='ltr'><strong>videbantur</strong></span> <span class='ocrx_word' id='word_1_159' title='bbox 1667 2084 1697 2163; x_wconf 19' lang='grc' dir='ltr'><strong><em>εὴ</em></strong></span> <span class='ocrx_word' id='word_1_160' title='bbox 1713 2124 1814 2167; x_wconf 89' lang='lat' dir='ltr'><strong>nec</strong></span> <span class='ocrx_word' id='word_1_161' title='bbox 1851 2084 1927 2168; x_wconf 73' lang='lat' dir='ltr'><strong>ad</strong></span> <span class='ocrx_word' id='word_1_162' title='bbox 1946 2115 2112 2171; x_wconf 88' lang='lat' dir='ltr'><strong>simu-</strong></span> 
     </span>
    </p>
   </div>
   <div class='ocr_carea' id='block_1_23' title="bbox 541 2168 2109 2266">
    <p class='ocr_par' dir='ltr' id='par_1_23' title="bbox 541 2168 2109 2266">
     <span class='ocr_line' id='line_1_24' title="bbox 541 2168 2109 2266; baseline 0.028 -45"><span class='ocrx_word' id='word_1_163' title='bbox 541 2168 809 2229; x_wconf 91' lang='lat' dir='ltr'><strong>lacrorum</strong></span> <span class='ocrx_word' id='word_1_164' title='bbox 845 2176 1069 2249; x_wconf 66' lang='lat' dir='ltr'><strong>figuram</strong></span> <span class='ocrx_word' id='word_1_165' title='bbox 1102 2186 1342 2258; x_wconf 86' lang='lat' dir='ltr'><strong>aliquam</strong></span> <span class='ocrx_word' id='word_1_166' title='bbox 1374 2195 1655 2266; x_wconf 85' lang='lat' dir='ltr'><strong>sculptura</strong></span> <span class='ocrx_word' id='word_1_167' title='bbox 1690 2168 1966 2259; x_wconf 55' lang='lat' dir='ltr'><strong>tendebat:</strong></span> 
     </span>
    </p>
   </div>
   <div class='ocr_carea' id='block_1_24' title="bbox 538 2262 2111 2365">
    <p class='ocr_par' dir='ltr' id='par_1_24' title="bbox 538 2262 2111 2365">
     <span class='ocr_line' id='line_1_25' title="bbox 538 2262 2111 2365; baseline 0.028 -54"><span class='ocrx_word' id='word_1_168' title='bbox 538 2262 975 2328; x_wconf 87' lang='lat' dir='ltr'><strong>patriarcharum</strong></span> <span class='ocrx_word' id='word_1_169' title='bbox 1026 2278 1251 2333; x_wconf 90' lang='lat' dir='ltr'><strong>nomina</strong></span> <span class='ocrx_word' id='word_1_170' title='bbox 1298 2296 1394 2336; x_wconf 83' lang='lat' dir='ltr'><strong>sex</strong></span> <span class='ocrx_word' id='word_1_171' title='bbox 1454 2262 1514 2339; x_wconf 73' lang='lat' dir='ltr'><strong>ni</strong></span> <span class='ocrx_word' id='word_1_172' title='bbox 1557 2289 1787 2358; x_wconf 75' lang='lat' dir='ltr'><strong>singulis</strong></span> <span class='ocrx_word' id='word_1_173' title='bbox 1838 2296 2111 2365; x_wconf 89' lang='lat' dir='ltr'><strong>lapidibus</strong></span> 
     </span>
    </p>
   </div>
   <div class='ocr_carea' id='block_1_25' title="bbox 538 2354 2109 2452">
    <p class='ocr_par' dir='ltr' id='par_1_25' title="bbox 538 2354 2109 2452">
     <span class='ocr_line' id='line_1_26' title="bbox 538 2354 2109 2452; baseline 0.029 -52"><span class='ocrx_word' id='word_1_174' title='bbox 538 2362 697 2405; x_wconf 87' lang='lat' dir='ltr'><strong>erant</strong></span> <span class='ocrx_word' id='word_1_175' title='bbox 729 2354 1035 2428; x_wconf 90' lang='lat' dir='ltr'><strong>impressa;</strong></span> <span class='ocrx_word' id='word_1_176' title='bbox 1069 2379 1135 2419; x_wconf 80' lang='lat' dir='ltr'><strong>ex</strong></span> <span class='ocrx_word' id='word_1_177' title='bbox 1169 2367 1254 2423; x_wconf 90' lang='lat' dir='ltr'><strong>his</strong></span> <span class='ocrx_word' id='word_1_178' title='bbox 1284 2371 1350 2424; x_wconf 80' lang='lat' dir='ltr'><strong>ad</strong></span> <span class='ocrx_word' id='word_1_179' title='bbox 1380 2377 1711 2434; x_wconf 89' lang='lat' dir='ltr'><strong>anteriorem</strong></span> <span class='ocrx_word' id='word_1_180' title='bbox 1753 2396 1961 2452; x_wconf 89' lang='lat' dir='ltr'><strong>partem</strong></span> <span class='ocrx_word' id='word_1_181' title='bbox 2003 2404 2109 2443; x_wconf 92' lang='lat' dir='ltr'><strong>un-</strong></span> 
     </span>
    </p>
   </div>
   <div class='ocr_carea' id='block_1_26' title="bbox 539 2440 2111 2540">
    <p class='ocr_par' dir='ltr' id='par_1_26' title="bbox 539 2440 2111 2540">
     <span class='ocr_line' id='line_1_27' title="bbox 539 2440 2111 2540; baseline 0.029 -48"><span class='ocrx_word' id='word_1_182' title='bbox 539 2440 651 2494; x_wconf 89' lang='lat' dir='ltr'><strong>cini</strong></span> <span class='ocrx_word' id='word_1_183' title='bbox 711 2446 930 2514; x_wconf 89' lang='lat' dir='ltr'><strong>quidem</strong></span> <span class='ocrx_word' id='word_1_184' title='bbox 970 2451 1375 2529; x_wconf 84' lang='lat' dir='ltr'><strong>dependebant,</strong></span> <span class='ocrx_word' id='word_1_185' title='bbox 1416 2472 1472 2521; x_wconf 88' lang='lat' dir='ltr'><strong>et</strong></span> <span class='ocrx_word' id='word_1_186' title='bbox 1534 2440 1869 2540; x_wconf 70' lang='lat' dir='ltr'><strong>complicata:</strong></span> <span class='ocrx_word' id='word_1_187' title='bbox 1903 2486 2111 2538; x_wconf 58' lang='lat' dir='ltr'><strong>catena:</strong></span> 
     </span>
    </p>
   </div>
   <div class='ocr_carea' id='block_1_27' title="bbox 539 2530 2111 2631">
    <p class='ocr_par' dir='ltr' id='par_1_27' title="bbox 539 2530 2111 2631">
     <span class='ocr_line' id='line_1_28' title="bbox 539 2530 2111 2631; baseline 0.029 -47"><span class='ocrx_word' id='word_1_188' title='bbox 539 2530 596 2585; x_wconf 92' lang='lat' dir='ltr'><strong>in</strong></span> <span class='ocrx_word' id='word_1_189' title='bbox 628 2548 688 2589; x_wconf 90' lang='lat' dir='ltr'><strong>se</strong></span> <span class='ocrx_word' id='word_1_190' title='bbox 717 2547 1067 2606; x_wconf 89' lang='lat' dir='ltr'><strong>permutatim</strong></span> <span class='ocrx_word' id='word_1_191' title='bbox 1107 2550 1161 2604; x_wconf 90' lang='lat' dir='ltr'><strong>in</strong></span> <span class='ocrx_word' id='word_1_192' title='bbox 1191 2556 1478 2621; x_wconf 85' lang='lat' dir='ltr'><strong>quemdam</strong></span> <span class='ocrx_word' id='word_1_193' title='bbox 1517 2575 1805 2620; x_wconf 88' lang='lat' dir='ltr'><strong>numerum</strong></span> <span class='ocrx_word' id='word_1_194' title='bbox 1849 2584 2111 2631; x_wconf 68' lang='lat' dir='ltr'><strong>connexa:</strong></span> 
     </span>
    </p>
   </div>
   <div class='ocr_carea' id='block_1_28' title="bbox 539 2629 2111 2722">
    <p class='ocr_par' dir='ltr' id='par_1_28' title="bbox 539 2629 2111 2722">
     <span class='ocr_line' id='line_1_29' title="bbox 539 2629 2111 2722; baseline 0.031 -47"><span class='ocrx_word' id='word_1_195' title='bbox 539 2633 703 2695; x_wconf 86' lang='lat' dir='ltr'><strong>atque</strong></span> <span class='ocrx_word' id='word_1_196' title='bbox 730 2629 1064 2704; x_wconf 87' lang='lat' dir='ltr'><strong>rhythmum,</strong></span> <span class='ocrx_word' id='word_1_197' title='bbox 1099 2640 1151 2693; x_wconf 91' lang='lat' dir='ltr'><strong>in</strong></span> <span class='ocrx_word' id='word_1_198' title='bbox 1180 2645 1400 2701; x_wconf 91' lang='lat' dir='ltr'><strong>modum</strong></span> <span class='ocrx_word' id='word_1_199' title='bbox 1432 2652 1565 2707; x_wconf 89' lang='lat' dir='ltr'><strong>retis</strong></span> <span class='ocrx_word' id='word_1_200' title='bbox 1592 2669 1621 2707; x_wconf 87' lang='lat' dir='ltr'><strong>a</strong></span> <span class='ocrx_word' id='word_1_201' title='bbox 1656 2656 1837 2717; x_wconf 80' lang='lat' dir='ltr'><strong>fibulis</strong></span> <span class='ocrx_word' id='word_1_202' title='bbox 1869 2676 2111 2722; x_wconf 81' lang='lat' dir='ltr'><strong>ex-utra-</strong></span> 
     </span>
    </p>
   </div>
   <div class='ocr_carea' id='block_1_29' title="bbox 534 2723 2107 2830">
    <p class='ocr_par' dir='ltr' id='par_1_29' title="bbox 534 2723 2107 2830">
     <span class='ocr_line' id='line_1_30' title="bbox 534 2723 2107 2830; baseline 0.03 -62"><span class='ocrx_word' id='word_1_203' title='bbox 534 2730 642 2784; x_wconf 91' lang='lat' dir='ltr'><strong>que</strong></span> <span class='ocrx_word' id='word_1_204' title='bbox 672 2730 825 2790; x_wconf 86' lang='lat' dir='ltr'><strong>parte</strong></span> <span class='ocrx_word' id='word_1_205' title='bbox 857 2723 1092 2799; x_wconf 83' lang='lat' dir='ltr'><strong>desuper</strong></span> <span class='ocrx_word' id='word_1_206' title='bbox 1134 2733 1203 2788; x_wconf 89' lang='lat' dir='ltr'><strong>ab</strong></span> <span class='ocrx_word' id='word_1_207' title='bbox 1242 2738 1457 2797; x_wconf 88' lang='lat' dir='ltr'><strong>uncinis</strong></span> <span class='ocrx_word' id='word_1_208' title='bbox 1498 2755 1759 2816; x_wconf 78' lang='lat' dir='ltr'><strong>extensae,</strong></span> <span class='ocrx_word' id='word_1_209' title='bbox 1814 2762 1872 2807; x_wconf 93' lang='lat' dir='ltr'><strong>ut</strong></span> <span class='ocrx_word' id='word_1_210' title='bbox 1932 2759 2107 2830; x_wconf 77' lang='lat' dir='ltr'><strong>magis</strong></span> 
     </span>
    </p>
   </div>
   <div class='ocr_carea' id='block_1_30' title="bbox 533 2810 2107 2907">
    <p class='ocr_par' dir='ltr' id='par_1_30' title="bbox 533 2810 2107 2907">
     <span class='ocr_line' id='line_1_31' title="bbox 533 2810 2107 2907; baseline 0.034 -51"><span class='ocrx_word' id='word_1_211' title='bbox 533 2810 806 2866; x_wconf 83' lang='lat' dir='ltr'><strong>connexio</strong></span> <span class='ocrx_word' id='word_1_212' title='bbox 834 2817 1199 2891; x_wconf 70' lang='lat' dir='ltr'><strong>przefulgeret.</strong></span> <span class='ocrx_word' id='word_1_213' title='bbox 1239 2827 1299 2881; x_wconf 84' lang='lat' dir='ltr'><strong>in</strong></span> <span class='ocrx_word' id='word_1_214' title='bbox 1338 2828 1424 2886; x_wconf 87' lang='lat' dir='ltr'><strong>his</strong></span> <span class='ocrx_word' id='word_1_215' title='bbox 1446 2842 1566 2888; x_wconf 90' lang='lat' dir='ltr'><strong>erat</strong></span> <span class='ocrx_word' id='word_1_216' title='bbox 1605 2853 1672 2893; x_wconf 74' lang='lat' dir='ltr'><strong>ex</strong></span> <span class='ocrx_word' id='word_1_217' title='bbox 1702 2810 1836 2899; x_wconf 82' lang='lat' dir='ltr'><strong>auro</strong></span> <span class='ocrx_word' id='word_1_218' title='bbox 1867 2810 2107 2907; x_wconf 56' lang='lat' dir='ltr'><strong>fabrica-</strong></span> 
     </span>
    </p>
   </div>
   <div class='ocr_carea' id='block_1_31' title="bbox 535 2900 2104 3010">
    <p class='ocr_par' dir='ltr' id='par_1_31' title="bbox 535 2900 2104 3010">
     <span class='ocr_line' id='line_1_32' title="bbox 535 2900 2104 3010; baseline 0.033 -61"><span class='ocrx_word' id='word_1_219' title='bbox 535 2905 624 2952; x_wconf 92' lang='lat' dir='ltr'><strong>tus</strong></span> <span class='ocrx_word' id='word_1_220' title='bbox 654 2900 745 2956; x_wconf 90' lang='lat' dir='ltr'><strong>illc</strong></span> <span class='ocrx_word' id='word_1_221' title='bbox 768 2917 996 2964; x_wconf 87' lang='lat' dir='ltr'><strong>ornatus</strong></span> <span class='ocrx_word' id='word_1_222' title='bbox 1018 2919 1276 2985; x_wconf 81' lang='lat' dir='ltr'><strong>pectoris,</strong></span> <span class='ocrx_word' id='word_1_223' title='bbox 1297 2921 1351 2976; x_wconf 91' lang='lat' dir='ltr'><strong>in</strong></span> <span class='ocrx_word' id='word_1_224' title='bbox 1376 2940 1486 2995; x_wconf 91' lang='lat' dir='ltr'><strong>quo</strong></span> <span class='ocrx_word' id='word_1_225' title='bbox 1509 2928 1708 2989; x_wconf 86' lang='lat' dir='ltr'><strong>diversi</strong></span> <span class='ocrx_word' id='word_1_226' title='bbox 1737 2951 1837 3006; x_wconf 89' lang='lat' dir='ltr'><strong>pro</strong></span> <span class='ocrx_word' id='word_1_227' title='bbox 1870 2944 2104 3010; x_wconf 79' lang='lat' dir='ltr'><strong>patriar-</strong></span> 
     </span>
     <span class='ocr_line' id='line_1_33' title="bbox 542 2989 1159 3010; baseline 0.034 -21"><span class='ocrx_word' id='word_1_228' title='bbox 542 2989 703 3010; x_wconf 10' lang='lat' dir='ltr'><strong>_.__7M</strong></span> <span class='ocrx_word' id='word_1_229' title='bbox 1059 3006 1070 3010; x_wconf 95' lang='lat'><strong>_</strong></span> <span class='ocrx_word' id='word_1_230' title='bbox 1154 3009 1159 3010; x_wconf 63' lang='lat'><strong><em>,</em></strong></span> 
     </span>
    </p>
   </div>
   <div class='ocr_carea' id='block_1_32' title="bbox 535 2989 2104 3107">
    <p class='ocr_par' dir='ltr' id='par_1_32' title="bbox 535 2989 2104 3107">
     <span class='ocr_line' id='line_1_34' title="bbox 1390 2989 2069 3010; baseline 0.031 -15"><span class='ocrx_word' id='word_1_231' title='bbox 1390 2989 1408 2995; x_wconf 86' lang='lat'>_</span> <span class='ocrx_word' id='word_1_232' title='bbox 1737 2989 1761 3006; x_wconf 69' lang='grc' dir='ltr'><em>τ</em></span> <span class='ocrx_word' id='word_1_233' title='bbox 1780 2989 1787 2991; x_wconf 36' lang='grc' dir='ltr'><strong><em>έ</em></strong></span> <span class='ocrx_word' id='word_1_234' title='bbox 1812 2989 1828 2993; x_wconf 65' lang='grc' dir='ltr'>ν</span> <span class='ocrx_word' id='word_1_235' title='bbox 1870 2989 1983 3010; x_wconf 81' lang='lat' dir='ltr'><strong>r&quot;&quot;</strong></span> <span class='ocrx_word' id='word_1_236' title='bbox 1999 2989 2069 3000; x_wconf 71' lang='grc'><strong>⁸⁸·-</strong></span> 
     </span>
     <span class='ocr_line' id='line_1_35' title="bbox 535 2989 2104 3107; baseline 0.033 -66"><span class='ocrx_word' id='word_1_237' title='bbox 535 2989 762 3047; x_wconf 88' lang='lat' dir='ltr'><strong>charum</strong></span> <span class='ocrx_word' id='word_1_238' title='bbox 792 3013 1020 3058; x_wconf 90' lang='lat' dir='ltr'><strong>numero</strong></span> <span class='ocrx_word' id='word_1_239' title='bbox 1057 3006 1265 3078; x_wconf 88' lang='lat' dir='ltr'><strong>lapides</strong></span> <span class='ocrx_word' id='word_1_240' title='bbox 1294 3022 1404 3072; x_wconf 92' lang='lat' dir='ltr'><strong>tres</strong></span> <span class='ocrx_word' id='word_1_241' title='bbox 1432 3017 1487 3073; x_wconf 92' lang='lat' dir='ltr'><strong>in</strong></span> <span class='ocrx_word' id='word_1_242' title='bbox 1520 3021 1753 3094; x_wconf 83' lang='lat' dir='ltr'><strong>singulis</strong></span> <span class='ocrx_word' id='word_1_243' title='bbox 1782 3032 2068 3094; x_wconf 85' lang='lat' dir='ltr'><strong>ordinibus</strong></span> <span class='ocrx_word' id='word_1_244' title='bbox 2087 3079 2104 3107; x_wconf 95' lang='lat'><strong>,</strong></span> 
     </span>
     <span class='ocr_line' id='line_1_36' title="bbox 535 3081 1078 3107; baseline 0.026 0"><span class='ocrx_word' id='word_1_245' title='bbox 535 3081 754 3107; x_wconf 62' lang='grc' dir='ltr'><strong>Λ-Ᾱζη--</strong></span> <span class='ocrx_word' id='word_1_246' title='bbox 789 3101 905 3107; x_wconf 48' lang='grc' dir='ltr'><strong>-υς-</strong></span> <span class='ocrx_word' id='word_1_247' title='bbox 1057 3096 1078 3107; x_wconf 77' lang='grc'><strong><em>⁸</em></strong></span> 
     </span>
    </p>
   </div>
   <div class='ocr_carea' id='block_1_33' title="bbox 533 3081 1836 3174">
    <p class='ocr_par' dir='ltr' id='par_1_33' title="bbox 533 3081 1836 3174">
     <span class='ocr_line' id='line_1_37' title="bbox 533 3081 1836 3174; baseline 0.033 -42"><span class='ocrx_word' id='word_1_248' title='bbox 533 3081 756 3141; x_wconf 90' lang='lat' dir='ltr'><strong>ordines</strong></span> <span class='ocrx_word' id='word_1_249' title='bbox 781 3101 1018 3158; x_wconf 89' lang='lat' dir='ltr'><strong>quatuor</strong></span> <span class='ocrx_word' id='word_1_250' title='bbox 1052 3096 1293 3171; x_wconf 90' lang='lat' dir='ltr'><strong>fuerunt,</strong></span> <span class='ocrx_word' id='word_1_251' title='bbox 1349 3108 1590 3167; x_wconf 89' lang='lat' dir='ltr'><strong>tribuum</strong></span> <span class='ocrx_word' id='word_1_252' title='bbox 1653 3121 1836 3174; x_wconf 88' lang='lat' dir='ltr'><strong>nomin</strong></span> 
     </span>
    </p>
   </div>
   <div class='ocr_carea' id='block_1_34' title="bbox 535 3176 2106 3283">
    <p class='ocr_par' dir='ltr' id='par_1_34' title="bbox 535 3176 2106 3283">
     <span class='ocr_line' id='line_1_38' title="bbox 535 3176 2106 3283; baseline 0.033 -59"><span class='ocrx_word' id='word_1_253' title='bbox 535 3176 926 3242; x_wconf 85' lang='lat' dir='ltr'><strong>exprimentes.</strong></span> <span class='ocrx_word' id='word_1_254' title='bbox 959 3185 1018 3240; x_wconf 89' lang='lat' dir='ltr'><strong>In</strong></span> <span class='ocrx_word' id='word_1_255' title='bbox 1056 3188 1142 3245; x_wconf 87' lang='lat' dir='ltr'><strong>his</strong></span> <span class='ocrx_word' id='word_1_256' title='bbox 1182 3202 1301 3248; x_wconf 91' lang='lat' dir='ltr'><strong>erat</strong></span> <span class='ocrx_word' id='word_1_257' title='bbox 1333 3201 1518 3256; x_wconf 88' lang='lat' dir='ltr'><strong>tunica</strong></span> <span class='ocrx_word' id='word_1_258' title='bbox 1566 3203 1710 3263; x_wconf 89' lang='lat' dir='ltr'><strong>intra</strong></span> <span class='ocrx_word' id='word_1_259' title='bbox 1747 3215 2106 3283; x_wconf 80' lang='lat' dir='ltr'><strong>superhume-</strong></span> 
     </span>
    </p>
   </div>
   <div class='ocr_carea' id='block_1_35' title="bbox 536 3266 2103 3383">
    <p class='ocr_par' dir='ltr' id='par_1_35' title="bbox 536 3266 2103 3383">
     <span class='ocr_line' id='line_1_39' title="bbox 536 3266 2103 3383; baseline 0.033 -66"><span class='ocrx_word' id='word_1_260' title='bbox 536 3266 673 3320; x_wconf 86' lang='lat' dir='ltr'><strong>ralia</strong></span> <span class='ocrx_word' id='word_1_261' title='bbox 700 3271 768 3326; x_wconf 87' lang='lat' dir='ltr'><strong>ad</strong></span> <span class='ocrx_word' id='word_1_262' title='bbox 803 3276 943 3333; x_wconf 84' lang='lat' dir='ltr'><strong>talos</strong></span> <span class='ocrx_word' id='word_1_263' title='bbox 983 3294 1013 3333; x_wconf 89' lang='lat' dir='ltr'><strong>a</strong></span> <span class='ocrx_word' id='word_1_264' title='bbox 1037 3284 1342 3345; x_wconf 78' lang='lat' dir='ltr'><strong>cervicibus</strong></span> <span class='ocrx_word' id='word_1_265' title='bbox 1371 3290 1613 3365; x_wconf 84' lang='lat' dir='ltr'><strong>delapsa,</strong></span> <span class='ocrx_word' id='word_1_266' title='bbox 1636 3298 1970 3363; x_wconf 82' lang='lat' dir='ltr'><strong>fimbriarum</strong></span> <span class='ocrx_word' id='word_1_267' title='bbox 2004 3325 2103 3383; x_wconf 82' lang='lat' dir='ltr'><strong>ap-</strong></span> 
     </span>
     <span class='ocr_line' id='line_1_40' title="bbox 538 3359 1028 3383; baseline 0.024 -1"><span class='ocrx_word' id='word_1_268' title='bbox 538 3359 842 3383; x_wconf 59' lang='grc' dir='ltr'><strong>-εηηιιξη-Λε-</strong></span> <span class='ocrx_word' id='word_1_269' title='bbox 1016 3372 1028 3383; x_wconf 77' lang='grc' dir='ltr'><strong><em>ο</em></strong></span> 
     </span>
    </p>
   </div>
   <div class='ocr_carea' id='block_1_36' title="bbox 538 3359 2099 3459">
    <p class='ocr_par' dir='ltr' id='par_1_36' title="bbox 538 3359 2099 3459">
     <span class='ocr_line' id='line_1_41' title="bbox 1494 3359 2071 3383; baseline 0.033 -18"><span class='ocrx_word' id='word_1_270' title='bbox 1494 3359 1511 3365; x_wconf 82' lang='grc'><strong><em>-</em></strong></span> <span class='ocrx_word' id='word_1_271' title='bbox 1601 3359 1607 3361; x_wconf 55' lang='grc' dir='ltr'><em>ν</em></span> <span class='ocrx_word' id='word_1_272' title='bbox 1854 3359 1969 3363; x_wconf 29' lang='grc' dir='ltr'><strong>ί-τη</strong></span> <span class='ocrx_word' id='word_1_273' title='bbox 2005 3359 2071 3383; x_wconf 72' lang='grc' dir='ltr'><strong>’Ἰν</strong></span> 
     </span>
     <span class='ocr_line' id='line_1_42' title="bbox 538 3359 2099 3459; baseline 0.032 -50"><span class='ocrx_word' id='word_1_274' title='bbox 538 3359 842 3423; x_wconf 73' lang='lat' dir='ltr'><strong>pendieulis</strong></span> <span class='ocrx_word' id='word_1_275' title='bbox 872 3372 1393 3437; x_wconf 85' lang='lat' dir='ltr'><strong>concinneornata:</strong></span> <span class='ocrx_word' id='word_1_276' title='bbox 1447 3384 1502 3440; x_wconf 92' lang='lat' dir='ltr'><strong>in</strong></span> <span class='ocrx_word' id='word_1_277' title='bbox 1557 3387 1641 3444; x_wconf 88' lang='lat' dir='ltr'><strong>bis</strong></span> <span class='ocrx_word' id='word_1_278' title='bbox 1699 3403 1816 3449; x_wconf 89' lang='lat' dir='ltr'><strong>erat</strong></span> <span class='ocrx_word' id='word_1_279' title='bbox 1876 3399 2099 3459; x_wconf 88' lang='lat' dir='ltr'><strong>inferior</strong></span> 
     </span>
    </p>
   </div>
   <div class='ocr_carea' id='block_1_37' title="bbox 535 3447 2105 3552">
    <p class='ocr_par' dir='ltr' id='par_1_37' title="bbox 535 3447 2105 3552">
     <span class='ocr_line' id='line_1_43' title="bbox 535 3447 2105 3552; baseline 0.032 -50"><span class='ocrx_word' id='word_1_280' title='bbox 535 3447 757 3520; x_wconf 88' lang='lat' dir='ltr'><strong>limbus,</strong></span> <span class='ocrx_word' id='word_1_281' title='bbox 786 3472 895 3512; x_wconf 92' lang='lat' dir='ltr'><strong>non</strong></span> <span class='ocrx_word' id='word_1_282' title='bbox 927 3468 1154 3520; x_wconf 66' lang='lat' dir='ltr'><strong>texturae</strong></span> <span class='ocrx_word' id='word_1_283' title='bbox 1181 3472 1442 3531; x_wconf 84' lang='lat' dir='ltr'><strong>varietate</strong></span> <span class='ocrx_word' id='word_1_284' title='bbox 1468 3480 1664 3548; x_wconf 91' lang='lat' dir='ltr'><strong>solum,</strong></span> <span class='ocrx_word' id='word_1_285' title='bbox 1703 3500 1888 3543; x_wconf 78' lang='lat' dir='ltr'><strong>verum</strong></span> <span class='ocrx_word' id='word_1_286' title='bbox 1939 3496 2105 3552; x_wconf 90' lang='lat' dir='ltr'><strong>etiam</strong></span> 
     </span>
    </p>
   </div>
   <div class='ocr_carea' id='block_1_38' title="bbox 532 3544 2107 3643">
    <p class='ocr_par' dir='ltr' id='par_1_38' title="bbox 532 3544 2107 3643">
     <span class='ocr_line' id='line_1_44' title="bbox 532 3544 2107 3643; baseline 0.033 -51"><span class='ocrx_word' id='word_1_287' title='bbox 532 3544 713 3599; x_wconf 87' lang='lat' dir='ltr'><strong>aureis</strong></span> <span class='ocrx_word' id='word_1_288' title='bbox 747 3553 1120 3619; x_wconf 87' lang='lat' dir='ltr'><strong>appendiculis</strong></span> <span class='ocrx_word' id='word_1_289' title='bbox 1139 3562 1561 3630; x_wconf 89' lang='lat' dir='ltr'><strong>pulcherrimus.</strong></span> <span class='ocrx_word' id='word_1_290' title='bbox 1587 3574 1710 3632; x_wconf 68' lang='lat' dir='ltr'><strong>Haec</strong></span> <span class='ocrx_word' id='word_1_291' title='bbox 1728 3589 1910 3638; x_wconf 87' lang='lat' dir='ltr'><strong>autem</strong></span> <span class='ocrx_word' id='word_1_292' title='bbox 1944 3597 2107 3643; x_wconf 82' lang='lat' dir='ltr'><strong>erant</strong></span> 
     </span>
    </p>
   </div>
   <div class='ocr_carea' id='block_1_39' title="bbox 533 3639 2103 3736">
    <p class='ocr_par' dir='ltr' id='par_1_39' title="bbox 533 3639 2103 3736">
     <span class='ocr_line' id='line_1_45' title="bbox 533 3639 2103 3736; baseline 0.033 -51"><span class='ocrx_word' id='word_1_293' title='bbox 533 3646 697 3690; x_wconf 89' lang='lat' dir='ltr'><strong>aurea</strong></span> <span class='ocrx_word' id='word_1_294' title='bbox 722 3639 1105 3713; x_wconf 89' lang='lat' dir='ltr'><strong>tintinnabula,</strong></span> <span class='ocrx_word' id='word_1_295' title='bbox 1150 3668 1420 3728; x_wconf 89' lang='lat' dir='ltr'><strong>pomaque</strong></span> <span class='ocrx_word' id='word_1_296' title='bbox 1469 3666 1668 3732; x_wconf 86' lang='lat' dir='ltr'><strong>punica</strong></span> <span class='ocrx_word' id='word_1_297' title='bbox 1727 3673 1970 3732; x_wconf 82' lang='lat' dir='ltr'><strong>vicissim</strong></span> <span class='ocrx_word' id='word_1_298' title='bbox 2017 3681 2103 3736; x_wconf 84' lang='lat' dir='ltr'><strong>di-</strong></span> 
     </span>
    </p>
   </div>
   <div class='ocr_carea' id='block_1_40' title="bbox 532 3729 2101 3837">
    <p class='ocr_par' dir='ltr' id='par_1_40' title="bbox 532 3729 2101 3837">
     <span class='ocr_line' id='line_1_46' title="bbox 532 3729 2101 3837; baseline 0.033 -61"><span class='ocrx_word' id='word_1_299' title='bbox 532 3733 680 3781; x_wconf 87' lang='lat' dir='ltr'><strong>ctum</strong></span> <span class='ocrx_word' id='word_1_300' title='bbox 715 3729 939 3788; x_wconf 91' lang='lat' dir='ltr'><strong>limbum</strong></span> <span class='ocrx_word' id='word_1_301' title='bbox 976 3741 1259 3802; x_wconf 89' lang='lat' dir='ltr'><strong>ambiunt:</strong></span> <span class='ocrx_word' id='word_1_302' title='bbox 1288 3758 1398 3804; x_wconf 89' lang='lat' dir='ltr'><strong>tum</strong></span> <span class='ocrx_word' id='word_1_303' title='bbox 1428 3729 1621 3825; x_wconf 79' lang='lat' dir='ltr'><strong>capitis</strong></span> <span class='ocrx_word' id='word_1_304' title='bbox 1648 3761 1800 3829; x_wconf 87' lang='lat' dir='ltr'><strong>vitta,</strong></span> <span class='ocrx_word' id='word_1_305' title='bbox 1831 3782 1952 3837; x_wconf 66' lang='lat' dir='ltr'><strong>qua:</strong></span> <span class='ocrx_word' id='word_1_306' title='bbox 1988 3777 2101 3828; x_wconf 89' lang='lat' dir='ltr'><strong>tota</strong></span> 
     </span>
     <span class='ocr_line' id='line_1_47' title="bbox 533 3814 1229 3837; baseline 0.032 0"><span class='ocrx_word' id='word_1_307' title='bbox 533 3814 632 3837; x_wconf 58' lang='grc' dir='ltr'><strong>ρης.</strong></span> <span class='ocrx_word' id='word_1_308' title='bbox 694 3820 708 3837; x_wconf 90' lang='grc'><strong><em>-</em></strong></span> <span class='ocrx_word' id='word_1_309' title='bbox 835 3826 847 3836; x_wconf 74' lang='grc' dir='ltr'><strong>ο</strong></span> <span class='ocrx_word' id='word_1_310' title='bbox 1226 3836 1229 3837; x_wconf 53' lang='grc' dir='ltr'><strong>ν</strong></span> 
     </span>
    </p>
   </div>
   <div class='ocr_carea' id='block_1_41' title="bbox 531 3814 2102 3919">
    <p class='ocr_par' dir='ltr' id='par_1_41' title="bbox 531 3814 2102 3919">
     <span class='ocr_line' id='line_1_48' title="bbox 531 3814 2102 3919; baseline 0.031 -50"><span class='ocrx_word' id='word_1_311' title='bbox 531 3814 635 3871; x_wconf 89' lang='lat' dir='ltr'><strong>fuit</strong></span> <span class='ocrx_word' id='word_1_312' title='bbox 692 3820 1045 3893; x_wconf 84' lang='lat' dir='ltr'><strong>hyacinthina</strong></span> <span class='ocrx_word' id='word_1_313' title='bbox 1075 3873 1090 3897; x_wconf 95' lang='lat'><strong>,</strong></span> <span class='ocrx_word' id='word_1_314' title='bbox 1126 3841 1181 3888; x_wconf 88' lang='lat' dir='ltr'><strong>et</strong></span> <span class='ocrx_word' id='word_1_315' title='bbox 1221 3836 1423 3896; x_wconf 88' lang='lat' dir='ltr'><strong>lamina</strong></span> <span class='ocrx_word' id='word_1_316' title='bbox 1477 3814 1751 3913; x_wconf 74' lang='lat' dir='ltr'><strong>pontificis</strong></span> <span class='ocrx_word' id='word_1_317' title='bbox 1786 3814 2102 3919; x_wconf 38' lang='lat' dir='ltr'><strong>vimminens</strong></span> 
     </span>
    </p>
   </div>
   <div class='ocr_carea' id='block_1_42' title="bbox 530 3904 2095 4018">
    <p class='ocr_par' dir='ltr' id='par_1_42' title="bbox 530 3904 2095 4018">
     <span class='ocr_line' id='line_1_49' title="bbox 530 3904 2095 4018; baseline 0.029 -59"><span class='ocrx_word' id='word_1_318' title='bbox 530 3904 699 3964; x_wconf 82' lang='lat' dir='ltr'><strong>fronti</strong></span> <span class='ocrx_word' id='word_1_319' title='bbox 728 3928 795 3967; x_wconf 78' lang='lat' dir='ltr'><strong>ex</strong></span> <span class='ocrx_word' id='word_1_320' title='bbox 824 3930 960 3972; x_wconf 91' lang='lat' dir='ltr'><strong>auro</strong></span> <span class='ocrx_word' id='word_1_321' title='bbox 993 3922 1312 3993; x_wconf 87' lang='lat' dir='ltr'><strong>purissimo,</strong></span> <span class='ocrx_word' id='word_1_322' title='bbox 1351 3904 1714 3995; x_wconf 59' lang='lat' dir='ltr'><strong>inelfabilibus</strong></span> <span class='ocrx_word' id='word_1_323' title='bbox 1739 3941 1937 4002; x_wconf 84' lang='lat' dir='ltr'><strong>litteris</strong></span> <span class='ocrx_word' id='word_1_324' title='bbox 1965 3949 2095 4018; x_wconf 88' lang='lat' dir='ltr'><strong>qui-</strong></span> 
     </span>
    </p>
   </div>
   <div class='ocr_carea' id='block_1_43' title="bbox 530 3999 2103 4100">
    <p class='ocr_par' dir='ltr' id='par_1_43' title="bbox 530 3999 2103 4100">
     <span class='ocr_line' id='line_1_50' title="bbox 530 3999 2103 4100; baseline 0.032 -49"><span class='ocrx_word' id='word_1_325' title='bbox 530 3999 760 4056; x_wconf 87' lang='lat' dir='ltr'><strong>busdam</strong></span> <span class='ocrx_word' id='word_1_326' title='bbox 822 4019 1067 4074; x_wconf 79' lang='lat' dir='ltr'><strong>exarata,</strong></span> <span class='ocrx_word' id='word_1_327' title='bbox 1121 4025 1175 4068; x_wconf 89' lang='lat' dir='ltr'><strong>et</strong></span> <span class='ocrx_word' id='word_1_328' title='bbox 1229 4020 1509 4090; x_wconf 78' lang='lat' dir='ltr'><strong>cingulum</strong></span> <span class='ocrx_word' id='word_1_329' title='bbox 1566 4044 1675 4097; x_wconf 84' lang='lat' dir='ltr'><strong>quo</strong></span> <span class='ocrx_word' id='word_1_330' title='bbox 1735 4035 2103 4100; x_wconf 84' lang='lat' dir='ltr'><strong>circumfusus</strong></span> 
     </span>
    </p>
   </div>
   <div class='ocr_carea' id='block_1_44' title="bbox 530 4090 2102 4189">
    <p class='ocr_par' dir='ltr' id='par_1_44' title="bbox 530 4090 2102 4189">
     <span class='ocr_line' id='line_1_51' title="bbox 530 4090 2102 4189; baseline 0.031 -48"><span class='ocrx_word' id='word_1_331' title='bbox 530 4090 766 4149; x_wconf 77' lang='lat' dir='ltr'><strong>amictus</strong></span> <span class='ocrx_word' id='word_1_332' title='bbox 826 4100 1216 4172; x_wconf 84' lang='lat' dir='ltr'><strong>stringebatur,</strong></span> <span class='ocrx_word' id='word_1_333' title='bbox 1274 4119 1328 4164; x_wconf 89' lang='lat' dir='ltr'><strong>et</strong></span> <span class='ocrx_word' id='word_1_334' title='bbox 1375 4124 1599 4173; x_wconf 86' lang='lat' dir='ltr'><strong>ornatus</strong></span> <span class='ocrx_word' id='word_1_335' title='bbox 1655 4125 1960 4185; x_wconf 88' lang='lat' dir='ltr'><strong>occultior:</strong></span> <span class='ocrx_word' id='word_1_336' title='bbox 2038 4148 2102 4189; x_wconf 91' lang='lat' dir='ltr'><strong>ac</strong></span> 
     </span>
    </p>
   </div>
   <div class='ocr_carea' id='block_1_45' title="bbox 530 4192 2104 4293">
    <p class='ocr_par' dir='ltr' id='par_1_45' title="bbox 530 4192 2104 4293">
     <span class='ocr_line' id='line_1_52' title="bbox 530 4192 2104 4293; baseline 0.029 -57"><span class='ocrx_word' id='word_1_337' title='bbox 530 4192 723 4239; x_wconf 58' lang='lat' dir='ltr'><strong>caetera</strong></span> <span class='ocrx_word' id='word_1_338' title='bbox 755 4192 939 4245; x_wconf 89' lang='lat' dir='ltr'><strong>omnia</strong></span> <span class='ocrx_word' id='word_1_339' title='bbox 973 4211 1093 4264; x_wconf 69' lang='lat' dir='ltr'><strong>quae</strong></span> <span class='ocrx_word' id='word_1_340' title='bbox 1126 4213 1222 4266; x_wconf 90' lang='lat' dir='ltr'><strong>per</strong></span> <span class='ocrx_word' id='word_1_341' title='bbox 1253 4204 1545 4275; x_wconf 69' lang='lat' dir='ltr'><strong>aenigmata</strong></span> <span class='ocrx_word' id='word_1_342' title='bbox 1572 4211 1623 4265; x_wconf 93' lang='lat' dir='ltr'><strong>in</strong></span> <span class='ocrx_word' id='word_1_343' title='bbox 1654 4217 1890 4275; x_wconf 88' lang='lat' dir='ltr'><strong>amictus</strong></span> <span class='ocrx_word' id='word_1_344' title='bbox 1919 4226 2104 4293; x_wconf 87' lang='lat' dir='ltr'><strong>specie</strong></span> 
     </span>
    </p>
   </div>
   <div class='ocr_carea' id='block_1_46' title="bbox 528 4278 2102 4373">
    <p class='ocr_par' dir='ltr' id='par_1_46' title="bbox 528 4278 2102 4373">
     <span class='ocr_line' id='line_1_53' title="bbox 528 4278 2102 4373; baseline 0.029 -45"><span class='ocrx_word' id='word_1_345' title='bbox 528 4278 922 4337; x_wconf 65' lang='lat' dir='ltr'><strong>Sacerdotalem</strong></span> <span class='ocrx_word' id='word_1_346' title='bbox 952 4290 1248 4347; x_wconf 87' lang='lat' dir='ltr'><strong>ostendunt</strong></span> <span class='ocrx_word' id='word_1_347' title='bbox 1278 4295 1556 4355; x_wconf 88' lang='lat' dir='ltr'><strong>virtutem.</strong></span> <span class='ocrx_word' id='word_1_348' title='bbox 1594 4302 1719 4361; x_wconf 65' lang='lat' dir='ltr'><strong>Haec</strong></span> <span class='ocrx_word' id='word_1_349' title='bbox 1754 4323 1876 4365; x_wconf 92' lang='lat' dir='ltr'><strong>cum</strong></span> <span class='ocrx_word' id='word_1_350' title='bbox 1908 4315 2102 4373; x_wconf 89' lang='lat' dir='ltr'><strong>invisi-</strong></span> 
     </span>
    </p>
   </div>
   <div class='ocr_carea' id='block_1_47' title="bbox 527 4367 2096 4477">
    <p class='ocr_par' dir='ltr' id='par_1_47' title="bbox 527 4367 2096 4477">
     <span class='ocr_line' id='line_1_54' title="bbox 527 4367 2096 4477; baseline 0.027 -54"><span class='ocrx_word' id='word_1_351' title='bbox 527 4367 622 4423; x_wconf 76' lang='lat' dir='ltr'><strong>bili</strong></span> <span class='ocrx_word' id='word_1_352' title='bbox 649 4371 751 4425; x_wconf 89' lang='lat' dir='ltr'><strong>ista</strong></span> <span class='ocrx_word' id='word_1_353' title='bbox 781 4377 1017 4435; x_wconf 85' lang='lat' dir='ltr'><strong>amictus</strong></span> <span class='ocrx_word' id='word_1_354' title='bbox 1057 4385 1287 4456; x_wconf 84' lang='lat' dir='ltr'><strong>caligine</strong></span> <span class='ocrx_word' id='word_1_355' title='bbox 1344 4406 1375 4444; x_wconf 91' lang='lat' dir='ltr'><strong>a</strong></span> <span class='ocrx_word' id='word_1_356' title='bbox 1442 4391 1552 4448; x_wconf 89' lang='lat' dir='ltr'><strong>Deo</strong></span> <span class='ocrx_word' id='word_1_357' title='bbox 1611 4397 1729 4466; x_wconf 90' lang='lat' dir='ltr'><strong>ipso</strong></span> <span class='ocrx_word' id='word_1_358' title='bbox 1779 4406 2096 4477; x_wconf 84' lang='lat' dir='ltr'><strong>perdoctus,</strong></span> 
     </span>
    </p>
   </div>
   <div class='ocr_carea' id='block_1_48' title="bbox 2221 580 3787 676">
    <p class='ocr_par' dir='ltr' id='par_1_48' title="bbox 2221 580 3787 676">
     <span class='ocr_line' id='line_1_55' title="bbox 2221 580 3787 676; baseline 0.021 -46"><span class='ocrx_word' id='word_1_359' title='bbox 2221 580 2380 649; x_wconf 85' lang='grc' dir='ltr'>τικῆς</span> <span class='ocrx_word' id='word_1_360' title='bbox 2407 585 2734 659; x_wconf 70' lang='grc' dir='ltr'><strong>ἐπιστήμης,</strong></span> <span class='ocrx_word' id='word_1_361' title='bbox 2767 593 2831 644; x_wconf 85' lang='grc' dir='ltr'>ὲκ</span> <span class='ocrx_word' id='word_1_362' title='bbox 2871 595 2969 665; x_wconf 90' lang='grc' dir='ltr'><strong>τῆς</strong></span> <span class='ocrx_word' id='word_1_363' title='bbox 3016 600 3322 672; x_wconf 82' lang='grc' dir='ltr'>προσφόρου</span> <span class='ocrx_word' id='word_1_364' title='bbox 3358 580 3591 658; x_wconf 77' lang='grc' dir='ltr'>ἕκαστον</span> <span class='ocrx_word' id='word_1_365' title='bbox 3631 580 3787 676; x_wconf 81' lang='grc' dir='ltr'>ὕλης,</span> 
     </span>
    </p>
   </div>
   <div class='ocr_carea' id='block_1_49' title="bbox 2221 670 3788 765">
    <p class='ocr_par' dir='ltr' id='par_1_49' title="bbox 2221 670 3788 765">
     <span class='ocr_line' id='line_1_56' title="bbox 2221 670 3788 765; baseline 0.02 -44"><span class='ocrx_word' id='word_1_366' title='bbox 2221 670 2543 731; x_wconf 72' lang='grc' dir='ltr'>ὲπεηλεῖτο.</span> <span class='ocrx_word' id='word_1_367' title='bbox 2580 679 2705 743; x_wconf 79' lang='grc' dir='ltr'>Τοῖς</span> <span class='ocrx_word' id='word_1_368' title='bbox 2733 682 2832 752; x_wconf 82' lang='grc' dir='ltr'>μὲν</span> <span class='ocrx_word' id='word_1_369' title='bbox 2862 685 2972 756; x_wconf 83' lang='grc' dir='ltr'>γὰρ</span> <span class='ocrx_word' id='word_1_370' title='bbox 2998 683 3067 757; x_wconf 81' lang='grc' dir='ltr'>ἦν</span> <span class='ocrx_word' id='word_1_371' title='bbox 3105 690 3212 742; x_wconf 87' lang='grc' dir='ltr'><strong>τῶν</strong></span> <span class='ocrx_word' id='word_1_372' title='bbox 3234 670 3585 765; x_wconf 12' lang='grc' dir='ltr'>ήὺφασμάτων</span> 
     </span>
    </p>
   </div>
   <div class='ocr_carea' id='block_1_50' title="bbox 2220 759 3789 857">
    <p class='ocr_par' dir='ltr' id='par_1_50' title="bbox 2220 759 3789 857">
     <span class='ocr_line' id='line_1_57' title="bbox 2220 759 3789 857; baseline 0.02 -44"><span class='ocrx_word' id='word_1_373' title='bbox 2220 759 2376 835; x_wconf 81' lang='grc' dir='ltr'>θοςή</span> <span class='ocrx_word' id='word_1_374' title='bbox 2432 766 2599 839; x_wconf 78' lang='grc' dir='ltr'>βαφὴ,</span> <span class='ocrx_word' id='word_1_375' title='bbox 2652 774 2746 826; x_wconf 80' lang='grc' dir='ltr'>καὶ</span> <span class='ocrx_word' id='word_1_376' title='bbox 2808 776 3098 849; x_wconf 79' lang='grc' dir='ltr'>πορφύρα,</span> <span class='ocrx_word' id='word_1_377' title='bbox 3149 783 3243 835; x_wconf 79' lang='grc' dir='ltr'>καὶ</span> <span class='ocrx_word' id='word_1_378' title='bbox 3279 759 3337 837; x_wconf 77' lang='grc' dir='ltr'>τὺ</span> <span class='ocrx_word' id='word_1_379' title='bbox 3386 759 3671 857; x_wconf 71' lang='grc' dir='ltr'>πυραυγές</span> <span class='ocrx_word' id='word_1_380' title='bbox 3700 789 3789 843; x_wconf 85' lang='grc' dir='ltr'><strong>τοῦ</strong></span> 
     </span>
    </p>
   </div>
   <div class='ocr_carea' id='block_1_51' title="bbox 2219 856 3788 949">
    <p class='ocr_par' dir='ltr' id='par_1_51' title="bbox 2219 856 3788 949">
     <span class='ocr_line' id='line_1_58' title="bbox 2219 856 3788 949; baseline 0.027 -45"><span class='ocrx_word' id='word_1_381' title='bbox 2219 856 2594 926; x_wconf 82' lang='grc' dir='ltr'>κοκκοϐάφους</span> <span class='ocrx_word' id='word_1_382' title='bbox 2617 864 2982 936; x_wconf 70' lang='grc' dir='ltr'>ἐρυθήματος*</span> <span class='ocrx_word' id='word_1_383' title='bbox 3010 873 3072 926; x_wconf 88' lang='grc' dir='ltr'>τό</span> <span class='ocrx_word' id='word_1_384' title='bbox 3095 890 3154 926; x_wconf 88' lang='grc' dir='ltr'><strong>τε</strong></span> <span class='ocrx_word' id='word_1_385' title='bbox 3174 874 3422 946; x_wconf 84' lang='grc' dir='ltr'>λαμπρὸν</span> <span class='ocrx_word' id='word_1_386' title='bbox 3449 856 3552 947; x_wconf 51' lang='grc' dir='ltr'>τῆς</span> <span class='ocrx_word' id='word_1_387' title='bbox 3576 879 3788 949; x_wconf 61' lang='grc' dir='ltr'><strong>βύσσου,</strong></span> 
     </span>
    </p>
   </div>
   <div class='ocr_carea' id='block_1_52' title="bbox 2216 944 3792 1040">
    <p class='ocr_par' dir='ltr' id='par_1_52' title="bbox 2216 944 3792 1040">
     <span class='ocr_line' id='line_1_59' title="bbox 2216 944 3792 1040; baseline 0.02 -47"><span class='ocrx_word' id='word_1_388' title='bbox 2216 944 2249 1011; x_wconf 83' lang='grc' dir='ltr'><strong>ἠ</strong></span> <span class='ocrx_word' id='word_1_389' title='bbox 2282 944 2550 1019; x_wconf 79' lang='grc' dir='ltr'>αὐτοφυής</span> <span class='ocrx_word' id='word_1_390' title='bbox 2602 968 2659 1004; x_wconf 86' lang='grc' dir='ltr'><strong>τε</strong></span> <span class='ocrx_word' id='word_1_391' title='bbox 2700 956 2793 1009; x_wconf 81' lang='grc' dir='ltr'><strong>καὶ</strong></span> <span class='ocrx_word' id='word_1_392' title='bbox 2838 944 3254 1032; x_wconf 79' lang='grc' dir='ltr'>ἀνεπιτήδευτος</span> <span class='ocrx_word' id='word_1_393' title='bbox 3289 944 3421 1020; x_wconf 82' lang='grc' dir='ltr'>ίδέα.</span> <span class='ocrx_word' id='word_1_394' title='bbox 3469 944 3713 1040; x_wconf 73' lang='grc' dir='ltr'>Ἑτέροις</span> 
     </span>
    </p>
   </div>
   <div class='ocr_carea' id='block_1_53' title="bbox 2217 1032 3790 1128">
    <p class='ocr_par' dir='ltr' id='par_1_53' title="bbox 2217 1032 3790 1128">
     <span class='ocr_line' id='line_1_60' title="bbox 2217 1032 3790 1128; baseline 0.017 -43"><span class='ocrx_word' id='word_1_395' title='bbox 2217 1032 2389 1094; x_wconf 83' lang='grc' dir='ltr'>λϊνον,</span> <span class='ocrx_word' id='word_1_396' title='bbox 2427 1039 2521 1091; x_wconf 80' lang='grc' dir='ltr'>καὶ</span> <span class='ocrx_word' id='word_1_397' title='bbox 2562 1040 2744 1107; x_wconf 75' lang='grc' dir='ltr'>ἄλλοις</span> <span class='ocrx_word' id='word_1_398' title='bbox 2779 1047 2986 1117; x_wconf 76' lang='grc' dir='ltr'>τρίχες,</span> <span class='ocrx_word' id='word_1_399' title='bbox 3019 1051 3155 1121; x_wconf 78' lang='grc' dir='ltr'>πρὸς</span> <span class='ocrx_word' id='word_1_400' title='bbox 3178 1053 3279 1117; x_wconf 85' lang='grc' dir='ltr'><strong>τάς</strong></span> <span class='ocrx_word' id='word_1_401' title='bbox 3312 1052 3422 1108; x_wconf 90' lang='grc' dir='ltr'><strong>τῶν</strong></span> <span class='ocrx_word' id='word_1_402' title='bbox 3453 1032 3790 1128; x_wconf 70' lang='grc' dir='ltr'>ὑφασμάτων</span> 
     </span>
    </p>
   </div>
   <div class='ocr_carea' id='block_1_54' title="bbox 2217 1128 3792 1221">
    <p class='ocr_par' dir='ltr' id='par_1_54' title="bbox 2217 1128 3792 1221">
     <span class='ocr_line' id='line_1_61' title="bbox 2217 1128 3792 1221; baseline 0.018 -45"><span class='ocrx_word' id='word_1_403' title='bbox 2217 1128 2435 1195; x_wconf 79' lang='grc' dir='ltr'><strong>χρείας,</strong></span> <span class='ocrx_word' id='word_1_404' title='bbox 2464 1132 2969 1204; x_wconf 83' lang='grc' dir='ltr'>παρελαμϐάνοντο.</span> <span class='ocrx_word' id='word_1_405' title='bbox 3004 1136 3114 1196; x_wconf 82' lang='grc' dir='ltr'>Ἦν</span> <span class='ocrx_word' id='word_1_406' title='bbox 3152 1144 3210 1197; x_wconf 83' lang='grc' dir='ltr'>δὲ</span> <span class='ocrx_word' id='word_1_407' title='bbox 3238 1144 3375 1199; x_wconf 81' lang='grc' dir='ltr'>ὅπου</span> <span class='ocrx_word' id='word_1_408' title='bbox 3422 1146 3520 1199; x_wconf 77' lang='grc' dir='ltr'>καὶ</span> <span class='ocrx_word' id='word_1_409' title='bbox 3564 1148 3634 1203; x_wconf 67' lang='grc' dir='ltr'>τὰ</span> <span class='ocrx_word' id='word_1_410' title='bbox 3671 1152 3792 1221; x_wconf 61' lang='lat' dir='ltr'><strong>Epu—</strong></span> 
     </span>
    </p>
   </div>
   <div class='ocr_carea' id='block_1_55' title="bbox 2218 1214 3791 1311">
    <p class='ocr_par' dir='ltr' id='par_1_55' title="bbox 2218 1214 3791 1311">
     <span class='ocr_line' id='line_1_62' title="bbox 2218 1214 3791 1311; baseline 0.018 -44"><span class='ocrx_word' id='word_1_411' title='bbox 2218 1214 2323 1287; x_wconf 83' lang='grc' dir='ltr'><strong>θρά</strong></span> <span class='ocrx_word' id='word_1_412' title='bbox 2356 1217 2463 1274; x_wconf 71' lang='grc' dir='ltr'><strong>τῶν</strong></span> <span class='ocrx_word' id='word_1_413' title='bbox 2494 1221 2780 1294; x_wconf 81' lang='grc' dir='ltr'><strong>δερμάτων</strong></span> <span class='ocrx_word' id='word_1_414' title='bbox 2825 1228 2964 1300; x_wconf 85' lang='grc' dir='ltr'>πρὸς</span> <span class='ocrx_word' id='word_1_415' title='bbox 3000 1231 3097 1303; x_wconf 83' lang='grc' dir='ltr'><strong>τὴν</strong></span> <span class='ocrx_word' id='word_1_416' title='bbox 3136 1233 3230 1287; x_wconf 90' lang='grc' dir='ltr'><strong>τοῦ</strong></span> <span class='ocrx_word' id='word_1_417' title='bbox 3270 1214 3791 1311; x_wconf 75' lang='grc' dir='ltr'>κατασκευάσματος</span> 
     </span>
    </p>
   </div>
   <div class='ocr_carea' id='block_1_56' title="bbox 2216 1303 3789 1398">
    <p class='ocr_par' dir='ltr' id='par_1_56' title="bbox 2216 1303 3789 1398">
     <span class='ocr_line' id='line_1_63' title="bbox 2216 1303 3789 1398; baseline 0.018 -41"><span class='ocrx_word' id='word_1_418' title='bbox 2216 1303 2367 1377; x_wconf 81' lang='grc' dir='ltr'>ὥραν</span> <span class='ocrx_word' id='word_1_419' title='bbox 2407 1308 2600 1365; x_wconf 74' lang='grc' dir='ltr'>εὔθετα</span> <span class='ocrx_word' id='word_1_420' title='bbox 2630 1309 2721 1386; x_wconf 79' lang='grc' dir='ltr'><strong>ἦν.</strong></span> <span class='ocrx_word' id='word_1_421' title='bbox 2762 1316 2876 1371; x_wconf 78' lang='grc' dir='ltr'><strong>Καὶ</strong></span> <span class='ocrx_word' id='word_1_422' title='bbox 2925 1320 3101 1375; x_wconf 84' lang='grc' dir='ltr'>ταῦτα</span> <span class='ocrx_word' id='word_1_423' title='bbox 3138 1323 3271 1394; x_wconf 84' lang='grc' dir='ltr'>μὲν,</span> <span class='ocrx_word' id='word_1_424' title='bbox 3298 1326 3437 1395; x_wconf 83' lang='grc' dir='ltr'><strong>μετά</strong></span> <span class='ocrx_word' id='word_1_425' title='bbox 3462 1328 3565 1398; x_wconf 76' lang='grc' dir='ltr'>τὴν</span> <span class='ocrx_word' id='word_1_426' title='bbox 3595 1303 3660 1384; x_wconf 75' lang='grc' dir='ltr'>ὲκ</span> <span class='ocrx_word' id='word_1_427' title='bbox 3700 1303 3789 1385; x_wconf 84' lang='grc' dir='ltr'><strong>τοῦ</strong></span> 
     </span>
    </p>
   </div>
   <div class='ocr_carea' id='block_1_57' title="bbox 2214 1396 3788 1491">
    <p class='ocr_par' dir='ltr' id='par_1_57' title="bbox 2214 1396 3788 1491">
     <span class='ocr_line' id='line_1_64' title="bbox 2214 1396 3788 1491; baseline 0.018 -43"><span class='ocrx_word' id='word_1_428' title='bbox 2214 1396 2373 1468; x_wconf 72' lang='grc' dir='ltr'>ὄρους</span> <span class='ocrx_word' id='word_1_429' title='bbox 2389 1400 2632 1471; x_wconf 89' lang='grc' dir='ltr'>κάθοδον,</span> <span class='ocrx_word' id='word_1_430' title='bbox 2656 1407 2795 1461; x_wconf 79' lang='grc' dir='ltr'>κατὰ</span> <span class='ocrx_word' id='word_1_431' title='bbox 2822 1409 2884 1463; x_wconf 83' lang='grc' dir='ltr'>τὸ</span> <span class='ocrx_word' id='word_1_432' title='bbox 2905 1413 3125 1466; x_wconf 76' lang='grc' dir='ltr'><strong>ἐκτεθὲν</strong></span> <span class='ocrx_word' id='word_1_433' title='bbox 3142 1414 3289 1486; x_wconf 83' lang='grc' dir='ltr'>αὐτῷ</span> <span class='ocrx_word' id='word_1_434' title='bbox 3311 1417 3410 1487; x_wconf 88' lang='grc' dir='ltr'><strong>τῆς</strong></span> <span class='ocrx_word' id='word_1_435' title='bbox 3425 1396 3788 1491; x_wconf 76' lang='grc' dir='ltr'><strong>δημιουργίας</strong></span> 
     </span>
    </p>
   </div>
   <div class='ocr_carea' id='block_1_58' title="bbox 2216 1487 3790 1578">
    <p class='ocr_par' dir='ltr' id='par_1_58' title="bbox 2216 1487 3790 1578">
     <span class='ocr_line' id='line_1_65' title="bbox 2216 1487 3790 1578; baseline 0.018 -38"><span class='ocrx_word' id='word_1_436' title='bbox 2216 1487 2544 1561; x_wconf 76' lang='grc' dir='ltr'><strong>ὑπόδειγμα,</strong></span> <span class='ocrx_word' id='word_1_437' title='bbox 2597 1497 2625 1548; x_wconf 84' lang='grc' dir='ltr'>ὁ</span> <span class='ocrx_word' id='word_1_438' title='bbox 2669 1499 2874 1571; x_wconf 83' lang='grc' dir='ltr'>Μωσῆς</span> <span class='ocrx_word' id='word_1_439' title='bbox 2920 1502 3008 1556; x_wconf 87' lang='grc' dir='ltr'><strong>διά</strong></span> <span class='ocrx_word' id='word_1_440' title='bbox 3054 1504 3162 1558; x_wconf 85' lang='grc' dir='ltr'><strong>τῶν</strong></span> <span class='ocrx_word' id='word_1_441' title='bbox 3208 1487 3790 1578; x_wconf 44' lang='grc' dir='ltr'>ὑπουργούντων-</span> 
     </span>
    </p>
   </div>
   <div class='ocr_carea' id='block_1_59' title="bbox 2213 1581 3789 1677">
    <p class='ocr_par' dir='ltr' id='par_1_59' title="bbox 2213 1581 3789 1677">
     <span class='ocr_line' id='line_1_66' title="bbox 2213 1581 3789 1677; baseline 0.02 -49"><span class='ocrx_word' id='word_1_442' title='bbox 2213 1581 2565 1637; x_wconf 85' lang='grc' dir='ltr'>εσκευάσατο.</span> <span class='ocrx_word' id='word_1_443' title='bbox 2590 1586 2723 1641; x_wconf 84' lang='grc' dir='ltr'>Τότε</span> <span class='ocrx_word' id='word_1_444' title='bbox 2754 1589 2811 1643; x_wconf 80' lang='grc' dir='ltr'>δὲ</span> <span class='ocrx_word' id='word_1_445' title='bbox 2839 1593 2897 1643; x_wconf 81' lang='grc' dir='ltr'>ὲν</span> <span class='ocrx_word' id='word_1_446' title='bbox 2931 1593 3121 1666; x_wconf 74' lang='grc' dir='ltr'>ἐκείνῳ</span> <span class='ocrx_word' id='word_1_447' title='bbox 3145 1596 3223 1668; x_wconf 82' lang='grc' dir='ltr'><strong>τῷ</strong></span> <span class='ocrx_word' id='word_1_448' title='bbox 3255 1599 3654 1675; x_wconf 82' lang='grc' dir='ltr'><strong>ἀχειροποιήτῳ</strong></span> <span class='ocrx_word' id='word_1_449' title='bbox 3681 1605 3789 1677; x_wconf 79' lang='grc' dir='ltr'>ναῷ</span> 
     </span>
    </p>
   </div>
   <div class='ocr_carea' id='block_1_60' title="bbox 2213 1668 3790 1765">
    <p class='ocr_par' dir='ltr' id='par_1_60' title="bbox 2213 1668 3790 1765">
     <span class='ocr_line' id='line_1_67' title="bbox 2213 1668 3790 1765; baseline 0.018 -46"><span class='ocrx_word' id='word_1_450' title='bbox 2213 1668 2535 1738; x_wconf 82' lang='grc' dir='ltr'>γενόμενος,</span> <span class='ocrx_word' id='word_1_451' title='bbox 2579 1677 2671 1729; x_wconf 78' lang='grc' dir='ltr'>καὶ</span> <span class='ocrx_word' id='word_1_452' title='bbox 2700 1679 2796 1750; x_wconf 73' lang='grc' dir='ltr'><strong>οἴῳ</strong></span> <span class='ocrx_word' id='word_1_453' title='bbox 2829 1680 2935 1753; x_wconf 84' lang='grc' dir='ltr'><strong>χρὴ</strong></span> <span class='ocrx_word' id='word_1_454' title='bbox 2976 1684 3067 1737; x_wconf 85' lang='grc' dir='ltr'><strong>τὸν</strong></span> <span class='ocrx_word' id='word_1_455' title='bbox 3122 1686 3271 1759; x_wconf 76' lang='grc' dir='ltr'>ἱερέα</span> <span class='ocrx_word' id='word_1_456' title='bbox 3296 1668 3505 1761; x_wconf 36' lang='grc' dir='ltr'>ξκόσμῳ</span> <span class='ocrx_word' id='word_1_457' title='bbox 3539 1668 3790 1765; x_wconf 51' lang='grc' dir='ltr'>λαμπρύίι</span> 
     </span>
    </p>
   </div>
   <div class='ocr_carea' id='block_1_61' title="bbox 2214 1760 3785 1855">
    <p class='ocr_par' dir='ltr' id='par_1_61' title="bbox 2214 1760 3785 1855">
     <span class='ocr_line' id='line_1_68' title="bbox 2214 1760 3785 1855; baseline 0.018 -44"><span class='ocrx_word' id='word_1_458' title='bbox 2214 1760 2398 1815; x_wconf 87' lang='grc' dir='ltr'>νεσθαι</span> <span class='ocrx_word' id='word_1_459' title='bbox 2419 1804 2434 1828; x_wconf 91' lang='grc'><strong>,</strong></span> <span class='ocrx_word' id='word_1_460' title='bbox 2460 1765 2569 1818; x_wconf 89' lang='grc' dir='ltr'><strong>τῶν</strong></span> <span class='ocrx_word' id='word_1_461' title='bbox 2594 1767 2805 1824; x_wconf 82' lang='grc' dir='ltr'><strong>ἀδύτων</strong></span> <span class='ocrx_word' id='word_1_462' title='bbox 2834 1773 3245 1841; x_wconf 76' lang='grc' dir='ltr'>ἑπιϐατεύοντα,</span> <span class='ocrx_word' id='word_1_463' title='bbox 3272 1781 3642 1850; x_wconf 81' lang='grc' dir='ltr'>νομοθετεῖται</span> <span class='ocrx_word' id='word_1_464' title='bbox 3660 1802 3674 1815; x_wconf 91' lang='grc'><strong>·</strong></span> <span class='ocrx_word' id='word_1_465' title='bbox 3695 1787 3785 1855; x_wconf 77' lang='grc' dir='ltr'>τῆς,</span> 
     </span>
    </p>
   </div>
   <div class='ocr_carea' id='block_1_62' title="bbox 2211 1848 3787 1943">
    <p class='ocr_par' dir='ltr' id='par_1_62' title="bbox 2211 1848 3787 1943">
     <span class='ocr_line' id='line_1_69' title="bbox 2211 1848 3787 1943; baseline 0.02 -44"><span class='ocrx_word' id='word_1_466' title='bbox 2211 1864 2271 1900; x_wconf 87' lang='grc' dir='ltr'><strong>τε</strong></span> <span class='ocrx_word' id='word_1_467' title='bbox 2295 1848 2505 1905; x_wconf 77' lang='grc' dir='ltr'>ἔνδοθεν</span> <span class='ocrx_word' id='word_1_468' title='bbox 2552 1858 2875 1931; x_wconf 85' lang='grc' dir='ltr'>περιϐολῆς,</span> <span class='ocrx_word' id='word_1_469' title='bbox 2920 1864 3016 1917; x_wconf 81' lang='grc' dir='ltr'>καὶ</span> <span class='ocrx_word' id='word_1_470' title='bbox 3049 1867 3150 1937; x_wconf 88' lang='grc' dir='ltr'><strong>τῆς</strong></span> <span class='ocrx_word' id='word_1_471' title='bbox 3182 1848 3534 1943; x_wconf 76' lang='grc' dir='ltr'><strong>φαινομένης,</strong></span> <span class='ocrx_word' id='word_1_472' title='bbox 3566 1874 3635 1927; x_wconf 89' lang='grc' dir='ltr'><strong>τά</strong></span> <span class='ocrx_word' id='word_1_473' title='bbox 3669 1848 3787 1930; x_wconf 45' lang='grc' dir='ltr'>καθδ</span> 
     </span>
    </p>
   </div>
   <div class='ocr_carea' id='block_1_63' title="bbox 2212 1938 3787 2033">
    <p class='ocr_par' dir='ltr' id='par_1_63' title="bbox 2212 1938 3787 2033">
     <span class='ocr_line' id='line_1_70' title="bbox 2212 1938 3787 2033; baseline 0.017 -42"><span class='ocrx_word' id='word_1_474' title='bbox 2212 1938 2440 1994; x_wconf 73' lang='grc' dir='ltr'>ἕκαστον</span> <span class='ocrx_word' id='word_1_475' title='bbox 2460 1943 2553 1997; x_wconf 86' lang='grc' dir='ltr'><strong>τοῦ</strong></span> <span class='ocrx_word' id='word_1_476' title='bbox 2574 1947 2733 2015; x_wconf 85' lang='grc' dir='ltr'>λόγου</span> <span class='ocrx_word' id='word_1_477' title='bbox 2764 1951 3241 2025; x_wconf 76' lang='grc' dir='ltr'>νομοθετήσαντος.</span> <span class='ocrx_word' id='word_1_478' title='bbox 3284 1938 3450 2031; x_wconf 81' lang='grc' dir='ltr'>Ἀρχὴ</span> <span class='ocrx_word' id='word_1_479' title='bbox 3469 1938 3534 2014; x_wconf 46' lang='grc' dir='ltr'><strong>’δὲ</strong></span> <span class='ocrx_word' id='word_1_480' title='bbox 3561 1963 3660 2033; x_wconf 87' lang='grc' dir='ltr'><strong>τῆς</strong></span> <span class='ocrx_word' id='word_1_481' title='bbox 3684 1964 3787 2017; x_wconf 85' lang='grc' dir='ltr'><strong>τῶν</strong></span> 
     </span>
    </p>
   </div>
   <div class='ocr_carea' id='block_1_64' title="bbox 2211 2030 3785 2123">
    <p class='ocr_par' dir='ltr' id='par_1_64' title="bbox 2211 2030 3785 2123">
     <span class='ocr_line' id='line_1_71' title="bbox 2211 2030 3785 2123; baseline 0.015 -39"><span class='ocrx_word' id='word_1_482' title='bbox 2211 2030 2534 2103; x_wconf 71' lang='grc' dir='ltr'><strong>ἐσθημάτων</strong></span> <span class='ocrx_word' id='word_1_483' title='bbox 2584 2038 2906 2110; x_wconf 85' lang='grc' dir='ltr'>περιϐολῆς,</span> <span class='ocrx_word' id='word_1_484' title='bbox 2946 2045 3009 2097; x_wconf 80' lang='grc' dir='ltr'>οὐ</span> <span class='ocrx_word' id='word_1_485' title='bbox 3040 2045 3102 2099; x_wconf 81' lang='grc' dir='ltr'><strong>τὸ</strong></span> <span class='ocrx_word' id='word_1_486' title='bbox 3130 2030 3399 2121; x_wconf 67' lang='grc' dir='ltr'>κρύφιον,</span> <span class='ocrx_word' id='word_1_487' title='bbox 3417 2030 3554 2104; x_wconf 82' lang='grc' dir='ltr'>ἀλλὰ</span> <span class='ocrx_word' id='word_1_488' title='bbox 3572 2030 3634 2107; x_wconf 64' lang='lat' dir='ltr'><strong>to</strong></span> <span class='ocrx_word' id='word_1_489' title='bbox 3660 2072 3785 2123; x_wconf 84' lang='grc' dir='ltr'>φαι-</span> 
     </span>
    </p>
   </div>
   <div class='ocr_carea' id='block_1_65' title="bbox 2211 2121 3785 2211">
    <p class='ocr_par' dir='ltr' id='par_1_65' title="bbox 2211 2121 3785 2211">
     <span class='ocr_line' id='line_1_72' title="bbox 2211 2121 3785 2211; baseline 0.017 -37"><span class='ocrx_word' id='word_1_490' title='bbox 2211 2121 2435 2192; x_wconf 89' lang='grc' dir='ltr'>νόμενον</span> <span class='ocrx_word' id='word_1_491' title='bbox 2480 2125 2709 2194; x_wconf 85' lang='grc' dir='ltr'>γίνεται.</span> <span class='ocrx_word' id='word_1_492' title='bbox 2758 2132 3060 2204; x_wconf 82' lang='grc' dir='ltr'>Ἐπωμίδες</span> <span class='ocrx_word' id='word_1_493' title='bbox 3097 2139 3161 2192; x_wconf 84' lang='grc' dir='ltr'>ὲκ</span> <span class='ocrx_word' id='word_1_494' title='bbox 3200 2140 3456 2211; x_wconf 76' lang='grc' dir='ltr'>διαφόρου</span> <span class='ocrx_word' id='word_1_495' title='bbox 3503 2121 3785 2199; x_wconf 81' lang='grc' dir='ltr'>πεποικιλ-</span> 
     </span>
    </p>
   </div>
   <div class='ocr_carea' id='block_1_66' title="bbox 2214 2213 3782 2304">
    <p class='ocr_par' dir='ltr' id='par_1_66' title="bbox 2214 2213 3782 2304">
     <span class='ocr_line' id='line_1_73' title="bbox 2214 2213 3782 2304; baseline 0.017 -39"><span class='ocrx_word' id='word_1_496' title='bbox 2214 2213 2371 2283; x_wconf 90' lang='grc' dir='ltr'>μέναι</span> <span class='ocrx_word' id='word_1_497' title='bbox 2408 2217 2619 2289; x_wconf 82' lang='grc' dir='ltr'>βαφῆς,</span> <span class='ocrx_word' id='word_1_498' title='bbox 2659 2222 2727 2274; x_wconf 81' lang='grc' dir='ltr'>δι’</span> <span class='ocrx_word' id='word_1_499' title='bbox 2758 2217 2833 2277; x_wconf 82' lang='grc' dir='ltr'>ὧν</span> <span class='ocrx_word' id='word_1_500' title='bbox 2854 2226 2915 2278; x_wconf 88' lang='grc' dir='ltr'><strong>τό</strong></span> <span class='ocrx_word' id='word_1_501' title='bbox 2941 2243 3001 2279; x_wconf 88' lang='grc' dir='ltr'>τε</span> <span class='ocrx_word' id='word_1_502' title='bbox 3035 2231 3433 2304; x_wconf 77' lang='grc' dir='ltr'>καταπέτασμα</span> <span class='ocrx_word' id='word_1_503' title='bbox 3471 2235 3571 2304; x_wconf 78' lang='grc' dir='ltr'><strong>τὴν</strong></span> <span class='ocrx_word' id='word_1_504' title='bbox 3613 2254 3782 2291; x_wconf 86' lang='grc' dir='ltr'>κατα-</span> 
     </span>
    </p>
   </div>
   <div class='ocr_carea' id='block_1_67' title="bbox 2211 2302 3779 2397">
    <p class='ocr_par' dir='ltr' id='par_1_67' title="bbox 2211 2302 3779 2397">
     <span class='ocr_line' id='line_1_74' title="bbox 2211 2302 3779 2397; baseline 0.02 -44"><span class='ocrx_word' id='word_1_505' title='bbox 2211 2304 2410 2375; x_wconf 83' lang='grc' dir='ltr'>σκευὴν</span> <span class='ocrx_word' id='word_1_506' title='bbox 2460 2302 2607 2378; x_wconf 73' lang='grc' dir='ltr'>εἶχε,</span> <span class='ocrx_word' id='word_1_507' title='bbox 2654 2312 2749 2365; x_wconf 80' lang='grc' dir='ltr'>καὶ</span> <span class='ocrx_word' id='word_1_508' title='bbox 2787 2316 2974 2387; x_wconf 89' lang='grc' dir='ltr'>χρυσῷ</span> <span class='ocrx_word' id='word_1_509' title='bbox 3011 2319 3209 2389; x_wconf 81' lang='grc' dir='ltr'>νήματι</span> <span class='ocrx_word' id='word_1_510' title='bbox 3252 2322 3315 2376; x_wconf 79' lang='grc' dir='ltr'><strong>τὸ</strong></span> <span class='ocrx_word' id='word_1_511' title='bbox 3351 2302 3512 2378; x_wconf 75' lang='grc' dir='ltr'>πλέον</span> <span class='ocrx_word' id='word_1_512' title='bbox 3530 2302 3779 2397; x_wconf 64' lang='grc' dir='ltr'>ἔχουσαι.</span> 
     </span>
    </p>
   </div>
   <div class='ocr_carea' id='block_1_68' title="bbox 2209 2394 3783 2487">
    <p class='ocr_par' dir='ltr' id='par_1_68' title="bbox 2209 2394 3783 2487">
     <span class='ocr_line' id='line_1_75' title="bbox 2209 2394 3783 2487; baseline 0.018 -41"><span class='ocrx_word' id='word_1_513' title='bbox 2209 2394 2425 2465; x_wconf 89' lang='grc' dir='ltr'>Πόρπαι</span> <span class='ocrx_word' id='word_1_514' title='bbox 2452 2400 2572 2454; x_wconf 83' lang='grc' dir='ltr'>καθ’</span> <span class='ocrx_word' id='word_1_515' title='bbox 2603 2403 2863 2475; x_wconf 76' lang='grc' dir='ltr'>ἑκάτερον</span> <span class='ocrx_word' id='word_1_516' title='bbox 2908 2408 3096 2480; x_wconf 88' lang='grc' dir='ltr'>μέρος,</span> <span class='ocrx_word' id='word_1_517' title='bbox 3136 2414 3193 2466; x_wconf 87' lang='grc' dir='ltr'><strong>αί</strong></span> <span class='ocrx_word' id='word_1_518' title='bbox 3218 2413 3316 2477; x_wconf 80' lang='grc' dir='ltr'>τὰς</span> <span class='ocrx_word' id='word_1_519' title='bbox 3340 2394 3624 2487; x_wconf 73' lang='grc' dir='ltr'>ἐπωμίδας</span> <span class='ocrx_word' id='word_1_520' title='bbox 3665 2439 3783 2474; x_wconf 76' lang='grc' dir='ltr'>συν-</span> 
     </span>
    </p>
   </div>
   <div class='ocr_carea' id='block_1_69' title="bbox 2208 2483 3781 2582">
    <p class='ocr_par' dir='ltr' id='par_1_69' title="bbox 2208 2483 3781 2582">
     <span class='ocr_line' id='line_1_76' title="bbox 2208 2483 3781 2582; baseline 0.019 -46"><span class='ocrx_word' id='word_1_521' title='bbox 2208 2483 2464 2555; x_wconf 88' lang='grc' dir='ltr'>έχουσαι,</span> <span class='ocrx_word' id='word_1_522' title='bbox 2521 2495 2870 2565; x_wconf 83' lang='grc' dir='ltr'>σμαράγδους</span> <span class='ocrx_word' id='word_1_523' title='bbox 2912 2500 2969 2552; x_wconf 81' lang='grc' dir='ltr'>ὲν</span> <span class='ocrx_word' id='word_1_524' title='bbox 3009 2500 3192 2573; x_wconf 81' lang='grc' dir='ltr'>κύκλῳ</span> <span class='ocrx_word' id='word_1_525' title='bbox 3243 2504 3331 2559; x_wconf 78' lang='grc' dir='ltr'><strong>διά</strong></span> <span class='ocrx_word' id='word_1_526' title='bbox 3381 2483 3585 2578; x_wconf 80' lang='grc' dir='ltr'>χρυσοῦ</span> <span class='ocrx_word' id='word_1_527' title='bbox 3627 2529 3781 2582; x_wconf 88' lang='grc' dir='ltr'>περι-</span> 
     </span>
    </p>
   </div>
   <div class='ocr_carea' id='block_1_70' title="bbox 2211 2576 3782 2668">
    <p class='ocr_par' dir='ltr' id='par_1_70' title="bbox 2211 2576 3782 2668">
     <span class='ocr_line' id='line_1_77' title="bbox 2211 2576 3782 2668; baseline 0.018 -42"><span class='ocrx_word' id='word_1_528' title='bbox 2211 2576 2555 2644; x_wconf 86' lang='grc' dir='ltr'>σφίγγουσαι.</span> <span class='ocrx_word' id='word_1_529' title='bbox 2604 2584 2825 2654; x_wconf 81' lang='grc' dir='ltr'>Κόσμος</span> <span class='ocrx_word' id='word_1_530' title='bbox 2859 2586 2917 2639; x_wconf 82' lang='grc' dir='ltr'>δὲ</span> <span class='ocrx_word' id='word_1_531' title='bbox 2962 2592 3070 2654; x_wconf 83' lang='grc' dir='ltr'>τοῖς</span> <span class='ocrx_word' id='word_1_532' title='bbox 3121 2591 3289 2657; x_wconf 79' lang='grc' dir='ltr'><strong>¹λίθοις</strong></span> <span class='ocrx_word' id='word_1_533' title='bbox 3328 2596 3392 2648; x_wconf 81' lang='grc' dir='ltr'>ἐκ</span> <span class='ocrx_word' id='word_1_534' title='bbox 3419 2576 3536 2667; x_wconf 75' lang='grc' dir='ltr'>μὲν</span> <span class='ocrx_word' id='word_1_535' title='bbox 3570 2576 3782 2668; x_wconf 67' lang='grc' dir='ltr'>φύσεως</span> 
     </span>
    </p>
   </div>
   <div class='ocr_carea' id='block_1_71' title="bbox 2206 2660 3779 2761">
    <p class='ocr_par' dir='ltr' id='par_1_71' title="bbox 2206 2660 3779 2761">
     <span class='ocr_line' id='line_1_78' title="bbox 2206 2660 3779 2761; baseline 0.019 -44"><span class='ocrx_word' id='word_1_536' title='bbox 2206 2660 2275 2735; x_wconf 81' lang='grc' dir='ltr'>ἦν</span> <span class='ocrx_word' id='word_1_537' title='bbox 2319 2670 2352 2739; x_wconf 78' lang='grc' dir='ltr'>ὴ</span> <span class='ocrx_word' id='word_1_538' title='bbox 2380 2672 2545 2743; x_wconf 80' lang='grc' dir='ltr'>αὐγὴ,</span> <span class='ocrx_word' id='word_1_539' title='bbox 2597 2674 2822 2747; x_wconf 80' lang='grc' dir='ltr'>χλοεράς</span> <span class='ocrx_word' id='word_1_540' title='bbox 2854 2697 3006 2745; x_wconf 86' lang='grc' dir='ltr'>τινας</span> <span class='ocrx_word' id='word_1_541' title='bbox 3053 2684 3275 2749; x_wconf 84' lang='grc' dir='ltr'>ἀκτῖνας</span> <span class='ocrx_word' id='word_1_542' title='bbox 3306 2689 3390 2756; x_wconf 75' lang='grc' dir='ltr'><strong>ἐφ’</strong></span> <span class='ocrx_word' id='word_1_543' title='bbox 3420 2660 3626 2761; x_wconf 55' lang='grc' dir='ltr'>εαυτῆς</span> <span class='ocrx_word' id='word_1_544' title='bbox 3646 2660 3779 2747; x_wconf 59' lang='lat' dir='ltr'><strong>duo:</strong></span> 
     </span>
    </p>
   </div>
   <div class='ocr_carea' id='block_1_72' title="bbox 2209 2757 3779 2852">
    <p class='ocr_par' dir='ltr' id='par_1_72' title="bbox 2209 2757 3779 2852">
     <span class='ocr_line' id='line_1_79' title="bbox 2209 2757 3779 2852; baseline 0.02 -44"><span class='ocrx_word' id='word_1_545' title='bbox 2209 2757 2497 2816; x_wconf 87' lang='grc' dir='ltr'>στίλϐουσα</span> <span class='ocrx_word' id='word_1_546' title='bbox 2517 2781 2532 2794; x_wconf 76' lang='grc' dir='ltr'><strong>ο</strong></span> <span class='ocrx_word' id='word_1_547' title='bbox 2578 2766 2642 2818; x_wconf 82' lang='grc' dir='ltr'>ὲκ</span> <span class='ocrx_word' id='word_1_548' title='bbox 2674 2766 2731 2818; x_wconf 87' lang='grc' dir='ltr'>δὲ</span> <span class='ocrx_word' id='word_1_549' title='bbox 2757 2768 2858 2839; x_wconf 86' lang='grc' dir='ltr'><strong>τῆς</strong></span> <span class='ocrx_word' id='word_1_550' title='bbox 2902 2772 3119 2843; x_wconf 85' lang='grc' dir='ltr'>τέχνης,</span> <span class='ocrx_word' id='word_1_551' title='bbox 3169 2776 3230 2829; x_wconf 79' lang='grc' dir='ltr'>τὸ</span> <span class='ocrx_word' id='word_1_552' title='bbox 3261 2778 3325 2831; x_wconf 81' lang='grc' dir='ltr'><strong>ἐκ</strong></span> <span class='ocrx_word' id='word_1_553' title='bbox 3367 2780 3477 2834; x_wconf 89' lang='grc' dir='ltr'><strong>τῶν</strong></span> <span class='ocrx_word' id='word_1_554' title='bbox 3509 2757 3779 2852; x_wconf 71' lang='grc' dir='ltr'>γλυφίδων</span> 
     </span>
    </p>
   </div>
   <div class='ocr_carea' id='block_1_73' title="bbox 2209 2847 3778 2946">
    <p class='ocr_par' dir='ltr' id='par_1_73' title="bbox 2209 2847 3778 2946">
     <span class='ocr_line' id='line_1_80' title="bbox 2209 2847 3778 2946; baseline 0.018 -45"><span class='ocrx_word' id='word_1_555' title='bbox 2209 2847 2414 2921; x_wconf 87' lang='grc' dir='ltr'>θαῦμα.</span> <span class='ocrx_word' id='word_1_556' title='bbox 2443 2852 2573 2907; x_wconf 77' lang='grc' dir='ltr'>Οὕτι</span> <span class='ocrx_word' id='word_1_557' title='bbox 2611 2873 2674 2925; x_wconf 89' lang='grc' dir='ltr'><strong>γε</strong></span> <span class='ocrx_word' id='word_1_558' title='bbox 2705 2861 2842 2931; x_wconf 79' lang='grc' dir='ltr'>πρὸς</span> <span class='ocrx_word' id='word_1_559' title='bbox 2870 2862 3104 2918; x_wconf 78' lang='grc' dir='ltr'>εἰδώλων</span> <span class='ocrx_word' id='word_1_560' title='bbox 3135 2867 3297 2922; x_wconf 89' lang='grc' dir='ltr'>τινῶν</span> <span class='ocrx_word' id='word_1_561' title='bbox 3331 2847 3657 2943; x_wconf 71' lang='grc' dir='ltr'>χαρακτῆρα</span> <span class='ocrx_word' id='word_1_562' title='bbox 3683 2876 3778 2946; x_wconf 78' lang='grc' dir='ltr'><strong>τῆς</strong></span> 
     </span>
    </p>
   </div>
   <div class='ocr_carea' id='block_1_74' title="bbox 2206 2939 3778 3035">
    <p class='ocr_par' dir='ltr' id='par_1_74' title="bbox 2206 2939 3778 3035">
     <span class='ocr_line' id='line_1_81' title="bbox 2206 2939 3778 3035; baseline 0.017 -43"><span class='ocrx_word' id='word_1_563' title='bbox 2206 2939 2399 3013; x_wconf 87' lang='grc' dir='ltr'>τέχνης</span> <span class='ocrx_word' id='word_1_564' title='bbox 2442 2944 2541 3017; x_wconf 79' lang='grc' dir='ltr'><strong>τὴν</strong></span> <span class='ocrx_word' id='word_1_565' title='bbox 2587 2947 2797 3022; x_wconf 79' lang='grc' dir='ltr'>γλυφὴν</span> <span class='ocrx_word' id='word_1_566' title='bbox 2843 2954 3208 3025; x_wconf 81' lang='grc' dir='ltr'>ἐντεμούσης,</span> <span class='ocrx_word' id='word_1_567' title='bbox 3249 2939 3499 3015; x_wconf 22' lang='grc' dir='ltr'>ἀλλά-τὰ</span> <span class='ocrx_word' id='word_1_568' title='bbox 3541 2939 3778 3035; x_wconf 71' lang='grc' dir='ltr'>ὀνόματα</span> 
     </span>
    </p>
   </div>
   <div class='ocr_carea' id='block_1_75' title="bbox 2206 3031 3777 3124">
    <p class='ocr_par' dir='ltr' id='par_1_75' title="bbox 2206 3031 3777 3124">
     <span class='ocr_line' id='line_1_82' title="bbox 2206 3031 3777 3124; baseline 0.016 -40"><span class='ocrx_word' id='word_1_569' title='bbox 2206 3031 2316 3085; x_wconf 86' lang='grc' dir='ltr'><strong>τῶν</strong></span> <span class='ocrx_word' id='word_1_570' title='bbox 2349 3039 2702 3108; x_wconf 90' lang='grc' dir='ltr'>πατριαρχῶν</span> <span class='ocrx_word' id='word_1_571' title='bbox 2729 3040 2789 3107; x_wconf 80' lang='grc' dir='ltr'><strong>ἓξ</strong></span> <span class='ocrx_word' id='word_1_572' title='bbox 2832 3044 2954 3097; x_wconf 79' lang='grc' dir='ltr'>καθ’</span> <span class='ocrx_word' id='word_1_573' title='bbox 2987 3045 3215 3100; x_wconf 75' lang='grc' dir='ltr'>ἕκαστον</span> <span class='ocrx_word' id='word_1_574' title='bbox 3251 3052 3363 3113; x_wconf 81' lang='grc' dir='ltr'>τοῖς</span> <span class='ocrx_word' id='word_1_575' title='bbox 3395 3051 3564 3117; x_wconf 78' lang='grc' dir='ltr'>λίθοις</span> <span class='ocrx_word' id='word_1_576' title='bbox 3615 3031 3777 3124; x_wconf 27' lang='grc' dir='ltr'>ὲνγκεο</span> 
     </span>
    </p>
   </div>
   <div class='ocr_carea' id='block_1_76' title="bbox 1841 3124 3778 3217">
    <p class='ocr_par' dir='ltr' id='par_1_76' title="bbox 1841 3124 3778 3217">
     <span class='ocr_line' id='line_1_83' title="bbox 1841 3124 3778 3217; baseline 0.015 -46"><span class='ocrx_word' id='word_1_577' title='bbox 1841 3137 1872 3176; x_wconf 87' lang='lat' dir='ltr'><strong>a</strong></span> <span class='ocrx_word' id='word_1_578' title='bbox 1905 3124 2103 3185; x_wconf 72' lang='lat' dir='ltr'><strong>litteris</strong></span> <span class='ocrx_word' id='word_1_579' title='bbox 2132 3156 2173 3214; x_wconf 64' lang='grc' dir='ltr'>α</span> <span class='ocrx_word' id='word_1_580' title='bbox 2207 3126 2562 3196; x_wconf 84' lang='grc' dir='ltr'>χαραγμένα,</span> <span class='ocrx_word' id='word_1_581' title='bbox 2626 3132 2828 3203; x_wconf 90' lang='grc' dir='ltr'>κόσμος</span> <span class='ocrx_word' id='word_1_582' title='bbox 2880 3137 3105 3205; x_wconf 76' lang='grc' dir='ltr'>ἐγίνετο.</span> <span class='ocrx_word' id='word_1_583' title='bbox 3161 3141 3242 3194; x_wconf 89' lang='grc' dir='ltr'>Τά</span> <span class='ocrx_word' id='word_1_584' title='bbox 3296 3159 3358 3195; x_wconf 87' lang='grc' dir='ltr'><strong>τε</strong></span> <span class='ocrx_word' id='word_1_585' title='bbox 3414 3146 3778 3217; x_wconf 74' lang='grc' dir='ltr'>ἀπηρτημένα</span> 
     </span>
    </p>
   </div>
   <div class='ocr_carea' id='block_1_77' title="bbox 2208 3216 3775 3307">
    <p class='ocr_par' dir='ltr' id='par_1_77' title="bbox 2208 3216 3775 3307">
     <span class='ocr_line' id='line_1_84' title="bbox 2208 3216 3775 3307; baseline 0.017 -39"><span class='ocrx_word' id='word_1_586' title='bbox 2208 3216 2415 3274; x_wconf 86' lang='grc' dir='ltr'>τούτων</span> <span class='ocrx_word' id='word_1_587' title='bbox 2473 3222 2697 3278; x_wconf 82' lang='grc' dir='ltr'>ἀσπίδια</span> <span class='ocrx_word' id='word_1_588' title='bbox 2739 3228 2881 3280; x_wconf 89' lang='grc' dir='ltr'><strong>κατά</strong></span> <span class='ocrx_word' id='word_1_589' title='bbox 2922 3229 2982 3282; x_wconf 82' lang='grc' dir='ltr'>τὸ</span> <span class='ocrx_word' id='word_1_590' title='bbox 3028 3230 3334 3303; x_wconf 79' lang='grc' dir='ltr'>ἔμπροσθεν</span> <span class='ocrx_word' id='word_1_591' title='bbox 3384 3235 3580 3307; x_wconf 85' lang='grc' dir='ltr'>μέρος,</span> <span class='ocrx_word' id='word_1_592' title='bbox 3626 3216 3775 3293; x_wconf 79' lang='grc' dir='ltr'>αἵτε</span> 
     </span>
    </p>
   </div>
   <div class='ocr_carea' id='block_1_78' title="bbox 2207 3307 3778 3392">
    <p class='ocr_par' dir='ltr' id='par_1_78' title="bbox 2207 3307 3778 3392">
     <span class='ocr_line' id='line_1_85' title="bbox 2207 3307 3778 3392; baseline 0.016 -32"><span class='ocrx_word' id='word_1_593' title='bbox 2207 3307 2486 3365; x_wconf 87' lang='grc' dir='ltr'>διάπλοκοι</span> <span class='ocrx_word' id='word_1_594' title='bbox 2531 3316 2708 3385; x_wconf 80' lang='grc' dir='ltr'>σειραὶ</span> <span class='ocrx_word' id='word_1_595' title='bbox 2753 3316 2821 3370; x_wconf 81' lang='grc' dir='ltr'>δι’</span> <span class='ocrx_word' id='word_1_596' title='bbox 2859 3318 3101 3391; x_wconf 85' lang='grc' dir='ltr'>ἀλλήλων</span> <span class='ocrx_word' id='word_1_597' title='bbox 3148 3323 3409 3392; x_wconf 76' lang='grc' dir='ltr'>ἐναλλὰξ,</span> <span class='ocrx_word' id='word_1_598' title='bbox 3462 3328 3607 3382; x_wconf 88' lang='grc' dir='ltr'>κατά</span> <span class='ocrx_word' id='word_1_599' title='bbox 3658 3347 3778 3384; x_wconf 87' lang='grc' dir='ltr'>τινα</span> 
     </span>
    </p>
   </div>
   <div class='ocr_carea' id='block_1_79' title="bbox 2212 3400 3778 3493">
    <p class='ocr_par' dir='ltr' id='par_1_79' title="bbox 2212 3400 3778 3493">
     <span class='ocr_line' id='line_1_86' title="bbox 2212 3400 3778 3493; baseline 0.014 -41"><span class='ocrx_word' id='word_1_600' title='bbox 2212 3400 2436 3471; x_wconf 79' lang='grc' dir='ltr'>ῥυθμὸν,</span> <span class='ocrx_word' id='word_1_601' title='bbox 2464 3403 2806 3473; x_wconf 87' lang='grc' dir='ltr'>δικτυοειδῶς</span> <span class='ocrx_word' id='word_1_602' title='bbox 2833 3411 3230 3483; x_wconf 81' lang='grc' dir='ltr'>πεπλεγμέναι,</span> <span class='ocrx_word' id='word_1_603' title='bbox 3263 3416 3355 3469; x_wconf 81' lang='grc' dir='ltr'>καὶ</span> <span class='ocrx_word' id='word_1_604' title='bbox 3383 3417 3491 3470; x_wconf 82' lang='grc' dir='ltr'><strong>ἀπὸ</strong></span> <span class='ocrx_word' id='word_1_605' title='bbox 3512 3422 3613 3489; x_wconf 85' lang='grc' dir='ltr'><strong>τῆς</strong></span> <span class='ocrx_word' id='word_1_606' title='bbox 3650 3422 3778 3493; x_wconf 63' lang='grc' dir='ltr'>πόρε</span> 
     </span>
    </p>
   </div>
   <div class='ocr_carea' id='block_1_80' title="bbox 2209 3494 3777 3578">
    <p class='ocr_par' dir='ltr' id='par_1_80' title="bbox 2209 3494 3777 3578">
     <span class='ocr_line' id='line_1_87' title="bbox 2209 3494 3777 3578; baseline 0.012 -34"><span class='ocrx_word' id='word_1_607' title='bbox 2209 3507 2320 3561; x_wconf 86' lang='grc' dir='ltr'><strong>πης</strong></span> <span class='ocrx_word' id='word_1_608' title='bbox 2356 3494 2480 3547; x_wconf 82' lang='grc' dir='ltr'>καθ’</span> <span class='ocrx_word' id='word_1_609' title='bbox 2523 3497 2780 3570; x_wconf 82' lang='grc' dir='ltr'>ἑκάτερον</span> <span class='ocrx_word' id='word_1_610' title='bbox 2832 3502 2995 3573; x_wconf 83' lang='grc' dir='ltr'>μέρος</span> <span class='ocrx_word' id='word_1_611' title='bbox 3041 3503 3248 3559; x_wconf 84' lang='grc' dir='ltr'>ἀνωθεν</span> <span class='ocrx_word' id='word_1_612' title='bbox 3299 3508 3621 3578; x_wconf 87' lang='grc' dir='ltr'>καθιέμεναι</span> <span class='ocrx_word' id='word_1_613' title='bbox 3669 3513 3777 3566; x_wconf 85' lang='grc' dir='ltr'><strong>τῶν</strong></span> 
     </span>
    </p>
   </div>
   <div class='ocr_carea' id='block_1_81' title="bbox 2207 3582 3778 3675">
    <p class='ocr_par' dir='ltr' id='par_1_81' title="bbox 2207 3582 3778 3675">
     <span class='ocr_line' id='line_1_88' title="bbox 2207 3582 3778 3675; baseline 0.015 -41"><span class='ocrx_word' id='word_1_614' title='bbox 2207 3582 2487 3639; x_wconf 85' lang='grc' dir='ltr'>ἀσπίδων·</span> <span class='ocrx_word' id='word_1_615' title='bbox 2537 3588 2614 3652; x_wconf 85' lang='grc' dir='ltr'><strong>ὡς</strong></span> <span class='ocrx_word' id='word_1_616' title='bbox 2655 3589 2753 3653; x_wconf 79' lang='grc' dir='ltr'><strong>ἂν,</strong></span> <span class='ocrx_word' id='word_1_617' title='bbox 2781 3586 2966 3662; x_wconf 79' lang='grc' dir='ltr'>οἶμαι,</span> <span class='ocrx_word' id='word_1_618' title='bbox 3013 3593 3240 3667; x_wconf 86' lang='grc' dir='ltr'>πλέονή</span> <span class='ocrx_word' id='word_1_619' title='bbox 3287 3598 3385 3667; x_wconf 88' lang='grc' dir='ltr'><strong>τῆς</strong></span> <span class='ocrx_word' id='word_1_620' title='bbox 3414 3600 3620 3672; x_wconf 83' lang='grc' dir='ltr'>πλοκῆς</span> <span class='ocrx_word' id='word_1_621' title='bbox 3661 3603 3778 3675; x_wconf 84' lang='grc' dir='ltr'>ὥρα</span> 
     </span>
    </p>
   </div>
   <div class='ocr_carea' id='block_1_82' title="bbox 2207 3674 3778 3764">
    <p class='ocr_par' dir='ltr' id='par_1_82' title="bbox 2207 3674 3778 3764">
     <span class='ocr_line' id='line_1_89' title="bbox 2207 3674 3778 3764; baseline 0.015 -37"><span class='ocrx_word' id='word_1_622' title='bbox 2207 3674 2536 3747; x_wconf 88' lang='grc' dir='ltr'>διαλάμποι,</span> <span class='ocrx_word' id='word_1_623' title='bbox 2586 3680 2665 3751; x_wconf 78' lang='grc' dir='ltr'>τῷ</span> <span class='ocrx_word' id='word_1_624' title='bbox 2715 3683 3058 3758; x_wconf 79' lang='grc' dir='ltr'>ὑποκειμένῳ</span> <span class='ocrx_word' id='word_1_625' title='bbox 3110 3688 3556 3764; x_wconf 87' lang='grc' dir='ltr'>λαμπρυνομένη.</span> <span class='ocrx_word' id='word_1_626' title='bbox 3610 3696 3679 3749; x_wconf 88' lang='grc' dir='ltr'>Ὀ</span> <span class='ocrx_word' id='word_1_627' title='bbox 3716 3674 3778 3751; x_wconf 78' lang='grc' dir='ltr'><strong>τε</strong></span> 
     </span>
    </p>
   </div>
   <div class='ocr_carea' id='block_1_83' title="bbox 2206 3769 3777 3859">
    <p class='ocr_par' dir='ltr' id='par_1_83' title="bbox 2206 3769 3777 3859">
     <span class='ocr_line' id='line_1_90' title="bbox 2206 3769 3777 3859; baseline 0.015 -39"><span class='ocrx_word' id='word_1_628' title='bbox 2206 3769 2600 3838; x_wconf 88' lang='grc' dir='ltr'>χρυσότευκτος</span> <span class='ocrx_word' id='word_1_629' title='bbox 2637 3774 2841 3840; x_wconf 72' lang='grc' dir='ltr'>ἐκεῖνος</span> <span class='ocrx_word' id='word_1_630' title='bbox 2883 3778 3104 3849; x_wconf 89' lang='grc' dir='ltr'>κόσμος,</span> <span class='ocrx_word' id='word_1_631' title='bbox 3130 3783 3160 3834; x_wconf 81' lang='grc' dir='ltr'><em>ὁ</em></span> <span class='ocrx_word' id='word_1_632' title='bbox 3196 3781 3290 3835; x_wconf 90' lang='grc' dir='ltr'><strong>τοῦ</strong></span> <span class='ocrx_word' id='word_1_633' title='bbox 3326 3784 3552 3855; x_wconf 83' lang='grc' dir='ltr'>στήθους</span> <span class='ocrx_word' id='word_1_634' title='bbox 3578 3789 3777 3859; x_wconf 83' lang='grc' dir='ltr'>προϐε-</span> 
     </span>
    </p>
   </div>
   <div class='ocr_carea' id='block_1_84' title="bbox 2206 3857 3779 3946">
    <p class='ocr_par' dir='ltr' id='par_1_84' title="bbox 2206 3857 3779 3946">
     <span class='ocr_line' id='line_1_91' title="bbox 2206 3857 3779 3946; baseline 0.015 -35"><span class='ocrx_word' id='word_1_635' title='bbox 2206 3857 2504 3931; x_wconf 86' lang='grc' dir='ltr'>ϐλημένος,</span> <span class='ocrx_word' id='word_1_636' title='bbox 2550 3865 2609 3917; x_wconf 86' lang='grc' dir='ltr'>ὲν</span> <span class='ocrx_word' id='word_1_637' title='bbox 2648 3859 2691 3933; x_wconf 78' lang='grc' dir='ltr'>ᾧ</span> <span class='ocrx_word' id='word_1_638' title='bbox 2726 3866 2864 3921; x_wconf 87' lang='grc' dir='ltr'>λίθοι</span> <span class='ocrx_word' id='word_1_639' title='bbox 2895 3870 3039 3933; x_wconf 84' lang='grc' dir='ltr'>τινὲς</span> <span class='ocrx_word' id='word_1_640' title='bbox 3069 3872 3133 3925; x_wconf 77' lang='grc' dir='ltr'>ὲκ</span> <span class='ocrx_word' id='word_1_641' title='bbox 3165 3872 3436 3945; x_wconf 88' lang='grc' dir='ltr'>διαφόρων</span> <span class='ocrx_word' id='word_1_642' title='bbox 3464 3857 3642 3946; x_wconf 83' lang='grc' dir='ltr'>γενῶν</span> <span class='ocrx_word' id='word_1_643' title='bbox 3670 3883 3779 3945; x_wconf 74' lang='grc' dir='ltr'>τοῖς</span> 
     </span>
    </p>
   </div>
   <div class='ocr_carea' id='block_1_85' title="bbox 2205 3953 3780 4035">
    <p class='ocr_par' dir='ltr' id='par_1_85' title="bbox 2205 3953 3780 4035">
     <span class='ocr_line' id='line_1_92' title="bbox 2205 3953 3780 4035; baseline 0.013 -33"><span class='ocrx_word' id='word_1_644' title='bbox 2205 3953 2571 4024; x_wconf 79' lang='grc' dir='ltr'>πατριάρχαις</span> <span class='ocrx_word' id='word_1_645' title='bbox 2612 3956 2886 4027; x_wconf 85' lang='grc' dir='ltr'>ίσάριθμοι</span> <span class='ocrx_word' id='word_1_646' title='bbox 2905 3975 2920 3991; x_wconf 79' lang='grc' dir='ltr'><strong>ο</strong></span> <span class='ocrx_word' id='word_1_647' title='bbox 2963 3962 3199 4032; x_wconf 86' lang='grc' dir='ltr'>τετραχῆ</span> <span class='ocrx_word' id='word_1_648' title='bbox 3218 3962 3334 4019; x_wconf 86' lang='grc' dir='ltr'>,τῶν</span> <span class='ocrx_word' id='word_1_649' title='bbox 3358 3966 3551 4035; x_wconf 89' lang='grc' dir='ltr'>στίχων</span> <span class='ocrx_word' id='word_1_650' title='bbox 3579 3968 3780 4023; x_wconf 76' lang='grc' dir='ltr'>διακειο</span> 
     </span>
    </p>
   </div>
   <div class='ocr_carea' id='block_1_86' title="bbox 2208 4042 3780 4127">
    <p class='ocr_par' dir='ltr' id='par_1_86' title="bbox 2208 4042 3780 4127">
     <span class='ocr_line' id='line_1_93' title="bbox 2208 4042 3780 4127; baseline 0.014 -34"><span class='ocrx_word' id='word_1_651' title='bbox 2208 4042 2404 4111; x_wconf 87' lang='grc' dir='ltr'>μένων,</span> <span class='ocrx_word' id='word_1_652' title='bbox 2426 4048 2574 4117; x_wconf 85' lang='grc' dir='ltr'>τρεῖς</span> <span class='ocrx_word' id='word_1_653' title='bbox 2594 4047 2714 4101; x_wconf 82' lang='grc' dir='ltr'>καθ’</span> <span class='ocrx_word' id='word_1_654' title='bbox 2736 4049 2964 4103; x_wconf 72' lang='grc' dir='ltr'>ἕκαστον</span> <span class='ocrx_word' id='word_1_655' title='bbox 2987 4048 3127 4123; x_wconf 80' lang='grc' dir='ltr'>ἦσαν</span> <span class='ocrx_word' id='word_1_656' title='bbox 3149 4056 3624 4127; x_wconf 81' lang='grc' dir='ltr'>ὲγκεκροτημένοι,</span> <span class='ocrx_word' id='word_1_657' title='bbox 3653 4063 3780 4124; x_wconf 77' lang='grc' dir='ltr'>τοὺς</span> 
     </span>
    </p>
   </div>
   <div class='ocr_carea' id='block_1_87' title="bbox 2204 4136 3778 4218">
    <p class='ocr_par' dir='ltr' id='par_1_87' title="bbox 2204 4136 3778 4218">
     <span class='ocr_line' id='line_1_94' title="bbox 2204 4136 3778 4218; baseline 0.012 -30"><span class='ocrx_word' id='word_1_658' title='bbox 2204 4136 2529 4206; x_wconf 74' lang='grc' dir='ltr'>ἐπωνύμους</span> <span class='ocrx_word' id='word_1_659' title='bbox 2563 4139 2672 4194; x_wconf 81' lang='grc' dir='ltr'><strong>τῶν</strong></span> <span class='ocrx_word' id='word_1_660' title='bbox 2711 4141 2891 4210; x_wconf 87' lang='grc' dir='ltr'>φυλῶν</span> <span class='ocrx_word' id='word_1_661' title='bbox 2931 4145 3017 4213; x_wconf 73' lang='grc' dir='ltr'><strong>ἐφ’</strong></span> <span class='ocrx_word' id='word_1_662' title='bbox 3061 4146 3269 4199; x_wconf 78' lang='grc' dir='ltr'>ἑαυτῶν</span> <span class='ocrx_word' id='word_1_663' title='bbox 3318 4147 3624 4214; x_wconf 83' lang='grc' dir='ltr'>δεικνύντες</span> <span class='ocrx_word' id='word_1_664' title='bbox 3664 4154 3778 4218; x_wconf 75' lang='grc' dir='ltr'>τοῖς</span> 
     </span>
    </p>
   </div>
   <div class='ocr_carea' id='block_1_88' title="bbox 2203 4228 3775 4311">
    <p class='ocr_par' dir='ltr' id='par_1_88' title="bbox 2203 4228 3775 4311">
     <span class='ocr_line' id='line_1_95' title="bbox 2203 4228 3775 4311; baseline 0.011 -32"><span class='ocrx_word' id='word_1_665' title='bbox 2203 4228 2547 4297; x_wconf 81' lang='grc' dir='ltr'>γράμμασιν.</span> <span class='ocrx_word' id='word_1_666' title='bbox 2598 4231 2666 4285; x_wconf 78' lang='grc' dir='ltr'>Ὀ</span> <span class='ocrx_word' id='word_1_667' title='bbox 2709 4248 2769 4285; x_wconf 89' lang='grc' dir='ltr'>τε</span> <span class='ocrx_word' id='word_1_668' title='bbox 2814 4234 3084 4303; x_wconf 73' lang='grc' dir='ltr'>ὑποδύτης</span> <span class='ocrx_word' id='word_1_669' title='bbox 3128 4236 3274 4291; x_wconf 71' lang='grc' dir='ltr'>ἔνδον</span> <span class='ocrx_word' id='word_1_670' title='bbox 3315 4238 3420 4292; x_wconf 88' lang='grc' dir='ltr'><strong>τῶν</strong></span> <span class='ocrx_word' id='word_1_671' title='bbox 3450 4241 3775 4311; x_wconf 72' lang='grc' dir='ltr'>ἐπωμίδων,</span> 
     </span>
    </p>
   </div>
   <div class='ocr_carea' id='block_1_89' title="bbox 2204 4314 3777 4404">
    <p class='ocr_par' dir='ltr' id='par_1_89' title="bbox 2204 4314 3777 4404">
     <span class='ocr_line' id='line_1_96' title="bbox 2204 4314 3777 4404; baseline 0.013 -37"><span class='ocrx_word' id='word_1_672' title='bbox 2204 4314 2263 4381; x_wconf 78' lang='grc' dir='ltr'>ἐξ</span> <span class='ocrx_word' id='word_1_673' title='bbox 2284 4317 2511 4387; x_wconf 83' lang='grc' dir='ltr'>αὐχένος</span> <span class='ocrx_word' id='word_1_674' title='bbox 2542 4320 2622 4383; x_wconf 84' lang='grc' dir='ltr'><strong>είς</strong></span> <span class='ocrx_word' id='word_1_675' title='bbox 2646 4320 2848 4393; x_wconf 76' lang='grc' dir='ltr'>ἄκρους</span> <span class='ocrx_word' id='word_1_676' title='bbox 2877 4324 3042 4388; x_wconf 84' lang='grc' dir='ltr'>πόδας</span> <span class='ocrx_word' id='word_1_677' title='bbox 3066 4326 3287 4396; x_wconf 79' lang='grc' dir='ltr'>διήκων,</span> <span class='ocrx_word' id='word_1_678' title='bbox 3312 4331 3423 4392; x_wconf 82' lang='grc' dir='ltr'>τοῖς</span> <span class='ocrx_word' id='word_1_679' title='bbox 3440 4332 3551 4384; x_wconf 88' lang='grc' dir='ltr'><strong>τῶν</strong></span> <span class='ocrx_word' id='word_1_680' title='bbox 3573 4332 3777 4404; x_wconf 83' lang='grc' dir='ltr'>κοσύμ-</span> 
     </span>
    </p>
   </div>
   <div class='ocr_carea' id='block_1_90' title="bbox 2205 4406 3775 4491">
    <p class='ocr_par' dir='ltr' id='par_1_90' title="bbox 2205 4406 3775 4491">
     <span class='ocr_line' id='line_1_97' title="bbox 2205 4406 3775 4491; baseline 0.011 -32"><span class='ocrx_word' id='word_1_681' title='bbox 2205 4406 2315 4460; x_wconf 89' lang='grc' dir='ltr'><strong>ϐων</strong></span> <span class='ocrx_word' id='word_1_682' title='bbox 2357 4409 2748 4481; x_wconf 70' lang='grc' dir='ltr'>ἀπηρτήμασιν</span> <span class='ocrx_word' id='word_1_683' title='bbox 2794 4414 3084 4485; x_wconf 83' lang='grc' dir='ltr'>εὐπρεπῶς</span> <span class='ocrx_word' id='word_1_684' title='bbox 3132 4420 3561 4491; x_wconf 84' lang='grc' dir='ltr'>κεκοσμημένος.</span> <span class='ocrx_word' id='word_1_685' title='bbox 3611 4424 3687 4476; x_wconf 86' lang='grc' dir='ltr'>Τό</span> <span class='ocrx_word' id='word_1_686' title='bbox 3716 4442 3775 4478; x_wconf 87' lang='grc' dir='ltr'><strong>τε</strong></span> 
     </span>
    </p>
   </div>
   <div class='ocr_carea' id='block_1_91' title="bbox 527 4464 2105 4580">
    <p class='ocr_par' dir='ltr' id='par_1_91' title="bbox 527 4464 2093 4580">
     <span class='ocr_line' id='line_1_98' title="bbox 527 4464 2093 4567; baseline 0.022 -48"><span class='ocrx_word' id='word_1_687' title='bbox 527 4464 806 4534; x_wconf 83' lang='lat' dir='ltr'><strong>majorque</strong></span> <span class='ocrx_word' id='word_1_688' title='bbox 835 4470 1017 4538; x_wconf 66' lang='lat' dir='ltr'><strong>si-ipso</strong></span> <span class='ocrx_word' id='word_1_689' title='bbox 1048 4473 1149 4527; x_wconf 92' lang='lat' dir='ltr'><strong>hac</strong></span> <span class='ocrx_word' id='word_1_690' title='bbox 1168 4476 1393 4535; x_wconf 79' lang='lat' dir='ltr'><strong>effectus</strong></span> <span class='ocrx_word' id='word_1_691' title='bbox 1423 4494 1570 4538; x_wconf 84' lang='lat' dir='ltr'><strong>esset</strong></span> <span class='ocrx_word' id='word_1_692' title='bbox 1592 4500 1792 4545; x_wconf 83' lang='lat' dir='ltr'><strong>arcana</strong></span> <span class='ocrx_word' id='word_1_693' title='bbox 1818 4494 2093 4567; x_wconf 88' lang='lat' dir='ltr'><strong>doctrina,</strong></span> 
     </span>
     <span class='ocr_line' id='line_1_99' title="bbox 527 4546 1448 4580; baseline 0 0"><span class='ocrx_word' id='word_1_694' title='bbox 527 4546 802 4580; x_wconf 47' lang='lat' dir='ltr'><strong>domuum“.</strong></span> <span class='ocrx_word' id='word_1_695' title='bbox 846 4570 868 4580; x_wconf 82' lang='lat'><strong>..</strong></span> <span class='ocrx_word' id='word_1_696' title='bbox 904 4570 1079 4580; x_wconf 49' lang='grc' dir='ltr'><strong>.-.ηιμ</strong></span> <span class='ocrx_word' id='word_1_697' title='bbox 1116 4577 1133 4580; x_wconf 82' lang='lat'>_</span> <span class='ocrx_word' id='word_1_698' title='bbox 1165 4560 1176 4580; x_wconf 89' lang='grc'><strong>1</strong></span> <span class='ocrx_word' id='word_1_699' title='bbox 1443 4578 1448 4580; x_wconf 85' lang='grc'><strong>,</strong></span> 
     </span>
    </p>
   </div>
   <div class='ocr_carea' id='block_1_92' title="bbox 2208 4464 3774 4580">
    <p class='ocr_par' dir='ltr' id='par_1_92' title="bbox 2208 4464 3774 4580">
     <span class='ocr_line' id='line_1_100' title="bbox 2459 4464 3774 4491; baseline 0.011 -28"><span class='ocrx_word' id='word_1_700' title='bbox 2459 4464 2490 4480; x_wconf 64' lang='grc' dir='ltr'>η</span> <span class='ocrx_word' id='word_1_701' title='bbox 2564 4464 2595 4481; x_wconf 65' lang='grc' dir='ltr'>η</span> <span class='ocrx_word' id='word_1_702' title='bbox 2634 4464 2641 4465; x_wconf 62' lang='lat'><strong><em>,</em></strong></span> <span class='ocrx_word' id='word_1_703' title='bbox 2676 4464 2711 4465; x_wconf 29' lang='grc' dir='ltr'>κν</span> <span class='ocrx_word' id='word_1_704' title='bbox 3134 4464 3561 4491; x_wconf 55' lang='grc' dir='ltr'><strong>---πημητηην</strong></span> <span class='ocrx_word' id='word_1_705' title='bbox 3622 4464 3686 4476; x_wconf 74' lang='grc' dir='ltr'>η</span> <span class='ocrx_word' id='word_1_706' title='bbox 3727 4464 3774 4478; x_wconf 87' lang='grc'><strong>...</strong></span> 
     </span>
     <span class='ocr_line' id='line_1_101' title="bbox 2208 4498 3774 4580; baseline 0.011 -30"><span class='ocrx_word' id='word_1_707' title='bbox 2208 4498 2352 4551; x_wconf 84' lang='grc' dir='ltr'>κάτω</span> <span class='ocrx_word' id='word_1_708' title='bbox 2369 4500 2694 4569; x_wconf 84' lang='grc' dir='ltr'>κράσπεδον,</span> <span class='ocrx_word' id='word_1_709' title='bbox 2721 4504 2782 4556; x_wconf 82' lang='grc' dir='ltr'><strong>οὐ</strong></span> <span class='ocrx_word' id='word_1_710' title='bbox 2802 4505 2960 4574; x_wconf 88' lang='grc' dir='ltr'>μόνον</span> <span class='ocrx_word' id='word_1_711' title='bbox 2991 4509 3055 4560; x_wconf 82' lang='grc' dir='ltr'>ὲκ</span> <span class='ocrx_word' id='word_1_712' title='bbox 3070 4509 3168 4577; x_wconf 90' lang='grc' dir='ltr'><strong>τῆς</strong></span> <span class='ocrx_word' id='word_1_713' title='bbox 3190 4510 3488 4580; x_wconf 78' lang='grc' dir='ltr'>ὑφαντικῆς</span> <span class='ocrx_word' id='word_1_714' title='bbox 3508 4515 3774 4579; x_wconf 85' lang='grc' dir='ltr'>ποικιλίας</span> 
     </span>
    </p>
   </div>
   <div class='ocr_carea' id='block_1_93' title="bbox 525 4546 2098 4643">
    <p class='ocr_par' dir='ltr' id='par_1_93' title="bbox 525 4546 2098 4643">
     <span class='ocr_line' id='line_1_102' title="bbox 1827 4546 2093 4567; baseline 0.03 -8"><span class='ocrx_word' id='word_1_715' title='bbox 1827 4546 1879 4549; x_wconf 55' lang='grc' dir='ltr'>η</span> <span class='ocrx_word' id='word_1_716' title='bbox 1981 4546 2093 4567; x_wconf 71' lang='grc' dir='ltr'><strong>--ηἿ</strong></span> 
     </span>
     <span class='ocr_line' id='line_1_103' title="bbox 525 4546 2098 4643; baseline 0.029 -45"><span class='ocrx_word' id='word_1_717' title='bbox 525 4546 809 4605; x_wconf 63' lang='grc' dir='ltr'>όεευσιιιάίι</span> <span class='ocrx_word' id='word_1_718' title='bbox 843 4570 872 4607; x_wconf 90' lang='lat' dir='ltr'><strong>a</strong></span> <span class='ocrx_word' id='word_1_719' title='bbox 904 4570 1085 4614; x_wconf 86' lang='lat' dir='ltr'><strong>monte</strong></span> <span class='ocrx_word' id='word_1_720' title='bbox 1112 4560 1179 4614; x_wconf 84' lang='lat' dir='ltr'><strong>ad</strong></span> <span class='ocrx_word' id='word_1_721' title='bbox 1209 4580 1361 4631; x_wconf 87' lang='lat' dir='ltr'><strong>suos,</strong></span> <span class='ocrx_word' id='word_1_722' title='bbox 1398 4578 1456 4622; x_wconf 94' lang='lat' dir='ltr'><strong>ut</strong></span> <span class='ocrx_word' id='word_1_723' title='bbox 1499 4587 1594 4628; x_wconf 84' lang='lat' dir='ltr'><strong>eos</strong></span> <span class='ocrx_word' id='word_1_724' title='bbox 1637 4581 1883 4636; x_wconf 87' lang='lat' dir='ltr'><strong>eamdem</strong></span> <span class='ocrx_word' id='word_1_725' title='bbox 1930 4586 2098 4643; x_wconf 88' lang='lat' dir='ltr'><strong>disci-</strong></span> 
     </span>
    </p>
   </div>
   <div class='ocr_carea' id='block_1_94' title="bbox 526 4635 2095 4737">
    <p class='ocr_par' dir='ltr' id='par_1_94' title="bbox 526 4635 2095 4737">
     <span class='ocr_line' id='line_1_104' title="bbox 526 4635 2095 4737; baseline 0.031 -51"><span class='ocrx_word' id='word_1_726' title='bbox 526 4635 729 4702; x_wconf 91' lang='lat' dir='ltr'><strong>plinam</strong></span> <span class='ocrx_word' id='word_1_727' title='bbox 775 4642 1021 4713; x_wconf 87' lang='lat' dir='ltr'><strong>doceret,</strong></span> <span class='ocrx_word' id='word_1_728' title='bbox 1053 4659 1106 4705; x_wconf 90' lang='lat' dir='ltr'><strong>et</strong></span> <span class='ocrx_word' id='word_1_729' title='bbox 1138 4653 1282 4723; x_wconf 81' lang='lat' dir='ltr'><strong>leges</strong></span> <span class='ocrx_word' id='word_1_730' title='bbox 1327 4660 1406 4714; x_wconf 91' lang='lat' dir='ltr'><strong>eis</strong></span> <span class='ocrx_word' id='word_1_731' title='bbox 1464 4677 1813 4737; x_wconf 89' lang='lat' dir='ltr'><strong>proponeret,</strong></span> <span class='ocrx_word' id='word_1_732' title='bbox 1861 4684 1916 4729; x_wconf 88' lang='lat' dir='ltr'><strong>et</strong></span> <span class='ocrx_word' id='word_1_733' title='bbox 1957 4686 2095 4733; x_wconf 88' lang='lat' dir='ltr'><strong>tem-</strong></span> 
     </span>
    </p>
   </div>
   <div class='ocr_carea' id='block_1_95' title="bbox 523 4725 2095 4830">
    <p class='ocr_par' dir='ltr' id='par_1_95' title="bbox 523 4725 2095 4830">
     <span class='ocr_line' id='line_1_105' title="bbox 523 4725 2095 4830; baseline 0.035 -55"><span class='ocrx_word' id='word_1_734' title='bbox 523 4725 693 4794; x_wconf 88' lang='lat' dir='ltr'><strong>plum,</strong></span> <span class='ocrx_word' id='word_1_735' title='bbox 743 4737 1130 4809; x_wconf 86' lang='lat' dir='ltr'><strong>saccrdotium,</strong></span> <span class='ocrx_word' id='word_1_736' title='bbox 1168 4756 1222 4801; x_wconf 89' lang='lat' dir='ltr'><strong>et</strong></span> <span class='ocrx_word' id='word_1_737' title='bbox 1255 4754 1398 4820; x_wconf 87' lang='lat' dir='ltr'><strong>quod</strong></span> <span class='ocrx_word' id='word_1_738' title='bbox 1436 4756 1489 4810; x_wconf 90' lang='lat' dir='ltr'><strong>in</strong></span> <span class='ocrx_word' id='word_1_739' title='bbox 1557 4772 1741 4820; x_wconf 87' lang='lat' dir='ltr'><strong>monte</strong></span> <span class='ocrx_word' id='word_1_740' title='bbox 1796 4766 1974 4825; x_wconf 82' lang='lat' dir='ltr'><strong>fuerat</strong></span> <span class='ocrx_word' id='word_1_741' title='bbox 2018 4775 2095 4830; x_wconf 84' lang='lat' dir='ltr'><strong>illi</strong></span> 
     </span>
    </p>
   </div>
   <div class='ocr_carea' id='block_1_96' title="bbox 523 4826 2093 4922">
    <p class='ocr_par' dir='ltr' id='par_1_96' title="bbox 523 4826 2093 4922">
     <span class='ocr_line' id='line_1_106' title="bbox 523 4826 2093 4922; baseline 0.035 -55"><span class='ocrx_word' id='word_1_742' title='bbox 523 4826 648 4872; x_wconf 86' lang='lat' dir='ltr'><strong>ante</strong></span> <span class='ocrx_word' id='word_1_743' title='bbox 682 4836 1043 4885; x_wconf 83' lang='lat' dir='ltr'><strong>monstratum</strong></span> <span class='ocrx_word' id='word_1_744' title='bbox 1069 4844 1366 4911; x_wconf 83' lang='lat' dir='ltr'><strong>exemplar.</strong></span> <span class='ocrx_word' id='word_1_745' title='bbox 1398 4844 1628 4904; x_wconf 83' lang='lat' dir='ltr'><strong>Ferebat</strong></span> <span class='ocrx_word' id='word_1_746' title='bbox 1660 4857 1804 4910; x_wconf 91' lang='lat' dir='ltr'><strong>enim</strong></span> <span class='ocrx_word' id='word_1_747' title='bbox 1839 4863 2093 4922; x_wconf 88' lang='lat' dir='ltr'><strong>manibus</strong></span> 
     </span>
    </p>
   </div>
   <div class='ocr_carea' id='block_1_97' title="bbox 521 4908 2088 5012">
    <p class='ocr_par' dir='ltr' id='par_1_97' title="bbox 521 4908 2088 5012">
     <span class='ocr_line' id='line_1_107' title="bbox 521 4908 2088 5012; baseline 0.034 -54"><span class='ocrx_word' id='word_1_748' title='bbox 521 4908 736 4968; x_wconf 89' lang='lat' dir='ltr'><strong>tabulas</strong></span> <span class='ocrx_word' id='word_1_749' title='bbox 774 4932 981 4985; x_wconf 89' lang='lat' dir='ltr'><strong>sacras,</strong></span> <span class='ocrx_word' id='word_1_750' title='bbox 1014 4942 1133 4994; x_wconf 70' lang='lat' dir='ltr'><strong>quae</strong></span> <span class='ocrx_word' id='word_1_751' title='bbox 1159 4930 1401 4988; x_wconf 87' lang='lat' dir='ltr'><strong>divinum</strong></span> <span class='ocrx_word' id='word_1_752' title='bbox 1431 4938 1709 4999; x_wconf 89' lang='lat' dir='ltr'><strong>inventum</strong></span> <span class='ocrx_word' id='word_1_753' title='bbox 1765 4964 1829 5004; x_wconf 90' lang='lat' dir='ltr'><strong>ac</strong></span> <span class='ocrx_word' id='word_1_754' title='bbox 1888 4952 2088 5012; x_wconf 87' lang='lat' dir='ltr'><strong>donum</strong></span> 
     </span>
    </p>
   </div>
   <div class='ocr_carea' id='block_1_98' title="bbox 519 5008 2091 5100">
    <p class='ocr_par' dir='ltr' id='par_1_98' title="bbox 519 5008 2091 5100">
     <span class='ocr_line' id='line_1_108' title="bbox 519 5008 2091 5100; baseline 0.031 -47"><span class='ocrx_word' id='word_1_755' title='bbox 519 5011 698 5061; x_wconf 85' lang='lat' dir='ltr'><strong>erant.</strong></span> <span class='ocrx_word' id='word_1_756' title='bbox 736 5022 837 5061; x_wconf 90' lang='lat' dir='ltr'><strong>nec</strong></span> <span class='ocrx_word' id='word_1_757' title='bbox 878 5008 1117 5069; x_wconf 89' lang='lat' dir='ltr'><strong>humano</strong></span> <span class='ocrx_word' id='word_1_758' title='bbox 1147 5022 1351 5076; x_wconf 81' lang='lat' dir='ltr'><strong>auxilio</strong></span> <span class='ocrx_word' id='word_1_759' title='bbox 1380 5034 1437 5079; x_wconf 92' lang='lat' dir='ltr'><strong>ut</strong></span> <span class='ocrx_word' id='word_1_760' title='bbox 1476 5032 1911 5098; x_wconf 84' lang='lat' dir='ltr'><strong>producerentur</strong></span> <span class='ocrx_word' id='word_1_761' title='bbox 1949 5043 2091 5100; x_wconf 90' lang='lat' dir='ltr'><strong>indi-</strong></span> 
     </span>
    </p>
   </div>
   <div class='ocr_carea' id='block_1_99' title="bbox 517 5102 2087 5196">
    <p class='ocr_par' dir='ltr' id='par_1_99' title="bbox 517 5102 2087 5196">
     <span class='ocr_line' id='line_1_109' title="bbox 517 5102 2087 5196; baseline 0.031 -52"><span class='ocrx_word' id='word_1_762' title='bbox 517 5104 786 5164; x_wconf 72' lang='lat' dir='ltr'><strong>guerant;</strong></span> <span class='ocrx_word' id='word_1_763' title='bbox 819 5102 912 5156; x_wconf 88' lang='lat' dir='ltr'><strong>sed</strong></span> <span class='ocrx_word' id='word_1_764' title='bbox 943 5105 1115 5173; x_wconf 91' lang='lat' dir='ltr'><strong>ipsius</strong></span> <span class='ocrx_word' id='word_1_765' title='bbox 1158 5110 1250 5166; x_wconf 85' lang='lat' dir='ltr'><strong>Dei</strong></span> <span class='ocrx_word' id='word_1_766' title='bbox 1301 5130 1436 5185; x_wconf 90' lang='lat' dir='ltr'><strong>opus</strong></span> <span class='ocrx_word' id='word_1_767' title='bbox 1476 5131 1767 5196; x_wconf 89' lang='lat' dir='ltr'><strong>utrumque</strong></span> <span class='ocrx_word' id='word_1_768' title='bbox 1826 5131 1929 5187; x_wconf 92' lang='lat' dir='ltr'><strong>fuit</strong></span> <span class='ocrx_word' id='word_1_769' title='bbox 1977 5144 2087 5192; x_wconf 88' lang='lat' dir='ltr'><strong>tam</strong></span> 
     </span>
    </p>
   </div>
   <div class='ocr_carea' id='block_1_100' title="bbox 519 5189 2086 5285">
    <p class='ocr_par' dir='ltr' id='par_1_100' title="bbox 519 5189 2086 5285">
     <span class='ocr_line' id='line_1_110' title="bbox 519 5189 2086 5285; baseline 0.029 -49"><span class='ocrx_word' id='word_1_770' title='bbox 519 5189 767 5253; x_wconf 88' lang='lat' dir='ltr'><strong>materia,</strong></span> <span class='ocrx_word' id='word_1_771' title='bbox 802 5210 964 5263; x_wconf 88' lang='lat' dir='ltr'><strong>quam</strong></span> <span class='ocrx_word' id='word_1_772' title='bbox 1039 5199 1229 5259; x_wconf 74' lang='lat' dir='ltr'><strong>littera:</strong></span> <span class='ocrx_word' id='word_1_773' title='bbox 1290 5207 1343 5261; x_wconf 92' lang='lat' dir='ltr'><strong>in</strong></span> <span class='ocrx_word' id='word_1_774' title='bbox 1377 5210 1493 5278; x_wconf 90' lang='lat' dir='ltr'><strong>ipsa</strong></span> <span class='ocrx_word' id='word_1_775' title='bbox 1549 5214 1864 5285; x_wconf 61' lang='lat' dir='ltr'><strong>impressae:</strong></span> <span class='ocrx_word' id='word_1_776' title='bbox 1900 5240 2086 5281; x_wconf 85' lang='lat' dir='ltr'><strong>verum</strong></span> 
     </span>
    </p>
   </div>
   <div class='ocr_carea' id='block_1_101' title="bbox 521 5283 2087 5388">
    <p class='ocr_par' dir='ltr' id='par_1_101' title="bbox 521 5283 2087 5388">
     <span class='ocr_line' id='line_1_111' title="bbox 521 5283 2087 5388; baseline 0.031 -60"><span class='ocrx_word' id='word_1_777' title='bbox 521 5283 755 5347; x_wconf 81' lang='lat' dir='ltr'><strong>populus</strong></span> <span class='ocrx_word' id='word_1_778' title='bbox 805 5286 896 5358; x_wconf 72' lang='lat' dir='ltr'><strong>qui</strong></span> <span class='ocrx_word' id='word_1_779' title='bbox 939 5298 1230 5363; x_wconf 77' lang='lat' dir='ltr'><strong>antequam</strong></span> <span class='ocrx_word' id='word_1_780' title='bbox 1284 5300 1561 5371; x_wconf 77' lang='lat' dir='ltr'><strong>legislator</strong></span> <span class='ocrx_word' id='word_1_781' title='bbox 1618 5283 2087 5388; x_wconf 79' lang='lat' dir='ltr'><strong>descenderet,ad</strong></span> 
     </span>
     <span class='ocr_line' id='line_1_112' title="bbox 521 5362 1245 5388; baseline 0.029 -12"><span class='ocrx_word' id='word_1_782' title='bbox 521 5362 679 5388; x_wconf 38' lang='grc' dir='ltr'>,μω</span> <span class='ocrx_word' id='word_1_783' title='bbox 724 5382 734 5388; x_wconf 74' lang='grc'><strong>,</strong></span> <span class='ocrx_word' id='word_1_784' title='bbox 776 5375 785 5384; x_wconf 93' lang='grc'><strong>.</strong></span> <span class='ocrx_word' id='word_1_785' title='bbox 929 5377 942 5388; x_wconf 87' lang='grc'><em>.</em></span> <span class='ocrx_word' id='word_1_786' title='bbox 987 5379 1007 5388; x_wconf 86' lang='grc'><strong>-</strong></span> <span class='ocrx_word' id='word_1_787' title='bbox 1238 5386 1245 5388; x_wconf 46' lang='grc' dir='ltr'>μ</span> 
     </span>
    </p>
   </div>
   <div class='ocr_carea' id='block_1_102' title="bbox 521 5362 1907 5467">
    <p class='ocr_par' dir='ltr' id='par_1_102' title="bbox 521 5362 1907 5467">
     <span class='ocr_line' id='line_1_113' title="bbox 521 5362 1907 5467; baseline 0.031 -53"><span class='ocrx_word' id='word_1_788' title='bbox 521 5362 878 5429; x_wconf 64' lang='lat' dir='ltr'><strong>idololatrian:</strong></span> <span class='ocrx_word' id='word_1_789' title='bbox 912 5377 1205 5448; x_wconf 83' lang='lat' dir='ltr'><strong>defecerat,</strong></span> <span class='ocrx_word' id='word_1_790' title='bbox 1234 5386 1337 5442; x_wconf 91' lang='lat' dir='ltr'><strong>hoc</strong></span> <span class='ocrx_word' id='word_1_791' title='bbox 1372 5406 1571 5449; x_wconf 91' lang='lat' dir='ltr'><strong>munus</strong></span> <span class='ocrx_word' id='word_1_792' title='bbox 1608 5396 1907 5467; x_wconf 86' lang='lat' dir='ltr'><strong>impedivit.</strong></span> 
     </span>
    </p>
   </div>
   <div class='ocr_carea' id='block_1_103' title="bbox 2201 4591 3771 4677">
    <p class='ocr_par' dir='ltr' id='par_1_103' title="bbox 2201 4591 3771 4677">
     <span class='ocr_line' id='line_1_114' title="bbox 2201 4591 3771 4677; baseline 0.014 -37"><span class='ocrx_word' id='word_1_793' title='bbox 2201 4592 2278 4652; x_wconf 88' lang='grc' dir='ltr'><strong>είς</strong></span> <span class='ocrx_word' id='word_1_794' title='bbox 2316 4591 2510 4655; x_wconf 86' lang='grc' dir='ltr'>κάλλος</span> <span class='ocrx_word' id='word_1_795' title='bbox 2544 4594 2935 4665; x_wconf 76' lang='grc' dir='ltr'>ἐξησκημένον,</span> <span class='ocrx_word' id='word_1_796' title='bbox 2956 4600 3092 4654; x_wconf 86' lang='grc' dir='ltr'><strong>ἀλλά</strong></span> <span class='ocrx_word' id='word_1_797' title='bbox 3118 4602 3211 4655; x_wconf 77' lang='grc' dir='ltr'>καὶ</span> <span class='ocrx_word' id='word_1_798' title='bbox 3239 4603 3327 4656; x_wconf 86' lang='grc' dir='ltr'><strong>διὰ</strong></span> <span class='ocrx_word' id='word_1_799' title='bbox 3349 4604 3456 4657; x_wconf 90' lang='grc' dir='ltr'><strong>τῶν</strong></span> <span class='ocrx_word' id='word_1_800' title='bbox 3485 4608 3550 4659; x_wconf 77' lang='grc' dir='ltr'>ὲκ</span> <span class='ocrx_word' id='word_1_801' title='bbox 3569 4609 3771 4677; x_wconf 79' lang='grc' dir='ltr'>χρυσοῦ</span> 
     </span>
    </p>
   </div>
   <div class='ocr_carea' id='block_1_104' title="bbox 2201 4682 3773 4765">
    <p class='ocr_par' dir='ltr' id='par_1_104' title="bbox 2201 4682 3773 4765">
     <span class='ocr_line' id='line_1_115' title="bbox 2201 4682 3773 4765; baseline 0.011 -31"><span class='ocrx_word' id='word_1_802' title='bbox 2201 4682 2631 4753; x_wconf 83' lang='grc' dir='ltr'>ἀπηρτημάτων.</span> <span class='ocrx_word' id='word_1_803' title='bbox 2675 4688 2860 4742; x_wconf 88' lang='grc' dir='ltr'>Ταῦτα</span> <span class='ocrx_word' id='word_1_804' title='bbox 2895 4690 2950 4743; x_wconf 83' lang='grc' dir='ltr'><strong>δὲ</strong></span> <span class='ocrx_word' id='word_1_805' title='bbox 2992 4686 3091 4762; x_wconf 86' lang='grc' dir='ltr'>ἦν,</span> <span class='ocrx_word' id='word_1_806' title='bbox 3133 4693 3379 4758; x_wconf 86' lang='grc' dir='ltr'>κώδωνες</span> <span class='ocrx_word' id='word_1_807' title='bbox 3406 4696 3651 4765; x_wconf 85' lang='grc' dir='ltr'>χρύσεοι,</span> <span class='ocrx_word' id='word_1_808' title='bbox 3682 4701 3773 4753; x_wconf 80' lang='grc' dir='ltr'>καὶ</span> 
     </span>
    </p>
   </div>
   <div class='ocr_carea' id='block_1_105' title="bbox 2201 4770 3772 4867">
    <p class='ocr_par' dir='ltr' id='par_1_105' title="bbox 2201 4770 3772 4867">
     <span class='ocr_line' id='line_1_116' title="bbox 2201 4770 3772 4867; baseline 0.013 -46"><span class='ocrx_word' id='word_1_809' title='bbox 2201 4770 2435 4839; x_wconf 78' lang='grc' dir='ltr'>ροἲσκοι,</span> <span class='ocrx_word' id='word_1_810' title='bbox 2466 4774 2530 4825; x_wconf 84' lang='grc' dir='ltr'>ὲκ</span> <span class='ocrx_word' id='word_1_811' title='bbox 2566 4775 2910 4848; x_wconf 83' lang='grc' dir='ltr'>παραλλήλου</span> <span class='ocrx_word' id='word_1_812' title='bbox 2937 4779 2997 4832; x_wconf 78' lang='grc' dir='ltr'><strong>τὸ</strong></span> <span class='ocrx_word' id='word_1_813' title='bbox 3037 4781 3186 4835; x_wconf 88' lang='grc' dir='ltr'>κάτω</span> <span class='ocrx_word' id='word_1_814' title='bbox 3209 4784 3519 4867; x_wconf 77' lang='grc' dir='ltr'>κράσπεδον</span> <span class='ocrx_word' id='word_1_815' title='bbox 3547 4787 3772 4860; x_wconf 86' lang='grc' dir='ltr'>ἀπειλη-</span> 
     </span>
    </p>
   </div>
   <div class='ocr_carea' id='block_1_106' title="bbox 2201 4863 3769 4948">
    <p class='ocr_par' dir='ltr' id='par_1_106' title="bbox 2201 4863 3769 4948">
     <span class='ocr_line' id='line_1_117' title="bbox 2201 4863 3769 4948; baseline 0.013 -34"><span class='ocrx_word' id='word_1_816' title='bbox 2201 4863 2378 4930; x_wconf 86' lang='grc' dir='ltr'>φότες.</span> <span class='ocrx_word' id='word_1_817' title='bbox 2406 4864 2480 4917; x_wconf 86' lang='grc' dir='ltr'><strong>Ἤ</strong></span> <span class='ocrx_word' id='word_1_818' title='bbox 2501 4883 2560 4918; x_wconf 85' lang='grc' dir='ltr'>τε</span> <span class='ocrx_word' id='word_1_819' title='bbox 2581 4864 2647 4921; x_wconf 73' lang='grc' dir='ltr'><strong>αὖ</strong></span> <span class='ocrx_word' id='word_1_820' title='bbox 2674 4870 2770 4938; x_wconf 85' lang='grc' dir='ltr'><strong>τῆς</strong></span> <span class='ocrx_word' id='word_1_821' title='bbox 2791 4870 3029 4940; x_wconf 79' lang='grc' dir='ltr'>κεφαλῆς</span> <span class='ocrx_word' id='word_1_822' title='bbox 3051 4863 3250 4940; x_wconf 82' lang='grc' dir='ltr'>ταινία,</span> <span class='ocrx_word' id='word_1_823' title='bbox 3277 4876 3557 4948; x_wconf 84' lang='grc' dir='ltr'>ὑακινθίνη</span> <span class='ocrx_word' id='word_1_824' title='bbox 3589 4881 3769 4933; x_wconf 83' lang='grc' dir='ltr'>πᾶσα·</span> 
     </span>
    </p>
   </div>
   <div class='ocr_carea' id='block_1_107' title="bbox 2199 4957 3769 5040">
    <p class='ocr_par' dir='ltr' id='par_1_107' title="bbox 2199 4957 3769 5040">
     <span class='ocr_line' id='line_1_118' title="bbox 2199 4957 3769 5040; baseline 0.01 -33"><span class='ocrx_word' id='word_1_825' title='bbox 2199 4957 2293 5008; x_wconf 63' lang='grc' dir='ltr'><strong>κα)⁵</strong></span> <span class='ocrx_word' id='word_1_826' title='bbox 2334 4957 2393 5010; x_wconf 75' lang='grc' dir='ltr'><strong>τὸ</strong></span> <span class='ocrx_word' id='word_1_827' title='bbox 2438 4962 2869 5029; x_wconf 84' lang='grc' dir='ltr'>προμετωπίδιον</span> <span class='ocrx_word' id='word_1_828' title='bbox 2916 4963 3183 5029; x_wconf 80' lang='grc' dir='ltr'>πέταλον,</span> <span class='ocrx_word' id='word_1_829' title='bbox 3224 4965 3283 5030; x_wconf 78' lang='grc' dir='ltr'><strong>ἐξ</strong></span> <span class='ocrx_word' id='word_1_830' title='bbox 3325 4967 3601 5037; x_wconf 80' lang='grc' dir='ltr'>ἀκηράτου</span> <span class='ocrx_word' id='word_1_831' title='bbox 3641 4988 3769 5040; x_wconf 87' lang='grc' dir='ltr'>χρυ-</span> 
     </span>
    </p>
   </div>
   <div class='ocr_carea' id='block_1_108' title="bbox 2199 5048 3772 5128">
    <p class='ocr_par' dir='ltr' id='par_1_108' title="bbox 2199 5048 3772 5128">
     <span class='ocr_line' id='line_1_119' title="bbox 2199 5048 3772 5128; baseline 0.009 -28"><span class='ocrx_word' id='word_1_832' title='bbox 2199 5048 2345 5113; x_wconf 86' lang='grc' dir='ltr'>σίου,</span> <span class='ocrx_word' id='word_1_833' title='bbox 2390 5049 2615 5122; x_wconf 68' lang='grc' dir='ltr'>ἀρρήτῳ</span> <span class='ocrx_word' id='word_1_834' title='bbox 2653 5055 2759 5107; x_wconf 75' lang='grc' dir='ltr'>τινὶ</span> <span class='ocrx_word' id='word_1_835' title='bbox 2827 5056 3133 5125; x_wconf 81' lang='grc' dir='ltr'>χαρακτῆρι</span> <span class='ocrx_word' id='word_1_836' title='bbox 3185 5060 3616 5128; x_wconf 79' lang='grc' dir='ltr'>κεχαραγμένον.</span> <span class='ocrx_word' id='word_1_837' title='bbox 3664 5063 3772 5117; x_wconf 76' lang='grc' dir='ltr'><strong>Καὶ</strong></span> 
     </span>
    </p>
   </div>
   <div class='ocr_carea' id='block_1_109' title="bbox 2198 5137 3767 5218">
    <p class='ocr_par' dir='ltr' id='par_1_109' title="bbox 2198 5137 3767 5218">
     <span class='ocr_line' id='line_1_120' title="bbox 2198 5137 3767 5218; baseline 0.01 -28"><span class='ocrx_word' id='word_1_838' title='bbox 2198 5137 2364 5209; x_wconf 85' lang='grc' dir='ltr'>ζώνη,</span> <span class='ocrx_word' id='word_1_839' title='bbox 2400 5140 2433 5209; x_wconf 79' lang='grc' dir='ltr'>ἡ</span> <span class='ocrx_word' id='word_1_840' title='bbox 2458 5142 2517 5193; x_wconf 84' lang='grc' dir='ltr'>τὸ</span> <span class='ocrx_word' id='word_1_841' title='bbox 2545 5142 2843 5212; x_wconf 84' lang='grc' dir='ltr'>κεχυμένον</span> <span class='ocrx_word' id='word_1_842' title='bbox 2869 5146 2968 5214; x_wconf 88' lang='grc' dir='ltr'><strong>τῆς</strong></span> <span class='ocrx_word' id='word_1_843' title='bbox 2998 5145 3290 5217; x_wconf 86' lang='grc' dir='ltr'>περιϐολῆς</span> <span class='ocrx_word' id='word_1_844' title='bbox 3316 5150 3767 5218; x_wconf 81' lang='grc' dir='ltr'>περιστέλλουσα·</span> 
     </span>
    </p>
   </div>
   <div class='ocr_carea' id='block_1_110' title="bbox 2197 5229 3774 5305">
    <p class='ocr_par' dir='ltr' id='par_1_110' title="bbox 2197 5229 3774 5305">
     <span class='ocr_line' id='line_1_121' title="bbox 2197 5229 3774 5305; baseline 0.01 -24"><span class='ocrx_word' id='word_1_845' title='bbox 2197 5229 2291 5282; x_wconf 74' lang='grc' dir='ltr'>καὶ</span> <span class='ocrx_word' id='word_1_846' title='bbox 2326 5233 2355 5283; x_wconf 84' lang='grc' dir='ltr'><strong>ὁ</strong></span> <span class='ocrx_word' id='word_1_847' title='bbox 2383 5230 2491 5283; x_wconf 92' lang='grc' dir='ltr'><strong>τῶν</strong></span> <span class='ocrx_word' id='word_1_848' title='bbox 2535 5234 2781 5304; x_wconf 85' lang='grc' dir='ltr'>κρυφίων</span> <span class='ocrx_word' id='word_1_849' title='bbox 2824 5236 3028 5305; x_wconf 87' lang='grc' dir='ltr'>κόσμος</span> <span class='ocrx_word' id='word_1_850' title='bbox 3049 5252 3063 5265; x_wconf 82' lang='grc'><strong>’</strong></span> <span class='ocrx_word' id='word_1_851' title='bbox 3116 5237 3211 5290; x_wconf 78' lang='grc' dir='ltr'>καὶ</span> <span class='ocrx_word' id='word_1_852' title='bbox 3256 5238 3435 5292; x_wconf 88' lang='grc' dir='ltr'>πάντα</span> <span class='ocrx_word' id='word_1_853' title='bbox 3464 5242 3565 5294; x_wconf 82' lang='grc' dir='ltr'>ὅσα</span> <span class='ocrx_word' id='word_1_854' title='bbox 3596 5243 3665 5295; x_wconf 83' lang='grc' dir='ltr'>δι’</span> <span class='ocrx_word' id='word_1_855' title='bbox 3694 5246 3774 5296; x_wconf 82' lang='grc' dir='ltr'><strong>αἱ-</strong></span> 
     </span>
    </p>
   </div>
   <div class='ocr_carea' id='block_1_111' title="bbox 2196 5319 3771 5406">
    <p class='ocr_par' dir='ltr' id='par_1_111' title="bbox 2196 5319 3771 5406">
     <span class='ocr_line' id='line_1_122' title="bbox 2196 5319 3771 5406; baseline 0.013 -37"><span class='ocrx_word' id='word_1_856' title='bbox 2196 5319 2494 5388; x_wconf 88' lang='grc' dir='ltr'>νιγμάτων,</span> <span class='ocrx_word' id='word_1_857' title='bbox 2522 5323 2578 5375; x_wconf 80' lang='grc' dir='ltr'>ἐν</span> <span class='ocrx_word' id='word_1_858' title='bbox 2605 5323 2734 5376; x_wconf 76' lang='grc' dir='ltr'>εῖδει</span> <span class='ocrx_word' id='word_1_859' title='bbox 2761 5325 3071 5396; x_wconf 86' lang='grc' dir='ltr'>περιϐολῆς,</span> <span class='ocrx_word' id='word_1_860' title='bbox 3106 5330 3234 5400; x_wconf 73' lang='grc' dir='ltr'>περὶ</span> <span class='ocrx_word' id='word_1_861' title='bbox 3266 5330 3546 5403; x_wconf 76' lang='grc' dir='ltr'>ἱερατικῆς</span> <span class='ocrx_word' id='word_1_862' title='bbox 3571 5334 3771 5406; x_wconf 80' lang='grc' dir='ltr'>ἀρετῆς</span> 
     </span>
    </p>
   </div>
   <div class='ocr_carea' id='block_1_112' title="bbox 2195 5409 3771 5495">
    <p class='ocr_par' dir='ltr' id='par_1_112' title="bbox 2195 5409 3771 5495">
     <span class='ocr_line' id='line_1_123' title="bbox 2195 5409 3771 5495; baseline 0.01 -34"><span class='ocrx_word' id='word_1_863' title='bbox 2195 5409 2595 5465; x_wconf 82' lang='grc' dir='ltr'>ὲκπαιδεύεται.</span> <span class='ocrx_word' id='word_1_864' title='bbox 2614 5413 2763 5466; x_wconf 75' lang='grc' dir='ltr'>Ἐπεὶ</span> <span class='ocrx_word' id='word_1_865' title='bbox 2787 5414 2845 5467; x_wconf 88' lang='grc' dir='ltr'>δὲ</span> <span class='ocrx_word' id='word_1_866' title='bbox 2873 5415 2940 5468; x_wconf 86' lang='grc' dir='ltr'><strong>τά</strong></span> <span class='ocrx_word' id='word_1_867' title='bbox 2964 5418 3206 5484; x_wconf 87' lang='grc' dir='ltr'>τοιαῦτα,</span> <span class='ocrx_word' id='word_1_868' title='bbox 3237 5418 3315 5490; x_wconf 83' lang='grc' dir='ltr'><strong>τῷ</strong></span> <span class='ocrx_word' id='word_1_869' title='bbox 3338 5421 3555 5492; x_wconf 84' lang='grc' dir='ltr'>ἀοράτῳ</span> <span class='ocrx_word' id='word_1_870' title='bbox 3580 5425 3771 5495; x_wconf 78' lang='grc' dir='ltr'>ἐκείνῳ</span> 
     </span>
    </p>
   </div>
   <div class='ocr_carea' id='block_1_113' title="bbox 520 5465 3768 5588">
    <p class='ocr_par' dir='ltr' id='par_1_113' title="bbox 520 5465 3768 5588">
     <span class='ocr_line' id='line_1_124' title="bbox 2724 5465 3768 5495; baseline 0.01 -25"><span class='ocrx_word' id='word_1_871' title='bbox 2724 5465 2733 5466; x_wconf 42' lang='grc' dir='ltr'><em>κ</em></span> <span class='ocrx_word' id='word_1_872' title='bbox 2798 5465 2807 5467; x_wconf 57' lang='grc' dir='ltr'><strong><em>τ</em></strong></span> <span class='ocrx_word' id='word_1_873' title='bbox 2886 5465 2939 5468; x_wconf 34' lang='grc' dir='ltr'><strong>νὴ*</strong></span> <span class='ocrx_word' id='word_1_874' title='bbox 2977 5465 3206 5484; x_wconf 64' lang='lat'><strong>—&quot;&quot;&quot;—’</strong></span> <span class='ocrx_word' id='word_1_875' title='bbox 3249 5465 3310 5490; x_wconf 67' lang='grc' dir='ltr'><strong>*Τ</strong></span> <span class='ocrx_word' id='word_1_876' title='bbox 3339 5465 3554 5492; x_wconf 61' lang='grc' dir='ltr'><strong>νννΓ“,“ἳ¹’</strong></span> <span class='ocrx_word' id='word_1_877' title='bbox 3580 5465 3768 5495; x_wconf 48' lang='grc' dir='ltr'><strong>υσοθ-’Ψ</strong></span> 
     </span>
     <span class='ocr_line' id='line_1_125' title="bbox 520 5465 3768 5588; baseline 0.012 -57"><span class='ocrx_word' id='word_1_878' title='bbox 520 5465 859 5539; x_wconf 54' lang='grc' dir='ltr'>περισχεθεὶς</span> <span class='ocrx_word' id='word_1_879' title='bbox 901 5473 1109 5544; x_wconf 76' lang='grc' dir='ltr'>γνόφῳ,</span> <span class='ocrx_word' id='word_1_880' title='bbox 1152 5477 1210 5531; x_wconf 69' lang='grc' dir='ltr'>έν</span> <span class='ocrx_word' id='word_1_881' title='bbox 1244 5482 1307 5551; x_wconf 77' lang='grc' dir='ltr'><strong>τῇ</strong></span> <span class='ocrx_word' id='word_1_882' title='bbox 1341 5483 1635 5558; x_wconf 70' lang='grc' dir='ltr'><strong>ἀπορῥήτῳ</strong></span> <span class='ocrx_word' id='word_1_883' title='bbox 1657 5465 1750 5544; x_wconf 84' lang='grc' dir='ltr'><strong>τοῦ</strong></span> <span class='ocrx_word' id='word_1_884' title='bbox 1789 5495 1924 5549; x_wconf 86' lang='grc' dir='ltr'>Θεοῦ</span> <span class='ocrx_word' id='word_1_885' title='bbox 1967 5500 2282 5573; x_wconf 76' lang='grc' dir='ltr'>διδασκαλίᾳ</span> <span class='ocrx_word' id='word_1_886' title='bbox 2322 5501 2705 5575; x_wconf 75' lang='grc' dir='ltr'>ὲξεπαιδεύθη,</span> <span class='ocrx_word' id='word_1_887' title='bbox 2741 5507 2941 5575; x_wconf 82' lang='grc' dir='ltr'>μείζων</span> <span class='ocrx_word' id='word_1_888' title='bbox 2963 5508 3155 5562; x_wconf 80' lang='grc' dir='ltr'>ἑαυτοῦ</span> <span class='ocrx_word' id='word_1_889' title='bbox 3194 5512 3466 5575; x_wconf 80' lang='grc' dir='ltr'>καταστὰς</span> <span class='ocrx_word' id='word_1_890' title='bbox 3492 5517 3561 5584; x_wconf 78' lang='grc' dir='ltr'><strong>τῇ</strong></span> <span class='ocrx_word' id='word_1_891' title='bbox 3602 5534 3768 5588; x_wconf 88' lang='grc' dir='ltr'>προσ-</span> 
     </span>
     <span class='ocr_line' id='line_1_126' title="bbox 523 5549 1763 5588; baseline 0 0"><span class='ocrx_word' id='word_1_892' title='bbox 523 5549 580 5588; x_wconf 55' lang='lat' dir='ltr'><strong>ax.</strong></span> <span class='ocrx_word' id='word_1_893' title='bbox 598 5570 660 5588; x_wconf 57' lang='grc' dir='ltr'><strong>νει</strong></span> <span class='ocrx_word' id='word_1_894' title='bbox 694 5557 799 5588; x_wconf 55' lang='grc' dir='ltr'><strong>ωιτη.</strong></span> <span class='ocrx_word' id='word_1_895' title='bbox 845 5565 1096 5588; x_wconf 42' lang='grc' dir='ltr'><strong>...ι’----Ρμ</strong></span> <span class='ocrx_word' id='word_1_896' title='bbox 1112 5586 1116 5588; x_wconf 96' lang='grc'>.</span> <span class='ocrx_word' id='word_1_897' title='bbox 1158 5586 1183 5588; x_wconf 35' lang='grc' dir='ltr'><strong>ΔΑ</strong></span> <span class='ocrx_word' id='word_1_898' title='bbox 1203 5586 1210 5588; x_wconf 39' lang='grc' dir='ltr'><strong>Α</strong></span> <span class='ocrx_word' id='word_1_899' title='bbox 1233 5570 1258 5588; x_wconf 70' lang='grc' dir='ltr'>ἢ</span> <span class='ocrx_word' id='word_1_900' title='bbox 1361 5574 1372 5587; x_wconf 86' lang='grc'><strong><em>1</em></strong></span> <span class='ocrx_word' id='word_1_901' title='bbox 1578 5577 1601 5588; x_wconf 75' lang='grc' dir='ltr'>ιι</span> <span class='ocrx_word' id='word_1_902' title='bbox 1753 5585 1763 5588; x_wconf 87' lang='grc'><strong>-</strong></span> 
     </span>
    </p>
   </div>
   <div class='ocr_carea' id='block_1_114' title="bbox 523 5549 3767 5681">
    <p class='ocr_par' dir='ltr' id='par_1_114' title="bbox 523 5549 3767 5681">
     <span class='ocr_line' id='line_1_127' title="bbox 1605 5549 3767 5588; baseline 0.007 -30"><span class='ocrx_word' id='word_1_903' title='bbox 1605 5549 1617 5558; x_wconf 90' lang='grc'>.</span> <span class='ocrx_word' id='word_1_904' title='bbox 1973 5549 2282 5573; x_wconf 65' lang='grc' dir='ltr'><strong>--νν-ν---ο---τ</strong></span> <span class='ocrx_word' id='word_1_905' title='bbox 2323 5549 2705 5575; x_wconf 44' lang='lat' dir='ltr'><strong>&quot;unm-&quot;ww&quot;</strong></span> <span class='ocrx_word' id='word_1_906' title='bbox 2741 5549 2933 5575; x_wconf 67' lang='lat' dir='ltr'><strong>rw&quot;sz</strong></span> <span class='ocrx_word' id='word_1_907' title='bbox 2963 5549 3152 5562; x_wconf 78' lang='lat' dir='ltr'><strong>----v-</strong></span> <span class='ocrx_word' id='word_1_908' title='bbox 3195 5549 3463 5575; x_wconf 60' lang='grc' dir='ltr'><strong>ηυη-νυυιτ</strong></span> <span class='ocrx_word' id='word_1_909' title='bbox 3502 5549 3561 5584; x_wconf 65' lang='grc' dir='ltr'>ἐι</span> <span class='ocrx_word' id='word_1_910' title='bbox 3609 5549 3767 5588; x_wconf 63' lang='grc' dir='ltr'>ἰγνυ-</span> 
     </span>
     <span class='ocr_line' id='line_1_128' title="bbox 523 5549 3767 5681; baseline 0.019 -77"><span class='ocrx_word' id='word_1_911' title='bbox 523 5549 665 5627; x_wconf 57' lang='grc' dir='ltr'>θιζκῃ</span> <span class='ocrx_word' id='word_1_912' title='bbox 694 5557 799 5612; x_wconf 89' lang='grc' dir='ltr'><strong>τῶν</strong></span> <span class='ocrx_word' id='word_1_913' title='bbox 843 5565 1118 5630; x_wconf 86' lang='grc' dir='ltr'>μυστικῶν</span> <span class='ocrx_word' id='word_1_914' title='bbox 1153 5570 1517 5643; x_wconf 79' lang='grc' dir='ltr'>μαθημάτων·</span> <span class='ocrx_word' id='word_1_915' title='bbox 1545 5577 1716 5645; x_wconf 79' lang='grc' dir='ltr'>οὕτως</span> <span class='ocrx_word' id='word_1_916' title='bbox 1747 5585 1811 5638; x_wconf 83' lang='grc' dir='ltr'>ἐκ</span> <span class='ocrx_word' id='word_1_917' title='bbox 1845 5590 1936 5642; x_wconf 85' lang='grc' dir='ltr'><strong>τοῦ</strong></span> <span class='ocrx_word' id='word_1_918' title='bbox 1970 5593 2169 5665; x_wconf 81' lang='grc' dir='ltr'>γνόφου</span> <span class='ocrx_word' id='word_1_919' title='bbox 2200 5594 2359 5649; x_wconf 87' lang='grc' dir='ltr'>πάλιν</span> <span class='ocrx_word' id='word_1_920' title='bbox 2386 5594 2601 5659; x_wconf 80' lang='grc' dir='ltr'>ἀναδὺς,</span> <span class='ocrx_word' id='word_1_921' title='bbox 2630 5597 2764 5667; x_wconf 82' lang='grc' dir='ltr'>πρὸς</span> <span class='ocrx_word' id='word_1_922' title='bbox 2789 5600 2850 5652; x_wconf 84' lang='grc' dir='ltr'><strong>τὸ</strong></span> <span class='ocrx_word' id='word_1_923' title='bbox 2875 5600 3141 5671; x_wconf 84' lang='grc' dir='ltr'>ὁμόφυλον</span> <span class='ocrx_word' id='word_1_924' title='bbox 3164 5602 3397 5671; x_wconf 81' lang='grc' dir='ltr'>κάτεισι,</span> <span class='ocrx_word' id='word_1_925' title='bbox 3427 5610 3767 5681; x_wconf 80' lang='grc' dir='ltr'>κοινωνήσων</span> 
     </span>
    </p>
   </div>
  </div>
