3890 6376
212 360 303 415 3S!
333 356 341 362 ’
1535 352 1622 408 DE
1668 353 1795 409 VITI

1899 353 2167 413 HOYSIS.

216 471 390 535 αὑτοῖς
434 470 545 524 τῶν
578 472 640 524 ἐν
688 473 755 542 τῇ
788 469 1070 541 θεοφανείᾳ
1105 466 1573 538 παραδειχθέντων
1607 468 1755 539 αὑτῷ
1805 468 2130 539 θαυμάτων,
2182 468 2281 523 καὶ
2316 474 2441 536 τοὺς
2485 471 2678 543 νόμους
2730 472 3212 544 παραθησόμενος,
3259 474 3354 528 καὶ
3390 473 3483 529 τὸν

214 565 361 629 ναὸν,
427 562 519 618 καὶ
558 561 1034 634 τὴνκὶερωσύνην,
1087 559 1228 613 κατὰ
1286 560 1343 612 τὸ
1397 560 1711 631 προδειχθέν
1757 561 1906 633 αὐτῷ
1948 564 2039 615 ἐπὶ
2075 562 2168 617 τοῦ
2219 563 2378 633 ὅρους
2426 565 2756 634 ὑπόδειγμα,
2807 564 2886 635 τῷ
2942 565 3055 635 λαῷ
3105 566 3482 636 καταστήσων.

216 654 417 725 Ἐφερε
451 653 512 707 δέ
539 653 764 716 καὶτὰς
793 651 941 723 ἱεράς
971 651 1183 714 πλάκας
1219 650 1306 704 διὰ
1339 652 1552 722 χειρὸς,
1598 652 1655 704 αἶ
1703 651 1845 705 θεῖον
1887 652 2106 724 εὕρημα
2140 656 2234 708 καὶ
2278 655 2446 726 δῶρον
2490 650 2661 726 ἦσαν,
2696 656 2949 725 οὐδεμιᾶς
2993 655 3281 727 συνεργίας
3321 658 3400 719 εἱς
3421 654 3486 711 τὸ

212 744 463 813 γενέσθαι
501 743 881 815 προδεηθεῖσαι
903 758 918 773 ’
946 740 1059 795 ἀλλ’
1102 741 1261 811 ἔργον
1291 739 1425 793 Θεοῦ
1455 741 1651 810 ἐπίσης
1695 742 1930 814 ἑκάτερα
1964 740 2054 815 ῆν,
2081 745 2115 814 ῆ
2147 762 2205 796 τε
2237 745 2335 814 ὕλη
2363 746 2455 799 καὶ
2484 746 2554 799 τὰ
2594 747 2686 798 ἐπὶ
2724 746 2893 817 ταύτῃ
2932 748 3280 818 χαράγματα.
3340 741 3481 803 Ἀλλ’

210 836 453 889 ἐκώλυσε
495 837 594 904 τὴν
626 836 786 905 χάριν
818 836 847 887 ό
877 833 1022 899 λαὸς,
1060 834 1188 903 πρὶν
1220 834 1505 905 ἐπιστῆναι
1534 834 1623 887 τὸν
1657 835 1977 907 νομοθέτην,
2006 838 2085 900 εἱς
2113 836 2552 908 είδωλολατρείαν
2590 837 2914 908 άφηνιάσας.

292 928 517 1000 Ἐπειδὴ
545 928 653 999 γὰρ
689 927 873 998 χρόνος
914 925 990 996 τῷ
1032 925 1198 996 Μωσῇ
1244 943 1324 989 τις
1363 926 1422 978 οὑ
1466 926 1668 997 βραχὺς
1697 927 1795 980 διε·

1976 927 2109 981 Nam
2136 945 2258 983 cum
2292 930 2650 1000 quadraginta
2672 930 2864 987 dir-bus
2896 945 2959 984 ac
2989 931 3242 987 noctibus
3276 933 3481 990 nullius

211 1021 422 1089 γένετο,
453 1021 520 1089 τῇ
568 1018 702 1088 πρὸς
737 1018 869 1069 Θεὸν
907 1014 1090 1085 ὁμιλίᾳ
1130 1014 1218 1067 διὰ
1249 1015 1347 1085 τῆς
1391 1015 1540 1078 θείας
1591 1015 1795 1086 ἐκείνης

1906 1020 2156 1089 indigens
2191 1020 2291 1085 rei,
2328 1021 2531 1090 quibus
2568 1023 2671 1075 hoc
2721 1036 2922 1090 corpus
2968 1029 3331 1087 sustentatur,
3384 1024 3482 1076 ini-

218 1109 614 1180 μυσταγωγὶας
658 1106 1120 1177 άπασχολάζοντι·
1171 1106 1265 1160 καὶ
1317 1102 1386 1177 ἦν
1533 1108 1795 1178 τεσσαρά-

1904 1108 2123 1161 mbrtali
2157 1109 2265 1162 vita
2295 1110 2398 1163 sub
2430 1110 2521 1162 illa
2549 1111 2781 1179 caligine
2812 1110 3023 1179 Moyses
3063 1110 3288 1174 viveret,
3319 1113 3479 1181 quasi

3376 360 3481 416 592.

210 1219 379 1256 κοντα
413 1200 652 1271 ἡμέραις
682 1200 774 1252 καὶ
800 1198 1086 1261 τοσαύταις
1111 1198 1229 1263 νυξὶ
1248 1199 1345 1268 τῆς
1372 1180 1543 1250 ἀϊδίου
1576 1197 1789 1269 ἐκείνης

214 1292 365 1361 ζωῆς
411 1291 518 1343 ὑπὸ
559 1291 649 1344 τὸν
695 1289 891 1360 γνόφον
929 1288 1199 1359 μετέχων,
1235 1288 1330 1342 καὶ
1361 1290 1530 1359 αὑτῆς
1564 1288 1665 1358 τῆς
1695 1288 1800 1357 φύ-

214 1401 352 1448 σεως
401 1382 509 1450 ἔξω
541 1382 830 1453 γενόμενος
883 1380 982 1452 (οὑ
1038 1381 1146 1450 γάρ
1202 1380 1469 1451 ἐπεδεήθη
1518 1380 1658 1432 κατὰ
1707 1379 1800 1433 τὸν

212 1474 406 1546 χρόνον
466 1475 672 1527 ἐκεῖνον
713 1474 793 1535 εἱς
817 1472 879 1525 τὸ
903 1471 1061 1540 σῶμα
1095 1470 1369 1543 τροφῆς)⁶
1408 1470 1562 1536 τότε,
1608 1466 1720 1525 οἷόν
1748 1489 1799 1524 τι

218 1564 525 1636 μειράκιον,
561 1565 591 1616 ὁ
637 1561 766 1626 λαὸς
807 1560 915 1614 τῶν
964 1559 1056 1613 τοῦ
1109 1558 1580 1628 παιδαγωγοῦντος
1623 1558 1799 1629 ὄψεων

213 1649 318 1717 ἔξω
352 1650 680 1720 γενόμενος,
722 1650 969 1718 ἀνοήτοις
996 1650 1196 1718 ὁρμαῖς
1237 1650 1314 1711 είς
1362 1647 1601 1717 ἀταξίανῖ
1637 1647 1799 1717 ἐκφέ-

214 1757 387 1810 ρεται,
429 1741 525 1793 καὶ
564 1738 766 1802 συστάς
806 1739 898 1792 ἐπὶ
927 1737 1019 1791 τὸν
1066 1735 1295 1808 Ἀαρὼν,
1328 1736 1571 1808 ἀνάγκην
1602 1740 1796 1807 ἐπάγει

209 1831 288 1902 τῷ
318 1833 486 1903 ἱερεῖ,
525 1820 622 1902 τῆς
650 1828 1092 1899 εἱδωλολατρείας
1137 1829 1320 1892 αὑτοῖς
1351 1827 1794 1899 καθηγήσασθαι.

214 1923 322 1979 Καὶ
369 1923 659 1991 γεγονότος
707 1920 803 1975 τοῦ
847 1920 1066 1974 εἱδώλου
1115 1921 1180 1973 ἐκ
1222 1918 1445 1989 χρυσίου
1494 1919 1597 1988 τῆς
1664 1917 1797 1988 ὕλης

211 2011 453 2082 (μόσχος
490 2011 547 2065 δέ
599 2010 660 2064 τὸ
709 2008 926 2063 εἴδωλον
948 2004 1015 2080 ἦν
1034 2008 1075 2079 ),
1107 2007 1154 2060 οἱ
1189 2007 1287 2078 μὲν
1324 2005 1694 2076 ἐπηγάλλοντο
1719 2007 1794 2079 τῷ

208 2103 521 2173 ἀσεϐήματι
539 2119 553 2133 '
585 2104 614 2155 ὁ
637 2101 694 2155 δὲ
722 2101 927 2172 Μωσῆς
965 2101 1086 2154 κατ’
1117 2098 1313 2161 αὐτοὺς
1335 2098 1435 2169 ἤδη
1463 2098 1753 2169 γενόμενος
1775 2140 1790 2167 ,

212 2191 489 2263 συντρίϐει
519 2192 619 2254 τὰς
668 2191 913 2253 πλάκας,
951 2189 1030 2254 ,ἃς
1072 2187 1255 2242 θεόθεν
1288 2186 1574 2257 ἐκόμιζενθ
1612 2188 1688 2251 ὡς
1726 2188 1790 2241 ἃν

1902 1201 2078 1270 pueri,
2113 1216 2237 1254 cum
2270 1202 2546 1271 pmdagogi
2580 1216 2688 1254 non
2737 1200 2957 1265 adsunt,
2990 1202 3070 1255 sic
3117 1204 3351 1272 papulus
3384 1204 3481 1258 ad—

1904 1304 2095 1343 versus
2129 1289 2312 1342 Aaron
2336 1291 2667 1352 concitatus,
2694 1290 2910 1361 impulit
2936 1306 3082 1353 eum,
3112 1290 3170 1344 ut
3202 1293 3269 1345 ad
3306 1293 3478 1347 simu-

1902 1379 2113 1433 lacrum
2151 1394 2379 1434 aureum
2416 1381 2750 1437 adorandum
2785 1381 2893 1436 dux
2933 1384 3012 1436 eis
3044 1382 3225 1449 ﬁeret;
3251 1383 3479 1437 simula-

1901 1485 2056 1526 crum
2084 1479 2264 1526 autem
2291 1472 2495 1527 vitulus
2527 1479 2665 1526 erat.
2730 1475 2910 1538 Quare
2973 1473 3213 1529 offensus
3261 1474 3476 1545 Moyses

1901 1560 2150 1630 perrupit
2181 1561 2420 1624 tabulas,
2450 1574 2518 1614 ne
2547 1561 2600 1613 in
2632 1560 2882 1616 homines
2914 1561 3168 1631 indignos
3208 1569 3356 1616 tanta
3389 1578 3477 1618 res

1899 1649 2222 1717 deveniret;
2259 1650 2453 1705 deinde
2502 1650 2706 1706 Levitis
2759 1650 3303 1714 administrantibus,
3375 1652 3476 1705 tri-

1898 1739 2110 1795 bulium
2140 1743 2405 1812 sanguine
2438 1742 2618 1797 scelus
2649 1741 2907 1810 expiavit,
2954 1742 3314 1796 simulacrum
3344 1757 3478 1797 con-

1899 1831 2072 1895 trivit,
2100 1846 2338 1903 cumque
2369 1848 2468 1886 sua
2500 1832 2805 1896 iracundia,
2836 1848 2944 1902 qua
2985 1834 3040 1887 in
3070 1848 3166 1888 eos
3213 1835 3305 1904 qui
3353 1849 3477 1905 pec-

1898 1931 2110 1987 carant,
2150 1932 2451 1989 exarserat,
2482 1922 2652 1978 Deum
2683 1925 2975 1994 propitium
3016 1923 3360 1985 reddidisset.
3400 1926 3476 1980 ita

1897 2023 2090 2062 rursus
2121 2007 2479 2079 quadraginta
2541 2009 2753 2063 dierum
2809 2011 2986 2080 spatio
3036 2010 3252 2067 tabulas
3294 2026 3323 2064 a
3364 2010 3476 2067 Deo

1896 2097 2244 2167 impetravit:
2299 2113 2438 2168 quas
2490 2099 2608 2168 ipse
2667 2098 2883 2168 quidem
2949 2102 3285 2170 composuit,
3330 2100 3474 2157 Deus

1895 2199 2072 2244 autem
2110 2191 2449 2260 perscripsit.
2487 2189 2597 2246 Has
2628 2206 2822 2248 rursus
2849 2192 3045 2262 accipit
3064 2208 3188 2247 cum
3215 2199 3469 2247 naturam

208 2282 303 2337 τοῦ
335 2283 812 2353 πλημμελήματπ
844 2281 1000 2348 ἀξίαν
1034 2281 1133 2350 τὴν
1160 2278 1426 2349 τιμωρίαν
1466 2279 1750 2349 ὑπόσχοιεν
1770 2319 1786 2344 ,

1899 2279 1945 2333 in
1982 2289 2132 2335 tanto
2163 2282 2373 2336 dierum
2407 2296 2633 2337 numero
2676 2283 3023 2346 excessisset,
3076 2284 3180 2338 alia
3233 2285 3467 2354 quadam

207 2376 309 2447 τῆς
338 2375 586 2445 θεοδόχου
625 2375 844 2445 χάριτος
873 2372 1295 2443 ἀμοιρήσαντες.
1336 2367 1472 2423 Εἶτα
1503 2370 1579 2439 τῷ
1613 2372 1793 2441 ἐμφυ-

207 2465 310 2536 λίῳ
343 2464 539 2535 αἵματι
568 2464 657 2518 διὰ
687 2464 797 2517 τῶν
827 2460 1066 2516 Λευῖτῶν
1095 2460 1399 2532 καθαρίσας
1426 2461 1487 2513 τὸ
1517 2461 1669 2528 ἄγος,
1702 2461 1796 2515 καὶ

208 2557 287 2627 τῷ
331 2557 450 2626 ἰδίῳ
493 2554 670 2625 θυμῷ,
705 2553 782 2624 τῷ
823 2551 963 2607 κατὰ
988 2551 1096 2605 τῶν
1132 2549 1701 2621 πεπλημμεληκότων,
1734 2552 1796 2605 τὸ

1893 2372 2106 2427 ratione
2159 2375 2428 2444 nobisque
2482 2374 2702 2429 insolita
2763 2377 2927 2429 vitam
2979 2376 3295 2439 traducens,
3340 2376 3472 2430 dum

1893 2462 2027 2516 nihil
2058 2479 2267 2531 eorum,
2288 2480 2409 2535 qua:
2438 2472 2691 2519 naturam
2715 2465 3056 2521 deficientem
3095 2468 3218 2523 cibo
3257 2475 3475 2524 susteno

1894 2562 2033 2619 tant,
2065 2557 2120 2609 in
2149 2572 2250 2610 suo
2284 2572 2513 2627 corpore
2537 2557 2777 2613 admisit.

207 2648 360 2702 Θεῖον
385 2647 744 2716 ίλεωσάμενος
764 2685 780 2709 ,
819 2644 938 2697 τότε
972 2642 1187 2696 εἴδωλον
1219 2641 1549 2712 ἐξαφανίσας
1568 2659 1579 2671 ·
1625 2640 1768 2696 οὕτω
1800 2644 1961 2698 πάλιν
1998 2647 2054 2699 ἐν
2089 2648 2497 2718 τεσσαράκοντα
2523 2649 2746 2719 ἡμερῶν
2775 2646 3099 2719 προσεδρείᾳ
3124 2649 3225 2712 τὰς
3264 2648 3474 2712 πλάκας

208 2737 518 2807 κομίζεται,
548 2731 621 2791 ὧν
661 2739 694 2809 ἡ
731 2736 916 2809 Γραφῇ
957 2737 1074 2809 μὲν,
1111 2736 1174 2788 ἐκ
1205 2734 1351 2798 θείας
1380 2734 1662 2804 δυνάμεως
1702 2731 1802 2806 ἦν,
1848 2738 1881 2807 ή
1927 2738 1982 2791 δὲ
2016 2737 2113 2808 om
2160 2738 2249 2791 διὰ
2282 2739 2383 2808 τῆς
2430 2738 2666 2802 Μωσέως
2705 2736 2982 2808 ἐξησκήθη
3022 2737 3224 2807 χειρός.
3259 2736 3475 2802 Ταύτας

208 2832 501 2901 κομίζεται
527 2830 719 2892 πάλιν,
747 2829 914 2892 ἐκϐάς
955 2828 1053 2899 τὴν
1092 2827 1252 2895 φύσιν
1301 2827 1358 2879 ἐν
1396 2827 1472 2897 τῷ
1521 2826 1761 2897 τοσούτῳ
1793 2829 1899 2882 τῶν
1927 2830 2149 2900 ἡμερῶν
2186 2829 2435 2900 ἀριθμῷ,
2472 2830 2627 2884 ἄλλον
2672 2829 2792 2882 τινὰ
2835 2822 3065 2898 τρόπον,
3096 2828 3190 2881 καὶ
3219 2830 3279 2881 οὑ
3332 2828 3474 2883 κατὰ

206 2925 302 2977 τὸν
348 2923 734 2993 νενομισμένον
781 2923 939 2992 ἡμῖν,
978 2919 1265 2991 βιοτεύων·
1323 2919 1473 2972 οὐδὲν
1502 2919 1609 2972 τῶν
1641 2920 2106 2993 ὑποστηριζόντων
2149 2924 2238 2978 διὰ
2272 2924 2373 2994 τῆς
2409 2924 2614 2995 τροφῆς
2649 2922 2707 2975 τὸ
2740 2922 2840 2992 τῆς
2866 2922 3080 2991 φύσεως
3110 2922 3263 2992 ήμῶν
3297 2921 3472 2985 ἐνδεὲς

98 3030 113 3045 ⁶
206 3015 287 3087 τῷ
326 3017 443 3086 ἰδίῳ
484 3014 691 3086 σώματι
737 3014 1186 3086 προσδεξάμενος.

280 3108 396 3160 Καὶ
421 3104 594 3169 οὕτως
632 3105 814 3169 αὑτοῖς
848 3106 946 3176 τήν
982 3122 1041 3158 τε
1078 3106 1283 3177 σκηνὴν
1314 3108 1572 3178 ἐπήξατο,
1608 3109 1703 3162 καὶ
1732 3109 1799 3163 τά

205 3197 422 3267 νόμιμα
450 3196 825 3267 παρατίθεται,
862 3198 960 3268 τὴν
998 3198 1294 3270 ἱερωσύνην
1312 3240 1326 3265 ,
1355 3200 1495 3254 κατὰ
1518 3202 1619 3272 τὴν
1648 3218 1799 3271 γενο-

212 3288 387 3358 μένην
408 3286 555 3357 αύτῷ
579 3286 762 3340 θεόθεν
782 3287 1124 3341 διδασκαλίαν
1158 3291 1660 3361 καταστησάμενος.
1686 3292 1798 3345 Καὶ

209 3379 404 3448 ἐπειδὴ
428 3378 629 3441 πάντα,
662 3378 804 3432 κατὰ
835 3378 934 3449 τὴν
954 3378 1104 3433 θείαν
1129 3380 1422 3451 ὑφήγησιν,
1454 3381 1542 3434 διὰ
1561 3381 1660 3452 τῆς
1685 3382 1799 3435 ὑλια

209 3471 315 3541 κῆς
362 3471 723 3542 δημιουργίας
772 3471 1244 3525 κατεσκευάσατοο
1285 3473 1385 3543 τὴν
1434 3473 1670 3544 σκηνὴν,
1724 3473 1797 3527 τὰ

209 3560 555 3634 προπύλαια,
588 3561 655 3615 τὰ
687 3561 835 3625 ἐντὸς
880 3560 1077 3625 πάντα,
1110 3561 1178 3614 τὰ
1215 3561 1569 3633 θυμιατήρια,
1606 3562 1794 3617 θυσια-

211 3653 466 3722 στήριον,
510 3650 764 3721 λυχνίαν,
809 3651 1309 3721 παραπετάσματα,
1343 3652 1404 3704 τὸ
1441 3652 1549 3706 τῶν
1582 3652 1792 3707 ἀδύτων

209 3742 364 3804 ἐντὸς
403 3742 730 3812 ἱλαστήριον,
766 3741 857 3794 τὸν
882 3741 980 3811 τῆς
1015 3741 1312 3812 ἱερωσύνης
1345 3741 1568 3811 κόσμον,
1593 3740 1655 3793 τὸ
1686 3737 1791 3811 μὺ-

210 3850 342 3905 ρον,
385 3832 485 3896 τὰς
517 3832 803 3903 διαφόρους
859 3833 1193 3904 ἱερουργίας,
1251 3834 1319 3886 τὰ
1364 3832 1670 3901 καθάρσια,
1724 3832 1793 3884 τὰ

1976 3110 2065 3167 Sic
2097 3112 2262 3184 igitur
2289 3113 2397 3166 illis
2431 3110 2845 3166 tabernaculum
2891 3108 3201 3175 aediﬁcavit,
3231 3119 3286 3166 et
3337 3110 3472 3182 legis

1896 3212 2163 3272 praecepta
2196 3204 2442 3266 tradidit,
2478 3203 2777 3257 constituto
2811 3215 2909 3271 pro
2953 3199 3216 3268 inspirata
3251 3200 3353 3256 sibi
3390 3202 3475 3257 di-

1896 3295 2102 3349 vinitus
2148 3294 2400 3348 doctrina
2459 3293 2797 3352 sacerdotio;
2841 3298 2897 3346 et
2953 3299 3236 3360 postquam
3287 3294 3473 3347 omnia

1894 3394 2056 3456 prout
2096 3400 2126 3439 a
2164 3384 2273 3439 Deo
2296 3385 2535 3439 monitus
2562 3391 2701 3446 erat,
2747 3381 3013 3436 materiali
3045 3379 3262 3449 opificio
3295 3382 3474 3452 perfe-

1897 3478 1992 3540 cit,
2026 3476 2459 3538 tabernaculum,
2488 3473 2750 3530 vestibula
2782 3480 2977 3526 cuncta
3022 3471 3303 3536 interiora,
3340 3472 3470 3525 thu-

1896 3567 2094 3634 ribula,
2143 3570 2339 3631 altare,
2395 3565 2806 3628 candelabrum,
2840 3563 2996 3625 vela,
3035 3562 3471 3631 propitiatorium

1896 3659 1951 3712 in
1988 3659 2187 3728 adytis,
2219 3657 2510 3712 sacerdotii
2541 3662 2814 3720 ornatum,
2841 3654 3050 3707 varium
3075 3652 3469 3707 sacrificiorum

1895 3748 2138 3814 modum,
2166 3747 2421 3801 alium.in
2453 3744 2855 3816 purgationem,
2913 3742 3076 3796 alium
3130 3742 3188 3796 in
3245 3740 3471 3813 agendis

1894 3837 2106 3906 gratiis,
2136 3836 2302 3890 alium
2333 3835 2399 3889 ad
2423 3833 2717 3889 avertenda
2744 3833 2885 3886 mala
2914 3830 3272 3895 imminentia,
3301 3831 3469 3885 alium

210 3927 577 3997 χαριστήρια,
620 3925 690 3978 τὰ
721 3925 830 3978 τῶν
872 3924 1059 3982 κακῶν
1101 3926 1463 3997 ἀποτρόπαια,
1496 3924 1565 3978 τὰ
1589 3927 1648 3978 ἐν
1682 3927 1792 3988 τοῖς

1899 3925 1963 3979 ad
1996 3925 2265 3994 expianda
2291 3931 2552 3994 peccata;
2586 3923 2702 3977 hec
2734 3923 2918 3976 omnia
2949 3930 3232 3992 postquam
3266 3922 3470 3991 optime

212 4016 683 4088 πλημμεληθεῖσιν
731 4017 1052 4087 ίλεωτήρια,
1092 4017 1268 4071 πάντα
1303 4016 1440 4073 κατά
1484 4016 1575 4070 τὸν
1606 4015 1794 4070 δέοντα

208 4109 445 4180 τρόπον,
485 4111 542 4162 ἐν
584 4108 766 4172 αὐτοῖς
793 4107 1080 4175 διατάξας·
1125 4108 1374 4178 ἐκίνησεν
1425 4109 1483 4160 ἐν
1534 4110 1647 4171 τοῖς
1675 4109 1797 4162 ἐπι-

210 4199 446 4271 τηδείοις
470 4200 562 4252 τὸν
595 4199 787 4267 φθόνον
817 4199 936 4253 καθ’
959 4198 1174 4273 ἑαυτοῦ,
1209 4198 1271 4251 τὸ
1303 4199 1563 4267 συγγενὲς
1594 4201 1661 4270 τῇ
1693 4199 1796 4268 φύ-

213 4309 300 4344 σει
330 4290 441 4344 τῶν
478 4289 783 4362 ἀνθρώπων
812 4289 1155 4362 ἀρρώστημα
1174 4302 1188 4316 ⁸
1220 4289 1297 4352 ὡς
1325 4290 1420 4342 καὶ
1450 4289 1541 4341 τὸν
1585 4288 1796 4360 Ἀαρὼν

209 4386 333 4448 ταῖς
359 4386 546 4454 τιμαῖς
576 4383 674 4453 τῆς
708 4382 1009 4454 ἱερωσύνης
1035 4381 1366 4453 τιμώμενον,
1399 4380 1495 4434 καὶ
1517 4382 1613 4451 τὴν
1643 4381 1796 4435 ἀδελ-

212 4477 324 4546 φήν
349 4475 514 4528 αὐτοῦ
559 4474 820 4547 Μαριὰμ,
852 4476 1152 4547 ζηλοτυπίᾳ
1188 4475 1294 4528 τινὶ
1323 4472 1795 4545 γυναικωδεστέρᾳ

212 4568 352 4639 πρὸς
380 4566 478 4637 τὴν
511 4568 810 4639 γενομένην
839 4566 988 4638 αὐτῷ
1033 4567 1215 4622 θεόθεν
1252 4566 1416 4638 τιμὴν
1448 4566 1795 4636 ὑποκινηθεῖ-

213 4673 348 4722 σαν,
395 4655 727 4724 φθέγξασθαί
767 4674 821 4710 τι
868 4655 1129 4721 τοιοῦτον,
1162 4655 1248 4725 ἐφ’
1286 4650 1331 4723 ᾧ
1357 4654 1699 4727 παρεκινήθη
1733 4653 1796 4706 τδ

209 4745 367 4801 Θεῖον
406 4749 486 4810 εἱς
530 4747 628 4819 τὴν
678 4747 770 4801 τοῦ
805 4746 1273 4817 πλημμελήματπ
1320 4746 1563 4800 κόλασιν.
1626 4742 1797 4798 Ἔνθα

211 4838 279 4908 δὴ
307 4839 405 4891 καὶ
438 4838 598 4892 πλέον
623 4856 676 4891 τι
708 4838 1007 4907 θαυμάζειν
1033 4839 1182 4905 ἀξιον
1210 4838 1309 4905 τῆς
1330 4836 1682 4902 ἀνεξικακίας
1704 4836 1795 4890 τὸν

212 4928 441 4993 Μωσέα,
473 4929 557 4982 ὅτι
593 4929 687 4983 τοῦ
720 4929 855 4983 Θεοῦ
882 4931 982 5001 τὴν
1005 4929 1198 4998 ἀλογον
1229 4927 1524 4997 βασκανίαν
1551 4928 1646 4981 τοῦ
1695 4946 1793 4997 γυ·-

215 5020 370 5073 ναίου
414 5019 763 5085 κολάζοντος,
795 5019 1148 5092 ἰσχυροτέραν
1180 5020 1277 5091 τήν
1311 5020 1472 5090 φύσιν
1498 5020 1597 5089 τῆς
1627 5019 1797 5092 ὀργῆς

214 5109 616 5181 ποιησάμενος,
653 5109 743 5163 τὸν
779 5109 909 5163 Θεὸν
951 5110 1093 5180 ὑπὲρ
1123 5109 1223 5180 τῆς
1248 5108 1482 5178 ἀδελφῆς
1513 5108 1791 5163 ἱλεώσατο.

216 5200 326 5253 Τοῦ
357 5199 413 5252 δὲ
441 5199 677 5271 πλήθους
699 5200 858 5254 πάλιν
891 5202 971 5265 είς
997 5198 1221 5264 ἀταξίαν
1251 5199 1551 5270 τραπέντος
1574 5199 1591 5266 (
1612 5201 1797 5269 ήγεῖτο

1898 4015 2127 4086 perfecit
2171 4024 2334 4085 atque
2389 4015 2692 4076 constituit,
2729 4027 2953 4069 suorum
2990 4026 3280 4082 perpessus
3328 4011 3471 4066 invi-

1896 4107 2040 4160 diam
2070 4113 2184 4168 est,
2234 4104 2381 4174 quod
2420 4104 2610 4160 vitium
2669 4103 2921 4159 humanae
2976 4113 3185 4157 natura:
3223 4104 3468 4158 innatum

1895 4207 2000 4263 est,
2046 4198 2188 4252 sicut
2218 4206 2272 4252 et
2303 4200 2506 4263 Aaron,
2551 4196 2642 4265 qui
2683 4196 3006 4251 sacerdotali
3050 4194 3227 4250 fuerat
3263 4195 3469 4253 honoro

1896 4287 2207 4354 decoratus,
2225 4294 2280 4343 et
2329 4301 2487 4341 soror
2538 4286 2658 4356 eius
2706 4285 2871 4341 Maria
2916 4286 3181 4356 zelotypia
3233 4284 3466 4355 quadam

1897 4379 2457 4439 muliebri,commota
2484 4377 2556 4432 ob
2592 4376 2831 4431 delatum
2865 4376 2940 4429 illi
2999 4376 3258 4431 honorem
3294 4390 3323 4428 a
3357 4374 3470 4431 Deo

1898 4468 2175 4539 quidpiam
2207 4469 2476 4539 prolocuti
2508 4467 2730 4529 fuerint,
2760 4482 2868 4536 quo
2901 4467 3083 4521 divina
3113 4467 3191 4520 ira
3222 4481 3468 4521 commo—
3495 4525 3500 4531 _

1897 4569 1954 4614 ta
1981 4561 2223 4616 velocem
2252 4560 2439 4615 intulit
2470 4559 2806 4629 punitionem
2837 4577 2850 4613 :
2889 4573 2995 4628 qua
3028 4559 3081 4611 in
3146 4572 3207 4612 re
3243 4557 3468 4611 mirabi-

1897 4652 1967 4708 lis
2000 4652 2308 4717 clementia,
2356 4651 2708 4719 inauditaque
2735 4650 3097 4704 mansuetudo
3153 4648 3323 4718 Moysi
3354 4649 3468 4703 visa

1897 4754 2003 4799 est.
2039 4742 2158 4797 Non
2195 4743 2340 4797 enim
2361 4743 2538 4797 solum
2578 4744 2750 4797 iratus
2781 4740 3042 4796 invidenti
3075 4756 3183 4796 non
3218 4739 3337 4804 fuit,
3374 4740 3471 4796 sed

1901 4835 2068 4899 Deum
2096 4836 2271 4889 etiam
2302 4834 2649 4890 orationibus
2677 4833 2855 4890 sorori
2886 4834 3181 4904 propitium
3214 4831 3469 4887 reddidit.

1897 4925 2034 4979 Cum
2062 4941 2190 4981 vero
2217 4926 2513 4981 multitudo
2543 4927 2822 4996 voluptate
2872 4927 3012 4980 victa
3066 4938 3259 4979 carnes
3310 4923 3473 4980 edere

1900 5018 2258 5082 desideraret,
2290 5019 2593 5090 meliusque
2624 5034 2684 5075 se
2728 5020 2784 5072 in
2830 5017 3067 5089 Egypto
3097 5016 3325 5078 vixisse,
3378 5013 3470 5067 ubi

1901 5112 2159 5166 carnibus
2189 5111 2522 5177 abundabat,
2558 5125 2722 5181 quam
2752 5109 2959 5166 caelesti
2990 5109 3110 5164 cibo
3154 5108 3208 5160 in
3255 5104 3472 5159 deserto

1902 5204 2243 5272 praedicaret,
2280 5212 2410 5257 tunc
2438 5202 2549 5258 Deo
2580 5201 2794 5272 Moyses
2819 5215 2931 5255 rem
2970 5195 3284 5261 commisit;
3329 5192 3472 5248 Deus

216 5292 272 5346 δὲ
322 5291 425 5362 τῆς
453 5290 833 5362 πλημμελείας
878 5293 908 5362 ή
947 5290 1055 5344 τῶν
1105 5289 1247 5344 κατὰ
1294 5288 1538 5359 γαστέρα
1592 5289 1795 5359 ήδονῶν

1905 5307 2032 5348 vero
2058 5292 2196 5345 mira
2226 5290 2575 5346 multitudine
2613 5305 2741 5346 aves
2770 5304 2868 5359 per
2909 5287 3107 5344 stativa
3160 5282 3472 5337 Judzornm

216 5386 475 5456 ἀμετρία,
513 5378 597 5447 οἷς
641 5383 741 5435 οὑκ
784 5384 945 5454 ήρκει
966 5382 1029 5436 τὸ
1053 5381 1153 5453 ζῇν
1180 5380 1433 5450 ὑγιεινῶς
1460 5397 1519 5433 τε
1542 5381 1636 5434 καὶ
1661 5381 1794 5434 ἀλύ-

216 5494 332 5540 πως
356 5478 419 5531 ἐκ
448 5476 550 5547 τῆς
582 5473 790 5530 ἀνωθεν
821 5473 1184 5544 ἐπιρρεούσης
1203 5472 1409 5544 τροφῆς
1428 5486 1442 5500 ⁸
1475 5471 1591 5525 ἀλλ’
1624 5474 1658 5542 ή
1686 5473 1794 5527 τῶν

215 5567 432 5640 σαρκῶν
461 5554 751 5636 ἐπιθυμία,
775 5565 869 5617 καὶ
900 5567 930 5618 ό
948 5564 1050 5635 τῆς
1073 5563 1410 5635 κρεωϐορὶας
1435 5562 1601 5625 πόθος⁵
1647 5579 1795 5633 προ-

218 5660 505 5733 ςιμοτέραν
542 5656 722 5711 ἐποίει
750 5654 857 5709 τῶν
902 5654 1189 5725 παρόντων
1227 5654 1412 5714 αὐτοῖς
1444 5651 1665 5721 ἀγαθῶν
1694 5652 1793 5723 τὴν

209 5756 339 5813 παρ’
374 5750 708 5822 Αἰγυπτίοις
746 5747 1046 5816 δουλείαν),
1078 5747 1107 5800 ὁ
1136 5744 1234 5815 μὲν
1257 5742 1534 5824 ,κοινοῦται
1562 5743 1640 5814 τῷ
1672 5744 1793 5814 Θεῷ

1899 5384 2361 5440 circumvolantes
2386 5386 2650 5455 gregatim
2686 5382 2767 5438 sic
2799 5380 3047 5443 immisit,
3081 5384 3141 5431 ut
3180 5374 3472 5443 aucupium

1898 5482 2043 5530 esset
2075 5473 2418 5529 facillimum.
2443 5474 2685 5540 Quarum
2722 5470 2970 5526 carnium
3001 5466 3227 5521 nimium
3259 5463 3472 5533 repleti.

1900 5564 1954 5619 in
1990 5566 2213 5622 morbos
2247 5564 2592 5641 deciderunt,
2655 5561 2965 5629 mortuique
2998 5572 3107 5612 non
3141 5555 3300 5626 pauci
3350 5552 3474 5609 fue-

1899 5664 2028 5710 runt
2053 5675 2066 5710 :
2103 5672 2225 5725 quae
2257 5671 2349 5712 res
2380 5654 2618 5709 residuis
2645 5650 2893 5718 exemplo
2918 5648 2984 5703 ad
3009 5646 3328 5701 modestiam
3349 5643 3475 5699 fuit.

1898 5745 2292 5816 Exploratores
2322 5743 2518 5801 deinde
2558 5743 2626 5798 ad
2661 5739 3044 5812 promissionis
3098 5747 3296 5794 terram
3350 5734 3479 5794 mite
