3890 6356
526 322 634 378 325

1772 316 1830 372 S.
1869 316 2201 376 GREGORII
2238 318 2532 375 NYbSENI

3670 327 3768 389 Εὖ

525 442 738 499 tuntur,
763 430 859 503 qui
887 429 1089 487 reversi
1148 444 1258 485 non
1320 428 1463 485 idem
1517 445 1728 498 omnes,
1795 434 1890 488 sed
1946 435 2078 489 mult

2208 436 2336 507 περὶ
2381 434 2478 489 τοῦ
2530 436 2982 508 κατασκήψαντος
3032 440 3093 494 ἐν
3140 441 3325 507 αὐτοῖς
3372 444 3620 509 πάθουςο
3654 448 3685 503 ὁ
3718 448 3771 503 δι

522 539 665 594 pene
721 520 1113 593 impossibilth
1162 535 1288 578 esse
1333 521 1622 577 transitum
1680 524 2093 579 nuntiaverunt.

523 613 680 670 Unde
712 629 906 669 rursus
932 612 1221 668 multitudo
1242 613 1507 669 adversus
1549 613 1768 685 Moysen
1818 622 2095 669 commota

521 705 644 773 fuit,
674 706 941 774 multique
962 688 1326 773 desperarunt
1351 719 1411 760 se
1432 719 1588 773 posse
1613 706 1743 759 illuc
1769 707 2093 776 pervenire:

517 797 611 867 qui
664 810 854 850 omnes
904 795 1092 850 divino
1125 794 1337 864 judicio
1396 793 1764 862 condemnati,
1818 810 1882 851 ea
1934 810 2095 865 poena

517 887 769 943 mulctati
817 893 965 949 sunt,
1018 893 1077 938 ut
1114 884 1442 955 promissam
1501 886 1605 941 sibi
1656 887 1935 956 regionem
1985 901 2095 941 non

515 981 787 1036 viderent.
813 976 1233 1031 Proﬁciscentes
1271 985 1453 1030 autem
1494 992 1590 1046 per
1637 977 1937 1041 desertum,
1969 994 2095 1033 cum

515 1087 711 1126 rursus
741 1084 897 1139 aqua:
931 1069 1157 1136 penuria
1187 1077 1590 1137 premerentur,
1624 1085 1729 1125 nec
1776 1072 1945 1125 ullam
1996 1072 2097 1126 mi-

515 1163 830 1217 raculorum
870 1159 962 1214 Dei
1015 1166 1264 1213 tenerent
1300 1161 1642 1225 memoriam,
1681 1170 1793 1215 tum
1831 1161 2095 1219 adversus

514 1252 741 1324 Moysen
777 1251 941 1320 impie
970 1249 1428 1305 conclamabant:
1484 1251 1565 1305 sic
1595 1259 1653 1304 ut
1693 1250 1907 1322 Moyses
1958 1268 2096 1323 quu-

515 1352 623 1412 que
650 1342 802 1396 visus
837 1338 1003 1395 fuerit
1036 1354 1144 1393 una
1172 1353 1297 1391 cum
1335 1338 1517 1406 populi
1565 1337 1944 1394 incredulitate
1990 1343 2094 1393 im-

516 1434 749 1503 pegisse.
792 1425 1174 1485 Verumtamen
1205 1444 1269 1483 ex
1303 1437 1584 1483 acrotomo
1627 1429 1721 1483 illo
1765 1429 1942 1500 lapide
1970 1445 2095 1484 rur-

516 1537 615 1581 sus
646 1522 823 1575 fontes
879 1534 1147 1588 aquarum
1213 1519 1352 1574 mire
1410 1517 1684 1587 produxit.
1728 1517 1863 1572 Cum
1912 1528 2093 1573 autem

515 1625 715 1667 rursus
747 1608 858 1664 illis
882 1608 1133 1663 ciborum
1161 1607 1413 1677 voluptas
1458 1607 1594 1676 gula:
1621 1607 1973 1677 cupiditatem
1999 1623 2095 1661 ex-

476 1701 765 1763 .citasset,
817 1708 873 1754 et
929 1698 1094 1753 nullis
1125 1697 1292 1752 rebus
1344 1698 1411 1752 ad
1466 1698 1632 1751 vitam
1677 1696 2091 1752 sustentandam

2197 518 2473 587 παιδεύει,
2504 524 2566 578 τὸ
2593 525 2669 596 μὴ
2695 526 2805 580 δεῖν
2830 527 3003 593 οὕτως
3033 529 3199 601 ἐχειν,
3228 532 3317 587 διά
3347 534 3441 588 τοῦ
3469 535 3655 589 δοῦναι
3682 557 3769 592 το-

2195 618 2318 684 χεῖν
2348 609 2423 669 ὧν
2449 616 2684 684 ἐφίεντο,
2712 617 2914 690 ὀρνέων
2941 638 2994 673 τι
3022 622 3245 692 πλῆθος,
3277 625 3569 696 πρόσγειον
3598 645 3772 682 ποιουο

2198 705 2373 774 μένων
2417 704 2516 776 τὴν
2554 706 2774 777 πτῆσιν,
2810 709 2961 778 ἐφεὶς
3004 711 3082 781 τῷ
3126 715 3472 786 στρατοπέδῳ
3507 718 3769 788 νεφηδδν,

2195 795 2291 849 καὶ
2318 796 2441 849 κατ’
2488 796 2689 863 ἀγέλας
2725 798 3093 868 ἐφίπτασθαι,
3133 804 3219 872 ἐφ’
3261 797 3336 858 ὧν
3363 807 3396 876 ἡ
3421 807 3646 860 εὐκολία
3681 808 3770 879 τῆς

2193 886 2369 957 ἄγρας
2390 928 2404 951 ,
2441 888 2522 950 είς
2552 889 2712 959 κόρον
2750 891 2850 960 τὴν
2885 893 3063 963 κρεῶν
3095 895 3392 966 ἐπιθυμίαν
3438 902 3766 969 προήγαγεν.

2206 976 2269 1029 Ἦ
2306 977 2362 1029 δὲ
2394 978 2627 1048 ἀμετρία
2659 979 2757 1050 τῆς
2786 980 3041 1050 βρώσεως
3075 983 3288 1055 ἀθρόως
3320 988 3506 1052 αὐτοῖς
3535 989 3637 1053 τάς
3667 990 3770 1044 τῶν

2196 1065 2461 1134 στομάτων
2516 1065 2741 1136 κράσεις
2792 1070 2873 1131 είς
2954 1071 3313 1142 φθοροποιοὺς
3375 1079 3588 1146 χυμοὺς
3646 1096 3769 1148 μετ-

2194 1152 2483 1220 εσκεύασε,
2515 1155 2663 1226 καὶὴ
2699 1155 2983 1230 πλησμονὴ
3012 1161 3191 1223 αὐτοῖς
3218 1164 3297 1227 είς
3321 1165 3476 1217 νόσον
3498 1168 3594 1221 καὶ
3615 1168 3772 1221 θάνα-

2194 1260 2285 1296 τον
2314 1241 2502 1314 ἔληξεν
2522 1284 2537 1306 ,
2569 1237 2645 1298 ὧν
2673 1245 2734 1298 τὸ
2771 1247 3075 1319 ὑπόδειγμα
3105 1252 3287 1316 αὐτοῖς
3312 1271 3374 1307 τε
3405 1256 3655 1320 ἐκείνοις,
3682 1259 3772 1311 καὶ

2193 1335 2304 1396 τοίς
2331 1334 2468 1404 πρὸς
2509 1335 2754 1400 ἐκείνους
2780 1337 3014 1408 ὁρῶσιν,
3048 1341 3227 1396 ἱκανὸν
3256 1345 3393 1415 πρὸς
3419 1349 3772 1419 σωφροσύνην

2192 1424 2428 1492 ἐγένετο.
2460 1420 2597 1479 Εἶτα
2630 1430 2966 1485 κατάσκοποι
2997 1434 3127 1504 παρ’
3149 1435 3315 1490 αὑτοῦ
3341 1438 3654 1509 πέμπονται
3676 1442 3772 1511 τῆς

2193 1514 2374 1587 χώρας
2402 1516 2648 1597 ἐκείνης,
2689 1519 2724 1590 ἡ
2772 1521 2914 1573 κατά
2955 1523 3105 1577 θείαν
3134 1527 3317 1591 αὐτοῖς
3344 1530 3679 1598 ἐπαγγελίαν
3707 1534 3763 1584 ἐν

2192 1603 2401 1658 ἐλπίσιν
2453 1601 2523 1677 ἦν
2579 1608 2681 1678 τῆς
2712 1611 3009 1682 οἰκήσεως.
3067 1612 3284 1672 Τούτων
3325 1619 3383 1672 δέ
3430 1621 3506 1693 μὴ
3555 1625 3771 1678 πάντων

2193 1694 2400 1765 τάληθῆ
2449 1699 2953 1769 καταγγειλάντων,
3001 1706 3138 1761 ἀλλά
3179 1725 3341 1765 τινων
3389 1713 3458 1768 τά
3483 1713 3655 1785 ψευδῆ
3679 1718 3772 1768 καὶ

514 1790 845 1847 necessariis
874 1789 1141 1852 destituti,
1189 1788 1541 1860 Egyptiacas
1590 1789 1780 1857 epulas
1828 1789 2084 1858 expetiis-

2198 1787 2496 1879 σκυθρωπά
2555 1768 2945 1862 μηνυσάντων,
3004 1799 3167 1855 πάλιν
3224 1804 3254 1856 ὁ
3298 1804 3426 1869 λαὸς
3479 1768 3546 1859 δι’
3600 1768 3772 1879 ὀργῆς

514 1889 660 1946 sent,
689 1880 1118 1950 morejuvenum
1155 1880 1462 1949 petulanter
1487 1894 1547 1935 se
1580 1879 1883 1949 gerentium
1911 1877 2090 1949 ﬂagel-

512 1974 582 2029 lis
628 1972 984 2041 castigantur.
1035 1969 1401 2035 Quamobrem
1466 1979 1746 2039 serpentes
1798 1972 2087 2027 venenosis

511 2062 789 2118 morsibus
819 2060 1086 2115 divinitus
1114 2059 1195 2115 eis
1226 2059 1457 2115 immissi
1484 2078 1497 2113 :
1523 2074 1757 2128 cumque
1778 2060 1960 2127 plures
1985 2060 2087 2114 hoc

510 2152 675 2208 modo
698 2152 752 2206 in
779 2151 895 2206 dies
921 2148 1379 2220 perirentgdivino
1406 2147 1570 2202 nixus
1588 2148 1837 2211 consilio,
1856 2146 2088 2217 Moyses,

510 2256 588 2298 ws
618 2242 673 2295 in
713 2243 987 2311 serpentis
1011 2240 1259 2296 confudit
1296 2240 1547 2311 ﬁguram,
1583 2256 1745 2309 quam
1782 2240 1835 2292 in
1881 2240 2091 2294 tumulo

510 2334 745 2404 quodam
771 2333 1030 2402 imposuit
1054 2352 1067 2387 :
1087 2334 1455 2401 jussitque.ut
1483 2330 1795 2400 quicunque
1823 2331 2091 2398 serpentis

511 2440 698 2479 morsu
726 2424 1067 2486 laborarent,
1104 2424 1159 2477 in
1185 2432 1386 2478 areum
1424 2431 1728 2491 serpentem
1757 2422 2089 2492 aspicerent,

513 2525 675 2586 atque
703 2516 778 2569 ita
814 2514 1132 2584 pestiferum
1166 2530 1233 2568 ex
1269 2528 1455 2569 morsu
1491 2524 1805 2583 serpentum
1838 2515 2087 2568 morbum

510 2604 738 2675 fugavit.
769 2604 1206 2658 lmmittebantur
1237 2604 1383 2659 enim
1409 2620 1476 2659 ex
1503 2604 1625 2657 visu
1658 2604 1815 2672 quasi
1840 2604 2087 2658 antidota

508 2696 757 2768 quadam
788 2696 844 2751 in
872 2711 1095 2766 corpus,
1121 2696 1265 2766 quod
1297 2695 1634 2765 serpentium
1674 2708 1880 2747 venena
1923 2693 2091 2749 imbe-

509 2787 720 2843 cilliora
754 2784 1036 2850 reddebat,
1069 2800 1230 2855 quam
1267 2794 1326 2839 ut
1376 2790 1602 2855 possent
1650 2782 1903 2838 homines
1941 2782 2088 2837 occi-

509 2879 661 2933 dere.

2194 1876 2429 1932 ἐποιεῖτο
2470 1880 2562 1935 τὸν
2604 1883 2829 1939 Μωσέα.
2882 1886 2937 1941 ⁸0
2964 1888 3021 1943 δέ
3050 1890 3182 1956 Θεὸς
3206 1895 3332 1959 τοὺς
3365 1876 3771 1962 ἀπελπίσαντας

2192 1967 2291 2039 τὴν
2315 1968 2466 2023 θείαν
2512 1974 2848 2043 συμμαχίαν,
2874 1977 2936 2031 τὺ
2968 1980 3041 2051 μὴ
3067 1981 3195 2036 ἰδεῖν
3219 1984 3316 2056 τὴν
3350 1988 3770 2059 ἐπηγγελμένην

2194 2060 2378 2149 αὐτοῖς
2410 2061 2637 2133 χώραν,
2675 2067 3045 2133 καταδικάζει.
3094 2074 3397 2145 Προῖόντων
3445 2079 3501 2131 δὲ
3546 2080 3637 2132 διὰ
3672 2083 3770 2149 τῆς

2196 2148 2428 2219 ἐρήμου,
2453 2152 2611 2242 πάλιν
2639 2156 2821 2220 αὐτοῖς
2845 2160 3185 2227 ἐπιλιπόντος
3212 2166 3307 2219 τοῦ
3340 2167 3554 2234 ὕδατος,
3590 2174 3691 2224 καὶ
3734 2148 3769 2242 νή

2200 2242 2386 2312 μνήμη
2430 2241 2679 2328 τῆςξτοῦ
2726 2247 2860 2301 Θεοῦ
2907 2250 3187 2323 δυνάμεως
3239 2259 3631 2328 συνεπέλειψεν.
3695 2241 3769 2316 03

2196 2329 2304 2401 γάρ
2345 2329 2423 2400 τῷ
2464 2333 2786 2403 προλαϐόντι
2830 2340 2983 2410 παρά
3029 2342 3127 2413 τὴν
3156 2344 3364 2417 πέτραν
3407 2348 3642 2419 θαύματι
3666 2392 3683 2413 ,
3714 2351 3771 2404 τὸ

2201 2422 2335 2490 μηδέ
2372 2421 2467 2475 νῦν
2518 2426 2701 2490 αὐτοῖς
2743 2428 2991 2501 ἐνδεῆσαι
3027 2434 3128 2504 τὴν
3174 2438 3363 2507 χρείαν
3408 2440 3767 2497 ἐπίστευσαψ

2198 2510 2312 2564 ἀλλ’
2357 2512 2692 2580 ἀποστάντες
2743 2518 2852 2572 τῶν
2903 2525 3280 2596 χρηστοτέρων
3337 2527 3597 2596 ἐλπίδων,
3645 2536 3769 2585 κατ’

2190 2601 2353 2655 αὐτοῦ
2375 2602 2469 2656 τοῦ
2495 2604 2631 2659 Θεοῦ
2660 2609 2754 2662 καὶ
2776 2610 2869 2663 τοῦ
2908 2614 3149 2678 Μωσέως
3171 2620 3290 2681 ταῖς
3319 2619 3599 2692 λοιδορίαις
3626 2625 3771 2693 ἐχώο

2194 2709 2323 2763 ρουν
2343 2710 2357 2724 ·
2390 2694 2468 2759 ὡς
2506 2698 2602 2752 καὶ
2626 2700 2716 2753 τὸν
2741 2701 2945 2757 Μωσέα
2973 2704 3123 2770 δόξαι
3154 2712 3221 2781 τῇ
3260 2712 3483 2783 ἀπιστίᾳ
3506 2714 3597 2766 τοῦ
3630 2714 3769 2768 λαοῦ

2193 2784 2551 2850 συνοκλάσαι,
2588 2790 2727 2862 πλὴν
2753 2793 2912 2848 πάλιν
2948 2797 3129 2862 αὐτοῖς
3170 2799 3637 2874 θαυμαωποιῆσαι
3669 2806 3770 2878 τὴν

2191 2875 2493 2966 ἀκρότομον
2536 2880 2752 2952 ἐκείνην
2801 2886 3008 2957 πέτραν
3042 2890 3122 2954 είς
3159 2891 3367 2947 ὑδάτων
3405 2895 3561 2964 φύσιν
3594 2875 3771 2966 μετα-

510 2968 759 3022 ϐαλόντα.
819 2967 906 3029 Ὦς
949 2966 1007 3019 δέ
1040 2966 1199 3020 πάλιν
1244 2967 1426 3030 αὐτοῖς
1469 2968 1503 3036 ἡ
1553 2963 1968 3036 ἀνδραποδώδης
2172 2964 2449 3058 ἐδωδίμων
2494 2969 2657 3043 ἡδονὴ
2704 2974 2801 3047 τὴν
2840 2977 3135 3047 ἐπιθυμίαν
3187 2983 3285 3053 τῆς
3328 2963 3772 3058 γαστριμάργίας

510 3056 804 3127 ἐπήγειρε,
828 3056 923 3109 καὶ
967 3052 1076 3108 τῶν
1125 3055 1262 3126 πρὸς
1299 3054 1397 3125 τὴν
1427 3054 1571 3125 ζωὴν
1616 3054 1927 3124 ἀναγκαίων
1965 3053 2178 3116 οὐδενὸς
2211 3054 2624 3129 ὑστερούμενοι,
2666 3064 2757 3120 τὸν
2804 3068 3099 3137 Αίγύπτιον
3146 3052 3306 3145 κόρρν
3340 3052 3767 3148 auge—ﬁdam.

510 3147 653 3202 κατά
697 3146 822 3211 τοὺς
875 3144 1240 3209 ἀτακτοῦντας
1280 3144 1389 3198 τῶν
1439 3145 1573 3198 νέων
1595 3183 1610 3208 ,
1652 3145 2035 3215 σφοδροτέραις
2086 3144 2558 3215 παιδαγωγοῦνται
2589 3158 2709 3218 ταῖς
2743 3159 3012 3228 μάστιξιν,
3050 3144 3221 3233 ϐφεων
3263 3167 3443 3231 αὐτοῖς
3469 3144 3617 3225 ᾐκατά
3666 3177 3771 3247 τὴν

512 3237 860 3309 παρεμϐολὴν
907 3236 1281 3307 θανατηφόρον
1329 3235 1404 3288 ἱὸν
1444 3236 1815 3307 ἐμϐαλλόντων
1844 3236 1936 3335 διά
1978 3234 2071 3288 τοῦ
2116 3235 2413 3307 δήγματος.
2449 3243 2778 3317 Ἐπαλλήλου
2809 3251 2866 3304 δὲ
2896 3256 3185 3328 γινομένης
3218 3260 3282 3313 ἐκ
3308 3261 3413 3315 τῶν
3441 3261 3639 3334 θηρίων
3666 3234 3769 3335 τές

509 3332 802 3396 πτώσεως,
831 3331 952 3401 θείᾳ
987 3330 1260 3401 συμϐουλῇ
1303 3330 1680 3424 παρορμηθεὶς
1718 3333 1747 3384 ὁ
1778 3328 2094 3424 νομοθέτης,
2122 3330 2329 3424 χαλκὸν
2377 3335 2433 3388 ἐν
2482 3338 2785 3411 ὁμοιώματι
2827 3345 3004 3415 δφεως
3025 3349 3176 3419 χέας,
3215 3328 3636 3424 sumpsisses”
3670 3328 3767 3413 τέᾷ

511 3421 868 3497 στρατοπέδου
901 3419 1124 3482 παντὸς,
1157 3420 1253 3473 ἐπί
1280 3437 1423 3484 τινος
1457 3419 1643 3489 ὕψους,
1679 3420 1930 3490 ἐποίησε-
1965 3420 2059 3472 καὶ
2089 3419 2261 3484 οὕτως
2307 3422 2531 3496 ἔστησεν
2573 3431 2632 3483 ἐν
2678 3432 2756 3503 τῷ
2783 3434 2896 3506 λαῷ
2920 3438 3018 3508 τὴν
3045 3441 3111 3493 ἐκ
3153 3442 3262 3497 τῶν
3300 3419 3500 3516 θηρίων
3535 3446 3764 3517 φθοράν,

520 3521 588 3571 ὐ
613 3516 722 3588 γὰρ
741 3515 875 3587 πρὸς
895 3514 991 3586 τὴν
1016 3514 1197 3568 είκόνα
1223 3515 1315 3567 τοῦ
1345 3514 1521 3584 ὄφεως
1552 3515 1650 3587 τὴν
1689 3516 1747 3569 ἐν
1778 3515 1858 3586 τῷ
1886 3514 2070 3586 χαλκῷ
2106 3514 2349 3586 βλέπων,
2378 3522 2529 3578 οὐδὲν
2567 3526 2823 3585 ἐδεδοίκει
2856 3532 2948 3586 τοῦ
2986 3535 3154 3602 ὅντως
3187 3514 3480 3608 ὄφεωςήτοῦ
3506 3514 3766 3599 ἀληθινοῦ

506 3612 569 3668 τὸ
598 3613 813 3683 δῆγμα,
860 3610 919 3677 ἐξ
950 3610 1300 3674 ἀντιπαθείας
1332 3612 1473 3675 τινὸς
1520 3614 1829 3683 ἀπορρήτου
1867 3614 1965 3684 τῆς
2002 3611 2177 3681 ϐψεως
2207 3614 2298 3668 τὸν
2344 3617 2421 3671 ἰὸν
2447 3622 2852 3699 ἀμϐλυνούσης.

577 3704 796 3761 Rursus
831 3705 1031 3775 populo
1061 3707 1116 3758 in
1170 3720 1294 3760 eum
1325 3705 1591 3761 seditione
1641 3707 1979 3775 insurgente,
2011 3720 2075 3759 ac

2250 3708 2420 3764 Πάλιν
2445 3714 2591 3785 αὐτῷ
2614 3719 2742 3790 περὶ
2769 3721 2870 3790 τῆς
2910 3724 3209 3795 ἡγεμονίας
3249 3728 3671 3794 ἐπαναστάσεως
3702 3735 3766 3787 ἐκ

505 3799 788 3854 nonnullis
814 3800 866 3851 in
899 3802 1110 3869 seipsos
1138 3796 1441 3854 transferre
1479 3799 1873 3855 sacerdotalem
1901 3798 2083 3867 digni-

505 3898 673 3944 tatem
709 3889 1055 3947 conantibus.
1095 3889 1310 3960 Moyses
1335 3891 1556 3959 quidem
1587 3905 1686 3959 pro
1717 3890 2076 3961 peccantibus

492 3981 736 4034 ‘orabat:
767 3978 910 4033 Deus
937 3995 1070 4034 vero
1088 3996 1198 4036 non
1223 3989 1284 4034 ut
1308 3982 1398 4036 ille
1421 3983 1638 4045 orabat,
1661 3985 1755 4035 sed
1785 3992 1841 4035 ut
1867 3982 2079 4049 justum

506 4077 646 4131 erat,
688 4068 837 4122 hiatu
869 4077 1031 4123 terrae
1057 4083 1249 4125 omnes
1277 4070 1597 4132 seditiosos,
1625 4072 1717 4139 qui
1770 4072 1825 4124 in
1856 4070 2083 4140 Moysen

505 4158 945 4226 insurrexerant,
975 4160 1270 4230 absorpsit.
1303 4160 1409 4227 Qui
1441 4168 1623 4217 autem
1660 4162 1953 4217 sacerdotii
1981 4177 2081 4216 cu-

505 4243 732 4320 piditate
758 4258 1103 4315 exarserant,
1148 4252 1272 4322 igne
1311 4254 1538 4308 cremati
1589 4255 1811 4311 circiter
1857 4254 2081 4310 ducenti

504 4352 560 4398 et
586 4341 1010 4413 quinquaginta,
1039 4345 1289 4414 exemplo
1318 4359 1422 4400 suo
1449 4353 1678 4402 caeteros
1699 4346 1929 4401 tribules
1949 4362 2080 4402 suos

504 4431 573 4487 ad
606 4444 794 4487 sanam
829 4440 1067 4489 mentem
1116 4436 1471 4491 reduxerunt.
1524 4435 1723 4493 Verum
1783 4448 1844 4493 ut
1889 4438 2079 4492 crede-

504 4532 626 4579 rent
670 4537 781 4578 non
805 4522 874 4577 ab
899 4524 1239 4592 hominibus,
1277 4529 1370 4582 sed
1399 4543 1429 4582 a
1470 4527 1579 4583 Deo
1616 4530 1910 4585 sacerdotii
1951 4544 2079 4600 μου

505 4620 633 4675 tiam
666 4617 915 4683 concedi,
959 4619 1134 4690 virga,
1180 4619 1379 4674 litteris
1405 4633 1435 4673 a
1465 4635 1575 4689 quo
1602 4629 1749 4676 esset
1793 4621 1972 4676 oblata
2002 4622 2081 4677 si-

502 4710 917 4781 gniﬁcantibus,
947 4729 1045 4785 per
1076 4729 1521 4785 unamquamque
1569 4717 1771 4771 tribum
1795 4724 2076 4788 assumpta

501 4810 606 4867 est,
649 4819 786 4874 quas
816 4808 871 4861 in
897 4807 1099 4876 templo
1123 4805 1339 4878 Moyses
1378 4811 1670 4877 apposuit:
1732 4822 1797 4863 ac
1854 4817 2077 4877 postero

500 4893 591 4950 die
617 4897 945 4951 sententiam
974 4896 1043 4953 de
1065 4897 1375 4954 sacerdotio
1397 4898 1490 4952 Dei
1520 4898 1776 4954 omnibus
1801 4900 2073 4954 ostendit:

2181 3796 2274 3887 τοῦ
2294 3798 2424 3854 λαοῦ
2448 3807 2766 3878 γενομένης,
2795 3812 2890 3864 καὶ
2913 3814 3073 3867 τινῶν
3096 3816 3195 3887 τὴν
3214 3817 3510 3887 ἱερωσύνην
3528 3819 3607 3881 είς
3631 3820 3766 3873 ἐαυ-

2180 3885 2307 3948 τοὺς
2330 3892 2667 3963 μεταστῆσαι
2700 3896 3055 3969 βιαζομένων
3085 3903 3117 3954 ὁ
3152 3885 3275 3974 μὶν-
3296 3885 3479 3976 ἱκέτης
3502 3907 3596 3960 τοῦ
3621 3907 3765 3963 Θεοῦ

2181 3976 2312 4070 περὶ
2342 3978 2452 4033 τῶν
2476 3979 2962 4056 ἐξαμαρτανόντων
2994 3993 3222 4061 ἐγίνετο·
3257 3996 3318 4049 τὸ
3349 3997 3404 4049 δὲ
3435 3997 3637 4052 δίκαιον
3659 4001 3763 4070 τῆς

2180 4068 2276 4121 τοῦ
2300 4070 2434 4126 Θεοῦ
2464 4075 2715 4147 κρίσεως,
2741 4079 2842 4149 τῆς
2869 4082 2963 4136 τοῦ
2984 4086 3225 4152 Μωσέως
3252 4089 3389 4159 πρὸς
3404 4090 3468 4143 τὸ
3488 4068 3763 4160 ὁμόφυλον

2176 4802 2455 4876 ἄνθρωποι
2474 4848 2490 4872 ,
2514 4810 2700 4867 θεόθεν
2730 4818 3132 4886 παραγίνεσθαι
3160 4823 3266 4893 τῆς
3312 4823 3617 4896 ἱερωσύνης
3658 4826 3754 4895 τὴν

2176 4897 2338 4967 χάριν
2375 4903 2489 4964 τοῖς
2520 4902 2891 4975 ἀξιουμένοις,
2941 4911 3168 4982 ῥάϐδους
3211 4914 3270 4981 ἐξ
3311 4915 3549 4986 ἑκάστης
3580 4917 3755 4987 φυλῆς

501 4988 616 5042 sola
645 4986 790 5043 enim
823 4989 1004 5043 Aaron
1059 4987 1213 5059 virga
1255 4987 1461 5054 ﬂoruit,
1499 4989 1852 5060 fructumque
1883 4991 2072 5045 edidit.

2188 4990 2332 5093 παρὰ
2371 4990 2478 5046 τῶν
2527 4994 2819 5066 ἐξεχόντων
2867 5001 3191 5071 κομίζεται,
3244 4986 3752 5078 γράμμασινίίδίου

497 5076 617 5132 Nux
655 5086 837 5134 autem
867 5086 984 5134 erat
1014 5078 1250 5134 fructus.
1300 5078 1457 5146 Quod
1495 5082 1715 5152 quidem
1744 5083 2068 5137 miraculum

496 5170 661 5225 etiam
689 5169 1001 5227 inﬁdelibus
1028 5171 1325 5226 maximum
1354 5174 1598 5227 omnium
1626 5175 1803 5230 visum
1831 5183 1937 5239 est,
1963 5182 2072 5230 stu-

496 5261 754 5328 pentibus
798 5261 1013 5317 scilicet
1067 5264 1345 5331 quomodo
1396 5263 1602 5318 siccum
1650 5279 1715 5318 ac
1764 5266 2070 5332 navigatum

497 5349 729 5418 lignum,
760 5360 872 5407 tam
900 5366 1071 5424 parvo
1093 5355 1359 5424 temporis
1385 5355 1561 5424 spatio
1582 5356 1796 5412 arboris
1817 5365 2069 5411 naturam

499 5442 740 5511 suscepit
789 5449 956 5513 atque
990 5441 1243 5513 perfecit.
1294 5443 1430 5498 Nam
1488 5460 1590 5515 pro
1628 5447 1833 5517 uligine
1886 5455 2069 5513 terrae,

497 5541 597 5599 pro
623 5535 854 5602 cortice,
881 5542 980 5604 pro
1042 5534 1296 5600 humore,
1337 5551 1437 5606 pro
1470 5537 1748 5593 radicibus
1795 5546 1850 5594 et
1900 5541 2070 5595 ramis

502 5617 682 5673 divina
698 5620 873 5677 virtus
892 5623 941 5677 ei
973 5622 1209 5679 suﬂeeit.
1241 5624 1579 5681 Procedebat
1609 5626 1810 5681 deinde
1837 5628 2070 5685 ulterius

503 5722 625 5763 eum
653 5710 858 5779 populo
884 5711 1117 5784 Moyses,
1146 5716 1427 5789 edixitque
1455 5718 1662 5790 regiam
1690 5719 1710 5789 (
1736 5727 1794 5774 ut
1826 5718 2067 5791 dicitur)
2096 5788 2101 5803 ε

2180 5080 2412 5136 ἑκάστου
2446 5092 2981 5161 κατασημηναμένου
3012 5093 3108 5147 τοῦ
3134 5094 3449 5160 δεδωκότος,
3483 5101 3543 5153 ἐν
3564 5095 3657 5163 αἷς
3681 5096 3752 5172 ἦν

2172 5175 2273 5266 και
2300 5175 2334 5244 ή
2372 5177 2582 5246 ’Δαρὼν
2634 5180 2729 5233 τοῦ
2773 5183 2983 5251 ἱερέως.
3034 5185 3251 5249 Ταύτας
3280 5187 3339 5240 δέ
3372 5191 3633 5259 προσθεὶς
3672 5194 3753 5266 τῷ

2172 5264 2305 5337 ναῷ,
2333 5266 2423 5321 διὰ
2444 5270 2649 5325 τούτων
2678 5277 2905 5345 φανεροί
2925 5275 3003 5345 τῷ
3036 5276 3152 5347 λαῷ
3179 5278 3278 5351 τὴν
3313 5282 3441 5352 περὶ
3470 5284 3570 5353 τῆς
3596 5264 3749 5356 ίερωλ

2124 5374 2133 5381 ·
2173 5356 2339 5429 σύνης
2364 5360 2461 5413 τοῦ
2497 5362 2633 5416 Θεοῦ
2664 5363 2863 5433 ψῆφον.
2900 5368 3050 5437 Μόνη
3081 5369 3191 5441 γάρ
3230 5372 3296 5424 ἐκ
3338 5374 3528 5426 πασῶν
3577 5378 3611 5445 ἡ
3653 5375 3747 5429 τοῦ

2185 5448 2394 5520 Ἀαρὼν
2422 5452 2614 5521 ῥάϐδος
2644 5454 2966 5527 ἐϐλάστησε,
2996 5460 3198 5513 καὶτὸν
3228 5464 3292 5515 ἐκ
3314 5462 3407 5515 τοῦ
3428 5463 3595 5528 ξύλου
3616 5482 3748 5537 καρ-

2169 5538 2273 5590 πὸν
2316 5540 2560 5612 (κάρυον
2591 5543 2648 5596 δὲ
2675 5540 2745 5616 ἦν
2791 5548 2821 5599 ὁ
2867 5550 3120 5619 καρπὸς)
3155 5551 3386 5621 ἐξέφυσε
3414 5571 3474 5607 τε
3506 5558 3601 5609 καὶ
3638 5560 3747 5610 ἐτε-

2170 5630 2413 5684 λείωσεν.
2465 5635 2530 5687 Ὃ
2574 5634 2638 5705 δὴ
2696 5636 2950 5706 μέγιστον
2994 5642 3088 5695 καὶ
3137 5646 3250 5706 τοῖς
3295 5645 3546 5709 ἀπίστοις
3597 5648 3744 5715 εδοξε

2171 5719 2374 5792 θαῦμα,
2412 5724 2529 5790 πῶς
2555 5728 2617 5781 τὸ
2643 5727 2863 5798 ἀφλοιον
2890 5732 2985 5787 καὶ
3028 5735 3465 5809 περιεξεσμένον,
3504 5743 3596 5795 καὶ
3618 5742 3740 5807 ἀρι-
