3890 6354
138 351 229 407 3.25
1442 341 1534 396 ut:
1562 339 1720 397 VITA
1758 340 2037 397 MOYSlS.

3259 339 3364 397 526

140 463 217 527 ζον
242 459 444 533 ἀθρόας
490 459 737 528 πιανθέν,
776 462 844 517 τά
887 459 994 515 τῶν
1028 454 1415 529 ἐρῥιζωμένων
1453 456 1687 528 ἐνήργη-

1793 456 1931 510 viam
1960 471 2083 512 esse
2129 458 2569 521 custodiendam,
2603 471 2671 512 ne
2699 454 2956 512 videlicet
2988 454 3056 511 ad
3090 454 3371 512 dexteram

140 568 239 618 σεν,
272 550 388 604 ἀντὶ
417 550 520 621 γῆς
550 551 644 604 καὶ
674 549 861 619 φλοιοῦ
891 551 985 605 καὶ
1016 548 1241 620 ίκμάδος
1278 547 1373 601 καὶ
1404 546 1564 618 ῥίζης
1593 547 1690 601 καὶ

140 638 337 694 κλὼνων
378 640 474 711 τῆς
522 639 675 703 θείας
720 637 1005 711 δυνάμεως
1046 637 1346 709 γενομένης
1392 636 1470 706 τῷ
1521 635 1686 707 ξύλῳ.

151 730 259 785 Ἐπὶ
282 729 487 794 τούτοις
513 729 580 783 δι’
607 729 925 799 ἀλλοφύλων
952 728 1123 783 ἐθνῶν
1144 728 1238 782 τὸν
1259 728 1490 798 στρατὸν
1519 729 1691 797 ἄγων,

141 822 406 893 ἀπώμοτον
451 824 688 875 ποιεῖται
738 824 857 885 ταῖς
910 820 1175 891 ἀρούραις
1226 818 1406 873 αὐτῶν
1443 820 1535 873 καὶ
1570 822 1691 885 ταῖς

139 914 376 984 ἀμπέλοις
410 911 489 982 τῷ
521 911 635 983 λαῷ
671 914 1023 983 συγχωρῆσαι
1060 911 1161 982 τὴν
1189 910 1378 975 δίοδον,
1419 909 1553 964 ἀλλά
1586 928 1689 979 φυ-

140 1004 277 1070 λάξαι
304 1004 396 1076 τὴν
426 1004 713 1076 βασιλικὴν
739 1004 880 1067 ὁδὸν,
914 1004 1054 1074 μήτε
1101 1003 1183 1066 είς
1219 1001 1368 1067 δεξιά
1388 1041 1403 1067 ,
1444 1002 1582 1074 μήτε
1611 1004 1692 1067 είς

140 1098 379 1170 ἀριστερά
421 1097 810 1151 ἀποκλίναντα.
862 1096 982 1149 Τῶν
1028 1094 1087 1148 δὲ
1128 1095 1402 1166 πολεμίων
1448 1094 1567 1149 οὐδὲ
1598 1094 1693 1149 ἐπὶ

139 1187 325 1252 τούτοις
345 1188 756 1259 είρηνευόντων,
787 1188 936 1259 μάχῃ
958 1187 1475 1257 καταγωνισάμενος
1489 1186 1581 1240 τὸν
1604 1187 1694 1241 ἀν-

138 1276 362 1345 τίπαλον,
395 1278 672 1350 ἐγκρατὴς
708 1277 920 1345 γίνεται
965 1277 1064 1347 τῆς
1124 1276 1382 1349 παρόδου.
1430 1271 1568 1331 Εἶτά
1606 1293 1693 1341 τις

139 1365 300 1419 Βαλὰκ
336 1366 583 1437 μείζονος
605 1366 791 1431 ἔθνους
822 1365 921 1438 τὴν
946 1366 1249 1438 ἠγεμονίαν
1276 1365 1417 1436 ἔχων
1442 1366 1692 1435 (Μαδια-

139 1461 259 1511 νῖται
281 1458 335 1512 δέ
366 1458 442 1530 τῷ
472 1459 616 1513 ἐθνει
642 1458 917 1533 τοῦνομα)
946 1461 1084 1532 πρὸς
1111 1459 1174 1512 τὸ
1203 1459 1375 1524 πάθος
1396 1459 1505 1513 τῶν
1528 1477 1694 1531 προο-

137 1550 356 1603 λωλότων
383 1551 776 1621 καταπλαγεὶς,
808 1553 901 1605 καὶ
928 1551 1052 1606 ὅσον
1079 1550 1292 1604 οὐδέπω
1315 1549 1384 1604 τά
1414 1544 1509 1604 ἶσα
1542 1549 1695 1623 παρὰ

136 1639 229 1692 τῶν
264 1638 611 1711 Ἰσραηλιτῶν
646 1640 934 1694 πείσεσθαι
983 1640 1393 1710 προσδοκήσας,
1425 1640 1693 1709 ἐπάγεται

136 1729 254 1799 πρὸς
282 1729 602 1801 συμμαχίαν
640 1730 821 1784 ὃπλων
863 1730 961 1801 μὲν
1007 1730 1101 1783 καὶ
1132 1729 1404 1801 σωμάτων
1443 1729 1691 1800 βοήθειαν

136 1819 364 1890 οὐδεμίαν
386 1860 401 1885 ,
443 1821 741 1893 περίεργον
767 1821 825 1875 δέ
860 1818 1222 1891 μαγγανείαν,
1272 1820 1361 1874 διά
1396 1837 1545 1884 τινος
1577 1821 1689 1875 Βα-

136 1910 281 1980 λαὰμ,
307 1912 363 1977 ὂς
389 1912 566 1967 ταῦτα
596 1913 769 1977 δεινὸς
798 1915 1035 1966 ἐποιεῖτο
1070 1909 1211 1966 εἶναι
1229 1954 1243 1979 ,
1272 1912 1366 1965 καὶ
1395 1912 1550 1983 παρά
1580 1912 1689 1966 τῶν

135 2005 457 2075 κεχρημένων
509 2004 664 2076 αύτῷ
715 2004 859 2076 ἔχειν
912 2003 1038 2058 τινά
1087 2004 1227 2075 πρὸς
1272 2003 1374 2068 τάς
1433 2004 1689 2069 τοιαύτας

136 2097 345 2162 σπουδάς
365 2097 597 2168 δύναμιν
629 2095 976 2153 ἐπιστεύετοο
1006 2089 1051 2165 ᾧ
1082 2096 1245 2167 τέχνη
1288 2095 1387 2167 μὲν
1410 2091 1479 2167 ἦν
1512 2098 1691 2149 οίωνι-

137 2189 292 2260 στικὴ,
344 2190 617 2261 δαιμόνων
660 2188 716 2242 δέ
781 2206 889 2243 τινι
934 2188 1228 2259 συνεργείᾳ
1286 2186 1522 2258 χαλεπὸς
1578 2183 1685 2258 ἦν,

134 2280 330 2348 ἐπάγων
361 2283 475 2345 τοῖς
512 2278 827 2352 ἀνθρώποις
865 2278 1273 2351 περιεργοτέρα
1318 2278 1428 2331 τινὶ
1461 2277 1689 2349 δυνάμει

134 2370 192 2424 τά
215 2372 476 2441 ἀνήκεστα
496 2388 512 2402 ·
539 2370 602 2436 ὃς
632 2373 742 2436 τοῖς
766 2371 1072 2439 ἀπάγουσιν
1104 2369 1267 2424 αὐτὸν
1297 2368 1390 2422 ἐπὶ
1420 2367 1514 2421 τὸν
1538 2367 1691 2438 βασι-

134 2462 216 2516 λέα
244 2464 330 2517 τοῦ
379 2464 571 2527 ἐθνους
611 2464 878 2535 ἑπόμενος
898 2504 913 2529 ,
941 2464 1009 2534 τῇ
1040 2462 1192 2533 φωνῇ
1221 2460 1321 2531 τῆς
1358 2459 1480 2513 ὄνου
1513 2459 1576 2512 τὸ
1613 2459 1688 2530 μὴ

134 2556 285 2609 αἶσιον
304 2556 447 2629 αὐτῷ
472 2556 577 2630 τὴν
597 2556 714 2611 ὁδὸν
748 2550 887 2609 εἶναι
920 2554 1253 2609 διδάσκεται.
1277 2548 1411 2605 Εἶτα
1431 2551 1520 2606 διά
1542 2567 1689 2614 τινος

134 2645 402 2714 ἐμφανείας
437 2647 499 2701 τὸ
546 2647 826 2719 πρακτέον
871 2644 1096 2718 μαθὼν,
1132 2644 1534 2716 ἀσθενεστέραν
1562 2635 1688 2713 εὗρε

134 2733 216 2804 τὴν
235 2737 518 2791 κακοποιὸν
541 2736 884 2808 μαγγανείαν
902 2732 996 2788 τοῦ
1023 2733 1227 2805 βλάϐην
1246 2732 1368 2787 τινά
1397 2735 1512 2797 τοῖς
1537 2731 1689 2803 παρά

131 2825 212 2878 τοῦ
236 2826 364 2881 θεοῦ
397 2829 884 2901 συμμαχουμένοις
922 2824 1386 2899 προστρίψασθαι.
1448 2823 1595 2878 Ἀντὶ
1628 2822 1688 2875 δὲ

131 2917 215 2986 τῆς
256 2917 361 2972 τῶν
407 2920 690 2991 δαιμόνων
736 2918 1021 2990 ἐνεργείας
1076 2920 1144 2972 ἐκ
1188 2917 1341 2980 θείας
1398 2915 1690 2977 ἐπιπνοίας

130 3007 293 3073 ἐνθους
334 3013 649 3083 γενόμενος,
697 3008 1001 3081 ἐφθέγξατο
1048 3009 1232 3080 φωνὰς
1275 3007 1565 3074 τοιαύτας,
1612 3009 1690 3073 ὡς

1791 548 1874 603 vel
1904 549 2181 603 sinistram
2203 550 2564 613 declinarent,
2601 565 2739 605 neve
2769 550 3069 620 quidquam
3117 550 3374 605 habitan-

1794 640 1933 695 tium
1970 654 2035 694 ea
2075 641 2194 695 loca
2244 641 2571 711 arriperent.
2626 640 2818 695 Coloni
2883 649 3066 697 autem
3128 641 3373 696 locorum

1791 746 1987 802 parum
2019 731 2107 787 Itis
2129 736 2371 789 contenti
2401 749 2430 787 a
2466 732 2700 787 transitu
2735 732 3121 803 prohibebant,
3155 733 3248 789 sed
3276 749 3375 803 pu-

1794 837 1899 893 gna
1930 822 2062 877 victi
2092 831 2378 880 cesserunt
2406 824 2585 888 inviti,
2619 824 2766 894 quod
2807 832 3004 894 sponte
3031 824 3163 879 dare
3192 824 3379 880 nolue-

1791 921 1934 969 rant.
1969 912 2217 969 Posthac
2266 914 2459 969 Balach
2489 914 2909 971 Madianitarum
2952 915 3131 985 gentis
3164 931 3376 985 magnae

1793 1003 2071 1074 princeps,
2099 1020 2293 1060 eorum
2326 1006 2423 1075 qui
2470 1015 2599 1061 ante
2628 1005 2794 1061 deleti
2862 1004 3080 1061 fuerant
3125 1006 3375 1076 exemplo

1791 1096 2143 1165 perterritus,
2175 1104 2229 1152 et
2249 1096 2475 1168 jamjam
2507 1113 2567 1152 se
2589 1096 2817 1166 paribus
2847 1097 3064 1151 damnis
3095 1097 3165 1153 ab
3196 1095 3374 1153 Israe-

1791 1186 1904 1243 litis
1929 1186 2183 1243 affectum
2219 1189 2284 1243 iri
2313 1196 2658 1258 exspectans,
2690 1204 2802 1243 non
2831 1189 2899 1243 ab
2922 1189 3042 1244 aliis
3072 1180 3371 1252 armorum,

1792 1279 1879 1334 vel
1909 1280 2189 1350 c0piarum
2245 1280 2608 1350 principibus,
2655 1278 2752 1337 sed
2816 1294 2847 1334 a
2899 1279 3119 1334 Balaam
3170 1294 3377 1351 augure

1793 1369 2050 1440 quodam,
2077 1369 2170 1440 qui
2202 1370 2428 1440 magicis
2460 1369 2670 1425 artibus
2714 1384 2777 1424 ac
2804 1369 3113 1425 daemonum
3149 1368 3374 1423 invoca-

1792 1460 1944 1515 tione
1971 1460 2276 1524 claruerat,
2304 1460 2559 1531 famaque
2584 1461 2654 1516 de
2686 1461 2808 1531 ipso
2843 1470 2985 1527 erat,
3021 1461 3224 1530 sapius
3249 1460 3379 1514 civi-

1791 1550 1999 1605 tatibus
2031 1551 2191 1607 etiam
2220 1551 2532 1622 ingentibus
2565 1552 2681 1607 suis
2715 1552 2929 1605 artibus
2959 1551 3236 1614 nocuisse,
3277 1564 3377 1604 au-

1792 1640 1983 1695 xilium
2011 1641 2186 1710 petiit.
2221 1640 2271 1697 ls
2295 1657 2419 1697 cum
2452 1642 2518 1697 ad
2547 1657 2728 1713 regem
2774 1641 2978 1697 Balach
3013 1642 3116 1697 iter
3144 1641 3372 1703 faceret,

1794 1732 1964 1787 asina:
1993 1746 2126 1787 voce
2150 1747 2259 1788 non
2289 1748 2606 1804 prosperam
2644 1748 2765 1787 eam
2815 1734 2921 1789 sibi
2951 1733 3095 1788 viam
3133 1731 3251 1787 fore
3292 1733 3377 1787 in-

1796 1824 2063 1889 stituitur,
2095 1832 2149 1878 et
2178 1826 2391 1881 visione
2423 1826 2658 1895 quadam
2692 1825 2825 1896 quid
2857 1825 3165 1880 faciendum
3199 1831 3369 1887 esset,

1795 1914 2010 1980 didicit,
2052 1931 2116 1970 ac
2145 1917 2364 1972 demum
2393 1917 2723 1972 infirmiores
2747 1917 2921 1973 sensit
2949 1931 3071 1972 esse
3098 1916 3376 1971 maleﬁcas

1794 2008 1917 2063 illas
1940 2009 2264 2079 prmstigias,
2289 2024 2453 2079 quam
2485 2020 2542 2064 ut
2569 2017 2791 2079 possent
2824 2009 2952 2074 illis,
2987 2008 3185 2078 quibus
3215 2007 3374 2062 auxi-

1795 2101 1926 2156 lium
1959 2101 2168 2157 ferebat
2207 2101 2375 2167 Deus,
2408 2101 2628 2169 aliquod
2661 2101 2921 2155 damnum
2978 2099 3222 2165 inferre;
3280 2100 3374 2155 sed

1794 2207 1894 2263 pro
1917 2191 2226 2247 daemonum
2262 2190 2450 2247 furore
2488 2193 2675 2247 divino
2704 2191 2886 2247 alllatu
2918 2193 3186 2263 impulsus
3238 2194 3376 2249 tales

1795 2284 1980 2339 emisit
2004 2298 2194 2349 voces,
2225 2291 2285 2338 ut
2320 2300 2350 2339 e
2382 2292 2576 2339 contra
2604 2284 2945 2340 imminentis
2974 2284 3223 2356 prosperi
3255 2301 3377 2340 sues

1796 2388 1987 2429 cessus
2014 2374 2159 2429 illius
2189 2375 2374 2445 populi
2401 2382 2590 2431 essent
2620 2375 2942 2446 pmphetiae.
2976 2376 3056 2429 Ex
3086 2390 3198 2445 quo
3229 2376 3374 2431 enim

1797 2466 1915 2521 suis
1954 2466 2168 2523 artibus
2197 2483 2267 2522 ne
2298 2475 2541 2535 noceret,
2574 2466 2868 2537 impeditus
2921 2477 3027 2531 est,
3056 2467 3254 2522 divinte
3277 2468 3379 2521 vir-

1797 2558 1933 2613 tutis
1974 2575 2196 2614 sensum
2229 2560 2463 2629 accepit,
2495 2566 2548 2614 et
2582 2559 2918 2614 vaticinandi
2959 2567 3077 2614 arte
3107 2560 3373 2629 neglecta,

1796 2651 1997 2707 divinae
2029 2652 2326 2707 voluntatis
2377 2668 2437 2707 se
2473 2655 2828 2721 interpretem
2865 2664 2921 2708 et
2977 2650 3374 2705 internuntium

1795 2742 2039 2798 exhibet.
2074 2743 2154 2797 Ita
2189 2746 2338 2797 natio
2369 2744 2613 2797 vincitur
2639 2742 3096 2813 alienigenarum,
3150 2740 3245 2797 sed
3278 2758 3376 2811 po-

1795 2835 1959 2905 pulus
1992 2837 2047 2889 in
2078 2835 2220 2889 bello
2254 2835 2447 2899 victor,
2475 2849 2585 2888 non
2621 2847 2788 2904 parva
2822 2848 2889 2887 ex
2946 2839 3102 2902 parte
3153 2832 3374 2887 luxuria

1796 2926 2055 2980 vincitur.
2090 2925 2244 2980 Tunc
2272 2923 2505 2979 Phinees
2532 2924 2649 2978 zelo
2688 2922 2910 2976 virtutis
2945 2936 3053 2975 uno
3096 2920 3207 2975 ictu
3262 2929 3375 2975 tant

1793 3012 2066 3081 Judaeum,
2098 3030 2262 3086 quam
2301 3012 2660 3084 alienigenam
2690 3009 2975 3064 mulierem
3018 3007 3075 3063 in
3106 3007 3229 3078 ipso
3274 3008 3377 3060 im-

88 3176 89 3179 p
132 3102 441 3172 προφητείαν
467 3103 734 3175 ἄντικρυς
772 3098 915 3156 εἶναι
945 3101 1053 3155 τῶν
1093 3103 1172 3165 είς
1202 3099 1433 3173 ὕστερον
1465 3100 1601 3172 πρὸς
1626 3100 1688 3155 τὸ

1794 3109 1993 3180 pudico
2018 3116 2145 3162 actu
2173 3105 2419 3162 confodit
2446 3123 2460 3159 :
2493 3118 2606 3175 quo
2638 3102 2782 3158 facto
2831 3100 3019 3155 divina
3053 3100 3109 3155 in
3155 3115 3249 3155 eos
3279 3098 3374 3170 qui

129 3196 358 3262 κρεῖσσον
387 3195 804 3268 ἐκδησομένων.
834 3196 912 3249 Δι’
938 3188 1012 3248 ὧν
1041 3193 1152 3265 γὰρ
1179 3193 1428 3266 ἐκωλύθη
1458 3193 1596 3265 πρὸς
1627 3193 1690 3248 τὸ

1796 3210 2179 3271 peccaverunt,
2210 3199 2289 3252 ira
2329 3199 2584 3252 cessavit.
2643 3193 2740 3249 llis
2772 3193 2848 3249 ita
2908 3192 3079 3263 gestis
3125 3191 3375 3247 ascendit

130 3284 275 3338 κακδν
299 3288 594 3359 ἐνεργῆσαι
622 3289 688 3359 τῇ
718 3287 907 3359 τέχνῃ,
936 3286 1025 3341 διὰ
1052 3286 1256 3340 τούτων
1285 3285 1387 3356 τῆς
1423 3285 1572 3350 θείας
1601 3286 1691 3339 δυ-

129 3375 319 3447 νάμεως
354 3381 412 3432 ἐν
452 3370 710 3449 αἰσθήσει
758 3378 1052 3449 γενόμενος
1074 3419 1089 3443 ,
1125 3378 1340 3450 χαίρειν
1387 3378 1556 3442 ἐάσας
1592 3378 1691 3450 τὴν

132 3467 403 3538 μαντικὴν,
435 3468 779 3539 ὑποφητεύει
826 3468 903 3540 τῷ
943 3469 1073 3540 θείῳ
1123 3468 1415 3541 θελήματι.
1450 3471 1563 3524 Καὶ
1593 3471 1691 3524 ἐπὶ

127 3554 312 3622 τούτοις
341 3559 402 3612 τὸ
449 3559 552 3632 μὲν
610 3560 763 3620 ἔθνος
815 3561 924 3614 τῶν
972 3561 1291 3630 ἀλλοφύλων
1331 3557 1642 3634 ἐντρίϐεται
1671 3604 1687 3630 ,

129 3644 568 3721 ἐπικρατεστέρου
604 3649 699 3704 τοῦ
727 3651 859 3705 λαοῦ
900 3652 1041 3706 κατὰ
1070 3651 1164 3706 τὸν
1194 3653 1431 3726 πόλεμον
1464 3654 1689 3722 γεγονό-

125 3750 221 3801 τος,
251 3741 573 3812 ἡττηθέντος
624 3742 682 3796 δὲ
717 3744 857 3813 μετά
904 3743 1076 3797 ταῦτα
1107 3742 1202 3797 τοῦ
1248 3746 1346 3816 τῆς
1392 3745 1692 3811 ἀκολασίας

128 3829 307 3896 πάθους
341 3834 397 3887 ἐν
422 3836 547 3898 ταῖς
590 3834 979 3905 αἰχμαλώτοις,
1012 3838 1102 3890 ὅτε
1132 3836 1227 3891 τοῦ
1256 3838 1441 3902 Φινεὲς
1470 3838 1597 3901 τοὺς
1630 3840 1690 3892 ἐν

126 3919 296 3996 ἀτιμίᾳ
321 3926 752 3997 συμπλακέντας
783 3931 883 4001 μιᾷ
912 3928 1096 4001 πληγῇ
1129 3930 1496 3995 διελάσαντος,
1548 3930 1691 3983 παῦ-

129 4028 213 4065 σαν
235 4014 353 4086 ἔσχε
398 4020 495 4073 τοῦ
530 4018 675 4073 Θεοῦ
708 4022 741 4091 ἡ
777 4020 917 4074 κατὰ
956 4021 1064 4074 τῶν
1092 4020 1508 4093 λελυσσηκότων
1551 4021 1687 4092 πρὸς

126 4102 210 4167 τὰς
234 4107 500 4181 ἀθέσμους
536 4112 716 4183 μίξεις
742 4111 880 4183 ὀργή
905 4129 920 4144 ο
944 4112 1067 4165 τότε
1100 4111 1308 4175 ἀναϐὰς
1343 4112 1435 4164 ἐπί
1474 4129 1526 4165 τι
1561 4112 1688 4183 δρος

128 4193 307 4266 ὑψηλὸν
334 4203 364 4254 ὁ
390 4202 699 4273 νομοθέτης
724 4243 740 4266 ,
784 4204 881 4257 καὶ
920 4201 1207 4274 πόρρωθεν
1244 4202 1343 4273 τὴν
1377 4201 1563 4273 χώραν
1591 4218 1689 4256 κα-

128 4291 538 4365 τασκεψάμενος,
568 4294 606 4365 ἢ
637 4293 728 4347 διά
755 4294 854 4365 τῆς
885 4293 1039 4357 θείας
1066 4292 1404 4362 ἐπαγγελίας
1427 4293 1528 4364 τῆς
1554 4293 1693 4365 πρὸς

126 4379 235 4444 τοὺς
249 4385 486 4458 πατέρας
499 4386 884 4457 γεγενημένης
901 4384 981 4456 τῷ
1015 4383 1231 4454 Ἰσραὴλ
1251 4383 1687 4454 παρεσκεύαστο,

130 4468 424 4547 μεθίσταται
455 4475 557 4529 τοῦ
589 4474 935 4547 ἀνθρωπίνου
967 4474 1106 4545 βίου,
1136 4473 1287 4527 οὐδὲν
1314 4475 1371 4526 ἐν
1398 4475 1464 4545 τῇ
1486 4475 1557 4545 γῇ
1589 4491 1688 4545 ση-

131 4545 282 4629 μεῗον,
332 4567 454 4621 οὐδὲ
494 4545 848 4637 μνημόσυνον
898 4565 998 4635 τῆς
1042 4564 1239 4619 ἐαυτοῦ
1294 4564 1691 4635 μεταστάσεως

1795 3289 1851 3345 in
1891 3291 2061 3345 altum
2098 3287 2313 3361 Moyses
2335 3293 2600 3358 montem,
2628 3295 2682 3340 et
2731 3284 2924 3355 procul
2978 3284 3373 3354 repromissam

1793 3378 2101 3449 majoribus
2134 3378 2249 3433 suis
2283 3385 2486 3433 terram
2518 3375 2852 3446 speculatus,
2880 3373 3177 3428 humanam
3203 3373 3373 3427 vitam

1792 3471 1961 3537 exuit,
1994 3470 2066 3524 ita
2099 3477 2159 3525 ut
2192 3470 2326 3524 nihil
2369 3470 2424 3524 in
2463 3468 2628 3524 terris
2665 3466 2833 3538 hujus
2875 3466 3226 3537 migrationis
3263 3480 3375 3520 suae

1793 3560 2013 3631 signum
2047 3566 2139 3613 aut
2161 3568 2574 3613 monumentum
2602 3556 2655 3610 in
2681 3555 2991 3626 sepulchris
3020 3554 3372 3625 relinqueret.

1792 3650 1989 3705 Mirum
2021 3658 2204 3704 autem
2233 3656 2335 3712 est,
2364 3647 2509 3718 quod
2542 3662 2643 3702 nec
2674 3646 2881 3709 formae,
2932 3660 3032 3700 nec
3066 3645 3376 3714 pulchritu-

1793 3739 1939 3795 dinis
1966 3754 2080 3795 sua:
2106 3737 2430 3809 quidquam,
2458 3750 2559 3790 nec
2583 3750 2651 3789 ex
2690 3734 2830 3790 facie
2867 3749 2966 3789 sua
3013 3734 3369 3804 resplenden-

1792 3828 2012 3885 dentem
2042 3828 2295 3901 gratiam,
2330 3841 2432 3881 nec
2465 3826 2751 3881 oculorum
2793 3825 2989 3889 aciem,
3039 3826 3125 3880 vel
3168 3835 3372 3895 tempo-

1791 3936 1937 3985 rum,
1962 3921 2163 3991 quibus
2196 3933 2321 3973 cum
2355 3916 2673 3973 hominibus
2721 3925 2860 3979 erat,
2897 3918 3073 3988 spatia
3105 3917 3187 3972 vel
3219 3916 3372 3971 labo-

1791 4028 1881 4068 res
1903 4011 2365 4072 comminuerant,
2400 4009 2497 4065 sed
2530 4024 2641 4063 uno
2667 4008 2969 4080 eodemque
3002 4009 3164 4064 modo
3202 4009 3374 4064 virtu-

1793 4111 1878 4158 tes
1912 4101 2163 4171 corporis
2207 4108 2372 4171 atque
2411 4113 2677 4156 sensuum
2725 4100 2779 4154 in
2812 4116 2878 4155 eo
2926 4115 3144 4172 semper
3190 4101 3377 4172 vigue-

1792 4201 1944 4250 runt.
1972 4192 2097 4247 Haec
2117 4192 2339 4263 quidem
2368 4198 2518 4257 sunt,
2548 4206 2669 4261 quae
2697 4190 2763 4247 de
2785 4192 2879 4245 illo
2900 4191 3019 4246 viro
3048 4192 3115 4246 ab
3145 4190 3376 4247 historia

1793 4286 1977 4342 divina
2009 4284 2363 4356 percipimus,
2387 4298 2507 4353 qua:
2539 4282 2745 4338 cursim
2777 4290 2997 4336 narrata
3014 4283 3127 4353 jam
3159 4290 3376 4353 tempus

1795 4386 1883 4434 est
1931 4377 2214 4447 proposito
2248 4381 2440 4429 nostro
2494 4372 2941 4438 accommodare,
2979 4380 3038 4427 ut
3091 4372 3377 4430 videamus

1794 4472 1997 4529 veteris
2046 4471 2345 4545 Scriptura:
2395 4470 2679 4527 historiam
2738 4470 2807 4525 ad
2852 4470 3145 4542 perfectam
3207 4472 3376 4526 vitam

1797 4564 2028 4619 multum
2059 4562 2388 4617 conducere.

128 4653 177 4706 ἐν
197 4656 374 4726 τάφοις
421 4658 875 4729 ὑπολειπόμενος.
916 4649 992 4710 Οὖ
1024 4656 1103 4728 τῷ
1134 4655 1321 4712 κάλλει
1353 4656 1545 4728 χρόνος
1569 4656 1670 4709 οὐκ
1703 4654 2029 4728 ἐλυμήνατο,
2076 4652 2199 4707 οὔτε
2224 4651 2332 4705 τῶν
2362 4652 2655 4724 ὀφθαλμῶν
2702 4653 2800 4724 τὴν
2838 4651 3157 4724 λαμπηδόνα
3182 4651 3376 4723 ,ἠμαύ-

132 4761 303 4813 ρωσεν,
349 4750 473 4804 οὔτε
506 4751 614 4823 τὴν
661 4749 1089 4820 ἀπολάμπουσαν
1130 4747 1225 4803 τοῦ
1267 4748 1562 4819 προσώπου
1600 4748 1763 4820 χάριν
1806 4746 2194 4819 ἀπήμϐλυνεν·
2239 4746 2354 4800 ἀλλ’
2386 4741 2453 4817 ἦν
2486 4747 2572 4799 ἀεὶ
2615 4744 2877 4809 ὡσαύτως
2910 4743 3077 4815 ἔχων,
3110 4744 3203 4797 καὶ
3236 4743 3379 4797 κατὰ

125 4840 299 4897 ταύτὸν
318 4845 378 4899 ἐν
400 4845 483 4917 τῷ
510 4843 736 4917 τρεπτῷ
762 4844 861 4916 τῆς
893 4843 1108 4914 φύσεως
1126 4843 1398 4908 διασώσας
1437 4843 1499 4896 τὸ
1530 4845 1587 4897 ἐν
1615 4843 1693 4915 τῷ
1721 4842 2336 4912 κάλλειάμετάπτωτον.
2373 4840 2558 4896 Ταῦτα
2588 4842 2686 4913 μὲν
2726 4836 2840 4908 οὖν,
2870 4842 2972 4895 ὅσα
3012 4843 3075 4894 ἐκ
3100 4839 3200 4911 τῆς
3231 4857 3381 4913 προ-

126 4934 286 5006 χείρου
306 4938 397 4994 τοῦ
424 4940 625 5013 ἀνδρὸς
653 4939 892 5011 ἱστορίας
931 4936 1227 5010 ἐμάθομεν,
1274 4939 1333 4993 ἐν
1378 4938 1642 5009 ἐπιδρομῇ
1683 4954 1765 4992 σοι
1791 4937 2203 5009 διηγησάμεθα·
2232 4938 2281 4990 εἰ
2305 4935 2397 4989 καί
2428 4952 2545 4998 πως
2572 4939 2605 5006 ἡ
2636 4930 2892 4999 ὑπόθεσίς
2916 4934 3063 4987 ἐστιν
3090 4933 3147 4986 ἐν
3175 4925 3255 4997 οἷς
3283 4931 3377 4985 τὸν

125 5024 261 5097 λόγον
295 5031 617 5102 ἀναγκαίως
658 5031 943 5086 ἐπλάτυνε.
980 5031 1188 5101 Καιρὸς
1215 5028 1261 5083 δ’
1300 5027 1368 5084 ἂν
1413 5030 1498 5101 εἴη
1530 5029 1665 5101 πρὸς
1694 5029 1785 5083 τὸν
1826 5028 2187 5100 προκείμενον
2227 5029 2359 5099 ἡμῖν
2386 5024 2481 5080 τοῦ
2510 5025 2668 5095 λόγου
2709 5027 2909 5081 σκοπὸν
2945 5024 3258 5098 ἐφαρμόσαι
3283 5022 3375 5076 τὸν

130 5123 556 5192 μνημονευθέντα
607 5123 722 5196 βίον
748 5142 763 5157 ο
805 5124 881 5187 ὡς
903 5122 968 5178 άν
981 5140 1064 5188 τις
1084 5124 1294 5191 γένοιτο
1321 5125 1455 5196 ἡμῖν
1481 5125 1545 5177 ἐκ
1572 5123 1682 5178 τῶν
1726 5124 2142 5196 προειρημένων
2192 5123 2330 5198 πρὸς
2374 5123 2466 5178 τὸν
2500 5122 2620 5177 κατ’
2646 5121 2846 5197 ἀρετὴν
2873 5120 2991 5193 βίον
3028 5116 3368 5189 συνεισφορά.

139 5207 501 5288 ’Δναλάσωμεν
529 5214 717 5271 τοίνυν
746 5213 844 5287 τὴν
873 5213 1046 5287 ἀρχὴν
1073 5214 1169 5270 τοῦ
1207 5215 1336 5286 περὶ
1372 5212 1537 5270 αὐτοῦ
1569 5214 1927 5287 διηγήματος.
