3890 6350
533 300 637 356 32³1

1762 288 1820 345 S.
1852 283 2181 345 GREGORII
2218 281 2518 339 NYSSENI

3681 270 3775 325 538

1096 628 1509 717 ΘΕΩΡΙΑ
1572 626 1745 713 E12
1804 574 2030 709 TON
2109 626 2110 647 ι

2210 619 2335 704 )Υ
2406 616 2853 706 ΜΩΣΕΩΣ
2927 619 3215 704 ΒΙΟΝ.
3298 646 3315 657 "

929 974 1437 1065 MYSTICA
1498 963 2484 1059 INTERPRETATIO
2532 964 2861 1058 VITIE
2915 961 3398 1055 MOYSIS.

606 1345 741 1401 Cum
772 1343 1131 1398 masculinam
1160 1339 1472 1396 Iudaeorum
1515 1340 1721 1411 prolem
1759 1338 1978 1411 tyranni
2016 1339 2104 1395 lex
2131 1342 2176 1399 Α

536 1436 890 1492 occidendam
938 1436 1149 1498 statuit,
1205 1442 1338 1488 tunc
1378 1432 1589 1503 Moyses
1636 1432 1902 1511 nascitur.
1954 1430 2105 1497 Quo-

536 1544 663 1583 nam
701 1529 864 1598 igitur
888 1534 1066 1597 pacto,
1115 1526 1260 1580 dicet
1287 1526 1585 1595 quispiam,
1622 1525 1701 1579 sic
1728 1526 1866 1577 tunc
1900 1522 2040 1577 forte
2075 1536 2106 1575 a

538 1629 771 1689 tyranno
798 1619 881 1673 lex
907 1618 1168 1672 adversus
1203 1615 1437 1670 infantes
1467 1616 1577 1668 lata
1602 1621 1707 1679 est,
1738 1629 1863 1668 cum
1896 1612 2107 1683 Moyses

537 1710 592 1763 in
636 1710 826 1763 matris
862 1716 1053 1763 ventre
1089 1708 1385 1772 ferebatur,
1420 1706 1733 1776 hujusmodi
1761 1721 1862 1776 ego
1888 1713 2105 1776 partum

537 1798 739 1851 imitari
775 1798 1001 1867 potero?
1033 1795 1143 1852 Nec
1174 1797 1319 1852 enim
1351 1796 1405 1851 in
1437 1802 1705 1866 potestate
1744 1795 1982 1849 hominis
2002 1801 2106 1858 est,

534 1902 659 1941 cum
704 1889 960 1950 voluerit,
994 1887 1166 1941 nasci.
1202 1884 1307 1939 Sed
1358 1886 1461 1939 hoc
1500 1885 1753 1940 litteralis
1788 1898 1985 1939 sensus
2018 1883 2105 1937 hi-

534 1979 718 2032 Storia:
744 1986 847 2041 est,
880 1992 1001 2047 qua:
1035 1985 1093 2030 ut
1124 1975 1191 2030 ad
1230 1991 1410 2031 mores
1449 1974 1908 2039 accommodetur,
1942 1973 2133 2041 altius-

534 2065 903 2135 intelligenda.
929 2065 1135 2120 Cuncta
1159 2080 1288 2135 ergo
1310 2080 1430 2134 quae
1459 2066 1511 2118 in
1535 2065 1836 2119 mutatione
1868 2078 1931 2117 ac
1957 2062 2105 2116 fluxu

534 2159 710 2226 posita
750 2165 900 2223 sunt,
945 2173 1225 2228 nunquam
1268 2157 1421 2210 firma
1455 2166 1693 2222 manent,
1737 2156 1830 2210 sed
1871 2156 2103 2211 alterum

533 2264 601 2302 ex
627 2250 802 2303 altero
845 2249 1103 2318 gignitur,
1158 2255 1213 2303 et
1237 2256 1332 2301 aut
1369 2247 1435 2301 ad
1477 2248 1694 2311 melius,
1733 2255 1824 2301 aut
1849 2246 1914 2300 ad
1949 2245 2104 2315 pejus

535 2355 750 2409 semper
778 2340 957 2394 exitus
980 2341 1059 2395 lit.
1090 2340 1149 2393 ln
1179 2338 1492 2393 hominibus
1525 2348 1704 2392 autem
1728 2337 1966 2392 carnalis
1990 2336 2105 2391 haec

532 2438 587 2484 et
613 2430 1082 2499 perturbationum
1134 2430 1293 2498 plena
1339 2428 1650 2497 dispositio,
1700 2442 1822 2495 quae
1872 2435 2103 2497 tyranno

534 2535 599 2574 ac
634 2521 777 2575 hosti
804 2520 1025 2574 humani
1056 2519 1274 2592 generis
1312 2520 1508 2590 placet,
1548 2533 1611 2573 ac
1641 2518 1763 2572 ideo
1804 2531 1923 2571 eam
1961 2516 2103 2571 fovet

533 2614 754 2683 vitaque
791 2612 979 2677 donat,
1028 2628 1126 2683 per
1172 2612 1494 2666 muliebrem
1539 2625 1727 2665 sexum
1772 2609 2099 2663 ostenditur.

537 2703 719 2759 Virilis
752 2719 881 2759 vero
923 2713 1112 2774 partus
1144 2711 1376 2775 tyranno
1412 2699 1660 2756 infensus
1700 2708 1753 2754 et
1790 2706 2100 2768 suspectus,
2132 2676 2179 2738 Β

532 2813 602 2852 ne
633 2796 770 2852 forte
813 2796 1109 2851 seditiones
1162 2796 1216 2850 in
1253 2809 1421 2867 regno
1472 2799 1709 2857 moveat,
1760 2791 1991 2863 rigidam
2046 2798 2103 2846 et

534 2890 731 2942 fortem
772 2890 1027 2942 virtutem
1054 2887 1346 2957 signiﬁcat.
1381 2884 1476 2940 Est
1505 2895 1690 2939 autem
1718 2885 1828 2938 vita
1861 2884 2101 2938 humana

535 2975 824 3030 mutationi
863 2988 1079 3044 semper
1114 2974 1395 3044 supposita
1425 2990 1440 3026 :
1488 2988 1659 3043 quare
1703 2978 1940 3042 oportet,
1976 2986 2103 3025 cum

535 3083 643 3122 non
674 3067 746 3121 sit
778 3074 981 3122 aeterna
1016 3075 1071 3120 et
1117 3065 1495 3127 immutabilis,
1538 3078 1755 3133 semper
1792 3063 1968 3119 nasci.
2011 3061 2105 3118 Sic

534 3165 713 3213 autem
741 3157 891 3213 nasci
925 3171 1032 3211 non
1066 3156 1242 3211 aliena
1274 3155 1332 3208 tit
1365 3154 1717 3224 appetitione,
1763 3169 1872 3208 non
1894 3155 2102 3208 extrin-

536 3262 718 3312 secus,
751 3255 810 3301 ut
841 3248 895 3300 in
929 3230 1204 3316 corporali
1235 3245 1536 3306 nativitate,
1564 3243 1659 3299 sed
1687 3243 1953 3298 electione
1981 3257 2107 3313 pro-

536 3340 657 3409 pria
703 3338 1086 3407 unusquisque
1122 3335 1370 3391 nascitur
1402 3353 1415 3389 :
1454 3334 1597 3390 unde
1637 3335 1715 3399 fit,
1765 3343 1827 3388 ut
1868 3348 1969 3388 nos
2000 3328 2140 3404 ipsi‘

541 3435 721 3497 patres
768 3423 1172 3495 quodammodo
1221 3424 1395 3480 simus
1447 3424 1644 3489 nostri,
1702 3424 2107 3495 qualescunque

536 3534 638 3574 nos
667 3518 918 3573 volumus
945 3517 1213 3573 electione
1239 3516 1543 3587 gignentes,
1562 3526 1627 3587 ,ει
1663 3525 1757 3571 aut
1781 3531 1987 3573 marem
2014 3524 2108 3571 aut

503 3606 815 3678 ‘feminam,
848 3607 964 3662 vitii
1002 3621 1067 3661 ac
1093 3608 1312 3662 virtutis
1339 3606 1555 3661 ratione
1598 3605 1887 3677 fingentes.
1922 3605 2109 3676 Itaque

535 3697 665 3753 licet
702 3698 860 3754 nobis
892 3696 1157 3768 profecto,
1189 3712 1315 3752 cum
1353 3697 1644 3753 audiamus
1680 3704 1890 3767 quanta
1934 3697 2108 3752 hostis

535 3797 722 3844 noster
750 3786 988 3842 allicitur
1025 3789 1288 3845 maestitia
1328 3788 1645 3845 masculina!
1675 3788 1868 3858 prolis,
1908 3787 1963 3842 id
2000 3796 2107 3852 est,

535 3882 738 3934 virtute
766 3879 978 3948 praediti
1004 3879 1108 3933 viri
1138 3878 1461 3933 nativitate:
1494 3879 1643 3944 licet,
1676 3879 1921 3949 inquam,
1949 3879 2110 3933 nobis

538 3985 722 4025 mares
750 3984 851 4023 nos
882 3970 1032 4039 ipsos
1061 3970 1284 4040 gignere
1310 3985 1374 4026 ac
1405 3971 1726 4040 parentibus
1758 3972 1985 4034 nostris,
2014 3986 2110 4025 co-

540 4058 898 4127 gitationibus
937 4058 1147 4113 scilicet
1186 4060 1346 4115 bonis
1391 4075 1514 4130 quae
1554 4061 1813 4116 virtutem
1867 4061 2104 4132 pariunt,

541 4148 877 4215 voluptatem
910 4147 1102 4201 alTerre
1127 4165 1141 4201 :
1166 4147 1410 4217 jucunda
1437 4150 1581 4204 enim
1614 4161 1696 4205 est
1719 4151 1975 4221 cogitatio
1999 4152 2109 4206 vir—

541 4237 696 4291 tutis.
733 4234 865 4302 Qua:
888 4238 1140 4307 voluptas
1174 4237 1335 4293 facile
1359 4238 1511 4304 facit.
1539 4248 1598 4295 ut
1624 4241 1679 4294 in
1709 4240 1908 4295 virtute
1928 4256 2113 4311 perse-

544 4339 810 4388 veremus,
853 4333 913 4379 ut
957 4334 1149 4380 contra
1188 4327 1504 4397 tyrannicas
1549 4330 1715 4384 etiam
1762 4329 1907 4399 leges
1947 4339 2112 4399 atque

542 4415 794 4471 instituta
825 4418 1096 4471 vivamus.
1138 4418 1194 4472 Id
1225 4419 1392 4487 igitur
1422 4420 1708 4490 aanigmate
1740 4419 1982 4475 historia
2017 4435 2113 4475 ve-

541 4507 678 4561 ritas
720 4521 822 4562 nos
856 4507 1035 4571 docet,
1082 4514 1139 4560 ut
1168 4492 1317 4561 omni
1363 4508 1644 4579 diligentia
1690 4509 2008 4565 studeamus
2056 4509 2111 4565 in

543 4599 647 4653 hoc
671 4605 849 4666 partu,
873 4600 964 4671 qui
1005 4598 1059 4653 in
1090 4600 1246 4655 nobis
1280 4608 1384 4668 est,
1437 4601 1510 4653 ita
1536 4603 1711 4669 nasci,
1742 4612 1801 4655 ut
1830 4602 1971 4657 hosti
2012 4618 2113 4657 no-

544 4697 660 4743 stro
694 4697 882 4758 partus
914 4700 1103 4745 noster
1136 4692 1399 4746 molestus
1438 4693 1545 4758 sit;
1595 4709 1752 4748 nemo
1789 4695 1933 4749 enim
1966 4694 2110 4749 hosti

545 4778 864 4833 maestitiam
903 4778 1081 4846 all‘ert,
1118 4782 1224 4836 nisi
1275 4798 1338 4837 ea
1387 4785 1540 4854 signa
1585 4785 1857 4845 ostendat,
1912 4785 2111 4854 quibus

544 4869 637 4924 ille
668 4870 871 4935 victum
907 4884 966 4925 se
1005 4872 1180 4941 possit
1223 4889 1571 4944 cognoscere.
1612 4874 1709 4929 Est
1745 4883 1925 4929 autem
1964 4874 2113 4946 ejus-

545 4960 671 5015 dem
716 4960 1012 5017 voluntatis
1057 4964 1354 5019 masculam
1402 4965 1564 5021 edere
1608 4966 1835 5034 prolem,
1877 4979 1942 5019 ac
1989 4980 2111 5020 eam

545 5051 941 5107 convenienter
969 5055 1204 5120 nutrire,
1236 5062 1291 5110 et
1324 5055 1601 5124 quomodo
1635 5055 1691 5109 in
1722 5056 1880 5124 aquis
1910 5056 2110 5110 salvari

546 5140 742 5211 possit,
773 5141 1076 5211 providere.
1109 5141 1244 5198 Nam
1267 5144 1361 5214 qui
1389 5143 1531 5199 hosti
1554 5151 1745 5213 partus
1778 5158 1909 5199 suos
1942 5143 2112 5198 inter-

547 5231 807 5288 ficiendos
843 5233 1180 5299 condonant,
1213 5235 1268 5290 hi
1298 5234 1475 5290 nudos
1506 5234 1643 5290 filios
1668 5234 1925 5290 fluctibus
1951 5250 2114 5305 expo-

545 5332 704 5377 nunt.
746 5320 998 5379 Fluctum
1047 5334 1226 5380 autem
1257 5338 1524 5394 aquarum
1573 5325 1716 5379 hanc
1755 5327 1925 5380 vitam
1964 5327 2109 5392 dico,

547 5411 604 5467 in
635 5426 743 5482 qua
774 5414 1277 5483 perturbationibus
1308 5414 1536 5470 alternis
1572 5415 1731 5469 multi
1776 5416 2108 5470 obruuntur.

547 5499 616 5555 At
644 5516 772 5556 vero
794 5503 1152 5572 cogitationes
1174 5511 1348 5561 casta:
1371 5519 1434 5559 ac
1465 5504 1705 5574 providae
1721 5506 1895 5561 virilis
1921 5513 2114 5575 partus

553 5598 821 5658 parentes,
857 5591 903 5645 si
939 5593 1157 5660 quando
1188 5594 1310 5648 vitae
1352 5594 1679 5648 necessitate
1713 5594 1850 5649 bona
1888 5596 2114 5664 pignora

551 5686 819 5746 cogantur
851 5680 1107 5738 ﬂuctibus
1150 5683 1273 5739 vitae
1309 5683 1473 5751 hujus
1518 5698 1815 5753 exponere,
1862 5685 1953 5740 illa
1994 5700 2116 5739 mu-

2274 1334 2405 1387 Ὅτε
2434 1327 2886 1400 καταφθείρεσθαι
2919 1326 2982 1381 τὸ
3006 1326 3174 1398 άῤῥεν
3201 1326 3231 1380 6
3260 1324 3584 1397 τυραννικὸς
3612 1323 3781 1380 διεκε-

2209 1425 2394 1479 λεύετο
2423 1424 2584 1493 νόμος
2606 1438 2620 1452 ·
2658 1422 2780 1474 τότε
2813 1421 3066 1488 γεννᾶται
3095 1421 3124 1472 6
3151 1419 3375 1488 Μωσῆς.
3408 1420 3536 1482 Πῶς
3567 1414 3661 1472 οὖν
3688 1419 3780 1489 τὴν

2210 1514 2533 1586 συντυχικὴν
2585 1512 2679 1566 τοῦ
2740 1512 2932 1582 ἀνδρὸς
2988 1511 3239 1582 γέννησιν
3292 1512 3357 1564 ἐκ
3413 1510 3782 1582 προαιρέσεως

2205 1610 2368 1679 ἡμεῖς
2420 1604 2796 1677 μιμησόμεθα;
2832 1603 2907 1656 Οὐ
2962 1602 3072 1675 γὰρ
3119 1602 3183 1674 δὴ
3214 1604 3309 1657 καὶ
3355 1602 3516 1683 τοῦτο
3550 1603 3661 1656 τῶν
3699 1607 3781 1678 ἐφ’

2207 1706 2338 1776 ἡμῖν
2370 1699 2503 1756 εἶναι
2568 1701 2782 1763 πάντως
2825 1700 2942 1770 ἐρεῖ
2968 1716 3081 1763 τις,
3115 1698 3255 1753 ὥστε
3284 1701 3631 1772 μιμήσασθαί
3667 1720 3783 1756 τινα

2206 1800 2272 1868 τῇ
2314 1795 2435 1850 καθ’
2462 1794 2654 1848 ἑαυτὸν
2680 1794 2930 1863 γεννήσει
2973 1792 3064 1847 τὸν
3100 1793 3385 1864 εὐδόκιμον
3416 1796 3601 1850 τόκον.
3646 1799 3782 1851 Ἀλλ’

2206 1889 2356 1942 οὐδὲν
2380 1885 2612 1957 χαλεπὸν
2636 1923 2651 1947 ,
2680 1886 2745 1938 ἐκ
2785 1883 2880 1936 τοῦ
2914 1883 3196 1948 δοκοῦντος
3227 1885 3654 1960 δυσχερεστέρου
3688 1891 3782 1958 τῆς

2210 1980 2493 2050 μιμήσεως
2521 1974 2790 2047 ἄρξασθαι
2814 1990 2828 2004 ·
2866 1974 2949 2038 τίς
2987 1974 3096 2046 γὰρ
3132 1976 3231 2028 οὐκ
3259 1971 3433 2039 οἶδεν,
3464 1977 3549 2031 δτι
3593 1982 3704 2049 πεῖν
3726 1981 3782 2033 τὸ

2206 2073 2264 2124 ὲν
2296 2068 2574 2125 ἀλλοιώσει
2606 2066 2856 2137 κείμενον
2879 2104 2894 2127 ,
2918 2065 3173 2119 οὐδέποτε
3199 2067 3330 2120 αὐτὸ
3351 2069 3436 2136 ἐφ’
3459 2068 3656 2122 ἑαυτοῦ
3690 2070 3783 2139 μέ-

2206 2176 2286 2213 νει
2309 2175 2337 2227 "
2359 2157 2473 2212 ἀλλ’
2502 2157 2688 2227 ἕτερον
2720 2154 2780 2221 ἐξ
2803 2155 2989 2224 ἑτέρου
3022 2156 3249 2208 πάντοτε
3277 2156 3520 2223 γίνεται,
3557 2158 3695 2228 πρὸς
3727 2158 3783 2212 τὸ

2205 2252 2472 2321 κρεῖττον,
2513 2248 2546 2319 ἦ
2573 2247 2710 2318 πρὸς
2740 2246 2801 2300 τὸ
2826 2249 3004 2317 χεῖρον
3035 2248 3121 2301 ἀεὶ
3151 2248 3252 2317 τῆς
3281 2248 3620 2314 ἀλλοιώσεως
3640 2252 3726 2304 ὲνε
3735 2269 3783 2321 ρ-

2206 2341 2511 2411 γουμένης;
2557 2337 2800 2393 Νοείσθω
2850 2339 2908 2392 δὲ
2952 2339 3075 2392 καθ’
3107 2339 3380 2395 ὑπόθεσιν.
3419 2340 3486 2394 Ἦ
3538 2342 3639 2411 μὲν
3676 2342 3782 2413 γὰρ

2206 2431 2365 2501 ὑλική
2395 2448 2456 2483 τε
2490 2431 2582 2483 καὶ
2625 2428 3011 2500 ἐμπαθεστέρα
3043 2429 3281 2493 διάθεσις
3303 2470 3317 2494 ,
3354 2431 3487 2502 πρὸς
3521 2432 3592 2503 ἢν
3634 2433 3669 2503 ἡ
3696 2435 3782 2486 ἁν-

2206 2519 2450 2591 θρωπίνη
2498 2518 2659 2588 φύσις
2711 2517 3191 2572 κατολισθαίνουσα
3250 2518 3512 2588 φέρεται,
3554 2519 3619 2572 τὸ
3650 2521 3779 2589 θῆλυ

2205 2611 2303 2681 τῆς
2338 2609 2482 2679 ζωῆς
2507 2649 2522 2673 ,
2553 2609 2581 2662 6
2617 2607 2693 2679 τῷ
2724 2608 2968 2678 τυράννῳ
2998 2607 3147 2675 φίλον
3177 2609 3294 2660 ἐστὶ
3318 2606 3777 2678 ζωογονούμενον·

2205 2702 2265 2756 τὸ
2286 2701 2342 2754 δὲ
2365 2700 2732 2771 κατεσκληκός
2756 2716 2815 2753 τε
2846 2702 2941 2753 καὶ
2972 2700 3221 2753 σύντονον
3241 2700 3340 2769 τῆς
3372 2699 3580 2771 ἀρετῆς
3598 2739 3615 2763 ,
3644 2701 3675 2752 6
3699 2702 3781 2753 άν-

2203 2790 2411 2863 δρώδης
2451 2791 2644 2856 τόκος,
2688 2793 2717 2844 6
2754 2790 3011 2862 πολέμιος
3054 2791 3132 2862 τῷ
3171 2792 3453 2862 τυράννῳ,
3505 2793 3602 2846 καὶ
3648 2794 3779 2863 πρὸς

2156 2919 2161 2924 -
2205 2885 2570 2939 ἐπανάστασιν
2620 2884 2720 2955 τῆς
2749 2886 2924 2956 ἀρχῆς
2967 2882 3131 2938 αὐτοῦ
3166 2883 3423 2947 ὕποπτος.
3467 2887 3562 2938 Δεῖ
3598 2881 3693 2938 οὗν
3724 2884 3780 2938 τό

2205 2974 2584 3044 ἀλλοιούμενόν
2615 2992 2738 3040 που,
2775 2975 2862 3028 ἀεὶ
2891 2975 3109 3039 πάντως
3134 2974 3443 3043 γεννᾶσθαι.
3477 2975 3553 3029 Otii
3588 2975 3700 3047 γὰρ
3719 2974 3783 3030 ἄν

2204 3079 2258 3116 τι
2280 3062 2388 3116 τῶν
2416 3064 2645 3117 πάντοτε
2674 3062 2932 3125 ὡσαύτως
2957 3064 3187 3133 ἐχόντων
3204 3102 3218 3128 ,
3252 3064 3311 3117 ἐν
3339 3067 3406 3135 τῇ
3440 3068 3651 3135 τρεπτῇ
3682 3063 3781 3133 φύ-

2208 3170 2291 3207 σει
2332 3153 2661 3225 θεωρηθείη.
2691 3155 2767 3208 Τὸ
2807 3154 2865 3207 δὲ
2892 3152 3036 3208 οὕτω
3066 3155 3357 3223 γεννᾶσθαι
3389 3156 3491 3209 ούκ
3533 3157 3598 3224 ἐξ
3629 3156 3782 3210 ἁλλο-

2206 3246 2363 3316 τρίας
2392 3246 2539 3298 ἐστὶν
2575 3246 2787 3317 ὁρμῆς,
2818 3245 2940 3300 καθ’
2972 3247 3265 3317 ὁμοιότητα
3306 3246 3413 3301 τῶν
3456 3249 3781 3317 σωματικῶς

2207 3337 2268 3389 τὸ
2317 3336 2530 3407 συμϐὰν
2561 3336 2983 3403 ἁπογεννὼντων
3003 3353 3019 3371 '
3071 3337 3185 3390 ἀλλ’
3231 3337 3295 3391 ὲκ
3333 3337 3708 3408 προαιρέσεως
3755 3339 3781 3387 6

2206 3426 2446 3490 τοιοῦτος
2486 3426 2694 3495 γίνεται
2745 3426 2923 3490 τόκος.
2970 3426 3080 3481 Καί
3132 3428 3297 3498 ἐσμεν
3341 3427 3550 3481 ἑαυτῶν
3586 3429 3783 3499 τρόπον

2205 3516 2327 3572 τινὰ
2349 3517 2583 3586 πατέρες
2600 3558 2615 3581 ,
2643 3518 2868 3582 ἑαυτοὺς
2896 3518 3040 3582 οἴους
3067 3517 3134 3572 ἂν
3159 3518 3451 3589 ἐθέλωμεν,
3487 3519 3782 3583 τίκτοντες,

2208 3609 2304 3664 καὶ
2339 3608 2448 3663 ἀπὸ
2474 3609 2573 3678 τῆς
2615 3609 2751 3674 ἰδίας
2783 3609 3157 3681 προαιρέσεως
3188 3612 3268 3673 είς
3304 3610 3443 3681 ὅπερ
3480 3608 3543 3664 ἂν
3589 3611 3781 3664 ἐθέλω-

2213 3718 2313 3772 μεν
2342 3697 2480 3765 εῐδος
2498 3741 2513 3766 ,
2544 3700 2577 3773 ἦ
2604 3702 2772 3772 άῤῥεν
2801 3702 2835 3772 ἢ
2869 3701 3037 3770 θῆλυ,
3063 3701 3143 3773 τῷ
3161 3702 3259 3773 τῆς
3292 3701 3553 3773 ἀρετῆςῆ
3590 3702 3784 3765 κακίας

2208 3791 2354 3863 λόγῳ
2390 3791 2864 3863 διαπλασσόμενοι.
2908 3793 3017 3847 Καὶ
3046 3792 3222 3859 ἔξεστι
3252 3792 3346 3847 καὶ
3375 3794 3510 3863 ἡμῖν
3548 3794 3783 3856 πάντως,

2210 3882 2435 3945 ἄκοντος
2500 3881 2595 3935 τοῦ
2651 3883 2918 3952 τυράννου
2976 3883 3071 3937 καὶ
3128 3881 3467 3953 λυπουμένου
3495 3924 3511 3950 ,
3566 3883 3663 3936 ἐπὶ
3720 3886 3785 3954 τῇ

2210 3972 2530 4045 ἀστειοτέρᾳ
2561 3974 2812 4044 γεννήσει
2838 3973 3127 4044 παρελθεῖν
3157 3990 3217 4026 τε
3254 3974 3333 4036 είς
3364 3972 3514 4042 φῶς,
3552 3973 3647 4027 καὶ
3679 3976 3787 4034 τοῖς

2210 4065 2425 4136 γονεῦσι
2457 4065 2550 4119 τοῦ
2589 4066 2753 4121 καλοῦ
2788 4066 2978 4119 τούτου
3012 4068 3293 4137 κυήματος
3345 4065 3619 4138 (λογισμοὶ
3654 4064 3700 4118 δ’
3728 4063 3790 4117 ἂν

2211 4150 2320 4209 εἷεν
2354 4149 2500 4209 οὗτοι
2532 4156 2583 4207 οἱ
2616 4156 2715 4226 τῆς
2738 4154 2939 4226 ἀρετῆς
2968 4155 3241 4224 γινόμενοι
3270 4155 3541 4226 πατέρες)
3561 4152 3788 4225 ὀφθῆναί

2209 4260 2271 4296 τε
2316 4242 2437 4314 μεθ’
2475 4243 2669 4313 ἡδονῆς
2691 4281 2708 4307 ,
2744 4244 2839 4297 καὶ
2874 4241 3303 4312 ζωογονηθῆναι·
3335 4242 3439 4297 κᾶν
3472 4242 3788 4296 ὑπεναντίον

2208 4328 2243 4405 ᾗ
2270 4333 2347 4403 τῷ
2371 4333 2467 4387 τοῦ
2496 4334 2758 4404 τυράννου
2786 4336 3112 4406 φρονήματι.
3144 4333 3352 4391 υύκοΰν
3374 4377 3391 4402 ,
3418 4334 3494 4398 ὡς
3522 4335 3589 4389 ἄν
3616 4352 3702 4399 τις
3726 4336 3788 4388 ὲκ

2210 4425 2312 4494 τῆς
2344 4424 2584 4495 ἱστορίας
2612 4426 2711 4489 τὰς
2737 4425 2993 4498 ἀφορμὰς
3020 4425 3222 4488 λαϐὼν,
3250 4428 3342 4479 ἐπὶ
3370 4427 3430 4479 τὸ
3452 4427 3787 4498 γυμνότερον

2210 4515 2562 4570 διακαλύπτοι
2605 4517 2668 4569 τὸ
2715 4515 2944 4586 αἴνιγμα
2971 4535 2986 4548 ·
3030 4517 3189 4571 τοῦτο
3241 4518 3480 4572 διδάσκει
3536 4520 3567 4570 6
3614 4516 3784 4584 λόγος.

2213 4601 2385 4673 ἀρχὴν
2410 4603 2502 4655 τοῦ
2538 4604 2657 4655 κατ’
2693 4604 2892 4675 ἀρετὴν
2932 4606 3203 4659 ποιεῖσθαι
3238 4607 3388 4676 βίου,
3432 4607 3492 4660 τὸ
3521 4608 3615 4659 ἐπὶ
3647 4606 3786 4675 λύπῃ

2210 4693 2305 4746 τοῦ
2338 4693 2529 4764 ἐχθροῦ
2551 4694 2890 4764 γεννηθῆναι,
2922 4696 2981 4748 ὲν
3014 4695 3091 4766 τῷ
3115 4696 3339 4767 τοιούτῳ
3374 4697 3516 4765 φημὶ
3546 4696 3649 4767 τῆς
3670 4714 3785 4765 γεν·

2212 4787 2419 4857 νήσεως
2445 4786 2606 4851 εἴδει,
2638 4783 2707 4859 ἦς
2738 4788 2772 4858 ὴ
2814 4784 3259 4860 προαίρεσις’τὴν
3291 4789 3454 4843 ὠδῖνα
3482 4789 3782 4860 μαιεύεται.

2212 4876 2288 4929 Ού
2313 4875 2422 4948 γὰρ
2450 4877 2516 4931 ἄν
2550 4895 2634 4941 τις
2664 4877 2925 4948 λυπήσειε
2950 4878 3042 4933 τὸν
3085 4879 3377 4933 ἀντίπαλον
3395 4919 3411 4943 ,
3454 4880 3531 4951 μὴ
3564 4879 3787 4933 τοιαῦτα

2211 4966 2424 5031 δεικνὺς
2450 4968 2534 5036 ἐφ’
2565 4953 2759 5023 ὲαύτοῦ
2782 4970 3167 5041 γνωρίσματα,
3204 4967 3294 5025 οἷα
3315 4956 3416 5042 τῆς
3438 4973 3559 5025 κατ’
3575 4970 3783 5026 ἐκείνου

2212 5058 2369 5127 νίκης
2398 5060 2675 5131 τεκμήρια
2696 5059 2962 5129 γίνεσθαι.
2981 5064 3092 5133 Τῆς
3112 5064 3168 5116 δὲ
3203 5063 3374 5133 αὐτῆς
3404 5063 3785 5134 ’προαιρέσεως

2213 5147 2430 5211 πάντως
2462 5150 2579 5202 ἐστὶ
2600 5188 2615 5211 ,
2665 5151 2923 5220 γεννῆσαί
2967 5169 3028 5205 τε
3084 5152 3146 5206 τὸ
3195 5152 3439 5224 ἀνδρεῖον
3486 5151 3648 5204 τοῦτο
3696 5140 3786 5204 καὶ

2212 5237 2468 5308 ἐνάρετον
2496 5240 2760 5310 γέννημα·
2787 5241 2883 5295 καὶ
2906 5246 3025 5307 ταῖς
3047 5242 3415 5314 καθηκούσαις
3442 5244 3671 5311 τροφαῖς
3706 5258 3783 5293 τι-

2215 5326 2555 5397 θηνήσασθαι
2577 5345 2594 5360 ν
2629 5332 2725 5385 καὶ⁸
2750 5333 2900 5396 ὅπως
2934 5333 3001 5386 ἂν
3045 5336 3109 5386 ἐκ
3147 5332 3242 5386 τοῦ
3282 5332 3472 5398 ὕδατος
3500 5332 3783 5399 διασωθείη

2214 5417 2441 5483 ἀπαθῶς
2469 5422 2891 5493 προνοήσασθαι.
2928 5426 2990 5477 Οἱ
3017 5425 3114 5494 μὲν
3146 5423 3255 5496 γὰρ
3277 5423 3356 5495 τῷ
3390 5426 3641 5496 τυράννῳ
3667 5426 3783 5484 τοὺς

2213 5508 2407 5572 τόκους
2436 5510 2616 5564 αὐτῶν
2647 5514 3015 5583 χαριζόμενοι,
3052 5516 3237 5583 γυμνά
3263 5533 3323 5569 τε
3355 5517 3449 5569 καὶ
3478 5517 3783 5586 ἀπρονόητα

2215 5594 2294 5663 τῷ
2329 5598 2530 5669 ῥείθρῳ
2554 5601 2623 5652 τὰ
2652 5601 2814 5653 τέκνα
2847 5603 3155 5655 διαδιδὸασι.
3206 5605 3445 5675 Ῥεῑθρον
3470 5605 3525 5656 δὲ
3547 5606 3641 5657 τοῦ
3673 5605 3777 5671 βίοι

2219 5688 2384 5756 φημὶ,
2407 5688 2499 5743 τὸν
2522 5694 2632 5753 τοῖς
2659 5692 2978 5764 ἐπαλλήλοις
3003 5694 3199 5749 πάθεσι
3224 5695 3636 5765 κυματούμενον
3655 5711 3669 5725 ·
3699 5697 3778 5760 ὑφ’
