3890 6350
150 294 251 349 329

1500 290 1583 344 ou
1628 250 1787 344 νιτᾸ
1828 290 2104 348 uorsrs.

3309 303 3415 359 530

149 407 213 468 οὗ
255 412 317 465 τὸ
349 412 408 464 ὲν
462 411 544 482 τῷ
588 412 788 483 ῥείθρῳ
835 412 1148 482 γινόμενον,
1184 411 1511 483 ὑποϐρύχιον
1564 428 1729 464 κατα-

1837 411 1993 466 ηίυηι
2020 412 2230 477 arcula,
2248 427 2318 468 ne
2348 415 2616 470 undarum
2639 415 2845 488 impetu
2860 418 3300 489 submergantur.
3320 422 3415 480 Est

149 503 334 559 δύεταί
362 521 423 557 τε
456 505 552 556 καὶ
583 504 999 573 καταπνίγεται.
1044 505 1107 557 Oi
1141 503 1197 556 δὲ
1238 503 1513 573 σώφρονές
1545 520 1604 555 τε
1637 504 1734 556 καὶ

150 594 501 664 προνοητικοὶ
528 592 862 664 λογισμοὶ,οί
887 595 982 664 τῆς
1006 593 1256 664 ἀνδρείας
1284 594 1446 663 γονῆς
1477 593 1730 664 πατέρες,

145 685 281 738 ὃταν
312 684 575 753 κατάγειν
603 686 740 755 πρὸς
770 685 841 765 τὰ
871 686 970 755 τῆς
1008 683 1151 754 ζωῆς
1185 682 1405 753 κύματα
1442 683 1502 737 τὸ
1529 683 1732 752 ἀγαθὸν

147 776 375 844 ἔκγονον
402 777 436 846 ἡ
463 775 561 829 τοῦ
604 775 719 846 βίου
752 777 964 848 ἀνάγκη
1016 775 1269 846 βιάσηται
1292 817 1307 838 ,
1339 774 1557 845 κιϐωτῷ
1598 775 1733 847 πρὸς

147 865 210 918 τὺ
243 866 320 935 μὴ
353 865 608 932 γενέσθαι
658 865 840 936 βύθιον
886 865 978 918 τὸν
1020 864 1099 934 τῷ
1138 864 1337 936 ῥείθρῳ
1381 864 1601 919 δοθέντα
1630 883 1731 920 κα-

148 955 592 1025 τασφαλίζονται.
626 956 874 1018 Κιϐωτδς
907 956 951 1008 δ’
986 956 1052 1009 ἂν
1094 958 1177 1028 εἴη
1219 958 1283 1009 ἐκ
1312 956 1585 1026 διαφόρων
1638 974 1733 1009 σα-

147 1045 310 1097 νίδων
346 1047 758 1114 συμπεπηγυῖα,
790 1047 822 1116 ἡ
854 1047 918 1098 ὲκ
949 1045 1209 1099 ποικίλων
1235 1044 1573 1115 μαθημάτων
1603 1063 1734 1117 συμ-

149 1136 479 1206 πηγνυμένη
508 1136 823 1201 παίδευσις,
869 1139 902 1206 ἠ
934 1137 1046 1191 ἄνω
1095 1136 1207 1190 τῶν
1253 1137 1509 1208 κυμάτων
1545 1137 1635 1191 τὸν
1664 1139 1731 1191 δι’

148 1226 320 1295 αὐτῆς
351 1227 747 1298 ἐπιφερόμενον
793 1226 888 1280 τοῦ
942 1227 1057 1297 βίου
1111 1228 1404 1297 ἀνέχουσα·
1445 1223 1512 1300 ἦς
1558 1229 1732 1300 ὑπαρ-

147 1316 387 1386 χούσης,
416 1318 537 1370 οὐδὲ
564 1319 655 1370 ἐπὶ
684 1318 817 1371 πολὺ
856 1318 934 1388 τῷ
966 1319 1112 1389 σάλῳ
1145 1318 1255 1372 τῶν
1286 1320 1490 1373 ὑδάτων
1519 1321 1730 1390 ἐμπλαο

148 1407 468 1479 νηθήσεται,
503 1412 622 1473 ταῖς
650 1410 756 1462 τῶν
789 1410 1047 1479 κυμάτων
1072 1412 1268 1480 ὁρμαῖς
1299 1413 1728 1483 συμφερόμενος·

146 1499 265 1550 ἀλλ’
307 1501 404 1551 ἐπὶ
430 1501 525 1553 τοῦ
567 1500 832 1572 σταθεροῦ
870 1504 968 1570 τῆς
997 1501 1195 1571 ὄχθης,
1231 1501 1376 1554 τοῦτ’
1412 1502 1556 1555 ἐστιν
1579 1544 1593 1566 ,
1627 1504 1732 1569 ἔξω

146 1593 236 1643 τοῖ
275 1590 533 1659 βιωτικοῦ
569 1591 729 1645 σάλου
768 1592 1050 1661 γινόμενος
1074 1634 1088 1654 ,
1128 1592 1448 1661 αὐτομάτως
1490 1594 1594 1647 ὑπὸ
1634 1596 1732 1664 τῆς

148 1682 325 1751 φορεῖς
350 1681 456 1733 τῶν
489 1681 694 1735 ὑδάτων
746 1683 879 1753 πρὸς
910 1683 971 1735 τὸ
1006 1683 1275 1754 σταθηρὸν
1323 1684 1728 1755 ἀπωσθήσεται.

1839 509 2022 555 autem
2056 502 2241 555 arcula
2280 504 2442 558 veluti
2472 505 2705 562 diversis
2731 523 2797 561 ex
2827 508 3106 563 asseribus
3131 524 3412 582 compacta

1838 590 2112 654 doctrina,
2157 599 2215 646 ut
2253 594 2508 660 arbitror,
2550 612 2613 650 ea
2663 613 2784 666 qua:
2818 600 3006 653 multis
3043 609 3205 670 atque
3246 607 3415 659 variis

1838 699 1901 738 ex
1920 683 2227 752 disciplinis
2259 686 2312 739 in
2347 702 2512 740 unum
2546 689 2795 752 collecta,
2825 705 2990 759 super
3019 691 3217 748 fluctus
3251 696 3414 765 hujus

1839 776 1963 829 vita:
2015 774 2208 840 fertur,
2258 792 2435 846 neque
2487 778 2733 849 immergi
2788 783 3012 849 patitur,
3063 785 3157 838 sed
3207 787 3409 855 impetu

1837 865 2128 934 exagitata,
2173 866 2389 922 tandem
2441 869 2506 922 ad
2548 870 2799 924 stabilem
2842 872 3016 942 ripam
3061 886 3213 929 extra
3248 876 3413 945 hujus

1838 957 1963 1012 vitae
2020 959 2363 1014 turbationes
2415 960 2656 1013 animum
2700 962 2905 1018 educit.
2952 963 3156 1019 Natura
3193 969 3409 1037 quidem

1837 1050 2082 1118 ipsarum
2119 1065 2299 1105 rerum
2346 1051 2417 1105 ita
2451 1051 2562 1106 fieri
2594 1054 2937 1109 crediderim.
2970 1056 3230 1114 Videmus
3267 1061 3411 1114 enim

1838 1141 2040 1209 reipsa,
2080 1140 2126 1195 si
2174 1141 2299 1210 quis
2334 1142 2541 1197 turbini
2576 1158 2642 1198 ac
2689 1146 2944 1214 procellis
2987 1148 3240 1205 humana:
3292 1152 3414 1207 vita:

1839 1230 2067 1295 resistit,
2115 1246 2216 1285 nec
2247 1246 2307 1287 se
2345 1233 2504 1287 obrui
2552 1236 2776 1304 patitur,
2803 1253 2925 1292 eum
2957 1254 2986 1292 a
3021 1252 3278 1311 corrupta
3312 1243 3412 1296 bo-

1838 1325 2047 1377 minum
2085 1312 2345 1380 societate
2397 1339 2461 1379 ac
2495 1327 2626 1393 vita,
2665 1335 2923 1398 tanquam
2958 1345 3098 1386 onus
3130 1348 3293 1403 grave
3327 1350 3413 1388 re-

1833 1414 1927 1485 jici
1960 1425 2123 1483 atque
2160 1414 2347 1485 repelli
2377 1431 2392 1471 :
2424 1431 2586 1485 quam
2619 1419 2710 1487 qui
2743 1419 3205 1491 ell‘ugit,vagitum
3238 1424 3415 1479 imite—

1840 1512 1931 1579 tur
1959 1503 2178 1574 Moysis,
2229 1520 2329 1560 nec
2364 1507 2621 1578 lacrymis
2663 1520 2875 1579 parcat,
2908 1512 3033 1567 licet
3065 1515 3263 1568 arculte
3294 1531 3414 1569 mu-

1839 1574 2082 1648 nimento
2111 1594 2182 1649 sit
2225 1603 2421 1650 tectus.
2466 1574 2730 1668 Lact‘yma
2769 1574 2913 1655 enim
2959 1601 3131 1657 ﬁdelis
3164 1606 3411 1672 quaedam

1838 1696 2025 1739 custos
2070 1700 2262 1739 eorum
2293 1694 2395 1751 est,
2431 1688 2523 1756 qui
2568 1705 2597 1742 a
2630 1690 2826 1746 virtute
2868 1693 3002 1746 salvi
3047 1693 3203 1748 ﬁunt.
3258 1694 3412 1760 Quod

155 1774 222 1823 ‘0
252 1772 318 1840 δὴ
366 1772 461 1823 καὶ
507 1775 573 1843 τῇ
608 1772 771 1842 πείρᾳ
806 1772 1147 1843 μανθάνομεν
1172 1791 1183 1802 α
1233 1774 1315 1826 ὅτι
1362 1775 1456 1829 καὶ
1500 1777 1626 1839 τοὺς
1659 1775 1732 1846 μὴ

1836 1777 1880 1830 si
1925 1778 2071 1846 regis
2115 1778 2321 1832 sterilis
2373 1779 2504 1842 tilia,
2553 1780 2803 1835 doctrina
2853 1783 3107 1840 videlicet
3152 1788 3410 1852 exterior,

150 1862 768 1933 συνδιαϐαπτιζομένους
796 1863 875 1916 ἔτι
912 1867 1032 1926 ταῖς
1078 1865 1445 1934 ἀνθρωπίναις
1474 1868 1730 1933 ἀπάταις,

148 1953 334 2006 αὐτῶν
355 1952 464 2005 τῶν
494 1954 833 2025 πραγμάτων
864 1955 895 2024 ἡ
919 1954 1149 2016 amns;
1175 1972 1235 2007 τε
1257 1955 1350 2009 καὶ
1380 1956 1732 2026 πεφορημὲνη

149 2046 369 2116 κίνησις
398 2047 489 2112 ἀφ’
519 2048 715 2116 ἑαυτῆς
748 2046 1048 2099 ἀπωθεῖται
1073 2086 1086 2106 ,
1119 2045 1309 2118 ὥσπερ
1342 2065 1394 2099 τι
1433 2047 1598 2117 βάρος
1630 2049 1735 2119 μά·-

148 2153 335 2194 ταιον.
372 2138 496 2202 τοὺς
520 2138 608 2193 διὰ
632 2138 732 2207 τῆς
757 2135 956 2205 ἀρετῆς
995 2135 1343 2205 ἐνοχλοῦντας
1391 2136 1730 2207 λογιζομένη.

160 2225 222 2275 'U
274 2223 335 2276 δὲ
367 2223 473 2275 τῶν
522 2222 775 2276 τοιούτων
807 2222 912 2287 ἔξω
958 2223 1249 2294 γενόμενος
1275 2267 1289 2289 ,
1328 2227 1599 2297 μιμείσθω
1642 2229 1734 2282 τὸν

147 2314 381 2374 Μωσέα,
405 2315 498 2368 καὶ
526 2316 602 2385 μὴ
631 2314 892 2382 φειδέσθω
918 2314 1025 2368 τῶν
1051 2315 1322 2386 δακρύων,
1350 2318 1451 2371 κᾶν
1479 2320 1537 2370 ὲν
1565 2317 1734 2371 κιϐω-

147 2404 229 2474 τῷ
266 2407 779 2477 κατησφαλισμὲνος
806 2408 964 2478 τύχῃ.
1010 2410 1268 2480 Ἀκριϐὴς
1297 2412 1405 2479 γάρ
1427 2413 1602 2482 φύλαξ
1627 2413 1735 2468 τῶν

147 2497 219 2549 δι’
248 2497 450 2567 ἀρετῆς
478 2498 819 2568 σωζομένων,
844 2499 904 2552 τὸ
927 2500 1181 2570 δάκρυον.
1207 2503 1268 2554 Ei
1300 2502 1357 2555 δὲ
1391 2505 1424 2573 ἡ
1456 2504 1647 2573 ἄγονός
1674 2523 1733 2558 τε

150 2588 249 2639 καὶ
300 2592 491 2659 στεῖρα
528 2590 788 2660 βασιλέως
830 2587 965 2644 οὖσα
1001 2592 1245 2664 θυγάτηρ
1298 2595 1405 2664 (ἢν
1449 2591 1601 2665 οἶμαι
1633 2596 1732 2666 τὴν

148 2678 352 2742 ἔξωθεν
405 2681 609 2751 κυρίως
640 2681 872 2736 νοεῖσθαι
918 2681 1730 2757 φιλοσοφίαν),ὑποϐαλλομένη

150 2770 243 2822 τὸν
270 2770 390 2823 νέον
410 2811 425 2833 ,
463 2774 645 2843 μήτηρ
675 2772 770 2825 τοῦ
819 2773 1059 2826 τοιούτου
1095 2773 1360 2844 κληθῆναι
1388 2778 1730 2830 κατασκευά-

150 2874 326 2911 σειεν⁶
354 2859 459 2922 ἕως
486 2861 605 2913 τότε
640 2864 910 2931 συγχωρεῖ
935 2862 963 2912 ὁ
987 2861 1144 2929 λόγος
1171 2862 1246 2933 μὴ
1270 2864 1602 2917 ἀπωθεῖσθαι
1635 2866 1732 2936 τὴν

1832 1883 1953 1938 qua:
1996 1883 2213 1938 semper
2266 1868 2522 1939 parturit,
2566 1880 2619 1925 et
2665 1888 2945 1943 nunquam
3005 1877 3183 1929 vivum
3232 1877 3413 1932 educit

1831 1966 2071 2029 partum,
2108 1973 2231 2028 quae
2257 1961 2465 2037 nullum
2496 1978 2734 2032 unquam
2772 1965 2937 2019 tantis
2966 1966 3243 2023 laboribus
3276 1984 3411 2023 con-

1832 2050 2057 2118 dignum
2092 2048 2328 2104 fructum
2356 2052 2629 2120 produxit,
2658 2071 2778 2124 qua:
2807 2066 3018 2111 uterum
3051 2058 3219 2123 inﬂat,
3252 2063 3409 2130 quasi

1834 2142 2054 2210 aliquod
2084 2142 2266 2195 vivum
2301 2145 2596 2213 prolatura.
2624 2155 2678 2201 et
2706 2149 2926 2203 tandem
2972 2151 3292 2220 imperfecta
3324 2162 3408 2206 at-

1833 2246 1939 2300 que
1968 2232 2204 2294 inutilia,
2262 2237 2580 2305 priusquam
2610 2237 2677 2290 ad
2724 2239 2901 2294 lucem
2949 2242 3274 2310 cognitionis
3317 2243 3409 2298 Dei

1831 2322 2172 2391 perveniant.
2212 2324 2405 2377 abortu
2436 2325 2568 2392 edit,
2601 2326 2654 2380 in
2699 2328 2867 2382 tilium
2911 2330 3087 2400 ipsum
3119 2333 3412 2401 adeptave-

1832 2412 1926 2474 rit,
1963 2427 2208 2483 eousque
2241 2430 2298 2467 se
2340 2414 2488 2470 falsa:
2532 2419 2722 2473 matris
2753 2420 2922 2474 ﬁlium
2962 2423 3045 2475 vir
3072 2422 3247 2478 bonus
3288 2439 3413 2492 pro-

1824 2505 2116 2568 'ﬁtebitur,
2170 2523 2458 2577 quousque
2526 2510 2896 2580 imperfectior
2948 2525 3113 2585 atque
3172 2519 3414 2572 tenerior

1841 2605 1974 2651 aetas
2000 2600 2091 2652 sit.
2134 2599 2236 2664 Qui
2271 2615 2400 2654 vero
2431 2600 2497 2654 ad
2529 2605 2788 2672 majorem
2825 2607 2936 2675 jam
2981 2617 3190 2663 aetatem
3220 2625 3411 2679 perve-

1843 2688 2006 2752 nerit,
2044 2697 2103 2742 ut
2132 2690 2199 2744 de
2236 2689 2419 2762 Moyse
2448 2694 2836 2761 intelleximus,
2879 2714 3003 2752 eum
3034 2700 3257 2769 pudebit
3292 2700 3411 2769 ejus

1843 2793 1901 2832 se
1928 2777 2066 2834 falso
2096 2779 2265 2833 ﬁlium
2293 2783 2574 2851 appellari,
2610 2801 2730 2854 quae
2752 2790 3074 2844 naturaliter
3098 2792 3300 2846 sterilis
3331 2800 3414 2845 at-

1841 2884 1947 2936 que
1982 2869 2160 2925 inanis
2194 2878 2296 2935 est,
2332 2872 2437 2926 nisi
2469 2875 2686 2928 tandem
2714 2892 2840 2931 vera
2871 2878 3116 2934 foveatur
3140 2881 3410 2937 doctrina.

145 2951 248 3020 τῆς
278 2952 632 3024 ψευδωνύμου
670 2956 873 3025 μητρὸς
900 2956 1225 3025 οἰκειότητα,
1273 2957 1377 3020 ἓως
1408 2959 1473 3012 ἄν
1501 2976 1585 3022 τις
1624 2962 1683 3013 τὺ
1712 2961 1899 3025 ἀτελὲς
1928 2963 2028 3032 τῆς
2054 2964 2273 3034 ἡλικίας
2301 2968 2358 3019 ἐν
2381 2968 2558 3039 ἑαυτῷ
2589 2969 2781 3043 βλέπῃ.
2825 2972 2880 3026 Ὀ
2913 2974 2968 3027 δὲ
2995 2976 3125 3047 πρὸς
3161 2976 3291 3046 ὕψος
3312 2976 3412 3048 ἤδη

147 3046 504 3115 ἀναδραμὼν,
534 3045 609 3107 ὡς
638 3048 765 3115 περὶ
791 3046 884 3099 τοῦ
916 3048 1161 3110 Μωσέως
1183 3048 1482 3119 ἐμάθομεν,
1511 3050 1771 3121 αἰσχύνην
1803 3054 2066 3124 ἡγήσεται
2111 3056 2209 3125 τῆς
2252 3058 2393 3110 κατὰ
2442 3058 2602 3128 φύσιν
2641 3060 2837 3133 ἀγόνρυ
2873 3068 3001 3128 παῖς
3034 3045 3408 3135 όνομάζεσθαιξ

149 3140 383 3206 Ἂγονος
418 3134 526 3205 γὰρ
558 3136 632 3199 ὡς
673 3136 885 3205 ἀληθῶς
908 3137 941 3204 ἡ
967 3134 1165 3201 ἔξωθεν
1213 3139 1495 3202 παίδευσις
1519 3182 1530 3203 ,
1560 3141 1647 3193 ἀεὶ
1679 3140 1961 3204 ὠδίνουσα,
2002 3144 2097 3196 καὶ¹
2140 3146 2406 3216 μηδέποτε
2448 3148 2787 3217 ζωογονοῦσα
2819 3153 2897 3223 τῷ
2938 3156 3097 3229 τόκῳ.
3132 3134 3267 3215 ΫΤίνα
3308 3163 3414 3233 γὰρ

143 3228 315 3293 ἔδειξε
350 3227 561 3298 καρπὸν
602 3226 710 3279 τῶν
745 3226 970 3297 μακρῶν
1003 3226 1206 3278 ὠδίνων
1241 3229 1273 3296 ὴ
1310 3228 1624 3297 φιλοσοφία,
1681 3228 1791 3282 τῶν
1840 3231 2111 3285 τοσούτων
2154 3251 2209 3287 τε
2261 3238 2353 3289 καὶ
2391 3237 2644 3290 τοιούτων
2684 3240 2832 3308 ἄξιον
2877 3244 3094 3314 πόνων;
3127 3251 3185 3302 ού
3216 3254 3417 3313 πάντες

146 3322 446 3394 ὑπηνέμιοί
490 3339 546 3374 τε
583 3323 676 3374 καὶ
726 3321 1165 3392 ἀτελεσφόρητοι,
1219 3324 1346 3392 πρὶν
1388 3325 1466 3386 είς
1506 3324 1567 3376 τὸ
1610 3324 1725 3392 φῶς
1760 3325 1933 3380 ἐλθεῖν
1972 3331 2071 3399 τῆς
2104 3330 2432 3398 θεογνωσίας
2458 3373 2472 3396 ,
2510 3333 2935 3405 ἀμϐλίσκονται;
2968 3342 3249 3416 δυνάμενοι
3288 3351 3417 3414 ἴσως

145 3418 403 3490 γενέσθαι
443 3417 716 3487 ἅνθρωποι
739 3457 753 3477 ,
781 3419 827 3468 εί
861 3418 935 3487 μὴ
965 3417 1137 3470 διόλου
1168 3420 1277 3481 τοῖς
1303 3419 1523 3482 κόλποις
1551 3421 1647 3489 τῆς
1676 3421 1869 3489 άγόνου
1902 3424 2093 3492 σοφίας
2132 3427 2580 3483 ὲνεκαλύπτοντο.

208 3507 422 3562 Οὐκοῦν
455 3508 705 3561 τοσοῦτόν
728 3525 810 3571 τις
832 3512 897 3579 τῇ
921 3508 1350 3576 τῶνΑἰγυπτίων
1372 3508 1601 3579 βασιλίδι
1634 3529 1728 3564 συ-

1906 3513 2087 3580 Quare
2145 3527 2354 3573 tantum
2414 3520 2795 3593 Egyptiorum
2857 3530 3120 3585 assidebit
3177 3538 3412 3607 reginae,

147 3597 328 3669 ζήσας
350 3638 365 3659 ,
392 3599 515 3650 ὅσον
559 3598 631 3667 μὴ
664 3599 840 3651 δοκεῖν
878 3599 1106 3668 ἄμοιρος
1131 3595 1270 3652 εἶναι
1300 3599 1409 3653 τῶν
1435 3603 1565 3671 παρ’
1595 3601 1735 3653 ὲκεί-

147 3707 265 3752 νοις
294 3688 535 3758 σεμνῶν,
565 3688 947 3760 ἀναδραμείτω
988 3690 1118 3760 πρὸς
1152 3691 1249 3760 τὴν
1281 3690 1420 3745 κατὰ
1447 3692 1607 3760 φύσιν
1640 3710 1738 3761 μη-

147 3781 286 3850 τέρα
310 3820 326 3841 ,
354 3774 420 3850 ἦς
447 3779 565 3832 οὐδὲ
596 3781 747 3851 παρά
782 3784 846 3853 τῇ
883 3781 1114 3851 βασιλίδι
1146 3785 1478 3853 τρεφόμενος
1511 3783 1738 3853 ἀπεσχί-

152 3872 292 3940 σθη,
334 3870 411 3940 τῷ
449 3870 687 3940 μητρώῳ
726 3872 998 3939 γάλακτι,
1032 3872 1210 3934 καθὼς
1251 3875 1283 3942 ἡ
1322 3873 1528 3942 ἱστορία
1579 3872 1734 3942 φησὶ,

146 3962 559 4033 τιθηνούμενος.
584 3963 764 4034 Ὅπερ
815 3981 903 4033 μοι
935 3964 1080 4016 δοκεῖ
1110 3963 1381 4016 διδάσκειν
1407 4002 1420 4022 ,
1454 3961 1518 4015 ἵν’
1547 3965 1594 4014 εἰ
1623 3965 1735 4025 τοῖς

150 4052 356 4119 ἔξωθεν
384 4053 563 4121 λόγοις
595 4052 1020 4124 καθομιλοίημεν
1052 4056 1111 4105 ὲν
1144 4054 1221 4123 τῷ
1271 4053 1446 4125 καιρῷ
1475 4056 1574 4124 τῆς
1608 4072 1733 4106 παι-

150 4144 418 4207 δεύσεως,
452 4144 526 4215 μὴ
559 4144 882 4215 χωρίζεσθαι
911 4145 1002 4198 τοῦ
1034 4145 1432 4215 ὑποτρέφοντος
1461 4145 1609 4214 ἡμᾶς
1638 4146 1735 4215 τῆς

161 4234 495 4304 Ἐκκλησίας
526 4234 813 4301 γάλακτος.
849 4235 1020 4287 Τοῦτο
1065 4234 1122 4286 δ’
1167 4232 1233 4286 ἂν
1265 4234 1348 4305 εἴη
1379 4276 1392 4295 ,
1430 4234 1498 4287 τὰ
1526 4234 1735 4305 νόμιμά

149 4343 209 4377 τε
240 4326 339 4380 καὶ
366 4325 435 4377 τά
463 4324 566 4396 ἢθη
596 4328 695 4394 τῆς
745 4324 1099 4395 Ἑκκλησίας,
1130 4321 1211 4386 οἷς
1240 4326 1498 4395 τρέφεται
1527 4329 1559 4393 ή
1591 4327 1734 4395 ψυχὴ

149 4420 245 4471 καὶ
270 4418 580 4488 ἀδρύνεται,
621 4417 865 4470 ἐντεῦθεν
891 4418 989 4487 τῆς
1021 4418 1098 4479 εἰς
1126 4416 1255 4483 ὕψος
1292 4417 1601 4487 ἀναδρομῆς
1635 4417 1735 4479 τὰς

148 4510 405 4580 ἀφορμὰς
451 4509 735 4577 δεχομένη.
780 4507 1010 4577 Ἀληθὴς
1036 4508 1091 4559 δὲ
1125 4507 1153 4558 ὁ
1184 4507 1339 4574 λόγος
1358 4549 1371 4567 ,
1403 4508 1483 4559 ὅτι
1517 4507 1610 4559 δύο
1638 4524 1734 4559 πο-

148 4602 358 4669 λεμίων
388 4599 552 4669 μέσος
577 4600 884 4668 γενήσεται,
918 4600 945 4648 ὁ
978 4598 1114 4667 πρὸς
1147 4597 1215 4650 τὰ
1240 4596 1438 4660 ἔξωθεν
1463 4598 1728 4667 δόγματα,

151 4691 246 4741 καὶ
277 4688 355 4756 μὴ
392 4689 459 4739 τά
488 4688 712 4757 πάτρια,
750 4687 981 4755 βλέπων.
1027 4686 1367 4738 Ἀνθίσταται
1396 4687 1503 4757 γάρ
1529 4690 1558 4740 ὁ
1592 4688 1732 4740 κατά

147 4777 247 4848 τὴν
273 4775 576 4847 θρησκείαν
607 4776 901 4842 ἀλλόφυλος
929 4775 1007 4843 τῷ
1039 4774 1270 4843 Ἑϐραίῳ
1298 4775 1440 4843 λόγῳ
1462 4817 1473 4833 ,
1519 4776 1732 4846 ἰσχυρό-

1838 3614 2103 3674 quantum
2149 3625 2287 3679 opus
2320 3613 2435 3665 erit”
2472 3615 2537 3668 ad
2574 3617 2715 3672 hanc
2763 3618 3074 3676 inferiorem
3107 3624 3412 3683 doctrinam

1839 3699 2263 3768 percipiendam,
2297 3718 2365 3756 ne
2396 3706 2618 3760 omnino
2652 3724 2844 3778 expers
2880 3712 3238 3771 humanorum
3270 3737 3412 3790 prte-

1837 3794 2119 3854 ceptorum
2160 3806 2285 3845 esse
2327 3792 2609 3863 videatur;
2649 3797 2844 3855 deinde
2874 3802 2938 3855 ad
2984 3807 3257 3874 propriam
3292 3826 3412 3867 ma-

1838 3884 1972 3930 trem
2010 3886 2156 3935 totus
2202 3893 2467 3947 recurret,
2510 3905 2672 3959 quant
2709 3893 2789 3945 vel
2824 3897 3043 3962 quando
3088 3900 3291 3956 sterilis
3324 3919 3412 3958 re—

1835 3968 1972 4036 gime
2016 3969 2159 4026 ﬁlius
2210 3975 2521 4042 putabatur,
2560 3995 2668 4034 non
2719 3985 2940 4039 omnino
2995 3989 3307 4059 reliquerat.
3359 3994 3411 4047 Id

1837 4058 1981 4112 enim
2031 4062 2161 4115 mihi
2198 4064 2412 4119 videtur
2455 4068 2683 4124 historia
2727 4074 2886 4130 nobis
2925 4077 3252 4147 signiﬁcare,
3286 4099 3419 4138 cum

1838 4151 2037 4203 asserit
2070 4156 2262 4210 matris
2294 4161 2528 4227 propriae
2573 4161 2713 4217 lacte
2744 4163 2961 4237 Moysen
2992 4171 3132 4239 apud
3165 4176 3408 4244 reginam

1838 4238 2332 4311 fuisse'nutritum,
2386 4260 2640 4318 oportere
2666 4268 2790 4317 nos,
2824 4274 2946 4312 cum
2978 4238 3326 4329 profanorum
3355 4268 3413 4320 li-

1838 4327 1965 4383 bros
1996 4341 2236 4401 tempore
2264 4336 2623 4395 institutionis
2649 4352 2848 4399 nostra:
2876 4327 3174 4417 versamus,
3208 4369 3237 4406 a
3272 4356 3412 4411 lacte

1838 4422 2069 4478 nutricis
2106 4434 2306 4480 nostrae
2340 4428 2592 4487 Ecclesiae
2623 4436 2843 4492 minime
2871 4443 3135 4508 separari,
3168 4443 3269 4499 hoc
3303 4454 3408 4507 est,

1838 4507 2112 4573 instituta,
2157 4529 2337 4570 mores
2375 4530 2426 4572 et
2456 4526 2883 4582 consuetudines
2913 4528 3186 4590 Ecclesire.
3208 4536 3409 4603 quibus

1838 4599 2003 4651 alitur
2037 4602 2253 4655 animus
2280 4613 2331 4656 et
2350 4611 2759 4677 corroboratur,
2780 4614 3012 4685 indeque
3041 4621 3202 4677 altius
3226 4599 3411 4678 ascen-

1835 4688 1994 4743 dendi
2038 4699 2217 4759 captat
2258 4699 2626 4768 occasionem,
2672 4704 2982 4774 perdiscere
3022 4720 3186 4782 atque
3222 4716 3411 4772 obser-

1837 4794 1984 4833 vare.
2029 4780 2238 4838 inimici
2289 4786 2399 4840 duo
2442 4790 2582 4845 inter
2633 4810 2692 4849 se
2725 4780 3110 4868 colluctantes,
3151 4804 3412 4864 Hebraaus

147 4842 308 4937 τερος
342 4868 569 4935 φανῆναι
597 4864 690 4918 τοῦ
727 4865 1057 4937 Ἰσραηλίτου
1091 4864 1425 4931 φιλονεικῶν.
1468 4867 1573 4918 Καὶ
1609 4866 1731 4918 πολ-

2634 4842 2687 4849 ε,
2730 4842 3106 4868 -...._-......W,
3151 4842 3408 4864 ..νυ-σευ,

1836 4879 2001 4940 atque
2036 4871 2343 4945 Egyptius,
2387 4880 2530 4933 inter
2553 4899 2690 4951 quos
2731 4890 2943 4946 medius
2975 4894 3147 4949 factus
3175 4895 3408 4968 Moyses.

149 4958 264 5020 λοῖς
307 4973 371 5025 γε
397 4956 505 5008 τῶν
535 4955 991 5024 ὲπιπολαιοτέρων
1016 4954 1255 5016 τοιοῦτος
1286 4953 1461 5020 ἔδοξεν
1485 4996 1499 5020 ,
1535 4956 1584 5007 οἳ
1629 4974 1728 5009 κα-

148 5044 470 5109 ταλιπόντες
506 5046 605 5116 τὴν
638 5045 896 5117 πατρῴαν
925 5045 1106 5097 πίστιν
1127 5085 1142 5106 ,
1172 5044 1250 5113 τῷ
1280 5044 1456 5114 ἐχθρῷ
1496 5046 1730 5116 συνεμά-

148 5156 347 5207 χησαν,
366 5202 371 5207 _
389 5136 701 5206 παραϐάται
729 5136 827 5205 τῆς
855 5135 1087 5206 πατρίου
1122 5135 1469 5198 διδασκαλίας
1503 5139 1728 5205 γενόμε-

160 5246 250 5281 ιοι.
269 5229 334 5279 '0
362 5225 543 5296 μέντοι
566 5225 707 5277 κατά
724 5225 815 5276 τὸν
849 5223 1054 5277 Μωσὲα
1084 5223 1255 5293 μέγας
1280 5241 1337 5275 τε
1367 5225 1460 5276 καὶ
1489 5228 1734 5292 γενναῖος

149 5318 247 5389 τὴν
275 5316 477 5385 ψυχὴν.
501 5313 694 5382 νεκρὸν
726 5312 1073 5366 ἀποδείκνυσι
1099 5315 1165 5383 τῇ
1198 5315 1324 5382 παρ’
1359 5313 1522 5367 αὐτοῦ
1550 5316 1730 5387 πληγῇ

149 5406 237 5458 τὸν
264 5404 343 5475 τῷ
370 5404 518 5473 λόγῳ
547 5404 647 5472 τῆς
689 5402 967 5465 εὐσεϐείας
1007 5403 1473 5472 ἁντεγειρόμενον.
1508 5406 1616 5457 Καὶ
1643 5408 1734 5460 ἄλ-

148 5498 253 5559 ὶως
285 5495 512 5553 ram;
542 5492 694 5563 εὖροι
736 5493 835 5563 τὴν
862 5493 1118 5562 τοιαύτην
1140 5494 1199 5545 ὲν
1225 5494 1357 5563 ἡμῖν
1381 5495 1577 5565 μάχην.
1615 5499 1733 5551 Μέ-

152 5604 239 5649 co;
268 5587 376 5656 γὰρ
402 5585 432 5637 ὁ
464 5584 751 5654 ἄνθρωπος
788 5578 898 5635 οἷόν
928 5601 981 5637 τι
1017 5583 1249 5637 ἔπαθλον
1278 5586 1487 5653 ἀγῶνος
1525 5594 1637 5653 τοῖς
1669 5594 1733 5645 ἐκ

149 5682 234 5735 τοῦ
264 5681 513 5735 ἐναντίου
568 5674 1053 5746 μεταποιουμένοις
1099 5676 1416 5750 πρόκειται·
1459 5682 1550 5733 καὶ
1581 5675 1732 5754 ᾧπερ

415 5775 696 5833 Pyrum“
743 5771 859 5829 (in.
890 5770 1105 5830 XLIV.

1837 4977 1963 5015 cum
1997 4979 2093 5019 eos
2140 4969 2437 5025 conciliare
2486 4989 2596 5028 non
2631 4981 2921 5047 potuisset,
2970 4984 3284 5057 Egyptiutn
3321 4993 3409 5045 in-

1841 5053 2052 5108 terfecit
2085 5074 2096 5107 :
2125 5058 2297 5125 pietas
2329 5074 2458 5115 sunt
2496 5076 2661 5134 atque
2689 5069 2959 5140 impietas.
2985 5053 3222 5133 Primam
3259 5080 3410 5135 Scri-

1840 5149 2013 5210 ptura:
2059 5159 2229 5201 sacrae
2266 5164 2363 5218 per
2403 5149 2688 5212 llebrmum
2730 5160 3047 5231 significata:
3078 5167 3408 5237 instituunt;

1832 5235 2058 5289 alteram
2094 5240 2375 5297 sacularis
2413 5258 2477 5298 ac
2520 5250 2761 5303 exterior
2805 5253 3053 5309 doctrina
3095 5260 3253 5327 nugis
3292 5274 3409 5315 SUlS

1833 5325 2095 5392 insinuat,
2145 5347 2266 5398 qua:
2300 5331 2526 5390 Iudaica
2569 5341 2845 5396 robustior
2879 5360 3138 5414 apparere
3176 5325 3410 5404 conten-

1832 5414 1929 5470 dit.
1964 5416 2028 5469 Et
2051 5436 2182 5475 vero
2205 5426 2394 5479 multis
2428 5426 2724 5486 levioribus
2749 5433 3060 5491 hominibus
3096 5440 3215 5495 talis
3257 5442 3409 5495 vide-

1835 5515 1946 5571 tur,
1999 5512 2094 5580 qui
2146 5521 2362 5583 patrum
2401 5517 2504 5571 ﬁde
2552 5522 2796 5591 neglecta
2839 5524 3075 5579 hostium
3127 5545 3186 5583 se
3234 5535 3409 5601 copiis

1838 5603 2199 5661 auxiliaribus
2246 5607 2639 5674 adjunxeruut,
2685 5619 2847 5680 atque
2892 5630 2921 5668 a
2958 5619 3223 5686 majorum
3274 5639 3407 5677 suo-

1842 5705 1961 5742 rum
1998 5692 2246 5748 doctrina
2288 5695 2605 5751 defecerunt
2639 5719 2651 5750 :
2689 5701 2782 5755 sed
2814 5704 2906 5771 qui
2940 5721 3133 5776 magno
3167 5719 3221 5763 et
3248 5726 3415 5781 gene-

2979 5801 3043 5857 11
