3890 6354
473 303 571 360 531

1706 296 1760 350 S.
1792 292 2116 348 GBEGORII
2162 291 2449 347 NYSSENI

3619 298 3714 350 33"!

478 430 608 472 roso
646 422 730 470 est
764 414 968 474 animo.
1011 421 1170 482 atque
1196 411 1415 481 Moysen
1454 410 1720 471 innitatur,
1759 410 1902 462 illam
1940 423 2050 462 uno

2174 411 2219 459 ιν
2270 408 2568 480 προστεθῇ,
2620 406 2805 460 τοῦτον
2853 408 3075 478 νικητήν
3131 405 3223 462 τοῦ
3271 408 3516 461 ἐναντίου
3566 414 3718 469 ποιεί,

481 505 592 558 ictu
633 504 987 558 reluctantem
1028 501 1245 563 occidit,
1296 514 1394 554 nec
1434 500 1694 553 adversus
1748 499 2048 569 piissimam

484 593 642 648 fidem
677 593 960 661 insurgere
985 593 1158 662 ipsam
1186 592 1411 660 patitur,
1445 604 1755 659 quanquam
1783 588 1949 643 etiam
1980 589 2052 640 la-

480 685 594 739 tius
632 683 683 738 id
729 684 976 754 accipere
1005 697 1105 751 pro
1147 683 1296 736 omni
1341 682 1542 734 virtute
1582 695 1645 732 ac
1692 679 1820 732 vitio
1873 679 2047 747 possi-

2153 496 2263 552 οἷον
2293 500 2702 569 εἰδωλολατρεία
2734 501 2826 552 καὶ
2860 498 3134 553 θεοσέϐεια
3160 539 3174 562 ,
3205 500 3471 554 ἀκολασία
3512 503 3604 553 καὶ
3631 518 3724 554 σω-

2156 591 2392 661 φροσύνη
2415 632 2428 653 ,
2457 589 2769 658 δικαιοσύνη
2807 590 2901 642 καὶ
2935 589 3117 643 ἀδικία
3142 630 3155 652 ,
3187 590 3352 658 τύφος
3381 592 3477 643 καὶ
3519 592 3726 660 μετριο-

2154 700 2250 750 της
2275 723 2288 744 ,
2322 684 2413 735 καὶ
2452 682 2625 734 πάντα
2653 680 2718 732 τά
2746 681 2802 746 ἐξ
2823 681 3104 734 ἀντιθέτου
3129 682 3414 751 νοούμενα,
3434 683 3726 749 Αἰγυπτίου

482 789 628 828 mus.
661 777 752 829 Est
793 772 940 826 enim
971 773 1126 841 quasi
1157 773 1372 826 medius
1405 772 1547 824 inter
1570 769 1838 838 justitiam
1873 783 1935 821 ac
1970 771 2052 820 in-

2174 774 2295 834 τινὸς
2331 773 2587 842 ἄντικρύς
2633 775 2748 825 ἐστι
2798 773 2934 842 πρὸς
2977 773 3224 842 Ἐὗραϊον
3279 774 3446 841 μάχη.
3482 773 3728 825 Παιδεύει

418 935 424 946 ⁸
478 863 773 931 justitiam,
815 863 1085 915 luxuriam
1116 871 1278 931 atque
1308 861 1650 921 modestiam,
1693 859 2047 912 humilitatem

415 952 423 974 ⁸
484 957 647 1020 atque
674 951 1006 1018 superbiam,
1045 961 1348 1016 (veteraque
1377 948 1712 1018 liujusmodi,
1744 947 2053 1016 propositus

475 1041 668 1095 homo.
703 1038 865 1094 Docet
895 1039 1061 1110 igitur
1091 1055 1192 1094 nos
1228 1040 1478 1109 exemplo
1507 1054 1608 1093 suo
1648 1036 1881 1106 Moyses,
1911 1035 2054 1088 radi-

487 1132 628 1185 citus
668 1131 903 1186 tollenda
941 1146 1063 1184 esse
1092 1131 1242 1193 vitia,
1281 1145 1401 1199 quae
1434 1131 1614 1183 virtuti
1648 1130 2008 1182 adversantur
2040 1169 2050 1178 .

488 1224 740 1278 virtutem
778 1229 958 1276 autem
1001 1231 1261 1292 tanquam
1293 1229 1500 1275 natura:
1536 1229 1736 1273 nostra:
1765 1225 2054 1271 consenta-

2151 865 2331 918 τοίνυν
2365 867 2512 933 ἡμᾶς
2555 867 2584 916 ὁ
2613 866 2816 933 Μωσῆς
2845 865 2924 932 τῷ
2963 863 3084 916 καθ’
3129 864 3316 916 ἑαυτὸν
3351 863 3726 932 ὑποδείγματι,

2157 955 2505 1007 συνίστασθαι
2542 955 2638 1024 μὲν
2667 955 2741 1017 ὡς
2771 954 3027 1024 ὁμοφύλῳ
3055 957 3119 1024 τῇ
3158 955 3361 1024 ἀρετῇ,
3395 955 3645 1023 ἀναιρεῖν
3679 955 3729 1006 δὲ

2156 1046 2244 1098 τὸν
2273 1049 2334 1098 ὲκ
2356 1045 2445 1099 τοῦ
2479 1046 2719 1097 ἐναντίου
2747 1048 2810 1114 τῇ
2842 1046 3008 1114 ἀρετῇ
3051 1042 3466 1113 ἐπεμϐαίνοντα.
3503 1044 3595 1113 Τῷ
3627 1044 3730 1095 ὄντι

2157 1137 2262 1207 γὰρ
2289 1139 2320 1205 ἠ
2348 1139 2446 1206 τῆς
2476 1136 2757 1198 εὐσεϐείας
2800 1135 3159 1206 ἐπικράτησις
3183 1173 3196 1197 ,
3241 1133 3472 1196 θάνατος
3504 1135 3598 1188 xui.
3635 1134 3736 1186 δια-

2159 1229 2334 1298 φθορά
2361 1231 2459 1298 τῆς
2484 1228 2920 1297 είδωλολατρείας
2950 1226 3176 1294 γίνεται.
3213 1225 3370 1279 Οὕτω
3394 1227 3497 1278 καὶ·
3519 1225 3610 1278 διά
3643 1228 3735 1296 τῆς

487 1329 643 1370 neam
671 1313 1102 1384 amplectendam
1148 1328 1270 1368 esse
1299 1322 1462 1382 atque
1505 1310 1809 1364 fovendam.
1850 1307 2055 1360 Revera

2174 1320 2498 1390 ἱικαιοσύνης
2525 1321 2826 1389 ἀναιρεῖται
2861 1317 3071 1370 ἀδικία·
3118 1318 3212 1371 καὶ
3244 1319 3307 1386 τῇ
3348 1317 3668 1387 μετριότητι
3712 1321 3737 1369 ὁ

483 1405 634 1461 enim
674 1404 893 1474 pietatis
919 1403 1147 1458 victoria
1178 1412 1409 1458 mortem
1437 1412 1488 1457 et
1514 1403 1791 1455 interitum
1825 1399 2055 1452 idolola-

486 1493 609 1548 triae
639 1508 827 1548 secum
863 1493 1049 1547 trahit.
1089 1491 1179 1546 Sic
1210 1500 1262 1546 et
1295 1492 1564 1561 injustitia
1602 1506 1694 1559 per
1720 1489 1988 1558 justitiam
2028 1502 2058 1540 c

488 1585 670 1640 medio
704 1584 936 1649 tollitur,
966 1593 1018 1638 et
1052 1599 1145 1652 per
1175 1583 1497 1638 modestiam
1551 1583 1722 1634 I‘astus
1767 1576 2054 1633 occiditur.

490 1674 624 1730 liixa
657 1687 784 1728 vero
809 1686 931 1742 quae
970 1671 1110 1726 inter
1141 1670 1358 1726 Judaeos
1401 1671 1540 1724 facta
1599 1669 1774 1724 sedari
1813 1685 1840 1721 a
1878 1667 2058 1737 Moyse

2158 1412 2321 1479 τῦφος
2351 1409 2798 1479 καταφονεύεται.
2831 1408 2994 1461 Ἀλλά
3023 1409 3115 1461 καὶ
3149 1409 3312 1477 ἡτῶν
3343 1408 3628 1477 ἐμφυλίων
3655 1411 3738 1459 καὶ

2159 1503 2296 1574 πρὸς
2323 1501 2581 1571 ἀλλήλους
2623 1501 2812 1564 στάσις
2838 1541 2852 1564 ,
2890 1500 2983 1553 καὶ
3017 1501 3074 1552 ἐν
3109 1502 3241 1569 ἡμῖν
3268 1499 3496 1566 γίνεται.
3531 1500 3608 1550 0.3
3638 1499 3737 1565 γὰρ

2160 1594 2226 1647 ἂν
2256 1595 2310 1645 ul
2359 1592 2466 1644 τῶν
2515 1591 2767 1661 πονηρῶν
2818 1592 3083 1660 αἱρέσεων
3113 1590 3530 1659 δογματοποιῖαι
3564 1588 3737 1659 χώραν

2164 1683 2354 1752 ἔσχον,
2392 1681 2468 1751 μὴ
2509 1683 2586 1744 είς
2627 1679 2922 1733 ἀντίπαλον
2970 1676 3122 1742 τάξιν
3167 1678 3274 1730 τῶν
3321 1678 3605 1748 λογισμῶν
3636 1682 3745 1756 τοῖς

489 1781 598 1821 non
630 1765 828 1836 potuit,
878 1771 1190 1817 nostrorum
1233 1770 1363 1818 sunt
1398 1763 1463 1816 dc
1496 1762 1842 1832 dogmatibus
1873 1760 2058 1815 Eccle-

2174 1773 2544 1842 ἀληθεστέροις
2583 1772 3018 1824 ἀντιὸαινόντων.
3061 1771 3187 1824 Ἐάν
3226 1768 3321 1824 οῦν
3367 1771 3741 1840 ἀσθενέστεροι

491 1860 585 1916 site
616 1856 1049 1913 colluctationes.
1088 1853 1205 1909 Non
1235 1856 1377 1909 enim
1414 1855 1595 1924 pravis
1643 1854 1926 1907 haeresium
1961 1852 2060 1905 do-

491 1949 765 2019 gmatibus
800 1948 952 2002 locus
996 1954 1164 2009 esset,
1213 1945 1316 2000 nisi
1363 1946 1504 1999 inter
1541 1961 1635 1999 eos
1669 1945 1761 2014 qui
1795 1943 2060 1998 veriorem

489 2039 805 2110 religionem
856 2037 1202 2110 profitentur,
1262 2037 1549 2106 opiniones
1596 2035 1738 2088 inter
1794 2049 1854 2087 se
1914 2033 2064 2085 velut

491 2132 610 2188 acie
633 2133 889 2202 utrinque
917 2137 1124 2185 structa
1159 2127 1572 2183 contenderent.
1604 2125 1661 2179 Si
1695 2126 1860 2196 igitur
1896 2124 2062 2178 imbe—

491 2225 734 2280 cilliores
763 2222 1048 2285 fuerimus,
1081 2234 1242 2291 quam
1295 2227 1354 2273 ut
1388 2217 1672 2288 justiorem
1712 2231 1935 2271 causam
1982 2214 2064 2268 vi-

489 2316 716 2373 ctricem
754 2313 984 2369 reddere
1015 2311 1312 2383 possimus,
1340 2307 1484 2377 quod
1513 2309 1749 2362 deterior
1777 2320 2065 2376 argumen-

498 2410 570 2462 tis
605 2405 858 2476 superior
904 2403 995 2464 sit,
1045 2409 1099 2454 et
1151 2401 1401 2454 veritatis
1441 2399 1728 2467 imperium
1779 2397 2063 2458 detrectet,

497 2496 812 2566 fugiendum
861 2492 1111 2564 protinus
1170 2489 1236 2544 ad
1273 2487 1652 2543 sublimiorem
1700 2492 2069 2542 sacramenta-

498 2589 715 2656 lemque
749 2584 1078 2647 doctrinam,
1109 2598 1172 2639 ac
1199 2582 1516 2651 alienigenae
1542 2594 1754 2641 rursus,
1795 2578 1840 2634 si
1870 2594 1959 2633 res
1996 2579 2069 2630 ita

499 2679 663 2748 cogit,
701 2676 753 2730 id
782 2683 887 2740 est,
916 2675 1162 2731 saaculari
1191 2672 1476 2735 doctrinae,
1524 2685 1817 2741 parumper
1849 2669 2069 2723 cohabi-

495 2770 744 2833 tandum,
776 2775 836 2822 ut
883 2781 1080 2836 pravos
1128 2772 1376 2836 pastores
1411 2779 1440 2816 a
1481 2761 1660 2832 puteis
1704 2761 2066 2831 expellamus,

496 2866 748 2914 versutos
780 2854 1030 2912 videlicet
1071 2853 1170 2910 hos
1209 2852 1589 2922 malignosque
1636 2848 1902 2904 doctrinm
1946 2863 2071 2918 pro-

502 2949 763 3011 fessores,
789 2946 880 3016 qui
911 2959 1095 3001 rerum
1126 2944 1354 2998 scientia
1383 2942 1448 2996 ad
1483 2941 1880 3012 ignorationem
1915 2940 2074 2994 Crea-

501 3040 641 3095 toris
671 3038 972 3092 abutuntur
1007 3053 1022 3088 :
1053 3034 1253 3104 quibus
1301 3033 1538 3104 repulsis
1568 3032 1648 3086 sic
1696 3031 1965 3097 vivemus,
2014 3039 2073 3083 ut

2164 1859 2312 1934 ὦμεν
2337 1905 2348 1926 ,
2390 1863 2528 1916 ὥστε
2559 1864 2623 1916 δι’
2655 1857 2863 1915 ἑαυτῶν
2889 1861 3072 1914 δοῦναι
3097 1862 3176 1932 τῷ
3214 1861 3409 1931 δικαίῳ
3435 1862 3498 1914 τὸ
3528 1863 3740 1932 κράτος,

2167 1954 2586 2026 ὑπερισχύοντος
2621 1954 2708 2007 διὰ
2746 1955 2853 2006 τῶν
2885 1954 3330 2024 ἐπιχειρημάτων
3357 1952 3450 2005 τοῦ
3483 1954 3741 2023 χείρονος,

2168 2048 2259 2100 καί
2282 2047 2378 2116 τὴν
2405 2047 2578 2115 ἀρχὴν
2610 2048 2706 2114 τῆς
2732 2045 2985 2114 ἀληθείας
3026 2044 3414 2114 ἀπωθουμένου
3437 2060 3450 2074 ·
3477 2044 3743 2110 φευκτέον

2169 2136 2415 2189 ἐντεῦθεν
2445 2136 2519 2198 ὡς
2565 2136 2796 2205 τάχιστα
2816 2178 2830 2200 ,
2861 2137 2983 2188 καθ’
3007 2136 3298 2204 ὁμοιότητα
3340 2133 3436 2186 τοῦ
3473 2133 3742 2204 ἱστορικοῦ

2170 2227 2596 2295 ύποδείγματος,
2624 2227 2761 2296 πρὸς
2797 2227 3016 2296 μείζονά
3048 2244 3104 2278 τε
3139 2226 3232 2279 καὶ
3276 2225 3619 2294 ὑψηλοτέραν
3646 2224 3743 2276 τῶν

2173 2319 2488 2388 μυστηρίων
2519 2318 2889 2372 διδασκαλίαν.
2935 2318 3055 2371 Κάν
3099 2317 3381 2386 ἀλλοφύλῳ
3413 2316 3579 2369 πάλιν
3623 2332 3744 2381 συγ-

2169 2405 2421 2472 γενέσθαι
2445 2405 2538 2474 δέῃ
2565 2447 2577 2462 ,
2612 2405 2754 2457 τοῦτ’
2788 2405 2901 2459 ἐστι
2930 2446 2943 2462 .
2972 2406 3075 2458 κᾶν
3120 2409 3184 2475 τῇ
3240 2406 3344 2471 ἔξω
3391 2406 3746 2473 συγγενέσθαι

2171 2495 2458 2565 φιλοσοφία
2487 2497 2876 2568 καταναγκάζῃ
2897 2500 2928 2566 ἡ
2966 2496 3121 2567 χρεία
3139 2513 3152 2526 ·
3184 2497 3455 2549 καὶτοῦτο
3478 2495 3744 2566 ἑλώμεθα.

2171 2588 2294 2647 τοὺς
2333 2587 2600 2654 πονηροὺς
2634 2587 2898 2654 ποιμένας
2948 2589 3048 2656 τῆς
3103 2585 3290 2638 ἀδίκου
3345 2585 3454 2638 τῶν
3503 2587 3746 2656 φρεάτων

2171 2680 2414 2747 χρήσεως
2445 2677 2943 2738 ἀποσκεδάσαντες·
2967 2677 3102 2748 ὅπερ
3134 2678 3252 2730 ἐστὶ
3279 2677 3406 2740 τοῦς
3436 2677 3551 2729 τῶν
3572 2676 3746 2730 κακῶν

2170 2767 2523 2828 διδασκάλους
2552 2767 2643 2819 ἐπὶ
2689 2769 2753 2836 τῇ
2793 2769 3004 2837 πονηρᾷ
3034 2768 3227 2838 χρήσει
3264 2769 3364 2836 τῆς
3417 2767 3747 2828 παιδεύσεως

2173 2857 2544 2924 διελέγξαντες
2569 2898 2583 2920 ,
2612 2855 2784 2917 οὕτως
2817 2857 2901 2925 ἐφ’
2948 2859 3172 2920 ἑαυτοὺς
3204 2857 3480 2927 ίδιάσομεν
3509 2897 3525 2920 ,
3574 2857 3748 2910 οὐκέτι

2178 2948 2503 3017 μαχομένοις
2533 2949 2641 3000 τισὶ
2674 2947 3112 3018 συμπλεκόμενοί
3149 2965 3207 3001 τε
3235 2948 3328 3002 καὶ
3354 2949 3750 3017 μεσιτεύοντες.

2175 3038 2285 3090 ἀλλ’
2327 3039 2384 3089 ἐν
2407 3038 2764 3107 ὁμοφρονοῦσί
2799 3055 2857 3092 τε
2893 3040 2987 3091 καὶ
3017 3037 3457 3109 ὁμογνωμονοῦσι
3489 3041 3609 3102 τοῖς
3630 3037 3750 3109 παρ’

502 3125 880 3199 pugnantibus
914 3137 1024 3177 non
1054 3103 1402 3185 misceantur,
1441 3134 1538 3174 nec
1571 3119 1953 3188 perturbeinur
1982 3132 2067 3171 re-

2177 3129 2332 3198 ἡμῶν
2381 3129 2823 3199 βουκολουμένοις
2876 3129 3178 3201 συζήσομεν
3204 3168 3219 3194 ,
3269 3129 3485 3183 πάντων
3540 3129 3650 3182 τῶν
3700 3132 3754 3183 ἐν

504 3215 804 3271 luctatione
834 3211 1125 3266 multorum
1154 3227 1167 3262 :
1199 3207 1295 3262 sed
1330 3213 1511 3260 motus
1535 3203 1700 3259 animi
1731 3218 1922 3257 omnes
1955 3212 2074 3255 tan-
2117 3227 2126 3235 -

503 3301 668 3378 quam
705 3318 836 3360 oves
871 3301 1100 3372 pastori,
1145 3299 1224 3354 sic
1269 3297 1465 3352 rationi
1504 3296 1943 3364 obtemperantes
1975 3308 2074 3361 gu-

502 3396 886 3459 bernabimus,
917 3406 1025 3463 qua
1058 3389 1275 3460 quidem
1308 3389 1363 3442 in
1408 3401 1598 3441 norma
1629 3385 1846 3439 vivendi
1885 3398 2072 3453 perse-

502 3487 853 3548 verantibus,
893 3482 1128 3538 mirabili
1176 3494 1278 3536 suo
1324 3478 1526 3534 veritas
1574 3475 1864 3548 splendore
1917 3476 2076 3530 nobis

506 3578 809 3650 apparebit,
837 3575 1114 3646 animique
1137 3573 1328 3628 oculos
1356 3568 1669 3641 subaperiet
1687 3575 1850 3638 atque
1871 3566 2076 3621 illumi-

504 3671 676 3725 nabit.
718 3667 860 3725 Deus
891 3675 1072 3722 autem
1105 3672 1189 3721 est
1219 3663 1440 3725 veritas,
1473 3676 1596 3732 qua:
1633 3669 1762 3716 tunc
1804 3676 1898 3732 per
1932 3659 2074 3716 inef-

505 3761 723 3818 fabilem
777 3751 1235 3815 illuminationem
1296 3755 1443 3810 illam
1500 3753 1666 3824 Moysi
1726 3753 2076 3809 manifestata

502 3861 607 3909 εει.

575 3940 732 4007 Quod
765 3940 812 3993 si
845 3939 1128 4008 spinosum
1155 3937 1319 3992 etiam
1363 3936 1561 3988 rubum
1592 3935 1770 4010 lumen
1809 3935 2074 4000 incendit,

509 4047 622 4102 quo
657 4029 935 4101 prophetae
964 4029 1181 4083 animus
1224 4028 1551 4091 illustratur,
1591 4041 1655 4079 ne
1706 4027 1810 4080 lioc
1859 4027 2076 4094 quidem

513 4122 580 4176 ad
615 4120 970 4192 quaestionem
1000 4116 1315 4173 solvendam
1343 4126 1426 4171 est
1455 4116 1662 4169 inutile.
1693 4114 1823 4168 Nam
1857 4117 1902 4169 si
1939 4115 2079 4170 Deus

511 4212 728 4282 quidem
773 4218 856 4266 est
895 4209 1117 4273 veritas,
1181 4209 1267 4262 lux
1320 4215 1498 4261 autem
1544 4206 1744 4260 veritas
1781 4215 1865 4260 est
1905 4225 1916 4259 :
1968 4206 2082 4259 ha-c

512 4303 628 4374 ipsa
661 4317 824 4372 porro
872 4301 1126 4356 sublimia
1162 4299 1456 4367 divinaque
1487 4297 1711 4350 nomina
1748 4297 1855 4351 Deo
1897 4299 1988 4366 qui
2026 4297 2078 4350 in

510 4411 676 4450 carne
705 4394 863 4449 nobis
893 4392 1146 4463 apparuit
1188 4379 1502 4454 convenire,
1537 4405 1700 4445 voces
1745 4388 2081 4458 Evangelicae

2179 3219 2310 3286 ἡμῖν
2338 3217 2437 3286 τῆς
2461 3218 2637 3288 ψυχῆς
2660 3218 2998 3288 κινημάτων,
3029 3217 3314 3287 προϐάτων
3336 3218 3517 3287 δίκην,
3538 3217 3621 3287 τῷ
3644 3218 3750 3287 βου-

2180 3310 2382 3378 λήματι
2405 3308 2497 3361 τοῦ
2535 3307 2951 3370 ἐπιστατοῦντος
2979 3308 3138 3376 λόγου
3168 3307 3631 3378 ποιμαινομένων.
3653 3309 3754 3361 Καὶ

2180 3399 2324 3452 οὓτω
2357 3397 2810 3469 προσεδρεύουσιν
2852 3399 2984 3466 ἡμῖν
3025 3401 3090 3469 τῇ
3141 3400 3387 3468 εἰρηνικῇ
3438 3397 3616 3471 ταύτῃ
3665 3399 3754 3450 καὶ

2181 3485 2439 3556 ἀπολέμῳ
2469 3486 2747 3555 διαγωγῇ,
2783 3485 3079 3554 ἐπιλάμψει
3117 3487 3238 3539 τότε
3270 3487 3304 3556 ἡ
3337 3486 3602 3556 ἀλήθεια,
3642 3489 3754 3548 ταῖς

2184 3579 2341 3641 ίδίαις
2369 3582 2760 3649 μαρμαρυγαῖς
2799 3579 2897 3640 τὰς
2925 3581 3024 3648 τῆς
3062 3577 3238 3648 ψυχῆς
3273 3577 3423 3646 δψεις
3458 3579 3753 3648 περιαυγά-

2183 3670 2370 3733 ζουσα.
2393 3669 2522 3732 Θεὸς
2545 3669 2600 3721 δέ
2624 3671 2770 3722 ἐστιν
2797 3672 2829 3740 ὴ
2857 3669 3104 3739 ἀλήθεια,
3139 3672 3172 3740 ἡ
3203 3670 3598 3738 ὲμφανισθείσα
3639 3671 3756 3723 τότε

2185 3761 2274 3814 διὰ
2304 3762 2398 3831 τῆς
2429 3762 2670 3833 ἀρρήτου
2715 3762 2930 3832 ἐκείνης
2962 3761 3321 3830 φωταγωγίας
3354 3760 3434 3830 τῷ
3476 3762 3677 3832 Μωσῇ.

2254 3941 2314 3992 Ei
2345 3940 2399 3992 δὲ
2428 3940 2523 3992 καὶ
2551 3939 2757 4010 θάμνου
2787 3939 2930 4002 τινος
2958 3938 3299 4000 ἀκανθώδους
3325 3937 3386 3990 τὸ
3409 3937 3613 4005 φέγγος
3640 3938 3758 4004 ἐξά-

2183 4045 2393 4093 πτεται,
2415 4021 2460 4096 ᾧ
2487 4031 2520 4099 ἡ
2545 4028 2691 4099 ψυχὴ
2715 4028 2807 4081 τοῦ
2839 4030 3116 4098 προφήτου
3147 4026 3581 4095 καταφωτίζεται
3601 4044 3616 4059 ·
3640 4028 3759 4081 οὐδὲ

2183 4121 2341 4173 τοῦτο
2374 4120 2662 4183 ἀσυντελές
2689 4120 2820 4189 ἡμῖν
2849 4118 3002 4171 ἐσται
3044 4119 3179 4189 πρὸς
3211 4119 3269 4170 τὸ
3311 4117 3668 4188 ζητούμενον.
3701 4119 3760 4170 El

2185 4212 2292 4281 γὰρ
2326 4211 2457 4274 Θεὸς
2496 4211 2594 4279 μὲν
2641 4212 2674 4278 ἡ
2708 4209 2962 4281 ἀλήθεια,
2996 4212 3029 4279 ὴ
3073 4210 3129 4262 δὲ
3180 4209 3404 4277 ἀλήθεια
3454 4209 3572 4276 φῶς
3603 4210 3758 4262 ἐστι·

2186 4301 2358 4353 ταῦτα
2385 4300 2440 4352 δὲ
2465 4299 2532 4352 τὰ
2563 4298 2742 4368 ὑψηλά
2764 4315 2824 4351 τε
2861 4299 2955 4351 καὶ
2987 4298 3108 4352 θεία
3133 4299 3239 4350 τῶν
3270 4298 3571 4366 ὀνομάτων,
3604 4298 3700 4350 καὶ
3728 4295 3757 4361 ἡ

2187 4391 2279 4444 τοῦ
2311 4390 2640 4458 Εὑαγγελίου
2673 4388 2824 4460 φωνὴ
2870 4389 3287 4458 προσμαρτυρεῖ
3323 4385 3402 4454 τῷ
3433 4384 3520 4438 διὰ
3560 4386 3761 4456 σαρκὸς

511 4494 862 4548 attestantur,
896 4485 1286 4539 convenienter
1333 4483 1446 4536 haec
1487 4481 1790 4535 secundum
1823 4481 2067 4534 virtutem

2187 4485 2318 4552 ἡμῖν
2359 4480 2576 4549 ὀφθέντι
2616 4479 2770 4548 Θεῷ·
2812 4477 3120 4541 ἀκολούθως
3163 4479 3196 4546 ή
3245 4476 3467 4546 τοιαύτη
3499 4478 3599 4546 τῆς
3627 4478 3759 4546 ἀρε-

510 4576 727 4631 vivendi
767 4575 904 4628 ratio
943 4575 1008 4628 ad
1047 4575 1187 4629 lucis
1216 4573 1363 4628 illius
1402 4571 1770 4639 cognitionem
1809 4585 1909 4625 nos
1951 4584 2080 4638 pro-

510 4667 678 4727 vehit,
714 4680 835 4734 qua:
864 4663 931 4718 ad
967 4664 1259 4718 humanam
1281 4677 1456 4732 usque
1477 4669 1725 4714 naturam
1760 4658 2078 4724 descendit;

511 4769 633 4825 qua:
658 4755 878 4824 quidem
911 4769 1020 4807 non
1053 4755 1119 4808 de
1149 4755 1288 4808 caelo
1319 4752 1608 4814 illucescit,
1641 4765 1710 4805 ne
1732 4765 1763 4804 a
1791 4751 1966 4806 stellis
1991 4751 2078 4804 de-

511 4845 655 4900 lluxa
689 4846 779 4899 lux
812 4844 1099 4900 videatur:
1142 4843 1236 4899 sed
1267 4845 1336 4898 ab
1370 4843 1526 4909 rubo,
1564 4844 1791 4913 ipsoque
1828 4841 2074 4912 spinoso,

511 4937 580 4994 ab
613 4937 948 4992 humanitate
983 4937 1231 4991 videlicet
1253 4935 1552 4990 Salvatoris
1575 4933 1860 5005 effulgens,
1887 4933 1954 4987 ad
1982 4948 2078 4988 co-

509 5028 810 5101 gnitionem
843 5028 926 5082 sui
963 5043 1057 5097 per
1088 5027 1459 5099 Evangelicam
1495 5042 1594 5082 nos
1617 5026 1803 5080 tubam
1837 5031 2076 5080 revocat.

511 5120 649 5175 Hinc
680 5121 845 5175 etiam
876 5121 1194 5189 mysterium
1232 5118 1363 5172 illud
1393 5116 1628 5190 Virginis
1665 5116 1953 5186 figuratum
1991 5131 2080 5169 es-

2189 4575 2286 4641 τῆς
2333 4571 2524 4642 ἀγωγὴ
2569 4569 2836 4642 προσάγει
2875 4571 3022 4638 ἡμᾶς
3074 4571 3139 4638 τῇ
3185 4567 3382 4636 γνώσει
3436 4566 3527 4619 τοῦ
3585 4569 3760 4636 φωτὸς

2187 4663 2417 4725 ἐκείνου,
2443 4663 2471 4715 ὃ
2507 4661 2666 4733 μέχρι
2715 4663 2815 4730 τῆς
2846 4661 3191 4731 ἀνθρωπίνης
3237 4659 3444 4712 κάτεισι
3495 4659 3714 4726 φύσεως
3745 4677 3757 4689 ·

2185 4753 2284 4806 οὐκ
2313 4753 2420 4806 ἀπὸ
2457 4769 2601 4815 τινος
2643 4751 2752 4804 τῶν
2799 4754 2927 4821 περὶ
2966 4751 3033 4803 τά
3077 4750 3251 4820 ἀστρα
3279 4750 3582 4819 φωστήρων
3622 4749 3762 4819 λαμ-

2187 4847 2419 4917 πόμενον
2443 4885 2458 4910 ,
2499 4847 2573 4910 ὡς
2603 4833 2669 4899 ἂν
2715 4845 2790 4916 μὴ
2822 4848 2920 4916 τῆς
2973 4843 3335 4915 ὑποκειμένης
3379 4843 3510 4912 ὕλης
3541 4845 3574 4912 ἡ
3617 4843 3761 4910 αὐγὴ

2188 4937 2468 5008 νομισθείη
2490 4976 2504 4998 ,
2535 4937 2647 4990 ἀλλ’
2687 4938 2794 4990 ἀπὸ
2822 4937 3016 5007 γηῖνης
3046 4935 3249 5005 θάμνου
3289 4936 3415 4997 τοὺς
3445 4935 3564 4987 κατ’
3596 4934 3762 5003 οὐρα-

2189 5029 2279 5082 νὸν
2303 5029 2592 5099 φωστῆρας
2619 5031 2737 5092 ταῖς
2760 5029 2970 5081 ἀκτῖσιν
2991 5026 3478 5098 ὑπερϐαλλόμενον.
3503 5027 3582 5077 Δι’
3602 5019 3665 5076 οῦ
3688 5025 3762 5077 δι-

2188 5117 2496 5188 δασκόμεθα
2529 5119 2622 5172 καὶ
2647 5118 2707 5170 τὸ
2735 5117 2875 5170 κατά
2907 5117 3005 5186 τὴν
3027 5117 3300 5186 Παρθένον
3325 5116 3645 5184 μυστήριον,
3669 5114 3762 5180 ἀφ’

507 5229 586 5276 se,
635 5213 758 5283 quis
798 5227 908 5267 non
949 5210 1184 5266 viderit?
1230 5210 1310 5264 Ab
1357 5225 1420 5266 ea
1461 5222 1694 5278 namque
1741 5207 1959 5264 deitatis
1992 5207 2067 5261 lu:

2179 5206 2246 5280 ἧς
2285 5209 2344 5261 τὸ
2381 5210 2478 5277 τῆς
2522 5209 2772 5278 θεότητος
2811 5207 2925 5276 φῶς
2968 5207 3282 5276 ἐπιλάμψαν
3325 5205 3402 5274 τῷ
3432 5205 3764 5276 ἀνθρωπίνῳ

508 5310 788 5372 assumpta
830 5316 996 5356 carne
1047 5301 1225 5354 illuxit
1272 5298 1620 5361 hominibus,
1665 5312 1894 5365 eamque
1935 5311 2060 5350 omn

2183 5299 2281 5368 βίῳ
2327 5299 2412 5352 διὰ
2459 5302 2794 5368 γεννήσεως,
2854 5297 3178 5368 ἀδιάφθορον
3227 5296 3460 5364 ἐφύλαξε
3496 5295 3596 5366 τὴν
3643 5295 3764 5360 ἐξά-

511 5393 674 5447 modo
709 5395 1081 5463 incorruptam
1131 5392 1392 5454 servavit,
1435 5389 1767 5460 virginitatis
1808 5389 2067 5442 viriditatt

2178 5391 2356 5459 ψασαν
2387 5391 2607 5460 θάμνον,
2637 5390 2731 5443 τοῦ
2764 5389 2991 5459 βλαστοῦ
3022 5389 3120 5458 τῆς
3153 5387 3448 5458 παρθενίας
3496 5386 3572 5456 μὴ
3600 5402 3764 5453 μετα-

509 5483 659 5535 nullo
694 5499 760 5551 pa
798 5492 853 5536 to
892 5489 1245 5536 commutata.
1281 5483 1412 5547 Quae
1439 5481 1659 5549 quidem
1698 5479 1785 5531 lux
1821 5495 1944 5532 eum
1982 5496 2067 5532 no-

2184 5481 2545 5549 μαρανθέντος
2579 5481 2655 5550 τῷ
2702 5482 2862 5550 τόκῳ.
2905 5481 3039 5550 ﬂup‘
3077 5478 3282 5531 ἐκείνου
3332 5476 3428 5530 τοῦ
3473 5475 3653 5545 φωτὸς
3685 5475 3762 5528 δι-

510 5570 590 5624 uis
621 5571 880 5632 illuxerit,
919 5573 1093 5639 primo
1131 5561 1350 5623 dooebit
1387 5566 1514 5636 quid
1547 5565 1853 5619 faciendum
1886 5569 1978 5628 sit,
2019 5576 2067 5618 ul

2181 5571 2511 5640 δασκόμεθα,
2559 5573 2610 5622 τί
2657 5573 2998 5640 ποιήσαντες,
3034 5570 3183 5630 ἐντὸς
3231 5568 3339 5620 τῶν
3390 5569 3624 5620 ἀκτίνων
3671 5568 3764 5633 τῆς

511 5659 787 5730 possimus
819 5662 884 5712 ad
929 5662 1170 5715 veritatis
1206 5659 1384 5715 radios
1420 5655 1680 5729 accedere
1721 5674 1732 5708 :
1771 5655 1927 5710 nobis
1967 5659 2067 5711 sci‘

2185 5661 2441 5730 άληθείας
2477 5662 2783 5731 στησόμεθα
2805 5679 2817 5691 ·
2864 5663 2943 5713 ὃτι
2978 5661 3076 5712 οὐκ
3120 5660 3231 5711 ἔστι
3263 5658 3570 5727 δεδεμένοις
3613 5661 3763 5710 ποσὶ-λ
