3890 6350
283 350 391 407 3'53

1607 360 1695 414 DE
1732 361 1888 416 VITA
1931 360 2070 415 MOY
2082 359 2202 415 SIS.

3443 356 3551 415 δτι

291 440 623 536 ἀναδραμεῖν
661 468 797 538 πρὸς
850 469 908 522 τὸ
935 440 1064 538 ’ὑέος
1108 473 1301 536 ἐκεῖνο,
1338 474 1396 525 ἐν
1428 466 1472 540 ᾧ
1519 472 1579 526 τὸ
1611 474 1725 544 ιρῶς
1776 476 1850 542 τῆ.

1979 474 2104 528 licet
2132 489 2237 527 non
2270 473 2433 528 licere
2462 473 2690 544 pedibus
2713 472 2996 537 revinctis,
3014 474 3080 529 ad
3099 475 3312 531 culmen
3342 476 3471 531 illud
3490 478 3547 533 in

290 557 548 627 ἀληθείας
571 561 789 629 ὁρᾶται,
843 563 891 614 εί
937 562 1012 632 μὴ
1059 563 1373 634 περιλυθείη
1417 566 1525 618 τῶν
1557 568 1654 636 τῆς
1694 568 1850 638 τινυχῆ⁴

1974 582 2083 634 quo
2148 573 2362 619 tenetur
2415 566 2506 619 lux
2565 567 2809 622 veritatis
2862 568 3201 632 ascendere,
3265 570 3372 626 nisi
3434 571 3546 625 sol-

292 654 501 724 βάσεων
549 656 584 724 ἡ
626 655 798 726 νεκρά
832 673 891 708 τε
930 658 1024 710 καὶ
1051 659 1214 727 γηῖνη
1255 658 1363 711 τῶν
1396 660 1677 731 δερμάτων
1715 679 1871 732 περι-

290 745 441 814 ϐολὴ,
473 746 508 815 ὴ
538 745 884 816 περιτεθεϊσα
909 750 1029 800 κατ’
1049 749 1221 817 ἀρχὰς
1247 752 1311 818 τῇ
1342 750 1521 818 φύσει,
1547 753 1631 805 ὅτε
1659 752 1746 806 διὰ
1774 754 1871 821 τῆς

290 836 580 908 παρακοῆς
626 836 720 889 τοῦ
768 837 911 890 θείου
955 837 1261 908 θελήματος
1299 840 1714 911 ὲγυμνὼθηιιεν.
1760 842 1870 895 Καὶ

285 926 466 991 οὓτως
498 928 922 1000 ἐπακολουθήσει
952 930 1157 982 τούτων
1203 933 1338 1001 ἡμῖν
1372 933 1676 1002 γενομένων
1714 935 1746 1004 ἡ
1774 935 1869 1005 τῆς

283 1018 548 1090 ἀληθείας
573 1017 772 1086 γνῶσις
811 1020 910 1089 τῆς
956 1020 1083 1091 περὶ
1111 1022 1171 1073 τὸ
1212 1020 1286 1092 μὴ
1318 1020 1377 1074 ὃν
1415 1023 1733 1092 ὑπολήψεως
1768 1043 1867 1077 κα-

285 1111 511 1182 θάρσιον
556 1111 781 1179 γίνεται.
820 1112 989 1164 Τοῦτο
1026 1113 1082 1166 δέ
1130 1113 1266 1173 ἐστι,
1316 1114 1458 1167 κατά
1503 1131 1565 1182 γε
1604 1116 1693 1168 τὸν
1738 1116 1867 1185 ἐμὸν

287 1203 468 1269 λόγον,
517 1202 745 1273 ὁρισμὸς
786 1202 1064 1272 ἀληθείας.
1113 1204 1174 1256 τὸ
1208 1204 1283 1276 μὴ
1337 1205 1721 1276 διαψευσθῆναι
1768 1208 1868 1277 τῆς

292 1294 381 1346 τοῦ
415 1294 568 1356 ὄντος
606 1295 1001 1364 κατανοήσεως.
1034 1295 1261 1365 (Ψεῦδος
1298 1297 1405 1367 γάρ
1439 1297 1555 1349 ἐστι
1599 1300 1868 1366 φαντασία

288 1404 370 1450 τις
408 1387 538 1457 περὶ
564 1385 626 1438 τὸ
661 1387 736 1456 μὴ
775 1386 835 1439 ὃν
878 1386 1201 1458 ἐγγινομένη
1236 1391 1301 1458 τῇ
1352 1389 1579 1460 διανοίᾳ,
1619 1389 1696 1453 ὡς
1738 1391 1866 1459 ὑφε-

283 1476 493 1539 στῶτος
520 1475 613 1528 τοῦ
648 1476 722 1545 μὴ
754 1475 1089 1546 ὑπάρχοντος
1112 1494 1123 1506 ’
1152 1476 1378 1546 ἀλήθεια
1409 1477 1486 1540 δὲ,
1531 1480 1565 1549 ἡ
1593 1478 1686 1532 τοῦ
1716 1479 1865 1542 ὄντος

281 1568 534 1638 ἀσφαλὴς
568 1567 940 1637 κατανόησις.)
986 1568 1095 1620 Καὶ
1137 1567 1280 1620 οὕτω
1327 1568 1506 1639 πολλῷ
1540 1586 1623 1634 τις
1662 1569 1740 1640 τῷ
1770 1588 1865 1637 με-

280 1660 417 1725 ταξὺ
452 1659 629 1729 χρόνῳ
655 1661 774 1721 ταῖς
800 1658 1029 1727 ὑψηλαῖς
1065 1659 1134 1710 δι’
1168 1659 1401 1729 ἡσυχίας
1426 1659 1865 1731 ὲμφιλοσοῇσας

283 1748 558 1820 μελέταις,
600 1748 752 1819 μόλις
783 1752 1123 1820 κατανοήσει,
1156 1750 1209 1801 τί
1245 1751 1342 1819 μέν
1365 1752 1512 1803 ἐστιν
1541 1751 1616 1814 ὡς
1648 1752 1863 1821 ἀληθῶς

1973 667 2130 710 vatur
2185 672 2249 711 ex
2323 655 2519 711 animae
2580 658 2779 727 plantis
2843 668 3093 715 mortuus
3155 675 3219 714 ac
3271 663 3546 718 terrestris

1973 747 2192 814 pellium
2221 736 2485 811 amictus,
2503 763 2632 817 quo,
2658 748 2724 802 ab
2756 749 2912 803 initio
2943 760 3136 805 natura
3174 761 3364 807 nostra
3390 752 3546 807 invo-

1974 836 2082 888 luta
2137 844 2241 897 est,
2268 852 2378 906 quo
2422 847 2662 907 tempore
2706 854 2828 892 cum
2880 839 3076 894 divinae
3121 842 3385 899 voluntati
3432 858 3542 897 non

1972 927 2365 994 paruissemus,
2404 929 2591 983 nudati
2620 945 2838 992 sumus;
2866 938 3028 1000 atque
3058 932 3131 984 ita
3159 933 3539 1001 cogitationem

1969 1017 2088 1085 ejus
2120 1020 2213 1088 qui
2247 1027 2332 1073 est
2365 1022 2749 1088 suscipiemus,
2793 1029 2846 1075 et
2879 1022 3164 1089 Opinioues
3192 1022 3260 1077 de
3303 1039 3368 1077 eo
3395 1024 3538 1094 quod

1969 1125 2076 1163 non
2112 1119 2196 1166 est
2231 1112 2397 1167 falsas
2439 1113 2657 1181 penitus
2704 1112 2937 1181 repellit.
2987 1113 3111 1165 llarc
3147 1115 3293 1168 enim
3342 1124 3427 1169 est
3460 1117 3541 1185 (ut

1970 1217 2070 1272 ego
2100 1204 2299 1271 sentio)
2333 1202 2582 1258 veritatis
2612 1201 2883 1263 dilIinitio,
2923 1204 3077 1257 ﬁrma
3110 1205 3229 1274 ejus
3276 1206 3422 1275 quod
3455 1218 3539 1262 est

1970 1295 2313 1359 intellectio;
2356 1293 2566 1350 falsitas
2609 1297 2752 1349 enim
2791 1298 3133 1366 phantastica
3174 1299 3418 1367 quaedam
3454 1307 3539 1354 est

1967 1387 2115 1438 circa
2151 1384 2201 1438 id
2234 1385 2377 1454 quod
2421 1402 2528 1440 non
2572 1396 2656 1440 est
2686 1389 3119 1456 comprehensio,
3164 1390 3319 1458 quasi
3352 1390 3536 1444 subsi-

1967 1483 2075 1529 stat
2118 1477 2261 1544 quod
2303 1490 2411 1528 non
2459 1484 2561 1531 est.
2604 1474 2816 1531 Veritas
2859 1486 3037 1529 autem
3076 1486 3160 1531 est
3204 1477 3343 1545 ejus,
3392 1478 3535 1547 quod

1966 1579 2091 1618 vere
2132 1572 2249 1627 cst,
2296 1564 2454 1618 ﬁrma
2502 1565 2816 1620 intellerlio.
2871 1564 3071 1635 Longis
3120 1576 3299 1618 autem
3343 1566 3536 1635 spatiis

1967 1667 2274 1727 temporum
2302 1658 2483 1711 altiori
2507 1673 2604 1727 per
2629 1657 2865 1728 quietem
2892 1658 3075 1711 animo
3105 1657 3351 1711 meditari
3379 1671 3539 1725 opor-

1966 1756 2061 1813 tet,
2098 1758 2156 1802 ut
2186 1747 2412 1802 ﬁrmiter
2435 1748 2737 1819 intelligere
2766 1748 2967 1818 possis,
2991 1747 3119 1817 quid
3154 1748 3224 1802 sit
3253 1746 3395 1816 quod
3426 1762 3535 1800 nun

279 1842 346 1896 τὸ
372 1840 451 1905 ὃν,
481 1840 510 1892 ὄ
538 1843 606 1911 τῇ
631 1840 796 1894 αὑτοῦ
822 1839 981 1910 φύσει
1013 1841 1075 1895 τὸ
1097 1836 1237 1894 εἶναι
1260 1841 1374 1911 ἔχει
1394 1859 1406 1871 ο
1436 1843 1489 1895 τί
1518 1843 1574 1896 δὲ
1598 1844 1658 1897 τὸ
1680 1845 1753 1915 μὴ
1776 1844 1850 1907 ὃν,

1960 1848 2068 1902 est,
2102 1839 2251 1907 quod
2300 1839 2477 1895 solum
2509 1856 2630 1895 esse
2659 1839 2898 1904 videtur,
2948 1854 3070 1894 eum
3129 1855 3225 1909 per
3265 1854 3325 1894 se
3372 1848 3536 1907 atque

278 1935 310 1986 ὅ
345 1934 405 1987 ὲν
435 1932 514 2001 τῷ
554 1932 730 1985 δοκεῖν
768 1928 904 1984 εἶναι
941 1932 1096 2003 μόνον
1126 1934 1292 1996 ἐστὶν,
1330 1937 1700 1990 ἀνυπόστατον
1736 1937 1856 2007 ἕχον

272 2024 367 2086 ἀφ’
393 2022 584 2077 ἑαυτοῦ
610 2023 707 2093 τὴν
733 2022 913 2093 φύσιν.
944 2024 1011 2076 "0
1035 2041 1125 2093 μοι
1145 2026 1293 2080 δοκεῖ
1313 2027 1432 2080 τότε
1459 2029 1486 2080 ὁ
1512 2027 1686 2097 μέγας
1710 2028 1860 2081 Meet)-

282 2120 404 2191 σῆς,
445 2117 502 2168 ὲν
527 2118 592 2187 τῇ
627 2115 916 2187 θεοφανεία
945 2116 1275 2180 παιδευθεὶς,
1307 2117 1541 2185 γνῶναιο
1585 2120 1666 2177 ὅτι
1706 2120 1858 2173 οὐδὲν

274 2208 390 2260 τῶν
418 2206 613 2268 ἄλλων,
640 2208 742 2259 ὅσα
778 2223 838 2258 τε
864 2209 930 2277 τῇ
961 2206 1210 2278 αἰσθήσει
1238 2210 1733 2280 καταλαμϐάνεται,
1764 2212 1857 2264 καὶ

274 2301 381 2351 ὅσα
406 2299 544 2352 κατά
566 2298 806 2352 διάνοιαν
828 2298 1134 2371 θεωρεῖται,
1157 2299 1237 2371 τῷ
1257 2301 1369 2354 ὄντι
1391 2302 1686 2372 ὑφέστηκε,
1717 2303 1856 2374 πλὴν

273 2390 381 2462 τῆς
408 2390 661 2461 ὑπεράνω
691 2389 933 2459 ἑστώσης
962 2391 1150 2454 οὐσίας
1181 2392 1272 2444 καὶ
1300 2393 1476 2456 αἰτίας
1506 2393 1599 2447 τοῦ
1631 2394 1852 2457 παντὸς,

275 2481 374 2550 ἀφ’
410 2477 478 2552 ἧς
513 2480 747 2552 ἐξῆπται
777 2482 838 2535 τὸ
876 2483 1006 2536 πᾶν.
1031 2482 1095 2536 Ei
1124 2483 1234 2553 γάρ
1273 2500 1325 2535 τι
1372 2485 1462 2537 καὶ
1493 2485 1622 2539 ἄλλο
1653 2488 1711 2539 ἐν
1742 2489 1855 2549 τοῖς

272 2568 426 2625 οὖσιν
456 2575 487 2643 ὴ
519 2571 724 2626 διάνοια
775 2572 982 2642 βλέπει,
1017 2573 1130 2627 ἀλλ’
1159 2576 1217 2627 ὲν
1259 2574 1432 2628 οὐδενὶ
1459 2576 1566 2628 τῶν
1604 2576 1772 2630 ὄντων
1797 2576 1855 2630 τὸ

270 2664 570 2735 ἀπροσδεὲς
620 2664 714 2717 τοῦ
767 2665 955 2733 ἑτέρου
1004 2664 1267 2735 εὑθεωρεὶ⁹
1303 2667 1333 2717 ὁ
1364 2666 1538 2732 λόγος,
1566 2660 1855 2735 ᾧδυνατόν

270 2756 393 2808 ἐστι
429 2754 549 2824 δίχα
571 2755 673 2824 τῆς
698 2755 983 2825 μετουσίας
1008 2756 1104 2809 τοῦ
1131 2756 1283 2821 ὄντος
1305 2753 1464 2811 εἶναι..
1491 2759 1563 2811 Τὸ
1589 2759 1646 2812 δὲ
1678 2759 1850 2812 ὼσαὺ-

268 2863 384 2909 τως
411 2845 529 2915 ἔχον
555 2846 662 2910 ἀεὶ,
694 2846 754 2899 τὸ
793 2845 1041 2911 ἀναυξὲς,
1074 2847 1135 2900 τὸ
1165 2849 1453 2918 ἁμείωτον,
1484 2851 1547 2902 τὸ
1585 2850 1718 2921 πρὸς
1752 2852 1849 2905 πᾶ-

271 2954 377 2989 σαν
408 2936 704 3007 μεταῶλὴν
729 2939 828 3008 τήν
852 2956 911 2991 τε
940 2939 1077 3009 πρὸς
1109 2939 1173 2992 τὸ
1197 2943 1442 3010 κρεῖττον
1474 2941 1568 2995 καὶ
1597 2941 1692 3011 τὴν
1716 2941 1854 3013 πρὸς

264 3028 334 3082 τὸ
363 3032 539 3101 χεῖρον
565 3030 760 3101 ἐπίσης
792 3030 1047 3099 ἀκίνητον
1069 3046 1082 3060 ·
1107 3031 1325 3100 τοῦμὲν
1351 3033 1461 3103 γὰρ
1495 3032 1738 3103 χείρονος
1760 3036 1854 3102 ηλι-

1964 1940 2212 1983 naturam
2238 1945 2393 1984 suam
2424 1931 2646 1985 minime
2669 1931 2953 1985 subsistat.
2993 1930 3120 1983 Mihi
3145 1930 3287 1984 enim
3319 1929 3537 1983 videtur

1962 2037 2191 2091 magnus
2226 2022 2315 2076 ille
2342 2021 2553 2093 Moyses
2573 2038 2637 2078 ea
2658 2025 2709 2077 in
2736 2023 2942 2077 visione
2963 2022 3243 2087 didicisse,
3275 2021 3408 2075 nihil
3440 2037 3531 2075 ea—

1962 2130 2080 2168 rum
2109 2130 2315 2179 rerum,
2364 2130 2484 2184 quae
2522 2124 2616 2169 aut
2651 2130 2813 2170 sensu
2847 2115 3407 2182 comprehenduntur,
3437 2125 3530 2169 aut

1960 2212 2139 2259 uiuite
2168 2206 2593 2275 perspiciuntur,
2629 2217 2826 2275 pra-ter
2864 2221 3173 2275 supremam
3204 2207 3525 2267 essentiam,

1958 2311 2081 2366 qua:
2102 2297 2344 2351 omnium
2372 2311 2536 2351 causa
2560 2304 2664 2358 est,
2695 2305 2745 2351 et
2780 2313 2810 2352 a
2850 2313 2955 2367 qua
2985 2297 3167 2351 omnia
3200 2298 3526 2367 dependent,

1958 2403 2084 2442 vere
2111 2389 2432 2444 subsistere.
2463 2387 2522 2442 In
2553 2389 2703 2443 nullo
2741 2389 2884 2443 enim
2913 2399 3235 2444 caaterorum
3269 2391 3531 2460 indepen-

1959 2479 2142 2533 dentia
2172 2479 2407 2549 perspici
2482 2485 2683 2548 potest,
2738 2479 2810 2533 ita
2862 2487 2914 2531 ut
2971 2479 3181 2549 absque
3237 2481 3531 2552 participa-

1960 2571 2108 2626 tione
2137 2571 2247 2625 veri
2288 2571 2429 2626 eatis
2457 2572 2631 2641 possit
2665 2588 2804 2625 esse.
2840 2570 3026 2625 Solum
3063 2572 3113 2624 id
3159 2573 3301 2642 quod
3338 2574 3527 2627 eodem

1959 2663 2119 2716 modo
2141 2678 2353 2734 semper
2376 2678 2435 2717 se
2464 2663 2645 2726 habet,
2666 2679 2941 2732 nunquam
2962 2674 3211 2732 augetur,
3246 2680 3525 2735 nunquam

1956 2755 2240 2818 minuitur,
2288 2754 2571 2822 aequaliter
2602 2754 2671 2808 ad
2718 2770 2934 2808 onmem
2988 2757 3369 2823 mutationem,
3416 2764 3525 2809 tam

1955 2845 2022 2899 ad
2055 2846 2209 2914 pejus
2238 2859 2400 2914 quam
2432 2846 2497 2901 ad
2520 2846 2734 2911 melius,
2765 2847 3101 2901 immutabile
3134 2867 3145 2900 ε
3197 2846 3353 2918 pejus
3381 2848 3526 2902 enim
3594 2902 3601 2910 ,

1958 2937 2032 2991 ibi
2061 2946 2153 2989 aut
2186 2936 2390 2990 malum
2437 2952 2545 2991 non
2582 2946 2687 2999 est,
2739 2938 2936 2993 melius
2979 2954 3109 2992 vero
3160 2939 3390 2994 inveniri
3420 2954 3529 2993 non

1955 3034 2152 3095 potest.
2188 3025 2368 3091 Quare
2401 3028 2577 3081 solum
2613 3029 2762 3082 nulla
2794 3043 2853 3083 re
2882 3029 2988 3083 alia
3021 3028 3250 3101 indiget,
3276 3037 3331 3085 et
3357 3029 3528 3084 solius

184 3186 197 3194 .
267 3120 589 3190 λοτρίωται⁸
627 3120 687 3175 τὸ
730 3121 788 3174 δὲ
833 3124 1078 3192 κρεῖττον
1124 3122 1225 3174 οὑκ
1277 3121 1389 3192 ἔχει
1415 3139 1428 3152 ·
1460 3122 1521 3175 τὸ
1562 3122 1619 3175 δὲ
1651 3123 1850 3186 παντὸς

1956 3125 2149 3171 cuncta
2185 3118 2464 3187 indigent:
2493 3121 2669 3176 solum
2700 3128 2898 3176 cuncta
2933 3130 3214 3191 appetunt,
3240 3122 3359 3178 solo
3388 3136 3528 3177 cun-

266 3211 520 3276 ἀνενδεὲς
555 3212 764 3283 ἑτέρου,
793 3212 854 3266 τὸ
894 3213 1050 3283 μόνον
1075 3213 1321 3283 ὀρεκτὸν,
1347 3212 1441 3267 καὶ
1475 3214 1624 3286 παρὰ
1652 3215 1851 3278 παντὸς

270 3303 655 3373 μετεχόμενον,
708 3304 803 3357 καὶ
839 3306 896 3356 ὲν
945 3306 1009 3374 τῇ
1058 3305 1318 3375 μετουσίᾳ
1362 3304 1469 3358 τῶν
1515 3305 1850 3376 μετεχόντων

266 3394 374 3446 οὑκ
398 3393 620 3447 ὲλαττού
629 3412 807 3461 μενον.

344 3486 514 3538 Τοῦτό
545 3488 692 3539 ἐστιν
739 3487 813 3549 ὡς
856 3486 1071 3556 ἀληθῶς
1107 3487 1165 3539 τὸ
1202 3487 1371 3550 ὄντως
1400 3487 1479 3550 ὃν,
1512 3490 1607 3541 καὶ
1642 3490 1676 3558 ἡ
1714 3488 1842 3542 τού-

263 3594 365 3631 ⁴ιτου
398 3577 744 3646 κατανόησις,
789 3578 822 3647 ὴ
867 3577 967 3646 τῆς
1013 3577 1268 3647 ἀληθείας
1309 3578 1510 3646 γνῶσίς
1541 3580 1706 3632 ἐστιν.
1755 3580 1843 3632 Ἐν

263 3667 444 3739 τούτῳ
496 3668 673 3723 τοίνυν
726 3668 1007 3738 γινόμενος
1052 3668 1175 3721 τότε
1225 3670 1324 3739 μὲν
1368 3671 1593 3733 ἐκεῖνος.
1643 3670 1738 3722 νῦν
1786 3669 1842 3721 δὲ

268 3762 378 3823 πᾶς
422 3761 452 3812 ό
484 3762 599 3812 κατ’
627 3761 834 3813 ἐκεῖνον
866 3759 968 3828 τῆς
998 3759 1191 3830 γηῒνης
1236 3761 1398 3812 αὑτὸν
1438 3760 1645 3813 ἐκλύων
1690 3777 1843 3831 περι-

262 3851 466 3920 ϐολῆς,
519 3850 709 3903 καὶτὸ
760 3851 825 3902 ὲκ
877 3850 973 3919 τῆς
1020 3850 1184 3919 βάτου
1230 3850 1346 3919 ιρῶς
1387 3849 1638 3919 βλέπων,
1696 3850 1842 3903 τοῦτ’

262 3942 405 3997 ἐστι.
437 3939 573 4009 πρὸς
618 3940 715 4009 τὴν
742 3938 828 3992 διὰ
861 3939 1064 4009 σαρκὸς
1106 3939 1207 4009 τῆς
1245 3939 1589 4003 ἀκανθώδους
1638 3940 1842 4010 ταύτης

265 4030 651 4099 ὲπιλάμψασαν
670 4032 800 4099 ἡμῖν
828 4031 1038 4092 ἀκτῖνα,
1067 4031 1186 4100 ἥτις
1209 4032 1344 4093 ἐστὶ,
1375 4031 1555 4095 καθὼς
1576 4033 1638 4085 τὸ
1660 4032 1861 4111 Εὐαγ-ιρ

267 4121 446 4188 τέλιόν
471 4138 623 4190 φησι,
652 4121 712 4174 τὸ
737 4121 850 4187 φῶς
877 4121 937 4174 τὸ
963 4121 1233 4191 ἀληθινὸν,
1268 4124 1362 4176 καὶ
1383 4124 1415 4192 ἡ
1441 4122 1693 4194 ἀλήθεια·
1717 4124 1838 4177 τότε

261 4209 506 4271 τοιοῦτος
526 4207 750 4275 γίνεται,
778 4205 886 4273 οἶος
918 4210 1012 4261 καὶ
1032 4210 1239 4281 ἑτέροις
1263 4213 1342 4274 εἰς
1374 4214 1649 4284 σωτηρίαν
1675 4213 1842 4284 ἀρκέ-

262 4316 377 4355 σαι,
414 4297 509 4351 καὶ
541 4298 788 4351 καθελεῖν
820 4300 917 4368 μὲν
948 4300 1047 4368 τὴν
1092 4300 1496 4371 ἐπικρατοῦσαν
1531 4303 1717 4367 κακῶς
1744 4320 1839 4356 τυ-

1954 3219 2040 3264 cta
2073 3210 2421 3279 participant,
2465 3222 2517 3267 et
2554 3228 2675 3282 quae
2705 3213 3057 3284 participant,
3107 3230 3202 3284 per
3232 3215 3530 3286 participa-

1954 3303 2156 3357 tionem
2183 3313 2235 3356 et
2268 3312 2419 3367 sunt,
2455 3311 2510 3357 et
2540 3304 2677 3360 bene
2710 3315 2857 3361 sunt.
2901 3305 3055 3372 Quod
3086 3315 3267 3363 autem
3302 3305 3530 3377 partieio

1951 3399 2135 3461 patur,
2169 3410 2450 3464 nunquam
2486 3395 2850 3454 imminuitur.

2024 3482 2078 3537 Id
2115 3482 2281 3551 igitur
2308 3483 2558 3553 profecto
2605 3495 2724 3552 est,
2775 3490 2919 3559 quod
2968 3505 3093 3547 vere
3129 3500 3232 3560 est,
3259 3500 3313 3547 et
3362 3492 3526 3564 hujus

1952 3575 2063 3630 veri
2097 3577 2242 3631 entis
2269 3577 2595 3642 intellectio,
2624 3580 2690 3634 ad
2716 3596 2881 3650 quam
2911 3588 3042 3637 tunc
3066 3591 3361 3644 accesserit
3386 3591 3528 3666 Moy-

1951 3682 2039 3723 ses
2065 3685 2078 3721 :
2111 3677 2164 3722 et
2207 3684 2349 3724 nunc
2379 3671 2695 3741 quicunque
2720 3674 2882 3729 sicuti
2912 3676 3001 3728 ille
3031 3692 3060 3731 a
3092 3684 3337 3736 terrestri
3371 3701 3430 3740 se
3458 3705 3524 3745 ac

1948 3761 2177 3829 pelliceo
2218 3761 2451 3817 absolvit
2491 3764 2731 3831 amictu,
2780 3768 3016 3822 divinam
3054 3788 3121 3825 ex
3156 3776 3293 3830 rubo
3344 3779 3520 3836 lucem

1952 3852 2329 3922 prospicimus,
2376 3870 2497 3923 qua:
2522 3855 2774 3912 videlicet
2804 3874 2870 3914 ex
2898 3875 3067 3917 carne
3100 3879 3199 3920 nos
3245 3868 3518 3925 illumina-

1950 3944 2061 4006 vit,
2089 3959 2212 4012 quae
2242 3951 2328 4000 est
2354 3944 2447 4000 lux
2483 3962 2648 4010 vera,
2690 3956 2745 4003 et
2784 3949 2900 4019 ipsa
2946 3953 3180 4018 veritas,
3234 3965 3293 4010 ut
3341 3957 3519 4015 Evan-

1945 4035 2145 4105 gelium
2172 4033 2335 4102 dicit,
2372 4044 2501 4091 tunc
2527 4038 2651 4094 talis
2680 4039 2929 4104 eﬂicitur,
2963 4052 3022 4097 ut
3053 4046 3189 4101 alios
3219 4063 3437 4119 quoque
3464 4052 3518 4106 in

1950 4126 2256 4181 libertatem
2286 4128 2561 4183 vindicare
2581 4170 2597 4196 ,
2626 4133 2933 4201 tyrannidis
2959 4133 3221 4205 injustum
3249 4141 3520 4211 principa-

1940 4224 2054 4268 tum
2098 4212 2401 4284 deponere,
2436 4218 2738 4274 servientes
2769 4220 3005 4290 denique
3036 4225 3189 4294 ipsos
3224 4228 3278 4282 in
3312 4238 3515 4286 terram

1939 4305 2318 4372 promissionis
2350 4306 2631 4370 reducere,
2653 4319 3001 4367 commutatae
3025 4314 3249 4379 dextrae.
3272 4326 3325 4373 et
3354 4321 3521 4392 virga:

260 4389 509 4460 ραννίδα,
563 4388 837 4453 ἐξελέσθαι
882 4390 938 4443 δὲ
981 4392 1114 4461 πρὸς
1167 4392 1478 4463 ἐλευθερίαν
1521 4398 1628 4449 πᾶν
1669 4396 1731 4448 τὸ
1770 4399 1839 4467 τῇ

1961 4408 1995 4445 ιι
2035 4402 2345 4462 serpentem
2383 4407 2557 4447 versae
2592 4395 2836 4463 auxilio,
2870 4397 2923 4452 id
2966 4408 3084 4464 est,
3117 4401 3223 4459 ﬁde
3261 4388 3514 4461 incarna-

258 4482 479 4551 πονηρᾷ
518 4479 728 4550 δουλείᾳ
759 4482 1290 4552 κατακρατούμενον,
1323 4485 1418 4554 τῆς
1459 4486 1841 4559 ἀλλοιωθείσης

1939 4478 2102 4533 tionis
2145 4478 2293 4534 verbi
2338 4479 2649 4549 coadjutus.
2690 4481 2827 4538 Nam
2869 4486 2916 4542 si
2963 4487 3176 4560 Moyses
3223 4493 3309 4548 his
3353 4496 3517 4551 nixus

254 4569 459 4635 δεξιᾶς.
499 4570 595 4623 καὶ
638 4572 734 4642 τῆς
778 4573 857 4635 εἰς
899 4572 1020 4641 ὄφιν
1070 4573 1499 4646 μεταϐληθείσης
1539 4576 1836 4649 βακτηρίας

1956 4569 2227 4623 miraculis
2276 4584 2305 4622 a
2350 4572 2618 4627 servitute
2666 4578 2882 4645 tyranni
2928 4577 3188 4639 Hebraeos
3227 4584 3514 4655 liberavit,

254 4666 369 4719 τῶν
395 4665 687 4735 θαυμάτων
716 4665 957 4735 καθηγου
966 4664 1150 4735 μένης.
1178 4659 1247 4736 ’ᾯ
1279 4683 1364 4735 μοι
1396 4666 1545 4720 δοκεῖ
1570 4668 1638 4720 δι’
1663 4668 1837 4737 αἰνίγ-

260 4775 435 4829 ματος
466 4758 526 4811 τὸ
547 4757 633 4810 διὰ
664 4757 862 4830 σαρκὸς
894 4757 1329 4827 παραδηλοῦσθαι
1361 4756 1455 4811 τοῦ
1490 4758 1694 4828 Κυρίου
1734 4777 1835 4829 μυ-

258 4851 485 4919 στήριον
515 4848 616 4918 τῆς
658 4848 918 4919 φανείσης
961 4852 1073 4912 τοῖς
1117 4847 1423 4918 ἀνθρώποις
1469 4848 1738 4918 θεότητος,
1768 4851 1836 4903 δι’

255 4936 327 5011 ἧς
353 4940 562 5007 γίνεται
593 4939 629 5009 ἢ
653 4955 711 4992 τε
746 4923 840 4991 τοῦ
872 4939 1134 5007 τυράννου
1173 4938 1506 5010 καθαίρεσις,
1531 4940 1625 4993 καὶ
1663 4941 1696 5009 ἡ
1726 4940 1833 4994 τῶν

255 5032 351 5084 ὑπ’
381 5027 545 5082 αὑτοῦ
595 5028 975 5099 κρατουμένων
1016 5028 1316 5099 ἐλευθερία.
1353 5030 1435 5081 Τὰ
1468 5030 1525 5082 δέ
1576 5047 1642 5100 με
1698 5030 1834 5102 πρὸς

250 5122 358 5191 τὴν
394 5120 634 5173 διάνοιαν
659 5118 861 5187 ἄγοντα
892 5119 1117 5189 ταύτην,
1151 5121 1269 5173 ἐστὶ
1298 5123 1608 5192 προφητική
1641 5140 1700 5174 τε
1739 5123 1831 5176 καὶ

252 5210 583 5281 εὑαγγελικὴ
633 5211 923 5283 μαρτυρία.
970 5212 1028 5262 '0
1054 5211 1155 5281 μὲν
1194 5212 1302 5281 γὰρ
1329 5211 1618 5284 Προφήτης
1644 5215 1826 5285 φησιν’

255 5322 273 5349 4
296 5299 495 5369 Αὕτηὴ
519 5299 805 5364 ἀλλοίωσις
820 5299 918 5369 τῆς
932 5299 1112 5366 δεξιᾶς
1132 5302 1225 5355 τοῦ
1254 5299 1535 5370 Ὑψίστου,
1557 5322 1575 5355 ι
1612 5304 1687 5367 ὡς
1732 5306 1829 5375 μὲν

248 5390 350 5458 τῆς
389 5388 542 5450 Θείας
581 5387 795 5457 φύσεως
845 5390 901 5440 ὲν
935 5387 1014 5457 τῷ
1043 5388 1383 5461 άναλλοιώτῳ
1426 5392 1829 5464 θεωρουμένης,

249 5482 319 5549 τῇ
348 5477 405 5530 δὲ
432 5476 569 5548 πρὸς
593 5476 654 5527 τὸ
685 5476 910 5539 ἀσθενὲς
938 5478 1034 5547 τῆς
1076 5478 1420 5551 ἀνθρωπίνης
1451 5481 1664 5548 φύσεως
1702 5499 1832 5551 συγ-

247 5567 577 5629 καταόάσει,
628 5566 764 5637 πρὸς
815 5567 877 5619 τὸ
925 5570 1188 5640 ἡμέτερον
1228 5571 1412 5640 σχῆμὰ
1458 5588 1514 5624 τε
1562 5574 1653 5626 καὶ
1694 5570 1831 5637 εἶδος

319 5746 362 5777 ³⁸
389 5745 535 5799 Psal.
578 5757 761 5807 um,
788 5742 877 5795 Il.

1944 4674 2052 4714 non
2083 4659 2285 4729 injuria
2313 4660 2709 4720 incarnationis
2733 4671 3050 4738 mysterium
3069 4715 3083 4739 ,
3114 4690 3225 4745 quo
3249 4686 3303 4732 et
3328 4677 3518 4735 diabo-

1943 4750 2030 4805 lus
2076 4749 2392 4820 depositus,
2432 4760 2490 4807 et
2516 4752 2759 4809 humana
2789 4765 2987 4813 natura
3014 4762 3239 4819 liberata
3267 4774 3387 4833 est,
3421 4785 3517 4839 per

1944 4841 2059 4895 haec
2100 4841 2433 4896 arbitramur
2478 4843 2811 4913 signiﬁcari,
2860 4852 3165 4917 praesertim
3221 4869 3345 4909 cum
3404 4867 3513 4913 tam

1942 4933 2294 5003 prophetica,
2330 4950 2493 5004 quam
2540 4934 2869 5008 Evangelica
2916 4944 3218 5000 auctoritas
3266 4946 3334 5001 ad
3376 4948 3516 5003 hanc

1941 5042 2043 5082 nos
2093 5026 2356 5081 inducant
2405 5029 2756 5084 sententiam.
2813 5030 3113 5110 Propheta.
3137 5038 3281 5091 enim
3335 5038 3509 5093 dicit:

1945 5135 1965 5169 ι
1997 5116 2122 5172 Haec
2150 5127 2234 5172 est
2283 5118 2516 5172 mutatio
2560 5118 2796 5175 dexteras
2837 5122 3051 5179 Excelsi
3084 5126 3151 5179 ὀ.
3187 5145 3207 5177 ι
3231 5125 3364 5180 Nam
3409 5131 3513 5183 etsi

1937 5217 2134 5263 natura
2163 5207 2347 5262 divina
2377 5209 2528 5265 nullo
2555 5220 2721 5280 pacto
2750 5216 2950 5269 mutari
2979 5225 3174 5285 queat,
3215 5217 3271 5271 in
3317 5233 3383 5272 eo
3428 5226 3513 5274 ta-

1938 5315 2060 5353 men
2087 5299 2230 5369 quod
2261 5298 2325 5353 ad
2356 5302 2747 5357 assumendum
2776 5305 3048 5359 hominem
3078 5306 3391 5376 descendit,
3417 5310 3512 5364 im-

1938 5387 2400 5459 becillitatemque
2429 5398 2673 5445 nostram
2708 5408 2833 5448 vere
2863 5396 3107 5463 suscepit
3128 5435 3143 5459 ,
3175 5408 3511 5455 commutata

1937 5480 2161 5536 dicitur.
2199 5480 2266 5534 Et
2311 5483 2453 5539 sicut
2492 5483 2664 5555 Moysi
2704 5500 2899 5541 manus
2930 5501 2960 5539 e
2991 5487 3114 5543 sinu
3146 5489 3346 5544 educta
3390 5491 3509 5546 visa

1938 5579 2025 5626 est
2054 5580 2383 5628 commutata
2405 5615 2419 5641 ,
2464 5590 2793 5644 rursumque
2826 5576 2879 5631 iu
2927 5576 3109 5632 sinum
3158 5579 3383 5635 reducta
3408 5620 3422 5646 ,
3454 5583 3511 5637 in
