3890 6356
440 347 543 403 355

1664 346 1720 401 S.
1764 343 2091 401 GREGORII
2120 345 2409 404 NYSSEM

443 491 695 538 naturam
743 497 897 539 suam
938 483 1165 537 reducta
1209 491 1333 543 est;
1377 482 1541 538 simili
1586 497 1803 553 quoque
1848 482 2011 536 modo

2120 481 2519 560 ἀλλοιωθείσης.
2557 489 2668 543 Καὶ
2716 489 2826 562 7&9
2869 491 2988 544 ἐκεῖ
3032 496 3128 550 τοῦ
3170 493 3456 564 νομοθέτου
3499 496 3533 566 ἡ
3585 498 3700 563 χεὶρ

442 576 759 645 unigenitus
790 574 882 630 Dei
910 571 1079 629 Filius
1099 615 1115 640 ,
1145 590 1267 629 cum
1298 575 1352 628 in
1382 575 1506 629 sinu
1539 573 1715 630 Patris
1744 582 1826 629 est
1846 614 1862 638 ,
1887 574 2015 628 dex-

442 675 557 720 tera
604 664 814 719 Excelsi
842 675 924 719 est
953 682 966 719 :
1000 679 1126 718 cum
1169 680 1299 720 vero
1341 681 1372 720 e
1414 666 1540 722 sinu
1589 664 1766 720 Patris
1806 664 1874 718 ad
1912 680 2012 720 nos

445 755 745 809 visitandos
771 755 1059 809 descendit
1080 795 1094 820 ,
1121 756 1427 811 secundum
1455 771 1554 811 nos
1587 758 1765 810 factus
1783 797 1797 818 ,
1822 769 2014 825 quam-

439 852 520 903 vis
572 845 933 902 immutabilis
981 847 1052 902 sit
1101 847 1219 916 ipse
1253 854 1488 912 natura,
1517 855 1883 900 commutatus
1932 853 2013 897 ta-

439 956 559 994 men
608 939 830 993 dicitur.
880 940 949 990 At
998 951 1126 991 vero
1172 943 1462 1005 postquam
1522 936 1743 990 morbos
1795 943 2012 988 nostros

438 1030 678 1094 sanavit,
712 1037 1077 1097 naturamque
1111 1035 1356 1083 nostram
1406 1028 1460 1079 in
1512 1028 1691 1081 sinum
1734 1041 1893 1080 suum
1923 1040 2010 1079 re-

436 1120 591 1173 duxit
633 1120 824 1188 (sinus
851 1128 1031 1173 autent
1054 1118 1173 1176 Filii
1196 1118 1353 1172 Pater
1390 1118 1547 1186 est),
1579 1126 1707 1171 tunc
1744 1117 1860 1187 ipse
1902 1132 2011 1170 non

438 1220 715 1276 nrutatus,
771 1210 972 1281 quippe
1020 1211 1114 1280 qui
1174 1210 1535 1280 impassibilis
1590 1219 1754 1278 atque
1805 1210 2014 1262 incom-

438 1304 712 1359 mutabilis
742 1314 829 1358 est
850 1344 865 1366 ,
898 1302 1183 1357 mortalem
1220 1302 1362 1355 lianc
1390 1309 1442 1355 et
1473 1300 1882 1370 corruptibilem
1915 1314 2013 1352 na-

437 1407 611 1449 turam
642 1396 696 1450 in
731 1396 1090 1451 immortalem
1117 1405 1281 1465 atque
1303 1394 1693 1447 immutabilem:
1721 1392 2009 1446 convertit.

442 1490 614 1560 Virgae.
665 1497 846 1543 autem
898 1489 953 1541 in
999 1496 1307 1556 serpentem
1359 1486 1684 1551 conversio,
1735 1486 2011 1540 neminem

436 1580 873 1635 Christianorum
909 1580 1235 1643 conturbet,
1269 1577 1528 1647 quoniam
1564 1576 1632 1630 ad
1680 1575 2013 1631 incarnatio-

438 1687 557 1725 nem
578 1669 740 1725 Verbi
768 1686 796 1723 a
817 1670 973 1723 nobis
993 1669 1456 1722 accommodatur.
1476 1664 1609 1719 Nam
1630 1675 1683 1720 et
1704 1666 1904 1719 animal
1933 1664 2010 1728 id,

435 1762 685 1831 quamvis
709 1777 899 1831 parum
925 1761 1325 1815 accommodari
1353 1760 1529 1815 sacris
1556 1757 1830 1830 mysteriis
1851 1770 2014 1826 posse

438 1854 705 1919 videatur,
741 1855 857 1922 ipsa
892 1863 1070 1905 tamen
1103 1851 1426 1922 Evangelica
1459 1851 1661 1906 veritas
1695 1850 1837 1903 hanc
1870 1849 2009 1901 ima-
2044 1827 2086 1881 Β

436 1944 612 2010 ginem
647 1959 755 1998 non
789 1943 1014 1998 omnino
1042 1944 1386 2008 contemnit,
1423 1958 1547 1997 cum
1580 1942 1729 1996 dicat
1758 1959 1771 1995 :
1804 1959 1822 1992 ι
1855 1938 2010 1995 Sicut

441 2036 647 2107 Moyses
691 2034 948 2090 cxaltavit
975 2041 1284 2103 serpentem
1319 2034 1374 2086 in
1405 2032 1624 2088 deserto
1645 2071 1661 2098 ,
1696 2032 1778 2087 sic
1809 2030 2007 2085 Filium

439 2129 673 2183 hominis
723 2125 953 2183 exaltari
1005 2134 1219 2195 oportet
1264 2126 1331 2178 ".
1369 2143 1387 2177 ι
1419 2124 1592 2193 Cujus
1635 2123 1776 2178 ratio
1827 2129 2007 2192 patet:

438 2235 560 2273 nam
590 2235 714 2273 cum
747 2220 945 2274 divinae
974 2218 1192 2273 Littera:
1224 2216 1433 2287 peccati
1459 2223 1666 2286 patrem
1700 2221 2009 2283 serpentem

438 2310 756 2373 nominent,
807 2309 1053 2379 perfecto
1097 2308 1242 2377 quod
1288 2323 1317 2361 a
1370 2314 1624 2376 serpente
1666 2315 1853 2360 natum
1886 2313 2008 2367 est,

436 2418 662 2472 serpens
691 2411 792 2459 est.
820 2401 1184 2468 Quamobrem
1216 2406 1500 2469 peccatum
1530 2397 1774 2467 parentis
1802 2395 1885 2450 sui
1912 2411 2012 2450 no-

436 2510 561 2549 men
608 2496 802 2548 merito
846 2491 1121 2563 suscepit,
1152 2504 1488 2559 serpensque
1525 2487 1650 2557 jure
1687 2486 2010 2557 appellatur.

439 2589 503 2639 At
534 2601 661 2640 vero
696 2566 1021 2647 Dominum,
1054 2589 1276 2651 propter
1311 2594 1411 2633 nos
1441 2587 1720 2648 peccatum
1765 2591 1890 2631 esse
1930 2574 2012 2628 fa-

435 2689 620 2738 ctum,
661 2675 992 2745 apostolicus
1032 2687 1215 2728 sermo
1255 2679 1527 2724 testatur:
1582 2671 1827 2737 suscepit
1864 2667 2011 2721 enim

440 2767 826 2821 mortalitatem
860 2772 1141 2825 nostram,
1166 2762 1258 2832 qui
1288 2758 1566 2831 peccando
1598 2759 1858 2811 mortales
1881 2753 2010 2809 facti

328 2918 333 2929 π
440 2874 653 2913 sunms.
687 2856 743 2909 Si
777 2864 1055 2924 peccatum
1091 2852 1268 2907 factus
1308 2859 1426 2914 est,
1460 2856 1610 2920 patet
1643 2845 1790 2916 quod
1821 2845 2013 2914 sequi-

440 2962 527 3004 tur
555 2968 569 3016 ;
599 2964 722 3003 nam
751 2948 842 3018 qui
877 2953 1159 3016 peccatum
1199 2944 1374 2998 lactus
1404 2951 1489 2997 est
1516 2982 1531 3005 ,
1567 2955 1792 3009 serpens
1835 2937 2013 2992 factus

441 3051 557 3103 cst,
588 3050 641 3097 et
673 3041 723 3095 id
753 3048 970 3110 propter
994 3053 1096 3092 nos
1116 3076 1131 3100 ,
1161 3043 1220 3090 ut
1252 3034 1540 3107 )Egyptios
1567 3039 1848 3100 serpentes
1867 3070 1883 3097 ,
1916 3029 2011 3099 qui

442 3150 539 3205 per
588 3149 776 3203 magos
828 3129 1094 3186 viviﬁcari
1136 3128 1413 3190 videntur,
1460 3131 1781 3185 consumat,
1823 3130 1878 3177 et
1916 3122 2014 3174 de-

2115 577 2482 648 προϐληθεῖσα
2510 580 2604 633 τοῦ
2655 574 2879 646 κόλπου,
2918 582 3056 653 πρὸς
3091 588 3154 641 τδ
3199 585 3350 655 παρά
3392 584 3556 653 φύσιν
3610 588 3700 655 ὴλ-

2113 672 2310 743 λοιώθη
2339 672 2539 743 χρῶμα
2561 689 2576 703 ·
2607 674 2703 727 καὶ
2727 673 2889 728 πάλιν
2913 675 2973 728 ὲν
3010 674 3230 737 κόλποις
3251 676 3541 747 γενομένη,
3568 677 3701 747 πρὸς

2111 762 2213 833 τὴν
2244 763 2379 816 ίδίαν
2418 763 2587 828 αὑτῆς
2615 762 2710 816 καὶ
2736 761 2877 815 κατά
2898 762 3059 831 φύσιν
3086 764 3355 835 ἐπανῆλθε
3382 765 3568 835 χάριν.
3593 767 3700 820 Καὶ

2111 856 2142 906 6
2187 855 2478 926 μονογενὴς
2510 855 2662 918 Θεὸς,
2694 856 2723 908 ό
2752 854 2827 908 ὢν
2865 856 2924 908 ὲν
2953 855 3173 919 κόλποις
3209 855 3303 910 τοῦ
3346 857 3583 928 Πατρδς,
3615 854 3700 912 οὑ-

2112 947 2201 1009 τός
2226 949 2373 1000 ἐστιν
2398 949 2431 1017 ὴ
2471 944 2620 1012 δεξιά
2644 945 2737 998 τοῦ
2781 945 3058 1015 Ὑψίστου.
3095 948 3224 999 Ὅτε
3261 947 3319 1000 δὲ
3349 948 3482 1018 ἡμῖν
3506 951 3571 1002 ἐκ
3594 949 3699 1003 τῶν

2114 1038 2328 1091 κόλπων
2376 1039 2566 1108 ἐφάνη,
2619 1036 2742 1091 καθ’
2774 1038 2921 1109 ἡμᾶς
2967 1035 3267 1108 ἠλλοιιὶιθηο
3323 1037 3450 1090 ἐπεὶ
3498 1038 3556 1092 δὲ
3602 1037 3699 1100 τάς

2114 1131 2389 1201 ἡμετέρας
2418 1129 2703 1193 ἀσθενείας
2741 1126 3004 1200 ὲκμάξας,
3041 1128 3203 1182 πάλιν
3253 1131 3574 1199 ἐπανήγαγε
3603 1131 3700 1200 τὴν

2114 1223 2173 1276 ὲν
2202 1225 2334 1293 ἡμῖν
2364 1221 2663 1292 γενομένην
2700 1223 2879 1291 χεῖρα,
2907 1221 3002 1274 καὶ
3029 1220 3148 1273 καθ’
3189 1221 3337 1289 ἡμᾶς
3359 1220 3699 1290 χρωσθείσαν

2114 1313 2206 1367 ἐπὶ
2235 1313 2326 1365 τὸν
2355 1312 2482 1364 ἴδιον
2506 1310 2705 1363 κόλπον
2731 1309 2949 1379 (κόλπος
2970 1309 3028 1362 δὲ
3057 1310 3155 1378 τῆς
3189 1308 3372 1372 δεξιᾶς
3398 1310 3426 1360 ὀ
3462 1310 3700 1379 Πατὴρ).

2112 1405 2233 1456 τότε
2271 1403 2332 1455 οὑ
2366 1401 2426 1455 τὸ
2456 1400 2665 1463 ἀπαθὲς
2688 1400 2789 1470 τῆς
2828 1400 3042 1469 φύσεως
3076 1400 3153 1461 είς
3180 1397 3351 1460 πάθος
3378 1398 3696 1466 ἡλλοίωσεν,

2113 1492 2251 1547 ἀλλά
2298 1492 2360 1545 τὸ
2400 1490 2630 1562 τρεπτόν
2677 1506 2739 1543 τε
2782 1490 2875 1543 καὶ
2920 1488 3166 1553 ἐμπαθὲς
3193 1487 3283 1541 διά
3320 1488 3419 1557 τῆς
3474 1489 3613 1559 πρὸς
3642 1490 3699 1541 τὸ

2112 1586 2380 1655 ἄτρεπτον
2430 1582 2713 1645 κοινωνίας
2760 1583 2841 1645 είς
2877 1581 3147 1635 ἀπάθειαν
3200 1579 3695 1650 μετεστοιχείωσεν.

2126 1677 2189 1729 Ἦ
2219 1676 2277 1729 δὲ
2309 1678 2388 1739 είς
2416 1677 2538 1745 ὄφιν
2566 1672 2835 1746 μεταϐολὴ
2880 1673 2980 1743 ’ἑῆς
3023 1670 3344 1741 βακτηρίας,
3384 1671 3459 1741 μὴ
3496 1687 3698 1741 ταρασ·

2115 1770 2290 1822 σέσθω
2305 1769 2428 1833 τοὺς
2449 1769 2847 1839 φιλοχρίστους,
2876 1767 2953 1829 ὼς
2977 1765 3374 1835 ἀπεμφαίνοντι
3391 1752 3515 1835 {disp
3531 1781 3694 1835 προσο

2115 1861 2461 1932 αρμοζόντων
2503 1860 2659 1932 ἡμῶν
2707 1860 2798 1913 τὸν
2835 1858 2930 1912 τοῦ
2989 1860 3288 1930 μυστηρίου
3331 1860 3511 1925 λόγον.
3552 1856 3698 1927 Αὑτὴ

2116 1954 2224 2024 7&9
2268 1954 2301 2023 ἠ
2334 1951 2587 2025 Ἀλήθεια
2609 1951 2697 2005 διὰ
2743 1950 2846 2021 τῆς
2877 1950 3242 2019 εύαγγελικῆς
3276 1948 3462 2017 φωνῆς
3494 1949 3554 2001 οὑ
3596 1965 3696 2000 παι

2119 2045 2388 2116 ραιτεῖται
2412 2042 2511 2112 τὴν
2539 2040 2794 2112 τοιαύτην
2815 2043 3014 2095 εἰκόνα.
3031 2038 3080 2091 δι
3096 2035 3110 2056 ‘
3130 2030 3205 2091 ὧν
3225 2053 3389 2107 φησιν
3405 2054 3420 2069 ’
3450 2059 3469 2091 ι
3487 2039 3697 2105 Ὥσπερ

2116 2133 2226 2204 7&9
2257 2133 2495 2201 Μωῦσῆς
2533 2130 2714 2200 ὑψωσε
2759 2131 2850 2184 τὸν
2898 2130 3020 2198 ὄφιν
3067 2131 3125 2182 ὲν
3165 2130 3231 2198 τῇ
3277 2128 3488 2197 ἐρήμῳ,
3521 2130 3696 2189 οὕτως

2116 2225 2397 2296 ὑψωθῆναι
2424 2222 2505 2275 δεῖ
2532 2222 2624 2274 τὸν
2666 2220 2793 2275 Υἱδν
2821 2219 2916 2273 τοῦ
2964 2218 3271 2290 ἀνθρώπου.
3302 2233 3321 2266 ι
3350 2216 3459 2268 Καὶ
3478 2218 3696 2288 σαφὴςὸ

2116 2319 2292 2385 λόγος.
2322 2314 2385 2368 El.
2413 2314 2523 2383 7&9
2541 2315 2570 2367 6
2594 2314 2695 2383 τῆς
2721 2311 2996 2382 ἁμαρτίας
3029 2310 3229 2380 πατὴρ,
3251 2308 3374 2376 ὄφις
3403 2307 3694 2377 ὠνομάσθη

2120 2404 2224 2458 ὑπὸ
2248 2403 2346 2472 τῆς
2385 2401 2538 2463 θείας
2560 2399 2786 2470 Γραφῆς
2805 2415 2819 2431 ο
2854 2400 2949 2451 καὶ
2974 2399 3035 2450 τὸ
3067 2400 3132 2451 ὲκ
3164 2396 3257 2450 τοῦ
3299 2398 3476 2465 ὄφεως
3505 2412 3697 2465 γεννη-

2120 2492 2229 2555 θὲν,
2263 2492 2476 2554 πάντως
2499 2489 2621 2559 ὄφις
2645 2488 2810 2542 ἐστίν.
2839 2488 3047 2539 Οὐκοῦν
3066 2486 3376 2548 ἀκολούθως
3399 2487 3432 2556 ὴ
3455 2484 3697 2556 ἁμαρτία

2118 2583 2212 2637 τοῦ
2243 2582 2633 2653 γεγεννηκότος
2667 2581 2839 2651 αὑτήν
2868 2579 2983 2631 ἔστι
3012 2566 3341 2648 συνώνυμος.
3387 2575 3547 2630 ’Λλλά
3594 2574 3698 2646 μὴν

2120 2674 2394 2745 ἁμαρτίαν
2440 2673 2506 2727 δι’
2537 2673 2684 2743 ἡμᾶς
2722 2670 2975 2740 γενέσθαι
3013 2670 3102 2723 τὸν
3140 2672 3362 2740 Κύριον,
3395 2670 3424 2722 6
3467 2669 3698 2722 ἀποστο-

2119 2768 2267 2831 λικδς
2312 2767 2747 2838 διαμαρτύρεται
2798 2765 2980 2833 λόγος.
3024 2764 3116 2816 τὸν
3163 2764 3260 2834 τὴν
3310 2761 3697 2835 ἀμαρτητικὴν

2120 2859 2277 2929 ἡμῶν
2324 2858 2484 2928 φύσιν
2532 2857 3011 2932 περιϐαλλόμενον.
3060 2857 3216 2907 Κατά
3263 2854 3418 2921 λόγον
3463 2856 3571 2925 ἀρα
3624 2852 3701 2922 τῷ

2119 2949 2307 3020 Κυρίῳ
2347 2947 2721 3020 προσαρμόζει
2750 2948 2811 3000 τὸ
2846 2949 3093 3016 αἴνιγμα.
3135 2946 3197 2998 El
3223 2945 3330 3016 7&9
3364 2945 3488 3011 ὄφις
3531 2944 3632 3013 μὲν
3665 2946 3696 3012 ή

2122 3041 2387 3110 ἁμαρτία,
2420 3042 2449 3093 6
2468 3040 2525 3092 δὲ
2554 3039 2755 3110 Κύριος
2778 3037 3024 3109 ἁμαρτία
3043 3036 3277 3105 ἐγένετο,
3309 3036 3368 3098 6;
3393 3035 3548 3088 οὑδὲν
3577 3034 3703 3089 ἄλλο

2122 3134 2155 3201 ἢ
2206 3132 2449 3205 ἁμαρτία
2480 3131 2651 3194 ἐστὶν,
2696 3131 2833 3185 ἀλλά
2881 3129 2948 3183 δι’
2990 3131 3137 3200 ἡμᾶς
3187 3128 3397 3197 γίνεται
3429 3128 3575 3196 ὄφις,
3616 3128 3700 3196 ἐφ’

443 3235 658 3283 s'ruat:
686 3240 797 3295 quo
833 3222 980 3280 l'acto
1020 3237 1214 3277 rursus
1255 3221 1311 3275 in
1352 3219 1559 3285 virgam
1604 3216 1856 3279 vertitur,
1904 3229 2011 3283 qua

2120 3219 2162 3293 ᾧ
2190 3242 2249 3278 τε
2279 3226 2405 3288 τοὺς
2426 3224 2753 3292 Αἰγυπτίους
2803 3224 2958 3292 ὄφεις
3003 3223 3129 3284 τοὺς
3154 3222 3304 3291 παρά
3351 3220 3460 3273 τῶν
3490 3222 3701 3290 γοήτων

444 3321 824 3388 delinquentes
872 3315 1231 3384 castigantur,
1284 3319 1339 3365 et
1385 3308 1741 3363 consolantur
1783 3306 1876 3376 qui
1927 3319 2014 3357 ar-

445 3412 609 3464 duam
645 3423 709 3462 ac
736 3405 1007 3460 dillieilem
1056 3404 1273 3457 virtutis
1319 3406 1553 3471 pergunt
1596 3399 1774 3463 viam,
1820 3395 2015 3450 baculo

448 3502 568 3556 lidei
622 3499 827 3569 optima
875 3513 973 3568 spe
1020 3495 1216 3550 innixi.
1250 3512 1270 3544 ι
1305 3493 1400 3547 Est
1446 3493 1591 3547 enim
1650 3490 1784 3545 ﬁdes
1834 3503 2014 3542 rerum

445 3609 581 3663 quas
626 3606 911 3663 speramus
961 3586 1315 3645 subsistentia
1368 3586 1440 3645 ";
1470 3603 1489 3637 ι
1522 3597 1661 3654 quas
1704 3582 2018 3652 quicunque

447 3699 625 3741 mente
653 3682 934 3752 concepit,
964 3681 1121 3751 quasi
1156 3678 1299 3734 Deus
1326 3691 1515 3732 eorum
1552 3675 1647 3737 ﬁt;
1680 3673 1772 3744 qui
1801 3670 2016 3726 veritati

447 3776 767 3830 resistentes
795 3773 946 3827 carni
980 3786 1043 3826 ac
1075 3769 1227 3825 falsis
1262 3768 1423 3824 rebus
1453 3766 1773 3831 attendunt,
1814 3764 2017 3835 quibus

449 3870 607 3921 inane
635 3865 908 3935 quoddam
945 3876 1069 3917 esse
1100 3861 1372 3922 videntur,
1407 3873 1531 3913 eum
1567 3857 1757 3912 audire
1785 3855 1878 3925 qui
1908 3861 2013 3909 est.

449 3957 535 4008 Ait
558 3956 703 4009 enim
737 3951 949 4005 Pharao
980 3969 994 4003 ι
1023 3968 1041 4001 ι
1073 3949 1208 4015 Quis
1234 3958 1320 4004 est
1355 3946 1615 4002 Dominus
1641 3945 1803 4015 cujus
1828 3958 2019 4013 vocem

447 4043 780 4100 exaudiam?
829 4055 938 4095 non
985 4054 1255 4109 cognosco
1306 4038 1593 4092 Dominum
1640 4037 1727 4091 “z
1761 4055 1784 4087 ο
1840 4036 2018 4089 solum

450 4141 629 4188 autem
661 4137 886 4201 putatur
919 4126 1236 4181 bonorabile
1268 4139 1331 4177 ac
1362 4121 1664 4192 jucundum
1686 4162 1701 4185 ,
1733 4121 1877 4190 quod
1911 4126 2022 4174 ter-

452 4226 624 4274 restre
663 4227 825 4286 atque
852 4214 1072 4269 carnale
1100 4223 1183 4267 est
1205 4251 1218 4273 ,
1247 4211 1505 4281 quodque
1534 4209 1783 4279 corporis
1824 4223 2021 4265 sensus

452 4307 620 4361 nimia
659 4306 939 4375 voluptate
986 4303 1186 4357 titillat.
1229 4301 1332 4368 Qui
1382 4316 1511 4356 vero
1554 4302 1692 4357 lucis
1732 4300 2023 4371 splendore

450 4399 839 4455 corroboratus
868 4407 983 4460 est,
1014 4397 1370 4466 ingentesque
1411 4393 1540 4447 binc
1566 4393 1711 4448 vires
1732 4400 1789 4447 et
1830 4402 2023 4447 aucto-

2122 3315 2592 3386 ζωογονουμένους
2643 3315 2927 3383 διαφαγεῖν
2962 3331 3023 3368 τε
3072 3315 3166 3368 καὶ
3203 3313 3573 3382 ὲνδαπανῆσαι
3594 3330 3605 3341 ·
3638 3305 3698 3364 οὗ

2115 3407 2430 3476 γενομένου,
2470 3405 2634 3459 πάλιν
2682 3406 2763 3468 είς
2793 3405 2891 3475 τὴν
2933 3404 3234 3475 βακτηρίαν
3276 3402 3598 3473 μεθίσταται
3626 3400 3696 3454 δι’

2115 3492 2184 3568 ἧς
2215 3493 2639 3563 σωφρονίζονται
2669 3496 2766 3564 μὲν
2794 3496 2844 3548 οἱ
2869 3495 3294 3565 ἁμαρτάνοντες.
3329 3493 3698 3547 ἀναπαύονται

2115 3590 2172 3643 δὲ
2190 3591 2237 3642 οἱ
2254 3589 2353 3657 τὴν
2372 3589 2627 3659 ἀνωφερῆ
2655 3589 2747 3642 καὶ
2757 3586 3120 3658 δυσπόρευτον
3136 3586 3235 3657 τῆς
3258 3587 3456 3657 ἀρετῆς
3477 3588 3700 3657 πορείαν

2119 3682 2382 3744 ἀνιόντες,
2410 3680 2503 3735 διά
2534 3679 2646 3734 τῶν
2685 3676 2906 3748 ἀγαθῶν
2939 3679 3166 3733 ἐλπίδων
3203 3683 3269 3750 τῇ
3305 3679 3577 3751 βακτηρίᾳ
3604 3679 3701 3747 τῆς

2118 3772 2358 3835 πίστεως
2391 3771 2811 3842 ὲπερειδόμενοι.
2836 3788 2855 3820 ι
2882 3768 3039 3820 Ἐστι
3083 3765 3194 3836 γὰρ
3212 3766 3394 3831 πίστις
3412 3768 3699 3839 ἐλπιζομέ-

2119 3880 2225 3915 νων
2259 3862 2572 3924 ὑπόστασις.
2602 3878 2621 3911 ι
2660 3860 2718 3914 ’0
2737 3859 2986 3915 τοίνυνὲν
3016 3859 3265 3928 περινοίᾳ.
3309 3857 3513 3911 τούτων
3546 3858 3700 3925 γενό⁶

2123 3971 2311 4024 μενος,
2334 3953 2466 4015 Θεὸς
2486 3953 2744 4023 ἄντικρυς
2769 3953 2996 4020 γίνεται,
3022 3950 3130 4003 τῶν
3152 3949 3566 4018 ἀνθεστηκότων
3603 3949 3700 4016 μὲν

2119 4044 2184 4113 τῇ
2213 4041 2457 4113 ἀληθείᾳ,
2508 4042 2641 4113 πρὸς
2687 4041 2741 4094 δὲ
2769 4043 2868 4111 τὴν
2902 4040 3074 4112 ὑλώδη
3110 4040 3315 4110 ταύτην
3360 4040 3455 4093 καὶ
3498 4039 3696 4093 ἀνυπόο

2122 4150 2314 4186 στατον
2340 4134 2554 4202 ἀπάτην
2579 4132 2949 4201 ἐπτοημένων,
2971 4125 3052 4194 οἷς
3075 4131 3135 4184 τὸ
3158 4130 3388 4183 ἀκοῦσαι
3409 4129 3505 4182 τοῦ
3527 4131 3701 4193 ὄντος,

2122 4224 2309 4295 ὥσπερ
2334 4242 2386 4277 τι
2411 4223 2521 4276 τῶν
2552 4224 2795 4292 ματαίων
2829 4222 3327 4291 καταπεφρόνηται.
3360 4221 3499 4291 Φησὶ
3537 4221 3648 4291 7&9
3674 4224 3702 4275 6

2121 4312 2341 4384 Φαραὼ,
2382 4328 2401 4360 ι
2426 4311 2522 4374 Τίς
2539 4311 2707 4377 ἐστιν,
2730 4306 2792 4366 οὑ
2814 4311 3199 4381 είσακούσομαι
3250 4310 3351 4378 τῆς
3383 4310 3569 4379 φωνῆς
3612 4311 3705 4362 αὑο

2122 4402 2216 4455 τοῦ
2240 4417 2254 4466 ;
2284 4401 2383 4452 οὑκ
2403 4396 2519 4453 οἶδα
2534 4399 2625 4453 τὸν
2640 4397 2862 4469 Κύριον.
2887 4421 2906 4452 ι
2926 4401 3102 4454 Μόνον
3116 4400 3173 4453 δὲ
3197 4401 3473 4469 νομίζεται
3497 4401 3699 4469 τίμιον,

453 4492 667 4545 ritatcm
701 4490 756 4543 in
789 4487 1135 4543 adversarios
1170 4485 1345 4555 cepit,
1380 4484 1428 4539 is
1460 4483 1621 4538 sicuti
1651 4483 1855 4537 athleta
1886 4483 2016 4538 satis

2125 4496 2247 4547 ὅσοι
2275 4492 2475 4553 ὑλῶδες
2503 4492 2595 4545 καὶ
2625 4490 2879 4561 σάρκινον
2908 4491 3015 4543 τῶν
3054 4492 3181 4560 περὶ
3218 4492 3318 4554 τάς
3358 4491 3702 4562 ἀλογωτέρας

448 4582 779 4636 exercitatus
803 4577 1138 4633 conﬁdenter
1182 4591 1245 4631 ac
1281 4589 1477 4646 magno
1508 4574 1688 4629 animo
1720 4574 1775 4628 in
1807 4575 2019 4629 hostem

452 4671 735 4727 descendit
762 4688 774 4723 :
804 4671 1011 4739 virgam
1039 4669 1185 4721 illam
1215 4668 1269 4720 in
1301 4681 1465 4720 manu
1499 4666 1738 4721 retinens
1757 4706 1771 4729 ,
1804 4666 1908 4719 hoc
1937 4672 2022 4720 est

456 4764 681 4817 verbum
728 4761 887 4823 lldei,
930 4774 1039 4829 quo
1080 4768 1361 4828 serpentes
1402 4756 1784 4828 Egyptiorum
1827 4757 2018 4812 confo-

453 4854 599 4915 diet,
632 4857 796 4919 atque
826 4851 1023 4904 vincet.
1069 4848 1337 4918 Sequetur
1368 4856 1546 4903 autem
1592 4850 1769 4917 ipsum
1820 4851 2018 4917 conjux

455 4941 795 5013 alienigena,
829 4941 1064 4995 humana
1106 4939 1351 4995 videlicet
1397 4940 1511 4995 haec
1549 4942 1820 5005 eruditio,
1868 4943 2028 5012 cujus

455 5042 586 5088 sunt
613 5032 874 5087 nonnulla
919 5030 985 5083 ad
1029 5031 1326 5084 liberorum
1369 5032 1804 5100 procreationem
1851 5035 2028 5087 utilia.

462 5125 678 5179 Muralis
730 5124 877 5180 enim
941 5122 1317 5192 naturalisque
1370 5123 1715 5195 pltilosOphia
1768 5126 2030 5197 conjungi

462 5222 637 5281 potest
679 5214 922 5283 proferto
955 5212 1261 5268 sublimiori
1294 5212 1417 5266 vita:
1445 5213 1862 5285 clarissimaque
1895 5233 2030 5272 cou-

461 5302 553 5367 jux
579 5303 697 5372 ejus
726 5318 789 5358 ac
818 5303 966 5358 socia
1002 5302 1113 5356 tieri
1143 5302 1335 5364 debet,
1362 5301 1492 5356 dum
1522 5302 1643 5372 ejus
1674 5317 1862 5374 partus
1893 5310 2030 5362 nihil

464 5391 746 5461 alienigeni
777 5395 1003 5450 sceleris
1033 5408 1221 5447 secum
1265 5392 1520 5447 adducat.
1567 5395 1720 5460 Quod
1768 5399 1873 5453 nisi
1904 5403 2028 5468 quis

465 5479 816 5536 circumcidat
848 5495 1010 5553 atque
1039 5483 1278 5545 auferat,
1304 5484 1496 5539 mortis
1528 5487 1830 5554 periculum
1864 5505 2031 5559 ange-

465 5565 550 5620 lus
583 5568 794 5622 obviam
829 5571 1007 5626 factus
1036 5574 1297 5635 incutiet,
1326 5588 1488 5643 quem
1521 5590 1659 5628 uxor
1695 5576 1861 5647 Moysi
1899 5589 2030 5637 tunc

542 5748 576 5776 ’δ
613 5745 766 5798 Joaa.
799 5764 879 5811 ιιι,
919 5750 1000 5801 Μ.
1080 5754 1119 5783 ”
1152 5750 1312 5807 llebr.
1348 5771 1421 5817 τι,
1464 5755 1508 5810 l.
1590 5757 1633 5787 "
1669 5758 1838 5812 Exod.
1880 5778 1928 5825 v,
1962 5762 2014 5815 2.

2127 4583 2408 4651 αἰσθήσεις
2451 4582 2959 4650 ἀναστρεφομένων.
2993 4581 3055 4633 Εί
3106 4581 3286 4633 τοίνυν
3316 4581 3410 4633 ἐπὶ
3452 4581 3705 4633 τοσοῦτον

2128 4676 2215 4729 διὰ
2255 4678 2351 4745 τῆς
2380 4673 2474 4726 τοῦ
2517 4674 2691 4741 φωτὸς
2727 4673 3050 4742 ὲκλὰμψεως
3072 4672 3433 4743 δυναμωθείη,
3458 4673 3554 4725 καὶ
3582 4690 3703 4726 τοσ-

2130 4768 2300 4833 αύτην
2333 4764 2483 4833 ἰσχύν
2509 4781 2567 4815 τε
2603 4764 2695 4815 καὶ
2737 4762 2983 4825 ἐξουσίαν
3009 4764 3148 4816 κατὰ
3178 4746 3285 4816 τῶν
3314 4763 3705 4833 ἀντιτεταγμέ-

2131 4874 2236 4911 νων
2281 4856 2455 4928 λάϐῃ*
2497 4856 2639 4918 τότε,
2697 4854 2944 4926 καθάπερ
2975 4872 3060 4918 τις
3107 4855 3364 4925 ἀθλητὴς,
3403 4855 3607 4915 ἱκανῶς
3651 4857 3706 4907 ἐν

2127 4946 2472 5017 παιδοτρίϐου
2517 4944 2615 5014 τὴν
2661 4944 2959 5013 ἀθλητικὴν
3010 4944 3260 5015 ἀνδρείαν
3312 4944 3706 5014 ἐκμελετήσας,

2129 5038 2343 5107 θαρσῶν
2391 5035 2493 5107 ἤδη
2552 5037 2647 5088 καὶ
2697 5035 2990 5098 πεποιθὼς,
3041 5036 3176 5107 πρὸς
3226 5036 3318 5088 τὸν
3365 5036 3554 5103 ἀγῶνα
3602 5037 3708 5089 τῶν

2130 5126 2337 5198 ἐχθρῶν
2383 5124 2697 5187 ἀποδύεται,
2740 5125 2829 5178 διὰ
2860 5126 3044 5195 χειρὸς
3081 5125 3179 5195 τὴν
3224 5125 3526 5195 βακτηρίαν
3574 5126 3711 5196 ἔχων

2139 5223 2371 5292 ἐκείνην,
2406 5219 2549 5272 τοῦτ’
2584 5219 2718 5279 ἐστι,
2749 5218 2840 5271 τὸν
2865 5218 3019 5285 λόγον
3047 5221 3144 5287 τῆς
3171 5218 3424 5281 πίστεωῗν
3451 5212 3496 5286 ᾧ
3528 5219 3711 5288 μέλλει

2137 5316 2262 5377 τοὺς
2307 5312 2633 5381 Αἰγυπτίους
2678 5311 2829 5377 ὄφεις
2868 5310 3350 5376 καταγωνίζεσθαι.
3386 5312 3709 5380 Ἀκολουθή-

2142 5427 2222 5460 σει
2258 5407 2314 5459 δὲ
2342 5404 2487 5474 αὑτῷ
2515 5405 2608 5456 καὶ
2635 5405 2667 5471 ἡ
2698 5402 2755 5469 ἐξ
2782 5402 3094 5465 ἀλλοφύλων
3126 5402 3386 5471 ὂμόζυγος
3412 5420 3426 5433 ·
3464 5403 3580 5456 ἔστι
3608 5404 3712 5473 γὰρ

2139 5517 2190 5550 τι
2218 5499 2310 5551 καὶ
2352 5498 2449 5565 τῆς
2483 5495 2587 5561 ἔξω
2620 5492 2950 5555 παιδεύσεως
2980 5490 3411 5562 πρὸζσυζυγίαν
3454 5495 3613 5565 ἡμῶν
3640 5496 3715 5556 εἰς

2136 5584 2479 5651 τεκνογονίαν
2504 5586 2706 5652 ἀρετῆς
2734 5583 2834 5636 οὑκ
2865 5583 3192 5650 ἀπόϐλητον.
3227 5585 3334 5636 Καὶ
3361 5584 3468 5658 γὰρ
3492 5587 3524 5655 ὴ
3551 5587 3712 5657 ἠθικὴ

3599 358 3698 414 33⁸3
3788 410 3793 419 .
