3890 6350
233 416 336 472 ’ὀδῖ
1584 421 1670 476 DE
1712 418 1857 475 νιτΑ

1959 419 2053 476 {DY
2065 419 2185 476 SIS.
2200 464 2201 469 η
3044 466 3053 471 .
3419 415 3537 471 538

251 553 312 590 τε
347 536 445 591 καὶ
472 538 687 610 φυσικὴ
720 535 1005 608 φιλοσοφία
1032 537 1242 607 γένοιτο
1274 536 1338 590 ἄν
1385 553 1514 590 ποτε
1539 534 1618 605 τῷ
1650 534 1848 604 ὑψηλο·

1959 531 2215 600 placavit,
2248 545 2372 586 cum
2404 532 2681 588 ablatione
2725 531 3012 604 praeputii,
3057 544 3167 599 quo
3205 527 3524 597 alienigena:

261 627 404 699 πόρῳ
424 628 525 699 βίῳ
552 629 788 699 σύζυγός
806 647 866 682 τε
890 628 983 683 καὶ
1003 629 1132 699 φίλη
1156 629 1248 698 καῖ
1272 627 1529 689 κοινωνὸς
1554 626 1654 695 τῆς
1674 622 1842 691 ζωῆς

1959 632 2359 693 cognoscuntur
2383 635 2548 694 atque
2576 624 3041 684 contaminamur,
3066 618 3329 675 mundum
3353 617 3522 672 tilium

266 718 424 789 μόνον
451 721 502 773 εἰ
541 720 614 774 τὰ
641 722 707 773 ἐκ
736 721 937 790 ταύτης
962 721 1218 791 κυήματα
1259 718 1422 790 μηδὲν
1451 716 1708 783 ἐπάγοιτο
1748 712 1843 766 τοῦ

1959 725 2113 765 suum
2137 711 2395 767 eﬁ'ecerit.
2420 712 2575 779 Quod
2596 714 2812 783 quidem
2837 712 3066 781 aenigma
3093 709 3337 764 historiae
3369 707 3525 762 facile

265 810 557 879 ἀλλοφύλου
590 810 914 881 μιάσματος.
939 810 1142 864 Τούτου
1177 808 1285 879 γάρ
1316 808 1391 879 μὴ
1418 803 1844 877 περιτμηθέντος

1959 800 2075 869 quis
2103 817 2198 871 per
2226 817 2290 856 ea
2320 818 2443 873 quae
2486 803 2630 858 dicta
2670 811 2800 858 sunt
2842 802 2909 857 ad
2947 801 3279 856 Christianae
3306 799 3524 854 virtutis

261 903 362 955 καὶ
408 900 868 972 περιαιρεθέντος,
896 900 1038 954 ὥστε
1087 900 1198 953 πᾶν
1241 896 1531 957 ἐπιϐλαϐὲς
1579 893 1670 947 καὶ
1707 889 1843 943 ἀκά-

1959 890 2279 962 pietatisque
2308 893 2706 948 incrementum
2743 893 3002 963 adaptare
3032 894 3252 962 poterit.

267 993 462 1062 θαρτον
502 993 891 1064 ἀφαιρεθῆναν
935 995 964 1046 ὀ
1009 991 1283 1045 συναντῶν
1328 989 1556 1058 ἄγγελος
1587 986 1678 1038 τὸν
1710 982 1838 1053 περὶ
1875 979 2104 1035 θανάτου
2132 985 2293 1053 φόϐον
2314 987 2550 1056 -ἐπάγει,
2580 986 2641 1040 όν
2682 985 2912 1040 ἰλεοῦται
2942 989 2974 1056 ἡ
3011 986 3257 1056 σύμϐιος,
3289 986 3323 1056 ή
3355 985 3525 1038 καθα-

268 1086 364 1154 ρὸν
401 1084 822 1138 ἀποδεικνύουσα
843 1084 905 1137 τὸ
926 1084 1123 1152 ἑαυτῆς
1147 1081 1388 1150 ἔγγονον,
1417 1082 1483 1149 τῇ
1511 1073 1855 1147 περιαιρέσει
1878 1069 1981 1123 τοῦ
2009 1072 2316 1145 ἰδιώματος,
2352 1078 2438 1146 ἐφ’
2469 1071 2514 1146 ᾧ
2551 1079 2873 1148 γνωρίζεται
2910 1078 2970 1130 τὸ
3010 1077 3323 1146 ἀλλόφυλον.
3356 1073 3524 1147 Οἶμαι

267 1174 322 1228 δὲ
365 1173 444 1245 τῷ
491 1174 826 1245 μεμνημένῳ
865 1173 966 1243 τῆς
999 1171 1277 1242 ἱστορικῆς
1313 1169 1643 1238 ἀφηγήσεως
1676 1158 1944 1232 πρόδηλον
1979 1156 2119 1215 εἶναι
2160 1162 2250 1218 διὰ
2290 1165 2398 1219 τῶν
2429 1166 2757 1237 εἰρημένων,
2804 1167 2902 1237 τὴν
2936 1166 3258 1220 ἀκολουθίαν
3286 1168 3383 1236 τῆς
3405 1172 3524 1221 κατ’

267 1268 470 1341 ἀρετὴν
498 1268 811 1331 ἐπιδόσεως,
858 1269 925 1338 ἢν
968 1267 1341 1321 ὑποδείκνυσιν
1372 1265 1402 1316 ὁ
1433 1263 1609 1331 λόγος,
1641 1257 1718 1327 τῷ
1744 1252 1921 1325 εἱρμῷ
1968 1254 2076 1310 τῶν
2100 1260 2387 1330 ἱστορικῶν
2415 1264 2751 1331 αἰνιγμάτων
2790 1262 3095 1325 ἀκολούθως
3120 1263 3401 1339 ἑπόμενος.

341 1367 499 1419 Ἔστι
550 1365 658 1434 γάρ
694 1380 748 1417 τι
785 1364 884 1433 τῆς
921 1362 1208 1432 φιλοσόφου
1253 1360 1419 1429 γονῆς
1465 1361 1522 1411 ἐν
1565 1355 1851 1427 μαθήμασι

2022 1352 2200 1409 liabet
2227 1357 2375 1411 enim
2408 1357 2723 1428 philosophi
2742 1358 2928 1412 saeculi
2960 1367 3153 1427 partus
3172 1358 3526 1429 humanaque

266 1457 546 1530 σαρκῶδές
603 1474 664 1509 τε
728 1457 822 1527 καὶ
883 1454 1242 1525 ἀκρόϐυστον,
1283 1446 1344 1505 οὗ
1392 1447 1850 1521 περιαιρεθέντος,

1959 1444 2243 1514 disciplina
2268 1450 2496 1504 carnale
2542 1451 2815 1520 quoddam
2869 1452 3220 1520 praeputium,
3271 1466 3387 1519 qno
3415 1452 3526 1503 eira

271 1552 370 1621 τῆς
438 1547 834 1619 Ἰσραηλιτικῆς
894 1545 1173 1614 εὐγενείας
1231 1543 1350 1596 ἐστὶ
1400 1541 1461 1594 τὸ
1514 1538 1850 1607 λειπόμενον,

1959 1538 2203 1592 cumciso
2246 1540 2393 1609 quod
2455 1541 2814 1611 relinquitur,
2873 1541 3191 1596 Israelitica:
3250 1541 3540 1595 invenitur-

267 1637 402 1704 οἷον,
446 1638 712 1693 ἀθάνατον
762 1632 901 1689 εἶναι
930 1634 1029 1705 τὴν
1051 1634 1246 1705 ψυχὴν,
1282 1634 1429 1701 καὶὴ
1468 1628 1669 1694 ἔξωθεν
1706 1624 1853 1696 φιλο-

1959 1643 2078 1683 esse
2118 1630 2444 1695 nobilitatis,
2500 1642 2579 1698 ut,
2629 1632 2865 1702 exempli
2920 1647 3110 1696 causa,
3159 1631 3527 1685 immortalem

268 1729 435 1798 σοφία
492 1728 671 1798 φησίν.
728 1720 897 1790 Οὗτος
947 1728 976 1780 ό
1023 1725 1256 1795 εὐσεϐής
1293 1725 1410 1776 ἐστι
1454 1722 1633 1782 τόκος.
1694 1715 1855 1770 Ἀλλά
1884 1753 1927 1807 Β

270 1818 617 1889 μεταϐαίνειν
642 1819 749 1872 ἀπὸ
792 1820 1056 1888 σωμάτων
1092 1818 1170 1879 εἰς
1209 1815 1432 1886 σώματα
1456 1852 1471 1875 ,
1502 1812 1593 1865 καὶ
1620 1811 1683 1861 ἐκ
1707 1808 1852 1875 λογι-

270 1912 377 1982 κῆς
403 1910 617 1979 φύσεως
654 1912 733 1974 εἰς
760 1909 953 1977 ἄλογον
989 1909 1158 1979 αὐτὴν
1194 1904 1564 1976 μεταφύεσθαι
1584 1919 1597 1933 ·
1629 1899 1788 1953 τοῦτο
1814 1901 1847 1968 ἡ

270 1999 562 2072 σαρκώδης
588 2016 649 2051 τε
688 1998 782 2051 καὶ
822 1996 1117 2066 ἀλλόφυλός
1159 1997 1307 2048 ἐστιν
1350 1991 1702 2064 ἀκροϐυστία.
1740 1989 1852 2042 Καὶ

267 2091 407 2148 ἄλλα
439 2089 661 2144 τοιαῦτα
691 2088 882 2143 πολλά.
911 2087 1043 2140 Θεὸν
1073 2081 1214 2139 εἷναί
1239 2100 1426 2153 φησιν,
1455 2082 1590 2137 ἀλλά
1623 2081 1716 2134 καὶ
1739 2080 1853 2132 ὑλι-

269 2184 367 2237 κὸν
394 2182 557 2235 αὐτὸν
597 2182 769 2236 οῐεται
787 2197 803 2211 ν
840 2177 1171 2250 δημιουργὸν
1210 2175 1372 2231 αὑτὸν
1416 2172 1687 2244 ὁμολογεῖ,
1717 2170 1852 2224 ἀλλά

270 2274 406 2345 ὕλης
437 2274 576 2346 πρὸς
605 2271 964 2343 δημιουργίαν
1003 2269 1285 2340 δεόμενονο
1313 2265 1517 2335 ἀγαθόν
1549 2281 1607 2318 τε
1639 2263 1732 2317 καὶ
1760 2263 1851 2316 δυ-

272 2367 431 2421 νατδν
461 2360 601 2420 εἶναι
645 2365 882 2428 δίδωσιν,
916 2361 1055 2416 ἀλλά
1097 2362 1448 2431 παραχωρεῖν
1489 2360 1546 2412 ἐν
1588 2360 1700 2420 τοῖς
1726 2357 1854 2409 πολ-

268 2456 383 2523 λοῖς
428 2462 495 2530 τῇ
529 2457 744 2530 ἀνάγκῃ
787 2457 885 2526 τῆς
924 2453 1285 2526 εἱμαρμένης,
1328 2452 1424 2504 καὶ
1457 2450 1508 2503 τί
1552 2450 1618 2503 ἀν
1664 2464 1750 2511 τις
1785 2446 1855 2501 τὰ

269 2551 398 2606 καθ’
428 2552 659 2605 ἕκαστον
695 2550 952 2621 διηγοῖτο,
979 2550 1130 2611 ὅπως
1166 2548 1236 2601 τά
1266 2543 1407 2599 καλά
1434 2542 1543 2597 τῶν
1568 2542 1883 2617 δογμάτων,

271 2641 426 2713 παρά
446 2645 512 2713 τῇ
539 2642 645 2709 ἔξω
669 2640 956 2711 φιλοσοφίᾳ
982 2641 1103 2701 ταῖς
1128 2638 1352 2699 ἀτόποις
1380 2632 1724 2705 προσθήκαις
1752 2647 1855 2685 κα-

272 2730 659 2803 ταμολύνεται,
698 2724 775 2783 ὧν
815 2726 1277 2801 περιαιρεθέντων
1323 2723 1480 2785 ῖλεως
1512 2723 1645 2791 ήμῖν
1686 2722 1715 2774 ό
1758 2718 1852 2772 τοῦ

272 2821 411 2876 Θεοῦ
441 2820 670 2890 ἄγγελος
692 2819 925 2890 γίνεται,
954 2819 1030 2882 ὡς
1058 2815 1267 2886 γνησίῳ
1289 2815 1433 2885 τόκῳ
1460 2812 1568 2866 τῶν
1598 2809 1879 2864 τοιούτωνο

270 2914 561 2983 δογμάτων
596 2909 1057 2981 ἐπαγαλλόμενος.
1104 2907 1241 2961 Ἀλλ’
1271 2905 1557 2960 ἐπανιτέον
1596 2905 1733 2975 πρὸς
1755 2903 1854 2974 τὴν

274 3004 593 3059 ἀκολουθίαν
632 3002 724 3057 τοῦ
767 3001 948 3070 λόγου,
994 3001 1070 3063 ὼς
1108 2999 1176 3053 ἂν
1204 2999 1300 3052 καὶ
1342 3000 1474 3067 ήμῖν
1523 2994 1853 3064 ἀπαντήσειέ

276 3114 430 3163 ποτε,
466 3095 692 3165 πλησίον
720 3094 1028 3164 γενομένοις
1054 3091 1164 3144 τῶν
1189 3088 1501 3159 Αἰγυπτίων
1534 3086 1782 3155 ἀγώνων.
1819 3088 1853 3157 ἡ
1886 3072 1929 3129 C

276 3187 542 3259 ἀδελφικὴ
570 3185 881 3256 συμμαχία·
918 3180 1246 3254 μεμυήμεθα
1285 3179 1416 3251 γὰρ,
1440 3178 1515 3242 ὡς
1543 3180 1662 3231 κατ’
1688 3176 1860 3248 ἀρχὰς

279 3278 384 3348 μὲν
407 3276 503 3330 τοῦ
535 3277 654 3329 κατ’
676 3274 875 3345 ἀρετὴν
902 3272 1038 3343 βίου,
1067 3270 1326 3340 συντυχία
1348 3270 1559 3338 γίνεται
1584 3267 1663 3338 τῷ
1694 3268 1859 3321 Μωῦο

277 3368 394 3431 σεῖ,
432 3367 703 3438 πολεμική
747 3382 809 3419 τε
863 3365 959 3418 καὶ
998 3360 1352 3435 πμτιώδης,
1390 3359 1644 3429 Ἐϐραῖον
1687 3375 1859 3412 κατα-

275 3458 568 3522 πονοῦντος
596 3457 692 3511 τοῦ
738 3454 1036 3525 Αἰγυπτίου
1056 3470 1073 3486 ο
1114 3454 1210 3508 καί¹
1241 3452 1402 3507 πάλιν
1439 3451 1693 3523 Ἐϐραίου
1724 3450 1861 3523 πρὸς

274 3552 373 3606 τόν
402 3551 672 3621 ὁμόφυλον
721 3548 1120 3613 στασιάζοντος.

349 3644 416 3697 Εἰ
430 3644 486 3697 δὲ
511 3644 647 3711 πρὸς
663 3643 724 3696 τὸ
744 3642 925 3713 μεῖζον
946 3640 1055 3693 τῶν
1081 3639 1182 3709 τῆς
1200 3636 1377 3707 ψυχῆς
1396 3633 1857 3705 κατορθωμάτων,

273 3734 371 3788 διά
388 3750 447 3786 τε
469 3733 567 3802 τῆς
597 3734 813 3803 μακρᾶς
839 3729 1177 3800 ἐπιμελείας,
1201 3729 1297 3781 καὶ
1316 3726 1404 3780 διά
1425 3726 1522 3795 τῆς
1542 3726 1600 3778 ἐν
1625 3723 1703 3793 τῷ
1736 3722 1861 3791 ὕψει

274 3825 576 3894 γενομένης
600 3820 960 3891 φωταγωγίας
987 3819 1297 3891 ἐπαρθέντι,
1322 3816 1494 3887 φίλιός
1516 3833 1574 3869 τε
1597 3814 1694 3869 καὶ
1711 3816 1860 3884 εἰρη-

274 3911 402 3982 νικὴ
430 3914 638 3982 γίνεται
662 3915 696 3983 ή
748 3912 1024 3981 συντυχία,
1049 3910 1232 3964 θεόθεν
1250 3907 1346 3962 τοῦ
1360 3907 1588 3976 ἀδελφοῦ
1611 3907 1746 3977 πρὸς
1761 3905 1861 3976 τὴν

276 4006 584 4074 ἀπάντησιν
620 4004 785 4059 αὐτοῦ
828 4002 1292 4075 παρορμηθέντας.
1338 4001 1403 4053 Εἰ
1445 4000 1556 4070 γὰρ
1591 3998 1727 4070 πρὸς
1760 3999 1860 4069 τὴν

274 4098 693 4169 τροπικωτέραν
712 4094 1085 4165 μεταληφθείη
1118 4093 1350 4164 θεωρίαν
1376 4092 1437 4145 τὸ
1462 4091 1584 4144 καθ’
1615 4090 1860 4161 ἱστορίαν

276 4187 667 4257 γεγενημένον’
698 4185 848 4239 οὐδὲν
871 4187 1002 4256 ἡμῖν
1027 4185 1301 4255 ἄχρηστον
1322 4183 1459 4255 πρὸς
1476 4183 1566 4235 τὸν
1591 4180 1860 4252 ἡμέτερον

277 4276 528 4350 εὑρεθείη
549 4277 765 4329 σκοπόν.
785 4275 876 4345 Τῷ
896 4276 1010 4329 ὄντι
1023 4276 1132 4347 γὰρ
1147 4277 1259 4337 τοῖς
1276 4275 1333 4327 ἐν
1349 4275 1518 4344 ἀρετῇ
1534 4270 1858 4343 κατορθοῦσι

1954 1736 2078 1775 esse
2107 1722 2351 1776 animum
2393 1724 2706 1794 philosophi
2746 1723 3061 1794 perhibent,
3127 1723 3182 1777 id
3218 1723 3367 1792 pium
3421 1730 3523 1777 est.

1953 1811 2030 1867 De
2060 1800 2390 1882 corporibus
2432 1815 2487 1868 in
2542 1829 2777 1885 corpora
2828 1816 3072 1870 transire
3111 1816 3328 1873 volunt.
3375 1813 3529 1869 etde

1953 1904 2208 1958 rationali
2250 1914 2445 1959 natura
2481 1906 2646 1960 etiam
2677 1905 2731 1959 in
2765 1907 2997 1958 rationis
3030 1912 3313 1973 expertem
3350 1914 3531 1958 trans-t

1952 1995 2107 2050 silire
2161 1996 2411 2050 nonnulli
2470 2003 2760 2060 asserunt,
2815 1996 2930 2049 haec
2989 1995 3147 2064 quasi
3199 1994 3526 2063 praeputium

1950 2084 2401 2141 circumcidenda
2438 2094 2589 2150 sunt,
2625 2086 2927 2156 proculque
2944 2085 3167 2139 omnino
3193 2083 3521 2151 abjicienda.

1951 2176 2122 2232 Deum
2172 2192 2298 2233 esse
2354 2194 2464 2234 non
2509 2187 2734 2251 negant,
2770 2178 2867 2233 sed
2926 2185 2980 2232 et
3019 2175 3357 2230 materialem
3400 2188 3522 2230 eum

1953 2269 2327 2335 arbitrantur;
2393 2279 2702 2326 creatorem
2768 2269 2946 2339 ipsum
3006 2266 3276 2329 fatentur,
3332 2262 3429 2320 sed
3475 2274 3529 2317 et

1953 2360 2182 2415 materia
2208 2361 2277 2415 ad
2331 2360 2632 2416 creandum
2694 2359 3002 2430 indiguisse
3055 2357 3235 2427 ipsum
3291 2356 3527 2416 volunt;

1954 2451 2159 2505 bonum
2190 2460 2245 2508 et
2274 2460 2551 2522 potentem
2578 2467 2704 2507 eum
2740 2451 3071 2514 concedunt,
3120 2448 3215 2504 sed
3248 2448 3305 2502 in
3344 2447 3532 2501 multis

1953 2541 2051 2596 fati
2080 2544 2400 2599 necessitati
2452 2544 2650 2599 cedere
2683 2564 2697 2599 :
2735 2545 3019 2613 multaque
3053 2545 3158 2597 alia
3212 2542 3529 2610 ltnjusmodi

1953 2641 2085 2689 sunt
2119 2635 2264 2691 veris
2287 2637 2595 2706 excogitata
2632 2636 2963 2701 rationibus,
3015 2637 3111 2690 sed
3152 2634 3412 2689 absurdis
3449 2641 3533 2688 at-

1953 2741 2061 2796 que
2089 2725 2245 2782 falsis
2283 2728 2730 2797 oppositionibus
2780 2728 3089 2795 maculata;
3133 2743 3255 2797 quae
3278 2727 3323 2781 si
3367 2726 3533 2780 tolla-

1953 2832 2099 2881 Inus,
2127 2817 2396 2887 propitius
2431 2819 2592 2875 nobis
2620 2817 2719 2874 Dei
2746 2820 2972 2889 angelus
2991 2819 3084 2883 sit,
3109 2828 3301 2888 utpote
3334 2819 3529 2872 horum

1953 2905 2269 2976 dogmatum
2306 2916 2466 2978 partu
2500 2909 2745 2979 legitimo
2795 2910 3156 2965 exhilaratus.
3197 2909 3300 2965 Sed
3334 2910 3401 2964 ad
3434 2909 3535 2963 in-

1956 2999 2204 3053 stitutam
2237 3001 2658 3070 explicationem
2696 3002 3007 3063 redeamus,
3033 3010 3091 3056 ut
3114 3002 3396 3057 videmnus
3422 3016 3536 3069 quo

1962 3095 2124 3158 pacto
2159 3089 2402 3145 fraterna
2430 3092 2593 3146 nobis
2622 3090 2881 3163 suffragia
2905 3092 3256 3149 subveniant.
3284 3091 3530 3145 Primum

1961 3180 2130 3251 igitur
2184 3183 2239 3236 in
2294 3182 2455 3249 initio
2491 3184 2666 3254 ipsius
2712 3184 2858 3248 vitae,
2907 3199 3033 3239 cum
3061 3185 3309 3239 virtuose
3347 3184 3534 3238 vivere

1961 3270 2176 3343 Moyses
2209 3273 2422 3337 maluit,
2450 3288 2612 3344 quam
2652 3274 2856 3344 reginae
2890 3274 3039 3329 [ilius
3077 3275 3286 3343 absque
3331 3275 3535 3328 virtute

1962 3364 2291 3432 nuncupari,
2331 3364 2631 3419 bellicosus
2684 3366 2907 3433 quidam
2950 3380 3116 3421 casus
3167 3380 3231 3421 ac
3278 3365 3534 3419 militaris

1960 3455 2011 3510 ei
2046 3457 2312 3521 occurrit,
2360 3455 2619 3528 Egyptio
2649 3457 2717 3511 ad
2750 3456 3064 3523 Hebraeum,
3111 3472 3175 3513 ac
3214 3472 3407 3514 rursus
3435 3455 3536 3512 ile-

1961 3547 2108 3601 braao
2138 3547 2204 3601 ad
2235 3547 2402 3601 alium
2441 3550 2527 3603 sui
2566 3548 2784 3618 generis
2841 3548 3278 3619 insurgentibus.

2031 3638 2237 3695 Deinde
2268 3654 2393 3694 cum
2426 3639 2538 3709 jam
2575 3639 2723 3695 omni
2751 3656 2984 3696 numero
3008 3640 3534 3711 virtutis,longaque

1961 3728 2428 3798 praemeditatione
2460 3729 2988 3801 exercitationeque,
3009 3745 3072 3784 ac
3096 3730 3311 3784 demum
3334 3730 3536 3784 divinze

1960 3822 2100 3876 lucis
2116 3822 2327 3878 visione
2347 3838 2377 3876 a
2399 3822 2695 3877 terrenisin
2712 3822 2904 3876 altiora
2922 3820 3026 3875 fuit
3052 3822 3316 3888 elevatus,
3352 3822 3534 3894 placa-

1960 3915 2087 3970 bilis
2130 3923 2183 3970 et
2217 3922 2402 3984 optata
2436 3914 2621 3970 fratris
2656 3913 2759 3969 sibi
2786 3916 3099 3969 occursatio
3128 3913 3271 3967 facta
3308 3921 3411 3976 est,
3446 3914 3532 3967 di-

1960 4007 2164 4061 vinitus
2197 4015 2256 4060 ut
2290 4006 2340 4061 ei
2381 4006 2597 4060 obviam
2627 4006 2838 4061 veniret
2871 4005 3267 4061 excitati.Nam
3288 4005 3534 4076 profecto

1961 4100 2009 4154 si
2038 4099 2370 4168 tropologice
2399 4097 2546 4168 quod
2571 4099 2874 4153 secundum
2905 4096 3193 4151 historiam
3225 4097 3409 4151 evenit
3440 4113 3533 4150 ac-

1961 4190 2219 4262 cipimus,
2260 4199 2393 4244 tunc
2440 4189 2733 4245 manifeste
2766 4188 3012 4244 divinum
3053 4189 3120 4244 ad
3152 4190 3405 4245 virtutem
3437 4205 3533 4243 no-

1962 4284 2046 4338 bis
2076 4282 2439 4352 patrocinium
2467 4279 2694 4335 concedi
2723 4280 3087 4349 reperiemus,
3133 4294 3257 4334 cum
3294 4295 3360 4333 ex
3395 4295 3535 4348 prce-

276 4367 377 4421 καί
390 4370 424 4438 ἡ
448 4368 599 4438 παρὰ
617 4366 712 4420 τοῦ
728 4366 862 4420 Θεοῦ
880 4366 1097 4421 δοθεῖσα
1116 4367 1183 4435 τῇ
1207 4363 1369 4433 φύσει
1393 4362 1551 4433 ἡμῶν
1574 4361 1857 4431 συμμαχία

1964 4375 2172 4443 scripto
2204 4373 2418 4427 virtutis
2444 4372 2557 4441 jam
2599 4386 2661 4425 ac
2699 4372 2785 4441 pie
2838 4370 3173 4437 vixerimus;
3211 4372 3354 4439 quod
3408 4370 3533 4439 qni-

279 4458 676 4528 συνίσταται,,ἥ
708 4455 1110 4528 προγενεστέρα
1136 4456 1234 4525 μέν
1275 4456 1390 4507 ἐστι
1418 4452 1561 4506 κατὰ
1586 4454 1686 4524 τὴν
1709 4451 1857 4524 πρώ-

276 4565 381 4620 την
404 4548 637 4615 γένεσιν,
669 4548 789 4603 τότε
829 4548 887 4601 δὲ
927 4548 1175 4617 φαίνεται
1219 4545 1315 4598 καὶ
1347 4543 1693 4614 γνωρίζεται,
1732 4544 1858 4597 ὅταν

277 4638 591 4709 ἰκανῶς-τῷ
617 4640 929 4710 ὑψηλοτέρῳ
963 4638 1062 4709 βίῳ
1097 4638 1187 4691 διὰ
1219 4637 1495 4706 προσοχῆς
1531 4652 1591 4689 τε
1625 4636 1716 4689 καὶ
1739 4637 1849 4688 ἐπι-

278 4728 505 4800 μελείας
528 4730 724 4792 αὐτοὺς
751 4726 1150 4789 οἰκειώσαντες,
1178 4726 1314 4797 πρὸς
1331 4726 1458 4788 τοὺς
1482 4723 1860 4793 ἰσχυροτέρους

273 4819 388 4873 τῶν
418 4818 594 4872 ἄθλων
619 4818 1000 4887 ἀπώυὼμεθα.
1046 4818 1132 4878 Ὠς
1160 4817 1204 4871 δ’
1239 4816 1306 4870 ἂν
1354 4815 1428 4887 μὴ
1448 4816 1516 4869 δι’
1541 4815 1861 4884 αἰνίγματος

274 4913 411 4983 ἡμῖν
462 4911 533 4964 τά
580 4912 878 4981 αἰνίγματα
931 4909 1220 4973 διαλύοιτο,
1261 4909 1591 4978 γυμνότερον
1632 4906 1861 4975 ἐκθήσο-

279 5020 382 5073 μαι
416 5004 516 5074 τὴν
555 5004 683 5073 περὶ
734 5003 922 5055 τούτου
969 5002 1225 5056 διάνοιαν.
1259 5001 1432 5068 Λόγος
1475 5000 1559 5063 τίς
1608 5002 1755 5053 ἐστιν
1796 5000 1860 5051 ἐκ

277 5094 555 5165 πατρικῆς
594 5092 941 5165 παραδόσεως
965 5094 1027 5146 τὸ
1059 5093 1250 5145 πιστὸν
1277 5090 1416 5161 ἔχων
1436 5130 1450 5155 ,
1474 5091 1534 5153 ὃς
1567 5107 1718 5159 φησι,
1758 5106 1858 5141 πε-

176 5234 185 5241 .
278 5183 484 5253 σούσης
535 5183 692 5254 ήμῶν
719 5185 800 5247 εἰς
845 5184 1120 5255 ἁμαρτίαν
1167 5183 1266 5254 τῆς
1291 5182 1525 5251 φύσεως,
1575 5181 1649 5251 μὴ
1692 5198 1858 5252 παρι-

273 5278 388 5329 δεῖν
455 5276 550 5329 τὸν
590 5274 750 5329 ,Θεὸν
809 5276 907 5346 τὴν
976 5275 1183 5328 πτῶσιν
1255 5272 1415 5345 ήμῶν
1487 5273 1855 5342 ἀπρονόητον·

276 5366 395 5420 ἀλλ’
428 5367 662 5436 ἄγγελόν
687 5383 809 5419 τινα
839 5366 945 5419 τῶν
981 5366 1083 5436 τὴν
1115 5364 1409 5438 ἀσώματον
1434 5364 1729 5434 εἰληχότων
1760 5365 1861 5433 (ptio

276 5476 383 5525 σιν,
418 5459 836 5531 παρακαθιστᾷν
862 5460 942 5522 εἰς
981 5457 1299 5528 συμμαχίαν
1335 5458 1401 5527 τῇ
1449 5455 1679 5509 ἑκάστου
1721 5455 1857 5526 ζωῇ,

272 5554 341 5607 ἐκ
364 5554 421 5607 δὲ
446 5540 541 5607 τοῦ
572 5550 821 5606 ἐναντίου
842 5589 857 5613 ,
901 5551 992 5603 τὸν
1025 5548 1227 5620 φθορέα
1254 5548 1354 5619 τῆς
1381 5547 1596 5617 φύσεως
1628 5548 1859 5618 ἀντιμη-

273 5643 537 5718 χανᾶσθαι
584 5642 647 5697 τὸ
699 5640 813 5694 ἴσον
845 5641 932 5696 διὰ
966 5640 1205 5713 πονηροῦ
1247 5659 1390 5706 τινος
1439 5644 1531 5698 καί
1562 5641 1857 5695 κακοποιοῦ

1962 4469 2083 4523 dem
2116 4464 2483 4537 patrocinium
2528 4464 2700 4534 prima
2746 4462 3097 4534 generatione
3150 4468 3206 4516 et
3255 4461 3535 4515 creatione

1961 4566 2147 4612 nostra
2220 4554 2502 4623 antiquius
2552 4561 2638 4608 est
2670 4571 2683 4607 :
2718 4553 2869 4623 prius
2916 4552 3061 4607 enim
3121 4559 3386 4615 creatum,
3435 4551 3532 4606 sed

1958 4657 2091 4705 tunc
2113 4647 2456 4718 apertissime
2486 4652 2733 4715 apparet,
2756 4660 2879 4699 cum
2911 4660 3014 4699 nos
3045 4645 3195 4715 ipsos
3229 4643 3534 4698 attentione

1960 4754 2023 4794 ac
2053 4753 2187 4793 cura
2227 4736 2437 4792 meliori
2470 4736 2597 4789 vitae
2636 4733 3053 4798 tradiderimus,
3087 4749 3151 4789 ac
3185 4749 3284 4804 pro
3318 4734 3433 4788 zelo
3469 4733 3532 4786 ti—

1959 4833 2048 4886 dei
2086 4839 2140 4886 et
2198 4830 2419 4883 virtutis
2472 4826 2771 4881 certamina
2804 4824 3214 4895 susceperimus
3258 4824 3530 4895 graviora.

1962 4922 2162 4978 Verum
2195 4934 2263 4975 ne
2316 4920 2545 4988 aenigma
2591 4916 2836 4971 historia:
2865 4930 2964 4985 per
3010 4916 3297 4986 aenigmata
3335 4912 3532 4981 exponi

1960 5016 2231 5078 videatur,
2278 5012 2442 5066 latius
2469 5010 2615 5081 quod
2650 5009 2824 5064 sentio
2854 5006 3260 5078 explana-udum
3291 5013 3411 5060 est:
3439 5018 3535 5057 oc-

1961 5106 2159 5161 cultior
2206 5102 2452 5173 quaedam
2504 5099 2751 5159 traditio.
2803 5105 2858 5153 et
2890 5113 3052 5152 verus
3111 5108 3295 5151 sermo
3332 5093 3400 5147 ad
3430 5107 3532 5146 nos

1962 5212 2138 5267 usque
2160 5193 2470 5259 descendit,
2503 5206 2613 5261 quo
2642 5190 2908 5251 creditur.
2930 5196 3285 5257 posteaquam
3312 5184 3366 5236 in
3405 5198 3533 5251 pec-

1961 5293 2141 5338 catum
2175 5288 2377 5334 natura
2402 5286 2590 5334 nostra
2639 5278 2788 5345 lapsa
2815 5285 2922 5340 est,
2967 5290 3075 5328 non
3106 5271 3330 5327 omnino
3358 5285 3389 5325 a
3415 5270 3532 5323 cle-

1962 5368 2373 5425 mentiadivina
2406 5367 2730 5437 neglectam,
2781 5379 2955 5432 neque
2977 5365 3183 5430 absque
3215 5373 3317 5415 suo
3347 5366 3528 5430 patro-

1960 5463 2108 5518 cinio
2137 5459 2441 5521 dimissam,
2465 5457 2560 5513 sed
2594 5456 2934 5527 angelorum,
2982 5452 3076 5522 qui
3108 5460 3305 5506 natura
3343 5451 3527 5506 incor-

1962 5554 2123 5625 porei
2148 5559 2297 5613 sunt.
2340 5550 2576 5619 aliquem
2623 5547 2679 5601 in
2717 5544 3112 5599 adminiculum
3156 5542 3358 5613 cuique
3394 5558 3529 5598 eon-

1962 5648 2208 5704 stitutum
2244 5643 2435 5710 fuisse,
2468 5648 2785 5709 natumque
2824 5646 3030 5693 nostra:
3065 5643 3449 5711 corruptorem
3473 5638 3541 5692 in.
