3890 6350
395 413 498 468 559

1589 420 1646 468 S.
1725 414 2051 470 Clu-£03"
2095 416 2134 467 Ν
2149 418 2385 471 YSSENI

3544 413 3640 471 3&0

395 529 652 584 omnibus
677 537 867 582 contra
885 527 1238 588 auuitentem,
1277 544 1501 597 pravum
1531 529 1766 598 aliquem
1793 538 1957 599 atque

2085 531 2333 600 ςαίμονος,
2379 533 2444 599 τῇ
2480 529 2572 580 τοῦ
2608 527 2897 596 ἀνθρώπου
2931 525 3042 594 ζωῇ
3087 526 3512 595 λυμαινόμενον.
3560 526 3644 579 Ἑν

395 619 701 672 maleficum
733 619 978 673 daamona
1017 619 1083 672 ad
1106 619 1246 674 male
1272 619 1562 674 vivendum
1584 621 1833 678 homines
1865 624 1966 677 imo

396 708 705 779 pellentem,
763 706 830 760 ad
865 707 1112 776 singulos
1161 707 1488 763 destinasse.
1537 709 1742 764 Horum
1785 721 1966 764 autem

396 796 634 849 medium
673 795 877 849 factum
927 798 1224 858 hominem,
1284 813 1517 866 quorum
1579 801 1717 856 alter
1764 801 1964 862 bonus,

394 887 616 942 virtutis
639 886 782 941 bona
827 888 1256 957 cogitationibus
1281 890 1457 954 offert,
1479 906 1601 960 quae
1630 893 1699 946 ab
1737 893 1845 948 illis
1872 893 1966 962 qui

395 988 546 1036 recte
569 997 630 1037 se
673 985 965 1053 gesserint,
1009 999 1104 1053 per
1149 999 1299 1053 spem
1345 983 1627 1048 videntur;
1670 983 1805 1036 alter
1839 999 1968 1038 vero

395 1069 736 1125 titillationes
767 1079 822 1125 et
843 1071 1146 1139 voluptates
1176 1069 1360 1124 carnis
1377 1069 1639 1138 suggerit,
1663 1083 1728 1121 ex
1767 1067 1967 1136 quibus

396 1157 542 1212 nulla
575 1158 842 1212 bonorum
887 1172 1014 1226 spes
1052 1157 1248 1226 surgit,
1301 1156 1397 1210 sed
1429 1171 1516 1211 res
1559 1164 1872 1224 pmsentes,
1912 1163 1968 1208 et

395 1249 594 1318 quibus
635 1248 888 1312 fruimur,
920 1259 972 1303 et
998 1264 1137 1318 quas
1160 1249 1459 1311 cernimus,
1509 1247 1790 1301 hominum
1829 1247 1965 1301 insi.

393 1329 659 1410 pientiqu
689 1357 888 1396 sensus
935 1342 987 1394 in
1031 1340 1349 1394 servitutem
1410 1339 1679 1408 redigunt.
1737 1336 1793 1390 Si
1836 1353 1967 1406 ergo

396 1433 702 1502 sejunxerit
733 1447 790 1487 se
819 1434 890 1487 ab
920 1433 985 1486 iis
1011 1433 1210 1500 quibus
1233 1432 1297 1485 ad
1325 1431 1527 1484 malum
1565 1429 1965 1501 pelliciebatur,

396 1523 821 1594 cogitationibus
843 1523 958 1577 suis
1007 1523 1062 1576 in
1115 1523 1309 1578 melius
1367 1522 1679 1585 conversis,
1719 1532 1773 1576 et
1820 1523 1969 1576 velut

399 1609 608 1678 rejecto
640 1609 695 1662 in
731 1616 940 1678 tergum
974 1609 1127 1675 vitio,
1179 1617 1438 1680 tanquam
1476 1611 1760 1678 speculum
1794 1611 1968 1678 quod-

399 1699 524 1753 dam
564 1698 804 1752 animum
838 1714 994 1751 suum
1021 1713 1088 1751 ex
1118 1697 1348 1750 adverso
1378 1696 1494 1766 spei
1524 1695 1838 1749 futurorum
1873 1697 1968 1750 bo-

401 1805 594 1843 norum
627 1789 930 1853 collocarit,
957 1788 1036 1842 sic
1068 1795 1125 1842 ut
1149 1794 1386 1842 ostensa:
1413 1785 1680 1841 divinitus
1715 1787 1819 1841 sibi
1858 1788 1968 1840 vir-

2077 621 2226 691 μέσῳ
2267 621 2320 673 δὲ
2357 622 2485 672 δντα
2528 620 2635 673 τῶν
2672 619 2766 670 δύο
2805 617 2897 670 τὸν
2924 615 3229 687 ἄνθρωπον,
3260 615 3351 668 τὸν
3385 617 3644 685 ἐκατέρου

2072 709 2182 760 τῶν
2209 709 2605 778 παρεπομένων
2634 707 2834 760 σκοπὸν
2862 706 3199 768 ὑπεναντίως
3244 706 3381 776 πρὸς
3425 706 3518 757 τὸν
3545 707 3648 758 ἔτει

2079 815 2168 869 ρον
2195 799 2406 868 ἔχοντα,
2434 800 2500 851 δι’
2544 796 2736 851 ἐαυτοῦ
2775 800 2948 850 ποιεῖν
2989 795 3132 848 κατά
3177 796 3270 849 τοῦ
3317 797 3478 850 ἀλλον
3529 799 3645 850 ἐπι-

2075 891 2456 960 κρατέστερον.
2496 887 2949 958 Προδεικνύοντος
2977 890 3088 950 τοῖς
3111 887 3393 956 λογισμοῖς
3425 886 3522 938 τοῦ
3555 886 3650 955 μὲν

2073 982 2279 1050 ἀγαθοῦ
2323 982 2391 1034 τὰ
2432 982 2530 1050 τῆς
2574 980 2774 1051 ἀρετῆς
2804 979 3005 1046 ἀγαθά,
3055 980 3156 1032 ὅσα
3193 979 3260 1031 δι’
3304 977 3519 1039 ἐλπίδος
3545 979 3650 1038 τοὶς

2074 1071 2427 1140 κατορθοῦσιν
2470 1073 2663 1142 ὁρᾶται
2694 1087 2707 1099 °
2756 1071 2849 1122 τοῦ
2891 1070 2949 1123 δέ
2992 1071 3180 1140 ἐτέρου
3206 1111 3221 1133 ,
3275 1069 3372 1131 τὰς
3431 1068 3650 1130 ὑλώδεις

2074 1162 2286 1231 ήδονάς,
2320 1161 2410 1228 ἀφ’
2441 1153 2515 1213 ὧν
2543 1160 2696 1221 ἐλπὶς
2725 1159 2824 1228 μὲν
2855 1158 3076 1226 ἀγαθῶν
3100 1158 3346 1227 οὐδεμία,
3376 1156 3438 1208 τὸ
3461 1155 3517 1207 δὲ
3551 1171 3651 1206 πα-

2076 1252 2186 1322 ρὸν,
2219 1253 2310 1304 καὶ
2340 1251 2718 1321 μετεχόμενον,
2752 1251 2846 1302 καὶ
2876 1249 3169 1318 ὁρώμενον,
3239 1248 3339 1309 τάς
3373 1246 3652 1314 αἰσθήσεις

2072 1343 2178 1396 τῶν
2222 1343 2590 1413 ἀνοητοτέρων
2641 1340 3107 1410 ἀνδραποδίζεται.
3165 1338 3336 1407 Εἴπερ
3368 1334 3460 1390 οῦν
3494 1336 3648 1388 ἀλλο-

2072 1433 2328 1506 τριωθείη
2357 1433 2465 1486 τῶν
2493 1433 2586 1485 ἐπὶ
2625 1431 2778 1501 κακῷ
2808 1427 3188 1492 δελεαζόντων,
3222 1429 3358 1497 πρὸς
3382 1427 3446 1480 τὸ
3470 1427 3652 1496 κρεῖτ-

2073 1543 2166 1579 τον
2189 1526 2298 1587 τοῖς
2325 1523 2602 1592 λογισμοῖς
2634 1521 2952 1592 ἐπιτρέψας,
2983 1520 3076 1572 καὶ
3101 1519 3264 1571 οἱονεὶ
3302 1516 3442 1568 κατά
3482 1514 3651 1566 νώτου

2072 1617 2169 1688 τὴν
2209 1617 2405 1669 κακίαν
2437 1615 2690 1684 ἐποίησεν
2710 1631 2726 1647 ο
2765 1612 3176 1682 ἀντιπρόσωπον
3204 1611 3302 1678 τὴν
3330 1606 3524 1661 ἑαυτοῦ
3553 1607 3654 1674 ψυ-

2073 1707 2195 1776 χὴν,
2224 1699 2336 1758 οἷόν
2364 1721 2417 1756 τι
2444 1704 2768 1775 κάτοπτρον,
2800 1702 2934 1773 πρὸς
2958 1701 3057 1770 τὴν
3085 1699 3273 1752 ἐλπίδα
3299 1699 3406 1751 τῶν
3430 1697 3652 1764 ἀγαθῶν

2085 1798 2304 1866 στήσας,
2337 1796 2412 1857 ὼς
2439 1794 2538 1863 τῆς
2566 1791 3023 1864 προδεικνυμένης
3049 1790 3198 1858 αὐτῷ
3228 1788 3411 1842 θεόθεν
3452 1783 3650 1857 ἀρετῆς

400 1881 534 1935 tutis
561 1881 774 1950 species
791 1889 844 1934 et
884 1879 1149 1949 imagines
1180 1879 1375 1932 anima:
1405 1893 1519 1932 suae
1553 1879 1791 1946 puritate
1837 1893 1965 1946 pos-

2085 1885 2174 1949 τάς
2208 1886 2420 1947 είκόνας
2464 1901 2523 1936 τε
2570 1886 2662 1936 καὶ
2706 1883 2804 1946 τάς
2851 1883 3113 1953 ἐμφάσεις
3159 1879 3237 1949 τῷ
3285 1878 3513 1946 καθαρῷ
3556 1877 3653 1944 τῆς

402 1971 474 2025 sit
503 1972 832 2042 exprimere,
873 1979 1002 2025 tunc
1038 1972 1088 2024 ei
1146 1971 1490 2026 manifestius
1534 1969 1719 2024 fratris
1766 1971 1969 2023 auxilia

402 2063 642 2133 undique
664 2072 952 2135 apparent,
979 2079 1164 2119 secum
1205 2063 1470 2118 adversus
1503 2063 1688 2117 hostes
1724 2063 1919 2115 armati
1953 2079 1968 2126 ;

399 2155 570 2209 frater
603 2154 748 2209 enim
783 2154 1188 2224 quodammodo
1229 2154 1467 2209 hominis
1508 2154 1694 2208 animo
1745 2155 1972 2223 angelus

400 2255 485 2301 est
517 2245 794 2312 (rationali
855 2245 1057 2315 quippe
1109 2259 1175 2299 ac
1237 2245 1591 2299 intellectuali
1637 2254 1832 2298 natura
1881 2261 1970 2300 sc-

401 2352 527 2390 cum
551 2337 1221 2406 annectuntur),quitunc
1252 2337 1488 2390 maxime
1525 2336 1684 2390 nobis
1711 2335 1974 2391 assistere

403 2426 634 2488 videtur,
674 2435 735 2480 ut
777 2427 982 2495 dictum
1023 2433 1127 2491 est,
1177 2441 1300 2479 cum
1349 2425 1622 2478 Pharaoni
1679 2426 1974 2495 appropin—

404 2532 656 2586 quamus.
696 2515 865 2570 Nemo
888 2524 1069 2570 autem
1108 2516 1352 2571 historia:
1369 2516 1648 2570 veritatem
1678 2531 1772 2584 per
1794 2518 1974 2570 omnia

404 2623 506 2662 nos
537 2615 692 2677 cogat
730 2606 796 2660 ad
851 2606 1188 2674 propositum
1256 2604 1714 2671 accommodare;
1777 2620 1876 2659 nec
1927 2605 1973 2660 si

401 2699 530 2770 quid
560 2712 669 2753 non
699 2705 1128 2753 consentaneum
1156 2697 1284 2750 huic
1339 2696 1662 2765 tropologim
1716 2696 1770 2749 in
1804 2697 1975 2751 histo-

402 2793 487 2846 ria
543 2790 742 2856 veniat,
794 2789 1002 2845 idcirco
1056 2789 1369 2844 universam
1420 2790 1559 2842 hanc
1605 2789 1974 2858 intelligenda:

406 2881 702 2952 Scriptum
723 2883 865 2936 viam
907 2888 1227 2950 aspernetur
1280 2887 1443 2950 atque
1483 2889 1840 2945 contemnat;
1879 2879 1974 2934 sed

406 2971 743 3036 recordetur,
769 2973 839 3026 ab
863 2972 1018 3026 initio
1049 2973 1233 3026 statim
1267 2986 1368 3026 nos
1399 2970 1629 3033 dixisse,
1651 2985 1973 3038 magnorum

408 3063 653 3116 virorum
687 3064 828 3117 vitas
879 3061 949 3115 ad
977 3063 1286 3132 exemplum
1339 3070 1395 3117 et
1439 3060 1801 3116 imitationem
1839 3061 1977 3115 diti-

407 3154 557 3209 nitus
582 3153 740 3207 nobis
771 3169 894 3209 esse
926 3152 1248 3224 propositas.

483 3242 665 3312 Itaque
722 3259 846 3297 cum
894 3258 990 3312 per
1034 3241 1351 3297 earumdem
1401 3256 1580 3295 rerum
1612 3240 1831 3303 seriem,
1883 3227 2047 3308 perc

409 3336 628 3390 eosdem
664 3337 786 3388 vitze
825 3351 1008 3397 casus,
1035 3348 1128 3388 aut
1154 3334 1432 3387 materiem
1469 3333 1689 3387 minime
1706 3333 1979 3401 pommus

409 3441 510 3480 eos
539 3426 770 3490 imitari;
805 3426 1080 3492 quomodo
1109 3427 1253 3480 enim
1292 3440 1486 3480 rursus
1517 3440 1581 3477 ex
1635 3425 1980 3494 transmigra-

411 3520 558 3572 tione
590 3518 859 3586 reperitur
901 3517 1295 3586 multiplicatus
1349 3516 1402 3568 in
1444 3514 1679 3584 A‘ngpto
1724 3515 1978 3584 populus,

413 3619 506 3665 aut
537 3609 809 3678 quomodo
853 3624 1045 3664 rursus
1096 3609 1150 3661 in
1211 3608 1529 3662 servitutem
1564 3606 1771 3675 redigat
1827 3605 1978 3658 illum

415 3714 680 3775 tyrannus
737 3715 866 3770 erga
907 3699 1204 3754 masculatn
1253 3698 1463 3768 prolem
1522 3697 1795 3752 hostiliter
1849 3696 1982 3750 alle-

411 3806 554 3857 ctus,
590 3793 795 3861 quique
841 3791 1132 3847 femineam
1173 3791 1476 3843 molliorem
1518 3797 1682 3858 atque
1718 3786 1984 3841 inﬁrmio-

413 3899 528 3938 rem
555 3898 784 3937 nuuiero
818 3882 1003 3951 augeri
1026 3882 1284 3950 patiatur,
1307 3892 1608 3949 caeteraque
1634 3882 1841 3936 omnia.
1863 3894 1984 3948 qua:

415 3975 644 4029 historia
692 3973 1113 4040 complectitur,
1171 3972 1262 4024 ubi
1319 3973 1443 4039 quis
1479 3972 1753 4025 inveniet?
1791 3969 1986 4023 nullibi

417 4063 684 4135 profecto.
717 4063 896 4128 Quare
942 4063 1202 4132 quoniam
1240 4063 1445 4118 eisdem
1492 4064 1546 4115 in
1579 4065 1745 4117 rebus
1793 4063 1985 4116 beatos

419 4158 566 4212 viros
588 4155 792 4209 imitari
841 4169 942 4209 nos
995 4155 1219 4212 minime
1270 4167 1454 4226 posset
1492 4155 1589 4211 fuit
1637 4157 1986 4213 demonstra-

420 4261 556 4312 tum,
581 4247 648 4301 ad
683 4247 940 4300 moralem
976 4245 1142 4298 vitam
1178 4245 1246 4298 ab
1281 4245 1543 4299 historica
1589 4250 1751 4311 serie,
1805 4254 1988 4306 omnia

419 4338 793 4402 traducamus,
855 4351 976 4406 quae
1033 4335 1169 4388 bene
1217 4335 1435 4389 vivendi
1496 4339 1804 4394 rationibus
1851 4357 1987 4396 con-

417 4436 638 4499 gruunt.
669 4425 849 4482 Potuit
877 4429 1023 4482 enim
1054 4427 1297 4497 profecto
1342 4427 1485 4482 Deus
1517 4431 1582 4483 ad
1621 4434 1986 4500 posteriorum

2081 1979 2214 2041 ίδίας
2246 1977 2424 2046 ψυχῆς
2451 1974 2862 2029 ἐντυπώσασθαι
2883 1991 2896 2004 ·
2928 1974 3047 2026 τότε
3075 1973 3221 2042 αὑτῷ
3245 1973 3278 2041 ἡ
3301 1970 3394 2022 τοῦ
3421 1967 3652 2036 ἀδελφοῦ

2079 2070 2365 2140 συμμαχία
2421 2070 2652 2137 συναντᾷ
2695 2067 2804 2121 ut
2845 2066 3176 2118 συνίσταται.
3248 2062 3498 2129 Ἀδελφὸς
3543 2061 3654 2128 γάρ

2076 2163 2275 2234 τρόπον
2305 2160 2423 2213 τινὰ
2454 2158 2596 2211 κατά
2641 2159 2700 2211 τὸ
2742 2156 2958 2225 λογικόν
2985 2173 3044 2208 τε
3079 2156 3171 2209 καὶ
3197 2155 3381 2224 νοερὸν
3415 2153 3514 2221 τῆς
3547 2151 3653 2220 (pu-

2075 2253 2178 2324 χῆς
2202 2251 2294 2304 τοῦ
2323 2250 2633 2321 ἀνθρώπου,
2658 2252 2686 2302 δ
2712 2249 2960 2317 ἄγγελος,
2983 2249 3011 2299 ὁ
3040 2247 3158 2299 τότε
3187 2244 3393 2315 (καθὼς
3414 2242 3652 2312 εἴρηται)

2077 2342 2399 2412 φαινόμενός
2443 2357 2503 2393 τε
2550 2341 2644 2394 καὶ
2688 2339 3128 2408 παριστάμενος,
3174 2337 3301 2389 ὅταν
3345 2334 3422 2403 τῷ
3453 2330 3655 2401 Φαραὼ

2079 2433 2545 2504 προσεγγίζωμεν.
2595 2431 2798 2501 Μηδεὶς
2838 2429 2896 2482 δὲ
2937 2429 3110 2483 διόλου
3150 2428 3249 2498 τὴν
3279 2427 3377 2495 τῆς
3410 2423 3656 2494 ἱστορίας

2078 2525 2292 2577 εκθεσιν
2323 2519 2746 2593 παρατεθεῖσθαι
2788 2519 2865 2588 τῷ
2897 2517 3072 2589 εἱρμῷ
3122 2521 3223 2588 τῆς
3270 2515 3525 2583 τοιαύτης
3555 2512 3655 2565 τοῦ

2078 2615 2167 2668 νοῦ
2215 2615 2445 2684 θεωρίας
2491 2612 2746 2682 νομίζων,
2791 2611 2844 2664 εἴ
2888 2610 2990 2664 πού
3019 2626 3070 2662 τι
3107 2609 3215 2663 τῶν
3247 2605 3657 2678 γεγραμμένων

2078 2709 2182 2774 ἔξω
2211 2706 2412 2774 ταύτης
2441 2704 2537 2773 τῆς
2579 2701 2818 2764 διανοίας
2862 2699 3190 2770 εὑρίσκοιτο,
3225 2697 3290 2750 δι’
3319 2695 3527 2750 ἐκείνου
3557 2695 3660 2746 καὶ

2076 2801 2138 2852 τὸ
2169 2801 2272 2851 πᾶν
2301 2796 2561 2850 ἀθετείτω
2580 2811 2592 2823 ·
2625 2793 2738 2847 ἀλλ’
2770 2793 2855 2844 ἀεὶ
2880 2792 3174 2861 μεμνήσθω
3203 2789 3296 2843 τοῦ
3323 2786 3523 2841 σκοποῦ
3543 2785 3659 2837 τῶν

2079 2893 2271 2959 λόγων,
2307 2889 2440 2961 πρὸς
2466 2887 2525 2939 ὃν
2551 2886 2834 2956 βλέποντες
2859 2883 3032 2937 ταῦτα
3061 2879 3461 2953 διεξερχόμεθα,
3491 2878 3662 2939 εὐθὺς

2079 2985 2136 3035 ἐν
2185 2981 2486 3052 προοιμίοις
2538 2979 2852 3040 ἐπειπόντες
2880 3019 2893 3041 ,
2939 2976 3050 3028 τῶν
3099 2973 3397 3043 εὐδοκίμων
3447 2969 3663 3040 ἀνδρῶν

2081 3077 2206 3136 τοὺς
2252 3073 2398 3142 βίους
2437 3073 2515 3133 εἰς
2549 3071 2746 3141 ἀρετῆς
2781 3069 3085 3137 ὑπόδειγμα
3126 3067 3238 3130 τοῖς
3276 3061 3471 3134 ἐφεξῆς
3521 3077 3663 3130 προ-

2085 3165 2320 3218 κεῖσθαι.

2163 3255 2314 3306 Ἐπεὶ
2361 3248 2453 3305 οῦν
2493 3251 2558 3303 δι’
2605 3251 2776 3320 αὑτῆς
2836 3249 2944 3302 τῶν
2991 3249 3329 3320 πραγμάτων
3374 3245 3473 3315 τῆς
3520 3244 3664 3314 ὕλης

2081 3346 2253 3401 ἐλθεῖν
2273 3347 2397 3406 τοὺς
2429 3341 2725 3412 ζηλοῦντας
2749 3341 2816 3393 τὰ
2840 3341 3082 3406 ἐκείνων,
3117 3341 3216 3410 οὑχ
3243 3334 3356 3392 οἶόν
3380 3355 3439 3390 τε
3458 3355 3472 3368 ο
3513 3336 3665 3407 (πῶς

2081 3438 2190 3508 γάρ
2232 3436 2297 3489 ἂν
2338 3435 2584 3505 εὑρεθείη
2617 3433 2778 3486 πάλιν
2802 3436 2830 3486 ὁ
2859 3436 2922 3486 ἐκ
2951 3431 3290 3503 μετοικεσίας
3319 3433 3374 3483 ἐν
3399 3428 3669 3498 Αἰγύπτῳ

2081 3532 2207 3592 λαὸς
2241 3527 2687 3596 πληθυνόμενος;
2742 3525 2774 3594 ἢ
2828 3523 2987 3577 πάλιν
3031 3522 3515 3592 καταδουλούμενος
3559 3519 3668 3572 τύ-

2087 3638 2295 3694 ραννος,
2324 3621 2352 3672 ὁ
2383 3619 2517 3689 πρὸς
2541 3617 2639 3686 τὴν
2670 3616 2873 3687 ἄρρενα
2907 3617 3070 3686 γονὴν
3108 3613 3384 3685 δυσμενῶς
3411 3613 3565 3682 ἔχων,
3593 3613 3668 3665 τὸ

2082 3712 2139 3766 δὲ
2192 3709 2577 3780 μαλακώτερόν
2634 3725 2694 3760 τε
2748 3708 2842 3760 καὶ
2893 3705 3278 3774 ἀσθενέστερον
3325 3705 3402 3766 είς
3457 3701 3670 3771 πλῆθος

2084 3803 2284 3870 αῦξων,
2325 3803 2418 3854 καὶ
2459 3800 2624 3855 τάλλα
2666 3800 2865 3861 πάντα,
2916 3799 3016 3852 ὃσα
3061 3797 3299 3867 περιέχει
3342 3799 3372 3849 ό
3420 3795 3570 3862 λόγος
3597 3794 3668 3859 ;)

2087 3897 2208 3950 ἐπεὶ
2241 3891 2335 3948 οῦν
2367 3893 2622 3946 ἀδύνατον
2655 3890 2945 3960 ἀπεδείχθη
2967 3890 3033 3942 δι’
3062 3889 3238 3942 αὑτῶν
3267 3887 3374 3940 τῶν
3404 3885 3672 3956 πραγμά-

2029 4048 2031 4050 ,
2086 4006 2194 4042 των
2226 3986 2296 4039 τὰ
2332 3984 2440 4038 τῶν
2473 3983 2754 4055 μακαρίων
2789 3979 3127 4052 μιμήσασθαι
3165 3977 3446 4047 θαύματα,
3493 3991 3670 4043 μετα.-

2088 4080 2319 4150 ληπτέον
2350 4079 2416 4132 ἂν
2457 4076 2564 4144 εἴη,
2599 4076 2733 4146 πρός
2782 4091 2905 4126 τινα
2958 4072 3151 4142 ἠθικὴν
3198 4068 3558 4131 διδασκαλίαν,
3590 4067 3671 4119 ἐκ

2088 4171 2187 4239 τῆς
2219 4169 2406 4236 ὑλικῆς
2441 4167 2759 4227 ἀκολουθίας
2788 4164 2854 4216 τὰ
2883 4163 3204 4232 ἐνδεχόμενα
3226 4177 3237 4192 ·
3281 4159 3346 4212 δι’
3376 4152 3450 4212 ὧν
3478 4157 3542 4209 ἄν
3573 4173 3670 4219 τις

2090 4261 2295 4327 γένοιτο
2321 4260 2434 4320 τοῖς
2464 4257 2598 4326 πρὸς
2624 4256 2821 4325 ἀρετὴν
2856 4251 3211 4306 ἐσπουδακόσι
3252 4249 3388 4319 πρὸς
3421 4245 3671 4299 τοιοῦτον

2093 4352 2205 4422 βίον
2233 4349 2509 4420 συνεργία.
2541 4349 2602 4400 Et
2633 4347 2690 4398 δέ
2713 4363 2766 4397 τι
2794 4344 2901 4398 τῶν
2930 4345 2986 4396 ἐν
3012 4328 3086 4412 τῇ
3107 4343 3314 4411 ἱστορίᾳ⁵
3341 4339 3670 4407 γεγονότων,

2093 4444 2196 4508 ἔξω
2227 4443 2320 4495 τοῦ
2349 4439 2542 4511 εἱρμοῦ
2574 4441 2672 4507 τῆς
2701 4438 2989 4507 ἀνειμένης
3014 4435 3269 4496 διανοίας,
3297 4435 3331 4502 ἡ
3373 4431 3479 4483 τῶν
3517 4446 3672 4498 πρα-

421 4521 804 4590 perfectionem
847 4521 1153 4590 priscorum
1186 4522 1352 4576 vitam
1379 4521 1430 4574 in
1471 4525 1780 4593 exemplum
1818 4528 1980 4582 altius

2093 4535 2318 4606 γμάτων
2343 4533 2552 4601 ἀνάγκη
2587 4531 2768 4582 πεσεῖν
2801 4529 3054 4582 ἐϐιάσατο
3072 4543 3086 4555 ·
3123 4524 3463 4594 ὑπρὸἀντας
3482 4519 3671 4582 τοῦτο,

421 4612 750 4666 intellectam
785 4611 1217 4666 accommodare.
1252 4614 1432 4678 Quare
1476 4613 1522 4666 si
1566 4615 1712 4681 quod
1746 4615 1989 4673 historias

421 4703 624 4756 dictum
683 4716 792 4756 nou
839 4706 1062 4757 omnino
1108 4704 1386 4772 pr0posito
1427 4706 1701 4769 convenit,
1749 4707 1800 4761 id
1855 4725 1990 4777 prae-

425 4793 808 4856 termittentes,
865 4810 932 4848 ne
983 4795 1154 4848 series
1193 4795 1555 4864 expositionis
1602 4799 1988 4864 intercidatur,

421 4899 544 4955 quae
572 4883 762 4937 idonea
796 4893 923 4939 sunt
971 4885 1390 4955 conjungemus.
1415 4885 1537 4941 llzec
1577 4888 1711 4951 dixi,
1751 4907 1818 4945 ne
1867 4894 1992 4960 quis

423 4977 559 5031 mihi
618 4976 862 5045 objiciat,
914 4993 1156 5046 congrue
1207 4978 1426 5046 quidem
1481 4979 1588 5041 hic,
1641 4997 1737 5050 pro
1785 4986 1988 5047 Aaron,

423 5069 594 5122 fratre
631 5067 801 5138 Moysi
826 5069 1054 5138 majore,
1095 5074 1348 5141 angelum
1389 5074 1672 5128 custodem
1707 5075 1870 5130 nobis
1909 5077 1994 5130 di-

421 5159 628 5213 vinitus
659 5159 870 5225 datum,
921 5177 1024 5216 nos
1061 5163 1504 5220 subintellexisse
1533 5183 1547 5231 ;
1599 5181 1722 5219 nam
1754 5176 1808 5220 et
1843 5169 1994 5236 prior

423 5257 616 5303 natura
657 5253 902 5321 angelica
934 5263 1039 5316 est,
1076 5265 1129 5308 et
1161 5256 1512 5312 intellectuali
1563 5273 1626 5312 ac
1663 5258 1993 5327 incorporali

425 5355 548 5393 eum
581 5333 822 5396 humano
851 5344 1131 5400 videretur
1169 5347 1352 5402 animo
1381 5348 1691 5412 convenire,
1712 5364 1811 5402 nec
1839 5349 1997 5401 dubi-

426 5437 545 5484 tare
579 5448 636 5486 se
688 5435 892 5488 auxilio
926 5435 1088 5490 nobis
1124 5438 1362 5494 maxime
1399 5447 1531 5493 tunc
1567 5454 1710 5503 esse,
1736 5455 1859 5493 cum
1902 5440 1996 5492 ad-

430 5537 621 5579 versus
647 5527 1022 5595 incorporales
1057 5528 1244 5584 hostes
1269 5530 1625 5598 insurgimus,
1669 5546 1779 5584 non
1815 5539 1997 5585 tamen

429 5619 578 5666 recte
613 5629 710 5681 pro
745 5616 865 5682 hoc,
904 5618 1064 5686 quasi
1105 5618 1274 5674 fratre
1327 5620 1484 5674 nobis
1539 5621 1732 5688 angelo
1783 5636 2000 5689 semper

432 5702 612 5756 Aaron
655 5705 771 5772 capi
816 5721 992 5773 posse.
1013 5706 1146 5760 Nam
1194 5725 1316 5763 cum
1370 5710 1550 5763 Aaron
1599 5712 1706 5764 dux
1758 5711 1999 5766 Hebrmis

384 5811 386 5814 ν
433 5793 499 5847 ad
557 5793 918 5849 idololatriam
973 5799 1142 5852 fuisse
1180 5799 1446 5864 videatur,
1507 5812 1564 5856 ut
1611 5802 1834 5857 historia
1881 5810 1994 5855 tra-

2093 4625 2168 4686 ὡς
2208 4623 2344 4691 πρὸς
2391 4619 2480 4671 τὸν
2524 4617 2788 4688 ἡμέτερον
2839 4615 3037 4669 σκοπὸν
3083 4612 3392 4674 ἀλυσιτελὲς
3436 4610 3526 4663 καὶ
3569 4609 3663 4660 ἀνο

2092 4714 2300 4782 όνητον,
2337 4710 2412 4779 μὴ
2456 4708 2766 4761 διακόπτειν
2804 4708 2861 4758 ἐν
2897 4701 2978 4768 οἷς
3010 4704 3181 4769 ἔξεστι
3209 4706 3308 4773 τῆς
3336 4700 3534 4771 ἀρετῆς
3562 4699 3675 4768 τὴν

2093 4803 2384 4871 ὑφήγησιν.
2414 4798 2599 4851 Ταῦτα
2628 4797 2684 4849 δέ
2711 4813 2851 4866 φημι
2877 4813 2940 4846 πε
2951 4797 3001 4866 ρί
3025 4795 3132 4848 τῶν
3159 4793 3299 4846 κατά
3327 4793 3419 4844 τὸν
3457 4788 3676 4860 Ἀαρὼν

2093 4895 2412 4963 νοηθέντων,
2455 4889 2515 4942 τὸ
2556 4888 2874 4941 ἀντιπίπτον
2923 4888 2985 4938 ἐκ
3029 4885 3123 4938 τοῦ
3163 4883 3456 4938 ἀκολούθου
3505 4881 3674 4952 θερα-

2095 4983 2296 5036 πεύων.
2346 4982 2491 5052 Ἐρεῖ
2541 4980 2648 5048 γάρ
2681 4996 2786 5042 τις,
2815 4979 2874 5030 τὸ
2916 4978 3013 5047 μέν
3045 4975 3319 5044 συγγενῶς
3351 4975 3494 5044 ἔχειν
3530 4975 3672 5043 πρὸς

2093 5075 2191 5142 τὴν
2217 5073 2390 5140 ψυχὴν
2418 5073 2474 5122 ἐν
2500 5068 2576 5138 τῷ
2602 5069 2775 5137 νοητῷ
2797 5084 2856 5119 τε
2885 5068 2980 5120 καὶ
3002 5065 3277 5136 ἀσωμάτῳ
3305 5065 3395 5118 τὸν
3415 5064 3672 5131 ἄγγελον,

2097 5165 2187 5216 καὶ
2207 5163 2268 5216 τὸ
2291 5161 2712 5230 προγενέστερον
2733 5161 2830 5228 τῆς
2850 5159 3018 5228 ἡμετέ
3028 5175 3125 5229 ρας
3146 5156 3486 5232 κατασκευῆς
3506 5153 3672 5218 εἶναι,

2098 5255 2190 5307 καὶ
2231 5253 2292 5305 τὸ
2335 5251 2681 5304 συνίστασθαι
2714 5253 2824 5311 τοῖς
2861 5251 2997 5319 πρὸς
3022 5251 3147 5310 τοὺς
3175 5247 3498 5309 ἀντιπάλους
3533 5264 3675 5315 συμο

2099 5345 2473 5415 πλεκομένοις,
2513 5343 2588 5413 μὴ
2635 5343 3038 5412 ἀμφιῦάλλειν·
3091 5341 3165 5412 μὴ
3218 5341 3316 5410 μέν
3363 5357 3445 5394 τοι
3491 5339 3674 5402 καλῶς

2099 5437 2261 5507 ἔχειν,
2293 5436 2371 5497 εἱς
2403 5435 2610 5487 ἐκείνου
2638 5433 2826 5497 τύπον,
2865 5433 2956 5485 τὸν
3005 5430 3215 5501 Ἀαρὼν
3253 5433 3414 5493 νοεῖν,
3448 5429 3537 5481 τὸν
3571 5429 3673 5498 τῆς

2099 5526 2541 5596 εἰδωλολατρείας
2597 5529 2710 5586 τοῖς
2773 5524 3132 5595 Ἰσραηλίταις
3192 5522 3674 5594 καθηγησάμενον.

2101 5621 2244 5692 Πρὸς
2275 5621 2334 5673 ὃν
2373 5619 2623 5692 ἐροῦμεν,
2655 5619 2746 5672 τὸν
2778 5618 2967 5686 εἱρμὸν
2996 5617 3351 5686 ὑπερϐάντες,
3385 5613 3560 5670 ταῦτὰ
3590 5630 3672 5671 τε.

2103 5711 2138 5763 ἀ
2166 5711 2488 5780 εἰρήκαμεν,
2523 5707 2688 5760 ὅτιτὸ
2715 5707 2818 5769 ἔξω
2848 5705 2940 5757 τοῦ
2983 5704 3180 5757 σκοποῦ
3218 5704 3292 5775 μὴ
3323 5704 3502 5770 λόγοις
3543 5704 3676 5754 ἀνα-

2104 5801 2351 5872 τρεπὲτω
2409 5799 2505 5870 τὴν
2570 5801 2627 5852 ἐν
2667 5802 2776 5862 τοῖς
2825 5798 3028 5860 λοιποῖς
3074 5796 3365 5868 ἁρμονίαν,
3416 5795 3546 5863 καὶ,
3591 5794 3675 5846 ὅτι
