3890 6360
165 418 239 474 3H

1437 422 1522 477 DE
1563 423 1719 479 VITA
1754 424 2029 482 MOYSIS.

3251 433 3361 487 362

162 532 400 605 ὁμώνυμόν
423 549 470 585 τι
498 532 679 604 χρῆμα
723 533 818 589 καὶ
851 532 911 587 τό
941 535 1033 588 τοῦ
1070 535 1298 605 ἀδελφοῦ
1341 539 1436 592 καὶ
1476 541 1537 593 τὸ
1580 541 1673 594 τοῦ

1786 540 1856 597 dit
1876 543 1939 609 ⁸⁸,
1973 544 2246 614 quomodo
2289 557 2414 598 eum
2447 559 2553 613 pro
2579 543 2719 597 d‘uce
2766 543 2987 613 pictatis
3019 545 3214 615 angelo
3248 562 3352 617 poe-

162 630 348 699 ἁγγέλου
372 628 530 693 ἐστὶν,
573 628 700 692 ἴσως
736 630 822 698 ἐφ’
852 628 1096 703 ἐκατέρῳ
1134 632 1244 685 τῶν
1288 634 1678 704 ἀντικειμένων

160 725 251 784 ταῖς
278 719 549 789 σημασίαις
581 721 1045 793 ὲφαρμοζόμενον.
1091 723 1167 776 Uti
1193 723 1302 796 γάρ
1334 724 1397 795 δὴ
1424 726 1518 778 τοῦ
1543 725 1678 779 Θεοῦ

162 812 319 883 μόνον,
352 810 475 866 ἀλλὰ
514 811 607 865 καὶ
649 811 743 865 τοῦ
783 813 998 867 Σατανᾶ
1035 814 1262 883 ἄγγελος
1313 814 1636 887 ὀνομάζεται
1663 834 1676 847 ο

156 904 231 957 uti
264 903 316 983 ού
354 902 434 956 τὸν
471 902 700 974 χρηστὸν
744 903 926 969 μόνον,
957 904 1093 958 ἀλλά
1140 906 1233 961 καὶ
1284 907 1375 960 τὸν
1421 907 1677 978 πονηρὸν,

161 992 344 1061 αδελφὸν
398 990 679 1063 καλοῦμεν.
716 992 872 1048 Οὑτω
915 994 1024 1066 γάρ
1067 1012 1230 1065 φησιν
1275 997 1560 1069 ήΓραφὴ,
1587 999 1680 1052 ἐπὶ

162 1085 239 1153 μὲν
263 1082 355 1137 τῶν
376 1084 763 1156 χρηστοτέρων·
809 1085 1052 1156 ’Δδελφοὶ
1083 1088 1141 1139 ἐν
1176 1088 1441 1156 ἀνάγκαις
1481 1091 1677 1161 χρήσι-

162 1187 231 1242 μοι
256 1170 469 1225 ἔστωσαν
486 1188 498 1201 ⁸
544 1172 639 1225 ἐπὶ
670 1173 728 1226 δὲ
755 1172 863 1227 τῶν
889 1174 1167 1242 ἐναντίων,
1198 1177 1280 1230 ὅτι
1316 1177 1431 1241 Πᾶς
1454 1177 1678 1247 ἀδελφὸς

160 1261 325 1333 πτέρνῃ
353 1265 601 1333 πτερνιεί.
629 1262 813 1317 Ταῦτα
839 1265 898 1318 δὲ
924 1268 991 1336 τῇ
1022 1267 1315 1339 ἀκολουθίᾳ
1340 1269 1679 1340 παραθέντες

158 1352 232 1405 τοῦ
253 1353 407 1422 λόγου,
430 1355 519 1408 καὶ
538 1355 636 1429 τὴν
662 1356 1055 1428 ἀκρισεστέραν
1086 1358 1216 1430 περὶ
1240 1360 1427 1415 αὐτῶν
1448 1360 1680 1433 θεωρίαν

157 1443 220 1503 είς
243 1442 319 1496 τὸν
342 1443 460 1497 [διον
485 1443 843 1516 ὑπερθέμενοι
875 1447 1061 1512 τόπον,
1101 1449 1197 1502 νῦν
1235 1449 1344 1504 τῶν
1379 1451 1678 1522 προκειμέ-

157 1551 240 1588 νων
282 1534 542 1606 ἁψώμεθα.
604 1536 660 1590 '0
704 1537 883 1592 τοίνυν
912 1539 1104 1593 ἐαυτόν
1137 1558 1197 1594 τε
1243 1540 1330 1612 τῷ
1366 1542 1680 1611 ἐπιφανέντι

157 1624 268 1692 φωτὶ
300 1624 627 1700 δυναμὼσας,
670 1629 764 1681 καὶ
800 1628 892 1683 τὸν
919 1629 1160 1684 τοιοῦτον
1188 1632 1415 1702 ἀδελφὸν
1456 1632 1678 1704 σύμμα-

157 1715 228 1784 κόν
251 1733 303 1770 τε
330 1718 414 1771 καὶ
443 1719 799 1790 παραστάτην
825 1721 1187 1791 κτησάμενος,
1216 1723 1431 1794 θαρσῶν
1460 1725 1538 1796 τῷ
1565 1724 1681 1798 λαῷ

153 1808 255 1871 τοὺς
281 1808 405 1881 ὑπὲρ
454 1811 549 1882 τῆς
595 1811 854 1881 ἀληθείας
897 1814 1165 1885 προσάγει
1196 1814 1404 1884 λόγους,
1446 1817 1540 1871 καὶ
1579 1818 1679 1888 τῆς

154 1900 384 1971 πατρικῆς
406 1902 681 1971 εὐγενείας
711 1884 1141 1976 ὑπομιμνήσκει,
1169 1907 1263 1959 καὶ
1293 1908 1441 1970 ὅπως
1471 1908 1538 1961 ἂν
1572 1884 1680 1974 ἐξω
1714 1884 1754 1937 Β

152 1992 351 2056 γένοιντο
374 1996 466 2066 τῆς
491 1994 647 2066 παρὰ
676 1995 767 2049 τὸν
798 1995 965 2066 πηλὸν
998 1998 1091 2050 καὶ
1116 1999 1215 2068 τὴν
1240 1998 1461 2052 πλίνθον
1487 2000 1672 2054 ταλαι-

150 2085 344 2155 πωρίας,
386 2088 565 2143 δίδωσι
608 2089 852 2161 γνώμην.
907 2088 974 2144 Τί
1022 2085 1114 2145 οὖν
1158 2093 1317 2162 ἡμᾶς
1341 2092 1431 2146 διὰ
1477 2092 1678 2147 τούτων

152 2177 355 2232 παιδεύει
379 2181 412 2251 ή
438 2181 648 2252 ἱστορία
673 2199 688 2247 ;
739 2183 801 2236 τὸ
836 2182 970 2255 μηδὲ
999 2185 1347 2254 ωτατολμᾷν
1388 2185 1488 2254 τῆς
1516 2187 1575 2238 ἐν
1601 2184 1680 2256 τῷ

149 2263 241 2334 λαῷ
263 2267 445 2338 φωνῆς,
484 2269 579 2323 τὸν
622 2272 697 2342 μὴ
732 2272 821 2326 διὰ
855 2273 949 2345 τῆς
988 2273 1240 2345 τοιαύτης
1285 2275 1508 2346 ἀγωγῆς
1543 2276 1680 2345 πρὸς

149 2354 227 2425 τὴν
248 2357 343 2410 τῶν
370 2360 576 2414 πολλῶν
605 2362 823 2431 ὁμιλίαν
850 2363 941 2416 τὸν
973 2364 1129 2432 λόγον
1160 2367 1676 2436 παρασκευάσαντα.

154 2444 290 2521 Ὁρᾷς
314 2448 433 2520 γὰρ,
465 2450 539 2514 ὡς
575 2451 693 2515 νέος
719 2450 795 2505 ῶν
820 2452 922 2518 ἔτι,
953 2454 1083 2523 πρὶν
1117 2455 1197 2517 είς
1224 2455 1478 2509 τοσοῦτον
1512 2456 1680 2527 αὐξη-

150 2533 278 2603 θῆναι
306 2542 364 2610 τῇ
390 2541 578 2614 ἀρετῇ,
612 2543 706 2595 ἐπὶ
745 2542 838 2596 δύο
868 2544 1030 2597 τινῶν
1063 2544 1367 2616 ἀνθρώπων
1405 2547 1505 2601 οὑκ
1529 2547 1677 2613 ἀξιό-

147 2641 303 2691 πιστος
344 2631 597 2703 ἐνομίσθη
650 2633 955 2703 σύμϐουλος
1002 2635 1227 2706 εἰρήνης
1276 2636 1524 2704 γενέσθαι
1566 2642 1679 2701 τοῖς

147 2717 448 2783 στασιάζουσι
470 2740 482 2753 ·
530 2723 628 2777 νῦν
659 2724 715 2777 δὲ
741 2725 1029 2789 τοσαύταις
1063 2726 1290 2797 μυριάσι
1318 2728 1458 2782 κατὰ
1484 2730 1679 2784 ταύτὸν

143 2807 426 2879 διαλέγεται,
475 2817 758 2887 μονονουχὶ
810 2816 1022 2888 βοὼσης
1070 2836 1152 2872 σοι
1197 2821 1353 2874 τοῦτο
1398 2822 1497 2891 τῆς
1540 2824 1680 2875 ἱστο-

145 2900 263 2967 ρίας,
296 2905 366 2975 μὴ
396 2908 689 2979 ἐπιτολμᾷν
731 2910 789 2961 ἐν
814 2909 1137 2980 διδασκαλίᾳ
1168 2914 1233 2981 τῇ
1271 2911 1544 2983 συμϐουλῇ
1570 2911 1680 2965 τῶν

142 2987 425 3056 ἀκουόντων,
451 2997 499 3048 εἰ
526 2996 604 3068 μὴ
631 2996 718 3050 διὰ
753 2997 1008 3068 τοιαύτης
1048 3000 1153 3053 καὶ.
1186 3001 1454 3072 τοσαύτης
1481 3002 1681 3072 ἐπιμε-

143 3080 265 3146 λείας
289 3086 320 3154 ή
344 3088 466 3158 περὶ
487 3087 680 3142 τούτου
712 3088 1081 3161 κατορθωθείη
1115 3109 1195 3146 σοι
1226 3092 1473 3163 δύναμις.
1521 3094 1680 3150 Ἀλλά

141 3178 409 3247 γενομένων
442 3182 548 3235 τῶν
583 3180 962 3256 χρηστοτέρων
989 3183 1192 3252 λόγων,
1245 3186 1339 3239 καὶ
1380 3189 1480 3256 τῆς
1524 3186 1677 3239 ἐλευ-

140 3263 296 3334 θερίας
335 3271 760 3346 ὑποδειχθείσης,
806 3277 898 3329 καὶ
928 3275 1032 3329 τῶν
1073 3276 1382 3329 ἀκουόντων
1414 3277 1551 3347 πρὸς
1579 3278 1680 3349 τὴν

96 3398 103 3404 .
139 3355 396 3431 ἐπιθυμίαν
447 3366 655 3437 ταύτην
707 3365 1155 3440 ἐπιρρωσθέντων
1181 3405 1196 3431 ,
1253 3367 1609 3438 παροξύνεται
1653 3370 1684 3422 ὁ

142 3457 380 3528 πολέμιος.
414 3465 507 3517 καὶ⁵
535 3464 796 3518 ἐπιτείνει
840 3460 941 3531 τὴν
974 3463 1243 3534 ἀλγηδόνα
1282 3466 1394 3529 τοῖς
1422 3465 1682 3536 ὑπηκόοις

137 3548 214 3603 τοῦ
239 3550 403 3620 λόγου.
436 3556 575 3613 Οὑδὲ
604 3555 759 3611 τοῦτο
785 3555 890 3621 ἔξω
930 3555 1038 3608 τῶν
1081 3554 1177 3609 νῦν
1210 3556 1512 3626 γινομένων
1543 3558 1679 3610 ἐστί.

1705 3227 1749 3286 C

185 3732 355 3790 Πολλοὶ
368 3738 474 3810 γὰρ
489 3738 600 3793 τῶν
616 3738 1076 3809 παραδεξαμένων
1091 3740 1183 3791 τὸν
1200 3739 1383 3792 ὲλευθε
1392 3739 1568 3812 ρωτὴν
1586 3740 1681 3809 τῆς

137 3827 411 3892 τυραννίδος
439 3828 623 3898 λόγον,
664 3827 761 3882 xui.
790 3828 1201 3899 προστιθέμενοι
1233 3829 1312 3900 τῷ
1345 3830 1681 3902 κηρύγματι,

136 3913 274 3986 μέχρι
316 3918 406 3973 τοῦ
456 3920 554 3974 νῦν
594 3923 713 3983 ταῖς
742 3920 849 3973 τῶν
900 3920 1219 3991 πειρασμῶν
1260 3906 1551 3990 προϐολαῖς
1579 3922 1686 3976 ὑπὸ

134 4005 214 4058 τοῦ
253 4008 623 4081 ἀντικειμένου
656 4009 1052 4081 ὲπηρεάζονται
1080 4027 1091 4038 ·
1145 4011 1205 4075 ἐξ
1250 4005 1326 4065 ὧν
1358 4011 1544 4066 πολλοὶ
1586 4014 1687 4082 μὲν

132 4094 458 4174 δοκιμώτεροι
491 4104 589 4157 καὶ
621 4101 957 4173 βεϐαιότεροι
988 4104 1118 4172 περὶ
1160 4102 1264 4172 τὴν
1295 4103 1480 4156 πίστιν
1527 4103 1683 4157 καθί-

135 4204 349 4255 στανται,
398 4198 465 4266 τῇ
500 4193 742 4266 προϐολῇ
790 4193 899 4249 τῶν
948 4192 1259 4247 λυπούντων
1303 4194 1682 4265 στομούμενον..

134 4278 233 4335 Τῶν
274 4284 329 4337 δὲ
375 4286 780 4357 ἀσθενεστέρων
833 4285 976 4347 τινὲς
1022 4286 1116 4338 καὶ
1163 4285 1521 4351 ἐπκλάζουσι
1573 4288 1686 4349 τοῖς

131 4376 362 4442 τοιούτοις
408 4377 814 4451 συμπτώμασιν
839 4419 853 4443 ,
911 4378 1168 4448 ἄντικρυς
1230 4379 1411 4434 ἐκεῖνα
1457 4377 1685 4447 φθεγγό-

131 4482 281 4533 μενοι,
317 4470 377 4524 τὸ
410 4470 713 4524 λυσιτελεῖν
753 4469 936 4531 αὐτοῖς
981 4467 1181 4539 μᾶλλον
1219 4468 1471 4538 ἀνηκόοις
1507 4471 1685 4539 μεῖναι

1782 635 1947 689 situm
1982 635 2054 689 ab
2072 634 2301 691 historia
2335 634 2665 690 credendum
2711 635 2832 691 est?
2860 634 2973 690 lloc
3020 636 3191 708 igitur
3222 654 3356 710 prae-

1780 727 2188 782 termittendum
2223 726 2408 784 forsan
2438 727 2574 792 erit,
2591 728 2635 781 si
2677 728 2906 782 omnino
2937 729 3351 785 accommodari

1781 834 1891 873 non
1928 820 2140 889 possit:
2179 820 2428 889 quamvis
2463 818 2642 889 angeli
2676 834 2896 889 quoque
2936 834 3161 885 nomen,
3210 830 3266 875 ut
3301 830 3356 877 et

1782 906 1967 964 fratris
1999 909 2065 962 ad
2102 918 2405 979 utramque
2428 916 2644 978 partem
2679 923 2711 962 a
2760 907 3048 978 Scriptura
3101 910 3347 980 positum

1782 995 2127 1053 inveniamus
2163 1015 2178 1062 ;
2214 1011 2325 1052 non
2365 998 2510 1052 enim
2570 995 2664 1050 Dei
2696 997 2895 1061 solum,
2948 1011 3140 1051 verum
3186 998 3355 1051 etiam

1783 1086 2000 1143 Satanae
2026 1088 2278 1157 angelum
2296 1087 2533 1143 dicimus
2571 1106 2587 1141 :
2618 1103 2717 1143 nec
2760 1089 2963 1157 bonum
2992 1095 3228 1149 tantum,
3255 1085 3369 1141 sed»

1778 1177 1943 1233 etiam
1970 1193 2222 1248 pravum,
2256 1177 2475 1233 fratrem
2508 1179 2877 1234 nominamus.
2907 1177 3131 1234 Fratres
3181 1177 3354 1242 enim,
3450 1222 3451 1225 η

1779 1259 1954 1341 inquit
1981 1271 2264 1340 Scriptura
2286 1271 2356 1335 ",
2381 1271 2492 1326 sint
2528 1270 2591 1324 in
2624 1270 3051 1326 necessitatibus
3095 1269 3278 1334 utiles,
3299 1266 3355 1323 in

1780 1363 2056 1418 meliorem
2082 1362 2174 1416 hic
2206 1370 2418 1431 partem
2444 1359 2658 1416 ‘fratris
2692 1375 2892 1415 nomen
2950 1360 3267 1430 accipiens;
3300 1358 3356 1413 in

1780 1453 2021 1525 pejorem
2063 1462 2244 1507 autem
2293 1452 2515 1521 accipit,
2564 1467 2688 1506 cum
2727 1452 2911 1506 dicit:
2945 1449 3140 1505 Omnis
3190 1449 3358 1504 frater

1780 1545 2038 1600 calcaneo
2081 1545 2456 1614 supplantabit
2497 1561 2511 1599 :
2548 1558 2738 1597 verum
2771 1542 3105 1612 exquisitius
3145 1542 3261 1597 haec
3301 1541 3358 1594 in

1781 1636 1901 1691 loco
1933 1651 2036 1690 suo
2073 1634 2571 1691 considerabimus.
2640 1632 2746 1700 Qui
2804 1640 2985 1689 autem
3024 1633 3234 1688 visione
3274 1631 3361 1686 di-

1779 1727 1919 1782 vinae
1950 1727 2091 1783 lucis
2120 1728 2359 1797 seipsum
2389 1726 2792 1788 corroboravit,
2839 1741 2904 1781 ac
2945 1726 3107 1780 talem
3132 1723 3358 1779 fratrem

1781 1816 2010 1888 adeptus
2061 1819 2155 1881 sit,
2205 1819 2298 1888 qui
2338 1818 2443 1872 sibi
2500 1818 2693 1874 adesse
2732 1818 2787 1871 in
2831 1817 3091 1887 periculis
3133 1830 3243 1870 non
3288 1816 3359 1869 ti-

1783 1919 1946 1972 meat,
2004 1909 2051 1965 is
2074 1911 2189 1979 jam
2237 1909 2577 1964 confidenter
2623 1910 2884 1979 populum
2924 1909 3259 1978 alloquatur,
3305 1916 3360 1961 et

1782 2002 1838 2056 in
1868 2002 2186 2057 memoriam
2219 2012 2459 2071 paterna:
2486 2001 2787 2056 nobilitatis
2818 2000 3079 2063 adducat,
3130 2007 3359 2056 senten-

1782 2094 2024 2165 tiamque
2054 2093 2222 2157 dicat,
2251 2092 2527 2163 quomodo
2560 2093 2745 2146 fimum
2781 2107 2844 2147 ac
2875 2092 3075 2146 lateres
3107 2091 3359 2160 aliosque

1780 2184 2006 2239 serviles
2033 2182 2249 2239 labores
2277 2182 2515 2252 effugere
2547 2181 2767 2252 poterit.
2806 2180 2910 2235 Sed
2944 2180 3234 2251 diligenter
3258 2180 3357 2234 ad~

1781 2275 2103 2331 vertendum
2161 2288 2283 2337 oro,
2329 2290 2399 2328 ne
2435 2288 2538 2328 nos
2583 2272 2776 2340 fugiat,
2823 2272 2967 2342 quod
3009 2272 3358 2340 apertissime

1782 2367 2010 2423 historia
2046 2367 2163 2436 ipsa
2199 2365 2479 2435 praedicat.
2511 2363 2776 2418 Videmus
2813 2363 2961 2417 enim
3007 2362 3229 2433 Moysen
3263 2377 3360 2415 au-

1780 2467 1867 2513 tea
1908 2472 2073 2528 quam
2106 2456 2439 2527 perfectiore
2483 2470 2543 2510 se
2575 2455 2782 2508 virtute
2837 2453 3160 2515 tirmaverit,
3217 2453 3361 2507 duos

1782 2550 1923 2604 inter
1948 2564 2008 2604 se
2058 2528 2454 2603 contendentes
2515 2546 2768 2600 homines
2808 2539 3110 2600 conciliare
3157 2545 3358 2614 nequi-

1779 2640 1926 2695 visse
1942 2638 2030 2705 ";
2063 2645 2249 2708 postea
2292 2652 2422 2692 vero
2461 2651 2585 2690 cum
2620 2635 2832 2704 sibiipsi
2864 2636 3026 2705 longo
3044 2644 3359 2704 temporum

1780 2730 1961 2798 spatio
1992 2730 2287 2795 vacaverit,
2323 2744 2354 2783 a
2389 2727 2576 2783 multis
2608 2725 2893 2780 hominum
2922 2726 3168 2781 millibus
3201 2725 3361 2780 facile

1782 2822 1836 2878 in
1868 2828 2233 2891 protectorem
2273 2819 2465 2890 recipi.
2507 2817 2699 2888 Magna
2732 2818 2903 2890 igitur
2943 2830 3077 2871 voce
3101 2815 3358 2885 Scriptu-

1780 2924 1854 2965 rae
1887 2911 2186 2965 auctoritas
2204 2909 2443 2964 clamare
2473 2906 2710 2970 videtur,
2727 2921 2835 2960 non
2862 2904 3216 2960 insiliendum
3236 2919 3360 2961 esse

1781 3001 1848 3058 ad
1881 3000 2184 3057 docendam
2222 2998 2726 3070 instituendamque
2774 2994 3209 3060 multitudinem,
3252 2994 3361 3049 nisi

1783 3094 1937 3163 prius
1979 3105 2175 3162 magna
2210 3089 2492 3160 diligentia
2538 3088 2862 3159 magnisque
2913 3084 3193 3141 laboribus
3242 3099 3361 3139 eam

1784 3184 1955 3241 fueris
2004 3183 2385 3238 auctoritatem
2432 3180 2684 3251 adeptus,
2735 3190 2795 3232 ut
2850 3175 3130 3232 auditores
3182 3175 3364 3230 verbis

1783 3279 1893 3334 tuis
1921 3275 2079 3332 facile
2099 3275 2471 3346 acquiescant.
2496 3272 2635 3329 Cum
2654 3270 2820 3342 igitur
2837 3270 3165 3328 sententiam
3192 3266 3365 3339 Moysi

1783 3370 2017 3441 papulus
2039 3368 2474 3438 comprobasset,
2525 3364 2905 3433 libertatisque
2958 3361 3239 3419 desiderio
3267 3376 3363 3417 ex.

1785 3461 2035 3526 arsisset,
2078 3457 2343 3513 incitatur
2386 3468 2517 3510 tunc
2569 3455 2767 3520 hostis,
2813 3462 2869 3511 et
2922 3452 3132 3523 majore
3176 3451 3366 3507 labore

1784 3554 1965 3624 ipsum
2026 3550 2388 3621 comprimere
2434 3556 2686 3603 conatur.
2734 3544 2890 3613 Quod
2937 3560 2996 3601 re
3026 3545 3153 3615 ipsa
3202 3545 3366 3601 hodie

1784 3659 2003 3714 quoque
2032 3641 2148 3697 ﬁeri
2182 3640 2450 3695 videmus.

1855 3734 1993 3789 Nam
2017 3732 2192 3794 multi,
2220 3746 2289 3786 ne
2314 3744 2507 3786 omnes
2534 3730 2734 3792 dicam,
2772 3744 2960 3787 eorum
3006 3729 3100 3799 qui
3151 3744 3363 3784 sermo-

1784 3840 1911 3881 nem
1934 3823 2003 3881 de
2031 3822 2281 3878 libertate
2306 3826 2650 3888 receperunt,
2676 3832 2739 3874 ac
2763 3819 3133 3889 praedicationi
3182 3818 3363 3872 Evan-

1784 3920 1972 3992 gelicae
1997 3921 2316 3988 paruerunt,
2349 3910 2417 3965 ad
2461 3912 2607 3966 hunc
2647 3925 2820 3980 usque
2860 3909 3003 3965 diem
3052 3926 3084 3965 a
3130 3918 3365 3982 tyranno

1786 4026 1851 4067 ac
1878 4010 2037 4067 hoste
2062 4006 2286 4062 humani
2311 4003 2526 4075 generis
2565 4002 2753 4060 multis
2782 4017 2847 4060 ac
2886 4002 3143 4075 gravibus
3184 4010 3364 4057 tenta-

1786 4100 2028 4157 tionibus
2056 4098 2515 4169 comprimuntur,
2544 4095 2747 4164 quibus
2786 4096 2946 4151 multi
2979 4096 3236 4153 meliores
3269 4094 3366 4151 ﬁr-

1789 4196 2099 4263 mioresque
2126 4191 2181 4245 in
2201 4190 2306 4245 fide
2324 4188 2451 4243 facti
2483 4196 2633 4251 sunt,
2655 4187 3026 4243 molestiarum
3052 4188 3368 4245 incursione

1789 4298 2047 4357 tanquam
2094 4282 2212 4337 acie
2253 4279 2515 4350 chalybea
2552 4279 2815 4341 roborati,
2850 4279 2935 4332 vel
2969 4279 3220 4341 dolorum
3267 4280 3368 4333 im-

1788 4386 1916 4450 petu
1948 4374 2222 4432 obdurati.
2281 4368 2538 4424 Nonnulli
2587 4384 2715 4424 vero
2767 4369 2935 4439 (piget
2963 4369 3173 4437 dicere)
3214 4369 3367 4425 fran-

1789 4476 1990 4542 guntur
2018 4463 2284 4528 adversis,
2319 4461 2686 4530 maluisseque
2727 4458 2917 4514 dicunt
2974 4474 3085 4514 non
3146 4459 3369 4517 audisse

128 4558 207 4610 τοῦ
233 4562 323 4631 τῆς
346 4562 664 4634 ἐλευθερίας
693 4560 1070 4632 κηρύγματος,
1093 4561 1127 4632 ἢ
1159 4563 1272 4624 τοῖς
1298 4560 1577 4626 τοιούτοις,
1600 4562 1682 4616 διὰ

1788 4559 2037 4621 veritatis
2075 4569 2128 4614 ct
2159 4554 2430 4612 libertatis
2458 4568 2786 4615 sermonem,
2816 4567 2979 4621 quam
3013 4568 3077 4610 ea
3105 4552 3172 4610 de
3199 4569 3367 4611 causa

128 4649 213 4721 τήν
249 4655 419 4709 αἰτίαν
462 4656 689 4726 ταύτην,
745 4652 1147 4723 συνενεχθῆναι.
1202 4651 1271 4709 ’Ὀ
1314 4653 1378 4725 δὴ
1426 4655 1520 4709 καὶ
1564 4655 1685 4709 τότε

132 4745 415 4799 συνέϐαινεν
441 4790 458 4815 ,
514 4748 619 4801 ὑπὸ
674 4744 1038 4818 μικροψυχίας
1083 4743 1191 4797 τῶν
1247 4745 1597 4817 Ἰσραηλιτῶν
1628 4750 1686 4800 ἐν

127 4836 308 4902 αἰτίαις
336 4840 677 4910 ποιουμένων
710 4840 837 4902 τοὺς
877 4838 977 4909 τὴν
1017 4836 1336 4909 ἀπαλλαγὴν
1377 4837 1561 4900 αὐτοῖς
1590 4837 1685 4908 τῆς

123 4922 341 4993 δουλείας
387 4931 852 5000 ἀπαγγείλαντας.
896 4929 1034 4982 Ἀλλ’
1069 4929 1221 4982 οὐδὲν
1271 4928 1469 4998 μᾶλλον
1497 4929 1687 5005 ἀνήσει

124 5016 314 5088 ὁλόγος
346 5024 487 5095 πρὸς
524 5022 587 5076 τδ
629 5021 793 5076 καλὸν
836 5019 1227 5091 ἐφελκόμενος,
1280 5018 1382 5072 κᾶν
1421 5020 1686 5085 παιδικῶς

122 5106 456 5184 ἀποδειλιάσῃ
501 5112 640 5184 πρὸς
669 5110 770 5175 τὰς
796 5110 906 5164 τῶν
946 5109 1269 5181 πειρασμῶν
1302 5109 1498 5179 ἀηθίας
1535 5113 1562 5162 ὁ
1595 5111 1689 5179 νή-

124 5214 230 5264 πιος
261 5202 340 5257 ἐτι
366 5205 467 5258 καὶ
509 5203 707 5276 ἀτελὴς
740 5203 841 5273 τὴν
868 5202 1120 5255 διάνοιαν.
1168 5200 1258 5270 Τῷ
1290 5201 1390 5270 μὲν
1416 5205 1523 5272 γὰρ
1561 5202 1687 5270 βλα-

120 5292 281 5363 πτικῷ
327 5295 425 5348 καὶ
456 5293 768 5365 φθοροποιῷ
809 5292 1023 5362 δαίμονι
1070 5290 1229 5344 τοῦτο
1271 5290 1411 5343 κατὰ
1444 5290 1552 5343 τῶν
1596 5292 1686 5344 ἀν-

122 5376 335 5451 Θρώπων
363 5385 750 5450 ἐσπουδάζετο,
782 5384 846 5437 τὸ
875 5383 950 5455 μὴ
981 5384 1061 5445 είς
1093 5382 1183 5435 τὸν
1208 5382 1433 5453 οὐρανὸν
1469 5382 1685 5451 βλέπειν

118 5471 171 5524 τὸ
200 5474 537 5549 ὑποχείριον,
570 5476 705 5531 ἀλλά
732 5476 794 5529 τὸ
823 5476 904 5538 είς
932 5474 1037 5545 γῆν
1068 5473 1315 5537 κύπτειν,
1352 5475 1446 5527 καὶ
1475 5476 1532 5526 ἐν
1558 5476 1681 5527 ἐαυο

119 5564 188 5636 τῷ
205 5568 293 5621 τὸν
320 5571 499 5639 πηλὸν
532 5568 852 5622 πλινθεύειν.
897 5569 965 5621 ’Ὁ
990 5585 1043 5620 τι
1070 5566 1178 5638 γὰρ
1202 5566 1268 5620 ἂν
1367 5567 1461 5636 τῆς
1496 5566 1687 5635 ὑλικῆς

117 5659 478 5727 ἀπολαύσεως,
535 5662 598 5715 ἐκ
624 5662 728 5731 γῆς
776 5661 892 5713 ἐστι
925 5660 1141 5721 πάντως
1189 5658 1221 5727 ἣ
1272 5658 1481 5720 ὓδατος,
1525 5659 1687 5711 παντί

1791 4667 1902 4713 tam
1934 4651 2117 4707 multis
2148 4646 2428 4703 laboribus
2475 4645 2753 4700 incidisse.
2797 4645 3035 4717 ldipsum
3076 4644 3192 4700 tum
3234 4663 3371 4718 quo-

1791 4763 1897 4820 que
1928 4744 2090 4800 ﬁebat
2116 4738 2356 4796 Hebraeis
2381 4754 2447 4793 ex
2480 4734 2949 4808 pusillanimitate,
2976 4738 3242 4795 libertatis
3267 4740 3370 4793 mi-

1794 4841 1998 4897 nistros
2032 4831 2443 4895 accusantibus,
2478 4828 2572 4884 sed
2606 4844 2715 4884 non
2751 4831 2992 4885 cessabit
3016 4830 3142 4886 ideo
3169 4832 3368 4901 praedi-

1794 4932 1936 4986 catio
1992 4927 2058 4981 ad
2125 4926 2428 4980 libertatem
2485 4930 2539 4976 et
2587 4923 2869 4980 veritatem
2934 4937 3037 4978 nos
3083 4938 3370 4987 revocans,

1792 5019 2007 5077 etiamsi
2034 5017 2211 5079 multi,
2242 5013 2400 5084 quasi
2430 5013 2582 5082 pueri
2615 5021 2780 5083 atque
2808 5012 3070 5077 infantes,
3116 5016 3372 5070 lentatio—

1793 5129 1892 5168 nes
1919 5110 2324 5182 pertimescant.
2360 5104 2652 5176 Tyrannus
2686 5106 2834 5162 enim
2871 5120 2937 5160 ac
2977 5105 3374 5161 bostis‘noster

1793 5205 2043 5257 humanae
2070 5206 2283 5253 natura:
2312 5197 2638 5267 depravator
2682 5212 2898 5268 semper
2935 5196 3139 5261 studet,
3189 5211 3257 5251 ne
3301 5194 3375 5248 ad
3448 5246 3453 5251 .

1791 5294 1990 5350 caelum
2036 5290 2225 5345 oculos
2265 5287 2479 5343 elevare
2530 5286 2840 5357 possimus,
2891 5286 2987 5344 sed
3053 5287 3108 5340 in
3168 5293 3375 5339 terram

1792 5386 2054 5442 continuo
2083 5381 2349 5447 inclinati,
2382 5382 2580 5436 lateres
2614 5381 2669 5433 in
2710 5395 2773 5434 ea
2819 5395 2884 5434 ex
2916 5379 3033 5433 luto
3080 5377 3367 5435 faciamus.

1792 5477 1926 5533 Nam
1960 5475 2224 5548 quidquid
2254 5474 2310 5529 in
2338 5473 2441 5528 hac
2464 5472 2573 5526 vita
2604 5472 2900 5534 invenitur,
2929 5485 3036 5540 quo
3079 5469 3205 5539 quis
3251 5484 3369 5523 ma-

1795 5567 2057 5623 terialiter
2081 5580 2146 5620 ac
2172 5562 2499 5619 sensualiter
2525 5560 2756 5622 fruatur,
2800 5559 2851 5613 id
2874 5567 2970 5612 aut
2992 5574 3057 5611 ex
3080 5566 3226 5613 terra
3261 5569 3375 5625 est,

1798 5665 1893 5712 aut
1918 5673 1984 5713 ex
2010 5672 2170 5727 aqua,
2204 5654 2318 5710 sive
2344 5651 2410 5706 ad
2434 5660 2697 5714 ventrem,
2743 5648 2859 5705 sive
2879 5649 2945 5705 ad
2980 5650 3202 5708 divitias
3249 5665 3375 5722 per-

185 5842 234 5875 ⁸⁸
261 5842 438 5903 Exod.
475 5863 648 5918 χλιιι,
686 5852 712 5908 ι
757 5863 879 5922 sqq.
955 5847 1000 5880 "
1026 5845 1230 5903 Jerem.
1266 5844 1403 5911 ιιι.
1482 5845 1525 5877 ⁸⁸
1551 5842 1723 5900 Exod.
1756 5858 1815 5913 ll,
1846 5843 1932 5897 15.
