3890 6358
539 417 642 473 343

1718 428 1775 484 S.
1819 428 2141 486 GREGURII
2184 430 2474 489 NYSSENI

3098 458 3217 479 ’νυοί-νδ

3685 440 3787 496 3H

535 538 735 593 tinens.
765 538 967 593 [lorum
1001 549 1179 596 autem
1222 542 1617 598 elementorum
1658 547 1890 601 mistura
1936 547 2107 600 lutum

2214 566 2314 601 που
2348 550 2505 617 δῆλον
2529 567 2541 582 ·
2596 552 2662 621 ἦν
2689 553 2749 604 τέ
2778 569 2831 605 τι
2866 550 2976 605 τῶν
3028 553 3156 623 περὶ
3193 552 3435 624 γαστέρα
3480 554 3580 607 καὶ
3611 554 3792 626 θοίνην

460 708 461 711 η
537 634 615 697 tit,
643 648 754 702 quo
784 633 994 702 repleti,
1027 634 1120 702 qui
1155 634 1221 689 ad
1251 636 1457 691 lutosas
1486 637 1583 692 has
1608 638 1823 692 inhiant
1849 638 2105 707 volupta-

533 732 635 787 tes,
662 739 940 791 nunquam
966 739 1025 780 se
1054 726 1243 795 plenos
1265 727 1503 781 retinere
1533 735 1783 797 possunt,
1804 727 1897 783 sed
1920 742 2114 797 quam-

532 814 613 869 vis
672 831 889 884 semper
960 833 1017 871 se
1086 819 1378 887 impleant,
1454 835 1667 886 semper
1734 829 1911 874 tamen
1957 819 2113 872 vacui

529 918 678 958 s'mt.
704 905 839 958 Nam
871 907 1328 975 quemadmodum
1379 910 1612 963 laterum
1650 911 1804 963 lictor
1848 910 1994 964 aliud
2030 918 2115 963 at-

531 1011 636 1064 que
663 996 809 1050 aliud
837 998 1009 1050 lutum
1051 997 1241 1053 formae
1272 1015 1379 1070 qua
1415 1001 1614 1055 lateres
1665 1002 1880 1070 ﬁgurat,
1934 1001 2112 1069 impo-

531 1086 629 1147 nit,
667 1085 801 1140 adeo
832 1095 892 1140 ut
923 1087 1095 1141 forma
1138 1089 1295 1158 plena
1341 1105 1555 1159 semper
1585 1098 1639 1144 et
1678 1106 1846 1144 vacua
1898 1104 2113 1159 semper

532 1180 629 1232 lnti
657 1180 764 1234 dici
796 1180 1000 1250 possit,
1041 1182 1302 1249 quoniam
1347 1197 1471 1237 eum
1511 1182 1614 1236 hoc
1649 1184 1916 1252 receperit
1946 1192 2111 1254 atque

532 1269 875 1333 lormaverit,
910 1273 1096 1327 nullus
1134 1273 1370 1341 amplius
1405 1288 1540 1327 usus
1565 1273 1738 1341 ipsius
1767 1274 1832 1327 ad
1862 1274 1965 1328 hoc
2003 1286 2107 1341 est,

530 1360 623 1415 sed
657 1362 721 1413 ad
749 1362 895 1415 aliud
916 1363 981 1415 ad
1011 1362 1155 1433 quod
1181 1379 1349 1416 vacua
1375 1375 1456 1417 est
1479 1383 1491 1417 :
1514 1366 1597 1418 sic
1618 1366 1907 1434 appetendi
1930 1369 2039 1432 vis,
2063 1368 2109 1421 si

530 1454 655 1522 quis
683 1469 801 1508 eam
834 1456 919 1508 his
952 1456 1185 1509 terrenis
1207 1455 1602 1524 cupiditatibus
1629 1458 1842 1526 replere
1867 1458 2107 1535 studeat,

531 1557 583 1602 et
618 1549 661 1600 si
696 1548 839 1617 quod
875 1549 928 1601 in
961 1548 1080 1602 dies
1109 1549 1272 1618 capit,
1306 1558 1665 1618 assequatur,
1710 1565 1883 1619 eoque
1925 1566 1985 1606 se
2022 1568 2109 1605 re-

530 1642 698 1709 pleat,
727 1656 896 1694 vacua
925 1647 1103 1693 tamen
1140 1655 1354 1707 semper
1379 1649 1483 1705 est,
1507 1656 1630 1694 cum
1660 1656 1721 1695 ea
1750 1657 1869 1709 qure
1896 1642 2107 1705 habuit,

531 1740 775 1800 respuat,
804 1732 933 1785 etin
968 1731 1113 1784 aliud
1161 1739 1326 1800 atque
1372 1730 1519 1784 aliud
1579 1731 1838 1786 continue
1879 1731 2107 1796 feratur,

531 1840 633 1877 nec
670 1822 794 1876 linis
814 1822 1105 1876 miserrimi
1136 1822 1350 1875 ardoris
1375 1822 1737 1891 cupiditatum
1764 1837 1886 1876 esse
1904 1830 2102 1893 potest,

531 1914 637 1969 nisi
672 1915 800 1983 quis
840 1914 1115 1968 carnalem
1141 1915 1307 1967 vitam
1342 1914 1589 1983 repellat.
1615 1912 1790 1967 Palem
1811 1928 1941 1967 vero
1965 1928 2104 1983 quas

530 2008 795 2061 lateribus
853 2008 1159 2061 innuisccre
1206 2014 1480 2074 coguntur
1524 2003 1728 2074 ",jam
1774 2020 1802 2057 a
1840 2006 2104 2059 sacratis-

529 2101 669 2154 simo
697 2098 990 2168 Evangelio
1016 2106 1068 2151 et
1094 2096 1280 2151 divina
1310 2097 1553 2165 Apostoli
1581 2100 1709 2151 tuba
1749 2096 1882 2165 quid
1929 2096 2102 2166 signi-

532 2194 719 2251 ﬁcent.
765 2192 1073 2260 expositum
1129 2200 1233 2245 est.
1285 2190 1566 2243 Materiam
1610 2189 1755 2243 enim
1793 2189 1955 2259 ignis
2008 2203 2106 2257 per

528 2283 743 2336 Culmos
777 2290 831 2334 ct
860 2281 1044 2348 paleas
1086 2280 1302 2335 ostendi
1356 2280 1683 2334 conﬁrmant
1735 2280 1920 2348 (quam
1980 2279 2105 2347 qui-

528 2373 651 2426 dem
687 2372 973 2427 materiam
998 2371 1142 2439 ignis
1176 2373 1222 2423 is
1267 2371 1368 2425 sibi
1404 2378 1693 2439 prmparat,
1746 2371 1839 2438 qui
1872 2370 2107 2423 terrenis

528 2462 783 2516 obruitur
813 2458 1231 2542 voluptatibus).
1270 2456 1467 2512 Verum
1506 2458 1726 2537 quando
1758 2458 1960 2526 aliquis
2010 2473 2106 2511 eo-

424 2623 429 2627 _
529 2567 672 2613 rum,
704 2550 797 2620 qui
833 2550 1055 2604 virtutis
1082 2551 1395 2619 praestantia
1423 2550 1722 2611 excellunt,
1760 2562 1789 2603 a
1833 2549 2107 2603 servitute

528 2641 595 2696 ad
627 2642 933 2696 libertatem
983 2641 1303 2696 submersos
1351 2643 1403 2694 in
1432 2641 1579 2696 vitiis
1632 2642 1880 2695 homines
1913 2639 2106 2695 vendi¢

527 2749 655 2787 care
683 2740 933 2790 conatur.
973 2741 1101 2785 tunc
1133 2731 1602 2800 cavillatoris.qui
1627 2733 1814 2788 variis.
1856 2740 1915 2786 ut
1954 2731 2101 2801 Apo-

529 2825 703 2878 stolus
731 2823 807 2876 ait
838 2823 905 2888 ’⁸,
957 2823 1223 2877 adversus
1266 2823 1478 2877 animas
1518 2832 1735 2876 nostras
1770 2824 1941 2877 utitur
1979 2824 2108 2877 iusi-

528 2913 669 2970 diis,
728 2921 920 2966 contra
977 2911 1216 2965 divinam
1274 2913 1677 2965 institutionem
1728 2914 2106 2969 cavillationes

531 3002 908 3058 fraudulentas
940 3002 1165 3056 inducit.
1191 3000 1319 3056 Haec
1349 3002 1475 3055 dico
1514 3003 1581 3057 ad
1611 3003 1896 3074 Egyptios
1918 3005 2109 3059 draco.

531 3111 629 3147 nos
660 3094 985 3162 respiciens,
1037 3094 1131 3164 qui
1161 3096 1343 3149 varias
1377 3094 1599 3149 fraudes
1640 3097 1774 3151 artis
1818 3097 2107 3153 diabolica

2219 641 2664 711 σπουδαζομένων
2686 681 2701 705 ,
2756 644 2821 714 ἦν
2873 662 2931 697 τε
2982 645 3076 697 καὶ
3123 646 3224 698 ὅσα
3268 646 3395 714 περὶ
3442 645 3536 698 τὸν
3569 645 3791 700 πλοῦτον

2213 730 2426 801 ὁρᾶται.
2491 733 2553 784 Ἡ
2584 733 2641 785 δὲ
2688 733 2796 786 τῶν
2848 735 3123 804 στοιχείων
3163 735 3369 788 τούτων
3423 735 3573 805 μίξις
3626 737 3791 806 πηλὸς

2213 821 2421 888 γίνεται
2450 824 2543 876 καὶ
2580 823 2902 893 ὀνομάζεται
2939 840 2957 854 σ
3003 818 3064 879 οὗ
3110 824 3442 895 πληροῦντες
3486 826 3716 888 ἑαυτοὺς
3746 829 3789 879 οξ

2214 909 2350 978 πρὸς
2377 910 2477 974 τὰς
2515 911 2778 981 πηλώδεις
2810 912 3003 981 ἡδονὰς
3052 915 3361 983 κεχηνότες,
3393 912 3654 965 οὐδέποτε
3699 916 3791 983 τὴν

2210 998 2463 1072 δεκτικὴν
2516 1002 2623 1055 τῶν
2674 1002 2878 1073 ⁴ἡδονῶν
2941 1004 3284 1076 εὐρυχωρίαν
3334 1003 3518 1075 πλήρη
3576 1005 3787 1072 φυλάσ-

2214 1104 2414 1143 σουσιν·
2435 1090 2570 1146 ἀλλὰ
2581 1092 2737 1147 τὺάεὶ
2749 1093 2856 1163 πλη
2863 1087 2958 1164 ρού
2966 1107 3125 1163 μενον
3133 1094 3343 1160 γίνεται
3356 1094 3518 1148 πάλιν
3531 1096 3694 1151 κενὸν
3717 1097 3789 1167 τῷ

2212 1179 2537 1251 ἐπιρρέοντι.
2589 1179 2746 1233 Οὕτω
2770 1181 2882 1251 γάρ
2913 1183 2942 1234 6
2983 1180 3356 1252 πλινθουργῶν
3400 1183 3590 1237 ἄλλοτε
3627 1186 3789 1255 ἀλλην

2214 1271 2424 1341 βλέπων
2455 1270 2709 1334 διάθεσιν,
2740 1272 2973 1335 εὐκόλως
3013 1271 3078 1325 ἂν
3115 1274 3304 1341 νοήσαι
3337 1272 3396 1325 τὸ
3426 1274 3682 1343 αἴνιγμα.
3733 1275 3790 1329 Ὃ

2210 1365 2320 1434 γὰρ
2366 1363 2656 1433 πληρώσας
2702 1364 2893 1417 ἑαυτοῦ
2937 1364 3035 1435 τὴν
3089 1364 3385 1434 ἐπιθυμίαν
3446 1366 3503 1418 ἔν
3557 1384 3668 1419 τινι
3716 1360 3787 1420 ὧν

2210 1455 2563 1517 ἐσπούδασεν,
2598 1455 2646 1506 εί
2693 1455 2829 1525 πρὸς
2876 1454 3063 1525 ἔτερόν
3090 1472 3142 1508 τι
3170 1458 3237 1525 τῇ
3286 1457 3555 1528 ἐπιθυμίᾳ
3584 1458 3786 1528 ῥέψειε,

2211 1546 2365 1608 κενὸς
2409 1544 2545 1615 πρὸς
2591 1547 2767 1598 ἐκεῖνο
2819 1545 2980 1598 πάλιν
3015 1546 3366 1616 εὑρίσκεται·
3422 1547 3527 1600 κᾶν
3565 1548 3785 1616 γένηται

2211 1635 2383 1706 τούτῳ
2430 1636 2662 1707 πλήρης,
2708 1634 2786 1705 τῷ
2826 1635 2997 1705 ἑτέρῳ
3026 1634 3190 1688 πάλιν
3223 1635 3378 1698 κενός
3410 1653 3469 1688 τε
3499 1637 3593 1689 καὶ
3627 1638 3785 1707 εὐρύν

2210 1743 2385 1797 χωρος
2412 1726 2638 1794 γίνεται.
2676 1725 2779 1778 Καὶ
2822 1724 2978 1777 τοῦτο
3022 1726 3083 1777 οὐ
3117 1725 3348 1777 παύεται
3381 1725 3469 1778 διά
3497 1727 3701 1789 παντὸς
3732 1730 3786 1780 ὲν

2211 1820 2340 1889 ἡμῖν
2375 1818 2784 1889 ἐνεργούμενον,
2815 1815 2919 1878 ἕως
2952 1815 3016 1868 ἄν
3056 1832 3142 1878 τις
3183 1815 3469 1879 ὑπεξέλθοι
3512 1816 3606 1868 τοῦ
3655 1817 3786 1869 ὑλώ-

2205 1910 2327 1973 δους
2369 1910 2504 1979 βίου.
2553 1910 2615 1960 Ἦ
2639 1908 2696 1961 δὲ
2731 1908 2971 1977 καλάμη,
3005 1907 3099 1960 καὶ
3131 1906 3191 1960 τὸ
3237 1910 3303 1959 ἐκ
3331 1907 3536 1977 ταύτης
3566 1909 3784 1980 ἄχυρον,

2203 2003 2232 2055 6
2256 2001 2645 2071 καταμιγνύειν
2677 2002 2741 2070 τῇ
2771 2000 2974 2070 πλίνθῳ
3002 2000 3478 2067 καταναγκάξεται
3501 2004 3531 2054 ὁ
3554 2004 3671 2065 τοῖς
3700 2019 3789 2054 τυ-

2207 2094 2475 2163 ραννικοῖς
2501 2090 2789 2143 ὑπακούων
2810 2091 3194 2160 προστάγμασι
3212 2105 3228 2122 ο
3271 2091 3424 2159 παρά
3442 2107 3502 2143 τε
3523 2090 3620 2144 τοῦ
3646 2091 3783 2146 θείου

2206 2183 2556 2252 Εὐαγγελίου,
2604 2183 2698 2234 καὶ
2743 2181 2893 2254 παρά
2926 2181 3026 2252 τῆς
3070 2180 3279 2250 ὑψηλῆς
3323 2180 3416 2233 τοῦ
3462 2182 3784 2233 ’Δποστολου

2207 2273 2413 2342 φωνῆς,
2438 2271 2762 2342 ἀμφοτέρων
2791 2268 2992 2338 ὁμοίιος
3024 2270 3200 2340 πυρὸς
3223 2268 3377 2339 ὓλην,
3403 2271 3466 2323 τό
3491 2288 3555 2323 τε
3588 2271 3787 2341 ἄχυρον

2207 2365 2301 2417 καὶ
2333 2364 2432 2432 τὴν
2466 2360 2719 2432 καλάμην
2750 2362 3221 2431 ἑρμηνευσάντων.
3277 2362 3446 2413 Ὅταν
3488 2361 3672 2413 τοίνυν
3707 2378 3786 2423 τις

2205 2456 2315 2508 τῶν
2364 2457 2423 2507 ὲν
2468 2456 2635 2522 ἀρετῇ
2681 2452 3038 2521 προεχόντων,
3084 2451 3338 2520 ἀποσπᾷν
3368 2451 3529 2521 ἐθέλῃ
3557 2453 3686 2514 τοὺς
3721 2456 3784 2523 τῇ

2206 2545 2387 2615 ἀπάτῃ
2437 2543 2863 2611 δεδουλωμένους
2908 2543 2988 2604 εἰς
3035 2541 3149 2611 βίον
3206 2541 3572 2611 ἐμφιλόσοφόν
3601 2559 3663 2594 τε
3698 2542 3787 2593 καὶ

2207 2636 2488 2705 ἐλεύθερον
2523 2651 2535 2664 ·
2588 2630 2727 2687 οἶδεν
2772 2635 2801 2685 ὁ
2832 2635 2949 2695 ταῖς
2983 2631 3252 2694 ποικίλαις
3276 2670 3293 2695 ,
3341 2631 3526 2694 καθώς
3573 2650 3737 2703 φησιν
3760 2634 3787 2684 6

2218 2725 2557 2787 Ἀπόστολος,
2602 2723 2903 2794 μεθοδείαις
2932 2723 3071 2776 κατά
3097 2723 3205 2777 τῶν
3233 2723 3421 2794 ψυχῶν
3453 2724 3613 2793 ἡμῶν
3641 2741 3789 2790 σοφι-

2209 2820 2434 2882 στεύων,
2466 2816 2931 2886 άντιπαραγαγεῖν
2973 2814 3051 2885 τῷ
3080 2813 3211 2885 θείῳ
3233 2815 3384 2884 νόμῳ
3419 2815 3488 2867 τά
3515 2815 3615 2884 τῆς
3648 2815 3788 2867 ἀπά-

2161 2900 2167 2903 V
2207 2929 2306 2981 της
2350 2911 2675 2979 σοφίσματα.
2727 2907 2914 2960 Ταῦτα
2953 2906 3010 2959 δὲ
3041 2906 3212 2973 λέγω,
3268 2905 3403 2975 πρὸς
3451 2906 3581 2967 τοὺς
3626 2907 3790 2971 Δίγυ-

2207 3005 2395 3067 πτίους
2432 3002 2730 3071 δράκοντας
2760 2998 2971 3070 βλέπων
3010 2997 3087 3067 τῷ
3116 2997 3279 3067 λόγῳ,
3310 2997 3457 3049 τοῦτ’
3485 2995 3625 3059 ἐστι,
3656 2995 3790 3065 πρὸς

2206 3096 2303 3159 τὰς
2334 3095 2584 3157 ποικίλας
2612 3095 2712 3163 τῆς
2755 3093 2970 3163 ἀπάτης
3008 3088 3221 3152 κακίας,
3256 3082 3332 3142 ὧν
3360 3088 3450 3140 τὸν
3477 3087 3791 3156 ἀφανισμὸν

531 3188 598 3240 ad
655 3187 950 3256 perniciem
1018 3185 1299 3240 hominum
1352 3187 1691 3255 excogitatas
1741 3188 2100 3257 signiﬁcant,

2214 3187 2363 3257 ἢτοῦ
2414 3186 2659 3250 Μωσέως
2688 3185 2881 3256 ῥάϐδος
2915 3182 3227 3255 ἐργάζεται,
3272 3180 3400 3251 περὶ
3445 3175 3514 3251 ἧς
3556 3178 3791 3249 μετρίως

530 3294 671 3347 quas
704 3280 854 3348 virga
888 3275 1059 3348 Moysi
1091 3277 1325 3331 destruit
1376 3286 1540 3344 atque
1582 3280 1860 3332 consumit
1902 3280 2108 3348 (incar-

531 3369 683 3422 ttulit)
722 3369 978 3422 videlicet
999 3366 1212 3438 Verbi),
1250 3367 1412 3422 sicuti
1446 3366 1557 3436 jam
1597 3369 1982 3435 diximus.Qui
2012 3386 2110 3424 au-

2206 3280 2306 3352 ἧδη
2338 3279 2407 3333 τά
2437 3279 2624 3332 εἰκότα
2668 3275 3107 3349 προτεθειὶῳηται
3179 3268 3348 3333 Οὗτος
3392 3271 3597 3334 τοίνυν,
3639 3272 3669 3325 6
3694 3271 3790 3342 τὴν

2205 3372 2416 3443 ἄμαχον
2444 3372 2661 3442 εκείνην
2706 3370 3044 3441 κεκτημένος
3080 3369 3180 3437 τῆς
3208 3367 3408 3438 ἀρετῆς
3438 3365 3663 3437 ῥάϐδον,
3692 3366 3790 3435 τὴν

532 3471 640 3515 tem
702 3461 841 3513 hanc
880 3459 1099 3514 virtutis
1150 3460 1237 3528 (ac
1273 3458 1416 3529 ﬁdei)
1477 3460 1685 3529 virgam
1739 3462 1920 3525 habet,
1984 3479 2108 3532 quae

2214 3466 2302 3529 εάς
2340 3464 2733 3535 σεσοφισμένας
2778 3461 3202 3530 ὲξαφανίζουσαν
3246 3458 3497 3529 ῥάϐδους,
3545 3457 3657 3529 ὁδῷ
3687 3475 3790 3511 τινι

550 3554 695 3618 (cum
732 3552 883 3621 virga
911 3551 1155 3607 veritatis
1173 3550 1265 3621 sit)
1318 3551 1522 3606 diaboli
1571 3552 1945 3609 fraudulentas
1996 3557 2107 3608 vir-

532 3661 628 3711 gas
680 3642 973 3705 consumit,
1008 3643 1093 3696 via
1139 3650 1286 3697 recta
1335 3651 1738 3713 consequenter
1780 3644 1848 3698 ad
1899 3645 2107 3714 majora

531 3732 775 3801 proci'dit
803 3732 1067 3785 miracula
1101 3751 1113 3785 :
1161 3747 1282 3801 quae
1314 3731 1533 3801 quidem
1570 3732 1856 3798 miracula,
1899 3748 2008 3788 non
2048 3743 2107 3788 ut

530 3828 772 3875 terreant
829 3821 1144 3884 audientes,
1205 3820 1300 3875 sed
1360 3829 1420 3874 ut
1459 3822 1674 3889 prosint
1733 3822 2107 3889 credentibus,

535 3914 690 3967 ﬁunt.
733 3912 867 3967 Nam
909 3912 1114 3967 eisdem
1162 3912 1445 3966 miraculis
1488 3912 1676 3969 hostes
1726 3924 2111 3987 expugnantur

535 4002 747 4075 (ﬁdeles
792 4001 1137 4069 muniuntur,
1190 3995 1526 4071 dejiciuntur
1570 4004 1768 4069 alieni,
1822 4006 2112 4075 eriguntur

535 4096 712 4151 nostri
743 4113 756 4150 :
793 4092 871 4149 illi
900 4092 1818 4163 communiuntur),nosaugemur.
1856 4096 1962 4150 Sed
1995 4099 2107 4167 pri-

538 4196 686 4235 mum
710 4180 1038 4250 generaliter
1057 4180 1187 4250 quid
1213 4180 1328 4234 haec
1350 4180 1616 4235 miracula
1648 4184 1954 4246 intendant,
1980 4202 2111 4255 quo-

538 4270 806 4343 modoque
824 4273 977 4337 ﬁant,
1008 4273 1458 4344 perstringamus,
1486 4273 1683 4329 deinde
1713 4273 1869 4331 facile
1897 4278 2109 4349 singula

534 4364 966 4434 speculabimur.

609 4453 865 4511 Veritatis
892 4455 1058 4526 igitur
1087 4454 1201 4510 haec
1247 4470 1459 4511 summa
1496 4455 1747 4513 doctrina
1774 4458 1841 4513 ad
1872 4461 2111 4531 disposi-

2212 3558 2306 3609 καὶ
2332 3554 2619 3626 ἀκολουθίᾳ
2642 3555 2779 3628 πρὸς
2804 3552 2875 3605 τὰ
2905 3552 3072 3623 μείζω
3100 3550 3313 3622 πρόεισι
3342 3549 3451 3601 τῶν
3472 3548 3788 3619 θαυμάτων.

2222 3646 2286 3701 Ἦ
2330 3646 2387 3699 δὲ
2436 3637 2837 3717 θαυματοποιία
2882 3643 2943 3698 οὐ
2991 3642 3070 3713 τῷ
3113 3641 3300 3711 σκοπῷ
3330 3641 3428 3711 τῆς
3478 3640 3792 3712 ἐκπλήξεως

2210 3736 2325 3790 τῶν
2372 3736 2806 3807 ἐντυγχανόντων
2829 3736 3057 3807 γίνεται,
3097 3732 3234 3787 ἀλλά
3269 3730 3406 3802 πρὸς
3431 3729 3494 3784 τὸ
3523 3734 3793 3801 χρήσιμον

2212 3826 2318 3880 τῶν
2350 3826 2671 3897 σωζομένων
2712 3826 2915 3896 βλέπει.
2963 3824 3088 3888 Τοῖς
3116 3824 3224 3894 γὰρ
3252 3821 3436 3883 αὐτοῖς
3464 3821 3566 3889 τῆς
3594 3820 3794 3891 ἀρετῆς

2213 3921 2454 3990 θαύμασι
2485 3918 2826 3988 καθαιρεῖται
2860 3916 2958 3987 μὲν
2998 3915 3059 3968 τὸ
3085 3914 3360 3984 πολέμιον,
3390 3908 3623 3974 αὔξεται
3651 3910 3707 3962 δὲ
3736 3909 3795 3961 τὸ

2213 4011 2502 4082 ὁμόφυλον.
2556 4008 2777 4080 Πρῶτον
2823 4007 2879 4059 δὲ
2923 4004 3284 4074 γενικώτατον
3314 4001 3420 4055 τῶν
3463 3995 3560 4053 ἐπὶ
3595 4000 3795 4072 μέρους

2214 4101 2528 4171 θαυμάτων,
2554 4098 2647 4151 τὸν
2679 4095 2821 4151 κατά
2850 4096 2950 4165 τὴν
2975 4094 3197 4165 ἀγωγὴν
3229 4091 3647 4161 καταμάθωμεν
3672 4104 3797 4143 σκο-

2219 4193 2318 4247 πόν
2353 4208 2367 4221 '
2423 4188 2523 4244 εἷθ’
2564 4189 2737 4252 οὕτως
2769 4187 2991 4240 δυνατὸν
3025 4186 3092 4239 ἂν
3123 4186 3332 4253 γένοιτο
3359 4185 3510 4253 ἡμῖν,
3554 4183 3655 4235 καὶ
3685 4183 3793 4244 τοῖς

2219 4284 2337 4339 καθ’
2367 4284 2595 4337 ἕκαστον
2624 4280 2931 4352 ἐφαρμόσαι
2956 4277 3017 4331 τὸ
3043 4276 3240 4347 νόημα.

2297 4377 2360 4427 Ἠ
2412 4374 2521 4443 γάρ
2570 4369 2891 4425 διδασκαλία
2931 4369 3028 4438 τῆς
3057 4365 3311 4437 ἀληθείας
3360 4365 3497 4436 πρὸς
3542 4365 3644 4428 τὰς
3685 4365 3795 4418 δ.α-

2216 4466 2392 4528 θέσεις
2451 4464 2559 4515 τῶν
2618 4460 2921 4532 δεχομένων
2972 4460 3066 4512 τὸν
3122 4458 3283 4525 λόγον
3342 4457 3795 4526 συμμεταϐάλλε-

535 4548 713 4602 tiones
739 4547 1046 4611 hominum,
1073 4548 1164 4616 qui
1203 4546 1317 4616 jam
1341 4548 1592 4616 audiunt,
1612 4554 1936 4606 commutari
1964 4555 2108 4608 vide-

2215 4576 2325 4613 ται.
2380 4555 2608 4625 Ἐπίσης
2652 4555 2760 4624 γάρ
2812 4553 2945 4605 πᾶσι
2985 4550 3078 4603 τοῦ
3113 4550 3272 4617 λόγου
3319 4548 3381 4601 τὸ
3431 4548 3603 4600 κακὸν
3653 4548 3686 4618 ἢ
3740 4548 3795 4600 τὸ

538 4648 672 4692 tur:
711 4655 833 4692 nam
875 4654 1001 4693 cum
1048 4640 1329 4709 aequaliter
1366 4640 1622 4694 omnibus
1665 4642 1795 4710 quid
1850 4655 2112 4714 appeten-

536 4730 668 4783 dum
690 4739 744 4784 et
781 4731 913 4799 quid
943 4730 1258 4801 fugiendum
1292 4729 1385 4791 sit,
1414 4730 1648 4799 benigne
1667 4733 1941 4800 ostendat,
1974 4736 2022 4791 is
2057 4739 2111 4791 in

541 4822 661 4874 luce
685 4820 948 4885 ambulat,
981 4829 1323 4891 mentemque
1370 4821 1728 4876 illuminatam
1778 4824 2111 4911 habetuqui

539 4911 815 4967 auscultat
843 4922 897 4967 et
925 4920 1113 4982 paret;
1146 4913 1240 4982 qui
1269 4928 1398 4967 vero
1420 4914 1628 4969 resistit
1659 4922 1712 4969 et
1736 4918 1984 4972 veritatis
2022 4933 2113 4970 ra-

539 5005 661 5060 dios
693 5003 757 5057 ad
794 5004 1030 5057 animam
1068 5018 1221 5058 suam
1268 5020 1377 5059 non
1405 5004 1739 5072 intromittit,
1773 5008 1818 5063 is
1860 5010 1915 5061 in
1962 5019 2109 5065 tene-

540 5098 653 5153 bris
687 5096 1010 5166 ignorantize
1031 5103 1328 5165 permanet.
1349 5096 1504 5162 Quod
1541 5099 1585 5153 si
1613 5098 1810 5153 falsum
1872 5116 1981 5155 non
2029 5110 2114 5157 est

538 5188 684 5258 quod
711 5188 785 5241 ita
809 5189 1107 5258 generatim
1151 5188 1202 5241 in
1239 5188 1439 5244 talibus
1475 5189 1849 5260 intelligimus,
1890 5193 2115 5247 omnino

538 5278 686 5335 haud
713 5280 873 5335 aliter
904 5295 964 5335 se
992 5279 1192 5335 habere
1220 5281 1552 5335 censendum
1577 5289 1664 5336 est
1704 5282 1850 5351 quod
1903 5285 1969 5338 ad
1999 5285 2117 5338 sin-

540 5372 698 5439 gulos
742 5370 1018 5439 pertinet,
1066 5385 1191 5423 cum
1239 5384 1305 5425 ex
1360 5370 1477 5439 ipsa
1515 5371 1832 5426 narratione
1883 5373 2028 5442 quod
2060 5374 2114 5428 in

544 5470 694 5529 parte
720 5462 1105 5530 inquirendum
1139 5467 1279 5525 erat,
1310 5461 1474 5514 simul
1507 5462 1826 5516 innotuerit.
1864 5464 2111 5534 Quapro-

546 5559 661 5620 pter
689 5567 797 5606 non
814 5550 1274 5613 estincredibile,
1293 5551 1434 5605 nihil
1459 5553 1585 5606 mali
1604 5553 1846 5608 sensisse
1870 5553 2110 5619 Judaaos,

542 5642 792 5711 quamvis
832 5657 939 5695 una
980 5657 1107 5697 eum
1142 5640 1410 5712 [Egyptiis
1440 5642 1535 5713 qui
1567 5642 1923 5706 vexabantur,
1960 5644 2107 5700 habi-

623 5821 662 5851 “
698 5816 865 5871 Exod.
897 5836 948 5886 v,
978 5820 1029 5871 '7.
1109 5820 1153 5850 ³⁸
1183 5820 1379 5889 Ephes.
1409 5838 1479 5892 Iv,
1509 5821 1565 5876 6.

2219 4647 2381 4703 καλὸν
2446 4643 2888 4716 προδεικνύντος,
2962 4644 2991 4694 6
3059 4641 3156 4711 μὲν
3220 4638 3488 4701 εὐπειθῶς
3553 4638 3694 4708 πρὸς
3739 4640 3798 4688 τὸ

2217 4736 2564 4803 δεικνύμενον
2610 4732 2747 4803 ἔχων
2791 4732 2848 4782 ὲν
2898 4730 3037 4798 φωτὶ
3084 4727 3181 4797 τὴν
3222 4727 3460 4780 διάνοιαν
3513 4726 3631 4795 ἔχει
3655 4742 3671 4755 ο
3722 4724 3797 4793 τῷ

2218 4827 2275 4881 δὲ
2326 4824 2632 4886 ἀντιτύπως
2695 4820 3053 4891 διακειμένῳ,
3101 4818 3194 4871 καὶ
3254 4818 3327 4887 μὴ
3380 4816 3797 4886 καταδεχομένῳ

2221 4918 2358 4990 πρὸς
2400 4916 2499 4986 τὴν
2560 4916 2756 4968 ἀκτῖνα
2822 4913 2919 4982 τῆς
2981 4910 3237 4980 ἀληθείας
3298 4910 3396 4979 τὴν
3424 4909 3626 4979 »ψυχὴν
3682 4910 3798 4962 δια-

2220 5008 2437 5076 ϐλέψαι,
2482 5005 2788 5075 παραμένει
2829 5003 2930 5071 τῆς
2970 5002 3190 5070 ἀγνοίας
3233 5003 3263 5054 ὁ
3308 5001 3487 5070 ζόφος.
3530 5001 3594 5052 Εί
3632 5001 3703 5070 δὴ
3742 5000 3799 5052 τὸ

2220 5098 2448 5152 καθόλου
2498 5095 2687 5164 νοηθὲν
2731 5094 2863 5163 ἡμῖν
2898 5093 2956 5144 ὲν
2999 5094 3105 5154 τοῖς
3142 5090 3403 5152 τοιούτοις
3449 5089 3652 5159 ψεῦδος
3706 5093 3801 5143 οὐκ

2213 5191 2358 5242 ἐστιν
2386 5205 2400 5219 ⁸
2448 5187 2557 5240 οὐδ’
2615 5186 2682 5239 ἂν
2731 5184 2799 5237 τὰ
2852 5183 2972 5236 καθ’
3020 5183 3248 5235 ἕκαστον
3312 5180 3531 5243 πάντως
3593 5183 3799 5252 étépw;

2211 5282 2352 5352 ἔχοι,
2400 5281 2498 5349 τῆς
2542 5278 2635 5331 ἐπὶ
2680 5276 2878 5347 μέρους
2928 5274 3227 5339 ἐξετάσεως
3286 5272 3797 5342 συναποδειχθείσης

2214 5371 2290 5442 τῷ
2353 5371 2517 5439 λόγῳ.
2589 5368 2799 5421 Οὐκοῦν
2856 5364 3006 5418 οὐδὲν
3060 5364 3403 5433 θαυμαστὸν,
3474 5363 3663 5433 ἀπαθῆ
3714 5364 3798 5415 τὸν

2229 5462 2478 5535 Ἐὃραῖον
2525 5460 2708 5531 μένειν
2750 5459 2859 5512 τῶν
2895 5457 3208 5525 Αἰγυπτίων
3249 5454 3466 5517 κακῶν,
3505 5454 3568 5507 ὲν
3617 5455 3796 5526 μέσοις

2217 5559 2329 5618 τοῖς
2353 5553 2670 5622 ἀλλοφύλοις
2694 5551 3187 5621 ἀναστρεφόμενον,
3214 5549 3337 5601 ἐπεὶ
3367 5547 3459 5600 καὶ
3483 5544 3582 5598 νῦν
3603 5546 3663 5598 τὸ
3688 5547 3793 5599 ἴςον

2218 5648 2332 5701 ἔστι
2362 5647 2643 5716 γινόμενον
2687 5643 2834 5699 ίδεῖν.
2880 5642 3001 5694 Τῶν
3044 5641 3153 5711 γὰρ
3200 5641 3257 5692 ὲν
3287 5641 3406 5700 ταῖς
3445 5636 3791 5707 πολυανθρω-
