3890 6350
278 405 372 461 515

1614 417 1702 473 DE
1735 417 1885 473 Vl'l'A
1928 419 2200 479 MOYSIS.

3429 424 3541 480 346

275 523 497 588 πούσαις
521 523 717 582 πόλεσι
740 527 877 599 πρὸς
903 529 1003 594 τὰς
1023 532 1271 596 ἐναντίας
1289 532 1447 600 δόξας
1466 534 1839 608 διεστηκότων1

1955 545 2168 605 tarent;
2229 552 2355 592 nam
2420 538 2473 593 id
2534 538 2714 609 ipsum
2776 538 2940 593 altius
2990 536 3324 592 intellectum
3376 536 3540 593 hodlc

278 618 382 679 τοῖς
416 616 512 686 μὲν
541 618 775 689 πότιμόν
807 636 867 672 τε
895 619 991 674 καὶ
1012 620 1205 686 διειδές
1230 625 1349 675 ἐστι
1378 624 1437 676 τὸ
1457 626 1605 695 νᾶμα
1635 626 1736 696 τῆς
1762 627 1852 679 πί-

279 724 459 769 στεως,
480 707 510 760 6
532 707 622 761 διὰ
645 712 746 779 τῆς
775 710 925 774 θείας
955 711 1306 776 διδασκαλίας
1338 714 1627 785 ἀρύονταιο
1659 720 1772 780 τοῖς
1794 717 1851 771 δὲ

275 798 359 851 διὰ
386 798 485 868 τῆς
513 802 754 870 πονηρᾶς
785 801 1106 872 ὑπολήψεως
1142 805 1591 872 Αἱγυπτιάζουσι,
1623 807 1849 877 διαφθο-

279 889 377 959 ρᾶς
416 883 556 959 αἷμα
575 888 639 942 τὸ
671 890 815 960 ὓδωρ
842 890 1071 958 γίνεται.
1105 895 1215 946 Καὶ
1242 894 1501 958 πολλάκις
1526 897 1794 969 ἐπιχειρεῖ
1821 902 1850 953 6

276 980 688 1050 παρασοφισμδς
717 982 818 1050 τῆς
850 983 1066 1053 ἀπάτης
1092 986 1185 1037 καὶ
1217 986 1277 1039 τὸ
1305 987 1413 1040 τῶν
1448 988 1715 1060 Ἐϐραίων
1753 1009 1850 1044 πο-

271 1070 381 1131 τὸν,
405 1069 485 1139 τῷ
528 1070 789 1142 μολυσμῷ
826 1073 921 1125 τοῦ
946 1073 1175 1142 ψεύδους
1209 1072 1348 1147 αἷμα
1389 1079 1652 1148 ποιῆσαι,
1702 1080 1847 1135 τοῦτ’

271 1159 403 1221 ἐστι,
434 1161 526 1213 τὸν
553 1162 819 1233 ἡμέτερον
851 1163 1027 1231 λόγον,
1068 1166 1164 1218 καὶ
1201 1168 1331 1235 ἡμῖν
1358 1167 1547 1233 δεῖξαι,
1580 1169 1653 1241 μὴ
1676 1170 1850 1223 τοιοῦ-

269 1267 358 1304 τον
389 1251 552 1314 ὄντα,
592 1246 703 1315 οἷός
734 1255 900 1308 ἐστιν·
945 1254 1060 1307 ἀλλ’
1105 1256 1206 1308 οὐκ
1252 1258 1573 1328 ἀχρειώσειε
1616 1260 1846 1315 καθά).ου

268 1342 328 1394 τὸ
358 1340 541 1402 ποτὸν,
577 1341 681 1395 κᾶν
707 1343 770 1395 ὲκ
799 1343 893 1397 τοῦ
924 1345 1213 1416 προχείρου
1252 1348 1319 1400 δι’
1353 1349 1570 1420 ἀπάτης
1601 1368 1848 1422 περιφοι-

268 1433 388 1503 νίξῃ
408 1434 470 1487 τὸ
496 1429 653 1497 εἶδος.
675 1435 827 1489 Πίνει
848 1436 957 1507 γὰρ
975 1439 1004 1489 6
1039 1438 1288 1509 Ἐϐραῖος
1313 1441 1375 1493 τὸ
1399 1441 1654 1512 ἀληθινὸν
1678 1442 1845 1513 ὕδωρ,

268 1523 369 1577 κᾶν
401 1523 550 1592 παρά
580 1524 691 1578 τῶν
719 1526 977 1581 ἐναντίων
1017 1529 1258 1593 πιθανῶς
1288 1531 1663 1602 διαδάλληται,
1695 1535 1848 1587 οὐδὲν

268 1615 406 1685 πρὸς
430 1616 492 1668 τὸ
515 1612 652 1680 εἶδος
681 1618 781 1688 τῆς
813 1619 1027 1691 ἀπάτης
1055 1622 1535 1692 ἐπιστρεφόμενος.
1567 1622 1724 1676 Οὕτω
1753 1624 1848 1677 καὶ

266 1705 326 1759 τὸ
355 1705 641 1777 βατράχων
679 1708 836 1775 γένος
886 1710 948 1763 τὸ
987 1711 1222 1780 εἰδεχθὲς
1270 1713 1368 1765 καὶ
1418 1713 1758 1782 πολύφωνον,

265 1799 526 1867 ἀμφίϐιος
578 1801 674 1868 μὲν
735 1803 767 1871 ὴ
822 1801 969 1871 ζωὴ,
1022 1802 1347 1873 ὲρπυστικὸν
1391 1804 1447 1857 δὲ
1504 1804 1566 1857 τὸ
1614 1806 1845 1876 πήδημα

268 1890 286 1959 (
313 1889 481 1960 ἀηδὴς
506 1891 561 1944 δὲ
595 1892 655 1944 ού
693 1892 853 1961 μόνον
899 1894 932 1961 ὴ
960 1892 1101 1961 ὄψις,
1132 1894 1267 1947 ἀλλᾶ
1303 1896 1396 1947 καὶ
1435 1894 1529 1948 τοῦ
1574 1896 1843 1967 χρωτὸςή
1878 1876 1918 1928 Β

268 1979 520 2051 δυσωδία)
540 1998 554 2011 ⁸
588 1980 616 2032 ὃ
642 1984 755 2045 τοῖς
782 1981 952 2045 οἴκοις
979 1985 1075 2035 καὶ
1101 1986 1221 2046 ταῖς
1252 1983 1459 2046 κλίναις
1486 1984 1581 2037 καί⁵
1604 1986 1718 2048 τοῖς
1749 2001 1845 2037 τα-

271 2071 444 2141 μείοις
470 2072 578 2125 τῶν
594 2074 908 2142 Αἰγυπτίων
935 2075 1204 2147 εἰσέρπει,
1225 2079 1325 2148 τῆς
1352 2077 1407 2129 δὲ
1430 2076 1538 2131 τῶν
1579 2076 1845 2148 Ἐϐραίων

268 2164 413 2234 ζωῆς
438 2165 538 2220 οὐκ
565 2165 884 2235 ἐφάπτεται.
930 2169 1170 2242 ’Δληθῶς
1210 2170 1319 2241 γὰρ
1347 2171 1602 2242 ἄντικρυς
1640 2171 1842 2242 βατρά-

265 2270 379 2324 χων
406 2252 538 2325 γένη
562 2256 686 2319 εἰσὶ,
721 2257 790 2310 τά
815 2257 1114 2326 φθοροποιά
1142 2259 1242 2329 τῆς
1275 2260 1472 2325 κακίας
1501 2263 1840 2332 γεννήματα,

266 2347 332 2398 ἐκ
371 2345 467 2416 τῆς
495 2347 744 2417 ρυπαρᾶς
774 2348 999 2419 καρδίας
1037 2346 1144 2403 τῶν
1176 2350 1495 2420 ἀνθρώπων,
1521 2347 1633 2407 οἷον
1665 2353 1729 2407 ἐκ
1758 2371 1840 2408 τι-

262 2453 356 2499 νος
399 2437 655 2508 βορὸόρου
690 2439 1118 2512 ζωογονούμενα.
1172 2438 1331 2497 Οὗτοι
1361 2445 1409 2497 οἱ
1459 2443 1721 2515 βάτραχοι
1764 2446 1841 2499 οἰ-

265 2528 422 2583 χοῦσι
450 2531 545 2599 μὲν
572 2531 671 2594 τάς
694 2533 871 2595 οἰκίας
895 2531 1002 2585 τῶν
1044 2533 1540 2601 Αἰγυπτιαζόντων,
1576 2538 1719 2591 κατά
1746 2536 1847 2606 τὴν

262 2617 360 2672 τοῦ
390 2617 505 2688 βίου
532 2619 850 2691 προαίρεσιν
869 2637 884 2651 ⁸
917 2620 1220 2676 δείκνυνται
1250 2623 1307 2675 δὲ
1338 2624 1432 2677 καὶ
1457 2624 1550 2677 ἐπὶ
1576 2624 1684 2677 τῶν
1709 2642 1844 2696 τρα-

263 2710 465 2776 πεζῶν,
503 2712 599 2765 καὶ
635 2711 743 2766 τῶν
783 2711 978 2767 κλινῶν
1009 2714 1108 2766 οὐκ
1150 2715 1464 2786 ἀπέχονται,
1514 2715 1607 2768 καὶ
1648 2717 1730 2779 εἰς
1772 2715 1842 2769 τά

260 2805 464 2872 tapeta
498 2802 606 2856 τῶν
643 2803 928 2856 ἀποθέτων
963 2806 1313 2863 εἰσδύνουσιν.
1371 2808 1541 2861 Ὅταν
1583 2807 1693 2880 γὰρ
1726 2809 1840 2881 ίδῃς

1952 642 2172 699 quoque
2199 627 2312 682 ficri
2366 628 2553 683 videre
2598 628 2744 683 licet.
2774 626 2892 682 Non
2925 626 3072 683 enim
3105 627 3445 697 ignoramus,
3479 628 3536 681 in

1949 720 2164 790 magnis
2193 720 2492 788 praesertim
2535 719 2849 773 civitatibus
2880 718 2935 772 in
2961 717 3267 773 contrarias
3292 722 3361 777 de
3387 721 3535 772 Veri-

1949 817 2061 865 tate
2106 810 2394 879 Opiniones
2447 809 2796 864 multitudine
2857 808 3055 871 divisa,
3111 809 3236 863 aliis
3281 809 3536 878 limpidas

1948 914 2121 970 aquas
2153 907 2317 969 atque
2347 899 2614 968 potabiles
2645 913 2787 964 esse,
2820 914 2943 969 qua:
2970 897 3309 968 quotidianis
3335 897 3533 967 pratuli-

1948 990 2294 1056 cationibus,
2341 988 2746 1058 Scripturaaque
2805 990 3035 1044 vocibus
3092 989 3145 1041 in
3197 992 3376 1042 anima
3431 1003 3532 1043 sua

1948 1082 2295 1145 scaturiunt;
2345 1079 2472 1135 aliis
2521 1079 2803 1149 (quoniam
2851 1078 3126 1148 perversis
3182 1078 3534 1147 opinionibus

1947 1169 2335 1241 Egyptiorum
2361 1170 2647 1223 imitantur
2672 1169 2955 1239 malitiam)
2980 1171 3033 1223 in
3055 1169 3379 1239 sanguinem
3408 1183 3535 1224 cor-

1946 1266 2171 1329 ruptum
2203 1260 2479 1331 Evangelii
2525 1268 2691 1329 atque
2731 1259 3137 1330 praedicationis
3173 1260 3535 1314 suavissimus

1948 1360 2107 1420 potus
2148 1353 2491 1405 convertitur
2524 1369 2538 1405 :
2569 1361 2622 1406 et
2661 1350 2806 1421 quod
2833 1350 2988 1419 pejus
3021 1360 3123 1415 est,
3157 1364 3533 1419 smpenumcro

1945 1443 2287 1498 fraudulenta
2322 1445 2436 1497 haec
2468 1444 2877 1516 Algyptiorum,
2920 1446 2969 1496 id
3007 1451 3110 1505 est,
3152 1458 3260 1497 non
3300 1444 3530 1497 creden-

1946 1535 2080 1588 tium
2118 1536 2340 1605 perfidia
2383 1536 2640 1592 falsitatis
2683 1537 2899 1590 macula
2946 1535 3296 1590 Hebraeorum
3343 1545 3530 1605 potum

1947 1624 2002 1679 in
2053 1628 2373 1695 sanguinem
2406 1636 2726 1685 convertere
2756 1628 2970 1688 nititur,
3015 1627 3066 1681 id
3097 1638 3182 1681 est
3220 1627 3527 1681 doctrinam

1947 1724 2195 1771 nostram
2225 1720 2513 1772 ostendere
2543 1718 2705 1772 talem
2753 1733 2860 1771 non
2897 1733 3042 1779 esse,
3070 1718 3247 1786 qualis
3274 1726 3357 1772 est
3384 1735 3398 1772 :
3431 1717 3531 1773 sed

1947 1824 2227 1879 nunquam
2262 1809 2511 1865 inutilem
2539 1820 2724 1879 potum
2752 1819 3000 1864 nostrum
3027 1811 3278 1875 reddent,
3308 1812 3530 1865 tametsi

1947 1911 2214 1967 aquarum
2265 1901 2611 1970 superficiem
2655 1902 2812 1970 quasi
2864 1902 3085 1955 rubeam
3134 1915 3395 1968 apparere
3436 1915 3531 1955 ca-

1946 1988 2323 2044 villationibus
2376 1990 2663 2045 elliriant:
2721 1991 2871 2045 bibet
2908 1992 3051 2044 enitn
3098 1991 3284 2054 Israel,
3340 1992 3392 2046 id
3443 2002 3528 2045 est

1944 2078 2037 2135 Dei
2080 2080 2335 2149 pepulus,
2387 2096 2585 2149 aquam
2620 2094 2826 2144 veram,
2870 2094 2971 2133 nec
3018 2079 3128 2132 ullo
3175 2080 3357 2143 modo,
3402 2080 3528 2135 licet

1941 2171 2317 2228 verisimiliter
2361 2187 2592 2242 arguere
2647 2172 2944 2226 adversarii
2994 2171 3302 2234 videantur,
3347 2171 3530 2241 specie

1942 2261 2172 2316 fallaciae
2192 2262 2353 2317 istius
2384 2263 2835 2317 commovebitur.
2860 2261 2949 2315 Sic
2972 2277 3069 2331 pro
3096 2277 3351 2315 ranarum
3384 2277 3526 2331 quo-

1941 2366 2049 2421 que
2093 2352 2275 2420 specie
2309 2349 2539 2405 deformi
2594 2359 2756 2420 atque
2805 2352 3042 2419 loquaci,
3095 2362 3182 2404 cui
3216 2352 3384 2405 dubia
3411 2352 3522 2403 vita

1942 2440 2090 2512 (nam
2125 2450 2179 2496 et
2198 2442 2512 2511 aquaticum
2542 2449 2596 2495 et
2627 2452 2886 2495 terrestre
2920 2443 2970 2495 id
3002 2443 3200 2494 animal
3229 2446 3336 2509 est)
3366 2442 3525 2510 cujus

1941 2534 2115 2589 saltus
2146 2548 2365 2602 repens,
2399 2533 2560 2601 cujus
2589 2540 2847 2602 aspectus
2889 2534 3265 2602 turpissimus,
3299 2534 3458 2601 cujus
3493 2549 3525 2586 c

1940 2636 2173 2690 corpore
2202 2623 2564 2677 intolerabilis
2616 2623 2754 2676 fetor
2792 2624 3059 2676 emittitur
3094 2641 3108 2675 ε
3138 2624 3283 2692 quod
3330 2624 3523 2677 domos

1939 2712 2282 2781 lectulosque
2328 2713 2554 2781 ipsaque
2610 2714 2911 2782 penetralia
2959 2712 3339 2784 [Egyptiorum
3397 2728 3522 2768 sor-

1939 2804 2109 2869 didat,
2155 2813 2211 2858 et
2247 2804 2598 2859 Hebraeorum
2634 2808 2802 2859 vitam
2855 2820 2966 2858 non
3025 2806 3284 2865 maculat.
3337 2808 3523 2861 varios

258 2888 356 2941 τὸν
382 2888 624 2959 ῥυπαρόν
652 2906 712 2942 τε
728 2890 833 2943 ,καὶ
860 2891 1156 2945 ἀκόλαστον
1179 2894 1310 2963 βίον,
1338 2896 1553 2967 ἀληθῶς
1580 2900 1643 2951 ἐκ
1664 2898 1839 2968 πηλοῦ

1940 2899 2162 2952 malitiae
2206 2900 2692 2968 corruptionisque
2744 2900 2909 2960 fetus,
2958 2898 3052 2966 qui
3094 2914 3158 2953 ex
3212 2899 3377 2953 fetido
3423 2901 3523 2952 lto-

259 2995 322 3032 τε
352 2980 446 3032 καὶ
486 2980 745 3053 βορϐόρου
775 2983 1112 3055 τικτόμενον,
1153 2987 1248 3040 καὶ
1284 2991 1350 3059 τῇ
1392 2988 1525 3060 πρὸς
1553 2988 1615 3043 τὺ
1646 2990 1839 3059 ἄλογον

1940 2991 2147 3044 mitium
2190 2990 2381 3052 corde,
2423 2990 2579 3059 quasi
2632 3004 2697 3044 ex
2756 2990 2974 3060 pun-ido
3024 2991 3153 3044 limo
3196 3000 3521 3055 nascuntur,

264 3076 495 3147 μιμήσει
529 3078 669 3132 κατὰ
696 3078 758 3131 τὸ
801 3076 942 3144 εἶδος
969 3083 1068 3152 τῆς
1102 3082 1248 3154 ζωῆς
1283 3086 1341 3138 ὲν
1385 3086 1647 3160 οὐθετέρα
1681 3088 1839 3157 φύσει

1940 3080 2314 3150 intelligimus.
2373 3078 2498 3133 llaec
2552 3079 2832 3133 immunda
2891 3094 3148 3133 ranarmn
3202 3081 3519 3144 multitudo,

259 3167 505 3238 ἀκριὸῶς
534 3170 760 3240 μένοντα
779 3189 794 3202 ν
827 3174 919 3226 καὶ
945 3172 1230 3245 ἄνθρωπον
1254 3176 1352 3247 μὲν
1380 3178 1520 3231 κατὰ
1542 3178 1640 3249 τὴν
1672 3179 1835 3247 φύσιν

1940 3171 2135 3227 domos
2161 3187 2351 3227 eorum
2385 3172 2477 3242 qui
2503 3170 2850 3242 Egyptiace,
2882 3171 2935 3226 id
2978 3182 3082 3235 est,
3116 3172 3311 3228 vitiose
3343 3175 3524 3228 vivere

258 3258 413 3321 ὄντα,
447 3260 644 3331 κτῆνος
678 3261 737 3314 δὲ
768 3262 854 3317 διὰ
882 3263 1055 3327 πάθος
1082 3265 1386 3335 γινόμενον,
1425 3270 1519 3321 καὶ
1550 3268 1636 3322 διά
1678 3268 1835 3323 τοῦτο

1940 3260 2174 3328 malunt,
2220 3261 2431 3316 habitat
2467 3279 2481 3316 :
2514 3263 2569 3316 in
2612 3262 2817 3317 mensis
2850 3277 3038 3317 eorum
3066 3263 3325 3327 abundat,
3355 3264 3410 3318 in
3442 3266 3526 3319 le-

258 3349 522 3421 ἀμφίϐιον
550 3354 726 3406 ἐκεῖνο
751 3355 843 3408 καί
869 3355 1305 3426 ἐπαμφοτερίζον
1328 3358 1389 3410 τὸ
1412 3358 1510 3429 τῆς
1534 3359 1678 3428 ζωῆς
1697 3356 1837 3422 εἶδος

257 3442 683 3498 ὲπιδεικνύοντα⁶
707 3446 961 3517 εὑρήσεις
981 3447 1074 3500 καὶ
1101 3447 1192 3500 ἐπὶ
1219 3448 1409 3502 τούτου
1440 3449 1508 3503 τά
1533 3450 1632 3520 τῆς
1657 3450 1837 3504 τοιαύ⁹

257 3551 364 3604 της
406 3535 563 3589 νόσου
607 3536 992 3608 γνωρίσματα,
1039 3539 1138 3592 οὐκ
1174 3540 1267 3593 ἐπὶ
1303 3540 1404 3611 τῆς
1438 3540 1623 3610 κλίνης
1654 3541 1834 3611 μόνον,

256 3625 399 3680 ἀλλά
445 3629 538 3680 καὶ
565 3627 657 3681 ἐπὶ
699 3628 800 3698 τῆς
831 3629 1110 3701 τραπέζης
1136 3671 1149 3694 ,
1183 3630 1278 3684 καὶ
1325 3631 1383 3683 ὲν
1423 3634 1535 3695 τοῖς
1568 3632 1833 3702 ταμείοις,

255 3716 357 3770 καὶ
396 3716 536 3770 κατά
578 3719 759 3772 πᾶσαν
800 3719 899 3789 τὴν
947 3721 1178 3789 οἴκησιν.
1241 3721 1693 3791 Ἑπισημαίνεται
1726 3723 1836 3796 γάρ

252 3807 352 3861 διὰ
391 3808 607 3861 πάντων
645 3810 673 3862 6
711 3808 946 3874 τοιοῦτος
987 3811 1090 3880 τὴν
1135 3812 1394 3874 ἀσωτίαν,
1446 3811 1586 3865 ὥστε
1628 3813 1835 3878 πάντας

257 3898 461 3977 ῥαδίως
497 3899 793 3968 ἐπιγνῶναι
822 3900 911 3953 διά
937 3900 1045 3954 τῶν
1075 3902 1215 3955 κατά
1246 3894 1336 3957 τὸν
1364 3899 1511 3958 οἰκον
1538 3906 1836 3971 σπουδαζο-

257 3992 441 4063 μένων
476 3992 566 4045 τδν
600 3990 713 4063 βίον
737 3992 829 4046 τοῦ
860 4011 918 4047 τε
940 3994 1235 4049 ἀκολάστου
1262 3996 1475 4049 κάλ’τοῦ
1507 3996 1838 4068 καθαρεύον-

250 4101 371 4146 τος.
404 4084 572 4139 Ὅταν
601 4087 658 4138 ὲν
682 4085 856 4155 τούτῳ
891 4086 988 4156 μὲν
1018 4086 1110 4139 ἐπὶ
1140 4086 1248 4140 τῶν
1262 4085 1478 4158 τείχους
1494 4091 1836 4160 κονιαμάτων

249 4174 530 4228 δείκνυται
553 4176 701 4247 παρᾶ
725 4175 825 4246 τῆς
854 4176 1048 4246 τέχνης
1077 4176 1164 4230 διὰ
1187 4176 1424 4231 εἰδώλων
1452 4179 1615 4231 τινῶν
1639 4178 1707 4232 τά
1737 4180 1836 4250 τῆς

249 4266 539 4337 ὲμπαθοῦς
560 4267 750 4337 ἡδονῆς
790 4266 1188 4336 ὑπεκκαύματα
1211 4285 1222 4299 ·
1248 4268 1314 4320 δι’
1333 4261 1408 4321 ὧν
1426 4269 1837 4341 ὑπομιμνήσκε-

247 4376 348 4412 ται
376 4359 474 4427 τῆς
494 4359 650 4412 νόσου
678 4360 712 4430 ή
744 4357 925 4428 φύσις,
948 4358 1037 4412 διὰ
1063 4359 1171 4412 τῶν
1199 4359 1375 4429 ὄψεων
1408 4360 1471 4413 ἐκ
1494 4361 1591 4429 τῆς
1614 4361 1836 4431 ἀτιμίας

246 4450 368 4504 τῶν
394 4450 684 4520 θαυμάτων
707 4449 800 4503 ἐπὶ
823 4449 921 4522 τὴν
940 4449 1117 4521 ψυχὴν
1140 4450 1561 4521 ὲπεισχεομένου
1598 4452 1693 4505 τοῦ
1728 4453 1837 4507 πά-

1937 3353 2099 3407 ctulis
2134 3353 2371 3417 assidet,
2408 3353 2460 3405 in
2498 3353 2700 3407 abditis
2736 3368 2925 3407 eorum
2958 3353 3212 3408 omnibus
3249 3363 3413 3423 atque
3435 3370 3523 3409 re-

1935 3443 2176 3499 conditis
2224 3444 2387 3499 rebus
2443 3444 2720 3498 invenitur
2769 3462 2781 3497 :
2835 3458 2963 3499 vere
3010 3459 3248 3515 namque
3301 3445 3521 3500 sordida

1935 3534 2328 3605 luxuriosaqne
2366 3535 2474 3587 vita
2526 3550 2590 3589 ex
2636 3542 2896 3603 corrupto
2936 3534 3213 3604 fetidoque
3239 3536 3371 3589 limo
3400 3552 3525 3605 pas-

1936 3626 2151 3682 sionum
2204 3625 2479 3695 profecta,
2541 3625 2771 3679 dubium
2821 3625 3095 3694 quoddam
3153 3626 3357 3679 animal
3407 3634 3521 3688 est,

1934 3715 2248 3784 aquaticum
2301 3715 2512 3769 scilicet
2565 3725 2730 3783 atque
2767 3725 3048 3769 terrestre.
3101 3714 3277 3769 llomo
3326 3724 3521 3769 natura

1934 3814 2040 3871 est,
2077 3807 2170 3877 qui
2210 3807 2285 3860 ita
2311 3806 2467 3872 vivit,
2502 3807 2772 3861 electione
2820 3821 2947 3859 vero
2979 3821 3168 3875 pecus,
3209 3808 3524 3876 pecudeque

1935 3898 2255 3955 sordidius:
2293 3899 2437 3953 unde
2475 3900 2552 3964 lit,
2607 3906 2668 3951 nt
2712 3897 2935 3951 dubium
3000 3896 3272 3967 quoddam
3322 3884 3522 3951 animal

1937 3990 2040 4045 bac
2091 3991 2200 4045 vita
2256 3990 2579 4045 efﬁciamur.
2632 3990 2766 4043 Nam
2826 3989 2918 4058 qui
2967 3997 3219 4044 naturam
3274 3988 3520 4058 respicit,

1937 4083 2221 4150 homines;
2256 4080 2359 4152 qni'
2383 4083 2550 4135 vitam
2596 4082 2933 4144 considerat,
2975 4096 3080 4135 non
3115 4079 3381 4144 homines,
3424 4081 3520 4134 sed

1935 4188 2002 4227 ex
2046 4173 2336 4226 brutorum
2377 4186 2577 4241 genere
2609 4188 2707 4225 nos
2741 4172 2856 4239 ipse
2891 4170 3105 4239 putabit
3139 4187 3152 4222 :
3200 4170 3360 4239 cujus
3395 4170 3522 4238 qni—

1935 4262 2056 4318 dem
2091 4263 2233 4317 bruti
2278 4263 2436 4332 signa
2481 4270 2591 4317 tam
2632 4264 2688 4316 in
2734 4263 2989 4317 universa
3037 4263 3222 4337 domo,
3270 4280 3434 4333 quant
3467 4265 3520 4318 in

1936 4352 2170 4422 singulis
2218 4353 2463 4407 invenias
2506 4353 2776 4421 partibus.
2823 4352 2957 4405 Nam
2988 4361 3044 4407 et
3080 4355 3135 4407 in
3167 4355 3339 4410 muris
3370 4364 3424 4410 et
3465 4357 3518 4409 itt

1936 4443 2079 4497 aulis
2125 4443 2355 4497 diversa:
2397 4442 2465 4496 ad
2506 4444 2775 4497 luxuriam
2822 4445 2992 4498 animi
3039 4447 3289 4514 picturae,
3336 4457 3389 4500 et
3466 4449 3519 4501 in

249 4542 409 4606 θουςο
427 4542 519 4595 ἐπὶ
538 4541 593 4594 δὲ
612 4539 706 4594 τοῦ
729 4539 1400 4613 σωφρονοῦντος,φυλακὴν
1412 4543 1592 4596 πᾶσαν
1604 4542 1697 4596 καλ⁸
1714 4560 1838 4615 προ-

1940 4536 2086 4590 vasis
2129 4535 2427 4605 sculptura;
2482 4535 2763 4605 impressae
2817 4537 3119 4605 nequitiam
3188 4538 3520 4607 praedicant,

252 4631 517 4704 μήθειαν,
542 4631 636 4686 τοῦ
662 4630 863 4685 καὶτὸν
890 4630 1167 4703 ὀφθαλμὸν
1189 4631 1511 4703 καθαρεύειν
1528 4633 1640 4686 τῶν
1661 4634 1838 4704 ἔμπα-

246 4725 367 4780 οῶν
382 4725 688 4794 θεαμάτων.
712 4725 870 4795 Καλή
894 4722 1143 4795 τράπεζα
1158 4724 1214 4778 δὲ
1230 4725 1491 4789 ὡσαύτως
1504 4725 1721 4798 καθαρὰ
1740 4728 1839 4797 μὲν

242 4819 283 4887 ὴ
324 4816 417 4869 τοῦ
452 4815 887 4887 σωφρονοῦντος,
926 4816 1238 4887 εὑρίσκεται
1273 4817 1330 4870 δὲ
1357 4815 1710 4889 βατραχώδης
1741 4818 1838 4871 καὶ

245 4908 594 4979 πολύσαρκος
604 4907 698 4961 τοῦ
716 4907 850 4978 πρὸς
866 4906 956 4961 τὸν
973 4906 1281 4979 βορϐορώδη
1300 4907 1412 4978 βίον
1432 4909 1827 4978 ἰλυσπωμένου.

244 4996 377 5051 Κᾶν
398 4997 467 5050 τά
482 4997 1067 5069 ταμεϊαδιερευνήσῃς,
1091 4996 1235 5049 τοῦτ’
1263 4996 1399 5062 ἔστι,
1416 4997 1716 5069 τάκρυπτά
1731 4997 1831 5050 τοῦ

244 5088 371 5158 βίου
411 5088 576 5141 αὐτοῦ
618 5089 711 5141 καὶ
746 5086 1054 5157 ἀπόρρητα·
1087 5085 1222 5139 πολὺ
1274 5086 1471 5156 μᾶλλον
1501 5087 1559 5139 ἐν
1599 5088 1832 5150 ἐκείνοις

242 5181 491 5250 σωρείαν
519 5179 803 5250 βατράχων
845 5178 903 5232 ὲν
945 5180 1058 5241 τοῖς
1090 5176 1410 5242 ἀκολάστοις
1452 5181 1827 5247 κατανοήσεις.

243 5272 317 5324 Εἰ
356 5270 415 5324 δὲ
444 5271 673 5340 ταῦταῆ
722 5270 823 5340 τῆς
853 5271 1055 5343 ἀρετῆς
1096 5270 1292 5342 ῥάϐδος
1340 5271 1513 5322 ποιεῖν
1555 5269 1697 5323 κατά
1726 5269 1838 5322 τῶν

242 5363 563 5431 Αἰγυπτίων
591 5362 697 5416 ὑπὸ
727 5363 827 5432 τῆς
862 5362 1100 5434 ἱστορίας
1124 5362 1363 5431 λέγεται,
1399 5361 1474 5432 μὴ
1504 5359 1837 5430 ξενισθῶμεν

246 5454 381 5525 περὶ
411 5454 504 5507 τὸν
529 5454 713 5522 λόγον’
745 5454 840 5506 καὶ
865 5452 973 5524 γάρ
1003 5452 1365 5525 ἐσκληρύνθαι
1394 5452 1546 5522 παρὰ
1572 5450 1668 5504 τοῦ
1698 5451 1836 5503 Θεοῦ

242 5549 338 5602 τὸν
365 5547 650 5618 τύραννον,
690 5547 723 5617 ἡ
755 5546 964 5617 ἱστορία
990 5545 1142 5617 φησί.
1180 5544 1304 5608 Πῶς
1330 5540 1423 5599 οὖν
1453 5543 1519 5597 ἂν
1547 5543 1630 5613 εἴη
1656 5543 1828 5597 κατά-

244 5656 454 5711 κριτος,
488 5640 556 5709 τῇ
606 5637 811 5692 ἀνωθεν
852 5637 1065 5709 ἀνάγκῃ
1109 5635 1360 5707 σκληρῶς
1395 5651 1454 5687 τε
1489 5634 1584 5686 καὶ
1619 5632 1826 5686 ἀντιτύ-

240 5749 366 5795 πως
389 5729 739 5800 διαθέμενοςς
775 5729 866 5782 καί
897 5747 997 5782 που
1029 5730 1087 5782 τὸ
1112 5727 1225 5781 ἴσον
1254 5727 1417 5797 φησὶν
1437 5730 1465 5779 6
1491 5724 1632 5789 θεῖος
1672 5725 1726 5778 Ἀ
1738 5725 1826 5778 πό-

240 5825 453 5888 στολος,
478 5824 560 5877 δτι
587 5822 816 5876 καθόσον
841 5822 940 5876 οὐκ
968 5820 1291 5890 ἐδοκίμασαν
1317 5819 1407 5873 τὸν
1443 5817 1574 5871 Θεὸν
1600 5817 1743 5890 ἔχειν
1764 5819 1822 5871 ἐν

1938 4630 2142 4698 quibus
2195 4628 2457 4698 cogitatio
2524 4628 2589 4682 ad
2640 4629 2969 4697 cupiditates
3030 4644 3161 4685 suas
3214 4639 3519 4696 revocatur,

1936 4721 2236 4789 vituperosi
2296 4720 2596 4790 spectaculi
2640 4720 2891 4783 visione,
2940 4720 3006 4775 ad
3051 4724 3290 4776 animam
3342 4739 3521 4793 usque

1936 4812 2259 4882 passionum
2308 4821 2443 4867 aestu
2490 4812 2857 4882 perveniente.
2903 4827 2972 4867 ne
3008 4812 3219 4867 scilicet
3253 4813 3520 4883 cupidita-

1940 4913 2054 4959 tum
2096 4905 2264 4959 ardor
2304 4905 2692 4976 exstinguatnr
2735 4911 2829 4957 aut
2864 4904 3213 4959 retundatur.
3260 4904 3522 4959 Similiter

1938 5000 1985 5055 si
2039 5013 2281 5062 mensas,
2331 4999 2378 5052 si
2430 4999 2600 5054 lectos
2652 4996 2966 5069 volnptnosi
3020 4994 3372 5066 corruptique
3425 4996 3522 5050 ho-

1939 5090 2103 5145 minis
2151 5089 2553 5151 considerabis,
2600 5090 2653 5143 id
2703 5090 2881 5159 ipsum
2932 5088 3201 5141 invenies.
3260 5085 3417 5151 Quod
3473 5088 3516 5139 si

1938 5178 2220 5233 recondita
2278 5177 2573 5247 abditaque
2607 5178 2846 5233 hominis
2882 5174 3197 5246 hujusmodi
3256 5189 3363 5227 non
3391 5172 3517 5227 dit-0

1932 5270 2157 5324 vascula
2193 5276 2248 5324 et
2293 5271 2549 5339 capsulas
2607 5270 2815 5339 (multis
2863 5268 3010 5323 enim
3047 5281 3110 5322 ea
3159 5272 3366 5335 patent,
3416 5279 3519 5318 nec

1934 5361 2110 5416 aliena
2150 5368 2280 5415 sunt
2320 5374 2350 5413 a
2387 5361 2729 5430 turpitudine
2773 5360 2937 5428 vitae),
2986 5358 3080 5413 sed
3112 5356 3327 5411 occulta
3372 5371 3519 5409 men-

1934 5451 2008 5506 tis
2056 5459 2111 5506 ct
2145 5451 2309 5505 animi
2345 5453 2658 5521 perspicere
2704 5451 2926 5519 poteris,
2950 5449 3060 5515 jam
3099 5461 3229 5501 vero
3258 5462 3518 5500 accumu-

1934 5541 2167 5595 latarum
2202 5556 2458 5594 ranarum
2491 5541 2832 5610 putredinetn
2865 5537 3106 5608 reperies
3143 5535 3386 5592 fetidam.
3439 5537 3513 5591 At

1937 5634 2166 5689 modesti
2206 5633 2444 5688 hominis
2484 5632 2649 5687 etiam
2690 5632 2884 5687 oculus
2922 5630 3157 5685 mundus
3186 5638 3289 5696 est,
3322 5629 3511 5686 ethmc

1933 5740 2055 5794 qure
2113 5724 2180 5778 ad
2246 5723 2518 5777 luxuriam
2588 5723 2856 5786 incitant,
2912 5727 3225 5793 spectacula
3281 5723 3509 5792 respuit.

1937 5816 2120 5873 Mensa
2183 5830 2402 5885 quoque
2429 5813 2682 5870 similiter
2716 5815 3026 5870 communis
3070 5829 3133 5869 ac
3165 5813 3365 5879 tenuis,
3403 5828 3512 5868 nou
