3890 6396
393 426 500 479 347

1646 426 1700 478 S.
1735 425 2060 483 GREGORII
2099 429 2136 481 Ν
2151 428 2394 484 YSSENI

3549 429 3657 482 348

393 557 588 613 magna
611 542 857 596 carnium
879 549 970 594 aut
992 542 1218 609 piscium
1248 549 1473 595 onerata
1505 544 1778 614 congerie.
1810 545 1962 610 Quod

2069 547 2382 613 ἐπιγνώσει,
2429 546 2744 616 παρέδωκεν
2785 545 2981 606 αὐτοὺς
3010 545 3038 595 ό
3074 544 3204 602 Θεὸς
3236 545 3315 606 εἰς
3354 543 3508 612 πάθη
3536 546 3660 597 ἀτι-

394 642 579 686 autem
625 631 730 686 ista
769 631 984 684 virtutis
1031 631 1238 701 virgam
1288 630 1485 686 fecisse
1534 633 1667 687 dicit
1709 635 1960 695 historia,

395 719 618 773 minime
649 718 970 786 perturbare
1004 734 1105 774 nos
1139 721 1333 783 debet;
1367 737 1489 774 nam
1532 730 1586 776 et
1635 723 1963 777 obduratum

392 825 423 863 a
455 809 564 863 Deo
588 807 758 863 fuisse
781 817 1072 879 tyrannum
1105 819 1309 864 narrat.
1338 813 1460 877 Quo
1480 829 1610 868 vero
1629 824 1790 884 pacto
1813 817 1968 872 dam-

393 902 608 955 nandus
642 900 860 968 fuisset,
893 902 939 956 si
982 902 1072 956 Dei
1099 904 1427 959 necessitate
1447 915 1675 962 coactus
1697 907 1968 962 obdurato

392 989 580 1044 animo
616 991 953 1046 restitisset?
1007 989 1197 1048 Simile
1234 1009 1470 1063 namque
1501 995 1554 1050 id
1581 997 1628 1050 ei
1669 1008 1771 1061 est,
1821 999 1966 1067 quod

391 1081 611 1138 divinus
645 1083 940 1153 Apostolus
970 1085 1038 1137 de
1067 1085 1135 1139 iis
1181 1085 1275 1154 qui
1317 1089 1720 1142 convolvuntur
1754 1090 1806 1144 in
1853 1099 1965 1142 tur-

391 1174 636 1242 pissimis
687 1173 1205 1243 nefandissimisque
1248 1176 1475 1232 luxuriae
1505 1179 1670 1237 vitiis.
1719 1179 1854 1232 dicit
1890 1180 1967 1232 ”:

391 1263 542 1334 quod
582 1284 602 1317 ι
637 1267 781 1320 sicut
815 1282 924 1322 non
960 1267 1327 1336 probaverunt
1366 1267 1513 1337 impii
1553 1268 1719 1323 Deum
1765 1269 1968 1346 habere

390 1356 446 1408 in
498 1356 768 1423 notitiam,
807 1359 1030 1412 tradidit
1075 1373 1170 1414 eos
1214 1360 1354 1415 Deus
1389 1362 1440 1414 in
1491 1361 1777 1430 passiones
1816 1362 1966 1433 igno-

390 1446 591 1501 miniae.
609 1466 627 1498 ι
647 1446 778 1501 Nam
797 1456 849 1502 et
877 1449 1040 1503 verba
1056 1448 1370 1518 Scripturze,
1398 1451 1553 1520 quasi
1586 1450 1849 1506 divinitus
1870 1466 1966 1506 eos

392 1538 656 1606 impulsos
717 1538 783 1592 ad
843 1539 1141 1603 libidinem,
1171 1555 1235 1594 ac
1275 1540 1586 1605 ignominiaa
1617 1543 1965 1610 passionibus

389 1629 642 1691 traditos,
693 1644 891 1684 sonare
924 1630 1196 1684 videntur.
1235 1630 1343 1684 Nec
1399 1641 1578 1684 tamen
1637 1630 1964 1701 turpitudini

392 1717 535 1772 Deus
569 1733 897 1788 quemquam
928 1719 1115 1783 tradit,
1150 1735 1248 1774 nec
1281 1718 1494 1773 Pharao
1525 1721 1716 1776 nolens
1756 1721 1825 1774 ab
1849 1722 1966 1789 ipso

391 1808 502 1864 Deo
547 1809 600 1862 in
640 1809 896 1864 duritiem
945 1811 1270 1880 impellitur.
1320 1827 1422 1866 nec
1473 1814 1580 1866 vita
1644 1828 1899 1866 ranarum
1933 1827 1963 1866 a

2072 638 2225 706 μίας,
2248 659 2266 691 ι
2289 639 2533 709 περὶτῶν
2564 635 3110 706 ἀρρενοφθορούντων
3149 635 3345 702 λέγων,
3379 635 3476 688 καὶ
3523 638 3660 703 περὶ

2068 725 2174 778 τῶν
2205 729 2263 778 ὲν
2299 727 2410 787 τοῖς
2455 726 2669 795 ἀτίμοις
2715 742 2775 778 τε
2817 727 2912 778 κα)⁵
2948 727 3214 796 ἀρρήτοις
3264 726 3364 795 τῆς
3411 727 3659 789 ἀσωτίας

2066 817 2286 887 τρόποις
2329 817 2798 887 ἀσχημονούντων.
2849 817 2990 869 Ἀλλ’
3019 817 3067 868 εί
3111 817 3205 870 καὶ
3235 816 3380 868 οὕτω
3429 816 3659 882 λέγεται

2069 907 2216 979 παρὰ
2245 910 2343 977 τῆς
2372 907 2520 970 θείας
2551 905 2770 976 Γραφῆς
2801 906 2872 957 τὰ
2901 904 3189 974 εἰρημένω
3227 902 3350 956 οὔτε
3381 903 3460 973 τῷ
3490 902 3658 955 πάθει

2065 998 2162 1066 τῆς
2187 997 2410 1067 ἀτιμίας
2444 999 2472 1050 ὁ
2510 995 2644 1060 Θεὸς
2691 997 2907 1050 ἔκδοτον
2948 995 3132 1049 δίδωσι
3185 995 3278 1048 τὸν
3323 995 3461 1064 πρὸς
3494 993 3660 1046 τοῦτο

2067 1089 2386 1159 φερόμενον,
2414 1087 2538 1140 οὔτε
2566 1086 2768 1158 Φαραὼ
2796 1087 2924 1157 θείᾳ
2959 1085 3211 1156 βουλήσει
3263 1083 3652 1154 σκληρύνεται,

2065 1178 2188 1232 οὔτε
2217 1180 2247 1231 ό
2274 1178 2624 1248 βατραχώδης
2673 1177 2786 1248 βίος
2826 1177 2934 1230 ὑπὸ
2967 1179 3066 1247 τῆς
3093 1176 3296 1245 ἀρετῆς
3323 1175 3650 1229 πλάσσεται.
3739 1225 3761 1237 Α,

2066 1270 2129 1322 Εἰ
2163 1269 2267 1340 γὰρ
2307 1268 2562 1340 βουλητὸν
2609 1264 2678 1339 ἦν
2706 1271 2771 1338 τῇ
2813 1267 2932 1340 θείᾳ
2969 1267 3150 1336 φύσει,
3197 1268 3414 1328 πάντως
3454 1266 3521 1319 ἂν
3557 1266 3654 1319 ἐπὶ

2067 1360 2284 1413 πάντων
2309 1360 2451 1413 κατὰ
2480 1359 2540 1412 τὸ
2567 1361 2679 1412 ἶσον
2709 1362 2741 1430 ἡ
2779 1358 3007 1428 τοιαύτη
3051 1356 3370 1428 προαίρεσις
3404 1356 3650 1424 ἴσχυσεν,

2065 1452 2140 1515 ὡς
2174 1452 2440 1522 μηδεμιᾶς
2469 1451 2671 1522 ἀρετῆς
2704 1450 2798 1502 καὶ
2824 1448 3024 1511 κακίας
3066 1449 3216 1519 παρὰ
3256 1447 3347 1502 τὸν
3380 1448 3496 1517 βίον
3537 1447 3653 1500 δια-

2067 1544 2238 1613 φορὰν
2265 1542 2608 1611 θεωρεῖσθαι.
2648 1540 2856 1593 ’Δλλων
2887 1540 2942 1593 δὲ
2972 1539 3145 1602 ἄλλως
3180 1537 3516 1608 μετεχόντων
3555 1537 3654 1590 τοῦ

2068 1634 2182 1704 βίου
2204 1674 2218 1695 ,
2246 1634 2338 1687 καὶ
2361 1632 2470 1686 τῶν
2498 1633 2595 1702 μὲν
2623 1632 2688 1685 δι’
2718 1631 2918 1701 ἀρετῆς
2947 1630 3423 1701 κατορθουμένων,
3449 1629 3562 1680 τῶν
3591 1629 3650 1682 δὲ

2065 1726 2143 1788 είς
2173 1725 2365 1778 κακίαν
2397 1723 2794 1796 ἀπορρεόντων·
2841 1721 2940 1774 οὐκ
2981 1721 3045 1775 ἄν
3087 1737 3171 1783 τις
3209 1721 3442 1788 εὐλόγως
3479 1721 3650 1789 ὕπερ-

2066 1814 2344 1885 κειμέναις
2362 1814 2503 1866 τισὶν
2530 1813 2817 1880 ἀνάγκαις,
2844 1812 2962 1872 ταῖς
2985 1810 3127 1862 κατὰ
3143 1810 3204 1862 τὸ
3220 1810 3362 1862 θεῖον
3402 1809 3650 1878 βούλημα

391 1902 590 1956 virtute
631 1903 1029 1958 conformatur.
1069 1902 1202 1956 Nam
1251 1904 1294 1959 si
1342 1903 1433 1956 Dei
1478 1905 1754 1958 voluntate
1803 1912 1964 1972 atque

2068 1905 2518 1975 συνισταμέναις,
2563 1904 2660 1968 τὰς
2705 1905 2968 1976 διαφορὰς
3014 1901 3122 1954 τῶν
3169 1902 3299 1971 βίων
3339 1901 3646 1968 λογίσαιτο,

391 1991 628 2061 impulsu
652 1993 725 2046 ita
761 1993 934 2057 fieret,
966 2009 1066 2048 nec
1089 1995 1444 2063 turpitudinis
1471 2003 1524 2048 et
1547 1994 1964 2064 vituperationis

2071 1989 2146 2046 ὦν
2175 1997 2208 2063 ἡ
2253 1995 2569 2064 προαίρεσις
2597 1994 2680 2062 ἐφ’
2711 1995 2945 2047 ἑκάστου
2987 1991 3046 2044 τὸ
3075 1992 3273 2062 κράτος
3300 1992 3433 2060 ἔχει.

389 2095 474 2141 ha:
544 2087 832 2156 passiones
899 2089 1345 2158 appellarentur,
1397 2105 1498 2146 nec
1540 2091 1650 2143 ulla
1683 2097 1832 2144 esset
1871 2091 2014 2144 inter
2053 2089 2310 2143 virtutem
2355 2097 2409 2143 et
2453 2088 2644 2142 vitium
2694 2087 3023 2143 differentia.
3075 2085 3271 2140 Verum
3331 2100 3456 2139 cum
3508 2085 3650 2141 alius

389 2181 553 2242 hanc.
603 2179 742 2234 alius
779 2179 926 2232 illam
957 2179 1121 2250 eligat
1164 2181 1352 2242 vitam,
1407 2188 1462 2234 et
1496 2180 1581 2234 hic
1615 2180 1883 2243 virtuose,
1936 2179 2025 2233 ille
2064 2179 2280 2242 vitiose,
2317 2179 2499 2233 vivere
2535 2177 2710 2242 malit,
2756 2192 2865 2232 non
2904 2177 3028 2246 jure
3071 2175 3251 2231 altiori
3297 2174 3515 2230 cuidam
3548 2189 3648 2230 ne-

391 2269 669 2330 cessitati,
718 2268 811 2322 sed
849 2269 1116 2322 voluntati
1159 2270 1497 2337 singulorum
1554 2269 1771 2323 vivendi
1817 2282 2065 2324 normam
2101 2268 2474 2322 attribuimus.

461 2356 746 2419 Quomodo
800 2357 966 2425 igitur
1019 2357 1436 2426 vituperationis
1483 2360 1773 2427 quisquam
1831 2375 1959 2428 pas-

389 2446 640 2502 sionibus
673 2461 702 2499 a
730 2446 839 2500 Deo
862 2447 1132 2512 tradatur,
1170 2449 1284 2515 ipse
1317 2448 1612 2516 Apostolus
1647 2459 1830 2518 aperte
1859 2465 1961 2506 nos

391 2539 554 2592 docet
583 2555 596 2592 :
623 2539 716 2607 qui
753 2554 860 2592 non
894 2537 1140 2607 probavit
1172 2537 1336 2592 Deum
1372 2540 1573 2596 habere
1632 2535 1689 2590 in
1742 2536 1957 2602 notitia,

391 2629 438 2684 is
485 2645 608 2684 cum
659 2645 690 2683 a
739 2630 848 2685 Deo
895 2646 1004 2688 non
1057 2629 1402 2689 defendatur.
1451 2647 1552 2685 nec
1600 2632 1775 2701 gratia
1817 2631 1959 2700 ejus,

393 2723 536 2777 unde
570 2737 732 2778 omne
761 2724 962 2777 bonum
993 2733 1096 2787 est,
1137 2730 1478 2778 sustentetur
1525 2722 1644 2792 (nec
1675 2724 1819 2778 enim
1869 2725 1962 2779 de-

390 2813 560 2869 fendit
595 2813 735 2870 Deus
777 2816 1047 2869 nolentem
1079 2815 1453 2884 cognoscere),
1497 2816 1568 2879 is,
1608 2816 1854 2884 inquam,
1896 2817 1966 2872 ab

390 2921 458 2960 eo
505 2906 829 2974 turpitudini
867 2907 1008 2961 tradi
1054 2907 1277 2963 dicitur.
1318 2906 1455 2961 Nam
1505 2908 1962 2978 quemadmodum

393 2999 442 3055 si
485 2999 610 3068 quis
643 3000 709 3054 de
738 3000 958 3054 homine
984 3000 1076 3068 qui
1110 2999 1164 3054 in
1207 3000 1414 3055 foveam
1445 3001 1669 3062 decidit.
1697 3003 1960 3070 quoniam

393 3090 562 3144 solem
609 3105 716 3143 non
761 3090 916 3152 vidit,
965 3090 1173 3145 idcirco
1211 3092 1265 3145 in
1309 3091 1519 3145 foveam
1565 3093 1825 3148 incidisse
1876 3109 1962 3147 as-

393 3186 690 3238 severaret,
743 3179 891 3233 nullo
941 3179 1101 3234 nobis
1148 3180 1313 3234 modo
1345 3181 1399 3234 in
1459 3191 1691 3236 mentem
1733 3185 1960 3248 veniret,

393 3269 461 3321 ab
497 3267 635 3320 irato
665 3269 780 3324 sole
810 3271 865 3324 in
900 3269 1109 3325 foveam
1143 3272 1319 3342 ipsum
1361 3273 1687 3342 depulsum;
1737 3275 1831 3328 sed
1861 3285 1964 3330 sta-

395 3355 491 3406 tim
529 3355 978 3425 intelligeremus,
1031 3359 1154 3412 ideo
1199 3361 1253 3413 in
1302 3360 1511 3414 foveam
1560 3361 1790 3431 lapsum,
1822 3379 1962 3432 quo-

395 3445 538 3498 niam
569 3448 810 3502 eaecitate
839 3463 936 3502 sua
971 3450 1102 3505 solis
1135 3452 1306 3507 lucem
1343 3453 1587 3520 aspicere
1618 3470 1725 3508 non
1753 3457 1961 3524 potuit:

395 3537 475 3590 sic
522 3547 736 3606 oportet
776 3539 907 3594 illud
947 3541 1187 3610 Apostoli
1236 3544 1442 3598 dictum
1473 3545 1810 3616 intelligere,
1868 3564 1964 3604 eos

396 3626 654 3681 nimirum
699 3630 790 3698 qui
840 3629 1006 3685 Deum
1053 3649 1162 3688 non
1211 3646 1601 3704 cognoverant,
1655 3639 1966 3708 ignominia:

396 3719 742 3787 passionibus
768 3723 997 3778 traditos
1020 3739 1161 3789 esse,
1182 3734 1236 3780 et
1263 3725 1572 3782 induratum
1604 3745 1632 3782 a
1659 3729 1766 3785 Deo
1795 3731 1965 3787 fuisse

395 3820 683 3884 tyrannum
729 3813 1066 3884 Egyptium,
1124 3833 1232 3871 non
1290 3819 1420 3888 quia
1469 3821 1653 3875 divina
1708 3824 1964 3878 voluntas

391 3902 649 3959 duritiem
695 3904 747 3958 in
783 3906 1023 3960 animum
1055 3907 1173 3974 ejus
1223 3909 1524 3972 induxerit,
1563 3913 1657 3967 sed
1688 3915 1816 3982 quia
1841 3930 1963 3969 cum

393 3993 512 4062 ipse
533 3994 727 4048 vitiose
747 3995 924 4048 vivere
941 3997 1225 4058 maluerit,
1280 4014 1386 4051 non
1421 4003 1664 4070 suscepit
1695 4005 1963 4059 rationem

392 4097 505 4150 qua
546 4083 860 4135 induratum
903 4085 955 4136 in
995 4085 1125 4137 vitio
1163 4100 1260 4138 cor
1296 4089 1659 4155 permollitur.
1697 4092 1787 4146 Sic
1814 4094 1966 4164 virga

393 4188 617 4242 quoque
667 4172 837 4243 Moysi
889 4189 1160 4243 apparens
1209 4177 1262 4229 in
1314 4176 1581 4247 Egypto,
1635 4181 1891 4239 Hebraeos
1936 4200 1966 4240 a

397 4261 548 4314 ranis
592 4261 837 4325 mundat,
872 4261 1158 4332 Egyptias
1202 4265 1350 4321 ranis
1389 4268 1582 4336 replet.
1618 4269 1817 4326 Verum
1842 4291 1964 4328 cum

395 4354 558 4409 etiam
594 4369 692 4423 pro
716 4354 985 4425 Aigyptiis
1014 4372 1208 4414 manus
1232 4357 1445 4430 Moyses
1480 4364 1808 4430 extenderit,
1837 4377 1966 4422 tunc

394 4451 448 4496 et
477 4441 579 4510 ipsi
616 4443 682 4497 ab
731 4443 1108 4511 hujuscemodi
1145 4448 1454 4504 abominato
1485 4467 1740 4508 ranarum
1772 4458 1963 4512 morbo
1996 4486 2038 4541 υ

397 4528 718 4585 liberantur.
754 4530 909 4596 Quod
946 4532 1018 4586 ita
1062 4534 1175 4587 fieri
1219 4536 1464 4593 videmus
1495 4539 1546 4592 in
1579 4541 1681 4595 hac
1722 4546 1963 4602 universi

396 4621 611 4689 generis
657 4621 935 4675 hominum
981 4640 1010 4677 a
1057 4627 1275 4681 diabolo
1317 4629 1674 4699 liberatione;
1712 4650 1834 4689 nam
1869 4637 1965 4705 qui

401 4713 583 4780 pravis
615 4714 1026 4781 cupiditatibus,
1078 4721 1234 4788 quasi
1281 4720 1430 4774 ranis
1480 4722 1775 4780 immundis
1809 4728 1964 4783 tabeo

397 4809 580 4864 scunt.
600 4803 644 4858 si
678 4805 743 4858 ad
771 4819 955 4859 verum
981 4806 1339 4876 lcgislatorem
1359 4811 1631 4867 Christum
1655 4819 1968 4884 aspexerint

397 4900 453 4947 et
484 4909 606 4946 eum
632 4909 824 4948 manus
851 4896 902 4948 in
935 4912 1096 4952 cruce
1119 4902 1428 4957 extendisse
1454 4919 1581 4959 vere
1613 4907 1964 4972 crediderint,

400 4983 559 5038 facile
589 4998 618 5037 a
659 4985 1062 5042 cohabitatioue
1096 5005 1348 5045 ranarum
1381 4995 1702 5062 liberantur,
1739 5003 1966 5055 mortifi-

398 5082 523 5129 cato
563 5075 751 5129 morbo
789 5076 1100 5144 liujusmodi
1145 5097 1207 5136 ac
1241 5085 1563 5153 pulrefacto.
1597 5090 1808 5160 Quippe
1839 5109 1962 5147 cum

332 5203 334 5206 μ
400 5167 662 5225 liberatus
711 5168 780 5221 ab
827 5169 910 5222 his
967 5175 1147 5239 parvis
1192 5176 1587 5244 cUpiditatibus
1642 5181 1804 5237 homo
1872 5185 1966 5248 sit,

398 5264 562 5327 atque
585 5258 685 5314 hos
707 5262 1054 5330 serpentinos
1080 5265 1247 5317 animi
1274 5276 1451 5322 motus
1473 5271 1696 5326 omnino
1725 5272 1968 5342 ejecerit,

402 5353 532 5399 tunc
569 5348 914 5414 delictorum,
958 5369 1078 5426 qua:
1133 5355 1390 5422 pestifera
1443 5360 1743 5426 cupiditate
1789 5363 1970 5418 victus

402 5437 772 5503 commiserat,
808 5444 1005 5496 acerba
1036 5445 1264 5498 nimium
1303 5462 1366 5500 ac
1399 5446 1564 5502 fetida
1607 5451 1678 5503 sit
1717 5455 1971 5507 recorda-

404 5525 501 5587 tio,
557 5532 978 5589 amaritudincm
1014 5551 1078 5588 ex
1125 5537 1329 5606 pudore
1377 5540 1644 5608 ingentem
1698 5543 1960 5610 inferens,

405 5623 465 5668 ut
488 5619 553 5671 ad
573 5635 666 5677 eos
690 5625 982 5692 Apostolus
1019 5631 1113 5693 ait,
1140 5630 1230 5698 qui
1265 5631 1546 5701 repudiata
1577 5636 1714 5690 male
1748 5636 1958 5692 vivendi

483 5819 525 5847 ¹⁹
554 5816 705 5878 Rom.
739 5837 777 5884 ι,
808 5822 868 5874 21
903 5837 1022 5891 sqq.

2132 2357 2228 2420 Τίς
2260 2353 2351 2412 οὖν
2384 2357 2738 2429 παραδίδοται
2769 2357 2847 2428 τῷ
2868 2356 3030 2410 πάθει
3057 2356 3160 2425 τῆς
3184 2353 3429 2426 ἀτιμίας,
3462 2357 3647 2422 σαφῶς

2061 2446 2176 2500 ἐστι
2209 2447 2360 2520 παρά
2387 2449 2480 2502 τοῦ
2522 2448 2847 2502 ’Δποστόλου
2887 2448 3112 2518 μαθεῖν’
3151 2450 3180 2500 ὁ
3227 2449 3302 2518 μὴ
3341 2447 3646 2517 δοκιμάσας

2059 2535 2150 2589 τὸν
2173 2536 2305 2591 Θεὸν
2338 2537 2480 2607 ἔχειν
2524 2541 2582 2592 ὲν
2615 2536 2910 2605 ἐπιγνώσει
2935 2576 2950 2600 ,
3009 2537 3069 2590 ὃν
3097 2538 3200 2589 οὐκ
3234 2537 3580 2606 ἀμυνόμενος
3618 2539 3647 2588 6

2061 2625 2192 2688 Θεὸς
2220 2626 2307 2680 διὰ
2336 2629 2397 2679 τὸ
2438 2629 2513 2698 μὴ
2539 2626 2942 2695 ἐπιγνωσθῆναι
2963 2625 3094 2678 Θεὸν
3121 2620 3259 2678 εἶναι
3290 2623 3424 2694 παρ’
3453 2625 3642 2690 αὐτοῦ,

2065 2723 2393 2792 παραδίδωσι
2431 2723 2506 2792 τῷ
2535 2721 2718 2775 πάθει.
2759 2721 2919 2775 Ἀλλὰ
2948 2719 3014 2790 δὴ
3033 2719 3094 2772 τὸ
3126 2720 3202 2790 μὴ
3227 2718 3524 2786 ἐπιγνῶναι
3553 2721 3643 2771 τὸν

2061 2814 2213 2877 Θεὸν,
2242 2815 2412 2867 αἴτιον
2463 2812 2609 2882 αὐτῷ
2652 2813 2863 2880 γίνεται
2907 2810 3000 2864 τοῦ
3045 2812 3128 2874 είς
3167 2810 3262 2864 τὸν
3301 2808 3524 2880 ἐμπαθῆ
3554 2809 3649 2862 καὶ

2061 2907 2256 2974 ἄτιμον
2287 2904 2401 2974 βίον
2426 2907 2820 2974 κατασυρῆναι.
2850 2903 3061 2972 Ὥσπερ
3086 2901 3196 2972 γὰρ
3219 2900 3273 2954 εί
3295 2917 3441 2962 τινος
3469 2901 3644 2953 εἰπόν-

2060 3014 2167 3058 τος,
2204 2997 2286 3048 ὃτι
2317 2994 2392 3066 μὴ
2431 2995 2616 3065 ὀφθεὶς
2645 2998 2672 3048 ὁ
2696 2996 2846 3065 ἥλιος
2869 2995 2960 3047 τὸν
2984 2994 3134 3047 δεῖνα
3164 2992 3243 3063 τῷ
3278 2992 3457 3064 βόθρῳ
3493 2993 3647 3064 ὲνέρο

2067 3089 2240 3158 ριψεν,
2290 3089 2350 3140 οὐ
2403 3087 2559 3140 τοῦτο
2603 3086 2950 3157 λογιζόμεθα,
2993 3087 3074 3138 ὅτι
3119 3086 3259 3155 ὀργῇ
3303 3085 3584 3154 χρώμενος
3615 3086 3648 3136 ὁ

2068 3180 2290 3248 φωστὴρ
2317 3180 2407 3232 τὸν
2437 3179 2511 3250 μὴ
2542 3177 2872 3248 βουληθέντα
2904 3176 3040 3247 πρὸς
3062 3175 3224 3229 αὑτὸν
3259 3175 3406 3240 ἰδεῖν,
3437 3175 3530 3227 ἐπὶ
3551 3175 3646 3229 τὸν

2068 3270 2257 3341 βόθρον
2314 3269 2602 3333 ἀπώσατο,
2648 3269 2763 3322 ἀλλ’
2807 3267 2980 3331 οὕτως
3023 3268 3090 3321 ἂν
3133 3268 3194 3320 τὸ
3237 3266 3399 3338 ῥηθὲν
3429 3267 3648 3337 νοηθείη

2065 3360 2204 3412 κατὰ
2238 3359 2298 3411 τὸ
2321 3358 2561 3426 εὔλογον,
2592 3359 2672 3410 ὅτι
2705 3357 2766 3410 τὸ
2797 3357 2872 3427 μὴ
2922 3356 3168 3426 μετέχειν
3195 3355 3286 3408 τοῦ
3319 3355 3515 3426 φωτὸς,
3549 3357 3639 3410 σῖ-

2063 3471 2176 3508 τιον
2202 3454 2279 3524 τῷ
2313 3452 2386 3524 μὴ
2418 3452 2669 3521 βλέποντι
2711 3451 2812 3521 τῆς
2844 3453 2923 3514 είς
2951 3449 3042 3502 τὸν
3092 3449 3282 3521 βόθρον
3322 3449 3440 3503 ἐστὶ
3478 3467 3650 3503 καταο

2065 3545 2342 3608 πτώσεωςο
2367 3543 2540 3606 οὓτως
2580 3543 2773 3610 εὐαγὲς
2807 3542 2871 3594 ἂν
2915 3541 2998 3610 εἴη
3024 3543 3128 3611 ,καὶ
3155 3543 3215 3594 τὸ
3245 3540 3339 3594 τοῦ
3391 3541 3649 3593 Ἀποστά-

2065 3635 2156 3688 λου
2187 3639 2345 3700 νοεῖν,
2381 3635 2440 3688 τὸ
2469 3635 2595 3697 τοὺς
2641 3633 2715 3703 μὴ
2753 3632 3074 3700 ὲπιγνόντας
3109 3633 3198 3684 τὸν
3229 3632 3359 3684 Θεὸν
3399 3634 3511 3693 τοῖς
3547 3635 3648 3702 τῆς

2066 3728 2286 3797 ἀτιμίας
2312 3726 2608 3779 ἐκδίδοσθαι
2641 3723 2857 3787 πάθεσι,
2884 3724 2978 3776 καὶ
3011 3724 3072 3776 τὸ
3099 3723 3458 3795 ἔσκληρύνθαι
3494 3725 3650 3792 παρὰ

2064 3820 2158 3872 τοῦ
2187 3818 2320 3871 Θεοῦ
2354 3817 2445 3869 τὸν
2491 3816 2786 3884 Αίγύπτιον
2820 3814 3104 3884 τύραννον
3135 3815 3232 3881 οὐχ
3261 3814 3336 3878 ὡς
3376 3813 3473 3882 τὴν
3499 3815 3650 3866 ἀντι-

2064 3909 2262 3963 τυπίαν
2308 3909 2366 3960 ὲν
2399 3908 2463 3976 τῇ
2499 3905 2641 3975 ψυχῇ
2679 3905 2770 3957 τοῦ
2805 3904 3002 3974 Φαραὼ
3037 3904 3137 3973 τῆς
3169 3903 3317 3959 θείας
3341 3903 3648 3974 βουλήσεως

2066 3999 2400 4070 ἐντιθείσης,
2437 3998 2548 4051 ἀλλ’
2577 3998 2651 4060 ὡς
2684 3997 2784 4066 τῆς
2823 3996 3194 4066 προαιρέσεως
3245 3995 3333 4048 διὰ
3375 3995 3471 4064 τῆς
3511 3995 3648 4067 πρὸς

2065 4094 2162 4162 τὴν
2198 4091 2390 4144 κακίαν
2431 4089 2801 4160 προσκλίσεως
2836 4089 2926 4141 τὸν
2959 4087 3371 4157 ὲκμαλὰσσοντα
3420 4090 3518 4157 τὴν
3551 4089 3648 4140 ἀν-

2065 4184 2319 4238 τιτυπίαν
2344 4182 2504 4250 λόγον
2535 4181 2594 4236 οὺ
2620 4181 2936 4250 δεχομένης.
2967 4180 3122 4232 Οὕτω
3149 4182 3294 4250 καὶὴ
3323 4181 3418 4250 τῆς
3443 4179 3648 4250 ἀρετῆς

2067 4273 2258 4345 ῥάϐδος
2280 4276 2336 4326 ὲν
2363 4274 2476 4335 τοῖς
2502 4271 2821 4340 Αἰγυπτίοις
2860 4273 3110 4338 φανεῖσα,
3139 4271 3229 4322 τὸν
3261 4271 3359 4340 μὲν
3398 4271 3652 4340 Ἐϐραίον

2067 4363 2303 4432 καθαρὸν
2330 4361 2430 4430 τῆς
2456 4358 2836 4429 βατραχώδους
2871 4357 3017 4426 ζωῆς
3044 4355 3435 4426 ἀπεργάζεται*
3465 4356 3555 4408 τὸν
3585 4357 3650 4410 δὲ

2067 4454 2364 4522 Αἰγύπτιον
2401 4451 2515 4521 βίον
2562 4449 2744 4520 πλήρη
2785 4448 2886 4518 τῆς
2917 4447 3169 4516 τοιαύτης
3205 4446 3438 4501 δείκνυσι
3465 4446 3644 4501 νόσου.

2081 4546 2218 4600 Ἀλλ’
2246 4544 2355 4598 ἔσθ’
2377 4545 2466 4597 ὅτε
2499 4542 2592 4597 τοῦ
2617 4540 2859 4602 Μωσέως
2888 4540 2981 4593 καὶ
3012 4539 3148 4609 ὑπὲρ
3183 4537 3386 4592 τούτων
3412 4541 3506 4598 τὰς
3535 4540 3650 4606 χεῖ-

2072 4655 2170 4709 ρας
2197 4637 2553 4697 ἐκτείναντος,
2603 4628 2911 4702 ἁφανισμὸς
2949 4627 3060 4684 τῶν
3106 4629 3393 4706 βατράχων
3417 4629 3646 4698 γίνεται.

2076 4727 2142 4782 Ὃ
2169 4726 2233 4796 δὴ
2277 4725 2370 4778 καὶ
2405 4723 2499 4776 νῦν
2542 4722 2658 4774 ἐστι
2698 4720 2904 4792 γνῶναι
2945 4718 3252 4788 γινόμενον.
3303 4719 3368 4772 Οἱ
3403 4718 3506 4788 γὰρ
3547 4719 3653 4788 τὴν

2072 4819 2294 4873 ἔκτασιν
2334 4815 2441 4868 τῶν
2489 4813 2687 4884 χειρῶν
2729 4810 2824 4864 τοῦ
2880 4809 3168 4880 νομοθέτου
3215 4812 3652 4879 κατανοήσαντες

2075 4910 2092 4978 (
2118 4911 2363 4978 συνήσεις
2383 4907 2442 4961 δὲ
2473 4907 2709 4970 πάντως,
2733 4906 2814 4956 ὅτι
2845 4905 2927 4958 σοὶ
2953 4903 3101 4972 λέγει
3132 4903 3191 4956 τὸ
3227 4903 3476 4972 αῐνιγμα’
3507 4903 3649 4958 ὥστε

2072 5000 2262 5069 νοῆται
2297 4997 2386 5051 διὰ
2431 4997 2528 5067 μὲν
2556 4995 2652 5048 τοῦ
2698 4993 2992 5065 νομοθέτου
3019 4993 3110 5046 τὸν
3138 4992 3391 5062 ἀληθινὸν
3427 4994 3656 5063 νομοθέ-

2071 5109 2189 5162 την,
2236 5090 2324 5143 διὰ
2361 5090 2418 5142 δὲ
2453 5089 2550 5158 τῆς
2585 5088 2692 5140 τῶν
2736 5085 2933 5156 χειρῶν
2976 5087 3274 5148 ἐκτάσεως,
3305 5085 3395 5138 τὸν
3432 5087 3524 5140 ἐπὶ
3556 5086 3652 5137 τοῦ

2069 5181 2304 5252 σταυροῦ
2349 5180 2450 5242 τὰς
2510 5182 2697 5249 χεῖρας
2756 5177 3144 5243 ἐκτείναντα),
3193 5177 3244 5228 οί
3287 5176 3465 5229 τοίνυν
3515 5178 3654 5246 πρῶ

2066 5274 2243 5340 ὀλίγον
2275 5275 2386 5335 τοῖς
2432 5273 2695 5340 ῥυπαροῖς
2728 5267 2937 5332 τούτοις
2975 5269 3070 5320 καὶ
3099 5267 3467 5338 βατραχώδεσι
3504 5267 3652 5333 λογι-

2070 5367 2225 5434 σμοῖς
2270 5363 2555 5426 συζῶντες,
2587 5364 2636 5415 εί
2661 5362 2794 5432 πρὸς
2817 5361 2909 5414 τὸν
2952 5361 3091 5429 ὑπὲρ
3123 5359 3281 5429 ἡμῶν
3305 5359 3402 5423 τὰς
3437 5362 3646 5430 χεῖρας.

2041 5454 2380 5510 ’ἐκτείναντα
2406 5452 2585 5505 ἶὸοιεψ
2621 5450 3057 5504 ἀπαλλάσσονται
3084 5447 3179 5518 τῆς
3201 5449 3442 5518 πονηρᾶς
3468 5448 3650 5500 αὐτῶν

2072 5543 2822 5615 συνοικήσεως,νεκρωθέντος
2832 5543 2925 5596 τοῦ
2943 5542 3145 5603 πάθους
3161 5541 3254 5594 καὶ
3265 5540 3644 5604 ἁποζὲσαντος.

2083 5637 2206 5706 ’Δλη
2213 5635 2318 5698 θῶς
2348 5637 2454 5705 γὰρ
2481 5637 2594 5698 τοῖς
2611 5632 3052 5704 ἀπηλλαγμένοις
3080 5631 3178 5702 τῆς
3199 5629 3453 5700 τοιαύτης
3476 5630 3646 5696 νόσου,
