3890 6384
158 409 234 464 519

1426 409 1515 465 ΒΕ
1555 408 1713 465 VITA
1749 410 2024 468 MOYSIS.

3186 463 3191 468 .
3248 418 3354 473 330

155 529 265 600 μετά
282 529 368 598 τὴν
392 525 650 596 νέκρωσιν
676 525 782 579 τῶν
810 524 1154 595 ἑρπυστικῶν
1185 524 1528 595 κινημάτων,
1551 522 1671 578 ἀτο-

1788 524 2189 582 consuetudine
2217 527 2473 583 virtutem
2507 531 2776 599 complexi
2803 538 2933 587 sunt
2954 545 2970 582 :
2988 530 3165 597 Quem
3191 530 3359 601 igitur

156 624 230 683 mi;
253 634 328 682 τις
360 620 447 675 καὶ
485 616 723 685 δυσώδης
753 618 787 687 ὴ
821 615 931 670 τῶν
965 615 1426 687 προϐεϐιωμένων
1456 615 1671 684 γίνεται

1777 614 2019 670 fructum
2055 617 2110 671 in
2144 618 2232 672 his
2257 619 2563 684 habebatis,
2592 636 2825 691 quorum
2858 637 3007 677 nunc
3032 636 3131 676 vos
3158 621 3363 691 pudet?

154 715 324 783 μνήμη,
361 709 423 763 δι’
463 708 722 778 αἰσχύνης
761 707 862 779 τὴν
899 707 1080 778 ψυχὴν
1109 707 1442 779 ἀηδίζουσα,
1487 705 1671 770 καθώς

1776 705 1892 761 Hoc
1917 716 2078 777 pacto
2109 711 2276 764 etiam
2317 710 2560 782 intelligo
2592 728 2687 781 per
2730 713 2937 783 virgam
2984 712 3158 784 Moysi
3189 712 3353 783 Egy—

155 821 280 874 ρησιν
327 804 353 856 ό
407 799 717 863 Ἀπόστολος
763 799 901 870 πρὸς
936 800 1065 864 τοὺς
1102 799 1166 853 ἐκ
1213 798 1313 869 τῆς
1357 796 1452 853 τοῦ
1496 796 1668 851 κακοῦ

1775 796 1908 866 ptiis
1951 799 2171 869 quidem
2221 809 2404 855 atrum
2431 811 2486 855 et
2509 804 2869 858 tenebrosum
2917 818 3045 857 aera
3075 818 3199 858 esse
3230 818 3358 856 con-

152 895 405 968 μεταϐολῆς
429 895 525 964 τὴν
553 892 748 964 ἀρετὴν
789 891 1090 962 μετιόντας’
1124 890 1207 943 ὅτι
1247 889 1381 943 Τίνα
1408 883 1501 943 οὖν
1528 904 1669 958 καρ-

1774 886 1975 943 fectum
2007 909 2021 946 :
2050 890 2295 948 Hebraeis
2331 909 2459 948 vero
2488 895 2742 951 eumdem
2796 897 2991 952 eodem
3022 898 3078 951 in
3111 905 3357 966 tempore

152 990 231 1040 πον
250 987 401 1055 εἴχετε
425 984 565 1048 τότε,
595 984 676 1052 ἐφ’
704 976 785 1045 οἷς
808 982 903 1036 νῦν
932 980 1328 1051 ἐπαισχύνεσθε
1348 996 1364 1046 ;
1388 979 1545 1033 Κατὰ
1565 978 1666 1047 τὴν

1774 988 1938 1049 atque
1982 983 2104 1039 loco
2139 985 2310 1041 radiis
2344 986 2645 1044 refulsisse.

151 1081 342 1133 δ.ἀνοιαν
372 1077 562 1147 ταύτην
602 1076 713 1129 νόει
746 1092 835 1146 μοι
866 1073 1075 1128 καὶτὸν
1101 1072 1241 1145 ἀέρα
1273 1072 1363 1126 διά
1389 1072 1488 1141 τῆς
1543 1068 1762 1142 ῥάϐδου,
1812 1076 1925 1138 τοῖς
1991 1075 2090 1145 μὲν
2145 1078 2255 1131 τῶν
2316 1081 2628 1149 Αἰγυπτίων
2691 1083 2984 1156 ὀφθαλμοῖς
3040 1083 3358 1157 μελαινόμε.

150 1186 232 1220 νον.
267 1170 347 1221 ἐπὶ
370 1168 424 1221 δὲ
448 1167 553 1221 τῶν
594 1165 860 1237 Ἐϐραίων
881 1162 960 1234 τῷ
991 1163 1126 1234 ἡλίῳ
1154 1162 1671 1233 καταλαμπόμενον.

215 1254 349 1313 Διόὖ
377 1260 603 1330 μάλιστα
632 1257 942 1328 βεϐαιοῦται
960 1259 1059 1327 τῆς
1070 1253 1675 1326 ἀποδοθείσηςδιανοίας

148 1355 170 1404 ὁ
205 1352 353 1418 λόγος’
389 1353 465 1404 ὅτι
496 1351 597 1403 οὑκ
644 1348 852 1403 ἀνωθέν
892 1365 977 1411 τις
1026 1346 1404 1417 ἀναγκαστικὴ
1445 1345 1673 1415 δύναμις

148 1442 218 1492 τὸν
247 1441 329 1510 μὲν
354 1441 408 1492 ἐν
436 1438 603 1510 ζόφῳ.
627 1439 719 1492 τὸν
746 1438 803 1491 δὲ
827 1440 887 1491 ὲν
915 1438 1053 1506 φωτὶ
1074 1435 1329 1505 γενέσθαι
1353 1452 1674 1506 παρασκευ-

148 1532 240 1594 άζει
259 1570 272 1591 ,
298 1531 399 1584 ἀλλ’
435 1529 641 1583 οἴκοθεν
668 1528 865 1599 ἔχομεν
892 1529 950 1581 ἐν
979 1530 1044 1598 τῇ
1071 1526 1283 1580 ἑαυτῶν
1307 1526 1466 1595 φύσει
1488 1542 1548 1578 τε
1579 1526 1673 1578 καὶ

148 1622 413 1693 προαιρέσει
443 1621 538 1684 τὰς
570 1620 665 1674 τοῦ
692 1620 866 1688 φωτός
897 1635 954 1671 τε
999 1620 1089 1671 καὶ
1140 1616 1365 1680 σκότους
1407 1616 1589 1679 αίτίας
1621 1617 1671 1669 oi.

147 1712 397 1784 ἄνθρωποι,
427 1712 561 1782 πρὸς
591 1712 727 1782 ὅπερ
760 1710 826 1764 ἀν
863 1709 1137 1778 ἐθέλωμεν
1181 1707 1405 1773 τούτων,
1455 1706 1673 1778 γινόμε-

1850 1248 2033 1315 Quare
2083 1255 2357 1310 sententia
2404 1264 2592 1312 nostra
2651 1259 2889 1314 maxime
2941 1263 3352 1332 comprobatur,

1780 1342 1926 1410 quod
1950 1342 2162 1398 scilicet
2185 1360 2294 1399 non
2323 1361 2525 1416 cogens
2550 1349 2798 1417 quaedam
2821 1350 3087 1408 divinitus
3111 1353 3197 1408 vis
3218 1356 3356 1410 alios

1776 1432 2059 1488 hominum
2091 1436 2146 1490 in
2181 1438 2421 1492 tenebris
2455 1439 2729 1508 cespitare
2764 1440 2916 1506 facit,
2956 1443 3096 1499 alios
3125 1445 3179 1499 in
3206 1447 3357 1500 clara

1777 1524 1900 1579 lucc
1946 1528 2175 1592 versari,
2218 1529 2313 1583 sed
2348 1529 2399 1583 in
2434 1530 2594 1585 nobis
2638 1531 2774 1601 ipsis
2806 1543 2969 1602 atque
2998 1535 3355 1603 intrinsecus,

1777 1615 1834 1671 iu
1870 1626 2059 1672 nostra
2098 1626 2391 1688 potestate,
2435 1621 2738 1684 voluntate,
2766 1623 3054 1687 electione,
3090 1627 3346 1681 tenebra-

1778 1722 1898 1760 rum
1934 1722 2000 1761 ac
2039 1709 2178 1765 lucis
2212 1725 2411 1766 causas
2436 1711 2685 1767 homines
2717 1714 3086 1782 possidemus,
3118 1724 3178 1771 ut
3208 1733 3356 1771 nunc

147 1823 225 1859 νοι.
250 1805 343 1859 Καὶ
366 1804 490 1875 γάρ,
518 1804 655 1857 κατὰ
677 1803 776 1873 τὴν
805 1800 1066 1872 ἱστορίαν,
1092 1800 1153 1853 οὐ
1182 1800 1272 1854 διά
1294 1816 1441 1860 τινος
1465 1798 1671 1868 τείχους

1781 1796 2048 1865 videntes,
2082 1815 2229 1854 nunc
2263 1801 2417 1863 cazci,
2448 1811 2609 1870 prout
2648 1804 2920 1866 volumus,
2953 1816 3103 1861 certe
3139 1809 3354 1863 ﬁamus.

148 1897 172 1966 ἢ
198 1898 330 1965 ὅρους
359 1893 809 1966 ἐπιπροσθοῦντος
838 1891 937 1955 τάς
964 1891 1116 1960 δψεις
1138 1931 1153 1955 ,
1189 1891 1283 1944 καὶ
1318 1890 1416 1954 τὰς
1448 1892 1674 1953 ἀκτῖνας

145 1985 577 2049 ἀποσκευάζοντος,
605 1985 654 2038 oi
684 1983 785 2054 μὲν
818 1981 1059 2054 Ἑϐραῖοι
1087 1980 1181 2035 τοῦ
1208 1981 1385 2050 φωτὸς
1410 1980 1673 2052 κατετρύ-

147 2095 254 2147 φων-
281 2080 323 2131 οἱ
342 2078 395 2131 δὲ
417 2076 756 2148 ἀναισθήτως
782 2071 927 2147 εἶχον
952 2074 1054 2144 τῆς
1081 2073 1306 2144 χάριτος
1329 2090 1342 2103 ’
1370 2072 1514 2126 οὕτω
1538 2074 1672 2127 πᾶσι

148 2168 261 2223 κατά
282 2169 334 2222 τὸ
356 2166 464 2222 ῐσον
492 2168 586 2222 τοῦ
630 2166 894 2236 φωτεινοῦ
936 2166 1054 2237 βίου
1090 2165 1207 2218 κατ’
1251 2164 1503 2229 ἐξουσίαν
1537 2181 1673 2234 προ-

148 2260 374 2330 κειμένουο
407 2262 455 2312 οἱ
500 2258 602 2330 μὲν
635 2261 692 2312 ἐν
730 2259 909 2312 σκότει
950 2255 1399 2328 ὁιαπορεύονται,
1448 2254 1538 2309 διὰ
1566 2255 1675 2310 τῶν

148 2350 355 2421 πονηρῶν
380 2348 822 2421 ἐπιτηδευμάτων
852 2347 989 2420 πρὸς
1032 2348 1123 2400 τὸν
1154 2346 1253 2416 τῆς
1288 2347 1483 2410 κακίας
1513 2346 1673 2415 ζόφον

147 2444 558 2514 συνελαυνόμενον
613 2443 664 2496 oi
696 2442 754 2494 δὲ
802 2439 881 2511 τῷ
919 2439 1061 2508 φωτὶ
1092 2440 1191 2510 τῆς
1222 2440 1425 2510 ἀρετῆς
1472 2438 1674 2509 ἐλλαμ-

146 2533 410 2606 πρύνονται.
439 2536 501 2588 Εί
521 2534 581 2589 δὲ
617 2533 756 2603 μετά
797 2531 897 2603 τὴν
937 2531 1233 2602 τριήμερον
1260 2532 1318 2584 ἐν
1365 2533 1539 2600 σκότῳ
1573 2548 1672 2585 κα·-

145 2627 393 2681 κοπάθειαν
419 2627 627 2695 γίνεται
660 2624 751 2678 καὶ
784 2626 900 2687 τοῖς
931 2623 1252 2691 Αἰγυπτίοις
1280 2623 1315 2693 ἡ
1360 2621 1455 2675 τοῦ
1494 2621 1673 2690 φωτὸς

150 2719 368 2786 μετουσία
388 2735 401 2749 ’
435 2718 577 2788 τάχα
625 2733 711 2779 τις
741 2715 849 2770 ἀπὸ
893 2714 1099 2768 τούτων
1130 2711 1450 2784 ὁρμώμενος
1472 2752 1488 2777 ,
1535 2712 1671 2783 πρὸς

143 2809 219 2879 τὴν
262 2810 359 2863 ἀπὸ
396 2809 598 2872 κακίας
648 2807 782 2878 πρὸς
835 2804 1036 2876 ἀρετὴν
1079 2804 1145 2858 δι’
1185 2802 1530 2871 ἐπιγνώσεως
1576 2802 1671 2855 τοῦ

145 2900 495 2971 σταυρωθέντος
538 2898 638 2953 xci.
683 2897 969 2968 μετανοίας
1015 2896 1347 2967 μετάστασιν
1393 2894 1502 2946 τῶν
1542 2894 1671 2964 πρὶν

143 2991 255 3045 κατὰ
278 2993 357 3045 τὸν
397 2992 505 3063 βίον
538 2987 1014 3058 Αἱγυπτιαζόντων
1043 2988 1241 3056 ἀγάγοι
1273 2986 1337 3038 τὸ
1364 2985 1562 3056 νόημα.
1598 2985 1672 3038 Τὸ

141 3082 226 3153 γὰρ
246 3082 541 3153 ψηλαφητὺν
572 3082 748 3135 ἐκεῖνο
779 3078 992 3142 σκότος,
1021 3075 1204 3139 καθώς
1238 3092 1402 3146 φησιν
1444 3063 1483 3145 η’
1532 3074 1671 3126 ἱστο-

1775 1887 1910 1942 Nam
1962 1890 2124 1944 etiam
2176 1892 2476 1946 secundmn
2536 1894 2820 1948 historiam
2866 1911 2975 1951 non
3025 1898 3188 1961 muri,
3244 1914 3356 1954 non

1774 1989 2008 2045 montes,
2052 1998 2160 2036 non
2200 1982 2305 2035 alia
2346 1984 2659 2052 liujusmodi
2690 1985 2968 2057 Egyptiis
3011 1989 3197 2045 radios
3220 1991 3355 2046 solis

1775 2069 2116 2134 aulcrebant,
2159 2071 2255 2125 sed
2297 2072 2587 2142 aequaliter
2614 2074 2836 2144 quidem
2872 2076 2989 2130 sole
3015 2079 3198 2132 omnia
3233 2093 3357 2147 per—

1775 2161 2069 2229 lustrante,
2099 2159 2273 2217 Judaei
2314 2165 2436 2219 lucc
2463 2165 2570 2220 diei
2605 2165 2951 2233 lruebantur,
2985 2168 3227 2240 [Egyptii
3252 2185 3355 2224 au-

1775 2260 1885 2306 tem
1909 2252 2094 2307 videre
2114 2269 2222 2308 non
2244 2262 2516 2323 poterant.
2536 2255 2628 2311 Sic
2657 2258 2935 2313 luculenta
2962 2261 3356 2332 splendidaque

1774 2343 1860 2397 via
1901 2343 2120 2399 virtutis
2150 2346 2433 2414 aequaliter
2469 2348 2726 2403 omnibus
2760 2354 3060 2419 proposita,
3089 2351 3182 2405 alii
3216 2354 3358 2407 male

1774 2432 1984 2503 agendo
2028 2434 2284 2489 vitiorum
2329 2437 2572 2492 tenebris
2601 2438 2973 2506 obctecantur,
3010 2442 3100 2494 alit
3136 2443 3355 2498 virtutis

1773 2525 1979 2581 lumine
2004 2526 2376 2596 resplendent.
2401 2527 2557 2594 Quod
2589 2530 2634 2585 si
2660 2539 2949 2602 postquam
2976 2532 3159 2588 triduo
3194 2534 3356 2606 Aigy-

1772 2616 1870 2686 ptii
1902 2618 2144 2673 tenebris
2191 2620 2546 2684 laborarunt,
2582 2621 2806 2678 luminis
2845 2623 2983 2678 ﬁunt
3024 2627 3354 2695 participes,

1773 2710 1969 2780 poterit
1997 2712 2157 2766 etiam
2206 2712 2454 2767 fortasse
2497 2713 2741 2769 historia:
2795 2731 2993 2772 sensus
3050 2718 3116 2771 ad
3161 2732 3354 2772 eorum

1772 2801 2066 2856 transitum
2093 2802 2312 2867 referri,
2333 2804 2427 2873 qui
2459 2819 2581 2859 cum
2611 2813 2771 2858 antea
2800 2805 3180 2876 IEgyptiorum
3203 2823 3356 2864 more

1772 2894 2042 2955 viverent,
2080 2895 2146 2948 ad
2197 2896 2452 2950 virtutem
2488 2912 2518 2950 a
2561 2898 2697 2979 vitio
2722 2914 2817 2967 per
2861 2901 3196 2968 agnitionem
3227 2915 3357 2953 cru-

1774 2985 1945 3048 ciﬁxi.
1984 2988 2265 3058 atque~ad
2311 2989 2689 3059 pmnitentiam
2742 2997 2872 3046 sunt
2912 2991 3169 3055 traducti,
3214 3008 3354 3061 prae-

1776 3080 1968 3135 sertim
2037 3096 2160 3134 cum
2202 3081 2502 3151 palpabiles
2543 3083 2646 3137 illa?
2702 3083 2940 3137 tenebrae
2985 3090 3097 3138 tam
3153 3085 3355 3148 verbo,

141 3131 229 3241 ﬁt;
624 3131 844 3239 ἀγνοίας
860 3131 863 3132 ν
1008 3131 1283 3237 ἁμαρτίας
1300 3131 1311 3146 1
1322 3131 1510 3226 σκότύς
1544 3163 1645 3215 πολ
1657 3192 1671 3203 -

1776 3184 1942 3240 quam
1978 3184 2151 3225 sensu
2181 3172 2391 3240 peccati
2414 3180 2578 3242 atque
2600 3173 2923 3243 ignorantiae
2948 3174 3191 3228 tenebris
3221 3188 3356 3228 con-

138 3262 214 3333 λὴν
231 3264 281 3316 ἓν
299 3281 353 3317 τε
386 3263 460 3335 τῷ
492 3264 698 3335 ῥήματι
730 3260 825 3314 καὶ
853 3258 934 3330 τῷ
959 3258 1191 3328 νοήματι
1216 3255 1314 3326 τὴν
1350 3254 1671 3322 συγγένειαν

136 3352 242 3421 ἔχει.
280 3353 465 3406 Λύεται
496 3352 552 3405 δὲ
585 3350 790 3405 τούτων
822 3348 1105 3419 ἑκάτερον,
1142 3345 1237 3398 τοῦ
1280 3345 1523 3407 Μωσέως
1547 3344 1671 3413 (κα-
1730 3412 1733 3419 η

137 3444 222 3509 θὼς
253 3447 305 3497 ἐν
328 3445 398 3516 τῷ
428 3446 533 3515 πρὸ
554 3442 748 3497 τούτου
777 3441 1069 3510 νενόηται)
1100 3437 1242 3507 ὑπὲρ
1268 3435 1374 3488 τῶν
1398 3436 1457 3487 ἐν
1490 3435 1670 3487 σκότει

133 3534 213 3597 τὰς
253 3537 422 3606 χεῖρας
458 3534 816 3595 ὲκτείναντος.
879 3527 1152 3591 Ὡσαύτως
1188 3527 1283 3581 καὶ
1332 3527 1365 3595 ἡ
1408 3525 1671 3595 καμιναία

137 3626 254 3690 κόνις
282 3629 471 3698 ἐκείνη,
516 3629 552 3698 ἡ
592 3626 688 3689 τὰς
718 3621 983 3693 όδυνηράς
1007 3618 1341 3690 φλυκταίνας
1362 3620 1477 3680 τοῖς
1502 3620 1671 3685 Λίγυ-

135 3718 276 3783 πτίοις
293 3720 585 3784 ἐπάγουσα,
611 3716 752 3772 κατά
774 3714 932 3782 λόγον
954 3712 1020 3767 ἂν
1042 3711 1281 3782 νοηθείη,
1304 3709 1392 3763 διὰ
1411 3708 1504 3761 τοῦ
1531 3707 1670 3761 κατά

134 3810 182 3862 τὺ
202 3812 351 3882 ὄνομα
378 3814 473 3884 τῆς
505 3810 746 3881 καμίνου
781 3805 1101 3876 αἰνίγματος
1121 3845 1136 3868 ,
1167 3804 1201 3872 ἡ
1245 3801 1336 3855 διὰ
1374 3799 1468 3853 τοῦ
1500 3800 1670 3870 πυρὸς

136 3903 249 3957 κατά
263 3903 352 3975 τὴν
377 3904 598 3972 γέενναν
617 3899 974 3968 ἀπειληθεῖσα
994 3897 1234 3958 κόλασις,
1259 3895 1293 3965 ἢ
1325 3892 1483 3963 μόνον
1510 3891 1670 3945 ἀπτε-

133 4010 203 4047 ut
228 3996 323 4048 τῶν
362 3993 840 4064 Δίγυπτιαζόντων
866 3987 1010 4043 κατά
1031 3987 1124 4041 τὸν
1158 3986 1292 4056 βίον,
1334 3982 1479 4036 τοῦτ’
1519 3981 1668 4035 ἐστιν

133 4085 281 4148 καθὼς
311 4088 562 4152 πολλάκις
591 4086 843 4154 εἴπαμεν,
866 4081 975 4134 τῶν
1005 4078 1188 4141 κακῶς
1211 4076 1426 4140 ζώντων
1455 4074 1547 4129 καὶ
1571 4073 1668 4143 τὴν

133 4174 314 4233 ἔκτασιν
337 4181 441 4235 τῶν
462 4170 787 4251 χειρῶν·τοῦ
813 4170 1051 4246 Χριστοῦ
1091 4171 1165 4243 μὴ
1196 4167 1664 4251 προσκυνούντων.

132 4267 181 4321 Εἰ
201 4270 248 4323 δέ
276 4290 352 4335 τις
377 4249 594 4344 ἀληθῶς
628 4267 968 4342 Ἰσραηλίτης
989 4265 1127 4326 ἐστὶ,
1156 4262 1251 4316 καὶ
1277 4260 1371 4313 τοῦ
1419 4249 1669 4330 Ἀϐραὰμ

131 4362 236 4426 υἱὸς,
265 4366 350 4417 καὶ
380 4365 513 4436 πρὸς
554 4363 763 4416 ἐκεῖνον
799 4357 877 4429 τῷ
909 4357 1008 4428 βίῳ
1036 4354 1247 4425 βλέπει,
1291 4352 1366 4415 ὡς
1396 4349 1565 4415 δεῖξαι
1595 4351 1663 4418 τῇ

1773 3257 2014 3311 veniant.
2058 3256 2303 3314 Solvitur
2345 3269 2531 3314 autem
2577 3269 2882 3331 utrumque
2926 3262 3175 3327 istorum,
3229 3279 3353 3318 cum

1771 3345 2004 3417 Moyses,
2064 3356 2124 3402 ut
2174 3347 2230 3402 in
2285 3349 2614 3418 praecedenti
2648 3350 2770 3404 loco
2821 3349 3209 3410 intelleximus,
3255 3365 3355 3418 pro

1769 3439 1838 3494 iis
1870 3442 1961 3508 qui
1996 3441 2049 3494 in
2082 3441 2323 3496 tenebris
2354 3442 2733 3508 versabantur,
2775 3457 2971 3497 manus
3008 3441 3340 3502 extenderit.

1772 3529 2056 3584 Pulverem
2084 3540 2265 3586 autem
2287 3530 2356 3585 de
2381 3532 2599 3586 camino
2633 3540 2935 3600 sumptum,
2960 3531 3055 3601 qui
3081 3531 3353 3601 turgentia

1774 3622 1958 3677 ulcera
1985 3622 2311 3690 doloresque
2342 3621 2717 3675 intolerabiles
2746 3620 3024 3690 Egyptiis
3055 3621 3354 3683 inferebat,

1773 3713 1889 3782 ipso
1935 3712 2155 3767 nomine
2200 3712 2401 3765 camini
2450 3710 2738 3773 admoniti,
2787 3712 3051 3781 gehennae
3096 3725 3163 3764 ac
3203 3710 3346 3779 ignis

1769 3805 1918 3860 illitis
1949 3804 2252 3858 cruciatum
2298 3803 2640 3871 signiﬁcasse
2669 3803 2970 3865 credimus,
2999 3803 3091 3872 qui
3128 3803 3352 3872 quidem

1769 3896 1912 3966 ignis
1945 3895 2092 3951 solos
2118 3903 2278 3951 vexat
2309 3894 2616 3966 IEgyptios,
2653 3895 2706 3948 id
2731 3903 2838 3961 est,
2878 3903 2938 3948 ut
2969 3895 3170 3964 saepius
3208 3893 3354 3947 dixi~

1770 4001 1916 4049 mus,
1941 3986 2082 4040 male
2107 3987 2371 4049 viventes,
2396 3994 2450 4040 et
2481 3985 2857 4041 extensionem
2893 4000 3157 4040 manuum
3183 3986 3348 4039 Chri-

1770 4078 1839 4135 sti
1875 4092 1986 4132 non
2013 4077 2326 4133 adorantes.
2367 4075 2425 4131 Si
2471 4077 2597 4147 quis
2635 4093 2768 4133 vero
2802 4093 2932 4133 vere
2965 4076 3212 4133 Israelita
3241 4085 3352 4139 est,

1768 4186 1941 4240 nepos
1975 4171 2230 4232 Abrahae,
2273 4170 2366 4239 qui
2412 4170 2562 4225 illius
2588 4170 2757 4224 vitam
2795 4169 2901 4224 ﬁde
2936 4185 3001 4224 ac
3033 4183 3198 4240 opere
3233 4168 3353 4222 imi.

1770 4268 1941 4325 tetur,
1987 4261 2036 4316 is
2075 4261 2252 4331 ignem
2283 4259 2436 4312 illum
2473 4275 2583 4313 non
2634 4259 2856 4323 sentiet,
2886 4259 3207 4314 extensione
3232 4273 3351 4312 ma-

1771 4368 1938 4408 nuum
1996 4350 2220 4420 Moysis,
2252 4350 2303 4403 id
2338 4357 2445 4411 est,
2480 4348 2685 4404 Christi
2733 4349 3017 4404 liberatus.
3062 4349 3355 4419 Sciniplies

129 4457 405 4527 προαιρέσει
436 4457 536 4527 τὴν
568 4453 704 4524 πρὸς
745 4453 872 4514 τοὺς
909 4447 1195 4508 ἐκλεκτοὺς
1225 4440 1537 4513 ἀγχιστείαν
1572 4439 1665 4493 τοῦ

1774 4459 1900 4499 vero
1942 4444 2088 4506 illos,
2128 4442 2220 4510 qui
2255 4441 2489 4496 occultis
2522 4441 2801 4495 morsibus
2836 4440 3124 4513 Egyptios
3163 4442 3352 4511 exagi-

129 4544 301 4609 γένους·
326 4540 474 4609 οὗτος
506 4543 839 4614 φυλάσσεται
861 4538 968 4593 ἀπὸ
1000 4537 1096 4607 τῆς
1128 4532 1424 4605 καμιναίας
1445 4531 1662 4601 ἐκείνης

129 4633 305 4705 ὀδύνης.
340 4637 549 4689 Γένοιτο
587 4635 631 4688 δ’
674 4634 739 4687 ἂν
776 4629 1049 4690 κάκείνοις
1093 4625 1224 4679 ποτὲ
1259 4626 1292 4695 ὴ
1340 4623 1664 4676 ἀποδοθεῖσα

126 4724 204 4793 τῆς
250 4728 514 4790 ἐκτάσεως
558 4725 666 4778 τῶν
705 4721 905 4793 χειρῶν
935 4718 1030 4772 τοῦ
1073 4716 1313 4778 Μωσέως
1365 4712 1663 4785 ἑρμηνεία,

129 4811 356 4884 θεραπεία
393 4820 489 4889 τῆς
518 4817 730 4887 ὀδύνης,
767 4814 860 4866 καὶ
899 4808 1190 4877 ἀπαλλαγὴ
1226 4806 1335 4859 τῶν
1362 4804 1660 4858 κολάσεων.

125 4900 239 4968 Τοὺς
262 4906 315 4960 δὲ
356 4908 587 4968 λεπτοὺς
631 4904 861 4965 σκνίπας
904 4898 1160 4961 ἐκείνους,
1196 4897 1245 4949 οἳ
1285 4897 1397 4958 τοῖς
1435 4894 1665 4963 ἀφανέσι
1688 4958 1699 4969 Ι

124 4990 328 5065 δήγμασι
374 4999 499 5061 τοὺς
535 4995 859 5064 Αἰγυπτίους
906 4990 1217 5059 ἀλγύνουσν
1270 4989 1370 5055 τήν
1407 5004 1466 5040 τε
1510 4986 1667 5039 κυνό-

128 5099 265 5149 μυιαν
301 5087 571 5160 ὀδυνηρῶς
605 5086 692 5139 διὰ
727 5083 820 5138 τοῦ
858 5084 1133 5153 δήγματος
1176 5078 1525 5150 ἐμφυομένην
1555 5080 1667 5142 τοῖς

126 5170 330 5244 edimur
358 5179 457 5249 τήν
493 5193 555 5230 τε
589 5175 694 5228 ὑπὸ
732 5175 840 5227 τῶν
884 5171 1120 5242 ἀκρίδων
1159 5168 1667 5241 καταφθειρομὲνην

123 5270 408 5328 γεωπσνίαν·
437 5273 532 5323 καὶ
559 5270 683 5333 τοὺς
713 5266 919 5322 ἄνωθεν
948 5263 1274 5335 πρηστῆρας
1302 5264 1414 5324 τοῖς
1439 5262 1538 5334 τῆς
1567 5279 1666 5333 χα-

1765 4541 1992 4596 tarunt,
2043 4533 2380 4600 caninasque
2438 4545 2676 4594 muscas,
2724 4531 3181 4601 quiecorporibus
3233 4546 3351 4584 mo-

1767 4626 1961 4682 riendo
2003 4625 2330 4694 ﬁgebantur,
2383 4623 2735 4691 locustasque
2784 4636 3039 4691 agrorum
3095 4622 3346 4675 omnium

1765 4717 2073 4779 vastitatem
2092 4714 2406 4775 inferentes,
2424 4722 2478 4766 et
2496 4711 2722 4765 fulmina
2742 4712 2904 4773 simul
2924 4726 3048 4766 cum
3062 4711 3345 4780 grandinis

1769 4808 2044 4878 lapidibus
2086 4804 2419 4864 decidentia,
2473 4819 2582 4857 non
2613 4802 2718 4857 erit
2746 4801 2993 4872 profecto
3024 4802 3262 4867 difﬁcile,
3297 4804 3347 4857 si

1770 4899 1894 4968 quis
1944 4896 2212 4952 dictorum
2267 4894 2465 4949 seriem
2515 4894 2785 4962 sequitur,
2841 4894 3232 4950 convenienter
3277 4893 3348 4946 ad

1768 4998 2014 5044 nostrum
2054 4986 2390 5057 propositum
2441 4994 2500 5039 ut
2545 4987 2702 5040 decet
2743 4985 3184 5048 accommodare,
3227 5000 3350 5054 quae

1769 5079 1986 5150 quidem
2014 5078 2195 5131 omnia
2212 5074 2534 5146 Egyptiaca
2565 5077 2675 5130 vita
2708 5079 2905 5146 quaerit
2932 5084 2989 5132 et
3025 5077 3208 5147 eligit,
3256 5074 3351 5130 Dei

1771 5179 1951 5225 autem
1976 5168 2187 5222 inﬁnita
2213 5167 2431 5236 justitia
2455 5167 2761 5222 secundum
2789 5167 3130 5238 singulorum
3159 5165 3350 5221 merita

1771 5262 1938 5316 infert
1977 5256 2354 5328 peccantibus.

122 5350 265 5430 λάζης
298 5357 459 5425 Milon;
496 5360 1059 5430 συγκαταπίπτονταςο
1096 5358 1196 5409 οὐκ
1224 5355 1290 5409 ἄν
1322 5373 1405 5417 τις
1433 5355 1510 5425 τῷ
1543 5359 1721 5430 εἱρμῷ
1765 5357 1872 5411 τῶν
1903 5348 2395 5425 προεξητασμένων
2421 5350 2687 5420 ἑπόμενος
2720 5350 2940 5421 κάμνοι,
2979 5351 3051 5403 τά
3080 5348 3201 5405 καθ’
3223 5349 3350 5402 ἕκα-

124 5460 225 5501 στον
265 5452 650 5525 προσαρμόζων
697 5453 811 5513 τοῖς
869 5448 1219 5517 καταλλήλοις
1265 5448 1499 5515 νοήμασι
1524 5463 1537 5477 ⁸
1605 5450 1748 5521 ἅπερ
1816 5447 1994 5502 πάντα
2058 5445 2201 5498 ποιεῖ
2258 5442 2358 5513 μὲν
2405 5440 2548 5496 κατὰ
2601 5441 2662 5495 τὸ
2715 5438 3124 5510 προηγούμενον
3166 5439 3200 5507 ἡ
3253 5438 3350 5490 Αἰ·-

122 5543 297 5604 Υυπτία
322 5550 657 5619 προαίρεσις,
690 5545 883 5612 ἐπάγει
914 5545 972 5597 δὲ
1004 5545 1039 5614 ἡ
1079 5542 1371 5605 ἀδέκαστος
1409 5540 1503 5594 τοῦ
1526 5542 1664 5596 Θεοῦ
1688 5544 1831 5614 δίκη.

188 5636 657 5702 Ἑπακολουθέντες
686 5638 967 5706 νοήσωμεν
997 5635 1079 5687 ὅτι
1111 5634 1263 5705 παρά
1285 5634 1422 5687 Θεοῦ
1451 5635 1662 5701 γίνεται

1840 5632 1957 5687 Non
2001 5632 2159 5687 decet
2191 5628 2435 5685 historia:
2472 5628 2709 5682 litteram
2756 5626 2830 5680 ita
2876 5623 3054 5694 sequi,
3088 5632 3147 5678 ιιι
3181 5622 3349 5679 Deum
3384 5642 3387 5643 '

121 5728 179 5781 τὰ
196 5728 402 5802 λυπηρά
424 5733 531 5796 τοῖς
552 5730 659 5784 τῶν
686 5727 940 5781 τοιούτων
962 5726 1131 5791 ἀξίοις
1151 5742 1165 5755 ’
1190 5726 1305 5780 ἀλλ’
1326 5728 1408 5780 ὅτι
1436 5727 1662 5788 ἕκαστος

1774 5732 2021 5794 putemus
2051 5722 2331 5777 cruciatus
2364 5733 2611 5785 causam,
2641 5717 2737 5773 sed
2770 5732 3213 5789 unumquemque
3252 5732 3352 5771 sua

124 5819 280 5891 ἐαυτῷ
305 5821 409 5875 τῶν
449 5820 668 5892 πληγῶν
698 5819 906 5890 γίνεται
934 5817 1289 5889 δημιουργὸς,
1335 5816 1424 5872 διὰ
1456 5816 1551 5888 τῆς
1582 5819 1660 5870 οἱ·

1774 5814 2033 5872 electione
2077 5813 2180 5867 sibi
2226 5809 2443 5867 dolores
2485 5823 2827 5880 praeparasse
2864 5823 2928 5865 ac
2978 5808 3194 5875 fecisse,
3231 5822 3350 5864 cre-
