3888 6350
117 340 200 394 355

117 449 315 520 νομένων
344 444 610 501 πιστεύειν
651 445 742 500 τὸν
773 444 1071 516 νομοθέτην
1108 444 1439 501 ἐκτίθεσθαι.
1483 447 1557 500 Τὸ
1584 447 1641 500 δὲ
1670 458 1713 511 Α

112 542 256 610 δόγμα
288 535 517 591 τοιοῦτόν
548 538 664 591 ἐστι
686 554 701 568 ·
753 536 816 591 τὸ
852 536 962 590 δεῖν
1000 535 1139 607 πρὸς
1169 536 1266 607 τὴν
1298 536 1497 592 κακίαν
1522 540 1643 590 τινὰ

112 632 166 684 δι’
190 628 369 700 ἀρετῆς
411 626 856 698 συμπλεκόμενον
875 665 890 692 ,
923 625 1024 688 τὰς
1060 624 1283 695 πρώτας
1318 626 1427 679 τῶν
1456 626 1644 681 κακῶν

112 720 256 790 ἀρχὰς
300 719 375 781 είς
405 716 708 788 ἀφανισμὸν
752 716 917 786 ἔχειν.
967 717 1046 787 Τῇ
1076 714 1184 787 γάρ
1231 717 1509 787 ἀναιρέσει
1545 718 1644 787 τῆς

112 808 252 879 ἀρχῆς
312 807 401 859 καὶ
448 806 509 859 to
556 806 672 876 μετ’
718 807 935 875 ἐκείνην
975 806 1425 873 συναφανίξεται,
1462 806 1644 870 καθὼς

109 899 307 952 διδάσκει
336 896 420 949 διὰ
474 896 571 949 τοῦ
624 895 959 963 Εὐαγγελίου
1009 897 1038 947 ὁ
1074 895 1310 967 Κύριος,
1362 896 1643 967 μονονουχὶ

108 987 358 1060 διαρρήδην
406 986 542 1056 βοῶν
589 981 831 1057 ἀναιρεῖν
857 986 968 1038 τῶν
1012 986 1324 1054 Αἰγυπτίων
1355 987 1540 1040 κακῶν
1575 986 1643 1039 τὰ

108 1079 407 1149 πρωτότοκα,
440 1078 508 1130 δι’
537 1071 612 1130 ὧν
638 1075 851 1129 κελεύει
881 1076 979 1147 τὴν
1009 1075 1302 1146 ἐπιθυμίαν
1332 1076 1638 1140 ἀνελόντας,

109 1169 184 1222 καὶ
208 1168 296 1237 τὴν
329 1167 528 1238 ὀργὴν,
580 1166 777 1237 μηκέτι
827 1165 1159 1230 δεδοικέναι,
1199 1167 1337 1236 μήτε
1375 1168 1473 1237 τῆς
1524 1184 1643 1237 μοι·

104 1257 229 1328 χείας
255 1257 310 1309 τὸ
337 1257 580 1327 μίασμα,
615 1258 752 1327 μήτε
792 1256 885 1309 τοῦ
934 1255 1095 1325 φόνου
1130 1256 1189 1307 τὸ
1238 1255 1390 1324 ἀγος.
1424 1256 1496 1309 Οὐ
1534 1256 1641 1327 γὰρ

108 1352 158 1399 ἀν
190 1347 263 1414 ἐφ’
293 1346 476 1399 ἑαυτοῦ
523 1346 750 1416 συσταίη
789 1346 994 1399 τούτων
1036 1345 1327 1417 ἑκάτερον,
1360 1348 1409 1399 εἰ
1444 1345 1518 1417 μὴ
1546 1347 1642 1416 φό-

109 1453 173 1487 νον
202 1435 288 1504 μὲν
315 1436 345 1506 ἡ
378 1434 514 1506 ὀργὴ
536 1475 552 1494 .
599 1436 846 1505 μοιχείαν
878 1435 935 1488 δὲ
961 1436 993 1505 ἠ
1016 1434 1280 1506 ἐπιθυμία
1307 1435 1634 1507 τελεσφορη-

107 1542 243 1577 «ςειεν.
288 1526 432 1579 Ἐπεὶ
450 1522 543 1579 οὖν
593 1526 621 1578 ό
664 1528 744 1589 εἰς
788 1526 983 1579 κακίαν
1009 1526 1374 1594 τεκνογονῶν,
1412 1526 1516 1596 πρὸ
1543 1527 1640 1596 τῆς

107 1615 310 1686 μοιχείας
352 1616 530 1670 τίκτει
566 1616 666 1687 τὴν
708 1617 1032 1688 ἐπιθυμίαν,
1068 1618 1164 1670 καὶ
1199 1617 1299 1689 τὴν
1330 1619 1501 1691 ὀργὴν
1534 1621 1641 1691 πρὸ

102 1708 177 1760 τοῦ
218 1708 391 1777 φόνου·
448 1710 477 1761 ὁ
528 1708 735 1763 ἀνελὼν
783 1709 875 1763 τὸν
928 1711 1270 1780 πρωτότοκον
1298 1751 1313 1775 ,
1366 1713 1638 1766 συνανεῖλε

104 1800 284 1863 πάντως
313 1801 401 1855 καὶ
427 1801 527 1871 τὴν
560 1801 956 1855 ἀκολουθοῦσαν
984 1801 1061 1872 τῷ
1092 1802 1419 1873 πρωτοτόκῳ
1449 1803 1631 1875 γονὴν,

104 1890 260 1962 ὥσπερ
305 1892 392 1945 καὶ
437 1892 530 1945 ἐπὶ
576 1892 669 1945 τοῦ
718 1894 893 1962 ὄφεως
922 1896 949 1946 ό
982 1894 1080 1962 τὴν
1118 1894 1357 1965 κεφαλὴν
1396 1895 1630 1966 πλήξας,

104 1980 199 2032 ὅλον
232 1983 662 2053 συναπενέκρωσε
706 1983 798 2035 τὸν
840 1984 1068 2037 κατόπιν
1105 1984 1263 2038 ὁλκὸν
1313 1986 1371 2039 ὃν
1406 1987 1633 2054 ἐφέλκε-

104 2091 190 2126 ται.
215 2074 370 2128 Τοῦτο
395 2075 450 2128 δὲ
479 2076 583 2129 οὐκ
622 2075 689 2129 ἂν
717 2075 954 2143 γένοιτο,
985 2078 1060 2147 μὴ
1092 2077 1446 2149 προχεθέντος
1478 2081 1510 2149 ή
1521 2078 1635 2149 μῶν

102 2167 197 2228 ταῖς
228 2166 434 2229 εἰσόδοις
475 2166 688 2219 ἐκείνου
716 2166 809 2219 τοῦ
846 2167 1095 2237 αἵματος,
1135 2167 1162 2220 ὂ
1190 2167 1280 2220 τὸν
1313 2168 1636 2239 όλοθρευτὴν

104 2258 410 2327 ἀποστρέφει.
462 2259 576 2312 Καὶ
624 2258 673 2311 εί
727 2257 832 2329 χρὴ
860 2259 958 2329 τὴν
1004 2258 1358 2313 ἀποδοθεῖσαν
1398 2259 1636 2313 διάνοιαν

104 2346 445 2419 ἀκριϐέστερον
479 2351 538 2401 ὲν
568 2351 680 2412 τοῖς
712 2349 1025 2420 είρημένοις
1061 2349 1393 2419 κατανοῆσαι
1418 2368 1433 2382 ο
1478 2348 1637 2403 τοῦτο

104 2438 156 2489 δι’
184 2440 431 2513 ἑκατέρων
469 2441 688 2495 δίδωσιν
715 2443 748 2511 ἡ
783 2442 992 2512 ἱστορία
1021 2445 1180 2506 νοεῖν,
1205 2443 1268 2495 ἐκ
1300 2460 1360 2496 τε
1385 2443 1479 2497 τοῦ
1508 2444 1635 2496 ἀνευ

104 2526 192 2579 λείν
227 2531 287 2582 τὰ
324 2533 637 2603 πρωτότοκα
658 2570 671 2594 ,
717 2532 810 2584 καὶ
859 2527 921 2585 ἕκ
964 2531 1055 2585 τοῦ
1102 2532 1169 2585 δι’
1193 2533 1423 2603 αἵματος
1468 2549 1636 2585 καταο

107 2618 415 2691 σφαλισθῆναι
466 2621 571 2693 τὴν
626 2621 848 2675 εἴσοδον.
918 2620 1067 2674 Ἐκεῖ
1116 2640 1176 2675 τε
1226 2623 1400 2693 γάρή
1443 2622 1633 2694 πρώτη

106 2707 221 2777 ὁρμὴ
258 2709 343 2762 τοῦ
378 2711 550 2764 κακοῦ
592 2710 943 2780 ἀφανίζεται,
981 2715 1075 2766 καὶ
1112 2713 1346 2767 ἐνταῦθα
1378 2716 1411 2783 ἡ
1443 2714 1634 2786 πρώτη

104 2799 182 2866 τῆς
233 2802 415 2866 κακίας
475 2803 682 2867 εἴσοδος
744 2804 866 2858 καθ’
920 2804 1075 2876 ἡμῶν
1103 2804 1188 2858 διὰ
1237 2804 1330 2859 τοῦ
1383 2804 1635 2877 ἀληθινοῦ

106 2890 243 2957 ἀμνοῦ
282 2894 680 2964 ἐπιστρέφεται.
735 2896 810 2947 Ού
860 2894 971 2966 γὰρ
1022 2897 1171 2961 ἐντὸς
1214 2898 1502 2966 γενόμενον
1547 2898 1638 2950 τὸν

104 2978 381 3054 ὀλοθρευτὴί
417 2984 483 3037 δι’
523 2985 770 3048 ἐπινοίας
801 2985 1137 3057 ἐκϐάλλομεν
1160 3027 1175 3050 ,
1226 2987 1342 3041 ἀλλ’
1376 2989 1522 3051 ὅπως
1571 2989 1639 3042 ἂν

238 3070 325 3139 τὴν
355 3072 525 3143 ἀρχὴν
574 3075 706 3143 ἡμῖν
736 3074 1075 3146 παρεισδύσῃ
1097 3117 1111 3138 ,
1149 3076 1393 3147 φυλακὴν
1423 3076 1511 3130 διά
1542 3076 1635 3130 τοῦ
1664 3113 1709 3174 c

102 3162 235 3231 νόμου
279 3166 594 3237 ποιούμεθα.
629 3169 844 3241 Φυλακὴ
893 3170 951 3224 δέ
998 3173 1117 3225 ὲστι
1160 3174 1252 3225 καὶ
1282 3173 1549 3242 ἀσφάλεια
1574 3173 1635 3227 τὸ

102 3251 164 3319 τῷ
189 3254 363 3322 αἵματι
403 3257 497 3309 τοῦ
550 3257 724 3328 ἀμνοῦ
762 3259 860 3329 τήν
908 3276 966 3311 τε
1002 3258 1164 3328 φλιάν
1212 3261 1460 3323 καὶτοὺς
1505 3277 1634 3313 στα-

102 3338 242 3409 θμοὺς
274 3347 365 3415 τῆς
390 3347 599 3401 είσόδου
623 3349 1111 3419 κατασημήνασθαι
1134 3368 1148 3382 υ
1180 3351 1353 3406 ταῦτα
1384 3355 1509 3425 περὶ
1533 3353 1635 3423 ψυ-

104 3430 182 3498 χῆς
210 3434 327 3501 ἡμῖν
358 3437 803 3503 φυσιολογοῦντος
828 3439 895 3492 δι’
941 3441 1280 3509 αἰνιγμάτων
1322 3443 1416 3495 τοῦ
1451 3443 1632 3511 λόγου,

102 3514 275 3590 ams,
319 3521 513 3588 ἔξωθεν
546 3525 827 3588 παίδευσις
861 3527 1194 3598 ὲφαντόισθη,
1231 3528 1514 3600 διαιροῦσα
1541 3530 1637 3602 τὴν

100 3608 245 3679 ψυχὴν
282 3614 354 3676 εἰς
399 3614 460 3667 τὸ
501 3615 810 3682 λογιστικὸν
848 3617 943 3670 καὶ
977 3619 1375 3690 ἐπιθυμητικὸν
1400 3623 1491 3674 καὶ
1540 3621 1636 3674 θυ-

101 3700 291 3765 μοειδές.
328 3704 547 3768 Τούτοις
574 3706 629 3758 δὲ
662 3708 755 3759 καὶ
783 3705 879 3778 τὴν
910 3708 1204 3779 ἐπιθυμίαν
1238 3709 1637 3781 ύωϐεϐηκέναι

101 3792 234 3854 φασὶν
251 3832 264 3856 ,
289 3796 625 3867 ἑκατέρωθεν
645 3797 705 3850 τὸ
732 3798 1067 3869 διανοητικὺν
1093 3800 1192 3871 τῆς
1220 3800 1397 3871 ψυχῆς
1421 3802 1640 3872 ὑπερεί-

98 3877 284 3935 δουσαψ
308 3886 396 3938 τὸν
426 3887 483 3940 δὲ
524 3888 785 3959 λογισμὸν
825 3889 1153 3962 ἀμφοτέροις
1204 3893 1601 3963 ὲπεζευγμένον
1622 3934 1636 3957 ,

102 3972 305 4043 συνέχειν
349 3994 407 4029 τε
458 3979 692 4041 αὐτοὺς,
748 3981 842 4032 καὶ
896 3981 1002 4033 ὑπὸ
1041 3982 1265 4036 ἐκείνων
1316 3984 1634 4054 ἀνέχεσθαι*

100 4065 209 4131 πρὸς
238 4068 328 4137 μὲν
373 4070 626 4141 ἀνδρείαν
655 4072 734 4143 τῷ
780 4072 936 4143 θυμῷ
972 4076 1334 4145 στομούμενον
1354 4117 1367 4141 ,
1419 4078 1555 4147 πρὸς
1583 4078 1640 4131 δὲ

98 4153 175 4222 τὴν
201 4159 282 4211 τοῦ
314 4160 518 4228 ἀγαθοῦ
570 4164 855 4232 μετουσίαν
894 4164 961 4216 δι’
992 4164 1286 4236 ἐπιθυμίας
1315 4166 1637 4238 ὑψούμενον.

101 4242 217 4309 Ἕως
253 4248 313 4301 ἂν
352 4246 444 4304 οῦν
496 4254 531 4322 η
570 4251 716 4323 ψυχὴ
752 4252 829 4323 τῷ
862 4254 1103 4323 σχήματι
1135 4255 1308 4325 τούτῳ
1354 4273 1638 4325 κατησφα-

97 4332 290 4410 λισμένη
312 4342 467 4413 τύχῃ,
493 4342 746 4415 καθάπερ
772 4344 883 4396 τισὶ
909 4345 1141 4413 γόμφοις
1164 4348 1274 4409 τοῖς
1295 4348 1414 4400 κατ’
1443 4347 1642 4418 ἀρετὴν

1667 1788 1710 1845 Β

1396 332 1486 386 DE
1522 332 1682 387 Vl'l‘A
1722 332 1993 389 MOYSIS.

3226 324 3332 381 554

1745 464 1858 503 sua:
1897 447 2342 503 admonuerunt?
2382 444 2632 518 quamvis
2672 445 2841 500 multa
2880 459 3097 516 quoque
3130 445 3329 514 priscis

1749 536 1857 590 illis
1885 536 2245 606 temporibus,
2269 551 2390 605 quae
2420 550 2526 590 non
2561 535 2733 604 magis
2763 545 2982 605 propter
3008 545 3325 604 pmsentes,

1747 627 1851 682 sub
1875 626 2075 695 quibus
2104 626 2322 697 ﬁebant,
2356 640 2517 695 quam
2553 634 2774 695 propter
2810 625 3044 689 futuros,
3081 627 3148 680 ad
3183 641 3326 696 quo.

1747 735 1868 775 rum
1916 720 2209 773 utilitatem
2236 720 2399 773 altius
2425 718 2707 774 reductam
2755 717 3152 787 intelliguntur,
3182 719 3327 774 facta

1747 809 1939 875 fuisse,
1979 825 2086 864 non
2134 809 2518 864 dubitaverim.
2568 808 2711 874 Quid
2760 824 2891 878 ergo
2935 809 3035 862 hac
3083 809 3326 863 historia:

1747 898 1913 969 ligura
1944 899 2243 954 docemur?
2275 898 2419 969 quod
2456 904 2705 967 Oporteat
2740 898 2944 967 primas
2966 899 3324 968 cogitationes

1744 995 1803 1043 et
1835 990 2009 1058 prima
2045 989 2310 1059 peccandi
2356 987 2532 1050 initia,
2582 996 2635 1042 et
2663 988 2781 1043 vias
2822 988 3027 1056 primas
3063 990 3324 1044 radicitus

1746 1078 1957 1133 tollere.
1996 1079 2129 1132 Nam
2160 1078 2253 1148 qui
2290 1075 2561 1147 principia
2590 1075 2876 1138 destruxit,
2907 1076 2954 1129 is
2982 1076 3126 1145 quod
3156 1090 3224 1130 ex
3257 1077 3325 1137 iis

1744 1169 2015 1238 sequitur,
2049 1167 2213 1222 simul
2237 1166 2454 1229 delevit,
2490 1166 2634 1220 sicut
2666 1165 2930 1219 Dominus
2952 1181 3048 1235 per
3078 1165 3326 1237 Evange-

1743 1258 1878 1313 lium
1926 1273 2026 1314 nos
2057 1258 2237 1322 docet,
2285 1258 2677 1327 propemodum
2728 1257 2878 1309 clara
2919 1270 3054 1331 voce
3096 1272 3196 1311 nos
3229 1256 3323 1311 ad-

1742 1365 2005 1417 monens,
2083 1358 2144 1405 ut
2194 1348 2576 1420 Egyptiorum
2640 1348 2908 1401 malorum
2967 1348 3325 1419 primogenita

1742 1439 2156 1501 interimamus,
2222 1436 2351 1491 dum
2390 1436 2577 1505 jubet,
2642 1442 2701 1489 ut
2752 1435 3103 1504 cupiditatem
3165 1446 3327 1504 atque

1741 1527 1878 1581 iram
1911 1526 2130 1596 penitus
2160 1525 2602 1595 exstinguamus,
2646 1539 2748 1577 nec
2788 1522 3045 1592 deinceps
3078 1522 3327 1576 adulterii

1740 1618 2098 1688 pollutionem
2154 1627 2251 1670 aut
2296 1616 2580 1670 homicidii
2629 1616 2812 1671 scelus
2859 1614 3324 1681 rel’ormidemus;

1741 1720 2024 1776 nunquam
2070 1706 2215 1760 enim
2273 1703 2481 1774 aliquid
2528 1703 2722 1757 horum
2771 1702 2905 1757 oriri
2957 1710 3170 1773 potest,
3222 1704 3325 1758 nisi

1737 1797 1968 1851 alterum
2022 1811 2087 1851 ex
2152 1796 2255 1860 ira,
2307 1796 2540 1849 alterum
2584 1809 2652 1848 ex
2700 1793 2997 1861 cupiditate
3043 1800 3324 1848 nascatur.

1739 1880 1844 1947 Qui
1883 1882 2307 1953 primogenitum
2341 1881 2625 1946 interimit,
2653 1882 2700 1936 is
2741 1889 2957 1950 partum
2987 1897 3207 1951 quoque
3231 1882 3324 1951 qui

1737 1991 1802 2030 ex
1845 1975 2208 2045 primogenito
2241 1976 2507 2037 nascitur,
2544 1973 2709 2027 simul
2750 1973 3034 2027 interimit.
3084 1972 3237 2027 Sicut
3268 1974 3323 2028 in

1736 2064 2040 2119 occidendo
2072 2072 2346 2133 serpente,
2371 2066 2462 2134 qui
2497 2071 2661 2133 caput
2695 2063 2970 2133 oppressit
3006 2071 3169 2132 atque
3208 2078 3327 2132 per-

1737 2155 1932 2220 cussit,
1993 2154 2041 2209 is
2101 2162 2275 2208 totum
2334 2154 2481 2223 quod
2529 2167 2560 2206 a
2612 2154 2790 2223 capite
2835 2153 3072 2207 trahitur
3119 2168 3323 2223 corpus

1737 2241 2106 2308 mortiﬁcavit,
2155 2243 2301 2313 quod
2358 2242 2583 2297 minime
2630 2257 2870 2312 unquam
2933 2242 3050 2295 ﬁeri
3097 2245 3320 2312 poterit,

1738 2336 1846 2391 nisi
1890 2335 2117 2406 sanguis
2149 2338 2201 2389 in
2241 2335 2399 2390 ostiis
2440 2334 2780 2396 infundatur,
2818 2332 2912 2402 qui
2943 2348 3321 2402 percussorem

1738 2429 1898 2482 facile
1927 2428 2156 2496 repellit.
2194 2427 2253 2481 ιιι
2285 2442 2415 2497 ergo
2442 2434 2737 2495 utrumque
2766 2425 2821 2479 in
2873 2439 3039 2478 unum
3083 2438 3324 2494 compte-

1738 2527 1994 2575 ctamur:
2031 2521 2113 2575 sic
2159 2521 2303 2573 enim
2356 2519 2564 2574 rectius
2602 2533 2668 2572 ac
2710 2517 3041 2587 exquisitius
3082 2532 3325 2586 expone-

1738 2616 1847 2663 tur.
1876 2608 2372 2678 Primogenitorum
2416 2623 2549 2663 nece
2574 2617 2650 2662 'et
2687 2607 2925 2676 postium
2968 2622 3066 2675 per
3099 2608 3321 2676 sangui-

1738 2713 1862 2753 nem
1910 2700 2156 2753 custodia
2192 2699 2479 2762 discimus,
2518 2706 2573 2753 et
2619 2698 2770 2752 illinc
2811 2698 3016 2765 primas
3057 2700 3320 2753 vitiorum

1739 2789 2100 2858 appetitiooes
2145 2790 2443 2853 tollendas,
2488 2797 2541 2843 et
2594 2790 2720 2844 hinc
2773 2790 3011 2859 primum
3062 2789 3320 2844 vitiorum

1739 2881 2003 2935 adversus
2035 2895 2134 2935 nos
2158 2882 2361 2935 aditum
2383 2897 2480 2951 per
2502 2896 2690 2955 verum
2718 2895 2916 2951 agnum
2948 2882 3321 2950 repellendum

1739 2987 1860 3026 esse
1903 2972 2297 3041 intelligimus;
2333 2987 2442 3025 non
2481 2972 2626 3025 enim
2675 2970 2983 3039 ingressum
3031 2984 3323 3039 percusso-

1740 3077 1855 3117 rem
1895 3062 2118 3132 ejicere,
2146 3062 2240 3118 sed
2274 3079 2343 3118 ne
2371 3062 2596 3117 omnino
2632 3061 3100 3131 subiugrediatur,
3129 3076 3325 3117 cavere

1740 3151 1824 3205 lex
1850 3150 2025 3220 jubet.
2076 3150 2270 3204 Cautio
2319 3160 2496 3204 autem
2538 3158 2592 3204 et
2644 3150 2891 3204 custodia
2937 3156 3053 3203 tuta
3104 3157 3209 3212 est,
3262 3156 3325 3203 ut

1738 3243 1860 3312 agni
1906 3242 2173 3312 sanguine
2216 3240 2637 3310 superliminare
2676 3239 2839 3294 simul
2883 3247 2939 3293 et
2974 3247 3159 3308 postes
3196 3254 3325 3309 per-

1740 3332 2151 3402 ungamus:ita
2196 3346 2293 3402 per
2342 3334 2631 3401 aenigmata
2674 3345 2774 3385 nos
2827 3344 2892 3383 ea
2952 3331 3036 3383 lex
3076 3329 3321 3395 instruit,

1738 3424 1924 3481 saeculi
1975 3438 2191 3493 quoque
2241 3422 2489 3477 doctrina
2539 3421 2972 3491 philosophatur.
3025 3419 3160 3474 Nam
3201 3422 3324 3474 aui-

1739 3529 1882 3568 mam
1922 3514 1975 3567 in
2017 3513 2302 3576 rationale,
2334 3510 2768 3580 concupiscibile
2804 3524 2870 3563 ac
2894 3510 3167 3564 irascibile
3198 3511 3323 3580 phi-

1740 3604 1953 3673 losophi
1986 3604 2302 3672 partiuntur
2333 3618 2346 3654 :
2374 3614 2608 3670 quorum
2652 3599 2763 3652 duo
2793 3606 3092 3667 postrema,
3124 3598 3323 3654 irasci-

1739 3694 1846 3750 bile
1915 3696 2039 3749 dico
2095 3703 2152 3749 et
2222 3691 2685 3760 concupiscibile,
2740 3693 2971 3744 subesse
3026 3690 3197 3752 aiunt,
3258 3704 3325 3743 ac

1740 3794 2037 3856 utrumque
2063 3785 2332 3839 rationale
2361 3783 2640 3839 sustinere
2667 3800 2680 3836 :
2703 3779 2973 3834 rationale
2996 3795 3125 3834 vero
3154 3780 3325 3834 utris—-

1739 3893 1847 3948 que
1892 3878 2137 3931 innixum
2180 3885 2413 3944 utraque
2469 3873 2788 3935 continere,
2850 3881 2903 3928 et
2954 3873 3023 3927 ab
3071 3874 3323 3942 utrisque

1743 3969 2031 4032 sustineri,
2074 3976 2134 4021 ut
2154 3968 2219 4021 ad
2252 3966 2469 4020 fortiter
2494 3964 2716 4034 quidem
2753 3964 3020 4034 agendum
3060 3979 3157 4033 per
3181 3964 3321 4018 iram

1751 4063 2024 4119 excitetur
2058 4074 2122 4114 ac
2167 4060 2477 4122 rohoretur,
2514 4055 2582 4109 ad
2618 4056 2746 4109 boni
2781 4063 2961 4109 autem
3005 4055 3321 4109 lruitionem

1742 4152 2191 4222 concupiscentia
2240 4148 2522 4205 ell‘eratur.
2576 4147 2878 4218 Quousque
2932 4147 3100 4217 igitur
3142 4149 3325 4203 anima

1742 4247 1850 4300 hoc
1889 4246 2083 4300 ordine
2117 4244 2352 4313 scipsam
2399 4248 2630 4306 tutatur,
2681 4241 2849 4295 rectis
2895 4240 3324 4310 cogitationibus

1744 4335 1904 4406 quasi
1934 4332 2262 4403 quibusdam
2293 4331 2488 4392 clavis,
2524 4330 2673 4383 hunc
2704 4331 2935 4384 istorum
2966 4331 3131 4384 trium
3171 4331 3323 4385 ordi-

99 4406 299 4499 ἰοήμασι
340 4406 661 4506 τόν-βέϐαιον
694 4406 932 4504 ε’χουσα,
974 4406 1045 4487 ἐν-
1081 4406 1228 4506 πασῃ
1256 4406 1347 4489 ’δι’
1400 4406 1640 4507 ἀλλήλων

1749 4444 1871 4483 nem
1898 4439 2230 4482 conservans
2253 4463 2268 4488 ,
2301 4424 2533 4477 alterum
2564 4424 2632 4477 ab
2661 4406 2835 4478 altero
2868 4424 3046 4492 quoad
3102 4425 3323 4479 virtutis

96 4514 269 4577 γίνεται
296 4524 360 4591 τῇ
395 4522 535 4592 πρὸς
570 4521 630 4574 τὸ
658 4521 818 4575 καλὸν
853 4523 1112 4593 συνεργία
1135 4541 1147 4553 ·
1185 4525 1513 4595 παρέχοντος
1542 4526 1639 4597 ἤδη

96 4604 147 4655 δι’
176 4608 352 4664 ἑαυτοῦ
374 4616 488 4676 τοῖς
521 4611 888 4680 ὑποϐεϐηκόσι
916 4612 1009 4666 τοῦ
1051 4613 1311 4684 λογισμοῦ
1346 4615 1444 4686 τὴν
1466 4615 1643 4685 ἀσφά·

95 4693 233 4761 λειαν,
258 4704 347 4754 καὶ
389 4705 448 4755 ἐν
485 4702 567 4773 τῷ
604 4701 757 4772 μέρει
792 4704 922 4772 παρ’
953 4703 1175 4756 ἐκείνων
1197 4705 1296 4773 τὴν
1331 4703 1450 4773 ἴσην
1481 4704 1641 4776 χάριν

96 4788 571 4861 ἀναλαμϐάνοντος.
622 4795 683 4846 El
713 4794 767 4847 δὲ
802 4794 1173 4865 ἀναστραφείη
1203 4796 1263 4848 τὸ
1296 4796 1483 4865 σχῆμα
1504 4837 1517 4860 ,
1549 4795 1641 4849 καὶ

93 4876 146 4928 τὶ
183 4880 285 4934 ἂνω
334 4883 548 4951 γένοιτο
593 4884 777 4949 κάτω,
828 4883 968 4937 ὥστε
1015 4884 1158 4938 κατὰ
1200 4885 1260 4938 τὸ
1305 4886 1643 4956 πατούμενον

96 4967 232 5038 μέρος
257 4973 340 5025 τον
370 4974 632 5045 λογισμὸν
659 4976 892 5030 πεσόντα
923 4976 1036 5028 ἄνω
1065 4975 1259 5029 ἑαυτοῦ
1292 4976 1515 5046 ποιῆσαι
1544 4975 1641 5048 τὴν

93 5056 463 5133 ἐπιθυμητικήν
506 5080 569 5116 τε
616 5065 709 5116 καὶ
736 5063 955 5134 θυμιῖλδη
993 5064 1260 5117 διάθεσιν·
1314 5064 1432 5117 τότε
1466 5065 1495 5117 ό
1524 5064 1642 5118 ὀλο-

94 5145 269 5214 θρεύων
315 5154 393 5217 εἱς
425 5155 497 5209 τὰ
529 5155 680 5217 ἐντὸς
726 5155 1092 5224 παραδύεται,
1131 5155 1399 5226 μηδεμιᾶς
1445 5155 1545 5226 τῆς
1574 5157 1638 5209 ὲκ

90 5238 166 5292 τοῦ
208 5243 430 5313 αἵματος
481 5244 837 5308 ἀντιπαθείας
869 5244 1281 5315 ἀντιϐαινούσης
1312 5246 1461 5316 αὐτῷ
1504 5246 1640 5316 πρὸς

90 5330 170 5396 τὶν
212 5336 439 5401 εἴσοδον,
499 5337 782 5401 τουτέστι,
807 5340 918 5400 τοῖς
952 5336 1095 5390 οῦτω
1145 5337 1509 5408 διακειμένοις
1544 5338 1641 5407 τῆς

89 5422 154 5484 εἰς
183 5424 398 5496 Χριστὸν
444 5428 683 5490 πίστεως
729 5428 1142 5498 συμμαχούσης.
1189 5429 1278 5499 Τῷ
1313 5428 1423 5498 γὰρ
1450 5428 1640 5499 αἵματι

87 5515 274 5580 πρῶτον
299 5518 614 5586 ὲπαλείςεειν
642 5517 849 5570 κελεύει
870 5518 968 5588 τὴν
997 5518 1109 5572 ἄνω
1138 5517 1319 5586 φλιάν,
1350 5514 1447 5570 εἴθ’
1472 5518 1643 5580 οὕτως

87 5603 429 5676 ἐπιθιγγάνειν
474 5608 587 5662 τῶν
616 5606 869 5678 σταθμῶν
901 5608 1259 5679 ἑκατέρωθεν.
1296 5609 1419 5672 Πῶς
1449 5609 1513 5662 ἂν
1547 5605 1640 5663 οὖν

87 5710 153 5750 τις
181 5699 476 5769 ἐπαλεέψειε
511 5700 571 5752 τὸ
614 5698 725 5751 ἀνω
756 5696 997 5767 πρῶτον,
1042 5700 1102 5750 τὸ
1147 5699 1220 5770 μὴ
1253 5700 1637 5770 εὑριῖκ-Ζμενον

1749 4522 1953 4576 cultum
2010 4517 2368 4586 coadjuvatur
2395 4535 2407 4570 :
2437 4518 2579 4569 ratio
2619 4517 2763 4571 enim
2815 4516 3089 4571 irascendi
3119 4525 3174 4572 et
3223 4533 3323 4572 cu-

1750 4613 1932 4683 piendi
1966 4612 2073 4665 vim
2120 4612 2186 4665 ad
2224 4611 2427 4665 bonum
2459 4610 2670 4679 dirigit,
2705 4617 2760 4665 ct
2806 4610 2874 4664 ab
2924 4611 3056 4673 illis,
3087 4619 3147 4665 ut
3177 4610 3323 4667 dixi-

1748 4717 1893 4763 mus,
1923 4700 2334 4755 corroboratur.
2372 4698 2428 4752 Si
2464 4714 2593 4753 vero
2621 4700 2668 4753 is
2705 4701 2840 4754 ordo
2869 4714 3172 4756 conversus
3200 4700 3323 4756 fne-

1748 4792 1841 4857 rit,
1872 4800 1926 4847 et
1954 4792 2099 4861 quod
2144 4806 2309 4860 supra
2351 4806 2476 4845 esse
2518 4790 2700 4853 debet,
2747 4791 3092 4860 subjiciatur,
3134 4799 3189 4847 et
3221 4808 3324 4846 cu-

1748 4885 1929 4953 piendi
1976 4898 2041 4936 ac
2086 4881 2357 4937 irascendi
2394 4882 2478 4936 vis
2529 4883 2795 4936 rationem
2842 4883 2909 4937 de
2949 4883 3068 4938 loco
3101 4897 3201 4938 suo
3230 4884 3326 4939 de-

1742 4976 1944 5046 jectam
1984 4975 2290 5037 conculcet,
2325 4980 2458 5027 tunc
2498 4989 2792 5043 percussor
2836 4975 3164 5044 ingreditur,
3193 4983 3322 5031 tunc

1746 5066 1896 5119 nulla
1925 5063 2210 5133 sanguinis
2241 5064 2322 5118 vis
2347 5062 2447 5132 ipsi
2480 5063 2719 5129 resistit;
2754 5065 2891 5117 nihil
2921 5065 3064 5119 enim
3091 5064 3225 5120 ﬁdes
3265 5065 3321 5119 in

1743 5157 2020 5212 Christum
2053 5155 2138 5210 his
2179 5155 2428 5223 prodest,
2467 5154 2563 5223 qui
2602 5157 2950 5224 perrersione
2981 5153 3145 5224 hujus
3173 5156 3322 5209 ordi-

1742 5246 1829 5300 nis
1858 5256 2307 5314 corrumpuntur.
2336 5243 2519 5298 Primo
2539 5245 2684 5300 enim
2710 5246 3133 5314 superliminare
3162 5246 3323 5300 inun-

1743 5337 2002 5408 gendum,
2030 5335 2227 5390 deinde
2258 5346 2551 5407 utrumque.
2596 5345 2805 5407 postem
2839 5336 3156 5407 tingendum
3196 5350 3323 5391 san-

1743 5432 1909 5502 guine
1968 5431 2145 5500 jubet.
2206 5429 2492 5496 Quomodo
2544 5430 2711 5497 igitur
2778 5430 2985 5498 poteris
3053 5426 3324 5482 rationem

1748 5521 1984 5590 primum
2036 5506 2239 5575 Christi
2278 5520 2381 5574 lide
2412 5519 2772 5581 communire,
2818 5532 2941 5570 cum
2983 5530 3104 5572 eam
3156 5529 3325 5586 supra

1747 5626 1991 5679 quaerere
2032 5610 2321 5680 juhearis‘l
2366 5610 2411 5663 si
2444 5623 2609 5676 supra
2660 5621 2781 5661 eam
2824 5607 2876 5659 in
2908 5605 3028 5660 loco
3063 5621 3166 5660 suo
3215 5619 3325 5660 non

1749 5704 2017 5769 invenies,
2059 5704 2211 5758 nullo
2256 5711 2407 5757 certe
2460 5700 2643 5755 modo.
2702 5697 2811 5755 Nec
2851 5707 2903 5754 te
2930 5700 3135 5764 turbet,
3181 5696 3327 5767 quod
