3888 6348
509 337 616 391 555

1695 337 1752 390 S.
1792 336 2120 392 GREGORII
2163 335 2455 392 NYSSENI

3665 326 3766 384 356

511 445 1000 516 primogenitorum
1031 443 1232 498 czedem
1279 443 1552 514 ASgyptiis
1597 447 1823 510 illatam,
1865 456 1918 500 et
1958 463 2085 501 sano

2195 447 2334 513 Ξνως
2370 448 2430 499 Et
2463 448 2517 500 δὲ
2553 447 2644 499 καὶ
2690 447 2764 517 μὴ
2805 447 2872 499 τὰ
2912 447 3006 500 δύο
3058 447 3166 508 τοῖς
3215 443 3576 516 Ἰσραηλίταις
3615 448 3770 516 γεγέ-

507 538 693 606 guinis
753 537 1076 592 effusionem
1149 545 1314 605 atque
1367 538 1738 593 inunctionem
1795 554 1824 591 a
1887 538 2087 593 Judaeis

507 628 732 690 factam,
784 629 836 680 in
885 643 1053 680 unum
1098 627 1478 693 contulimus;
1533 645 1678 684 unus
1731 631 1874 683 enim
1925 639 2090 700 atque

507 703 650 771 idem
698 717 862 770 homo
904 725 957 770 et
1004 715 1297 787 Egyptius
1339 728 1393 772 et
1441 718 1663 773 Judaans
1709 720 1974 774 varietate
2011 720 2088 773 vi-

506 808 668 862 vendi
703 819 756 861 et
799 809 949 860 varia
1002 811 1282 862 voluntate
1318 823 1382 864 ac
1434 810 1702 864 electione
1740 809 2086 878 intelligitur.

505 899 695 968 Itaque
730 899 773 952 si
813 897 1058 951 Judaeum
1093 900 1368 954 howinem
1417 916 1537 955 esse
1567 903 1766 954 virtute
1799 900 2086 968 praeditum

504 990 804 1046 secundum
837 989 1180 1059 spiritualcm
1226 1005 1448 1045 Sensum
1485 993 1763 1060 ponimus,
1805 1005 1914 1044 non
1955 1005 2089 1044 sane

505 1097 745 1151 congrue
775 1083 994 1136 virtutis
1020 1081 1229 1135 fetuum
1264 1083 1530 1152 principia
1572 1083 1760 1151 perimi
1795 1083 2086 1151 quisquam

504 1173 770 1243 requirat,
794 1173 891 1227 sed
922 1187 983 1226 ea
1014 1187 1248 1242 quorum
1282 1173 1537 1227 interitus
1569 1173 1739 1226 multo
1783 1176 1906 1241 plus
1940 1174 2088 1225 utili-

501 1267 631 1318 tatis
659 1278 821 1334 quam
847 1263 1103 1317 educatio
1132 1263 1398 1316 attulerit.

575 1533 982 1586 Convenienter
1029 1531 1195 1601 igitur
1239 1529 1512 1601 Egyptiaa
1562 1531 1732 1600 prolis
1785 1531 1937 1584 initia
1986 1531 2087 1585 tol-

505 1625 665 1679 lenda
698 1640 820 1678 esse
850 1624 1167 1686 didicimus,
1201 1632 1260 1676 ut
1283 1623 1498 1677 deﬁciat
1529 1623 1730 1676 malum
1757 1623 1870 1690 jam
1908 1623 2030 1677 inde
2055 1639 2084 1676 a

505 1715 824 1786 primordiis
858 1714 977 1769 suis
1007 1730 1037 1768 e
1072 1713 1252 1768 medio
1291 1714 1588 1768 sublatum.
1626 1713 1731 1767 Sed
1767 1721 1821 1768 et
1855 1715 2085 1784 quadrat

2189 555 2379 606 νηται,
2415 539 2547 608 ἥ-τε
2599 538 2708 590 τῶν
2747 538 3106 608 πρωτοτόκων
3151 536 3428 607 ἀναίρεσις
3471 539 3567 591 καὶ
3607 540 3642 608 ἡ
3676 540 3767 592 τοῦ

2189 627 2418 695 αἵματος
2463 627 2789 696 πρόσχυσις·
2827 626 2899 694 μὴ
2947 625 3233 696 θαυμάσῃς
3277 625 3470 695 μηδὲν,
3510 627 3650 696 μήτε
3685 627 3770 681 διὰ

2188 717 2343 769 τοῦτο
2368 716 2463 786 τὴν
2505 717 2854 769 ἀποδοθεῖσαν
2885 718 3131 786 περὶτῆς
3155 719 3488 788 ἀναιρέσεως
3534 719 3633 771 τοῦ
3673 738 3771 773 κσ-

2190 808 2285 860 κοῦ
2335 808 2565 878 θεωρίαν
2617 808 2923 876 ἀποϐἁλῃς,
2957 808 3032 869 ὼς
3071 808 3175 871 ἔξω
3204 810 3302 877 τῆς
3335 811 3592 878 ἀληθείας
3627 829 3770 882 παρ-

2189 906 2516 975 ευρημένην.
2559 905 2670 956 Νῦν
2706 903 2814 974 γὰρ
2850 907 2916 974 τῇ
2944 904 3172 974 διαφορᾷ
3198 905 3304 958 τῶν
3333 905 3646 975 ὀνομάτων,
3677 907 3768 959 τοῦ

2202 995 2592 1066 Ίσραηλιτικοῦ
2631 1013 2688 1046 τε
2721 996 2816 1046 καὶ
2847 995 2939 1046 τοῦ
2973 996 3300 1061 Αἰγυπτίου,
3335 998 3396 1047 τὸ
3425 996 3527 1065 τῆς
3568 999 3769 1067 ἀρετῆς

2189 1087 2326 1156 πρὸς
2355 1089 2453 1157 τὴν
2478 1088 2676 1139 κακίαν
2705 1088 2958 1156 διάφορον
2989 1088 3304 1157 ὲνοήσαμεν.
3335 1088 3396 1139 Εἰ
3423 1085 3515 1139 οὖν
3558 1089 3769 1158 Ἰσραη-

2187 1178 2389 1229 λιτικὺν
2420 1178 2508 1229 τὸν
2569 1179 2818 1246 ἐνάρετον
2865 1178 3186 1246 ἡάναγωγὴ
3230 1179 3370 1228 νοεῖν
3421 1176 3764 1230 ὑποτίθεται·

2187 1269 2284 1319 οὑκ
2312 1268 2374 1320 ἂν
2405 1268 2641 1335 εὐλόγως
2687 1268 2794 1318 τῶν
2844 1267 2944 1335 τῆς
3001 1267 3203 1337 ἀρετῆς
3261 1268 3619 1336 γεννημάτων
3669 1268 3766 1330 τὰς

2187 1359 2359 1427 ἀρχὰς
2405 1359 2684 1428 ἐπεζητοίη
2727 1376 2810 1420 τις
2859 1357 3352 1425 καταφονεύεσθαι,
3389 1358 3503 1409 ἀλλ’
3552 1360 3764 1420 ἐκεῖνα,

2187 1444 2260 1502 ὧν
2292 1453 2318 1501 ὁ
2344 1450 2646 1518 ἀφανισμὸς
2685 1449 2780 1517 τῆς
2811 1449 3120 1518 ἀνατροερῆς
3153 1450 3266 1501 ἐστι
3307 1449 3764 1520 λυσιτελέστερος.

2257 1541 2464 1593 Οὐκοῦν
2503 1540 2807 1602 ἀκολούθως
2833 1540 2931 1608 τῆς
2960 1541 3259 1606 Αἰγυπτίας
3288 1541 3451 1608 γονῆς
3472 1539 3572 1602 τὰς
3596 1539 3766 1610 ἀρχὰς

2185 1632 2293 1684 δεῖν
2344 1630 2715 1702 ἀναιρεῖσθαι,
2750 1632 2898 1701 παρᾶ
2931 1631 3022 1683 τοῦ
3062 1631 3195 1682 Θεοῦ
3227 1631 3629 1700 μεμαθήκαμεν
3651 1672 3665 1693 ,
3693 1631 3766 1693 ὡς

2188 1725 2252 1777 ἂν
2293 1724 2528 1776 ἐπιλίποι
2562 1723 2622 1774 τὺ
2665 1723 2833 1775 κακὸν
2879 1722 2954 1792 τῷ
2996 1723 3095 1789 τῆς
3126 1722 3296 1792 ἀρχῆς
3330 1721 3540 1793 ὀλέθρῳ
3574 1724 3763 1776 συνδα-

506 1785 752 1858 liistoria:
784 1819 982 1859 sensus
1019 1805 1141 1866 iste,
1178 1818 1302 1857 cum
1337 1803 1767 1858 lsraeliticorum
1794 1805 2082 1875 pignorum

2195 1816 2526 1885 πανώμενον.
2560 1816 2666 1868 Καὶ
2700 1814 2983 1886 συμϐαίνει
3010 1817 3074 1883 τῇ
3105 1815 3314 1885 ἱστορίᾳ
3338 1815 3394 1867 τὸ
3418 1814 3594 1885 νόημα
3613 1831 3629 1844 ⁸
3661 1815 3766 1867 τῶν

504 1896 850 1950 conservatio
885 1909 950 1948 ex
1001 1893 1176 1948 affusa
1227 1893 1476 1962 postibus
1513 1896 1780 1964 sanguine
1827 1897 2081 1965 pendeat,

504 1995 565 2040 ut
601 1985 668 2037 ad
715 1983 1007 2053 perfectam
1058 1991 1270 2038 :etatem
1325 1984 1524 2037 bonum
1585 1985 1881 2052 perveniat.
1929 1985 2084 2049 Quod

505 2097 635 2136 vero
695 2094 986 2151 postquam
1050 2077 1348 2148 perfectam
1407 2087 1620 2133 aetatem
1675 2076 1959 2146 attigerit,
2017 2075 2084 2130 ad

510 2172 822 2242 (Egyptium
875 2171 1134 2242 populum
1188 2171 1503 2240 pertinebit,
1548 2170 1648 2223 hoc
1686 2177 1976 2238 antequam
2032 2167 2086 2221 in

504 2264 652 2316 malo
691 2261 1068 2330 perﬁceretur,
1124 2275 1154 2314 e
1187 2259 1367 2313 medio
1416 2259 1691 2312 sublatum
1723 2268 1826 2312 est.
1867 2255 1974 2310 Sed
2019 2253 2087 2307 ad

510 2352 659 2406 hunc
693 2366 912 2421 quoque
948 2349 1290 2419 spiritualem
1327 2365 1571 2412 sensum,
1598 2364 1718 2419 qua:
1761 2357 2085 2416 sequuntur,

509 2441 744 2495 miriﬁce
776 2448 1111 2510 congruunt.
1167 2441 1331 2498 Jubet
1377 2440 1520 2494 enim
1560 2442 1956 2494 nutrimentum
1998 2455 2091 2493 as-

510 2531 837 2588 sumendum
899 2547 1054 2597 esse,
1115 2530 1172 2584 id
1228 2538 1346 2592 est,
1409 2545 1611 2599 corpus
1663 2531 1806 2585 unde
1867 2531 2090 2598 sanguis

507 2625 718 2682 effusus
750 2633 855 2688 est,
884 2641 994 2694 quo
1027 2625 1311 2694 repellitur
1344 2621 1726 2692 Egyptian-um
1774 2636 2088 2690 percussor,

508 2716 555 2772 si
593 2716 771 2770 aditus
817 2722 1061 2779 nostros,
1113 2713 1164 2766 id
1213 2723 1317 2778 est,
1368 2720 1479 2766 tres
1527 2712 1649 2766 illas
1702 2711 1900 2764 anima:
1946 2711 2090 2764 vires

508 2809 602 2862 illo
635 2808 877 2876 signatas
926 2805 1229 2875 prospexit.
1267 2804 1514 2868 Accedit,
1550 2803 1693 2872 quod
1729 2803 1924 2857 edendi
1969 2818 2090 2857 mo—

509 2895 642 2950 dum
692 2910 798 2948 non
841 2894 1133 2948 remissum
1173 2891 1462 2960 quemdam
1501 2893 1702 2953 tradit,
1750 2902 1808 2945 ut
1859 2892 1912 2944 in
1961 2907 2092 2946 con-

510 2986 672 3040 viviis
733 2985 848 3039 ﬁeri
905 2984 1063 3048 solet,
1122 2984 1216 3038 ubi
1269 2985 1513 3038 conviva:
1567 2985 1777 3048 sedent,
1837 2985 2091 3038 manibus

509 3076 720 3142 liberis,
748 3083 802 3130 et
830 3074 1058 3144 pedibus
1092 3091 1202 3128 non
1241 3074 1308 3128 ad
1345 3076 1448 3128 iter
1482 3075 1761 3138 calceatis,
1793 3082 1848 3129 et
1874 3076 1941 3128 ad
1978 3076 2092 3131 haec

509 3169 698 3225 effusis
750 3167 924 3222 induti
953 3167 1224 3222 vestibus.
1276 3165 1381 3220 Sed
1433 3175 1624 3220 contra
1672 3167 1830 3236 quasi
1875 3166 1943 3220 ad
1991 3168 2093 3221 iter

511 3260 677 3330 pedes
722 3259 892 3329 jussit
925 3257 1264 3313 comedendo
1307 3257 1510 3311 habere
1554 3257 1709 3312 duris
1752 3258 1952 3312 eulceis
1981 3259 2093 3312 cal-

511 3363 722 3416 ccatos,
774 3351 994 3422 cingulo
1032 3350 1296 3406 sustineri
1351 3365 1415 3404 ac
1445 3351 1734 3420 comprimi
1771 3362 1977 3406 vestem
2026 3367 2095 3406 ne

513 3442 844 3506 el'fimdatur,
895 3457 960 3496 ac
1014 3443 1069 3495 in
1124 3443 1379 3496 manibus
1431 3441 1686 3495 baculum
1731 3440 1927 3504 teneri,
1987 3458 2096 3513 quo

513 3550 678 3590 canes
746 3544 1041 3589 arceantur
1065 3534 1134 3587 ".
1206 3535 1264 3586 In
1331 3533 1431 3586 hac
1493 3533 1678 3602 itaque
1735 3533 2096 3603 dispositione

514 3633 839 3690 festinanter
861 3646 1059 3702 agnum
1093 3629 1381 3685 comedere
1404 3629 1688 3698 iubentur,
1722 3647 1831 3683 non
1865 3645 2094 3700 operosa

513 3735 817 3790 coquorum
868 3728 987 3772 arte
1040 3725 1426 3788 praeparatum,
1489 3715 1585 3771 sed
1610 3717 1721 3788 igni
1770 3727 1828 3771 ut
1868 3719 2096 3788 contigit

513 3827 740 3873 assum,
805 3818 860 3865 et
916 3825 1040 3864 cum
1111 3809 1259 3862 omni
1319 3810 1602 3864 celeritate
1669 3809 1868 3879 raptim
1943 3811 2095 3863 illum

515 3905 827 3965 absumere,
866 3916 1154 3970 quousque
1198 3909 1369 3956 totum
1421 3901 1676 3955 animalis
1718 3917 1919 3971 corpus
1965 3917 2099 3956 con-

515 4002 795 4065 sumptum
866 3992 1071 4056 fuerit,
1136 3991 1376 4060 dumque
1431 4007 1497 4046 ex
1559 3991 1628 4045 iis
1695 4007 1816 4060 qua:
1877 3994 2097 4049 ossibus

517 4086 831 4148 adhaerent,
904 4082 1204 4138 comedunt
1247 4081 1516 4152 quidquid
1580 4085 1920 4139 esculentum
1981 4093 2095 4154 est,

516 4187 571 4231 et
637 4176 706 4232 ab
758 4190 826 4229 eo
896 4173 1043 4245 quod
1125 4173 1273 4228 intus
1335 4182 1419 4227 est
1481 4173 1794 4241 abstinent;
1855 4177 2098 4247 proliibi-

520 4278 632 4322 tum
690 4266 834 4320 enim
898 4274 984 4319 est
1049 4279 1118 4318 ne
1183 4279 1310 4319 ossa
1378 4265 1828 4319 comminnantur
1887 4270 2097 4323 anima-

517 4359 588 4414 lis
635 4357 833 4426 hujus.
889 4355 982 4411 sed
1028 4355 1172 4426 quod
1226 4373 1291 4409 ex
1357 4355 1446 4409 illa
1491 4358 1914 4416 manducatione
1966 4361 2098 4416 reli-

2191 1909 2287 1977 μὲν
2346 1907 2749 1977 Ἰσραηλιτικῶν
2789 1905 3142 1975 γεννημάτων
3175 1907 3262 1958 διὰ
3294 1907 3390 1976 τῆς
3421 1906 3514 1958 τοῦ
3538 1907 3767 1976 αἵματος

2189 1999 2537 2068 προσχύσεως
2562 1999 2765 2065 γίνεται
2796 2000 2828 2068 ἠ
2861 2002 3090 2069 φρουρὰ,
3121 2002 3274 2060 ὅπως
3297 1999 3362 2051 ἂν
3385 2001 3463 2061 είς
3493 1999 3766 2051 τελείωσιν

2188 2089 2248 2141 τὸ
2291 2089 2490 2157 ἀγαθὸν
2535 2089 2682 2160 ἔλθῃ.
2717 2089 2894 2160 Ὅπερ
2933 2092 2989 2142 δὲ
3036 2089 3315 2142 τελειωοὲν
3360 2092 3438 2149 είς
3473 2090 3768 2156 Αίγύπτιον

2192 2179 2494 2230 συντελέσει
2537 2179 2733 2248 δῆμον,
2791 2179 2946 2232 τοῦτο
2995 2181 3097 2250 πρό
3143 2177 3240 2248 τῆς
3282 2182 3338 2232 ἐν
3370 2179 3445 2249 τῷ
3476 2181 3631 2250 κακῷ
3676 2199 3766 2232 τε-

2189 2268 2457 2330 λειώσεως
2492 2268 2782 2338 ἠφανίσθη.
2839 2271 3096 2339 Συνεργεῖ
3140 2270 3194 2322 δὲ
3237 2271 3371 2341 πρὸς
3400 2271 3498 2341 τὴν
3546 2287 3766 2341 προκει-

2195 2357 2360 2426 μένην
2392 2357 2543 2426 ἡμῶν
2578 2357 2868 2426 ἀναγωγὴν
2913 2357 3004 2410 τοῦ
3033 2359 3303 2428 νοήματος
3337 2361 3429 2410 καὶ
3461 2359 3528 2412 τὰ
3569 2359 3765 2428 ἑφεξῆς

2195 2448 2841 2517 συμπαραλαμϐανόμενα
2887 2451 2951 2518 τῇ
2993 2448 3195 2518 Θεωρία
3232 2447 3325 2500 τοῦ
3357 2448 3536 2514 λόγου.
3577 2449 3768 2501 Βούλε-

2190 2554 2279 2589 ται
2310 2537 2416 2605 γὰρ
2443 2538 2646 2606 τροφὴν
2667 2537 2820 2605 ἡμῶν
2849 2535 3102 2602 γενέσθαι
3132 2535 3190 2587 τὸ
3231 2535 3417 2604 σῶμα,
3442 2534 3563 2587 ὅθεν
3593 2536 3764 2606 ἁπερ-

2193 2629 2294 2698 ρύη
2339 2629 2396 2680 τὺ
2428 2625 2597 2697 αἷμα,
2643 2628 2671 2679 ὃ
2697 2628 2916 2698 χωρίζει
2940 2627 3034 2679 τοῦ
3077 2625 3392 2696 ὀλοθρευτοῦ
3443 2626 3550 2678 τῶν
3600 2627 3768 2694 Δίγυ-

2194 2718 2383 2780 πτίων,
2428 2718 2518 2769 ἐπὶ
2550 2716 2654 2769 τῶν
2709 2717 2925 2768 εἰσόδων
2973 2715 3337 2785 δεικνύμενον.
3372 2715 3443 2767 Τό
3481 2733 3536 2768 τε
3572 2715 3758 2786 σχῆμα

2191 2809 2299 2861 τῶν
2327 2810 2422 2878 τὴν
2461 2807 2662 2878 τροφὴν
2687 2807 2888 2877 ταύτην
2921 2807 3399 2876 προσφερομένων,
3427 2806 3678 2860 σύντονον
3709 2823 3766 2858 τε

2193 2903 2286 2953 καὶ
2312 2899 2852 2968 κατεσπουδασμένον
2887 2893 3044 2963 εἶναι,
3073 2899 3170 2966 οὑχ
3206 2893 3316 2950 οἷον
3347 2897 3440 2950 ἐπὶ
3461 2897 3571 2949 τῶν
3599 2898 3768 2949 εὐπα-

2191 2993 2427 3046 θούντων
2455 2993 2510 3043 ὲν
2541 2989 2858 3060 συμποσίοις
2894 2991 3112 3060 ὁρᾶται*
3149 2984 3223 3040 ὧν
3250 2990 3425 3042 ἄνετοι
3456 2988 3552 3056 μὲν
3575 2989 3631 3039 αἱ
3658 2990 3768 3056 χεῖ-

2199 3099 2321 3152 ρες,
2360 3081 2592 3151 ἐλαφραὶ
2637 3079 2694 3132 δὲ
2745 3080 2976 3148 ἱματίων
3015 3078 3290 3142 ἐπιϐολαὶ,
3325 3079 3421 3147 τῆς
3451 3094 3514 3129 τε
3560 3076 3769 3130 660nm-

2202 3175 2358 3244 ρικῆς
2400 3173 2750 3243 παρασκευῆς
2782 3173 2831 3224 οί
2872 3173 3027 3234 πόδες
3073 3170 3375 3239 ἐλεύθεροι*
3425 3169 3538 3222 ἀλλ’
3573 3172 3637 3222 ἐκ
3676 3167 3768 3221 τοῦ

2196 3266 2437 3319 ἐναντίου
2465 3267 2534 3318 τὰ
2561 3268 2757 3319 πάντα.
2791 3265 2954 3326 Πόδες
2984 3265 3083 3334 μὲν
3110 3264 3476 3334 διειλημμένοι
3501 3265 3610 3325 τοῖς
3634 3264 3768 3314 ὑπο-

2195 3357 2434 3427 δήμασι,
2481 3355 2626 3424 ζώνη
2657 3355 2713 3407 δὲ
2759 3354 2818 3406 τὸ
2863 3355 3150 3424 περιρρέον
3191 3354 3283 3405 τοῦ
3312 3353 3534 3422 χιτῶνος
3565 3355 3629 3422 τῇ
3665 3353 3772 3415 ἰξυῖ

2197 3449 2602 3518 συσφίγγουσα,
2646 3447 2732 3498 διὰ
2759 3446 2938 3518 χειρὸς
2981 3445 3036 3498 δὲ
3066 3448 3098 3515 ἡ
3141 3445 3411 3515 ἁμυντικὴ
3449 3446 3558 3496 τῶν
3593 3445 3771 3496 κυνῶν

2199 3540 2490 3611 βακτηρία.
2533 3539 2642 3592 Καὶ
2696 3540 2753 3590 ὲν
2783 3538 2955 3607 τούτῳ
3005 3536 3081 3606 τῷ
3129 3537 3362 3606 σχήματι
3422 3533 3770 3604 προστίθεται

2197 3633 2380 3693 αὐτοῖς
2419 3632 2451 3700 ή
2480 3629 2679 3700 βρῶσις
2714 3630 2840 3682 ἄνευ
2880 3629 3021 3691 τινὸς
3049 3627 3413 3697 ὀψαρτυτικῆς
3435 3625 3735 3696 καρυκείας
3755 3667 3768 3689 ,

2197 3722 2290 3774 ἐπὶ
2313 3721 2484 3790 πυρὸς
2516 3719 2657 3774 κατὰ
2685 3719 2745 3771 τὸ
2784 3719 2995 3789 συμϐὰν
3017 3721 3078 3770 ἐκ
3107 3717 3199 3770 τοῦ
3220 3718 3619 3787 παρατυχόντος
3648 3734 3774 3786 σχε-

2197 3814 2482 3866 διασθείσα
2503 3852 2517 3875 ,
2549 3813 2614 3882 ἣν
2642 3810 2782 3863 κατὰ
2817 3812 2995 3862 πᾶσαν
3025 3807 3227 3871 ἕπειξιν
3267 3807 3549 3878 ἁρπαλέως
3571 3809 3619 3858 οί
3655 3806 3773 3858 δαι-

2189 3902 2424 3974 τύμονες
2468 3901 2950 3961 καταναλίσκουσι,
3000 3900 3190 3968 μέχρις
3216 3900 3279 3950 ἂν
3319 3897 3463 3951 ἅπαν
3485 3894 3771 3965 δαπανηθῇ

2197 3995 2290 4048 τοῦ
2322 3994 2459 4059 ζώου
2503 3994 2564 4045 τὸ
2599 3993 2790 4062 σῶμαο
2828 3992 2920 4043 καὶ⁹
2958 3990 3066 4043 τῶν
3116 3991 3316 4042 ὀστέων
3347 3986 3771 4059 περιεσθίοντες,

2197 4089 2319 4140 ὅσον
2349 4085 2625 4155 ἐδώδιμον,
2671 4083 2764 4136 τοῦ
2803 4083 2951 4144 ἐντὸς
2993 4081 3054 4134 οὑ
3100 4081 3521 4150 προσάπτονται.
3559 4078 3634 4130 Τὸ
3663 4078 3774 4148 γὰρ

2201 4177 2508 4248 συντρίϐειν
2534 4175 2623 4229 τοῦ
2655 4173 2796 4237 ζώου
2828 4173 3018 4226 τούτου
3042 4173 3108 4225 τὰ
3139 4173 3304 4231 ὀστᾶ,
3331 4172 3436 4223 τῶν
3468 4169 3772 4242 ἀπειρημέ-

2198 4290 2304 4324 νων
2350 4269 2527 4324 ὲστίν·
2568 4269 2596 4321 ὃ
2625 4286 2674 4320 τι
2709 4267 2752 4320 δ’
2792 4267 2858 4320 ἂν
2900 4264 3247 4334 ὑπολειφθείη
3271 4265 3367 4333 τῆς
3395 4262 3664 4333 βρώσεως,
3695 4261 3773 4330 τῷ

2203 4363 2335 4434 πυρὶ
2377 4361 2759 4431 δεδαπάνηται.
2798 4358 2887 4423 Ἐξ
2920 4349 2994 4409 ὧν
3034 4357 3287 4408 ἁπάντων
3309 4352 3465 4422 δῆλόν
3491 4355 3658 4412 ἐστιν,
3690 4352 3773 4402 ὅτι

517 4465 685 4518 quum
745 4447 930 4510 fuerit,
1002 4447 1113 4517 igni
1173 4448 1390 4501 tradere
1434 4447 1717 4516 jubentur.
1765 4451 1844 4506 Ex
1897 4453 2091 4523 quibus

2201 4457 2336 4524 πρός
2361 4471 2481 4507 τινα
2525 4452 2861 4523 ὑψηλοτέραν
2901 4449 3138 4500 διάνοιαν
3170 4447 3228 4498 τὸ
3261 4447 3494 4516 γράμμα
3548 4443 3734 4512 βλέπει
3758 4483 3771 4502 ,

517 4539 776 4591 omnibus
799 4535 1144 4590 manifestum
1175 4545 1260 4590 est
1291 4538 1455 4592 altius
1479 4541 1752 4608 quoddam
1793 4543 1896 4597 hoc
1917 4559 2097 4598 come-

517 4624 680 4678 dendi
713 4623 875 4678 modo
909 4625 1148 4681 voluisse
1191 4627 1559 4696 legislaturem
1595 4632 1750 4688 nobis
1785 4635 2093 4689 ostendere.

517 4715 657 4782 Quid
691 4717 833 4769 enim
889 4719 932 4770 si
969 4725 1171 4781 rectus,
1205 4734 1272 4771 an
1322 4719 1560 4777 sedens?
1591 4724 1636 4777 si
1663 4731 1721 4776 ut
1761 4724 1827 4778 ad
1858 4726 1960 4780 iter
1981 4728 2093 4780 cal-

517 4815 727 4870 ceatus,
760 4823 827 4861 an
859 4807 1052 4863 aliter?
1102 4809 1148 4863 si
1187 4809 1508 4864 festinanter
1535 4829 1602 4866 an
1641 4817 1887 4870 mature?
1916 4818 1960 4870 si
1996 4817 2086 4870 ba-

517 4901 698 4954 culum
727 4900 978 4954 manibus
1007 4908 1215 4965 teneas,
1250 4918 1316 4956 an
1355 4905 1500 4957 non"
1545 4906 1706 4972 Quid,
1747 4909 1993 4978 inquam,
2022 4911 2090 4966 ad

515 4994 771 5046 virtutem
805 4991 1108 5056 colendam,
1141 5001 1232 5045 aut
1265 4993 1514 5064 fugienda
1549 4998 1698 5063 vitia,
1739 5000 1884 5069 quod
1917 5002 2090 5054 maxi-

515 5099 602 5136 me
632 5083 834 5136 latores
858 5081 1034 5151 legum
1066 5082 1379 5151 respiciunt.
1406 5084 1520 5139 haec
1551 5087 1816 5141 afferunt?
1847 5090 2092 5159 profecto

517 5175 672 5228 nihil.
716 5174 828 5240 Cur
853 5174 1020 5242 igitur
1059 5173 1128 5227 ita
1173 5174 1339 5242 jussit
1384 5176 1540 5230 ﬁeri?
1588 5178 1703 5232 Nisi
1757 5182 2093 5250 spiritualem

516 5282 732 5321 sensum
806 5281 1116 5333 sequamur,
1175 5268 1376 5321 nullam
1427 5269 1672 5324 idoneam
1724 5272 2099 5327 sufficientem-

516 5374 620 5426 que
674 5371 894 5411 causam
934 5358 1233 5425 poterimus
1289 5375 1526 5428 unquam
1587 5363 1854 5417 invenire.
1915 5366 2098 5430 Quare

521 5455 663 5515 patet
711 5447 815 5499 huc
895 5449 1119 5502 viatoris
1152 5448 1339 5501 habitu
1371 5457 1424 5501 et
1475 5459 1736 5518 apparatu
1800 5454 2100 5524 signiﬁcari

520 5539 672 5605 quasi
742 5538 1067 5606 quibusdam
1157 5539 1482 5604 involucris,
1538 5542 1694 5608 plane
1764 5560 2099 5614 cognoscen-

591 5706 632 5736 ³’
663 5711 830 5765 Exod.
861 5729 957 5779 xtl,
995 5713 1083 5768 56.

2203 4547 2321 4615 οὐχὶ
2365 4545 2456 4597 τὸν
2502 4544 2700 4616 τρόπον
2748 4543 2846 4609 τῆς
2895 4539 3146 4611 βρώσεως
3197 4539 3324 4607 ἡμῖν
3393 4535 3772 4604 ὑφηγουμένου

2201 4637 2296 4689 τοῦ
2329 4635 2492 4706 νόμου
2533 4633 2750 4703 (ἱκανὸς
2793 4632 2899 4702 γὰρ
2949 4630 3055 4681 τῶν
3101 4627 3354 4680 τοιούτων
3397 4625 3693 4694 νομοθέτης
3739 4628 3770 4693 ἡ

2199 4727 2394 4796 φύσις,
2442 4726 2475 4795 ἠ
2524 4727 2620 4793 τὴν
2663 4723 2840 4792 ὄρεξιν
2895 4723 3026 4790 ἡμῖν
3069 4722 3166 4788 τῆς
3212 4717 3416 4786 τροφῆς
3461 4712 3774 4779 ἐντιθεῖσα),

2197 4819 2330 4872 ἀλλὰ
2374 4816 2559 4887 ἕτερόν
2595 4832 2645 4866 τι
2678 4815 2764 4866 διὰ
2803 4812 3002 4865 τούτων
3054 4809 3393 4879 σημαίνεται.
3449 4804 3514 4856 Τί
3555 4803 3662 4873 γὰρ
3711 4803 3775 4855 ἂν

2196 4910 2348 4981 παρὰ
2397 4909 2554 4960 τοῦτο
2599 4908 2805 4974 γένοιτο
2850 4904 2981 4974 πρὸς
3025 4899 3286 4974 ἁρετὴνῆ
3340 4898 3568 4976 κακίαν,
3604 4895 3776 4956 οὕτως

2193 5004 2226 5072 ἢ
2290 4999 2461 5062 οὕτως
2520 4998 2616 5068 τὴν
2665 4995 2867 5067 τροφὴν
2922 4991 3431 5063 προσενέγκασθαις
3487 4987 3778 5057 λελυμένον

2199 5094 2232 5165 ἢ
2289 5089 2744 5162 περιειλημμένον
2793 5090 2856 5157 τῇ
2912 5085 3093 5156 ζώνη,
3143 5082 3343 5151 γυμνὸν
3399 5082 3522 5142 τοὺς
3586 5078 3777 5142 πόδας,

2201 5187 2234 5255 ἦ
2269 5183 2653 5252 ὲνειλημμένον
2704 5182 2814 5241 τοῖς
2863 5177 3192 5246 ὑποδήμασι,
3222 5174 3309 5227 διὰ
3357 5172 3536 5242 χειρὸς
3587 5171 3775 5241 ἔχοντα

2203 5275 2303 5343 τὴν
2340 5269 2660 5341 βακτηρίαν,
2702 5268 2734 5339 ἢ
2777 5265 3141 5335 ἀποθέμενον;
3193 5261 3352 5313 Ἀλλὰ
3383 5260 3540 5330 δῆλον
3569 5259 3634 5312 ἂν
3667 5259 3777 5328 εἵη.

2205 5367 2340 5434 ὅπερ
2372 5365 2404 5431 ἠ
2436 5361 2527 5413 τοῦ
2573 5355 2908 5428 ὁδοιπορικοῦ
2944 5356 3221 5425 σχήματος
3256 5350 3513 5421 διασκευὴ
3539 5350 3778 5403 δείκνυσι

2207 5455 2275 5505 δι’
2305 5455 2641 5522 αἰνίγματος.
2672 5450 2897 5503 Κελεύει
2934 5448 3042 5518 γὰρ
3074 5448 3330 5518 ἄντικρυς
3357 5445 3652 5514 ἐπιγνῶναι
3689 5444 3778 5496 τὸν

2207 5542 2306 5598 ᾆδε
2340 5546 2493 5614 βίον,
2532 5545 2611 5595 ὃτι
2651 5541 2956 5612 παροδικῶς
3014 5540 3380 5608 ἐπιφοιτῶμεν
3427 5543 3491 5600 τῇ
3535 5537 3775 5611 παρούσης
