  <div class='ocr_page' id='page_1' title='image "/cluster/home/n/w/nwhite01/storage/ocr_20150623/44:no.1/coo.31924054869445/186.png"; bbox 0 0 3888 6396; ppageno 0'>
   <div class='ocr_carea' id='block_1_1' title="bbox 232 322 1785 390">
    <p class='ocr_par' dir='ltr' id='par_1_1' title="bbox 232 322 1785 384">
     <span class='ocr_line' id='line_1_1' title="bbox 232 322 1785 384; baseline 0.005 -8"><span class='ocrx_word' id='word_1_1' title='bbox 232 322 328 377; x_wconf 80' lang='grc'><strong>557</strong></span> <span class='ocrx_word' id='word_1_2' title='bbox 1538 327 1626 382; x_wconf 86' lang='lat' dir='ltr'><strong>DE</strong></span> <span class='ocrx_word' id='word_1_3' title='bbox 1656 329 1785 384; x_wconf 73' lang='lat' dir='ltr'><strong>VIT;</strong></span> 
     </span>
    </p>
   </div>
   <div class='ocr_carea' id='block_1_2' title="bbox 1890 322 3496 390">
    <p class='ocr_par' dir='ltr' id='par_1_2' title="bbox 1890 329 3496 390">
     <span class='ocr_line' id='line_1_2' title="bbox 1890 329 3496 390; baseline 0.004 -7"><span class='ocrx_word' id='word_1_4' title='bbox 1890 329 2126 385; x_wconf 84' lang='lat' dir='ltr'><strong>IOYSIS.</strong></span> <span class='ocrx_word' id='word_1_5' title='bbox 3391 331 3496 390; x_wconf 76' lang='grc'><strong>558</strong></span> 
     </span>
    </p>
   </div>
   <div class='ocr_carea' id='block_1_3' title="bbox 232 430 1785 516">
    <p class='ocr_par' dir='ltr' id='par_1_3' title="bbox 232 430 1785 511">
     <span class='ocr_line' id='line_1_3' title="bbox 232 430 1785 511; baseline 0.006 -28"><span class='ocrx_word' id='word_1_6' title='bbox 232 430 505 503; x_wconf 76' lang='grc' dir='ltr'>ζωῇ,.ᾶμα</span> <span class='ocrx_word' id='word_1_7' title='bbox 529 435 598 503; x_wconf 82' lang='grc' dir='ltr'>τῇ</span> <span class='ocrx_word' id='word_1_8' title='bbox 629 433 838 501; x_wconf 83' lang='grc' dir='ltr'>γενέσει</span> <span class='ocrx_word' id='word_1_9' title='bbox 869 436 1001 506; x_wconf 86' lang='grc' dir='ltr'>πρὸς</span> <span class='ocrx_word' id='word_1_10' title='bbox 1030 435 1124 508; x_wconf 83' lang='grc' dir='ltr'>τὴν</span> <span class='ocrx_word' id='word_1_11' title='bbox 1157 437 1336 505; x_wconf 77' lang='grc' dir='ltr'>ἔξοδον</span> <span class='ocrx_word' id='word_1_12' title='bbox 1368 440 1459 493; x_wconf 75' lang='grc' dir='ltr'>ὑπ’</span> <span class='ocrx_word' id='word_1_13' title='bbox 1498 442 1670 510; x_wconf 74' lang='grc' dir='ltr'>αὐτῆς</span> <span class='ocrx_word' id='word_1_14' title='bbox 1703 442 1785 511; x_wconf 68' lang='grc' dir='ltr'><strong>τῆς</strong></span> 
     </span>
    </p>
   </div>
   <div class='ocr_carea' id='block_1_4' title="bbox 1890 430 3498 516">
    <p class='ocr_par' dir='ltr' id='par_1_4' title="bbox 1908 445 3498 516">
     <span class='ocr_line' id='line_1_4' title="bbox 1908 445 3498 516; baseline 0.002 -17"><span class='ocrx_word' id='word_1_15' title='bbox 1908 445 2032 499; x_wconf 88' lang='lat' dir='ltr'><strong>dam</strong></span> <span class='ocrx_word' id='word_1_16' title='bbox 2094 460 2217 501; x_wconf 87' lang='lat' dir='ltr'><strong>esse</strong></span> <span class='ocrx_word' id='word_1_17' title='bbox 2271 445 2434 499; x_wconf 85' lang='lat' dir='ltr'><strong>vitam</strong></span> <span class='ocrx_word' id='word_1_18' title='bbox 2504 454 2790 511; x_wconf 89' lang='lat' dir='ltr'><strong>nostram,</strong></span> <span class='ocrx_word' id='word_1_19' title='bbox 2855 445 3002 516; x_wconf 85' lang='lat' dir='ltr'><strong>quod</strong></span> <span class='ocrx_word' id='word_1_20' title='bbox 3082 445 3340 501; x_wconf 80' lang='lat' dir='ltr'><strong>nimirum</strong></span> <span class='ocrx_word' id='word_1_21' title='bbox 3426 449 3498 502; x_wconf 85' lang='lat' dir='ltr'><strong>ad</strong></span> 
     </span>
    </p>
   </div>
   <div class='ocr_carea' id='block_1_5' title="bbox 230 522 1785 600">
    <p class='ocr_par' dir='ltr' id='par_1_5' title="bbox 230 522 1785 599">
     <span class='ocr_line' id='line_1_5' title="bbox 230 522 1785 599; baseline 0.006 -24"><span class='ocrx_word' id='word_1_22' title='bbox 230 522 472 592; x_wconf 81' lang='grc' dir='ltr'>ἀνάγκης</span> <span class='ocrx_word' id='word_1_23' title='bbox 526 523 997 595; x_wconf 66' lang='grc' dir='ltr'><strong>συνελαυνόμενοι,</strong></span> <span class='ocrx_word' id='word_1_24' title='bbox 1051 529 1189 599; x_wconf 82' lang='grc' dir='ltr'>πρὸς</span> <span class='ocrx_word' id='word_1_25' title='bbox 1240 529 1307 599; x_wconf 78' lang='grc' dir='ltr'>ἢν</span> <span class='ocrx_word' id='word_1_26' title='bbox 1364 531 1785 599; x_wconf 83' lang='grc' dir='ltr'>παρεσκευάσθα</span> 
     </span>
    </p>
   </div>
   <div class='ocr_carea' id='block_1_6' title="bbox 1890 522 3495 600">
    <p class='ocr_par' dir='ltr' id='par_1_6' title="bbox 1910 537 3495 600">
     <span class='ocr_line' id='line_1_6' title="bbox 1910 537 3495 600; baseline 0.001 -10"><span class='ocrx_word' id='word_1_27' title='bbox 1910 537 2196 592; x_wconf 86' lang='lat' dir='ltr'><strong>visendum</strong></span> <span class='ocrx_word' id='word_1_28' title='bbox 2248 538 2426 593; x_wconf 93' lang='lat' dir='ltr'><strong>obiter</strong></span> <span class='ocrx_word' id='word_1_29' title='bbox 2479 538 2584 593; x_wconf 89' lang='lat' dir='ltr'><strong>boc</strong></span> <span class='ocrx_word' id='word_1_30' title='bbox 2613 554 2786 593; x_wconf 69' lang='lat' dir='ltr'><strong>aevum</strong></span> <span class='ocrx_word' id='word_1_31' title='bbox 2844 537 3182 600; x_wconf 85' lang='lat' dir='ltr'><strong>accedimus,</strong></span> <span class='ocrx_word' id='word_1_32' title='bbox 3230 545 3286 594; x_wconf 85' lang='lat' dir='ltr'><strong>et</strong></span> <span class='ocrx_word' id='word_1_33' title='bbox 3330 538 3495 593; x_wconf 83' lang='lat' dir='ltr'><strong>simul</strong></span> 
     </span>
    </p>
   </div>
   <div class='ocr_carea' id='block_1_7' title="bbox 231 615 1785 696">
    <p class='ocr_par' dir='ltr' id='par_1_7' title="bbox 231 615 1785 694">
     <span class='ocr_line' id='line_1_7' title="bbox 231 615 1785 694; baseline 0.008 -31"><span class='ocrx_word' id='word_1_34' title='bbox 231 615 331 684; x_wconf 79' lang='grc' dir='ltr'>χρὴ</span> <span class='ocrx_word' id='word_1_35' title='bbox 376 615 536 684; x_wconf 86' lang='grc' dir='ltr'>χερσί</span> <span class='ocrx_word' id='word_1_36' title='bbox 579 632 639 666; x_wconf 88' lang='grc' dir='ltr'><strong>τε</strong></span> <span class='ocrx_word' id='word_1_37' title='bbox 690 615 781 667; x_wconf 71' lang='grc' dir='ltr'><strong>καὶ</strong></span> <span class='ocrx_word' id='word_1_38' title='bbox 814 617 960 681; x_wconf 84' lang='grc' dir='ltr'>ποσὶ,</span> <span class='ocrx_word' id='word_1_39' title='bbox 997 619 1090 671; x_wconf 71' lang='grc' dir='ltr'><strong>καὶ</strong></span> <span class='ocrx_word' id='word_1_40' title='bbox 1130 622 1194 690; x_wconf 83' lang='grc' dir='ltr'>τῇ</span> <span class='ocrx_word' id='word_1_41' title='bbox 1242 620 1402 692; x_wconf 83' lang='grc' dir='ltr'>λοιπῇ</span> <span class='ocrx_word' id='word_1_42' title='bbox 1445 625 1510 691; x_wconf 80' lang='grc' dir='ltr'>τῇ</span> <span class='ocrx_word' id='word_1_43' title='bbox 1548 623 1685 692; x_wconf 79' lang='grc' dir='ltr'>πρὸς</span> <span class='ocrx_word' id='word_1_44' title='bbox 1707 625 1785 694; x_wconf 64' lang='grc' dir='ltr'><strong>τὴε</strong></span> 
     </span>
    </p>
   </div>
   <div class='ocr_carea' id='block_1_8' title="bbox 1890 615 3495 696">
    <p class='ocr_par' dir='ltr' id='par_1_8' title="bbox 1908 625 3495 696">
     <span class='ocr_line' id='line_1_8' title="bbox 1908 625 3495 696; baseline -0.001 -17"><span class='ocrx_word' id='word_1_45' title='bbox 1908 633 2074 694; x_wconf 76' lang='lat' dir='ltr'><strong>atque</strong></span> <span class='ocrx_word' id='word_1_46' title='bbox 2129 625 2241 679; x_wconf 88' lang='lat' dir='ltr'><strong>nati</strong></span> <span class='ocrx_word' id='word_1_47' title='bbox 2271 642 2488 691; x_wconf 88' lang='lat' dir='ltr'><strong>sumus,</strong></span> <span class='ocrx_word' id='word_1_48' title='bbox 2509 627 2576 680; x_wconf 87' lang='lat' dir='ltr'><strong>ad</strong></span> <span class='ocrx_word' id='word_1_49' title='bbox 2626 627 2834 680; x_wconf 79' lang='lat' dir='ltr'><strong>exitum</strong></span> <span class='ocrx_word' id='word_1_50' title='bbox 2890 626 3219 682; x_wconf 72' lang='lat' dir='ltr'><strong>necessitate</strong></span> <span class='ocrx_word' id='word_1_51' title='bbox 3260 626 3495 696; x_wconf 87' lang='lat' dir='ltr'><strong>quadam</strong></span> 
     </span>
    </p>
   </div>
   <div class='ocr_carea' id='block_1_9' title="bbox 229 703 1785 787">
    <p class='ocr_par' dir='ltr' id='par_1_9' title="bbox 229 703 1785 783">
     <span class='ocr_line' id='line_1_9' title="bbox 229 703 1785 783; baseline 0.008 -29"><span class='ocrx_word' id='word_1_52' title='bbox 229 703 341 754; x_wconf 81' lang='grc' dir='ltr'>ὁδὸν</span> <span class='ocrx_word' id='word_1_53' title='bbox 365 703 653 775; x_wconf 81' lang='grc' dir='ltr'>ἀσφαλείᾳ.</span> <span class='ocrx_word' id='word_1_54' title='bbox 686 705 793 757; x_wconf 76' lang='grc' dir='ltr'>Καὶ</span> <span class='ocrx_word' id='word_1_55' title='bbox 830 705 905 768; x_wconf 83' lang='grc' dir='ltr'>ὡς</span> <span class='ocrx_word' id='word_1_56' title='bbox 940 705 1006 759; x_wconf 81' lang='grc' dir='ltr'><strong>ἂν</strong></span> <span class='ocrx_word' id='word_1_57' title='bbox 1038 708 1111 779; x_wconf 82' lang='grc' dir='ltr'><strong>μὴ</strong></span> <span class='ocrx_word' id='word_1_58' title='bbox 1137 713 1254 774; x_wconf 87' lang='grc' dir='ltr'>ταῖς</span> <span class='ocrx_word' id='word_1_59' title='bbox 1277 711 1538 776; x_wconf 75' lang='grc' dir='ltr'><strong>ἀκάνθαις</strong></span> <span class='ocrx_word' id='word_1_60' title='bbox 1562 714 1655 766; x_wconf 84' lang='grc' dir='ltr'><strong>τοῦ</strong></span> <span class='ocrx_word' id='word_1_61' title='bbox 1687 714 1785 783; x_wconf 83' lang='grc' dir='ltr'>βίοι</span> 
     </span>
    </p>
   </div>
   <div class='ocr_carea' id='block_1_10' title="bbox 1890 703 3492 787">
    <p class='ocr_par' dir='ltr' id='par_1_10' title="bbox 1905 717 3492 787">
     <span class='ocr_line' id='line_1_10' title="bbox 1905 717 3492 787; baseline -0.001 -16"><span class='ocrx_word' id='word_1_62' title='bbox 1905 717 2307 787; x_wconf 84' lang='lat' dir='ltr'><strong>compellimur,</strong></span> <span class='ocrx_word' id='word_1_63' title='bbox 2339 717 2406 771; x_wconf 87' lang='lat' dir='ltr'><strong>ad</strong></span> <span class='ocrx_word' id='word_1_64' title='bbox 2433 733 2554 786; x_wconf 71' lang='lat' dir='ltr'><strong>qua:</strong></span> <span class='ocrx_word' id='word_1_65' title='bbox 2584 726 2919 786; x_wconf 67' lang='lat' dir='ltr'><strong>praeparatos</strong></span> <span class='ocrx_word' id='word_1_66' title='bbox 2954 732 3055 772; x_wconf 90' lang='lat' dir='ltr'><strong>nos</strong></span> <span class='ocrx_word' id='word_1_67' title='bbox 3097 732 3222 772; x_wconf 91' lang='lat' dir='ltr'><strong>esse</strong></span> <span class='ocrx_word' id='word_1_68' title='bbox 3251 718 3371 770; x_wconf 93' lang='lat' dir='ltr'><strong>vult</strong></span> <span class='ocrx_word' id='word_1_69' title='bbox 3397 731 3492 785; x_wconf 85' lang='lat' dir='ltr'><strong>pe-</strong></span> 
     </span>
    </p>
   </div>
   <div class='ocr_carea' id='block_1_11' title="bbox 226 792 1802 872">
    <p class='ocr_par' dir='ltr' id='par_1_11' title="bbox 226 792 1802 872">
     <span class='ocr_line' id='line_1_11' title="bbox 226 792 1802 872; baseline 0.01 -30"><span class='ocrx_word' id='word_1_70' title='bbox 226 792 411 844; x_wconf 79' lang='grc' dir='ltr'>τούτου</span> <span class='ocrx_word' id='word_1_71' title='bbox 459 792 711 859; x_wconf 76' lang='grc' dir='ltr'><strong>(ἄκανθαι</strong></span> <span class='ocrx_word' id='word_1_72' title='bbox 737 795 781 847; x_wconf 85' lang='grc' dir='ltr'>δ’</span> <span class='ocrx_word' id='word_1_73' title='bbox 822 795 888 849; x_wconf 81' lang='grc' dir='ltr'>ἂν</span> <span class='ocrx_word' id='word_1_74' title='bbox 914 792 1023 850; x_wconf 85' lang='grc' dir='ltr'>εἷεν</span> <span class='ocrx_word' id='word_1_75' title='bbox 1057 800 1111 851; x_wconf 89' lang='grc' dir='ltr'>αἱ</span> <span class='ocrx_word' id='word_1_76' title='bbox 1147 801 1433 870; x_wconf 78' lang='grc' dir='ltr'><strong>ἁμαρτίαι)</strong></span> <span class='ocrx_word' id='word_1_77' title='bbox 1474 806 1699 872; x_wconf 83' lang='grc' dir='ltr'>γυμνοῖς</span> <span class='ocrx_word' id='word_1_78' title='bbox 1743 822 1802 858; x_wconf 90' lang='grc' dir='ltr'><strong>τε</strong></span> 
     </span>
    </p>
   </div>
   <div class='ocr_carea' id='block_1_12' title="bbox 228 882 1801 963">
    <p class='ocr_par' dir='ltr' id='par_1_12' title="bbox 228 882 1801 963">
     <span class='ocr_line' id='line_1_12' title="bbox 228 882 1801 963; baseline 0.01 -30"><span class='ocrx_word' id='word_1_79' title='bbox 228 882 317 934; x_wconf 77' lang='grc' dir='ltr'><strong>καὶ</strong></span> <span class='ocrx_word' id='word_1_80' title='bbox 344 882 680 952; x_wconf 77' lang='grc' dir='ltr'><strong>ἀφυλάκτοις</strong></span> <span class='ocrx_word' id='word_1_81' title='bbox 710 889 821 948; x_wconf 85' lang='grc' dir='ltr'>τοῖς</span> <span class='ocrx_word' id='word_1_82' title='bbox 867 888 994 939; x_wconf 81' lang='grc' dir='ltr'>ποσὶ</span> <span class='ocrx_word' id='word_1_83' title='bbox 1033 887 1380 960; x_wconf 79' lang='grc' dir='ltr'>βλαϐείημεν,</span> <span class='ocrx_word' id='word_1_84' title='bbox 1409 892 1505 963; x_wconf 82' lang='grc' dir='ltr'>τὴν</span> <span class='ocrx_word' id='word_1_85' title='bbox 1536 894 1641 945; x_wconf 85' lang='grc' dir='ltr'><strong>τῶν</strong></span> <span class='ocrx_word' id='word_1_86' title='bbox 1668 896 1801 949; x_wconf 82' lang='grc' dir='ltr'>ὑπο-</span> 
     </span>
    </p>
   </div>
   <div class='ocr_carea' id='block_1_13' title="bbox 171 971 1798 1053">
    <p class='ocr_par' dir='ltr' id='par_1_13' title="bbox 171 971 1798 1053">
     <span class='ocr_line' id='line_1_13' title="bbox 171 971 1798 1053; baseline 0.008 -29"><span class='ocrx_word' id='word_1_87' title='bbox 171 1011 187 1030; x_wconf 82' lang='grc'><strong>,</strong></span> <span class='ocrx_word' id='word_1_88' title='bbox 223 971 479 1042; x_wconf 82' lang='grc' dir='ltr'>δημάτων</span> <span class='ocrx_word' id='word_1_89' title='bbox 538 975 873 1048; x_wconf 72' lang='grc' dir='ltr'>στερρότητα</span> <span class='ocrx_word' id='word_1_90' title='bbox 924 977 1034 1029; x_wconf 81' lang='grc' dir='ltr'>τῶν</span> <span class='ocrx_word' id='word_1_91' title='bbox 1107 979 1282 1032; x_wconf 83' lang='grc' dir='ltr'>ποδῶν</span> <span class='ocrx_word' id='word_1_92' title='bbox 1348 982 1798 1053; x_wconf 78' lang='grc' dir='ltr'>προϐαλλὼμεθα.</span> 
     </span>
    </p>
   </div>
   <div class='ocr_carea' id='block_1_14' title="bbox 224 1059 1797 1142">
    <p class='ocr_par' dir='ltr' id='par_1_14' title="bbox 224 1059 1797 1142">
     <span class='ocr_line' id='line_1_14' title="bbox 224 1059 1797 1142; baseline 0.009 -30"><span class='ocrx_word' id='word_1_93' title='bbox 224 1059 406 1114; x_wconf 86' lang='grc' dir='ltr'>Ταῦτα</span> <span class='ocrx_word' id='word_1_94' title='bbox 434 1061 492 1114; x_wconf 79' lang='grc' dir='ltr'>δέ</span> <span class='ocrx_word' id='word_1_95' title='bbox 528 1064 678 1115; x_wconf 75' lang='grc' dir='ltr'>ἐστιν</span> <span class='ocrx_word' id='word_1_96' title='bbox 706 1065 982 1134; x_wconf 77' lang='grc' dir='ltr'>ἐγκρατής</span> <span class='ocrx_word' id='word_1_97' title='bbox 1031 1083 1089 1118; x_wconf 87' lang='grc' dir='ltr'><strong>τε</strong></span> <span class='ocrx_word' id='word_1_98' title='bbox 1125 1068 1219 1120; x_wconf 78' lang='grc' dir='ltr'><strong>καὶ</strong></span> <span class='ocrx_word' id='word_1_99' title='bbox 1249 1071 1635 1140; x_wconf 79' lang='grc' dir='ltr'>κατεσκληκὼς</span> <span class='ocrx_word' id='word_1_100' title='bbox 1664 1073 1797 1142; x_wconf 84' lang='grc' dir='ltr'>βίος,</span> 
     </span>
    </p>
   </div>
   <div class='ocr_carea' id='block_1_15' title="bbox 223 1150 1798 1235">
    <p class='ocr_par' dir='ltr' id='par_1_15' title="bbox 223 1150 1798 1235">
     <span class='ocr_line' id='line_1_15' title="bbox 223 1150 1798 1235; baseline 0.01 -33"><span class='ocrx_word' id='word_1_101' title='bbox 223 1152 252 1203; x_wconf 88' lang='lat'><strong>6</strong></span> <span class='ocrx_word' id='word_1_102' title='bbox 277 1150 492 1222; x_wconf 79' lang='grc' dir='ltr'>θραύων</span> <span class='ocrx_word' id='word_1_103' title='bbox 530 1153 599 1204; x_wconf 85' lang='grc' dir='ltr'>δι’</span> <span class='ocrx_word' id='word_1_104' title='bbox 629 1154 822 1207; x_wconf 78' lang='grc' dir='ltr'>ἑαυτοῦ</span> <span class='ocrx_word' id='word_1_105' title='bbox 857 1157 949 1208; x_wconf 83' lang='grc' dir='ltr'>καὶ</span> <span class='ocrx_word' id='word_1_106' title='bbox 986 1158 1259 1226; x_wconf 84' lang='grc' dir='ltr'>περικλῶν</span> <span class='ocrx_word' id='word_1_107' title='bbox 1295 1160 1393 1224; x_wconf 85' lang='grc' dir='ltr'><strong>τὰς</strong></span> <span class='ocrx_word' id='word_1_108' title='bbox 1424 1162 1521 1231; x_wconf 83' lang='grc' dir='ltr'>τῆς</span> <span class='ocrx_word' id='word_1_109' title='bbox 1558 1164 1798 1235; x_wconf 81' lang='grc' dir='ltr'><strong>ἀκάνθης</strong></span> 
     </span>
    </p>
   </div>
   <div class='ocr_carea' id='block_1_16' title="bbox 223 1241 1798 1324">
    <p class='ocr_par' dir='ltr' id='par_1_16' title="bbox 223 1241 1798 1324">
     <span class='ocr_line' id='line_1_16' title="bbox 223 1241 1798 1324; baseline 0.01 -31"><span class='ocrx_word' id='word_1_110' title='bbox 223 1241 426 1310; x_wconf 73' lang='grc' dir='ltr'>ἀκμὰς,</span> <span class='ocrx_word' id='word_1_111' title='bbox 465 1244 558 1296; x_wconf 73' lang='grc' dir='ltr'>καὶ</span> <span class='ocrx_word' id='word_1_112' title='bbox 582 1244 805 1297; x_wconf 83' lang='grc' dir='ltr'>κωλύων</span> <span class='ocrx_word' id='word_1_113' title='bbox 832 1247 896 1298; x_wconf 80' lang='grc' dir='ltr'>ὲκ</span> <span class='ocrx_word' id='word_1_114' title='bbox 915 1245 1116 1317; x_wconf 81' lang='grc' dir='ltr'><strong>λεπτῆς</strong></span> <span class='ocrx_word' id='word_1_115' title='bbox 1141 1265 1201 1300; x_wconf 88' lang='grc' dir='ltr'><strong>τε</strong></span> <span class='ocrx_word' id='word_1_116' title='bbox 1236 1251 1327 1303; x_wconf 77' lang='grc' dir='ltr'><strong>καὶ</strong></span> <span class='ocrx_word' id='word_1_117' title='bbox 1356 1253 1594 1320; x_wconf 75' lang='grc' dir='ltr'>ἀφανοῦς</span> <span class='ocrx_word' id='word_1_118' title='bbox 1624 1255 1798 1324; x_wconf 85' lang='grc' dir='ltr'>ἀρχῆς</span> 
     </span>
    </p>
   </div>
   <div class='ocr_carea' id='block_1_17' title="bbox 221 1331 1797 1409">
    <p class='ocr_par' dir='ltr' id='par_1_17' title="bbox 221 1331 1797 1409">
     <span class='ocr_line' id='line_1_17' title="bbox 221 1331 1797 1409; baseline 0.01 -27"><span class='ocrx_word' id='word_1_119' title='bbox 221 1331 316 1402; x_wconf 76' lang='grc' dir='ltr'>τὴν</span> <span class='ocrx_word' id='word_1_120' title='bbox 345 1332 619 1403; x_wconf 70' lang='grc' dir='ltr'>ἁμαρτίαν</span> <span class='ocrx_word' id='word_1_121' title='bbox 657 1335 748 1386; x_wconf 75' lang='grc' dir='ltr'>ἐπὶ</span> <span class='ocrx_word' id='word_1_122' title='bbox 791 1335 853 1387; x_wconf 83' lang='grc' dir='ltr'>τὸ</span> <span class='ocrx_word' id='word_1_123' title='bbox 875 1337 1024 1400; x_wconf 73' lang='grc' dir='ltr'>ἐντὸς</span> <span class='ocrx_word' id='word_1_124' title='bbox 1054 1338 1444 1409; x_wconf 79' lang='grc' dir='ltr'>παραδύεσθαι.</span> <span class='ocrx_word' id='word_1_125' title='bbox 1469 1341 1540 1397; x_wconf 76' lang='lat'><strong>&quot;0</strong></span> <span class='ocrx_word' id='word_1_126' title='bbox 1578 1361 1637 1396; x_wconf 91' lang='grc' dir='ltr'><strong>τε</strong></span> <span class='ocrx_word' id='word_1_127' title='bbox 1683 1349 1797 1409; x_wconf 89' lang='grc' dir='ltr'>τοῖς</span> 
     </span>
    </p>
   </div>
   <div class='ocr_carea' id='block_1_18' title="bbox 220 1423 1797 1502">
    <p class='ocr_par' dir='ltr' id='par_1_18' title="bbox 220 1423 1797 1502">
     <span class='ocr_line' id='line_1_18' title="bbox 220 1423 1797 1502; baseline 0.01 -28"><span class='ocrx_word' id='word_1_128' title='bbox 220 1423 346 1475; x_wconf 70' lang='grc' dir='ltr'>ποσὶ</span> <span class='ocrx_word' id='word_1_129' title='bbox 376 1424 809 1493; x_wconf 80' lang='grc' dir='ltr'>περικεχυμένος</span> <span class='ocrx_word' id='word_1_130' title='bbox 832 1425 1018 1495; x_wconf 83' lang='grc' dir='ltr'>χιτὼν.</span> <span class='ocrx_word' id='word_1_131' title='bbox 1052 1428 1146 1480; x_wconf 77' lang='grc' dir='ltr'><strong>καὶ</strong></span> <span class='ocrx_word' id='word_1_132' title='bbox 1192 1431 1354 1502; x_wconf 85' lang='grc' dir='ltr'>μέχρι</span> <span class='ocrx_word' id='word_1_133' title='bbox 1384 1432 1560 1487; x_wconf 84' lang='grc' dir='ltr'>ποδῶν</span> <span class='ocrx_word' id='word_1_134' title='bbox 1613 1436 1797 1489; x_wconf 70' lang='grc' dir='ltr'>καθειο</span> 
     </span>
    </p>
   </div>
   <div class='ocr_carea' id='block_1_19' title="bbox 222 1511 1795 1592">
    <p class='ocr_par' dir='ltr' id='par_1_19' title="bbox 222 1511 1795 1592">
     <span class='ocr_line' id='line_1_19' title="bbox 222 1511 1795 1592; baseline 0.01 -28"><span class='ocrx_word' id='word_1_135' title='bbox 222 1511 404 1581; x_wconf 77' lang='grc' dir='ltr'>μένος,</span> <span class='ocrx_word' id='word_1_136' title='bbox 465 1513 718 1583; x_wconf 78' lang='grc' dir='ltr'>ἐμπόδιον</span> <span class='ocrx_word' id='word_1_137' title='bbox 760 1515 827 1569; x_wconf 87' lang='grc' dir='ltr'><strong>ἂν</strong></span> <span class='ocrx_word' id='word_1_138' title='bbox 871 1516 956 1588; x_wconf 74' lang='grc' dir='ltr'><strong>εἴη</strong></span> <span class='ocrx_word' id='word_1_139' title='bbox 1001 1518 1079 1588; x_wconf 85' lang='grc' dir='ltr'>τῷ</span> <span class='ocrx_word' id='word_1_140' title='bbox 1113 1519 1211 1589; x_wconf 80' lang='grc' dir='ltr'><strong>τὴν</strong></span> <span class='ocrx_word' id='word_1_141' title='bbox 1249 1521 1366 1574; x_wconf 83' lang='grc' dir='ltr'>ὁδὸν</span> <span class='ocrx_word' id='word_1_142' title='bbox 1414 1523 1616 1592; x_wconf 80' lang='grc' dir='ltr'>ταύτην</span> <span class='ocrx_word' id='word_1_143' title='bbox 1656 1527 1795 1580; x_wconf 76' lang='grc' dir='ltr'>κατὰ</span> 
     </span>
    </p>
   </div>
   <div class='ocr_carea' id='block_1_20' title="bbox 221 1603 1795 1681">
    <p class='ocr_par' dir='ltr' id='par_1_20' title="bbox 221 1603 1795 1681">
     <span class='ocr_line' id='line_1_20' title="bbox 221 1603 1795 1681; baseline 0.01 -27"><span class='ocrx_word' id='word_1_144' title='bbox 221 1603 456 1674; x_wconf 80' lang='grc' dir='ltr'>σπουδὴν</span> <span class='ocrx_word' id='word_1_145' title='bbox 482 1604 770 1660; x_wconf 80' lang='grc' dir='ltr'>διαθέοντι.</span> <span class='ocrx_word' id='word_1_146' title='bbox 819 1606 997 1660; x_wconf 83' lang='grc' dir='ltr'>Χιτὼν</span> <span class='ocrx_word' id='word_1_147' title='bbox 1026 1608 1072 1661; x_wconf 79' lang='grc' dir='ltr'>δ’</span> <span class='ocrx_word' id='word_1_148' title='bbox 1094 1609 1160 1667; x_wconf 84' lang='grc' dir='ltr'><strong>ἂν</strong></span> <span class='ocrx_word' id='word_1_149' title='bbox 1188 1612 1320 1681; x_wconf 82' lang='grc' dir='ltr'>ἡμῖν</span> <span class='ocrx_word' id='word_1_150' title='bbox 1340 1653 1355 1676; x_wconf 95' lang='grc'><strong>,</strong></span> <span class='ocrx_word' id='word_1_151' title='bbox 1383 1614 1523 1666; x_wconf 77' lang='grc' dir='ltr'>κατὰ</span> <span class='ocrx_word' id='word_1_152' title='bbox 1558 1614 1619 1667; x_wconf 81' lang='grc' dir='ltr'><strong>τὸ</strong></span> <span class='ocrx_word' id='word_1_153' title='bbox 1667 1617 1795 1670; x_wconf 83' lang='grc' dir='ltr'>ἀκό-</span> 
     </span>
    </p>
   </div>
   <div class='ocr_carea' id='block_1_21' title="bbox 218 1693 1794 1778">
    <p class='ocr_par' dir='ltr' id='par_1_21' title="bbox 218 1693 1794 1778">
     <span class='ocr_line' id='line_1_21' title="bbox 218 1693 1794 1778; baseline 0.009 -30"><span class='ocrx_word' id='word_1_154' title='bbox 218 1693 426 1758; x_wconf 81' lang='grc' dir='ltr'>λουθον,</span> <span class='ocrx_word' id='word_1_155' title='bbox 458 1696 699 1766; x_wconf 87' lang='grc' dir='ltr'>νοηθείη,</span> <span class='ocrx_word' id='word_1_156' title='bbox 727 1699 761 1768; x_wconf 82' lang='grc' dir='ltr'><strong>ή</strong></span> <span class='ocrx_word' id='word_1_157' title='bbox 788 1699 1159 1772; x_wconf 82' lang='grc' dir='ltr'>ἁπολαυστικὴ</span> <span class='ocrx_word' id='word_1_158' title='bbox 1177 1702 1286 1755; x_wconf 85' lang='grc' dir='ltr'><strong>τῶν</strong></span> <span class='ocrx_word' id='word_1_159' title='bbox 1315 1705 1372 1757; x_wconf 85' lang='grc' dir='ltr'>ὲν</span> <span class='ocrx_word' id='word_1_160' title='bbox 1394 1704 1471 1776; x_wconf 85' lang='grc' dir='ltr'>τῷ</span> <span class='ocrx_word' id='word_1_161' title='bbox 1499 1705 1598 1777; x_wconf 85' lang='grc' dir='ltr'><strong>βίῳ</strong></span> <span class='ocrx_word' id='word_1_162' title='bbox 1619 1707 1794 1778; x_wconf 85' lang='grc' dir='ltr'>τούτῳ</span> 
     </span>
    </p>
   </div>
   <div class='ocr_carea' id='block_1_22' title="bbox 218 1785 1790 1871">
    <p class='ocr_par' dir='ltr' id='par_1_22' title="bbox 218 1785 1790 1871">
     <span class='ocr_line' id='line_1_22' title="bbox 218 1785 1790 1871; baseline 0.011 -34"><span class='ocrx_word' id='word_1_163' title='bbox 218 1785 666 1856; x_wconf 80' lang='grc' dir='ltr'>σπουδαζομένων</span> <span class='ocrx_word' id='word_1_164' title='bbox 713 1789 1009 1862; x_wconf 84' lang='grc' dir='ltr'>πλατύτης,</span> <span class='ocrx_word' id='word_1_165' title='bbox 1037 1794 1105 1865; x_wconf 73' lang='grc' dir='ltr'>ἣν</span> <span class='ocrx_word' id='word_1_166' title='bbox 1152 1798 1230 1859; x_wconf 82' lang='grc' dir='ltr'><strong>είς</strong></span> <span class='ocrx_word' id='word_1_167' title='bbox 1266 1796 1444 1865; x_wconf 86' lang='grc' dir='ltr'>ὀλίγον</span> <span class='ocrx_word' id='word_1_168' title='bbox 1485 1801 1513 1853; x_wconf 89' lang='lat'><strong>6</strong></span> <span class='ocrx_word' id='word_1_169' title='bbox 1561 1800 1790 1871; x_wconf 84' lang='grc' dir='ltr'>σώφρων</span> 
     </span>
    </p>
   </div>
   <div class='ocr_carea' id='block_1_23' title="bbox 215 1874 1791 1959">
    <p class='ocr_par' dir='ltr' id='par_1_23' title="bbox 215 1874 1791 1959">
     <span class='ocr_line' id='line_1_23' title="bbox 215 1874 1791 1959; baseline 0.012 -32"><span class='ocrx_word' id='word_1_170' title='bbox 215 1874 473 1946; x_wconf 80' lang='grc' dir='ltr'>λογισμὸς</span> <span class='ocrx_word' id='word_1_171' title='bbox 520 1880 818 1943; x_wconf 79' lang='grc' dir='ltr'>συστέλλει,</span> <span class='ocrx_word' id='word_1_172' title='bbox 860 1881 1003 1953; x_wconf 82' lang='grc' dir='ltr'><strong>ζώνη</strong></span> <span class='ocrx_word' id='word_1_173' title='bbox 1054 1885 1149 1938; x_wconf 84' lang='grc' dir='ltr'><strong>τοῦ</strong></span> <span class='ocrx_word' id='word_1_174' title='bbox 1205 1888 1613 1959; x_wconf 79' lang='grc' dir='ltr'>ὁδοιποροῦντος</span> <span class='ocrx_word' id='word_1_175' title='bbox 1646 1894 1791 1959; x_wconf 89' lang='grc' dir='ltr'>γινό-</span> 
     </span>
    </p>
   </div>
   <div class='ocr_carea' id='block_1_24' title="bbox 218 1967 1790 2053">
    <p class='ocr_par' dir='ltr' id='par_1_24' title="bbox 218 1967 1790 2053">
     <span class='ocr_line' id='line_1_24' title="bbox 218 1967 1790 2053; baseline 0.012 -36"><span class='ocrx_word' id='word_1_176' title='bbox 218 1982 402 2035; x_wconf 83' lang='grc' dir='ltr'>μενος.</span> <span class='ocrx_word' id='word_1_177' title='bbox 433 1967 506 2020; x_wconf 83' lang='grc' dir='ltr'>Τὸ</span> <span class='ocrx_word' id='word_1_178' title='bbox 535 1968 591 2022; x_wconf 71' lang='grc' dir='ltr'>δὲ</span> <span class='ocrx_word' id='word_1_179' title='bbox 643 1972 995 2046; x_wconf 79' lang='grc' dir='ltr'>σωφροσύνην</span> <span class='ocrx_word' id='word_1_180' title='bbox 1018 1972 1157 2029; x_wconf 81' lang='grc' dir='ltr'>εἶναι</span> <span class='ocrx_word' id='word_1_181' title='bbox 1208 1979 1306 2049; x_wconf 84' lang='grc' dir='ltr'><strong>τὴν</strong></span> <span class='ocrx_word' id='word_1_182' title='bbox 1360 1980 1556 2049; x_wconf 81' lang='grc' dir='ltr'>ζώνην,</span> <span class='ocrx_word' id='word_1_183' title='bbox 1585 1984 1790 2053; x_wconf 88' lang='grc' dir='ltr'>μαρτύ-</span> 
     </span>
    </p>
   </div>
   <div class='ocr_carea' id='block_1_25' title="bbox 214 2059 1789 2146">
    <p class='ocr_par' dir='ltr' id='par_1_25' title="bbox 214 2059 1789 2146">
     <span class='ocr_line' id='line_1_25' title="bbox 214 2059 1789 2146; baseline 0.014 -38"><span class='ocrx_word' id='word_1_184' title='bbox 214 2074 370 2146; x_wconf 64' lang='grc' dir='ltr'>ρεται</span> <span class='ocrx_word' id='word_1_185' title='bbox 424 2059 502 2130; x_wconf 82' lang='grc' dir='ltr'>τῷ</span> <span class='ocrx_word' id='word_1_186' title='bbox 554 2062 761 2133; x_wconf 79' lang='grc' dir='ltr'>τρόπῳ,</span> <span class='ocrx_word' id='word_1_187' title='bbox 810 2067 942 2136; x_wconf 75' lang='grc' dir='ltr'>περὶ</span> <span class='ocrx_word' id='word_1_188' title='bbox 989 2066 1048 2119; x_wconf 79' lang='grc' dir='ltr'>ὃν</span> <span class='ocrx_word' id='word_1_189' title='bbox 1103 2069 1402 2139; x_wconf 76' lang='grc' dir='ltr'>ἐνεργεῖται</span> <span class='ocrx_word' id='word_1_190' title='bbox 1456 2074 1489 2144; x_wconf 81' lang='grc' dir='ltr'>ἡ</span> <span class='ocrx_word' id='word_1_191' title='bbox 1535 2074 1668 2146; x_wconf 75' lang='grc' dir='ltr'><strong>ζωή.</strong></span> <span class='ocrx_word' id='word_1_192' title='bbox 1715 2076 1789 2128; x_wconf 80' lang='grc' dir='ltr'><strong>’Ἢ</strong></span> 
     </span>
    </p>
   </div>
   <div class='ocr_carea' id='block_1_26' title="bbox 212 2143 1790 2234">
    <p class='ocr_par' dir='ltr' id='par_1_26' title="bbox 212 2143 1790 2234">
     <span class='ocr_line' id='line_1_26' title="bbox 212 2143 1790 2234; baseline 0.013 -35"><span class='ocrx_word' id='word_1_193' title='bbox 212 2146 267 2199; x_wconf 79' lang='grc' dir='ltr'>τ’</span> <span class='ocrx_word' id='word_1_194' title='bbox 290 2143 359 2201; x_wconf 76' lang='grc' dir='ltr'>αὖ</span> <span class='ocrx_word' id='word_1_195' title='bbox 385 2149 495 2201; x_wconf 86' lang='grc' dir='ltr'><strong>τῶν</strong></span> <span class='ocrx_word' id='word_1_196' title='bbox 542 2150 746 2223; x_wconf 85' lang='grc' dir='ltr'>θηρίων</span> <span class='ocrx_word' id='word_1_197' title='bbox 777 2155 1046 2228; x_wconf 79' lang='grc' dir='ltr'>ἀμυντικὴ</span> <span class='ocrx_word' id='word_1_198' title='bbox 1088 2158 1377 2232; x_wconf 81' lang='grc' dir='ltr'>βακτηρία,</span> <span class='ocrx_word' id='word_1_199' title='bbox 1400 2163 1427 2214; x_wconf 88' lang='lat'><strong>6</strong></span> <span class='ocrx_word' id='word_1_200' title='bbox 1461 2143 1557 2234; x_wconf 79' lang='grc' dir='ltr'>τῆς</span> <span class='ocrx_word' id='word_1_201' title='bbox 1581 2143 1790 2232; x_wconf 80' lang='grc' dir='ltr'>ἐλπίδος</span> 
     </span>
    </p>
   </div>
   <div class='ocr_carea' id='block_1_27' title="bbox 210 2236 1789 2327">
    <p class='ocr_par' dir='ltr' id='par_1_27' title="bbox 210 2236 1789 2327">
     <span class='ocr_line' id='line_1_27' title="bbox 210 2236 1789 2327; baseline 0.015 -38"><span class='ocrx_word' id='word_1_202' title='bbox 210 2237 371 2305; x_wconf 81' lang='grc' dir='ltr'>λόγος</span> <span class='ocrx_word' id='word_1_203' title='bbox 398 2241 563 2305; x_wconf 72' lang='grc' dir='ltr'>ἐστὶν,</span> <span class='ocrx_word' id='word_1_204' title='bbox 594 2236 640 2309; x_wconf 81' lang='grc' dir='ltr'>ᾧ</span> <span class='ocrx_word' id='word_1_205' title='bbox 679 2245 775 2297; x_wconf 74' lang='grc' dir='ltr'><strong>καὶ</strong></span> <span class='ocrx_word' id='word_1_206' title='bbox 798 2246 859 2298; x_wconf 85' lang='grc' dir='ltr'><strong>τὸ</strong></span> <span class='ocrx_word' id='word_1_207' title='bbox 887 2248 1141 2318; x_wconf 87' lang='grc' dir='ltr'>καμμύον</span> <span class='ocrx_word' id='word_1_208' title='bbox 1173 2251 1273 2320; x_wconf 85' lang='grc' dir='ltr'>τῆς</span> <span class='ocrx_word' id='word_1_209' title='bbox 1299 2251 1476 2324; x_wconf 74' lang='grc' dir='ltr'>ψυχῆς</span> <span class='ocrx_word' id='word_1_210' title='bbox 1506 2257 1789 2327; x_wconf 84' lang='grc' dir='ltr'>ὑπερείδο-</span> 
     </span>
    </p>
   </div>
   <div class='ocr_carea' id='block_1_28' title="bbox 216 2330 1790 2417">
    <p class='ocr_par' dir='ltr' id='par_1_28' title="bbox 216 2330 1790 2417">
     <span class='ocr_line' id='line_1_28' title="bbox 216 2330 1790 2417; baseline 0.015 -39"><span class='ocrx_word' id='word_1_211' title='bbox 216 2344 339 2396; x_wconf 83' lang='grc' dir='ltr'>μεν,</span> <span class='ocrx_word' id='word_1_212' title='bbox 368 2330 462 2382; x_wconf 76' lang='grc' dir='ltr'><strong>καὶ</strong></span> <span class='ocrx_word' id='word_1_213' title='bbox 489 2330 548 2383; x_wconf 81' lang='grc' dir='ltr'>τὸ</span> <span class='ocrx_word' id='word_1_214' title='bbox 573 2332 835 2389; x_wconf 82' lang='grc' dir='ltr'>ύλακτοῦν</span> <span class='ocrx_word' id='word_1_215' title='bbox 865 2337 1203 2409; x_wconf 84' lang='grc' dir='ltr'>ἀμυνόμεθα.</span> <span class='ocrx_word' id='word_1_216' title='bbox 1251 2342 1344 2395; x_wconf 84' lang='grc' dir='ltr'>Ἐκ</span> <span class='ocrx_word' id='word_1_217' title='bbox 1373 2344 1543 2416; x_wconf 81' lang='grc' dir='ltr'>πυρὸς</span> <span class='ocrx_word' id='word_1_218' title='bbox 1574 2346 1631 2398; x_wconf 88' lang='grc' dir='ltr'>δὲ</span> <span class='ocrx_word' id='word_1_219' title='bbox 1658 2364 1790 2417; x_wconf 89' lang='grc' dir='ltr'>προ-</span> 
     </span>
    </p>
   </div>
   <div class='ocr_carea' id='block_1_29' title="bbox 208 2419 1788 2508">
    <p class='ocr_par' dir='ltr' id='par_1_29' title="bbox 208 2419 1788 2508">
     <span class='ocr_line' id='line_1_29' title="bbox 208 2419 1788 2508; baseline 0.013 -37"><span class='ocrx_word' id='word_1_220' title='bbox 208 2419 464 2474; x_wconf 79' lang='grc' dir='ltr'>τεθεῖσαν</span> <span class='ocrx_word' id='word_1_221' title='bbox 495 2424 627 2493; x_wconf 80' lang='grc' dir='ltr'>ήμῖν</span> <span class='ocrx_word' id='word_1_222' title='bbox 665 2425 765 2496; x_wconf 81' lang='grc' dir='ltr'><strong>τὴν</strong></span> <span class='ocrx_word' id='word_1_223' title='bbox 808 2426 1027 2499; x_wconf 82' lang='grc' dir='ltr'>ἐδωδὴν,</span> <span class='ocrx_word' id='word_1_224' title='bbox 1055 2430 1156 2500; x_wconf 82' lang='grc' dir='ltr'><strong>τὴν</strong></span> <span class='ocrx_word' id='word_1_225' title='bbox 1185 2431 1392 2504; x_wconf 85' lang='grc' dir='ltr'>θερμὴν</span> <span class='ocrx_word' id='word_1_226' title='bbox 1418 2436 1622 2508; x_wconf 83' lang='grc' dir='ltr'>ταύτην</span> <span class='ocrx_word' id='word_1_227' title='bbox 1646 2437 1788 2505; x_wconf 84' lang='grc' dir='ltr'>λέγω</span> 
     </span>
    </p>
   </div>
   <div class='ocr_carea' id='block_1_30' title="bbox 208 2510 1788 2601">
    <p class='ocr_par' dir='ltr' id='par_1_30' title="bbox 208 2510 1788 2601">
     <span class='ocr_line' id='line_1_30' title="bbox 208 2510 1788 2601; baseline 0.013 -39"><span class='ocrx_word' id='word_1_228' title='bbox 208 2510 305 2563; x_wconf 81' lang='grc' dir='ltr'><strong>καὶ</strong></span> <span class='ocrx_word' id='word_1_229' title='bbox 334 2510 572 2583; x_wconf 76' lang='grc' dir='ltr'>ἑκπυρον</span> <span class='ocrx_word' id='word_1_230' title='bbox 618 2515 820 2580; x_wconf 84' lang='grc' dir='ltr'>πίστιν,</span> <span class='ocrx_word' id='word_1_231' title='bbox 865 2519 933 2586; x_wconf 81' lang='grc' dir='ltr'>ἥν</span> <span class='ocrx_word' id='word_1_232' title='bbox 960 2520 1223 2592; x_wconf 80' lang='grc' dir='ltr'><strong>ἀμελλητὶ</strong></span> <span class='ocrx_word' id='word_1_233' title='bbox 1255 2525 1684 2596; x_wconf 72' lang='grc' dir='ltr'>προσδεχόμεθα,</span> <span class='ocrx_word' id='word_1_234' title='bbox 1718 2522 1788 2601; x_wconf 78' lang='grc' dir='ltr'>ἧς</span> 
     </span>
    </p>
   </div>
   <div class='ocr_carea' id='block_1_31' title="bbox 207 2602 1786 2692">
    <p class='ocr_par' dir='ltr' id='par_1_31' title="bbox 207 2602 1786 2692">
     <span class='ocr_line' id='line_1_31' title="bbox 207 2602 1786 2692; baseline 0.015 -40"><span class='ocrx_word' id='word_1_235' title='bbox 207 2602 552 2692; x_wconf 53' lang='grc' dir='ltr'>ἑμσαγόντες</span> <span class='ocrx_word' id='word_1_236' title='bbox 586 2605 709 2659; x_wconf 84' lang='grc' dir='ltr'>ὅσον</span> <span class='ocrx_word' id='word_1_237' title='bbox 754 2610 817 2661; x_wconf 76' lang='grc' dir='ltr'>ἐκ</span> <span class='ocrx_word' id='word_1_238' title='bbox 874 2612 1164 2683; x_wconf 84' lang='grc' dir='ltr'>προχείρου</span> <span class='ocrx_word' id='word_1_239' title='bbox 1201 2615 1408 2682; x_wconf 81' lang='grc' dir='ltr'>γίνεται</span> <span class='ocrx_word' id='word_1_240' title='bbox 1455 2618 1657 2690; x_wconf 79' lang='grc' dir='ltr'>ληπτὸν</span> <span class='ocrx_word' id='word_1_241' title='bbox 1707 2621 1786 2692; x_wconf 81' lang='grc' dir='ltr'>τῷ</span> 
     </span>
    </p>
   </div>
   <div class='ocr_carea' id='block_1_32' title="bbox 206 2691 1785 2779">
    <p class='ocr_par' dir='ltr' id='par_1_32' title="bbox 206 2691 1785 2779">
     <span class='ocr_line' id='line_1_32' title="bbox 206 2691 1785 2779; baseline 0.014 -38"><span class='ocrx_word' id='word_1_242' title='bbox 206 2691 462 2756; x_wconf 75' lang='grc' dir='ltr'>ἐσθίοντι,</span> <span class='ocrx_word' id='word_1_243' title='bbox 491 2695 585 2746; x_wconf 75' lang='grc' dir='ltr'><strong>καὶ</strong></span> <span class='ocrx_word' id='word_1_244' title='bbox 636 2695 727 2748; x_wconf 80' lang='grc' dir='ltr'><strong>τὸν</strong></span> <span class='ocrx_word' id='word_1_245' title='bbox 775 2703 1152 2770; x_wconf 82' lang='grc' dir='ltr'>κεκρυμμένον</span> <span class='ocrx_word' id='word_1_246' title='bbox 1185 2706 1295 2767; x_wconf 85' lang='grc' dir='ltr'>τοῖς</span> <span class='ocrx_word' id='word_1_247' title='bbox 1327 2708 1701 2779; x_wconf 79' lang='grc' dir='ltr'>στεῤῥοτέροις</span> <span class='ocrx_word' id='word_1_248' title='bbox 1727 2691 1785 2765; x_wconf 84' lang='grc' dir='ltr'><strong>τε</strong></span> 
     </span>
    </p>
   </div>
   <div class='ocr_carea' id='block_1_33' title="bbox 204 2783 1787 2870">
    <p class='ocr_par' dir='ltr' id='par_1_33' title="bbox 204 2783 1787 2870">
     <span class='ocr_line' id='line_1_33' title="bbox 204 2783 1787 2870; baseline 0.011 -36"><span class='ocrx_word' id='word_1_249' title='bbox 204 2784 300 2835; x_wconf 72' lang='grc' dir='ltr'>καὶ</span> <span class='ocrx_word' id='word_1_250' title='bbox 334 2783 675 2856; x_wconf 83' lang='grc' dir='ltr'>δυστρίπτοις</span> <span class='ocrx_word' id='word_1_251' title='bbox 699 2789 955 2861; x_wconf 82' lang='grc' dir='ltr'>νοήμασι,</span> <span class='ocrx_word' id='word_1_252' title='bbox 987 2793 1080 2845; x_wconf 77' lang='grc' dir='ltr'>καὶ</span> <span class='ocrx_word' id='word_1_253' title='bbox 1129 2792 1208 2862; x_wconf 80' lang='grc' dir='ltr'>τῷ</span> <span class='ocrx_word' id='word_1_254' title='bbox 1249 2794 1390 2866; x_wconf 85' lang='grc' dir='ltr'>λόγῳ</span> <span class='ocrx_word' id='word_1_255' title='bbox 1411 2836 1426 2858; x_wconf 87' lang='grc'><strong>,</strong></span> <span class='ocrx_word' id='word_1_256' title='bbox 1456 2797 1787 2870; x_wconf 82' lang='grc' dir='ltr'>ἁπεριέργα-</span> 
     </span>
    </p>
   </div>
   <div class='ocr_carea' id='block_1_34' title="bbox 206 2872 1783 2958">
    <p class='ocr_par' dir='ltr' id='par_1_34' title="bbox 206 2872 1783 2958">
     <span class='ocr_line' id='line_1_34' title="bbox 206 2872 1783 2958; baseline 0.013 -36"><span class='ocrx_word' id='word_1_257' title='bbox 206 2872 336 2924; x_wconf 77' lang='grc' dir='ltr'>στόν</span> <span class='ocrx_word' id='word_1_258' title='bbox 363 2890 423 2925; x_wconf 88' lang='grc' dir='ltr'><strong>τε</strong></span> <span class='ocrx_word' id='word_1_259' title='bbox 460 2877 554 2929; x_wconf 77' lang='grc' dir='ltr'><strong>καὶ</strong></span> <span class='ocrx_word' id='word_1_260' title='bbox 589 2876 1147 2950; x_wconf 80' lang='grc' dir='ltr'>ἀπολυπραγμόνητον</span> <span class='ocrx_word' id='word_1_261' title='bbox 1176 2883 1677 2956; x_wconf 80' lang='grc' dir='ltr'>καταλιμπάνομεν,</span> <span class='ocrx_word' id='word_1_262' title='bbox 1707 2888 1783 2958; x_wconf 84' lang='grc' dir='ltr'>τῷ</span> 
     </span>
    </p>
   </div>
   <div class='ocr_carea' id='block_1_35' title="bbox 203 2964 1784 3044">
    <p class='ocr_par' dir='ltr' id='par_1_35' title="bbox 203 2964 1784 3044">
     <span class='ocr_line' id='line_1_35' title="bbox 203 2964 1784 3044; baseline 0.009 -29"><span class='ocrx_word' id='word_1_263' title='bbox 203 2964 343 3035; x_wconf 76' lang='grc' dir='ltr'><strong>πυρὶ</strong></span> <span class='ocrx_word' id='word_1_264' title='bbox 394 2966 739 3035; x_wconf 78' lang='grc' dir='ltr'>προτιθέντες</span> <span class='ocrx_word' id='word_1_265' title='bbox 795 2968 895 3039; x_wconf 78' lang='grc' dir='ltr'>τὴν</span> <span class='ocrx_word' id='word_1_266' title='bbox 930 2969 1185 3041; x_wconf 85' lang='grc' dir='ltr'>τοιαύτην</span> <span class='ocrx_word' id='word_1_267' title='bbox 1233 2977 1459 3044; x_wconf 76' lang='grc' dir='ltr'>τροφήν.</span> <span class='ocrx_word' id='word_1_268' title='bbox 1513 2975 1598 3038; x_wconf 82' lang='grc' dir='ltr'>Ὠς</span> <span class='ocrx_word' id='word_1_269' title='bbox 1630 2975 1673 3028; x_wconf 82' lang='grc' dir='ltr'>δ’</span> <span class='ocrx_word' id='word_1_270' title='bbox 1718 2978 1784 3030; x_wconf 81' lang='grc' dir='ltr'>ἂν</span> 
     </span>
    </p>
   </div>
   <div class='ocr_carea' id='block_1_36' title="bbox 204 3057 1785 3137">
    <p class='ocr_par' dir='ltr' id='par_1_36' title="bbox 204 3057 1785 3137">
     <span class='ocr_line' id='line_1_36' title="bbox 204 3057 1785 3137; baseline 0.009 -29"><span class='ocrx_word' id='word_1_271' title='bbox 204 3057 567 3128; x_wconf 76' lang='grc' dir='ltr'>σαφηνισθείη</span> <span class='ocrx_word' id='word_1_272' title='bbox 595 3058 664 3113; x_wconf 74' lang='grc' dir='ltr'>τὰ</span> <span class='ocrx_word' id='word_1_273' title='bbox 713 3062 840 3131; x_wconf 73' lang='grc' dir='ltr'>περὶ</span> <span class='ocrx_word' id='word_1_274' title='bbox 885 3062 1089 3128; x_wconf 82' lang='grc' dir='ltr'>τούτων</span> <span class='ocrx_word' id='word_1_275' title='bbox 1132 3064 1451 3134; x_wconf 75' lang='grc' dir='ltr'>αἰνίγματα,</span> <span class='ocrx_word' id='word_1_276' title='bbox 1482 3066 1656 3121; x_wconf 84' lang='grc' dir='ltr'>ταῦτά</span> <span class='ocrx_word' id='word_1_277' title='bbox 1683 3085 1785 3137; x_wconf 89' lang='grc' dir='ltr'><strong>φα-</strong></span> 
     </span>
    </p>
   </div>
   <div class='ocr_carea' id='block_1_37' title="bbox 203 3149 1783 3231">
    <p class='ocr_par' dir='ltr' id='par_1_37' title="bbox 203 3149 1783 3231">
     <span class='ocr_line' id='line_1_37' title="bbox 203 3149 1783 3231; baseline 0.009 -32"><span class='ocrx_word' id='word_1_278' title='bbox 203 3166 330 3218; x_wconf 86' lang='grc' dir='ltr'>μεν,</span> <span class='ocrx_word' id='word_1_279' title='bbox 360 3149 440 3202; x_wconf 78' lang='grc' dir='ltr'>ὅτι</span> <span class='ocrx_word' id='word_1_280' title='bbox 483 3150 594 3205; x_wconf 84' lang='grc' dir='ltr'><strong>τῶν</strong></span> <span class='ocrx_word' id='word_1_281' title='bbox 633 3150 792 3207; x_wconf 88' lang='grc' dir='ltr'>θείων</span> <span class='ocrx_word' id='word_1_282' title='bbox 841 3154 1318 3226; x_wconf 80' lang='grc' dir='ltr'>παραγγελμάτων</span> <span class='ocrx_word' id='word_1_283' title='bbox 1355 3158 1454 3211; x_wconf 82' lang='grc' dir='ltr'>ὅσα</span> <span class='ocrx_word' id='word_1_284' title='bbox 1494 3159 1593 3229; x_wconf 78' lang='grc' dir='ltr'><strong>μὲν</strong></span> <span class='ocrx_word' id='word_1_285' title='bbox 1649 3161 1783 3231; x_wconf 83' lang='grc' dir='ltr'>πρό-</span> 
     </span>
    </p>
   </div>
   <div class='ocr_carea' id='block_1_38' title="bbox 200 3237 1784 3320">
    <p class='ocr_par' dir='ltr' id='par_1_38' title="bbox 200 3237 1784 3320">
     <span class='ocr_line' id='line_1_38' title="bbox 200 3237 1784 3320; baseline 0.009 -31"><span class='ocrx_word' id='word_1_286' title='bbox 200 3254 388 3308; x_wconf 83' lang='grc' dir='ltr'>χειρον</span> <span class='ocrx_word' id='word_1_287' title='bbox 409 3237 506 3309; x_wconf 83' lang='grc' dir='ltr'>τὴν</span> <span class='ocrx_word' id='word_1_288' title='bbox 529 3240 853 3312; x_wconf 82' lang='grc' dir='ltr'>κατανόησιν</span> <span class='ocrx_word' id='word_1_289' title='bbox 877 3242 1005 3312; x_wconf 81' lang='grc' dir='ltr'>ἔχει,</span> <span class='ocrx_word' id='word_1_290' title='bbox 1030 3244 1088 3297; x_wconf 86' lang='grc' dir='ltr'><strong>ού</strong></span> <span class='ocrx_word' id='word_1_291' title='bbox 1110 3245 1350 3316; x_wconf 84' lang='grc' dir='ltr'>νωθρῶς,</span> <span class='ocrx_word' id='word_1_292' title='bbox 1369 3247 1487 3300; x_wconf 80' lang='grc' dir='ltr'>οὐδὲ</span> <span class='ocrx_word' id='word_1_293' title='bbox 1516 3266 1784 3320; x_wconf 87' lang='grc' dir='ltr'>κατηναγ-</span> 
     </span>
    </p>
   </div>
   <div class='ocr_carea' id='block_1_39' title="bbox 203 3327 1781 3405">
    <p class='ocr_par' dir='ltr' id='par_1_39' title="bbox 203 3327 1781 3405">
     <span class='ocr_line' id='line_1_39' title="bbox 203 3327 1781 3405; baseline 0.009 -25"><span class='ocrx_word' id='word_1_294' title='bbox 203 3327 496 3395; x_wconf 78' lang='grc' dir='ltr'>κασμένως</span> <span class='ocrx_word' id='word_1_295' title='bbox 548 3330 785 3399; x_wconf 78' lang='grc' dir='ltr'>μετιέναι</span> <span class='ocrx_word' id='word_1_296' title='bbox 829 3335 1091 3403; x_wconf 79' lang='grc' dir='ltr'>προσήκει</span> <span class='ocrx_word' id='word_1_297' title='bbox 1121 3350 1134 3363; x_wconf 73' lang='grc' dir='ltr'><strong>ο</strong></span> <span class='ocrx_word' id='word_1_298' title='bbox 1173 3334 1286 3387; x_wconf 75' lang='grc' dir='ltr'>ἀλλ’</span> <span class='ocrx_word' id='word_1_299' title='bbox 1325 3332 1436 3389; x_wconf 77' lang='grc' dir='ltr'>οἷον</span> <span class='ocrx_word' id='word_1_300' title='bbox 1482 3339 1781 3405; x_wconf 81' lang='grc' dir='ltr'>πεινῶντας</span> 
     </span>
    </p>
   </div>
   <div class='ocr_carea' id='block_1_40' title="bbox 201 3415 1779 3495">
    <p class='ocr_par' dir='ltr' id='par_1_40' title="bbox 201 3415 1779 3495">
     <span class='ocr_line' id='line_1_40' title="bbox 201 3415 1779 3495; baseline 0.01 -28"><span class='ocrx_word' id='word_1_301' title='bbox 201 3415 300 3467; x_wconf 77' lang='grc' dir='ltr'>καὶ</span> <span class='ocrx_word' id='word_1_302' title='bbox 332 3417 449 3483; x_wconf 78' lang='grc' dir='ltr'>μετ’</span> <span class='ocrx_word' id='word_1_303' title='bbox 463 3416 690 3487; x_wconf 74' lang='grc' dir='ltr'>ὀρέξεως</span> <span class='ocrx_word' id='word_1_304' title='bbox 712 3420 1066 3489; x_wconf 77' lang='grc' dir='ltr'>ἐμφορεῖσθαι</span> <span class='ocrx_word' id='word_1_305' title='bbox 1094 3421 1201 3475; x_wconf 86' lang='grc' dir='ltr'><strong>τῶν</strong></span> <span class='ocrx_word' id='word_1_306' title='bbox 1223 3426 1618 3495; x_wconf 79' lang='grc' dir='ltr'>προκειμένων,</span> <span class='ocrx_word' id='word_1_307' title='bbox 1639 3427 1779 3481; x_wconf 82' lang='grc' dir='ltr'>ὥστε</span> 
     </span>
    </p>
   </div>
   <div class='ocr_carea' id='block_1_41' title="bbox 198 3505 1780 3586">
    <p class='ocr_par' dir='ltr' id='par_1_41' title="bbox 198 3505 1780 3586">
     <span class='ocr_line' id='line_1_41' title="bbox 198 3505 1780 3586; baseline 0.01 -28"><span class='ocrx_word' id='word_1_308' title='bbox 198 3505 463 3574; x_wconf 76' lang='grc' dir='ltr'>γενέσθαι</span> <span class='ocrx_word' id='word_1_309' title='bbox 486 3508 589 3577; x_wconf 80' lang='grc' dir='ltr'><strong>τὴν</strong></span> <span class='ocrx_word' id='word_1_310' title='bbox 615 3510 820 3581; x_wconf 85' lang='grc' dir='ltr'>τροφὴν</span> <span class='ocrx_word' id='word_1_311' title='bbox 865 3514 999 3582; x_wconf 85' lang='grc' dir='ltr'>ἡμῖν</span> <span class='ocrx_word' id='word_1_312' title='bbox 1044 3513 1255 3578; x_wconf 75' lang='grc' dir='ltr'>εὐεξίας</span> <span class='ocrx_word' id='word_1_313' title='bbox 1299 3517 1529 3586; x_wconf 78' lang='grc' dir='ltr'>ἐφόδιον.</span> <span class='ocrx_word' id='word_1_314' title='bbox 1562 3520 1780 3574; x_wconf 86' lang='grc' dir='ltr'>Ὄσαδὲ</span> 
     </span>
    </p>
   </div>
   <div class='ocr_carea' id='block_1_42' title="bbox 196 3600 1778 3682">
    <p class='ocr_par' dir='ltr' id='par_1_42' title="bbox 196 3600 1778 3682">
     <span class='ocr_line' id='line_1_42' title="bbox 196 3600 1778 3682; baseline 0.01 -32"><span class='ocrx_word' id='word_1_315' title='bbox 196 3600 510 3668; x_wconf 62' lang='grc' dir='ltr'>κέκρυπται</span> <span class='ocrx_word' id='word_1_316' title='bbox 558 3601 667 3654; x_wconf 86' lang='grc' dir='ltr'>τῶν</span> <span class='ocrx_word' id='word_1_317' title='bbox 699 3605 1002 3673; x_wconf 84' lang='grc' dir='ltr'>νοημάτων,</span> <span class='ocrx_word' id='word_1_318' title='bbox 1028 3601 1138 3659; x_wconf 76' lang='grc' dir='ltr'>οἷον</span> <span class='ocrx_word' id='word_1_319' title='bbox 1170 3607 1231 3659; x_wconf 85' lang='grc' dir='ltr'>τὸ</span> <span class='ocrx_word' id='word_1_320' title='bbox 1265 3607 1465 3679; x_wconf 82' lang='grc' dir='ltr'>ζητεῖν,</span> <span class='ocrx_word' id='word_1_321' title='bbox 1497 3611 1582 3674; x_wconf 84' lang='grc' dir='ltr'><strong>τίς</strong></span> <span class='ocrx_word' id='word_1_322' title='bbox 1619 3613 1650 3682; x_wconf 80' lang='grc' dir='ltr'><strong>ἠ</strong></span> <span class='ocrx_word' id='word_1_323' title='bbox 1685 3613 1778 3665; x_wconf 86' lang='grc' dir='ltr'>ού-</span> 
     </span>
    </p>
   </div>
   <div class='ocr_carea' id='block_1_43' title="bbox 197 3687 1777 3769">
    <p class='ocr_par' dir='ltr' id='par_1_43' title="bbox 197 3687 1777 3769">
     <span class='ocr_line' id='line_1_43' title="bbox 197 3687 1777 3769; baseline 0.011 -29"><span class='ocrx_word' id='word_1_324' title='bbox 197 3687 293 3741; x_wconf 84' lang='grc' dir='ltr'><strong>σία</strong></span> <span class='ocrx_word' id='word_1_325' title='bbox 313 3687 410 3740; x_wconf 83' lang='grc' dir='ltr'><strong>τοῦ</strong></span> <span class='ocrx_word' id='word_1_326' title='bbox 428 3688 596 3757; x_wconf 82' lang='grc' dir='ltr'>Θεοῦ;</span> <span class='ocrx_word' id='word_1_327' title='bbox 625 3691 678 3745; x_wconf 89' lang='grc' dir='ltr'><strong>τί</strong></span> <span class='ocrx_word' id='word_1_328' title='bbox 709 3694 813 3764; x_wconf 75' lang='grc' dir='ltr'>πρὸ</span> <span class='ocrx_word' id='word_1_329' title='bbox 848 3695 946 3765; x_wconf 83' lang='grc' dir='ltr'>τῆς</span> <span class='ocrx_word' id='word_1_330' title='bbox 978 3696 1208 3761; x_wconf 83' lang='grc' dir='ltr'>κτίσεως</span> <span class='ocrx_word' id='word_1_331' title='bbox 1230 3693 1296 3769; x_wconf 81' lang='grc' dir='ltr'>ἦν</span> <span class='ocrx_word' id='word_1_332' title='bbox 1321 3716 1335 3763; x_wconf 89' lang='lat'><strong>;</strong></span> <span class='ocrx_word' id='word_1_333' title='bbox 1364 3701 1416 3753; x_wconf 88' lang='grc' dir='ltr'><strong>τί</strong></span> <span class='ocrx_word' id='word_1_334' title='bbox 1442 3700 1501 3754; x_wconf 83' lang='grc' dir='ltr'>τὸ</span> <span class='ocrx_word' id='word_1_335' title='bbox 1527 3701 1631 3766; x_wconf 76' lang='grc' dir='ltr'>ἔξω</span> <span class='ocrx_word' id='word_1_336' title='bbox 1670 3703 1777 3757; x_wconf 87' lang='grc' dir='ltr'>τῶν</span> 
     </span>
    </p>
   </div>
   <div class='ocr_carea' id='block_1_44' title="bbox 197 3780 1773 3861">
    <p class='ocr_par' dir='ltr' id='par_1_44' title="bbox 197 3780 1773 3861">
     <span class='ocr_line' id='line_1_44' title="bbox 197 3780 1773 3861; baseline 0.013 -30"><span class='ocrx_word' id='word_1_337' title='bbox 197 3780 577 3851; x_wconf 75' lang='grc' dir='ltr'>φαινομένων;</span> <span class='ocrx_word' id='word_1_338' title='bbox 600 3783 686 3847; x_wconf 83' lang='grc' dir='ltr'><strong>τίς</strong></span> <span class='ocrx_word' id='word_1_339' title='bbox 714 3786 746 3855; x_wconf 86' lang='grc' dir='ltr'><strong>ἡ</strong></span> <span class='ocrx_word' id='word_1_340' title='bbox 778 3786 988 3858; x_wconf 85' lang='grc' dir='ltr'>ἀνάγκη</span> <span class='ocrx_word' id='word_1_341' title='bbox 1036 3789 1144 3842; x_wconf 86' lang='grc' dir='ltr'>τῶν</span> <span class='ocrx_word' id='word_1_342' title='bbox 1188 3792 1516 3861; x_wconf 74' lang='grc' dir='ltr'>γινομένωνς</span> <span class='ocrx_word' id='word_1_343' title='bbox 1553 3795 1647 3849; x_wconf 78' lang='grc' dir='ltr'><strong>καὶ</strong></span> <span class='ocrx_word' id='word_1_344' title='bbox 1676 3797 1773 3851; x_wconf 87' lang='grc' dir='ltr'><strong>ὅσα</strong></span> 
     </span>
    </p>
   </div>
   <div class='ocr_carea' id='block_1_45' title="bbox 193 3869 1777 3957">
    <p class='ocr_par' dir='ltr' id='par_1_45' title="bbox 193 3869 1777 3957">
     <span class='ocr_line' id='line_1_45' title="bbox 193 3869 1777 3957; baseline 0.011 -34"><span class='ocrx_word' id='word_1_345' title='bbox 193 3869 428 3926; x_wconf 82' lang='grc' dir='ltr'>τοιαῦτα</span> <span class='ocrx_word' id='word_1_346' title='bbox 467 3872 569 3926; x_wconf 74' lang='grc' dir='ltr'>ὑπὸ</span> <span class='ocrx_word' id='word_1_347' title='bbox 615 3873 727 3929; x_wconf 81' lang='grc' dir='ltr'><strong>τῶν</strong></span> <span class='ocrx_word' id='word_1_348' title='bbox 777 3877 1083 3948; x_wconf 82' lang='grc' dir='ltr'>περιέργων</span> <span class='ocrx_word' id='word_1_349' title='bbox 1146 3880 1429 3952; x_wconf 82' lang='grc' dir='ltr'>ὲρευνᾶται</span> <span class='ocrx_word' id='word_1_350' title='bbox 1467 3901 1482 3916; x_wconf 72' lang='grc'><strong><em>⁸</em></strong></span> <span class='ocrx_word' id='word_1_351' title='bbox 1511 3885 1588 3956; x_wconf 84' lang='grc' dir='ltr'>τῷ</span> <span class='ocrx_word' id='word_1_352' title='bbox 1636 3887 1777 3957; x_wconf 82' lang='grc' dir='ltr'>ἁγίῳ</span> 
     </span>
    </p>
   </div>
   <div class='ocr_carea' id='block_1_46' title="bbox 197 3956 1775 4049">
    <p class='ocr_par' dir='ltr' id='par_1_46' title="bbox 197 3956 1775 4049">
     <span class='ocr_line' id='line_1_46' title="bbox 197 3956 1775 4049; baseline 0.013 -38"><span class='ocrx_word' id='word_1_353' title='bbox 197 3959 479 4031; x_wconf 85' lang='grc' dir='ltr'>Πνεύματι</span> <span class='ocrx_word' id='word_1_354' title='bbox 528 3969 831 4037; x_wconf 84' lang='grc' dir='ltr'>συγχωρεῖν</span> <span class='ocrx_word' id='word_1_355' title='bbox 864 3969 1010 4039; x_wconf 82' lang='grc' dir='ltr'>μόνῳ</span> <span class='ocrx_word' id='word_1_356' title='bbox 1053 3970 1370 4038; x_wconf 82' lang='grc' dir='ltr'>γινώσκειν,</span> <span class='ocrx_word' id='word_1_357' title='bbox 1409 3974 1488 4045; x_wconf 81' lang='grc' dir='ltr'>τῷ</span> <span class='ocrx_word' id='word_1_358' title='bbox 1523 3975 1591 4029; x_wconf 79' lang='grc' dir='ltr'>τὰ</span> <span class='ocrx_word' id='word_1_359' title='bbox 1635 3956 1775 4049; x_wconf 71' lang='grc' dir='ltr'>βάθη</span> 
     </span>
    </p>
   </div>
   <div class='ocr_carea' id='block_1_47' title="bbox 190 4052 1771 4135">
    <p class='ocr_par' dir='ltr' id='par_1_47' title="bbox 190 4052 1771 4135">
     <span class='ocr_line' id='line_1_47' title="bbox 190 4052 1771 4135; baseline 0.01 -29"><span class='ocrx_word' id='word_1_360' title='bbox 190 4052 299 4106; x_wconf 75' lang='grc' dir='ltr'><strong>τοῦ</strong></span> <span class='ocrx_word' id='word_1_361' title='bbox 345 4053 480 4108; x_wconf 84' lang='grc' dir='ltr'>Θεοῦ</span> <span class='ocrx_word' id='word_1_362' title='bbox 525 4058 887 4129; x_wconf 81' lang='grc' dir='ltr'>διερευνῶντι,</span> <span class='ocrx_word' id='word_1_363' title='bbox 931 4061 1112 4126; x_wconf 85' lang='grc' dir='ltr'>καθώς</span> <span class='ocrx_word' id='word_1_364' title='bbox 1159 4080 1324 4135; x_wconf 72' lang='grc' dir='ltr'>φησιν</span> <span class='ocrx_word' id='word_1_365' title='bbox 1363 4066 1392 4117; x_wconf 89' lang='lat'><strong>6</strong></span> <span class='ocrx_word' id='word_1_366' title='bbox 1432 4067 1771 4134; x_wconf 81' lang='grc' dir='ltr'>Ἀπόστολος.</span> 
     </span>
    </p>
   </div>
   <div class='ocr_carea' id='block_1_48' title="bbox 194 4143 1772 4233">
    <p class='ocr_par' dir='ltr' id='par_1_48' title="bbox 194 4143 1772 4233">
     <span class='ocr_line' id='line_1_48' title="bbox 194 4143 1772 4233; baseline 0.011 -37"><span class='ocrx_word' id='word_1_367' title='bbox 194 4143 277 4197; x_wconf 76' lang='lat' dir='ltr'><em>T6</em></span> <span class='ocrx_word' id='word_1_368' title='bbox 305 4146 416 4216; x_wconf 73' lang='grc' dir='ltr'>γὰρ</span> <span class='ocrx_word' id='word_1_369' title='bbox 434 4146 550 4201; x_wconf 80' lang='grc' dir='ltr'>ἀντὶ</span> <span class='ocrx_word' id='word_1_370' title='bbox 570 4149 664 4202; x_wconf 86' lang='grc' dir='ltr'><strong>τοῦ</strong></span> <span class='ocrx_word' id='word_1_371' title='bbox 694 4150 1008 4221; x_wconf 84' lang='grc' dir='ltr'>Πνεύματος</span> <span class='ocrx_word' id='word_1_372' title='bbox 1033 4153 1139 4206; x_wconf 84' lang='grc' dir='ltr'><strong>ὑπὸ</strong></span> <span class='ocrx_word' id='word_1_373' title='bbox 1164 4154 1262 4224; x_wconf 80' lang='grc' dir='ltr'>τῆς</span> <span class='ocrx_word' id='word_1_374' title='bbox 1288 4156 1509 4227; x_wconf 75' lang='grc' dir='ltr'>Γραφῆς</span> <span class='ocrx_word' id='word_1_375' title='bbox 1537 4159 1772 4233; x_wconf 84' lang='grc' dir='ltr'>πολλαχῆ</span> 
     </span>
    </p>
   </div>
   <div class='ocr_carea' id='block_1_49' title="bbox 1905 803 3495 875">
    <p class='ocr_par' dir='ltr' id='par_1_49' title="bbox 1905 803 3495 875">
     <span class='ocr_line' id='line_1_49' title="bbox 1905 803 3495 875; baseline -0.001 -15"><span class='ocrx_word' id='word_1_376' title='bbox 1905 806 2069 861; x_wconf 81' lang='lat' dir='ltr'><strong>dibus</strong></span> <span class='ocrx_word' id='word_1_377' title='bbox 2095 813 2150 861; x_wconf 85' lang='lat' dir='ltr'><strong>et</strong></span> <span class='ocrx_word' id='word_1_378' title='bbox 2182 806 2455 868; x_wconf 90' lang='lat' dir='ltr'><strong>manibus,</strong></span> <span class='ocrx_word' id='word_1_379' title='bbox 2494 808 2812 875; x_wconf 86' lang='lat' dir='ltr'><strong>reliquoque</strong></span> <span class='ocrx_word' id='word_1_380' title='bbox 2844 805 2910 858; x_wconf 87' lang='lat' dir='ltr'><strong>ad</strong></span> <span class='ocrx_word' id='word_1_381' title='bbox 2943 805 3045 859; x_wconf 84' lang='lat' dir='ltr'><strong>iter</strong></span> <span class='ocrx_word' id='word_1_382' title='bbox 3096 813 3380 874; x_wconf 88' lang='lat' dir='ltr'><strong>apparatu.</strong></span> <span class='ocrx_word' id='word_1_383' title='bbox 3416 803 3495 859; x_wconf 81' lang='lat' dir='ltr'><strong>Ne</strong></span> 
     </span>
    </p>
   </div>
   <div class='ocr_carea' id='block_1_50' title="bbox 1903 895 3489 968">
    <p class='ocr_par' dir='ltr' id='par_1_50' title="bbox 1903 895 3489 968">
     <span class='ocr_line' id='line_1_50' title="bbox 1903 895 3489 968; baseline -0.002 -15"><span class='ocrx_word' id='word_1_384' title='bbox 1903 899 2071 968; x_wconf 80' lang='lat' dir='ltr'><strong>igitur</strong></span> <span class='ocrx_word' id='word_1_385' title='bbox 2105 898 2280 966; x_wconf 81' lang='lat' dir='ltr'><strong>spinis</strong></span> <span class='ocrx_word' id='word_1_386' title='bbox 2310 898 2363 951; x_wconf 92' lang='lat' dir='ltr'><strong>in</strong></span> <span class='ocrx_word' id='word_1_387' title='bbox 2391 898 2492 952; x_wconf 85' lang='lat' dir='ltr'><strong>ltoc</strong></span> <span class='ocrx_word' id='word_1_388' title='bbox 2535 898 2708 951; x_wconf 90' lang='lat' dir='ltr'><strong>arduo</strong></span> <span class='ocrx_word' id='word_1_389' title='bbox 2738 897 2954 950; x_wconf 75' lang='lat' dir='ltr'><strong>vivendi</strong></span> <span class='ocrx_word' id='word_1_390' title='bbox 2988 896 3177 950; x_wconf 88' lang='lat' dir='ltr'><strong>itinere</strong></span> <span class='ocrx_word' id='word_1_391' title='bbox 3203 896 3366 965; x_wconf 87' lang='lat' dir='ltr'><strong>pedes</strong></span> <span class='ocrx_word' id='word_1_392' title='bbox 3395 895 3489 950; x_wconf 69' lang='lat' dir='ltr'><strong>lte-</strong></span> 
     </span>
    </p>
   </div>
   <div class='ocr_carea' id='block_1_51' title="bbox 1900 987 3493 1057">
    <p class='ocr_par' dir='ltr' id='par_1_51' title="bbox 1900 987 3493 1057">
     <span class='ocr_line' id='line_1_51' title="bbox 1900 987 3493 1057; baseline -0.002 -14"><span class='ocrx_word' id='word_1_393' title='bbox 1900 990 2231 1054; x_wconf 84' lang='lat' dir='ltr'><strong>dantur,non</strong></span> <span class='ocrx_word' id='word_1_394' title='bbox 2252 989 2413 1043; x_wconf 86' lang='lat' dir='ltr'><strong>nudis</strong></span> <span class='ocrx_word' id='word_1_395' title='bbox 2430 988 2779 1057; x_wconf 83' lang='lat' dir='ltr'><strong>pedibus,sed</strong></span> <span class='ocrx_word' id='word_1_396' title='bbox 2797 988 3112 1043; x_wconf 86' lang='lat' dir='ltr'><strong>durioribus</strong></span> <span class='ocrx_word' id='word_1_397' title='bbox 3130 987 3329 1042; x_wconf 84' lang='lat' dir='ltr'><strong>calceis</strong></span> <span class='ocrx_word' id='word_1_398' title='bbox 3345 1001 3493 1042; x_wconf 65' lang='lat' dir='ltr'><strong>como</strong></span> 
     </span>
    </p>
   </div>
   <div class='ocr_carea' id='block_1_52' title="bbox 1899 1076 3486 1149">
    <p class='ocr_par' dir='ltr' id='par_1_52' title="bbox 1899 1076 3486 1149">
     <span class='ocr_line' id='line_1_52' title="bbox 1899 1076 3486 1149; baseline 0 -16"><span class='ocrx_word' id='word_1_399' title='bbox 1899 1081 2094 1133; x_wconf 87' lang='lat' dir='ltr'><strong>muniti</strong></span> <span class='ocrx_word' id='word_1_400' title='bbox 2117 1079 2376 1135; x_wconf 89' lang='lat' dir='ltr'><strong>itinerare</strong></span> <span class='ocrx_word' id='word_1_401' title='bbox 2392 1081 2673 1135; x_wconf 83' lang='lat' dir='ltr'><strong>debemus.</strong></span> <span class='ocrx_word' id='word_1_402' title='bbox 2695 1077 2879 1148; x_wconf 73' lang='lat' dir='ltr'><strong>Spinae</strong></span> <span class='ocrx_word' id='word_1_403' title='bbox 2900 1089 3102 1144; x_wconf 90' lang='lat' dir='ltr'><strong>autem,</strong></span> <span class='ocrx_word' id='word_1_404' title='bbox 3119 1093 3239 1149; x_wconf 62' lang='lat' dir='ltr'><strong>qua</strong></span> <span class='ocrx_word' id='word_1_405' title='bbox 3256 1076 3486 1148; x_wconf 85' lang='lat' dir='ltr'><strong>pedibus</strong></span> 
     </span>
    </p>
   </div>
   <div class='ocr_carea' id='block_1_53' title="bbox 1900 1172 3484 1242">
    <p class='ocr_par' dir='ltr' id='par_1_53' title="bbox 1900 1172 3484 1242">
     <span class='ocr_line' id='line_1_53' title="bbox 1900 1172 3484 1242; baseline -0.001 -16"><span class='ocrx_word' id='word_1_406' title='bbox 1900 1172 2077 1226; x_wconf 81' lang='lat' dir='ltr'><strong>inﬁxae</strong></span> <span class='ocrx_word' id='word_1_407' title='bbox 2094 1187 2202 1226; x_wconf 91' lang='lat' dir='ltr'><strong>non</strong></span> <span class='ocrx_word' id='word_1_408' title='bbox 2222 1173 2398 1227; x_wconf 90' lang='lat' dir='ltr'><strong>solum</strong></span> <span class='ocrx_word' id='word_1_409' title='bbox 2415 1172 2652 1226; x_wconf 87' lang='lat' dir='ltr'><strong>retinent</strong></span> <span class='ocrx_word' id='word_1_410' title='bbox 2678 1172 3086 1242; x_wconf 88' lang='lat' dir='ltr'><strong>retardantque,</strong></span> <span class='ocrx_word' id='word_1_411' title='bbox 3107 1187 3292 1226; x_wconf 89' lang='lat' dir='ltr'><strong>verum</strong></span> <span class='ocrx_word' id='word_1_412' title='bbox 3320 1172 3484 1227; x_wconf 82' lang='lat' dir='ltr'><strong>etiam</strong></span> 
     </span>
    </p>
   </div>
   <div class='ocr_carea' id='block_1_54' title="bbox 1897 1246 3485 1330">
    <p class='ocr_par' dir='ltr' id='par_1_54' title="bbox 1897 1246 3485 1330">
     <span class='ocr_line' id='line_1_54' title="bbox 1897 1246 3485 1330; baseline -0.001 -14"><span class='ocrx_word' id='word_1_413' title='bbox 1897 1270 2152 1324; x_wconf 83' lang='lat' dir='ltr'><strong>enecant,</strong></span> <span class='ocrx_word' id='word_1_414' title='bbox 2180 1270 2400 1329; x_wconf 78' lang='lat' dir='ltr'><strong>peccata</strong></span> <span class='ocrx_word' id='word_1_415' title='bbox 2431 1271 2580 1323; x_wconf 90' lang='lat' dir='ltr'><strong>sunt,</strong></span> <span class='ocrx_word' id='word_1_416' title='bbox 2629 1276 2658 1314; x_wconf 88' lang='lat' dir='ltr'><strong>a</strong></span> <span class='ocrx_word' id='word_1_417' title='bbox 2682 1263 2881 1330; x_wconf 82' lang='lat' dir='ltr'><strong>quibus</strong></span> <span class='ocrx_word' id='word_1_418' title='bbox 2907 1246 3134 1317; x_wconf 83' lang='lat' dir='ltr'><strong>durities</strong></span> <span class='ocrx_word' id='word_1_419' title='bbox 3176 1262 3485 1316; x_wconf 85' lang='lat' dir='ltr'><strong>calceorum</strong></span> 
     </span>
    </p>
   </div>
   <div class='ocr_carea' id='block_1_55' title="bbox 1895 1349 3484 1425">
    <p class='ocr_par' dir='ltr' id='par_1_55' title="bbox 1895 1349 3484 1425">
     <span class='ocr_line' id='line_1_55' title="bbox 1895 1349 3484 1425; baseline 0 -22"><span class='ocrx_word' id='word_1_420' title='bbox 1895 1349 2155 1414; x_wconf 82' lang='lat' dir='ltr'><strong>defendit,</strong></span> <span class='ocrx_word' id='word_1_421' title='bbox 2169 1350 2643 1425; x_wconf 77' lang='lat' dir='ltr'><strong>continentissima</strong></span> <span class='ocrx_word' id='word_1_422' title='bbox 2655 1351 2928 1415; x_wconf 83' lang='lat' dir='ltr'><strong>videlicet,</strong></span> <span class='ocrx_word' id='word_1_423' title='bbox 2945 1353 3125 1407; x_wconf 87' lang='lat' dir='ltr'><strong>tenuis</strong></span> <span class='ocrx_word' id='word_1_424' title='bbox 3142 1366 3205 1405; x_wconf 87' lang='lat' dir='ltr'><strong>ac</strong></span> <span class='ocrx_word' id='word_1_425' title='bbox 3219 1351 3355 1406; x_wconf 90' lang='lat' dir='ltr'><strong>dura</strong></span> <span class='ocrx_word' id='word_1_426' title='bbox 3372 1350 3484 1404; x_wconf 88' lang='lat' dir='ltr'><strong>vita</strong></span> 
     </span>
    </p>
   </div>
   <div class='ocr_carea' id='block_1_56' title="bbox 1895 1440 3483 1513">
    <p class='ocr_par' dir='ltr' id='par_1_56' title="bbox 1895 1440 3483 1513">
     <span class='ocr_line' id='line_1_56' title="bbox 1895 1440 3483 1513; baseline 0.003 -20"><span class='ocrx_word' id='word_1_427' title='bbox 1895 1456 2016 1509; x_wconf 71' lang='lat' dir='ltr'><strong>qua:</strong></span> <span class='ocrx_word' id='word_1_428' title='bbox 2035 1440 2471 1507; x_wconf 79' lang='lat' dir='ltr'><strong>debilitat,atque</strong></span> <span class='ocrx_word' id='word_1_429' title='bbox 2487 1441 2688 1511; x_wconf 76' lang='lat' dir='ltr'><strong>frangit</strong></span> <span class='ocrx_word' id='word_1_430' title='bbox 2707 1444 2986 1512; x_wconf 84' lang='lat' dir='ltr'><strong>spinarum</strong></span> <span class='ocrx_word' id='word_1_431' title='bbox 3003 1443 3483 1513; x_wconf 89' lang='lat' dir='ltr'><strong>acumina.quibus</strong></span> 
     </span>
    </p>
   </div>
   <div class='ocr_carea' id='block_1_57' title="bbox 1895 1527 3485 1604">
    <p class='ocr_par' dir='ltr' id='par_1_57' title="bbox 1895 1527 3485 1604">
     <span class='ocr_line' id='line_1_57' title="bbox 1895 1527 3485 1604; baseline 0.004 -22"><span class='ocrx_word' id='word_1_432' title='bbox 1895 1545 1924 1582; x_wconf 91' lang='lat' dir='ltr'><strong>a</strong></span> <span class='ocrx_word' id='word_1_433' title='bbox 1946 1546 2116 1600; x_wconf 89' lang='lat' dir='ltr'><strong>parvo</strong></span> <span class='ocrx_word' id='word_1_434' title='bbox 2140 1527 2398 1601; x_wconf 81' lang='lat' dir='ltr'><strong>tenuique</strong></span> <span class='ocrx_word' id='word_1_435' title='bbox 2416 1533 2688 1602; x_wconf 90' lang='lat' dir='ltr'><strong>principio</strong></span> <span class='ocrx_word' id='word_1_436' title='bbox 2717 1533 2784 1587; x_wconf 89' lang='lat' dir='ltr'><strong>ad</strong></span> <span class='ocrx_word' id='word_1_437' title='bbox 2810 1534 3072 1588; x_wconf 89' lang='lat' dir='ltr'><strong>interiora</strong></span> <span class='ocrx_word' id='word_1_438' title='bbox 3097 1548 3271 1604; x_wconf 89' lang='lat' dir='ltr'><strong>usque</strong></span> <span class='ocrx_word' id='word_1_439' title='bbox 3296 1548 3485 1603; x_wconf 88' lang='lat' dir='ltr'><strong>pecca-</strong></span> 
     </span>
    </p>
   </div>
   <div class='ocr_carea' id='block_1_58' title="bbox 1893 1621 3483 1692">
    <p class='ocr_par' dir='ltr' id='par_1_58' title="bbox 1893 1621 3483 1692">
     <span class='ocr_line' id='line_1_58' title="bbox 1893 1621 3483 1692; baseline 0.002 -18"><span class='ocrx_word' id='word_1_440' title='bbox 1893 1629 1947 1674; x_wconf 86' lang='lat' dir='ltr'><strong>ta</strong></span> <span class='ocrx_word' id='word_1_441' title='bbox 1974 1621 2056 1676; x_wconf 87' lang='lat' dir='ltr'><strong>sic</strong></span> <span class='ocrx_word' id='word_1_442' title='bbox 2108 1621 2511 1690; x_wconf 80' lang='lat' dir='ltr'><strong>ingrediuntur,</strong></span> <span class='ocrx_word' id='word_1_443' title='bbox 2562 1630 2622 1677; x_wconf 89' lang='lat' dir='ltr'><strong>ut</strong></span> <span class='ocrx_word' id='word_1_444' title='bbox 2665 1623 2887 1692; x_wconf 85' lang='lat' dir='ltr'><strong>penitus</strong></span> <span class='ocrx_word' id='word_1_445' title='bbox 2931 1624 3202 1679; x_wconf 89' lang='lat' dir='ltr'><strong>occidant.</strong></span> <span class='ocrx_word' id='word_1_446' title='bbox 3228 1621 3311 1677; x_wconf 81' lang='lat' dir='ltr'><strong>Ad</strong></span> <span class='ocrx_word' id='word_1_447' title='bbox 3339 1623 3483 1677; x_wconf 89' lang='lat' dir='ltr'><strong>hanc</strong></span> 
     </span>
    </p>
   </div>
   <div class='ocr_carea' id='block_1_59' title="bbox 1893 1710 3481 1777">
    <p class='ocr_par' dir='ltr' id='par_1_59' title="bbox 1893 1710 3481 1777">
     <span class='ocr_line' id='line_1_59' title="bbox 1893 1710 3481 1777; baseline 0.004 -13"><span class='ocrx_word' id='word_1_448' title='bbox 1893 1711 2061 1766; x_wconf 89' lang='lat' dir='ltr'><strong>vitam</strong></span> <span class='ocrx_word' id='word_1_449' title='bbox 2092 1710 2418 1776; x_wconf 77' lang='lat' dir='ltr'><strong>faciendam,</strong></span> <span class='ocrx_word' id='word_1_450' title='bbox 2456 1713 2646 1768; x_wconf 86' lang='lat' dir='ltr'><strong>talaris</strong></span> <span class='ocrx_word' id='word_1_451' title='bbox 2673 1714 2843 1770; x_wconf 83' lang='lat' dir='ltr'><strong>vestis</strong></span> <span class='ocrx_word' id='word_1_452' title='bbox 2871 1722 2925 1768; x_wconf 91' lang='lat' dir='ltr'><strong>et</strong></span> <span class='ocrx_word' id='word_1_453' title='bbox 2956 1713 3153 1777; x_wconf 78' lang='lat' dir='ltr'><strong>effusa,</strong></span> <span class='ocrx_word' id='word_1_454' title='bbox 3190 1714 3244 1769; x_wconf 90' lang='lat' dir='ltr'><strong>id</strong></span> <span class='ocrx_word' id='word_1_455' title='bbox 3275 1721 3361 1770; x_wconf 84' lang='lat' dir='ltr'><strong>est</strong></span> <span class='ocrx_word' id='word_1_456' title='bbox 3384 1729 3481 1770; x_wconf 86' lang='lat' dir='ltr'><strong>vo—</strong></span> 
     </span>
    </p>
   </div>
   <div class='ocr_carea' id='block_1_60' title="bbox 1825 1775 3481 1874">
    <p class='ocr_par' dir='ltr' id='par_1_60' title="bbox 1825 1775 3481 1874">
     <span class='ocr_line' id='line_1_60' title="bbox 1825 1775 3481 1874; baseline 0.003 -20"><span class='ocrx_word' id='word_1_457' title='bbox 1825 1775 1865 1832; x_wconf 69' lang='lat' dir='ltr'><strong>n</strong></span> <span class='ocrx_word' id='word_1_458' title='bbox 1898 1805 2174 1871; x_wconf 86' lang='lat' dir='ltr'><strong>luptuosa,</strong></span> <span class='ocrx_word' id='word_1_459' title='bbox 2229 1812 2284 1857; x_wconf 89' lang='lat' dir='ltr'><strong>et</strong></span> <span class='ocrx_word' id='word_1_460' title='bbox 2335 1803 2532 1860; x_wconf 87' lang='lat' dir='ltr'><strong>vitiosa</strong></span> <span class='ocrx_word' id='word_1_461' title='bbox 2579 1804 2796 1858; x_wconf 80' lang='lat' dir='ltr'><strong>vivendi</strong></span> <span class='ocrx_word' id='word_1_462' title='bbox 2847 1807 2987 1858; x_wconf 86' lang='lat' dir='ltr'><strong>ratio</strong></span> <span class='ocrx_word' id='word_1_463' title='bbox 3035 1820 3158 1874; x_wconf 72' lang='lat' dir='ltr'><strong>quae</strong></span> <span class='ocrx_word' id='word_1_464' title='bbox 3212 1805 3481 1861; x_wconf 85' lang='lat' dir='ltr'><strong>latissime</strong></span> 
     </span>
    </p>
   </div>
   <div class='ocr_carea' id='block_1_61' title="bbox 1897 1895 3474 1967">
    <p class='ocr_par' dir='ltr' id='par_1_61' title="bbox 1897 1895 3474 1967">
     <span class='ocr_line' id='line_1_61' title="bbox 1897 1895 3474 1967; baseline 0.003 -19"><span class='ocrx_word' id='word_1_465' title='bbox 1897 1903 2064 1964; x_wconf 87' lang='lat' dir='ltr'><strong>patet,</strong></span> <span class='ocrx_word' id='word_1_466' title='bbox 2121 1895 2462 1966; x_wconf 87' lang='lat' dir='ltr'><strong>nimiumque</strong></span> <span class='ocrx_word' id='word_1_467' title='bbox 2516 1897 2847 1961; x_wconf 79' lang='lat' dir='ltr'><strong>effunditur,</strong></span> <span class='ocrx_word' id='word_1_468' title='bbox 2898 1898 3287 1967; x_wconf 90' lang='lat' dir='ltr'><strong>impedimento</strong></span> <span class='ocrx_word' id='word_1_469' title='bbox 3323 1907 3409 1954; x_wconf 93' lang='lat' dir='ltr'><strong>est</strong></span> <span class='ocrx_word' id='word_1_470' title='bbox 3461 1917 3474 1952; x_wconf 94' lang='lat'>:</span> 
     </span>
    </p>
   </div>
   <div class='ocr_carea' id='block_1_62' title="bbox 1893 1985 3479 2056">
    <p class='ocr_par' dir='ltr' id='par_1_62' title="bbox 1893 1985 3479 2056">
     <span class='ocr_line' id='line_1_62' title="bbox 1893 1985 3479 2056; baseline 0.001 -18"><span class='ocrx_word' id='word_1_471' title='bbox 1893 1998 2064 2056; x_wconf 88' lang='lat' dir='ltr'><strong>quare</strong></span> <span class='ocrx_word' id='word_1_472' title='bbox 2112 1985 2333 2055; x_wconf 77' lang='lat' dir='ltr'><strong>cingulo</strong></span> <span class='ocrx_word' id='word_1_473' title='bbox 2405 1986 2642 2055; x_wconf 89' lang='lat' dir='ltr'><strong>quodam</strong></span> <span class='ocrx_word' id='word_1_474' title='bbox 2709 2000 2929 2041; x_wconf 88' lang='lat' dir='ltr'><strong>sursum</strong></span> <span class='ocrx_word' id='word_1_475' title='bbox 2984 1986 3249 2040; x_wconf 83' lang='lat' dir='ltr'><strong>trahenda</strong></span> <span class='ocrx_word' id='word_1_476' title='bbox 3280 1994 3366 2042; x_wconf 86' lang='lat' dir='ltr'><strong>est</strong></span> <span class='ocrx_word' id='word_1_477' title='bbox 3423 1995 3479 2041; x_wconf 92' lang='lat' dir='ltr'><strong>et</strong></span> 
     </span>
    </p>
   </div>
   <div class='ocr_carea' id='block_1_63' title="bbox 1891 2075 3476 2148">
    <p class='ocr_par' dir='ltr' id='par_1_63' title="bbox 1891 2075 3476 2148">
     <span class='ocr_line' id='line_1_63' title="bbox 1891 2075 3476 2148; baseline 0.001 -20"><span class='ocrx_word' id='word_1_478' title='bbox 1891 2076 2243 2140; x_wconf 85' lang='lat' dir='ltr'><strong>coarctanda,</strong></span> <span class='ocrx_word' id='word_1_479' title='bbox 2274 2092 2343 2131; x_wconf 89' lang='lat' dir='ltr'><strong>ne</strong></span> <span class='ocrx_word' id='word_1_480' title='bbox 2383 2077 2488 2131; x_wconf 90' lang='lat' dir='ltr'><strong>buc</strong></span> <span class='ocrx_word' id='word_1_481' title='bbox 2529 2086 2692 2148; x_wconf 87' lang='lat' dir='ltr'><strong>atque</strong></span> <span class='ocrx_word' id='word_1_482' title='bbox 2721 2077 2851 2131; x_wconf 91' lang='lat' dir='ltr'><strong>illuc</strong></span> <span class='ocrx_word' id='word_1_483' title='bbox 2879 2076 3244 2131; x_wconf 83' lang='lat' dir='ltr'><strong>circumﬂuat.</strong></span> <span class='ocrx_word' id='word_1_484' title='bbox 3273 2075 3476 2147; x_wconf 80' lang='lat' dir='ltr'><strong>Cingu-</strong></span> 
     </span>
    </p>
   </div>
   <div class='ocr_carea' id='block_1_64' title="bbox 1893 2166 3471 2239">
    <p class='ocr_par' dir='ltr' id='par_1_64' title="bbox 1893 2166 3471 2239">
     <span class='ocr_line' id='line_1_64' title="bbox 1893 2166 3471 2239; baseline 0.002 -20"><span class='ocrx_word' id='word_1_485' title='bbox 1893 2166 2004 2219; x_wconf 89' lang='lat' dir='ltr'><strong>lum</strong></span> <span class='ocrx_word' id='word_1_486' title='bbox 2032 2180 2162 2220; x_wconf 90' lang='lat' dir='ltr'><strong>vero</strong></span> <span class='ocrx_word' id='word_1_487' title='bbox 2211 2166 2479 2221; x_wconf 85' lang='lat' dir='ltr'><strong>modestia</strong></span> <span class='ocrx_word' id='word_1_488' title='bbox 2532 2176 2642 2232; x_wconf 89' lang='lat' dir='ltr'><strong>est,</strong></span> <span class='ocrx_word' id='word_1_489' title='bbox 2695 2175 2749 2223; x_wconf 91' lang='lat' dir='ltr'><strong>et</strong></span> <span class='ocrx_word' id='word_1_490' title='bbox 2778 2167 3009 2239; x_wconf 79' lang='lat' dir='ltr'><strong>diligens</strong></span> <span class='ocrx_word' id='word_1_491' title='bbox 3046 2168 3260 2222; x_wconf 82' lang='lat' dir='ltr'><strong>vivendi</strong></span> <span class='ocrx_word' id='word_1_492' title='bbox 3309 2169 3471 2230; x_wconf 87' lang='lat' dir='ltr'><strong>ratio,</strong></span> 
     </span>
    </p>
   </div>
   <div class='ocr_carea' id='block_1_65' title="bbox 1891 2255 3470 2327">
    <p class='ocr_par' dir='ltr' id='par_1_65' title="bbox 1891 2255 3470 2327">
     <span class='ocr_line' id='line_1_65' title="bbox 1891 2255 3470 2327; baseline 0.002 -20"><span class='ocrx_word' id='word_1_493' title='bbox 1891 2269 2013 2323; x_wconf 69' lang='lat' dir='ltr'><strong>qua:</strong></span> <span class='ocrx_word' id='word_1_494' title='bbox 2044 2269 2143 2309; x_wconf 90' lang='lat' dir='ltr'><strong>nos</strong></span> <span class='ocrx_word' id='word_1_495' title='bbox 2170 2263 2357 2310; x_wconf 85' lang='lat' dir='ltr'><strong>monet</strong></span> <span class='ocrx_word' id='word_1_496' title='bbox 2378 2256 2443 2310; x_wconf 92' lang='lat' dir='ltr'><strong>ad</strong></span> <span class='ocrx_word' id='word_1_497' title='bbox 2469 2258 2877 2318; x_wconf 87' lang='lat' dir='ltr'><strong>necessitatem,</strong></span> <span class='ocrx_word' id='word_1_498' title='bbox 2906 2271 3016 2310; x_wconf 90' lang='lat' dir='ltr'><strong>non</strong></span> <span class='ocrx_word' id='word_1_499' title='bbox 3043 2255 3109 2310; x_wconf 85' lang='lat' dir='ltr'><strong>ad</strong></span> <span class='ocrx_word' id='word_1_500' title='bbox 3138 2256 3470 2327; x_wconf 84' lang='lat' dir='ltr'><strong>voluptatem</strong></span> 
     </span>
    </p>
   </div>
   <div class='ocr_carea' id='block_1_66' title="bbox 1892 2344 3474 2417">
    <p class='ocr_par' dir='ltr' id='par_1_66' title="bbox 1892 2344 3474 2417">
     <span class='ocr_line' id='line_1_66' title="bbox 1892 2344 3474 2417; baseline 0.003 -20"><span class='ocrx_word' id='word_1_501' title='bbox 1892 2345 2055 2400; x_wconf 84' lang='lat' dir='ltr'><strong>rebus</strong></span> <span class='ocrx_word' id='word_1_502' title='bbox 2082 2346 2182 2399; x_wconf 88' lang='lat' dir='ltr'><strong>ttti.</strong></span> <span class='ocrx_word' id='word_1_503' title='bbox 2210 2344 2367 2410; x_wconf 87' lang='lat' dir='ltr'><strong>Quod</strong></span> <span class='ocrx_word' id='word_1_504' title='bbox 2401 2354 2581 2402; x_wconf 86' lang='lat' dir='ltr'><strong>autem</strong></span> <span class='ocrx_word' id='word_1_505' title='bbox 2626 2362 2727 2417; x_wconf 88' lang='lat' dir='ltr'><strong>pro</strong></span> <span class='ocrx_word' id='word_1_506' title='bbox 2759 2345 3025 2402; x_wconf 83' lang='lat' dir='ltr'><strong>modestia</strong></span> <span class='ocrx_word' id='word_1_507' title='bbox 3068 2347 3347 2417; x_wconf 80' lang='lat' dir='ltr'><strong>cingulum</strong></span> <span class='ocrx_word' id='word_1_508' title='bbox 3378 2362 3474 2402; x_wconf 84' lang='lat' dir='ltr'><strong>ca-</strong></span> 
     </span>
    </p>
   </div>
   <div class='ocr_carea' id='block_1_67' title="bbox 1890 2435 3472 2507">
    <p class='ocr_par' dir='ltr' id='par_1_67' title="bbox 1890 2435 3472 2507">
     <span class='ocr_line' id='line_1_67' title="bbox 1890 2435 3472 2507; baseline 0.004 -20"><span class='ocrx_word' id='word_1_509' title='bbox 1890 2435 2092 2504; x_wconf 84' lang='lat' dir='ltr'><strong>piatur,</strong></span> <span class='ocrx_word' id='word_1_510' title='bbox 2122 2437 2287 2491; x_wconf 84' lang='lat' dir='ltr'><strong>eliam</strong></span> <span class='ocrx_word' id='word_1_511' title='bbox 2319 2437 2562 2492; x_wconf 88' lang='lat' dir='ltr'><strong>membra</strong></span> <span class='ocrx_word' id='word_1_512' title='bbox 2586 2437 2831 2507; x_wconf 90' lang='lat' dir='ltr'><strong>corporis</strong></span> <span class='ocrx_word' id='word_1_513' title='bbox 2860 2452 2980 2507; x_wconf 74' lang='lat' dir='ltr'><strong>quae</strong></span> <span class='ocrx_word' id='word_1_514' title='bbox 3026 2437 3247 2507; x_wconf 85' lang='lat' dir='ltr'><strong>cingulo</strong></span> <span class='ocrx_word' id='word_1_515' title='bbox 3276 2452 3472 2493; x_wconf 90' lang='lat' dir='ltr'><strong>conne-</strong></span> 
     </span>
    </p>
   </div>
   <div class='ocr_carea' id='block_1_68' title="bbox 1888 2525 3471 2597">
    <p class='ocr_par' dir='ltr' id='par_1_68' title="bbox 1888 2525 3471 2597">
     <span class='ocr_line' id='line_1_68' title="bbox 1888 2525 3471 2597; baseline 0.006 -23"><span class='ocrx_word' id='word_1_516' title='bbox 1888 2531 2137 2587; x_wconf 89' lang='lat' dir='ltr'><strong>ctuntur,</strong></span> <span class='ocrx_word' id='word_1_517' title='bbox 2164 2525 2480 2580; x_wconf 88' lang='lat' dir='ltr'><strong>testimonio</strong></span> <span class='ocrx_word' id='word_1_518' title='bbox 2511 2533 2659 2593; x_wconf 87' lang='lat' dir='ltr'><strong>sunt;</strong></span> <span class='ocrx_word' id='word_1_519' title='bbox 2692 2526 2919 2581; x_wconf 86' lang='lat' dir='ltr'><strong>baculus</strong></span> <span class='ocrx_word' id='word_1_520' title='bbox 2940 2541 3088 2592; x_wconf 87' lang='lat' dir='ltr'><strong>vero,</strong></span> <span class='ocrx_word' id='word_1_521' title='bbox 3111 2541 3222 2597; x_wconf 89' lang='lat' dir='ltr'><strong>quo</strong></span> <span class='ocrx_word' id='word_1_522' title='bbox 3249 2536 3305 2582; x_wconf 92' lang='lat' dir='ltr'><strong>et</strong></span> <span class='ocrx_word' id='word_1_523' title='bbox 3326 2526 3471 2583; x_wconf 83' lang='lat' dir='ltr'><strong>feras</strong></span> 
     </span>
    </p>
   </div>
   <div class='ocr_carea' id='block_1_69' title="bbox 1887 2615 3467 2686">
    <p class='ocr_par' dir='ltr' id='par_1_69' title="bbox 1887 2615 3467 2686">
     <span class='ocr_line' id='line_1_69' title="bbox 1887 2615 3467 2686; baseline 0.002 -17"><span class='ocrx_word' id='word_1_524' title='bbox 1887 2615 2219 2684; x_wconf 89' lang='lat' dir='ltr'><strong>repellimus,</strong></span> <span class='ocrx_word' id='word_1_525' title='bbox 2261 2625 2317 2670; x_wconf 88' lang='lat' dir='ltr'><strong>et</strong></span> <span class='ocrx_word' id='word_1_526' title='bbox 2358 2630 2749 2686; x_wconf 84' lang='lat' dir='ltr'><strong>nonnunquam</strong></span> <span class='ocrx_word' id='word_1_527' title='bbox 2780 2623 3173 2680; x_wconf 86' lang='lat' dir='ltr'><strong>sustentamur,</strong></span> <span class='ocrx_word' id='word_1_528' title='bbox 3206 2632 3332 2686; x_wconf 88' lang='lat' dir='ltr'><strong>spes</strong></span> <span class='ocrx_word' id='word_1_529' title='bbox 3363 2624 3467 2672; x_wconf 88' lang='lat' dir='ltr'><strong>est.</strong></span> 
     </span>
    </p>
   </div>
   <div class='ocr_carea' id='block_1_70' title="bbox 1889 2705 3468 2774">
    <p class='ocr_par' dir='ltr' id='par_1_70' title="bbox 1889 2705 3468 2774">
     <span class='ocr_line' id='line_1_70' title="bbox 1889 2705 3468 2774; baseline 0.002 -15"><span class='ocrx_word' id='word_1_530' title='bbox 1889 2705 2003 2761; x_wconf 84' lang='lat' dir='ltr'><strong>[lac</strong></span> <span class='ocrx_word' id='word_1_531' title='bbox 2030 2708 2175 2761; x_wconf 91' lang='lat' dir='ltr'><strong>enim</strong></span> <span class='ocrx_word' id='word_1_532' title='bbox 2208 2708 2324 2762; x_wconf 88' lang='lat' dir='ltr'><strong>sola</strong></span> <span class='ocrx_word' id='word_1_533' title='bbox 2354 2707 2686 2774; x_wconf 88' lang='lat' dir='ltr'><strong>inducimur,</strong></span> <span class='ocrx_word' id='word_1_534' title='bbox 2708 2716 2769 2763; x_wconf 88' lang='lat' dir='ltr'><strong>ut</strong></span> <span class='ocrx_word' id='word_1_535' title='bbox 2805 2708 3019 2763; x_wconf 86' lang='lat' dir='ltr'><strong>labores</strong></span> <span class='ocrx_word' id='word_1_536' title='bbox 3049 2708 3212 2763; x_wconf 87' lang='lat' dir='ltr'><strong>simul</strong></span> <span class='ocrx_word' id='word_1_537' title='bbox 3235 2717 3289 2764; x_wconf 85' lang='lat' dir='ltr'><strong>et</strong></span> <span class='ocrx_word' id='word_1_538' title='bbox 3312 2708 3468 2762; x_wconf 83' lang='lat' dir='ltr'><strong>dolo-</strong></span> 
     </span>
    </p>
   </div>
   <div class='ocr_carea' id='block_1_71' title="bbox 1885 2797 3470 2856">
    <p class='ocr_par' dir='ltr' id='par_1_71' title="bbox 1885 2797 3470 2856">
     <span class='ocr_line' id='line_1_71' title="bbox 1885 2797 3470 2856; baseline 0.003 -4"><span class='ocrx_word' id='word_1_539' title='bbox 1885 2812 1976 2854; x_wconf 85' lang='lat' dir='ltr'><strong>res</strong></span> <span class='ocrx_word' id='word_1_540' title='bbox 2007 2797 2337 2854; x_wconf 82' lang='lat' dir='ltr'><strong>suﬂ‘eramus</strong></span> <span class='ocrx_word' id='word_1_541' title='bbox 2367 2818 2381 2855; x_wconf 90' lang='lat'><strong>:</strong></span> <span class='ocrx_word' id='word_1_542' title='bbox 2416 2800 2518 2854; x_wconf 85' lang='lat' dir='ltr'><strong>hac</strong></span> <span class='ocrx_word' id='word_1_543' title='bbox 2534 2798 2711 2855; x_wconf 90' lang='lat' dir='ltr'><strong>fessos</strong></span> <span class='ocrx_word' id='word_1_544' title='bbox 2737 2799 2951 2854; x_wconf 89' lang='lat' dir='ltr'><strong>animos</strong></span> <span class='ocrx_word' id='word_1_545' title='bbox 2979 2814 3295 2856; x_wconf 89' lang='lat' dir='ltr'><strong>recreamus</strong></span> <span class='ocrx_word' id='word_1_546' title='bbox 3320 2818 3335 2855; x_wconf 87' lang='lat'><strong>:</strong></span> <span class='ocrx_word' id='word_1_547' title='bbox 3367 2800 3470 2856; x_wconf 85' lang='lat' dir='ltr'><strong>hac</strong></span> 
     </span>
    </p>
   </div>
   <div class='ocr_carea' id='block_1_72' title="bbox 1885 2888 3470 2961">
    <p class='ocr_par' dir='ltr' id='par_1_72' title="bbox 1885 2888 3470 2961">
     <span class='ocr_line' id='line_1_72' title="bbox 1885 2888 3470 2961; baseline 0.003 -18"><span class='ocrx_word' id='word_1_548' title='bbox 1885 2888 2674 2961; x_wconf 85' lang='lat' dir='ltr'><strong>ﬁt.utardentiusplerumque</strong></span> <span class='ocrx_word' id='word_1_549' title='bbox 2719 2891 2774 2945; x_wconf 89' lang='lat' dir='ltr'><strong>in</strong></span> <span class='ocrx_word' id='word_1_550' title='bbox 2805 2890 3067 2946; x_wconf 86' lang='lat' dir='ltr'><strong>latrantes</strong></span> <span class='ocrx_word' id='word_1_551' title='bbox 3116 2906 3304 2956; x_wconf 89' lang='lat' dir='ltr'><strong>canes,</strong></span> <span class='ocrx_word' id='word_1_552' title='bbox 3333 2892 3470 2947; x_wconf 86' lang='lat' dir='ltr'><strong>alie-</strong></span> 
     </span>
    </p>
   </div>
   <div class='ocr_carea' id='block_1_73' title="bbox 1885 2981 3470 3059">
    <p class='ocr_par' dir='ltr' id='par_1_73' title="bbox 1885 2981 3470 3059">
     <span class='ocr_line' id='line_1_73' title="bbox 1885 2981 3470 3059; baseline 0.001 -22"><span class='ocrx_word' id='word_1_553' title='bbox 1885 2996 1986 3038; x_wconf 88' lang='lat' dir='ltr'><strong>nas</strong></span> <span class='ocrx_word' id='word_1_554' title='bbox 2014 2981 2262 3037; x_wconf 89' lang='lat' dir='ltr'><strong>videlicet</strong></span> <span class='ocrx_word' id='word_1_555' title='bbox 2293 2998 2324 3036; x_wconf 89' lang='lat' dir='ltr'><strong>a</strong></span> <span class='ocrx_word' id='word_1_556' title='bbox 2376 2982 2607 3038; x_wconf 84' lang='lat' dir='ltr'><strong>veritate</strong></span> <span class='ocrx_word' id='word_1_557' title='bbox 2654 2983 2889 3059; x_wconf 72' lang='lat' dir='ltr'><strong>bestias,</strong></span> <span class='ocrx_word' id='word_1_558' title='bbox 2921 2984 3271 3051; x_wconf 65' lang='lat' dir='ltr'><strong>insumamus</strong></span> <span class='ocrx_word' id='word_1_559' title='bbox 3303 3002 3319 3041; x_wconf 89' lang='lat'><strong>:</strong></span> <span class='ocrx_word' id='word_1_560' title='bbox 3365 2985 3470 3039; x_wconf 85' lang='lat' dir='ltr'><strong>hac</strong></span> 
     </span>
    </p>
   </div>
   <div class='ocr_carea' id='block_1_74' title="bbox 1887 3071 3461 3142">
    <p class='ocr_par' dir='ltr' id='par_1_74' title="bbox 1887 3071 3461 3142">
     <span class='ocr_line' id='line_1_74' title="bbox 1887 3071 3461 3142; baseline 0.002 -16"><span class='ocrx_word' id='word_1_561' title='bbox 1887 3072 2083 3126; x_wconf 90' lang='lat' dir='ltr'><strong>armati</strong></span> <span class='ocrx_word' id='word_1_562' title='bbox 2132 3071 2294 3142; x_wconf 75' lang='lat' dir='ltr'><strong>longe</strong></span> <span class='ocrx_word' id='word_1_563' title='bbox 2321 3071 2445 3128; x_wconf 89' lang='lat' dir='ltr'><strong>illas</strong></span> <span class='ocrx_word' id='word_1_564' title='bbox 2472 3074 2541 3127; x_wconf 88' lang='lat' dir='ltr'><strong>ab</strong></span> <span class='ocrx_word' id='word_1_565' title='bbox 2564 3074 2758 3129; x_wconf 90' lang='lat' dir='ltr'><strong>ovibus</strong></span> <span class='ocrx_word' id='word_1_566' title='bbox 2801 3074 3006 3128; x_wconf 89' lang='lat' dir='ltr'><strong>nostris</strong></span> <span class='ocrx_word' id='word_1_567' title='bbox 3049 3088 3356 3130; x_wconf 86' lang='lat' dir='ltr'><strong>arceamus.</strong></span> <span class='ocrx_word' id='word_1_568' title='bbox 3389 3074 3461 3129; x_wconf 74' lang='lat' dir='ltr'><strong>Ex</strong></span> 
     </span>
    </p>
   </div>
   <div class='ocr_carea' id='block_1_75' title="bbox 1890 3163 3471 3235">
    <p class='ocr_par' dir='ltr' id='par_1_75' title="bbox 1890 3163 3471 3235">
     <span class='ocr_line' id='line_1_75' title="bbox 1890 3163 3471 3235; baseline 0.002 -19"><span class='ocrx_word' id='word_1_569' title='bbox 1890 3164 2014 3233; x_wconf 81' lang='lat' dir='ltr'><strong>igne</strong></span> <span class='ocrx_word' id='word_1_570' title='bbox 2040 3170 2221 3217; x_wconf 86' lang='lat' dir='ltr'><strong>autem</strong></span> <span class='ocrx_word' id='word_1_571' title='bbox 2255 3163 2434 3217; x_wconf 89' lang='lat' dir='ltr'><strong>solum</strong></span> <span class='ocrx_word' id='word_1_572' title='bbox 2467 3165 2625 3219; x_wconf 89' lang='lat' dir='ltr'><strong>cibus</strong></span> <span class='ocrx_word' id='word_1_573' title='bbox 2655 3165 2814 3219; x_wconf 90' lang='lat' dir='ltr'><strong>nobis</strong></span> <span class='ocrx_word' id='word_1_574' title='bbox 2841 3165 3158 3234; x_wconf 87' lang='lat' dir='ltr'><strong>pr0positus</strong></span> <span class='ocrx_word' id='word_1_575' title='bbox 3194 3173 3299 3230; x_wconf 87' lang='lat' dir='ltr'><strong>est,</strong></span> <span class='ocrx_word' id='word_1_576' title='bbox 3328 3180 3471 3235; x_wconf 85' lang='lat' dir='ltr'><strong>quo-</strong></span> 
     </span>
    </p>
   </div>
   <div class='ocr_carea' id='block_1_76' title="bbox 1886 3253 3468 3326">
    <p class='ocr_par' dir='ltr' id='par_1_76' title="bbox 1886 3253 3468 3326">
     <span class='ocr_line' id='line_1_76' title="bbox 1886 3253 3468 3326; baseline 0.002 -18"><span class='ocrx_word' id='word_1_577' title='bbox 1886 3255 2032 3308; x_wconf 91' lang='lat' dir='ltr'><strong>niam</strong></span> <span class='ocrx_word' id='word_1_578' title='bbox 2053 3253 2187 3309; x_wconf 82' lang='lat' dir='ltr'><strong>ﬁdes</strong></span> <span class='ocrx_word' id='word_1_579' title='bbox 2224 3268 2346 3323; x_wconf 72' lang='lat' dir='ltr'><strong>quae</strong></span> <span class='ocrx_word' id='word_1_580' title='bbox 2396 3269 2494 3324; x_wconf 90' lang='lat' dir='ltr'><strong>per</strong></span> <span class='ocrx_word' id='word_1_581' title='bbox 2550 3255 2732 3311; x_wconf 90' lang='lat' dir='ltr'><strong>cibum</strong></span> <span class='ocrx_word' id='word_1_582' title='bbox 2777 3256 2927 3310; x_wconf 88' lang='lat' dir='ltr'><strong>illutn</strong></span> <span class='ocrx_word' id='word_1_583' title='bbox 2966 3256 3322 3326; x_wconf 68' lang='lat' dir='ltr'><strong>significatur,</strong></span> <span class='ocrx_word' id='word_1_584' title='bbox 3378 3272 3468 3311; x_wconf 81' lang='lat' dir='ltr'><strong>ar-</strong></span> 
     </span>
    </p>
   </div>
   <div class='ocr_carea' id='block_1_77' title="bbox 1887 3344 3466 3411">
    <p class='ocr_par' dir='ltr' id='par_1_77' title="bbox 1887 3344 3466 3411">
     <span class='ocr_line' id='line_1_77' title="bbox 1887 3344 3466 3411; baseline 0.004 -12"><span class='ocrx_word' id='word_1_585' title='bbox 1887 3344 2207 3400; x_wconf 88' lang='lat' dir='ltr'><strong>dentissima</strong></span> <span class='ocrx_word' id='word_1_586' title='bbox 2236 3360 2359 3401; x_wconf 88' lang='lat' dir='ltr'><strong>esse</strong></span> <span class='ocrx_word' id='word_1_587' title='bbox 2386 3346 2568 3411; x_wconf 85' lang='lat' dir='ltr'><strong>debet,</strong></span> <span class='ocrx_word' id='word_1_588' title='bbox 2603 3348 2734 3403; x_wconf 88' lang='lat' dir='ltr'><strong>nihil</strong></span> <span class='ocrx_word' id='word_1_589' title='bbox 2769 3348 3074 3410; x_wconf 86' lang='lat' dir='ltr'><strong>humidum,</strong></span> <span class='ocrx_word' id='word_1_590' title='bbox 3099 3357 3192 3403; x_wconf 91' lang='lat' dir='ltr'><strong>aut</strong></span> <span class='ocrx_word' id='word_1_591' title='bbox 3221 3350 3381 3406; x_wconf 86' lang='lat' dir='ltr'><strong>labile</strong></span> <span class='ocrx_word' id='word_1_592' title='bbox 3402 3365 3466 3405; x_wconf 79' lang='lat' dir='ltr'><strong>ac</strong></span> 
     </span>
    </p>
   </div>
   <div class='ocr_carea' id='block_1_78' title="bbox 1886 3435 3462 3512">
    <p class='ocr_par' dir='ltr' id='par_1_78' title="bbox 1886 3435 3462 3512">
     <span class='ocr_line' id='line_1_78' title="bbox 1886 3435 3462 3512; baseline 0.005 -22"><span class='ocrx_word' id='word_1_593' title='bbox 1886 3435 2064 3493; x_wconf 85' lang='lat' dir='ltr'><strong>ﬂuens</strong></span> <span class='ocrx_word' id='word_1_594' title='bbox 2116 3439 2426 3507; x_wconf 86' lang='lat' dir='ltr'><strong>possidens,</strong></span> <span class='ocrx_word' id='word_1_595' title='bbox 2489 3438 2585 3496; x_wconf 87' lang='lat' dir='ltr'><strong>sed</strong></span> <span class='ocrx_word' id='word_1_596' title='bbox 2649 3440 2801 3493; x_wconf 86' lang='lat' dir='ltr'><strong>firma</strong></span> <span class='ocrx_word' id='word_1_597' title='bbox 2843 3454 2906 3494; x_wconf 90' lang='lat' dir='ltr'><strong>ac</strong></span> <span class='ocrx_word' id='word_1_598' title='bbox 2955 3441 3189 3503; x_wconf 76' lang='lat' dir='ltr'><strong>stabilis.</strong></span> <span class='ocrx_word' id='word_1_599' title='bbox 3241 3455 3307 3497; x_wconf 77' lang='lat' dir='ltr'><strong>ex</strong></span> <span class='ocrx_word' id='word_1_600' title='bbox 3358 3457 3462 3512; x_wconf 84' lang='lat' dir='ltr'><strong>qua</strong></span> 
     </span>
    </p>
   </div>
   <div class='ocr_carea' id='block_1_79' title="bbox 1885 3528 3459 3600">
    <p class='ocr_par' dir='ltr' id='par_1_79' title="bbox 1885 3528 3459 3600">
     <span class='ocr_line' id='line_1_79' title="bbox 1885 3528 3459 3600; baseline 0.004 -19"><span class='ocrx_word' id='word_1_601' title='bbox 1885 3528 2237 3585; x_wconf 89' lang='lat' dir='ltr'><strong>comedemus</strong></span> <span class='ocrx_word' id='word_1_602' title='bbox 2270 3536 2536 3600; x_wconf 86' lang='lat' dir='ltr'><strong>quantum</strong></span> <span class='ocrx_word' id='word_1_603' title='bbox 2585 3530 2744 3585; x_wconf 90' lang='lat' dir='ltr'><strong>nobis</strong></span> <span class='ocrx_word' id='word_1_604' title='bbox 2774 3530 3054 3600; x_wconf 82' lang='lat' dir='ltr'><strong>possibile.</strong></span> <span class='ocrx_word' id='word_1_605' title='bbox 3104 3530 3336 3587; x_wconf 91' lang='lat' dir='ltr'><strong>Osseum</strong></span> <span class='ocrx_word' id='word_1_606' title='bbox 3362 3547 3459 3588; x_wconf 80' lang='lat' dir='ltr'><strong>au-</strong></span> 
     </span>
    </p>
   </div>
   <div class='ocr_carea' id='block_1_80' title="bbox 1885 3619 3465 3691">
    <p class='ocr_par' dir='ltr' id='par_1_80' title="bbox 1885 3619 3465 3691">
     <span class='ocr_line' id='line_1_80' title="bbox 1885 3619 3465 3691; baseline 0.003 -20"><span class='ocrx_word' id='word_1_607' title='bbox 1885 3624 1992 3672; x_wconf 86' lang='lat' dir='ltr'><strong>tem</strong></span> <span class='ocrx_word' id='word_1_608' title='bbox 2024 3632 2089 3671; x_wconf 88' lang='lat' dir='ltr'><strong>ac</strong></span> <span class='ocrx_word' id='word_1_609' title='bbox 2121 3619 2317 3672; x_wconf 90' lang='lat' dir='ltr'><strong>durum</strong></span> <span class='ocrx_word' id='word_1_610' title='bbox 2370 3620 2527 3675; x_wconf 90' lang='lat' dir='ltr'><strong>nobis</strong></span> <span class='ocrx_word' id='word_1_611' title='bbox 2558 3619 2667 3690; x_wconf 80' lang='lat' dir='ltr'><strong>igni</strong></span> <span class='ocrx_word' id='word_1_612' title='bbox 2709 3620 2995 3682; x_wconf 86' lang='lat' dir='ltr'><strong>tradimus.</strong></span> <span class='ocrx_word' id='word_1_613' title='bbox 3032 3620 3179 3689; x_wconf 90' lang='lat' dir='ltr'><strong>quod</strong></span> <span class='ocrx_word' id='word_1_614' title='bbox 3210 3621 3371 3691; x_wconf 89' lang='lat' dir='ltr'><strong>quale</strong></span> <span class='ocrx_word' id='word_1_615' title='bbox 3394 3623 3465 3676; x_wconf 89' lang='lat' dir='ltr'><strong>sit</strong></span> 
     </span>
    </p>
   </div>
   <div class='ocr_carea' id='block_1_81' title="bbox 1883 3706 3462 3776">
    <p class='ocr_par' dir='ltr' id='par_1_81' title="bbox 1883 3706 3462 3776">
     <span class='ocr_line' id='line_1_81' title="bbox 1883 3706 3462 3776; baseline 0.003 -16"><span class='ocrx_word' id='word_1_616' title='bbox 1883 3706 2224 3776; x_wconf 89' lang='lat' dir='ltr'><strong>inspiciatur.</strong></span> <span class='ocrx_word' id='word_1_617' title='bbox 2266 3707 2405 3764; x_wconf 83' lang='lat' dir='ltr'><strong>Illud</strong></span> <span class='ocrx_word' id='word_1_618' title='bbox 2463 3717 2765 3768; x_wconf 88' lang='lat' dir='ltr'><strong>teneamus.</strong></span> <span class='ocrx_word' id='word_1_619' title='bbox 2807 3709 2916 3764; x_wconf 90' lang='lat' dir='ltr'><strong>duo</strong></span> <span class='ocrx_word' id='word_1_620' title='bbox 2968 3724 3093 3765; x_wconf 89' lang='lat' dir='ltr'><strong>esse</strong></span> <span class='ocrx_word' id='word_1_621' title='bbox 3148 3711 3462 3767; x_wconf 89' lang='lat' dir='ltr'><strong>divinorum</strong></span> 
     </span>
    </p>
   </div>
   <div class='ocr_carea' id='block_1_82' title="bbox 1882 3797 3463 3872">
    <p class='ocr_par' dir='ltr' id='par_1_82' title="bbox 1882 3797 3463 3872">
     <span class='ocr_line' id='line_1_82' title="bbox 1882 3797 3463 3872; baseline 0.005 -23"><span class='ocrx_word' id='word_1_622' title='bbox 1882 3805 2277 3867; x_wconf 85' lang='lat' dir='ltr'><strong>praeceptorum</strong></span> <span class='ocrx_word' id='word_1_623' title='bbox 2309 3813 2529 3871; x_wconf 74' lang='lat' dir='ltr'><strong>genera.</strong></span> <span class='ocrx_word' id='word_1_624' title='bbox 2548 3797 2682 3853; x_wconf 86' lang='lat' dir='ltr'><strong>Nam</strong></span> <span class='ocrx_word' id='word_1_625' title='bbox 2710 3799 2816 3854; x_wconf 91' lang='lat' dir='ltr'><strong>alia</strong></span> <span class='ocrx_word' id='word_1_626' title='bbox 2844 3799 3221 3870; x_wconf 84' lang='lat' dir='ltr'><strong>hujuscemodi</strong></span> <span class='ocrx_word' id='word_1_627' title='bbox 3240 3810 3463 3872; x_wconf 82' lang='lat' dir='ltr'><strong>sunt,ut</strong></span> 
     </span>
    </p>
   </div>
   <div class='ocr_carea' id='block_1_83' title="bbox 1882 3888 3465 3963">
    <p class='ocr_par' dir='ltr' id='par_1_83' title="bbox 1882 3888 3465 3963">
     <span class='ocr_line' id='line_1_83' title="bbox 1882 3888 3465 3963; baseline 0.003 -22"><span class='ocrx_word' id='word_1_628' title='bbox 1882 3888 2140 3956; x_wconf 88' lang='lat' dir='ltr'><strong>possibile</strong></span> <span class='ocrx_word' id='word_1_629' title='bbox 2172 3889 2333 3944; x_wconf 87' lang='lat' dir='ltr'><strong>nobis</strong></span> <span class='ocrx_word' id='word_1_630' title='bbox 2371 3890 2443 3945; x_wconf 88' lang='lat' dir='ltr'><strong>sit</strong></span> <span class='ocrx_word' id='word_1_631' title='bbox 2471 3904 2536 3945; x_wconf 87' lang='lat' dir='ltr'><strong>ea</strong></span> <span class='ocrx_word' id='word_1_632' title='bbox 2570 3890 2726 3961; x_wconf 88' lang='lat' dir='ltr'><strong>plane</strong></span> <span class='ocrx_word' id='word_1_633' title='bbox 2745 3892 3063 3963; x_wconf 78' lang='lat' dir='ltr'><strong>intelligere,</strong></span> <span class='ocrx_word' id='word_1_634' title='bbox 3104 3892 3465 3962; x_wconf 81' lang='lat' dir='ltr'><strong>probabilem-</strong></span> 
     </span>
    </p>
   </div>
   <div class='ocr_carea' id='block_1_84' title="bbox 1884 3980 3458 4055">
    <p class='ocr_par' dir='ltr' id='par_1_84' title="bbox 1884 3980 3458 4055">
     <span class='ocr_line' id='line_1_84' title="bbox 1884 3980 3458 4055; baseline 0.005 -24"><span class='ocrx_word' id='word_1_635' title='bbox 1884 3993 1990 4049; x_wconf 89' lang='lat' dir='ltr'><strong>que</strong></span> <span class='ocrx_word' id='word_1_636' title='bbox 2017 3980 2085 4034; x_wconf 90' lang='lat' dir='ltr'><strong>de</strong></span> <span class='ocrx_word' id='word_1_637' title='bbox 2126 3980 2261 4050; x_wconf 89' lang='lat' dir='ltr'><strong>ipsis</strong></span> <span class='ocrx_word' id='word_1_638' title='bbox 2284 3980 2515 4038; x_wconf 88' lang='lat' dir='ltr'><strong>reddere</strong></span> <span class='ocrx_word' id='word_1_639' title='bbox 2561 3982 2849 4038; x_wconf 88' lang='lat' dir='ltr'><strong>rationem.</strong></span> <span class='ocrx_word' id='word_1_640' title='bbox 2885 3982 3009 4039; x_wconf 63' lang='lat' dir='ltr'><strong>Haec</strong></span> <span class='ocrx_word' id='word_1_641' title='bbox 3045 4000 3151 4038; x_wconf 90' lang='lat' dir='ltr'><strong>non</strong></span> <span class='ocrx_word' id='word_1_642' title='bbox 3171 3984 3458 4055; x_wconf 67' lang='lat' dir='ltr'><strong>ignaviter,</strong></span> 
     </span>
    </p>
   </div>
   <div class='ocr_carea' id='block_1_85' title="bbox 1882 4072 3461 4142">
    <p class='ocr_par' dir='ltr' id='par_1_85' title="bbox 1882 4072 3461 4142">
     <span class='ocr_line' id='line_1_85' title="bbox 1882 4072 3461 4142; baseline 0.005 -19"><span class='ocrx_word' id='word_1_643' title='bbox 1882 4084 1983 4124; x_wconf 91' lang='lat' dir='ltr'><strong>nec</strong></span> <span class='ocrx_word' id='word_1_644' title='bbox 2018 4072 2177 4140; x_wconf 88' lang='lat' dir='ltr'><strong>quasi</strong></span> <span class='ocrx_word' id='word_1_645' title='bbox 2232 4073 2410 4127; x_wconf 90' lang='lat' dir='ltr'><strong>coacti</strong></span> <span class='ocrx_word' id='word_1_646' title='bbox 2468 4081 2808 4142; x_wconf 72' lang='lat' dir='ltr'><strong>pertractare</strong></span> <span class='ocrx_word' id='word_1_647' title='bbox 2832 4074 3113 4135; x_wconf 86' lang='lat' dir='ltr'><strong>debemus.</strong></span> <span class='ocrx_word' id='word_1_648' title='bbox 3147 4076 3241 4131; x_wconf 88' lang='lat' dir='ltr'><strong>sed</strong></span> <span class='ocrx_word' id='word_1_649' title='bbox 3270 4084 3328 4130; x_wconf 93' lang='lat' dir='ltr'><strong>ut</strong></span> <span class='ocrx_word' id='word_1_650' title='bbox 3378 4076 3461 4130; x_wconf 88' lang='lat' dir='ltr'><strong>fa-</strong></span> 
     </span>
    </p>
   </div>
   <div class='ocr_carea' id='block_1_86' title="bbox 1881 4164 3463 4229">
    <p class='ocr_par' dir='ltr' id='par_1_86' title="bbox 1881 4164 3463 4229">
     <span class='ocr_line' id='line_1_86' title="bbox 1881 4164 3463 4229; baseline 0.006 -15"><span class='ocrx_word' id='word_1_651' title='bbox 1881 4171 2187 4218; x_wconf 87' lang='lat' dir='ltr'><strong>mescentes</strong></span> <span class='ocrx_word' id='word_1_652' title='bbox 2216 4164 2531 4229; x_wconf 91' lang='lat' dir='ltr'><strong>comedunt,</strong></span> <span class='ocrx_word' id='word_1_653' title='bbox 2562 4180 2687 4219; x_wconf 92' lang='lat' dir='ltr'><strong>cum</strong></span> <span class='ocrx_word' id='word_1_654' title='bbox 2740 4165 3019 4222; x_wconf 85' lang='lat' dir='ltr'><strong>desiderio</strong></span> <span class='ocrx_word' id='word_1_655' title='bbox 3069 4167 3279 4222; x_wconf 89' lang='lat' dir='ltr'><strong>scilicet</strong></span> <span class='ocrx_word' id='word_1_656' title='bbox 3311 4177 3365 4222; x_wconf 89' lang='lat' dir='ltr'><strong>et</strong></span> <span class='ocrx_word' id='word_1_657' title='bbox 3394 4169 3463 4223; x_wconf 69' lang='lat' dir='ltr'><strong>li~</strong></span> 
     </span>
    </p>
   </div>
   <div class='ocr_carea' id='block_1_87' title="bbox 190 4233 1785 4319">
    <p class='ocr_par' dir='ltr' id='par_1_87' title="bbox 190 4233 1775 4311">
     <span class='ocr_line' id='line_1_87' title="bbox 190 4233 1775 4311; baseline 0.009 -24"><span class='ocrx_word' id='word_1_658' title='bbox 190 4235 261 4288; x_wconf 83' lang='grc' dir='ltr'><strong>τδ</strong></span> <span class='ocrx_word' id='word_1_659' title='bbox 304 4233 419 4307; x_wconf 82' lang='grc' dir='ltr'><strong>πῦρ</strong></span> <span class='ocrx_word' id='word_1_660' title='bbox 450 4240 879 4308; x_wconf 82' lang='grc' dir='ltr'>μνημονεύεσθαί</span> <span class='ocrx_word' id='word_1_661' title='bbox 917 4260 976 4295; x_wconf 88' lang='grc' dir='ltr'><strong>τε</strong></span> <span class='ocrx_word' id='word_1_662' title='bbox 1005 4244 1096 4297; x_wconf 76' lang='grc' dir='ltr'><strong>καὶ</strong></span> <span class='ocrx_word' id='word_1_663' title='bbox 1139 4243 1540 4311; x_wconf 75' lang='grc' dir='ltr'>ὀνομάζεσθαι,</span> <span class='ocrx_word' id='word_1_664' title='bbox 1564 4250 1663 4303; x_wconf 82' lang='grc' dir='ltr'><strong>οὐκ</strong></span> <span class='ocrx_word' id='word_1_665' title='bbox 1707 4251 1775 4305; x_wconf 81' lang='grc' dir='ltr'>ἄν</span> 
     </span>
    </p>
   </div>
   <div class='ocr_carea' id='block_1_88' title="bbox 1890 4233 3458 4319">
    <p class='ocr_par' dir='ltr' id='par_1_88' title="bbox 1890 4251 3458 4319">
     <span class='ocr_line' id='line_1_88' title="bbox 1890 4251 3458 4319; baseline 0.004 -14"><span class='ocrx_word' id='word_1_666' title='bbox 1890 4251 2090 4319; x_wconf 87' lang='lat' dir='ltr'><strong>benter,</strong></span> <span class='ocrx_word' id='word_1_667' title='bbox 2146 4262 2203 4307; x_wconf 86' lang='grc' dir='ltr'><strong>ιιι</strong></span> <span class='ocrx_word' id='word_1_668' title='bbox 2227 4254 2294 4309; x_wconf 87' lang='lat' dir='ltr'><strong>ad</strong></span> <span class='ocrx_word' id='word_1_669' title='bbox 2323 4256 2520 4310; x_wconf 89' lang='lat' dir='ltr'><strong>bonam</strong></span> <span class='ocrx_word' id='word_1_670' title='bbox 2572 4255 2731 4310; x_wconf 88' lang='lat' dir='ltr'><strong>nobis</strong></span> <span class='ocrx_word' id='word_1_671' title='bbox 2764 4257 2852 4311; x_wconf 84' lang='lat' dir='ltr'><strong>hic</strong></span> <span class='ocrx_word' id='word_1_672' title='bbox 2905 4258 3061 4313; x_wconf 83' lang='lat' dir='ltr'><strong>ribus</strong></span> <span class='ocrx_word' id='word_1_673' title='bbox 3096 4259 3458 4315; x_wconf 81' lang='lat' dir='ltr'><strong>valetudinem</strong></span> 
     </span>
    </p>
   </div>
   <div class='ocr_carea' id='block_1_89' title="bbox 188 4326 1785 4415">
    <p class='ocr_par' dir='ltr' id='par_1_89' title="bbox 188 4326 1776 4412">
     <span class='ocr_line' id='line_1_89' title="bbox 188 4326 1776 4412; baseline 0.011 -35"><span class='ocrx_word' id='word_1_674' title='bbox 188 4342 284 4388; x_wconf 84' lang='grc' dir='ltr'><strong>τις</strong></span> <span class='ocrx_word' id='word_1_675' title='bbox 310 4326 420 4380; x_wconf 83' lang='grc' dir='ltr'>τῶν</span> <span class='ocrx_word' id='word_1_676' title='bbox 445 4332 888 4403; x_wconf 84' lang='grc' dir='ltr'>πεπαιδευμένων</span> <span class='ocrx_word' id='word_1_677' title='bbox 909 4332 1009 4404; x_wconf 80' lang='grc' dir='ltr'>τὴν</span> <span class='ocrx_word' id='word_1_678' title='bbox 1026 4334 1245 4406; x_wconf 70' lang='grc' dir='ltr'>Γραφὴν</span> <span class='ocrx_word' id='word_1_679' title='bbox 1265 4337 1571 4407; x_wconf 79' lang='grc' dir='ltr'>ἁγνοήσειε.</span> <span class='ocrx_word' id='word_1_680' title='bbox 1600 4341 1776 4412; x_wconf 90' lang='grc' dir='ltr'>Προσ-</span> 
     </span>
    </p>
   </div>
   <div class='ocr_carea' id='block_1_90' title="bbox 1890 4326 3458 4415">
    <p class='ocr_par' dir='ltr' id='par_1_90' title="bbox 1890 4344 3458 4415">
     <span class='ocr_line' id='line_1_90' title="bbox 1890 4344 3458 4415; baseline 0.005 -20"><span class='ocrx_word' id='word_1_681' title='bbox 1890 4344 2075 4398; x_wconf 63' lang='lat' dir='ltr'><strong>anima:</strong></span> <span class='ocrx_word' id='word_1_682' title='bbox 2103 4345 2275 4414; x_wconf 91' lang='lat' dir='ltr'><strong>possit</strong></span> <span class='ocrx_word' id='word_1_683' title='bbox 2319 4345 2600 4415; x_wconf 88' lang='lat' dir='ltr'><strong>prodesse.</strong></span> <span class='ocrx_word' id='word_1_684' title='bbox 2645 4345 2764 4399; x_wconf 85' lang='lat' dir='ltr'><strong>Alia</strong></span> <span class='ocrx_word' id='word_1_685' title='bbox 2792 4348 2872 4401; x_wconf 90' lang='lat' dir='ltr'><strong>sic</strong></span> <span class='ocrx_word' id='word_1_686' title='bbox 2913 4348 3100 4414; x_wconf 86' lang='lat' dir='ltr'><strong>latent,</strong></span> <span class='ocrx_word' id='word_1_687' title='bbox 3141 4356 3200 4403; x_wconf 91' lang='lat' dir='ltr'><strong>ut</strong></span> <span class='ocrx_word' id='word_1_688' title='bbox 3234 4349 3458 4404; x_wconf 83' lang='lat' dir='ltr'><strong>duriora</strong></span> 
     </span>
    </p>
   </div>
   <div class='ocr_carea' id='block_1_91' title="bbox 189 4414 1785 4520">
    <p class='ocr_par' dir='ltr' id='par_1_91' title="bbox 189 4414 1775 4520">
     <span class='ocr_line' id='line_1_91' title="bbox 189 4414 1775 4520; baseline 0.012 -54"><span class='ocrx_word' id='word_1_689' title='bbox 189 4414 345 4520; x_wconf 71' lang='grc' dir='ltr'><strong>ἁγει⁹</strong></span> <span class='ocrx_word' id='word_1_690' title='bbox 369 4416 425 4470; x_wconf 78' lang='grc' dir='ltr'>δὲ</span> <span class='ocrx_word' id='word_1_691' title='bbox 464 4422 529 4491; x_wconf 77' lang='grc' dir='ltr'>τῇ</span> <span class='ocrx_word' id='word_1_692' title='bbox 568 4421 788 4495; x_wconf 80' lang='grc' dir='ltr'>τοιαύτῃ</span> <span class='ocrx_word' id='word_1_693' title='bbox 812 4424 1022 4494; x_wconf 75' lang='grc' dir='ltr'>διανοίᾳ</span> <span class='ocrx_word' id='word_1_694' title='bbox 1058 4427 1205 4496; x_wconf 79' lang='grc' dir='ltr'>ἡμᾶς</span> <span class='ocrx_word' id='word_1_695' title='bbox 1242 4427 1347 4480; x_wconf 64' lang='grc' dir='ltr'>καὶ</span> <span class='ocrx_word' id='word_1_696' title='bbox 1364 4429 1424 4481; x_wconf 86' lang='grc' dir='ltr'><strong>τὸ</strong></span> <span class='ocrx_word' id='word_1_697' title='bbox 1444 4429 1543 4499; x_wconf 84' lang='grc' dir='ltr'>τῆς</span> <span class='ocrx_word' id='word_1_698' title='bbox 1576 4431 1775 4497; x_wconf 67' lang='grc' dir='ltr'>Σοφίας</span> 
     </span>
    </p>
   </div>
   <div class='ocr_carea' id='block_1_92' title="bbox 1890 4414 3458 4520">
    <p class='ocr_par' dir='ltr' id='par_1_92' title="bbox 1890 4435 3458 4509">
     <span class='ocr_line' id='line_1_92' title="bbox 1890 4435 3458 4509; baseline 0.003 -20"><span class='ocrx_word' id='word_1_699' title='bbox 1890 4435 2010 4498; x_wconf 76' lang='lat' dir='ltr'><strong>sint,</strong></span> <span class='ocrx_word' id='word_1_700' title='bbox 2036 4450 2197 4504; x_wconf 92' lang='lat' dir='ltr'><strong>quam</strong></span> <span class='ocrx_word' id='word_1_701' title='bbox 2224 4443 2281 4489; x_wconf 88' lang='lat' dir='ltr'><strong>ut</strong></span> <span class='ocrx_word' id='word_1_702' title='bbox 2316 4436 2397 4491; x_wconf 89' lang='lat' dir='ltr'><strong>vel</strong></span> <span class='ocrx_word' id='word_1_703' title='bbox 2432 4437 2587 4505; x_wconf 90' lang='lat' dir='ltr'><strong>plene</strong></span> <span class='ocrx_word' id='word_1_704' title='bbox 2639 4437 2955 4509; x_wconf 80' lang='lat' dir='ltr'><strong>intelligere,</strong></span> <span class='ocrx_word' id='word_1_705' title='bbox 2989 4440 3071 4493; x_wconf 80' lang='lat' dir='ltr'><strong>vel</strong></span> <span class='ocrx_word' id='word_1_706' title='bbox 3120 4440 3347 4496; x_wconf 81' lang='lat' dir='ltr'><strong>reddere</strong></span> <span class='ocrx_word' id='word_1_707' title='bbox 3372 4455 3458 4494; x_wconf 83' lang='lat' dir='ltr'><strong>ra-</strong></span> 
     </span>
    </p>
   </div>
   <div class='ocr_carea' id='block_1_93' title="bbox 189 4504 1785 4601">
    <p class='ocr_par' dir='ltr' id='par_1_93' title="bbox 189 4504 1777 4601">
     <span class='ocr_line' id='line_1_93' title="bbox 189 4504 1777 4601; baseline 0.012 -46"><span class='ocrx_word' id='word_1_708' title='bbox 189 4504 588 4601; x_wconf 57' lang='grc' dir='ltr'><strong>¹παράγγελμα,</strong></span> <span class='ocrx_word' id='word_1_709' title='bbox 622 4511 703 4565; x_wconf 81' lang='grc' dir='ltr'>ὅτι</span> <span class='ocrx_word' id='word_1_710' title='bbox 726 4531 745 4562; x_wconf 83' lang='grc' dir='ltr'><strong>ι</strong></span> <span class='ocrx_word' id='word_1_711' title='bbox 785 4513 1131 4584; x_wconf 79' lang='grc' dir='ltr'>’ἰσχυρότερά</span> <span class='ocrx_word' id='word_1_712' title='bbox 1146 4531 1237 4567; x_wconf 89' lang='grc' dir='ltr'><strong>σου</strong></span> <span class='ocrx_word' id='word_1_713' title='bbox 1256 4516 1330 4587; x_wconf 84' lang='grc' dir='ltr'>μὴ</span> <span class='ocrx_word' id='word_1_714' title='bbox 1346 4517 1559 4586; x_wconf 75' lang='grc' dir='ltr'>ἐρεύνα,</span> <span class='ocrx_word' id='word_1_715' title='bbox 1584 4538 1602 4570; x_wconf 74' lang='grc' dir='ltr'><strong>ι</strong></span> <span class='ocrx_word' id='word_1_716' title='bbox 1625 4537 1777 4574; x_wconf 88' lang='grc' dir='ltr'>τουτ-</span> 
     </span>
    </p>
   </div>
   <div class='ocr_carea' id='block_1_94' title="bbox 1890 4504 3458 4601">
    <p class='ocr_par' dir='ltr' id='par_1_94' title="bbox 1890 4524 3458 4601">
     <span class='ocr_line' id='line_1_94' title="bbox 1890 4524 3458 4601; baseline 0.004 -22"><span class='ocrx_word' id='word_1_717' title='bbox 1890 4524 2083 4580; x_wconf 85' lang='lat' dir='ltr'><strong>tiunem</strong></span> <span class='ocrx_word' id='word_1_718' title='bbox 2116 4542 2382 4596; x_wconf 84' lang='lat' dir='ltr'><strong>queamus</strong></span> <span class='ocrx_word' id='word_1_719' title='bbox 2405 4567 2420 4587; x_wconf 89' lang='lat'><strong>.</strong></span> <span class='ocrx_word' id='word_1_720' title='bbox 2471 4536 2529 4582; x_wconf 92' lang='lat' dir='ltr'><strong>ut</strong></span> <span class='ocrx_word' id='word_1_721' title='bbox 2561 4528 2607 4584; x_wconf 86' lang='lat' dir='ltr'><strong>si</strong></span> <span class='ocrx_word' id='word_1_722' title='bbox 2632 4529 2757 4599; x_wconf 90' lang='lat' dir='ltr'><strong>quis</strong></span> <span class='ocrx_word' id='word_1_723' title='bbox 2782 4538 3069 4600; x_wconf 64' lang='lat' dir='ltr'><strong>quaereret,</strong></span> <span class='ocrx_word' id='word_1_724' title='bbox 3108 4545 3357 4601; x_wconf 68' lang='lat' dir='ltr'><strong>quaenam</strong></span> <span class='ocrx_word' id='word_1_725' title='bbox 3386 4532 3458 4586; x_wconf 89' lang='lat' dir='ltr'><strong>sit</strong></span> 
     </span>
    </p>
   </div>
   <div class='ocr_carea' id='block_1_95' title="bbox 186 4593 1785 4692">
    <p class='ocr_par' dir='ltr' id='par_1_95' title="bbox 186 4593 1777 4692">
     <span class='ocr_line' id='line_1_95' title="bbox 186 4593 1777 4692; baseline 0.014 -48"><span class='ocrx_word' id='word_1_726' title='bbox 186 4593 337 4692; x_wconf 56' lang='grc' dir='ltr'>ἐστι,</span> <span class='ocrx_word' id='word_1_727' title='bbox 366 4596 434 4648; x_wconf 68' lang='grc' dir='ltr'>τὰ</span> <span class='ocrx_word' id='word_1_728' title='bbox 466 4596 596 4652; x_wconf 74' lang='grc' dir='ltr'>ὀστᾶ</span> <span class='ocrx_word' id='word_1_729' title='bbox 652 4600 747 4654; x_wconf 88' lang='grc' dir='ltr'><strong>τοῦ</strong></span> <span class='ocrx_word' id='word_1_730' title='bbox 794 4602 952 4672; x_wconf 83' lang='grc' dir='ltr'>λόγου</span> <span class='ocrx_word' id='word_1_731' title='bbox 1007 4604 1084 4676; x_wconf 80' lang='grc' dir='ltr'>μὴ</span> <span class='ocrx_word' id='word_1_732' title='bbox 1127 4604 1409 4677; x_wconf 78' lang='grc' dir='ltr'>σύντριὸε·</span> <span class='ocrx_word' id='word_1_733' title='bbox 1444 4610 1505 4661; x_wconf 83' lang='grc' dir='ltr'>οὺ</span> <span class='ocrx_word' id='word_1_734' title='bbox 1542 4610 1651 4680; x_wconf 82' lang='grc' dir='ltr'><strong>γάρ</strong></span> <span class='ocrx_word' id='word_1_735' title='bbox 1696 4629 1777 4666; x_wconf 88' lang='grc' dir='ltr'><strong>σοι</strong></span> 
     </span>
    </p>
   </div>
   <div class='ocr_carea' id='block_1_96' title="bbox 1890 4593 3462 4692">
    <p class='ocr_par' dir='ltr' id='par_1_96' title="bbox 1890 4593 3462 4692">
     <span class='ocr_line' id='line_1_96' title="bbox 1890 4593 3462 4692; baseline 0.004 -22"><span class='ocrx_word' id='word_1_736' title='bbox 1890 4593 2183 4672; x_wconf 79' lang='lat' dir='ltr'><strong>substantia</strong></span> <span class='ocrx_word' id='word_1_737' title='bbox 2206 4617 2320 4684; x_wconf 88' lang='lat' dir='ltr'><strong>Dei,</strong></span> <span class='ocrx_word' id='word_1_738' title='bbox 2348 4620 2479 4689; x_wconf 88' lang='lat' dir='ltr'><strong>qttid</strong></span> <span class='ocrx_word' id='word_1_739' title='bbox 2519 4629 2644 4675; x_wconf 84' lang='lat' dir='ltr'><strong>ante</strong></span> <span class='ocrx_word' id='word_1_740' title='bbox 2672 4622 3005 4677; x_wconf 87' lang='lat' dir='ltr'><strong>creationem</strong></span> <span class='ocrx_word' id='word_1_741' title='bbox 3030 4621 3214 4688; x_wconf 85' lang='lat' dir='ltr'><strong>fuerit,</strong></span> <span class='ocrx_word' id='word_1_742' title='bbox 3240 4638 3361 4692; x_wconf 69' lang='lat' dir='ltr'><strong>quae</strong></span> <span class='ocrx_word' id='word_1_743' title='bbox 3387 4624 3462 4679; x_wconf 87' lang='lat' dir='ltr'><strong>sit</strong></span> 
     </span>
    </p>
   </div>
   <div class='ocr_carea' id='block_1_97' title="bbox 187 4681 1785 4784">
    <p class='ocr_par' dir='ltr' id='par_1_97' title="bbox 187 4681 805 4758">
     <span class='ocr_line' id='line_1_97' title="bbox 187 4681 805 4758; baseline 0.023 -27"><span class='ocrx_word' id='word_1_744' title='bbox 187 4681 359 4752; x_wconf 80' lang='grc' dir='ltr'>χρεία</span> <span class='ocrx_word' id='word_1_745' title='bbox 388 4684 494 4739; x_wconf 84' lang='grc' dir='ltr'>τῶν</span> <span class='ocrx_word' id='word_1_746' title='bbox 525 4689 805 4758; x_wconf 84' lang='grc' dir='ltr'>κρυπτῶν.</span> 
     </span>
    </p>
   </div>
   <div class='ocr_carea' id='block_1_98' title="bbox 1890 4681 3456 4784">
    <p class='ocr_par' dir='ltr' id='par_1_98' title="bbox 1890 4707 3456 4784">
     <span class='ocr_line' id='line_1_98' title="bbox 1890 4707 3456 4784; baseline 0.004 -25"><span class='ocrx_word' id='word_1_747' title='bbox 1890 4707 2180 4763; x_wconf 82' lang='lat' dir='ltr'><strong>necessitas</strong></span> <span class='ocrx_word' id='word_1_748' title='bbox 2214 4724 2403 4762; x_wconf 90' lang='lat' dir='ltr'><strong>eorum</strong></span> <span class='ocrx_word' id='word_1_749' title='bbox 2441 4727 2562 4780; x_wconf 69' lang='lat' dir='ltr'><strong>qua:</strong></span> <span class='ocrx_word' id='word_1_750' title='bbox 2585 4711 2736 4777; x_wconf 86' lang='lat' dir='ltr'><strong>fiunt,</strong></span> <span class='ocrx_word' id='word_1_751' title='bbox 2764 4713 2979 4783; x_wconf 83' lang='lat' dir='ltr'><strong>aliaque</strong></span> <span class='ocrx_word' id='word_1_752' title='bbox 3011 4729 3174 4784; x_wconf 81' lang='lat' dir='ltr'><strong>quam</strong></span> <span class='ocrx_word' id='word_1_753' title='bbox 3203 4713 3456 4784; x_wconf 83' lang='lat' dir='ltr'><strong>plurima,</strong></span> 
     </span>
    </p>
   </div>
   <div class='ocr_carea' id='block_1_99' title="bbox 183 4778 3456 4878">
    <p class='ocr_par' dir='ltr' id='par_1_99' title="bbox 183 4778 3456 4878">
     <span class='ocr_line' id='line_1_99' title="bbox 183 4778 3456 4878; baseline 0.012 -53"><span class='ocrx_word' id='word_1_754' title='bbox 183 4789 317 4878; x_wconf 68' lang='lat' dir='ltr'><strong>quae</strong></span> <span class='ocrx_word' id='word_1_755' title='bbox 348 4778 567 4878; x_wconf 76' lang='lat' dir='ltr'><strong>curiose</strong></span> <span class='ocrx_word' id='word_1_756' title='bbox 587 4780 741 4878; x_wconf 63' lang='lat' dir='ltr'><strong>multi</strong></span> <span class='ocrx_word' id='word_1_757' title='bbox 772 4792 1061 4878; x_wconf 64' lang='lat' dir='ltr'><strong>quaerunt:</strong></span> <span class='ocrx_word' id='word_1_758' title='bbox 1089 4785 1203 4841; x_wconf 61' lang='lat' dir='ltr'><strong>huic</strong></span> <span class='ocrx_word' id='word_1_759' title='bbox 1235 4790 1418 4844; x_wconf 85' lang='lat' dir='ltr'><strong>omnia</strong></span> <span class='ocrx_word' id='word_1_760' title='bbox 1451 4790 1679 4860; x_wconf 89' lang='lat' dir='ltr'><strong>Spiritui</strong></span> <span class='ocrx_word' id='word_1_761' title='bbox 1712 4804 1904 4851; x_wconf 91' lang='lat' dir='ltr'><strong>sancto</strong></span> <span class='ocrx_word' id='word_1_762' title='bbox 1932 4798 2325 4868; x_wconf 83' lang='lat' dir='ltr'><strong>relinquemus,</strong></span> <span class='ocrx_word' id='word_1_763' title='bbox 2366 4778 2470 4870; x_wconf 82' lang='lat' dir='ltr'><strong>qui</strong></span> <span class='ocrx_word' id='word_1_764' title='bbox 2494 4800 2585 4856; x_wconf 87' lang='lat' dir='ltr'><strong>Dei</strong></span> <span class='ocrx_word' id='word_1_765' title='bbox 2624 4778 2904 4872; x_wconf 75' lang='lat' dir='ltr'><strong>profunda</strong></span> <span class='ocrx_word' id='word_1_766' title='bbox 2923 4778 3294 4878; x_wconf 60' lang='lat' dir='ltr'><strong>investigata</strong></span> <span class='ocrx_word' id='word_1_767' title='bbox 3332 4807 3456 4864; x_wconf 88' lang='lat' dir='ltr'><strong>scit.</strong></span> 
     </span>
    </p>
   </div>
   <div class='ocr_carea' id='block_1_100' title="bbox 184 4865 3459 4965">
    <p class='ocr_par' dir='ltr' id='par_1_100' title="bbox 184 4865 3459 4965">
     <span class='ocr_line' id='line_1_100' title="bbox 184 4865 3459 4965; baseline 0.01 -48"><span class='ocrx_word' id='word_1_768' title='bbox 184 4873 252 4917; x_wconf 88' lang='lat' dir='ltr'><strong>ut</strong></span> <span class='ocrx_word' id='word_1_769' title='bbox 285 4865 687 4965; x_wconf 52' lang='lat' dir='ltr'><strong>Apostolus-ait</strong></span> <span class='ocrx_word' id='word_1_770' title='bbox 710 4870 772 4926; x_wconf 83' lang='grc'><strong>³³.</strong></span> <span class='ocrx_word' id='word_1_771' title='bbox 805 4871 940 4929; x_wconf 86' lang='lat' dir='ltr'><strong>Nam</strong></span> <span class='ocrx_word' id='word_1_772' title='bbox 967 4874 1143 4945; x_wconf 72' lang='lat' dir='ltr'><strong>ignem</strong></span> <span class='ocrx_word' id='word_1_773' title='bbox 1183 4891 1281 4947; x_wconf 89' lang='lat' dir='ltr'><strong>pro</strong></span> <span class='ocrx_word' id='word_1_774' title='bbox 1311 4880 1504 4947; x_wconf 85' lang='lat' dir='ltr'><strong>spiritu</strong></span> <span class='ocrx_word' id='word_1_775' title='bbox 1546 4883 1664 4952; x_wconf 80' lang='lat' dir='ltr'><strong>capi</strong></span> <span class='ocrx_word' id='word_1_776' title='bbox 1714 4884 2033 4953; x_wconf 89' lang='lat' dir='ltr'><strong>plerumque</strong></span> <span class='ocrx_word' id='word_1_777' title='bbox 2064 4865 2118 4941; x_wconf 78' lang='lat' dir='ltr'><strong>in</strong></span> <span class='ocrx_word' id='word_1_778' title='bbox 2162 4890 2338 4944; x_wconf 80' lang='lat' dir='ltr'><strong>sacris</strong></span> <span class='ocrx_word' id='word_1_779' title='bbox 2365 4865 2603 4956; x_wconf 60' lang='lat' dir='ltr'><strong>Litteris,</strong></span> <span class='ocrx_word' id='word_1_780' title='bbox 2624 4865 2808 4947; x_wconf 47' lang='lat' dir='ltr'><strong>-nemo</strong></span> <span class='ocrx_word' id='word_1_781' title='bbox 2845 4894 2983 4950; x_wconf 87' lang='lat' dir='ltr'><strong>lacte</strong></span> <span class='ocrx_word' id='word_1_782' title='bbox 3012 4865 3251 4965; x_wconf 60' lang='lat' dir='ltr'><strong>ipsarum</strong></span> <span class='ocrx_word' id='word_1_783' title='bbox 3281 4896 3459 4950; x_wconf 88' lang='lat' dir='ltr'><strong>nutri-</strong></span> 
     </span>
    </p>
   </div>
   <div class='ocr_carea' id='block_1_101' title="bbox 181 4956 3460 5049">
    <p class='ocr_par' dir='ltr' id='par_1_101' title="bbox 181 4956 3460 5049">
     <span class='ocr_line' id='line_1_101' title="bbox 181 4956 3460 5049; baseline 0.012 -43"><span class='ocrx_word' id='word_1_784' title='bbox 181 4969 283 5015; x_wconf 80' lang='lat' dir='ltr'><strong>ws</strong></span> <span class='ocrx_word' id='word_1_785' title='bbox 316 4956 557 5024; x_wconf 80' lang='lat' dir='ltr'><strong>negabit.</strong></span> <span class='ocrx_word' id='word_1_786' title='bbox 588 4957 700 5015; x_wconf 87' lang='lat' dir='ltr'><strong>Hoc</strong></span> <span class='ocrx_word' id='word_1_787' title='bbox 722 4971 807 5017; x_wconf 90' lang='lat' dir='ltr'><strong>est</strong></span> <span class='ocrx_word' id='word_1_788' title='bbox 833 4966 995 5020; x_wconf 87' lang='lat' dir='ltr'><strong>etiam</strong></span> <span class='ocrx_word' id='word_1_789' title='bbox 1018 4967 1165 5037; x_wconf 91' lang='lat' dir='ltr'><strong>quod</strong></span> <span class='ocrx_word' id='word_1_790' title='bbox 1191 4967 1466 5037; x_wconf 75' lang='lat' dir='ltr'><strong>Sapientia</strong></span> <span class='ocrx_word' id='word_1_791' title='bbox 1494 4982 1696 5031; x_wconf 84' lang='lat' dir='ltr'><strong>monet.</strong></span> <span class='ocrx_word' id='word_1_792' title='bbox 1732 4995 1749 5023; x_wconf 77' lang='grc' dir='ltr'><strong>ι</strong></span> <span class='ocrx_word' id='word_1_793' title='bbox 1783 4975 2031 5030; x_wconf 88' lang='lat' dir='ltr'><strong>Fortiora</strong></span> <span class='ocrx_word' id='word_1_794' title='bbox 2057 4988 2109 5032; x_wconf 91' lang='lat' dir='ltr'><strong>te</strong></span> <span class='ocrx_word' id='word_1_795' title='bbox 2140 4994 2208 5033; x_wconf 92' lang='lat' dir='ltr'><strong>ne</strong></span> <span class='ocrx_word' id='word_1_796' title='bbox 2240 4981 2588 5049; x_wconf 76' lang='lat' dir='ltr'><strong>scruteris“,</strong></span> <span class='ocrx_word' id='word_1_797' title='bbox 2616 5003 2633 5036; x_wconf 81' lang='grc' dir='ltr'><strong>ι</strong></span> <span class='ocrx_word' id='word_1_798' title='bbox 2664 4983 2769 5039; x_wconf 91' lang='lat' dir='ltr'><strong>boc</strong></span> <span class='ocrx_word' id='word_1_799' title='bbox 2789 4993 2894 5049; x_wconf 90' lang='lat' dir='ltr'><strong>est,</strong></span> <span class='ocrx_word' id='word_1_800' title='bbox 2928 4956 3053 5041; x_wconf 72' lang='lat' dir='ltr'><strong>ossa</strong></span> <span class='ocrx_word' id='word_1_801' title='bbox 3079 4987 3231 5043; x_wconf 88' lang='lat' dir='ltr'><strong>verbi</strong></span> <span class='ocrx_word' id='word_1_802' title='bbox 3265 4985 3360 5042; x_wconf 88' lang='lat' dir='ltr'><strong>Dei</strong></span> <span class='ocrx_word' id='word_1_803' title='bbox 3390 5002 3460 5045; x_wconf 87' lang='lat' dir='ltr'><strong>ne</strong></span> 
     </span>
    </p>
   </div>
   <div class='ocr_carea' id='block_1_102' title="bbox 180 5051 1716 5132">
    <p class='ocr_par' dir='ltr' id='par_1_102' title="bbox 180 5051 1716 5132">
     <span class='ocr_line' id='line_1_102' title="bbox 180 5051 1716 5132; baseline 0.009 -25"><span class='ocrx_word' id='word_1_804' title='bbox 180 5051 551 5123; x_wconf 75' lang='lat' dir='ltr'><strong>confringas:</strong></span> <span class='ocrx_word' id='word_1_805' title='bbox 601 5070 711 5111; x_wconf 89' lang='lat' dir='ltr'><strong>non</strong></span> <span class='ocrx_word' id='word_1_806' title='bbox 737 5059 884 5113; x_wconf 88' lang='lat' dir='ltr'><strong>enim</strong></span> <span class='ocrx_word' id='word_1_807' title='bbox 927 5069 1013 5115; x_wconf 87' lang='lat' dir='ltr'><strong>est</strong></span> <span class='ocrx_word' id='word_1_808' title='bbox 1050 5061 1149 5118; x_wconf 85' lang='lat' dir='ltr'><strong>tibi</strong></span> <span class='ocrx_word' id='word_1_809' title='bbox 1183 5077 1324 5132; x_wconf 84' lang='lat' dir='ltr'><strong>opus</strong></span> <span class='ocrx_word' id='word_1_810' title='bbox 1355 5063 1716 5121; x_wconf 88' lang='lat' dir='ltr'><strong>absconditis.</strong></span> 
     </span>
    </p>
   </div>
   <div class='ocr_carea' id='block_1_103' title="bbox 258 5229 1785 5326">
    <p class='ocr_par' dir='ltr' id='par_1_103' title="bbox 258 5229 1772 5326">
     <span class='ocr_line' id='line_1_103' title="bbox 258 5229 1772 5326; baseline 0.013 -45"><span class='ocrx_word' id='word_1_811' title='bbox 258 5229 453 5326; x_wconf 70' lang='grc' dir='ltr'>ρῦτως</span> <span class='ocrx_word' id='word_1_812' title='bbox 469 5232 733 5326; x_wconf 54' lang='grc' dir='ltr'><strong>¹ὲιιςόἀλλει</strong></span> <span class='ocrx_word' id='word_1_813' title='bbox 753 5235 849 5305; x_wconf 82' lang='grc' dir='ltr'>τῆς</span> <span class='ocrx_word' id='word_1_814' title='bbox 880 5237 1154 5306; x_wconf 75' lang='grc' dir='ltr'>Αἰγύπτου</span> <span class='ocrx_word' id='word_1_815' title='bbox 1178 5243 1205 5298; x_wconf 96' lang='lat'><strong>6</strong></span> <span class='ocrx_word' id='word_1_816' title='bbox 1229 5243 1366 5296; x_wconf 88' lang='grc' dir='ltr'>Μωῦ</span> <span class='ocrx_word' id='word_1_817' title='bbox 1376 5243 1474 5313; x_wconf 80' lang='grc' dir='ltr'><strong>σῆς</strong></span> <span class='ocrx_word' id='word_1_818' title='bbox 1502 5244 1590 5296; x_wconf 77' lang='grc' dir='ltr'>τὸν</span> <span class='ocrx_word' id='word_1_819' title='bbox 1613 5246 1739 5299; x_wconf 72' lang='grc' dir='ltr'>λαόν</span> <span class='ocrx_word' id='word_1_820' title='bbox 1759 5263 1772 5276; x_wconf 92' lang='grc'><strong>·</strong></span> 
     </span>
    </p>
   </div>
   <div class='ocr_carea' id='block_1_104' title="bbox 1890 5229 3458 5326">
    <p class='ocr_par' dir='ltr' id='par_1_104' title="bbox 1954 5248 3458 5326">
     <span class='ocr_line' id='line_1_104' title="bbox 1954 5248 3458 5326; baseline 0.005 -24"><span class='ocrx_word' id='word_1_821' title='bbox 1954 5248 2044 5303; x_wconf 91' lang='lat' dir='ltr'><strong>Sic</strong></span> <span class='ocrx_word' id='word_1_822' title='bbox 2081 5250 2264 5305; x_wconf 88' lang='lat' dir='ltr'><strong>educit</strong></span> <span class='ocrx_word' id='word_1_823' title='bbox 2306 5252 2374 5305; x_wconf 89' lang='lat' dir='ltr'><strong>ab</strong></span> <span class='ocrx_word' id='word_1_824' title='bbox 2416 5252 2652 5325; x_wconf 65' lang='lat' dir='ltr'><strong>Egypto</strong></span> <span class='ocrx_word' id='word_1_825' title='bbox 2696 5253 2907 5326; x_wconf 80' lang='lat' dir='ltr'><strong>Moyses</strong></span> <span class='ocrx_word' id='word_1_826' title='bbox 2950 5254 3227 5324; x_wconf 90' lang='lat' dir='ltr'><strong>populum,</strong></span> <span class='ocrx_word' id='word_1_827' title='bbox 3259 5264 3311 5308; x_wconf 93' lang='lat' dir='ltr'><strong>et</strong></span> <span class='ocrx_word' id='word_1_828' title='bbox 3339 5257 3458 5324; x_wconf 84' lang='lat' dir='ltr'><strong>qui-</strong></span> 
     </span>
    </p>
   </div>
   <div class='ocr_carea' id='block_1_105' title="bbox 176 5318 1785 5416">
    <p class='ocr_par' dir='ltr' id='par_1_105' title="bbox 176 5318 1776 5403">
     <span class='ocr_line' id='line_1_105' title="bbox 176 5318 1776 5403; baseline 0.011 -35"><span class='ocrx_word' id='word_1_829' title='bbox 176 5318 283 5369; x_wconf 80' lang='grc' dir='ltr'><strong>καὶ</strong></span> <span class='ocrx_word' id='word_1_830' title='bbox 321 5319 433 5380; x_wconf 78' lang='grc' dir='ltr'>πᾶς</span> <span class='ocrx_word' id='word_1_831' title='bbox 459 5320 486 5372; x_wconf 92' lang='lat'><strong>6</strong></span> <span class='ocrx_word' id='word_1_832' title='bbox 512 5320 587 5389; x_wconf 84' lang='grc' dir='ltr'>τῷ</span> <span class='ocrx_word' id='word_1_833' title='bbox 609 5322 833 5376; x_wconf 86' lang='grc' dir='ltr'>Μωῦσεῖ</span> <span class='ocrx_word' id='word_1_834' title='bbox 853 5328 973 5378; x_wconf 80' lang='grc' dir='ltr'>κατ’</span> <span class='ocrx_word' id='word_1_835' title='bbox 990 5326 1132 5396; x_wconf 79' lang='grc' dir='ltr'>ἴχνος</span> <span class='ocrx_word' id='word_1_836' title='bbox 1153 5330 1439 5399; x_wconf 79' lang='grc' dir='ltr'>ἑπόμενος,</span> <span class='ocrx_word' id='word_1_837' title='bbox 1479 5331 1561 5401; x_wconf 80' lang='grc' dir='ltr'><strong>τῷ</strong></span> <span class='ocrx_word' id='word_1_838' title='bbox 1590 5335 1776 5403; x_wconf 84' lang='grc' dir='ltr'>τρόπῳ</span> 
     </span>
    </p>
   </div>
   <div class='ocr_carea' id='block_1_106' title="bbox 1890 5318 3456 5416">
    <p class='ocr_par' dir='ltr' id='par_1_106' title="bbox 1890 5318 3456 5416">
     <span class='ocr_line' id='line_1_106' title="bbox 1890 5318 3456 5416; baseline 0.004 -24"><span class='ocrx_word' id='word_1_839' title='bbox 1890 5354 2095 5409; x_wconf 63' lang='lat' dir='ltr'><strong>cunque</strong></span> <span class='ocrx_word' id='word_1_840' title='bbox 2124 5341 2243 5410; x_wconf 85' lang='lat' dir='ltr'><strong>ejus</strong></span> <span class='ocrx_word' id='word_1_841' title='bbox 2275 5318 2819 5414; x_wconf 45' lang='lat' dir='ltr'><strong>vestigiaﬂsequitnr,</strong></span> <span class='ocrx_word' id='word_1_842' title='bbox 2864 5318 2967 5399; x_wconf 81' lang='lat' dir='ltr'><strong>hoc</strong></span> <span class='ocrx_word' id='word_1_843' title='bbox 2997 5318 3160 5397; x_wconf 83' lang='lat' dir='ltr'><strong>modo</strong></span> <span class='ocrx_word' id='word_1_844' title='bbox 3189 5345 3256 5397; x_wconf 92' lang='lat' dir='ltr'><strong>ab</strong></span> <span class='ocrx_word' id='word_1_845' title='bbox 3285 5318 3456 5416; x_wconf 53' lang='lat' dir='ltr'><strong>asin-</strong></span> 
     </span>
    </p>
   </div>
   <div class='ocr_carea' id='block_1_107' title="bbox 173 5406 1785 5510">
    <p class='ocr_par' dir='ltr' id='par_1_107' title="bbox 173 5406 1773 5510">
     <span class='ocr_line' id='line_1_107' title="bbox 173 5406 1773 5492; baseline 0.013 -35"><span class='ocrx_word' id='word_1_846' title='bbox 173 5406 369 5477; x_wconf 83' lang='grc' dir='ltr'>τούτῳ</span> <span class='ocrx_word' id='word_1_847' title='bbox 409 5408 508 5479; x_wconf 78' lang='grc' dir='ltr'>τῆς</span> <span class='ocrx_word' id='word_1_848' title='bbox 539 5409 843 5478; x_wconf 78' lang='grc' dir='ltr'>Αἰγυπτίας</span> <span class='ocrx_word' id='word_1_849' title='bbox 884 5418 1198 5485; x_wconf 87' lang='grc' dir='ltr'>τυραννίδος</span> <span class='ocrx_word' id='word_1_850' title='bbox 1247 5419 1520 5492; x_wconf 78' lang='grc' dir='ltr'>ἐλευθεροῖ</span> <span class='ocrx_word' id='word_1_851' title='bbox 1547 5412 1773 5489; x_wconf 66' lang='grc' dir='ltr'>πάῧτας,</span> 
     </span>
     <span class='ocr_line' id='line_1_108' title="bbox 180 5488 1320 5510; baseline 0 0"><span class='ocrx_word' id='word_1_852' title='bbox 180 5488 215 5510; x_wconf 64' lang='grc' dir='ltr'><strong><em>τ</em></strong></span> <span class='ocrx_word' id='word_1_853' title='bbox 298 5496 323 5510; x_wconf 64' lang='grc' dir='ltr'><strong><em>α</em></strong></span> <span class='ocrx_word' id='word_1_854' title='bbox 411 5499 424 5510; x_wconf 71' lang='grc' dir='ltr'>ι</span> <span class='ocrx_word' id='word_1_855' title='bbox 455 5498 470 5510; x_wconf 72' lang='grc' dir='ltr'>ι</span> <span class='ocrx_word' id='word_1_856' title='bbox 498 5499 511 5510; x_wconf 83' lang='grc' dir='ltr'><em>ι</em></span> <span class='ocrx_word' id='word_1_857' title='bbox 736 5499 757 5510; x_wconf 68' lang='grc' dir='ltr'><strong>Α</strong></span> <span class='ocrx_word' id='word_1_858' title='bbox 840 5502 863 5510; x_wconf 56' lang='grc' dir='ltr'><strong>μ</strong></span> <span class='ocrx_word' id='word_1_859' title='bbox 1036 5508 1042 5510; x_wconf 64' lang='grc'>.</span> <span class='ocrx_word' id='word_1_860' title='bbox 1149 5507 1182 5510; x_wconf 37' lang='grc' dir='ltr'><strong>,Α</strong></span> <span class='ocrx_word' id='word_1_861' title='bbox 1299 5505 1320 5510; x_wconf 68' lang='grc'><strong>-</strong></span> 
     </span>
    </p>
   </div>
   <div class='ocr_carea' id='block_1_108' title="bbox 1890 5406 3453 5510">
    <p class='ocr_par' dir='ltr' id='par_1_108' title="bbox 1890 5406 3453 5503">
     <span class='ocr_line' id='line_1_109' title="bbox 1890 5406 3453 5503; baseline 0.003 -21"><span class='ocrx_word' id='word_1_862' title='bbox 1890 5406 2042 5498; x_wconf 68' lang='lat' dir='ltr'><strong>ptiaci</strong></span> <span class='ocrx_word' id='word_1_863' title='bbox 2071 5406 2276 5502; x_wconf 73' lang='lat' dir='ltr'><strong>peccati</strong></span> <span class='ocrx_word' id='word_1_864' title='bbox 2298 5406 2584 5503; x_wconf 69' lang='lat' dir='ltr'><strong>tyrannide</strong></span> <span class='ocrx_word' id='word_1_865' title='bbox 2604 5406 3024 5495; x_wconf 74' lang='lat' dir='ltr'><strong>omnesliberat,</strong></span> <span class='ocrx_word' id='word_1_866' title='bbox 3046 5434 3136 5502; x_wconf 89' lang='lat' dir='ltr'><strong>qui</strong></span> <span class='ocrx_word' id='word_1_867' title='bbox 3162 5433 3209 5487; x_wconf 89' lang='lat' dir='ltr'><strong>ei</strong></span> <span class='ocrx_word' id='word_1_868' title='bbox 3240 5406 3453 5502; x_wconf 60' lang='lat' dir='ltr'><strong>parent.</strong></span> 
     </span>
    </p>
   </div>
   <div class='ocr_carea' id='block_1_109' title="bbox 172 5496 1785 5596">
    <p class='ocr_par' dir='ltr' id='par_1_109' title="bbox 172 5496 1776 5578">
     <span class='ocr_line' id='line_1_110' title="bbox 172 5496 1776 5578; baseline 0.013 -32"><span class='ocrx_word' id='word_1_869' title='bbox 172 5496 260 5546; x_wconf 76' lang='grc' dir='ltr'>ὢν</span> <span class='ocrx_word' id='word_1_870' title='bbox 292 5496 365 5549; x_wconf 84' lang='grc' dir='ltr'>ἂν</span> <span class='ocrx_word' id='word_1_871' title='bbox 400 5499 429 5550; x_wconf 87' lang='lat'><strong>6</strong></span> <span class='ocrx_word' id='word_1_872' title='bbox 454 5498 610 5567; x_wconf 86' lang='grc' dir='ltr'>λόγος</span> <span class='ocrx_word' id='word_1_873' title='bbox 659 5499 985 5571; x_wconf 82' lang='grc' dir='ltr'>καθηγῆται.</span> <span class='ocrx_word' id='word_1_874' title='bbox 1018 5508 1110 5559; x_wconf 88' lang='grc' dir='ltr'>Δεῖ</span> <span class='ocrx_word' id='word_1_875' title='bbox 1142 5507 1217 5572; x_wconf 78' lang='grc' dir='ltr'><strong>δὲ,</strong></span> <span class='ocrx_word' id='word_1_876' title='bbox 1270 5505 1440 5578; x_wconf 80' lang='grc' dir='ltr'>οἶμαι.</span> <span class='ocrx_word' id='word_1_877' title='bbox 1473 5511 1599 5576; x_wconf 73' lang='grc' dir='ltr'>τοὺς</span> <span class='ocrx_word' id='word_1_878' title='bbox 1651 5514 1776 5567; x_wconf 75' lang='grc' dir='ltr'>ἑπο-</span> 
     </span>
    </p>
   </div>
   <div class='ocr_carea' id='block_1_110' title="bbox 1890 5496 3454 5596">
    <p class='ocr_par' dir='ltr' id='par_1_110' title="bbox 1890 5496 3454 5596">
     <span class='ocr_line' id='line_1_111' title="bbox 1890 5496 3454 5596; baseline 0.005 -23"><span class='ocrx_word' id='word_1_879' title='bbox 1890 5496 2103 5592; x_wconf 72' lang='lat' dir='ltr'><strong>Dptirtet</strong></span> <span class='ocrx_word' id='word_1_880' title='bbox 2156 5534 2337 5580; x_wconf 84' lang='lat' dir='ltr'><strong>autem</strong></span> <span class='ocrx_word' id='word_1_881' title='bbox 2397 5540 2517 5592; x_wconf 88' lang='lat' dir='ltr'><strong>nos,</strong></span> <span class='ocrx_word' id='word_1_882' title='bbox 2573 5526 2667 5596; x_wconf 85' lang='lat' dir='ltr'><strong>qui</strong></span> <span class='ocrx_word' id='word_1_883' title='bbox 2706 5528 2867 5580; x_wconf 87' lang='lat' dir='ltr'><strong>talem</strong></span> <span class='ocrx_word' id='word_1_884' title='bbox 2910 5526 3102 5579; x_wconf 89' lang='lat' dir='ltr'><strong>ducetn</strong></span> <span class='ocrx_word' id='word_1_885' title='bbox 3151 5526 3454 5596; x_wconf 86' lang='lat' dir='ltr'><strong>sequimur,</strong></span> 
     </span>
    </p>
   </div>
   <div class='ocr_carea' id='block_1_111' title="bbox 247 5670 1287 5746">
    <p class='ocr_par' dir='ltr' id='par_1_111' title="bbox 247 5670 1287 5746">
     <span class='ocr_line' id='line_1_112' title="bbox 247 5670 1287 5746; baseline 0.017 -23"><span class='ocrx_word' id='word_1_886' title='bbox 247 5672 298 5703; x_wconf 85' lang='grc'><em>³³</em></span> <span class='ocrx_word' id='word_1_887' title='bbox 331 5670 355 5724; x_wconf 79' lang='grc' dir='ltr'><strong>Ι</strong></span> <span class='ocrx_word' id='word_1_888' title='bbox 385 5672 508 5729; x_wconf 87' lang='lat' dir='ltr'><strong>Cor.</strong></span> <span class='ocrx_word' id='word_1_889' title='bbox 546 5691 607 5740; x_wconf 84' lang='lat' dir='ltr'><strong>tt,</strong></span> <span class='ocrx_word' id='word_1_890' title='bbox 642 5677 725 5731; x_wconf 90' lang='lat' dir='ltr'><strong>l0.</strong></span> <span class='ocrx_word' id='word_1_891' title='bbox 807 5676 849 5708; x_wconf 73' lang='lat'><strong>”</strong></span> <span class='ocrx_word' id='word_1_892' title='bbox 878 5678 1046 5735; x_wconf 85' lang='lat' dir='ltr'><strong>Eccli.</strong></span> <span class='ocrx_word' id='word_1_893' title='bbox 1083 5697 1164 5746; x_wconf 86' lang='lat' dir='ltr'><strong>nt,</strong></span> <span class='ocrx_word' id='word_1_894' title='bbox 1188 5683 1287 5741; x_wconf 73' lang='lat'><strong>22.</strong></span> 
     </span>
    </p>
   </div>
  </div>
