3888 6382
498 306 604 362 359

1690 308 1750 364 S.
1794 306 2122 364 GREGORII
2158 306 2448 363 NYSSENI

3661 311 3752 367 360

501 436 602 478 uec
629 422 852 479 omnino
884 439 1151 495 pauperes
1180 440 1325 488 esse,
1385 439 1489 481 nec
1526 424 1844 480 divitiarum
1902 425 2071 497 .Egy-

2178 416 2484 496 μένους’τῷ
2513 422 2648 495 πρὸς
2676 422 2875 495 ἀρετὴν
2902 423 3208 496 ἡγουμένῳ,
3239 422 3317 493 μὴ
3350 423 3593 493 πένητας
3625 420 3755 477 εἶναι

500 514 578 584 ι)ιί
601 524 853 583 expertes
876 554 892 581 ,
937 531 1039 571 nec
1076 516 1358 586 penuriam
1387 531 1578 572 eorum
1612 518 1745 587 pati,
1786 532 1908 587 qua:
1944 520 2080 572 alic-

500 607 713 675 nigenis
743 606 795 658 in
838 607 1014 675 pretio
1048 616 1198 673 sunt,
1256 608 1351 663 sed
1385 617 1578 663 mutuo
1606 610 1675 664 ab
1696 610 1830 679 ipsis
1866 612 2081 680 accipe-

500 711 577 759 re,
640 709 705 748 ac
747 696 889 764 apud
922 712 1023 751 nos
1058 699 1312 753 retinere.
1360 699 1520 762 Quod
1569 709 1841 770 praecepto
1874 700 2078 773 Moysis

498 794 628 839 tunc
650 787 704 839 in
733 787 968 857 Egypto
994 792 1228 858 populus
1285 789 1467 845 facere
1492 792 1737 860 jubetur.
1781 791 1982 848 Verum
2025 794 2079 848 id

498 893 602 930 non
641 887 750 933 tam
803 878 960 935 facile
993 882 1304 951 percipiens
1359 884 1677 952 quisquam,
1727 894 1965 938 mentem
2006 884 2081 938 le-

495 969 772 1031 gislatoris
799 970 873 1023 ita
908 972 1261 1036 intellexerit,
1290 988 1354 1027 ac
1378 977 1423 1027 si
1457 973 1548 1028 ille
1576 973 1905 1028 defraudare
1933 990 2081 1028 man-

495 1059 638 1111 darit
663 1061 1121 1124 commodantem,
1154 1071 1207 1115 et
1228 1062 1295 1116 ad
1346 1061 1674 1131 injustitiam
1714 1062 1826 1117 dux
1854 1064 2081 1119 exstite-

494 1150 584 1201 rit.
631 1150 786 1213 Quod
821 1159 1006 1205 tamen
1040 1152 1178 1206 velle
1206 1151 1391 1207 Mosen
1425 1169 1587 1208 nemo
1613 1163 1762 1208 recte
1780 1155 1945 1218 dicet,
1980 1154 2078 1225 qui

494 1241 839 1309 sequentium
874 1242 1054 1313 legum
1088 1244 1344 1311 respiciet
1373 1243 1634 1309 indolem,
1675 1246 1899 1315 quibus,
1935 1246 2081 1314 inju-

492 1332 571 1383 ria
625 1332 680 1385 in
713 1337 1018 1401 proximum
1070 1337 1274 1404 passim
1308 1343 1523 1389 vetatur
1564 1354 1577 1390 :
1610 1338 1736 1392 licet
1782 1348 2077 1393 consenta-

492 1435 652 1474 neum
688 1424 883 1476 rationi
910 1424 1158 1479 vidcatur
1194 1427 1549 1495 quibusdam,
1580 1436 1642 1480 ut
1671 1429 1774 1482 hac
1805 1429 2078 1483 industria

489 1512 661 1567 Judaei
698 1515 869 1583 pretia
908 1530 1006 1569 sua
1033 1518 1101 1571 ab
1130 1516 1404 1588 Egyptiis
1440 1520 1745 1589 exigerent.
1778 1518 1898 1574 Non
1932 1521 2078 1575 enim

493 1605 676 1659 minus
721 1607 1124 1664 committemus
1159 1610 1389 1675 crimen,
1455 1610 1502 1666 si
1545 1611 1653 1665 tale
1682 1609 2013 1682 praéceptum
2047 1626 2078 1666 a

493 1696 774 1750 mendacio
807 1707 859 1751 et
898 1696 1087 1753 fraude
1120 1715 1226 1753 non
1261 1700 1623 1756 defendamus
1649 1717 1714 1756 ac
1760 1704 2075 1759 liberemus.

493 1783 627 1838 Nam
657 1788 749 1855 qui
778 1791 1125 1844 commodato
1158 1792 1436 1861 quidpiam
1461 1794 1693 1864 accepit,
1713 1809 1890 1864 neque
1921 1808 2075 1847 com-

493 1878 733 1931 modanti
784 1895 976 1935 rursus
1029 1883 1228 1948 reddit,
1283 1884 1330 1938 si
1378 1886 1600 1953 quidem
1650 1886 1888 1940 alienum
1943 1886 2075 1940 illud

492 1968 674 2034 fuerit,
713 1980 769 2023 ut
817 1973 1082 2040 spoliator
1129 1974 1384 2043 injuriam
1453 1975 1678 2029 intulit:
1729 1977 1816 2031 sin
1848 1977 1901 2030 id
1929 1976 2076 2045 quod

490 2074 649 2112 suum
680 2073 797 2114 erat
824 2062 1127 2123 retinuerit,
1155 2073 1208 2117 ut
1240 2065 1333 2133 qui
1375 2078 1500 2118 eum
1549 2064 1827 2125 fefellerit.
1858 2068 1950 2136 qui
1980 2081 2077 2135 spe

492 2151 784 2219 recipiendi
820 2153 1211 2215 commodavit,
1274 2154 1500 2209 omnino
1537 2156 1795 2226 deceptor
1842 2159 2077 2227 appella-

491 2251 598 2294 tur.
633 2241 1059 2298 Convenieutior
1086 2255 1171 2300 est
1205 2246 1494 2300 sublimior
1533 2262 1728 2303 sensus
1778 2262 1846 2302 eo
1886 2248 1980 2317 qui
2008 2248 2076 2303 ad

493 2332 723 2386 litteram
766 2337 1055 2402 exponenti
1110 2337 1375 2398 occurrit,
1432 2338 1592 2406 quasi
1626 2338 1883 2393 nimirum
1927 2338 2079 2394 Scri-

492 2431 649 2493 ptura
708 2425 917 2495 jubeat,
949 2436 1007 2481 ut
1058 2429 1093 2481 ii
1126 2429 1219 2498 qui
1275 2430 1503 2483 honeste
1545 2444 1609 2483 ac
1662 2430 1960 2486 liberaliter
2009 2447 2077 2487 ex

493 2514 694 2569 virtute
726 2517 892 2570 vitam
946 2518 1264 2582 instituunt,
1306 2519 1636 2573 eruditionis
1686 2520 1967 2589 gentilium
1995 2521 2079 2575 di-

489 2606 650 2661 vitias
690 2608 793 2662 sibi
820 2622 1158 2678 comparent,
1197 2611 1398 2681 quibus
1420 2610 1584 2664 alieni
1620 2625 1651 2664 a
1687 2612 1792 2667 tide
1824 2612 2078 2669 homines

478 2707 858 2755 exornantur:
891 2702 1176 2767 moralem,
1203 2702 1617 2772 naturalemque
1649 2703 2075 2774 philosophiam,

482 2791 894 2854 astronomiam,
957 2793 1334 2860 geometriam,
1397 2792 1682 2854 musicam,
1711 2795 2075 2859 dialecticam,

487 2889 831 2949 exterasque
887 2882 1175 2946 scientias,
1237 2884 1442 2953 quibus
1493 2885 1659 2940 alieni
1711 2887 1782 2940 ab
1831 2886 2078 2942 Ecclesia

484 2968 703 3035 ﬂorent,
746 2973 995 3041 accipere
1025 2974 1094 3028 ab
1121 2975 1250 3037 illis,
1282 2990 1348 3030 ac
1381 2976 1505 3031 illos
1531 2979 1821 3035 abutentes
1865 2980 2080 3047 privare

2178 517 2272 570 τοῦ
2298 516 2594 583 Αἰγυπτίου
2623 515 2875 580 πλούτου,
2914 515 3048 586 μηδὲ
3084 516 3194 568 τῶν
3224 514 3541 583 ἀλλοφύλων
3577 531 3758 585 κειμη-

2178 605 2306 659 λίων
2343 606 2481 674 ἀκτή
2491 624 2655 675 μονας
2680 645 2695 667 ,
2731 606 2866 659 ἀλλά
2909 608 2978 661 τὰ
3024 607 3295 677 προσόντα
3340 608 3455 670 τοῖς
3500 606 3756 669 ἐναντίοις

2179 696 2357 750 πάντα
2381 696 2665 759 λαϐόντας,
2696 697 2756 748 ὲν
2783 698 2978 768 χρήσει
3015 698 3143 768 παρ’
3177 696 3390 760 ἑαυτοῖς
3427 696 3575 767 ἔχειν
3593 715 3605 726 ·
3628 698 3756 769 ὅπερ

2177 788 2300 841 τότε
2331 788 2554 858 ποιῆσαι
2584 788 2733 858 παρὰ
2754 788 2848 841 τοῦ
2879 788 3157 852 Μωῦσέως
3181 789 3209 840 ό
3237 789 3364 851 λαὸς
3387 789 3756 858 παραγγέλλεο

2177 898 2288 934 ται.
2318 879 2488 933 Τοῦτο
2511 879 2568 931 δὲ
2595 880 2697 932 οὐκ
2736 879 2801 931 ἄν
2842 896 2926 942 τις
2962 881 3026 933 ὲκ
3072 880 3166 933 τοῦ
3212 880 3504 951 προχείρου
3537 882 3755 950 νοήσας,

2179 971 2504 1037 ἀποδέξαιτο
2533 970 2625 1023 τοῦ
2654 970 2942 1039 νομοθέτου
2974 971 3071 1041 τὴν
3096 970 3339 1042 γνώμην,
3358 974 3406 1023 εί
3440 973 3759 1041 ἀποστερεῖν

2178 1065 2304 1126 τοὺς
2350 1063 2660 1133 χρήσαντας
2712 1061 3079 1129 ἐγκελεύεται,
3107 1064 3200 1116 καὶ
3225 1063 3514 1133 ὑφηγητὴς
3549 1062 3758 1122 ἀδικίας

2179 1156 2409 1224 γίνεται.
2454 1154 2594 1207 Ἀλλ’
2638 1154 2746 1206 οὺδ’
2776 1154 2841 1207 ἂν
2866 1153 2986 1207 κατ’
3020 1151 3279 1221 ἀλήθειάν
3303 1170 3386 1215 τις
3419 1154 3564 1205 εῖποι
3589 1151 3760 1204 ταῦτα

2179 1248 2492 1302 διατάσσειν
2537 1248 2629 1299 τὸν
2674 1246 3006 1316 νομοθέτην,
3045 1246 3182 1316 πρὸς
3221 1247 3346 1307 τοὺς
3387 1243 3591 1313 ἑφεξῆς
3639 1244 3759 1314 βλέ-

2179 1355 2295 1390 πων
2335 1338 2553 1406 νόμους.
2583 1336 2708 1397 τοὺς
2737 1335 2849 1387 ἀνω
2872 1336 2968 1387 καὶ
2991 1334 3142 1388 κάτω
3169 1334 3268 1405 τὴν
3301 1334 3442 1388 κατὰ
3470 1334 3564 1388 τοῦ
3596 1335 3760 1397 πέλας

2178 1428 2393 1482 ἀδικίαν
2435 1426 2760 1489 κωλύοντας,
2790 1426 2892 1479 κάν
2934 1443 3046 1479 τισι
3091 1426 3222 1497 δοκῇ
3252 1426 3473 1494 εὔλογον
3513 1423 3661 1479 εἶναι
3703 1428 3759 1479 τὸ

2178 1519 2360 1590 ἔργον,
2408 1519 2478 1573 τά
2535 1518 2863 1588 μισθώματα
2912 1518 3061 1589 παρά
3108 1518 3216 1570 τῶν
3273 1519 3589 1585 Αἰγυπτίων
3639 1521 3761 1582 τοὺς

2193 1609 2527 1680 Ἰσραηλίτας
2565 1609 2651 1662 διά
2679 1610 2776 1679 τῆς
2809 1609 3051 1672 ἐπινοίας
3073 1609 3277 1680 ταύτης
3312 1610 3757 1680 εἰσπράττεσθαι.

2181 1703 2316 1755 Οὐδὲ
2367 1702 2476 1772 γὰρ
2522 1697 2683 1774 ἧττον
2737 1702 2990 1773 ἔγκλημά
3029 1701 3081 1755 τί
3131 1704 3280 1765 ἐστι,
3319 1702 3392 1773 μὴ
3434 1702 3761 1773 καθαρεύειν

2179 1795 2404 1858 ψεύδους
2424 1811 2482 1846 τε
2529 1796 2624 1846 καὶ
2652 1794 2867 1863 ἀπάτης
2892 1793 2953 1846 τὸ
2986 1792 3225 1847 τοιοῦτον
3275 1794 3660 1864 παράγγελμα.
3704 1795 3759 1846 '0

2179 1888 2289 1958 γὰρ
2319 1888 2375 1939 ὲν
2407 1887 2602 1957 χρήσει
2636 1884 2814 1938 λαϐών
2843 1903 2918 1949 τι,
2950 1887 3044 1939 καὶ
3085 1886 3160 1955 μὴ
3187 1885 3472 1947 ἀποδιδοὺς
3498 1884 3663 1938 πάλιν
3684 1884 3760 1954 τῷ

2178 1980 2464 2049 χρήσαντι,
2507 1979 2555 2029 εί
2603 1976 2703 2045 μὲν
2756 1976 3033 2044 ἀλλότριον
3091 1979 3197 2045 εἴη,
3251 1975 3329 2037 ὡς
3378 1975 3759 2045 ἀποστερήσας

2177 2071 2430 2140 ἠδίκησεν
2449 2086 2466 2103 ο
2496 2070 2543 2121 εἰ
2587 2069 2642 2121 δὲ
2676 2068 2736 2122 τὸ
2768 2068 2960 2121 ἑαυτοῦ
2994 2068 3244 2138 κρατοίη,
3286 2067 3362 2131 ὡς
3389 2067 3762 2137 παραλογισά-

2181 2179 2342 2232 μενος
2377 2161 2468 2214 τὸν
2507 2160 2680 2213 ἐλπίδι
2709 2160 2800 2214 τοῦ
2831 2159 3014 2213 λαϐεῖν
3046 2161 3344 2230 χρήσαντα,
3382 2160 3599 2222 πάντως
3628 2161 3764 2212 ἀπα-

2177 2251 2314 2304 τεὼν
2367 2250 2701 2319 ὠνόμασται.
2760 2249 2968 2303 Οὐκοῦν
3004 2251 3032 2303 ό
3070 2250 3397 2321 ὑψηλότερος
3458 2249 3617 2317 λόγος
3660 2250 3760 2321 τῆς

2179 2343 2471 2414 προχείρου
2495 2342 2731 2405 διανοίας
2758 2340 3177 2413 ἁρμοδιώτερος,
3195 2342 3224 2393 ὁ
3252 2340 3490 2395 κελεύων
3515 2342 3645 2403 τοὺς
3671 2340 3759 2393 τὸν

2178 2434 2463 2505 ἐλεύθερον
2505 2432 2616 2503 βίον
2652 2433 2933 2502 μετιόντας
2960 2432 3028 2484 δι’
3059 2433 3281 2504 ἀρετῆς,
3313 2431 3409 2486 καὶ
3439 2431 3531 2484 τὸν
3558 2430 3759 2496 ἔξωθεν

2177 2527 2277 2596 τῆς
2307 2523 2637 2585 παιδεύσεως
2664 2522 2890 2577 πλοῦτον
2924 2522 3457 2593 παρασκευάζεσθαι,
3478 2516 3524 2589 ᾧ
3543 2525 3592 2575 oi
3618 2522 3760 2577 κατὰ

2176 2614 2276 2682 τὴν
2320 2613 2499 2665 πίστιν
2542 2612 2830 2679 ἀλλόφυλοι
2883 2610 3332 2675 καλλωπίζονται.
3366 2612 3479 2682 Τήν
3536 2629 3597 2664 τε
3651 2612 3760 2682 γάρ

2178 2703 2373 2775 ἠθικὴν
2405 2705 2500 2757 καὶ
2545 2703 2781 2773 φυσικὴν
2818 2702 3157 2771 φιλοσοφίαν,
3193 2704 3538 2773 γεωμετρίαν
3574 2719 3634 2755 τε
3666 2703 3761 2755 καί⁵

2179 2794 2575 2864 ἀστρονομίαν,
2631 2795 2726 2846 καὶ
2774 2794 2872 2863 τὴν
2926 2792 3152 2863 λογικὴν
3203 2793 3622 2864 πραγματείαν,
3666 2796 3761 2847 καί

2180 2887 2358 2939 πάντα
2389 2886 2490 2937 ὅσα
2526 2885 2678 2951 παρά
2709 2887 2820 2948 τοῖς
2848 2885 2952 2951 ἔξω
2972 2886 3071 2955 τῆς
3104 2886 3430 2957 Ἐκκλησίας
3462 2885 3763 2950 σπουδάζε-

2179 2993 2289 3038 ται,
2320 2975 2529 3028 κελεύει
2564 2978 2593 3029 ό
2614 2976 2715 3045 τῆς
2748 2977 2947 3047 ἀρετῆς
2997 2976 3405 3048 καθηγούμενος
3453 2978 3606 3050 παρὰ
3652 2979 3762 3031 τῶν

484 3059 532 3113 si
574 3062 834 3130 possibile
877 3071 984 3127 est,
1027 3074 1082 3119 et
1117 3066 1173 3119 in
1215 3067 1468 3122 meliores
1499 3083 1635 3123 usus
1664 3071 1967 3124 transferre
1988 3071 2074 3140 ju-

2179 3068 2249 3121 τά
2278 3068 2505 3121 τοιαῦτα
2553 3067 2925 3121 πλουτούντων
2955 3071 3012 3121 ὲν
3041 3069 3302 3140 Αἰγύπτῳ
3337 3070 3570 3125 λαϐόντα
3619 3070 3764 3141 λόγῳ

487 3152 697 3213 hemur.
746 3162 806 3207 ut
834 3170 956 3224 quae
1005 3157 1166 3211 nobis
1212 3160 1335 3212 usui
1370 3157 1569 3213 futura
1606 3160 1738 3223 sint,
1785 3176 1907 3215 cum
1935 3177 2075 3231 opus

487 3240 651 3295 fuerit
674 3243 841 3297 divini
862 3246 1112 3315 mysterii
1147 3248 1411 3317 templum
1435 3250 1521 3304 his
1550 3251 1933 3319 spiritualibus
1964 3254 2077 3323 opi-

484 3332 593 3387 bus
616 3348 907 3390 exornare.
932 3335 1035 3401 Qui
1065 3339 1214 3392 enim
1241 3340 1377 3393 tales
1406 3355 1540 3409 opes
1572 3342 1679 3397 sibi
1712 3345 2073 3414 collegerunt,

483 3422 656 3495 Moysi
681 3426 831 3480 circa
854 3429 1272 3483 tabernaculum
1322 3432 1628 3487 testimonii
1691 3435 1964 3489 laboranti
2008 3435 2077 3493 de

484 3522 650 3571 rebus
680 3519 798 3573 suis
819 3522 885 3574 ad
911 3529 1231 3577 sanctorum
1260 3527 1732 3580 constructionem
1761 3526 2073 3593 conferunt,

481 3610 628 3678 quod
664 3611 961 3666 etiamnum
992 3614 1107 3668 fieri
1139 3614 1409 3672 videmus.
1454 3615 1610 3671 Multi
1644 3618 1926 3686 gentilium
1947 3634 2071 3674 eru-

481 3699 747 3754 ditionem
797 3712 1056 3772 tanquam
1087 3706 1292 3761 donum
1340 3707 1616 3778 quoddam
1650 3707 1912 3765 Ecclesiae
1939 3710 2073 3766 offe-

480 3797 614 3844 runt
660 3810 674 3845 ι
713 3793 1039 3861 cuiusmodi
1077 3813 1310 3869 magnus
1368 3800 1461 3854 ille
1510 3800 1614 3855 fuit
1664 3802 1922 3869 Basilius,
1974 3803 2068 3874 qui

478 3895 603 3934 cum
648 3881 938 3953 Egyptias
962 3901 1096 3956 opes
1139 3890 1195 3942 in
1249 3891 1476 3960 juvenili
1518 3901 1676 3948 aetate
1723 3896 1825 3949 sibi
1854 3896 2072 3965 egregie

480 3985 878 4042 comparasset,
915 3977 1135 4045 Deoque
1161 3992 1563 4048 consecrasset,
1585 3998 1777 4038 verum
1808 3986 2069 4041 Ecclesia:

482 4064 899 4122 tabernaculum
922 4069 1191 4139 ejusmodi
1220 4075 1417 4143 opibus
1443 4078 1749 4132 exornavit.

551 4342 656 4397 Sed
717 4348 1005 4403 redeamus
1049 4350 1209 4411 illuc,
1254 4351 1400 4407 unde
1452 4354 1682 4424 digressi
1730 4372 1942 4414 sumus.
1988 4361 2067 4414 llli
2103 4385 2147 4438 ῃ

476 4449 629 4504 i-rgo,
669 4438 761 4507 qui
792 4440 1051 4493 virtutem
1097 4442 1311 4505 colunt,
1362 4452 1416 4499 et
1468 4446 1837 4517 legislaturem
1871 4452 1924 4504 in
1959 4453 2070 4506 vita

477 4537 801 4596 sequuntur,
832 4546 959 4586 cum
985 4530 1253 4605 Egyptiaa
1275 4535 1506 4592 ditionis
1533 4537 1673 4594 lines
1704 4541 2067 4608 excesserint,

478 4618 666 4673 multis
718 4622 1077 4676 tentationum
1135 4624 1453 4682 incursibus
1509 4629 1863 4693 infestantur,
1921 4633 2070 4688 unde

479 4711 662 4763 multae
698 4711 1040 4777 aMictiones,
1093 4726 1333 4774 terrores
1380 4729 1434 4774 et
1491 4722 1558 4776 de
1610 4724 1718 4777 vita
1785 4725 2067 4793 periclita-

479 4802 659 4857 tiones
740 4803 1016 4867 oriuntur,
1073 4809 1274 4870 quibus
1362 4812 1539 4866 territi
1595 4828 1786 4868 eorum
1873 4815 2066 4880 animi,

478 4890 571 4959 qui
628 4907 805 4961 nuper
872 4894 929 4947 in
1015 4896 1119 4952 fide
1173 4898 1386 4955 fundati
1453 4910 1602 4967 sunt,
1677 4904 1728 4958 in
1809 4905 2071 4974 despera-

477 4984 680 5037 tionem
712 4986 956 5039 omnium
1013 4989 1279 5045 bonorum
1311 5004 1567 5064 aguntur.
1629 4994 1733 5051 Sed
1777 4998 1822 5053 si
1852 4997 2067 5069 Moyses

475 5084 569 5129 aut
601 5076 798 5131 similis
836 5079 1105 5148 quispiam
1151 5085 1335 5152 populi
1389 5095 1570 5142 rector
1629 5088 1819 5155 fuerit,
1867 5090 2068 5144 terrori

474 5164 768 5219 consilium
830 5178 1088 5237 opponet,
1125 5186 1426 5243 eorumque
1466 5178 1685 5233 animos
1722 5180 1918 5233 timore
1942 5194 2068 5234 cor-

476 5263 663 5322 reptos
704 5255 876 5310 divini
929 5260 1118 5314 auxilii
1165 5277 1261 5330 spe
1292 5267 1661 5321 confirmabit.
1690 5268 1748 5322 id
1779 5285 1909 5322 vero
1944 5268 2060 5323 fieri

478 5347 683 5413 nequit,
728 5347 831 5402 nisi
864 5364 961 5402 cor
1012 5352 1156 5419 ejus,
1183 5355 1275 5421 qui
1327 5358 1529 5425 populo
1588 5367 1806 5427 praeest,
1848 5358 1959 5412 Deo
1985 5360 2064 5413 lo-

473 5447 693 5504 quatur.
715 5437 925 5493 Etenim
950 5442 1230 5513 plerisque
1257 5450 1350 5516 qui
1377 5450 1647 5515 ejusmodi
1678 5453 2061 5521 magistratum

473 5539 688 5594 gerunt,
749 5530 801 5585 id
849 5542 1061 5587 tantum
1119 5553 1265 5592 curae
1316 5548 1421 5596 est.
1456 5553 1514 5595 ut
1548 5542 1691 5611 quod
1718 5545 2064 5599 extrinsecus

474 5626 717 5684 arparet,
743 5623 880 5675 bene
904 5640 961 5677 se
976 5626 1172 5680 haheat
1201 5647 1214 5683 :
1246 5645 1435 5684 eorum
1457 5647 1582 5685 vero
1601 5650 1721 5703 qua:
1738 5635 2057 5690 abscondita

476 5714 623 5765 sunt.
673 5724 793 5777 quae
829 5721 863 5759 λ
891 5712 1000 5769 Deo
1034 5717 1153 5769 solo
1205 5730 1527 5788 cernuntur,
1564 5727 1914 5796 perexiguam
1970 5742 2055 5779 ra-

2182 3162 2429 3231 χρήσεως
2462 3159 2835 3224 ὑποδέξασθαι,
2870 3161 2946 3236 ὡς
2993 3162 3051 3213 ὲν
3087 3161 3264 3232 καιρῷ
3293 3164 3760 3233 χρησιμευόντων,

2179 3252 2307 3304 ὅταν
2338 3251 2432 3324 δὲῃ
2478 3251 2569 3304 τὸν
2616 3251 2758 3304 θεῖον
2787 3251 2879 3303 τοῦ
2916 3252 3215 3323 μυστηρίου
3257 3250 3382 3304 ναδν
3408 3250 3501 3304 διὰ
3538 3251 3636 3304 τοῦ
3672 3251 3765 3303 λοε-

2181 3342 2337 3411 γικοῦ
2367 3343 2598 3395 πλούτου
2643 3342 3104 3411 καλλωπισθῆναι.
3147 3344 3208 3396 Οἰ
3254 3343 3363 3412 γαρ
3400 3343 3490 3395 τὸν
3520 3341 3763 3396 τοιοῦτον

2182 3437 2394 3497 ἑαυτοῖς
2414 3432 2829 3505 θησαυρίζοντες
2852 3433 3099 3497 πλοῦτον,
3124 3433 3456 3503 προσάγουσι
3488 3432 3569 3504 τῷ
3596 3435 3763 3486 Mmo-

2183 3532 2267 3581 σεῖ
2286 3528 2413 3597 περὶ
2444 3526 2543 3596 τὴν
2571 3527 2774 3596 σκηνὴν
2795 3525 2890 3578 τοῦ
2921 3526 3219 3597 μαρτυρίου
3242 3525 3492 3579 πονοῦντι
3519 3526 3580 3579 τὸ
3630 3525 3759 3597 παρ’

2181 3618 2374 3672 ἑαυτοῦ
2426 3617 2676 3681 ἕκαστος,
2720 3616 2855 3687 πρὸς
2879 3617 2980 3685 τὴν
3033 3616 3142 3668 τῶν
3195 3617 3365 3685 ἁγίων
3409 3618 3760 3687 κατασκευὴν

2179 3710 2546 3781 συνεισφέρων
2580 3725 2594 3737 ·
2639 3708 2667 3761 ὃ
2701 3708 2764 3778 δὴ
2813 3705 2905 3761 καὶ
2951 3708 3046 3761 νῦν
3078 3709 3226 3762 ἐστιν
3284 3709 3411 3762 ἰδεῖν
3451 3711 3757 3782 γινόμενον.

2178 3798 2367 3853 Πολλοί
2413 3800 2511 3869 τὴν
2541 3798 2645 3865 ἔξω
2689 3800 2967 3852 παίδευσιν
2993 3802 3059 3869 τῇ
3107 3800 3242 3853 Θεοῦ
3291 3800 3593 3874 Ἐκκλησία
3631 3802 3762 3856 καθ-

2177 3892 2320 3963 άπερ
2352 3909 2405 3944 τι
2437 3890 2606 3961 δῶρον
2649 3891 3033 3961 προσάγουσιν,
3083 3888 3192 3955 οἷος
3215 3888 3284 3963 ἦν
3306 3895 3336 3946 ό
3381 3893 3558 3963 μέγας
3597 3895 3762 3947 Βασί-

2176 3982 2336 4046 λειος,
2366 3984 2394 4034 ό
2414 3981 2594 4044 καλῶς
2620 3980 2709 4033 τὸν
2741 3983 3033 4049 Αἰγύπτιον
3075 3982 3299 4036 πλοῦτον
3341 3984 3762 4055 ἐμπορευσάμε-

2175 4092 2283 4138 νος,
2318 4073 2459 4127 κατά
2501 4075 2591 4127 τὸν
2623 4075 2722 4143 τῆς
2772 4075 3021 4144 νεότητος
3060 4075 3268 4148 χρόνον,
3297 4076 3388 4128 καὶ
3429 4076 3655 4140 ἀναθεὶς
3686 4077 3760 4147 τῷ

2173 4165 2313 4235 θεῷ,
2363 4166 2457 4219 καὶ
2501 4165 2579 4234 τῷ
2629 4165 2857 4237 τοιούτῳ
2911 4167 3124 4238 πλούτῳ
3177 4168 3610 4239 κατακοσμήσιις
3658 4171 3758 4239 τὴν

2174 4255 2351 4325 ἀληθῆ
2390 4257 2490 4326 τῆς
2535 4256 2864 4326 Ἑκκλησίας
2886 4259 3112 4327 σκηνήν.
3680 4248 3702 4268 ⁴

2262 4347 2400 4400 Ἀλλ’
2435 4348 2717 4400 ἐπανιτέον
2752 4347 2873 4401 ὅθεν
2902 4348 3186 4419 ἐξέϐημεν,
3207 4350 3288 4403 ὅτι
3322 4353 3433 4414 τοῖς
3461 4353 3599 4421 πρδς
3633 4354 3760 4424 ἀρε-

2177 4440 2273 4511 τὴν
2318 4440 2419 4510 ἥδη
2454 4440 2732 4509 βλέπουσι,
2772 4440 2867 4493 καὶ
2904 4440 2981 4511 τῷ
3010 4442 3273 4514 νομοθέτῃ
3305 4443 3445 4497 κατά
3486 4446 3587 4516 τὴν
3615 4445 3761 4514 ζωὴν

2177 4530 2504 4600 ἑπομένοις,
2546 4532 2675 4583 ὅταν
2727 4529 3069 4585 καταλίπωσι
3117 4533 3216 4601 τῆς
3272 4533 3380 4584 τῶν
3441 4535 3760 4603 Αἰγυπτίων

2173 4620 2488 4683 δυναστείας
2516 4621 2643 4684 τοὺς
2691 4623 2871 4693 ὅρους,
2922 4621 3345 4674 ἐπακολουθοῦσί
3390 4641 3506 4685 πως
3550 4625 3606 4677 αἱ
3650 4623 3760 4678 τῶν

2175 4712 2495 4783 πειρασμῶν
2516 4713 2829 4784 προσϐολαὶ,
2856 4713 3213 4783 στενοχωρίας
3232 4731 3287 4765 τε
3317 4713 3410 4766 καὶ
3434 4715 3636 4781 φόϐους
3662 4715 3760 4767 καὶ

2171 4805 2298 4868 τοὺς
2320 4806 2446 4875 περὶ
2475 4806 2583 4858 τῶν
2609 4805 2851 4876 ἐσχάτων
2885 4806 3163 4870 κινδύνους
3202 4807 3509 4875 ὲπάγουσαι
3530 4826 3543 4839 ·
3582 4809 3649 4863 δι’
3678 4802 3759 4861 ὧν

2173 4897 2611 4967 καταπτοηθεῖσα
2655 4899 2763 4951 τῶν
2816 4900 2957 4953 κατά
3003 4901 3101 4972 τὴν
3156 4900 3337 4954 πίστιν
3388 4903 3674 4971 νεοπσιγῶν
3719 4905 3757 4971 ἡ

2170 4989 2397 5053 διάνοια,
2430 4991 2509 5053 εἰς
2543 4991 2780 5061 παντελῆ
2832 4991 2942 5044 τῶν
2995 4992 3217 5060 ἀγαθῶν
3263 4993 3617 5047 ἀνελπιστίαν
3663 4995 3764 5045 sx-

2173 5083 2381 5136 πίπτει.
2424 5082 2564 5135 Ἀλλ’
2589 5085 2637 5136 εἰ
2668 5083 2987 5154 Μωῦσῆς,ἦ
3022 5101 3107 5147 τις
3128 5084 3238 5137 τῶν
3284 5086 3405 5137 κατ’
3431 5085 3598 5138 αὐτὸν
3637 5086 3762 5138 ἐπι-

2172 5175 2381 5227 στατῶν
2423 5175 2517 5228 τοῦ
2563 5175 2693 5229 λαοῦ
2726 5175 2918 5245 τύχοι,
2962 5178 3269 5247 ἀντιστήσει
3317 5175 3395 5246 τῷ
3450 5176 3603 5247 φόϐῳ
3651 5175 3759 5247 τὴν

2170 5268 2498 5338 συμϐουλὴν,
2533 5270 2597 5339 τῇ
2628 5269 2731 5338 τῆς
2770 5269 2920 5331 θείας
2957 5269 3275 5339 συμμαχίας
3304 5267 3477 5320 ἐλπίδι
3510 5267 3572 5320 τὸ
3617 5284 3759 5321 κατι

2167 5360 2401 5429 επτηχὺς
2445 5362 2545 5428 τῆς
2577 5361 2817 5424 διανοίας
2867 5362 3301 5433 παραθαρσύνων
3321 5401 3336 5425 ,
3366 5363 3504 5433 ὅπερ
3536 5362 3635 5414 οὐκ
3682 5359 3761 5414 ἂν

2166 5451 2394 5517 γένοιτο,
2448 5450 2521 5519 μὴ
2556 5452 2654 5521 τῆς
2690 5451 2919 5520 καρδίας
2955 5452 3046 5504 τοῦ
3085 5454 3484 5524 προεστηκότος
3514 5453 3591 5523 τῷ
3629 5452 3758 5525 θεῷ
3830 5474 3847 5485 ·

2164 5540 2450 5611 λαλούσης.
2488 5543 2613 5605 Τοῖς
2645 5542 2758 5614 γέιρ
2792 5543 3006 5601 πολλοῖς
3041 5542 3149 5595 τῶν
3198 5545 3254 5595 ὲν
3302 5544 3607 5614 προστασία
3638 5559 3759 5594 τοι-

2164 5632 2303 5704 αύτῃ
2325 5635 2805 5703 προτεταγμένων,
2833 5634 2892 5686 τὸ
2923 5636 3267 5705 φαινόμενον,
3291 5635 3469 5704 μόνον,
3505 5637 3647 5697 ὅπως
3682 5635 3759 5688 ἂν

2167 5722 2222 5777 εὖ
2272 5724 2562 5794 διατεθείη,
2596 5723 2986 5786 σπουδάζεται²
3018 5725 3125 5777 τῶν
3168 5726 3223 5778 δὲ
3266 5727 3679 5797 κεκρυμμένωνὶ
3720 5727 3763 5782 ᾗ,
