3888 6362
244 348 345 404 ὅθι

248 557 306 610 δὲ
333 553 429 608 τοῦ
478 553 757 618 Μωῦσέως
790 554 888 623 ούχ
934 551 1108 616 οὕτως
1143 546 1214 623 ἦν
1244 567 1260 581 υ
1290 550 1405 606 ἀλλ’
1435 553 1493 603 ὲν
1522 545 1568 620 ᾧ
1608 550 1828 622 θαρσεῖν

248 650 363 711 τοῖς
420 645 786 717 Ἰσραηλίταις
833 643 1226 708 διακελεύεται,
1279 643 1547 715 μηδεμίαν
1593 644 1734 697 κατά
1768 644 1830 697 τὸ

247 737 577 807 φαινόμενον
622 736 808 807 φωνὴν
845 735 983 805 πρὸς
1016 734 1107 787 τὸν
1133 732 1265 787 Θεὸν
1293 733 1677 804 ποιησάμενος,
1700 733 1830 805 βοᾷν

250 826 382 899 παρ’
409 824 577 879 αὑτοῦ
617 824 713 878 τοῦ
746 823 881 877 Θεοῦ
934 824 1320 895 μαρτυρεῖται·
1354 821 1718 886 διδάσκοντος,
1748 818 1829 876 οἷ-

250 934 374 988 μαι,
404 915 500 970 τοῦ
530 915 709 984 λόγου,
738 914 819 968 ὅτι
844 912 1039 985 εὖηχός
1072 914 1220 966 ἐστιν
1245 912 1429 982 ἐκείνη
1460 915 1493 984 ὴ
1526 914 1699 983 φωνὴ,
1735 913 1829 966 καὶ

248 1010 417 1081 μέχρι
446 1008 550 1079 τῆς
579 1008 729 1071 θείας
767 1006 1131 1061 ἀναὸαίνουσα
1164 1004 1354 1074 ἀκοῆς,
1382 1006 1480 1075 οὐχ
1510 1007 1537 1075 ἡ
1576 1005 1715 1077 μετά
1749 1022 1827 1059 τι·

246 1119 336 1164 νος
356 1101 655 1164 διατάσεως
684 1100 941 1170 γινομένη
987 1098 1222 1171 κραυγὴ,
1250 1097 1414 1168 ἀλλ’ἢ
1436 1097 1545 1151 ἀπὸ
1582 1097 1830 1170 καθαρᾶς

248 1192 610 1263 συνειδήσεως
660 1189 1093 1260 ἀναπεμπομένη
1140 1188 1455 1259 ὲνθύμησις.
1489 1188 1580 1258 Τῷ
1633 1188 1689 1243 δὲ
1733 1188 1827 1242 οὓ-

246 1302 355 1347 τως
392 1283 569 1353 ἔχοντι
616 1282 811 1353 μικρὸς
839 1281 940 1352 ἤδη
970 1281 1103 1353 πρὸς
1135 1281 1448 1352 συμμαχίαν
1469 1280 1577 1333 τῶν
1610 1279 1828 1351 νομιζο-

250 1376 430 1446 μένων
475 1373 701 1442 ἀγώνων
752 1375 780 1426 6
821 1372 1045 1442 ἀδελφὸς
1094 1372 1488 1443 καταφαίνεται
1512 1412 1527 1435 ,
1568 1373 1772 1438 ἐκεῖνος
1800 1376 1829 1427 6

244 1464 495 1533 ἀδελφὸς,
516 1466 545 1517 6
573 1462 813 1516 κατιόντι
835 1462 970 1534 πρὸς
994 1463 1341 1531 Αἰγυπτίους,
1364 1463 1504 1517 κατά
1540 1463 1679 1517 θεῖον
1707 1462 1830 1533 βού-

244 1554 420 1624 λημα,
451 1553 528 1624 τῷ
559 1554 785 1607 Μωῦσεῖ
826 1555 1185 1621 συναντήσας,
1212 1553 1270 1604 ὃν
1301 1555 1380 1615 είς
1414 1553 1645 1622 ἀγγέλου
1675 1554 1827 1619 τάξιν

243 1648 274 1700 6
306 1647 462 1714 λόγος
488 1646 731 1717 ἐνόησεν.
772 1645 931 1699 Ἀλλά
960 1647 1079 1698 τότε
1126 1646 1333 1714 γίνεται
1370 1646 1469 1716 τῆς
1493 1647 1825 1718 ὑπερκειμέ·

245 1755 344 1808 νης
389 1738 604 1806 φύσεως
637 1739 670 1809 ἡ
704 1737 988 1808 ὲμφάνεια,
1019 1736 1193 1799 οὕτως
1224 1738 1619 1809 ἐμφαινομένη,
1642 1739 1823 1804 καθὼς

1618 339 1708 396 DE
1740 339 1903 397 VITA
1920 336 2174 398 διογειε

250 464 401 536 μόνῳ
421 459 502 533 τῷ
528 459 651 533 Θεῷ
699 459 1016 534 καθορᾶται,
1039 458 1217 529 ὀλίγος
1242 457 1466 528 γίνεται
1500 456 1676 527 λόγος.
1707 456 1816 512 Ἐπῖ

1937 458 2139 513 tionem
2172 456 2396 514 habent.
2432 458 2501 512 At
2549 456 2765 528 Moyses
2805 469 2913 509 non
2950 454 3023 510 ita

3404 340 3515 397 369

3083 473 3097 510 :
3142 450 3237 510 sed
3265 452 3392 509 dum
3435 454 3517 510 Is-

1934 548 2160 604 raelitas
2247 547 2393 603 bono
2445 551 2630 602 animo
2683 544 3014 615 essejubct,
3054 543 3273 599 tametsi
3304 544 3508 597 nullam

1930 637 2175 692 exterius
2209 650 2397 691 vocem
2430 636 2570 706 apud
2602 633 2768 689 Deum
2817 633 3087 705 proferat.
3113 635 3379 691 divinitus
3405 636 3510 691 sibi

1928 727 2135 782 dictum
2160 726 2411 790 alilrmat,
2447 746 2465 778 ι
2494 725 2633 793 Quid
2663 736 2719 781 tu
2754 726 2819 781 ad
2847 742 2932 780 me
2964 727 3211 782 clamas?
3247 746 3268 780 ι
3302 727 3509 794 Quam-

1933 818 2117 873 obrem
2154 827 2357 885 monet,
2392 826 2451 873 ut
2488 834 2590 889 ego
2629 820 2888 883 arbitror,
2931 833 3186 874 sonoram
3209 834 3333 875 esse
3358 820 3507 875 illam

1928 924 2142 973 vocem,
2174 918 2230 966 et
2261 926 2435 982 usque
2463 912 2529 965 ad
2564 910 2777 965 divinas
2804 926 2966 966 aures
2993 910 3370 981 magnitudine
3404 926 3506 966 sua

1931 1000 2232 1072 pervenire,
2272 1016 2394 1071 quae
2435 1016 2547 1055 non
2579 1002 2927 1056 contentione
2955 1000 3244 1064 clamoris,
3276 1001 3368 1055 sed
3403 1016 3508 1071 pu-

1930 1092 2096 1145 ritate
2121 1093 2306 1148 cordis
2332 1107 2430 1148 sua
2481 1091 2837 1147 meditatione
2880 1091 3211 1161 concipitur.
3235 1089 3294 1145 Ei
3324 1099 3505 1145 autem

1930 1186 2022 1255 qui
2059 1187 2138 1241 sic
2162 1186 2229 1240 ad
2258 1185 2546 1240 Dominum
2573 1194 2716 1248 orat,
2742 1199 2970 1255 parvum
2988 1184 3100 1254 jam
3122 1182 3289 1239 frater
3313 1177 3508 1237 afferre

1930 1279 2192 1333 auxilium
2224 1293 2384 1349 posse
2412 1277 2648 1334 videtur.
2672 1276 2863 1333 Frater
2891 1278 3017 1332 dico
3040 1277 3129 1330 ille
3152 1275 3246 1346 qui
3276 1275 3508 1330 descen-

1929 1371 2079 1425 denti
2111 1384 2142 1423 a
2173 1380 2351 1423 monte
2401 1368 2595 1440 Moysi.
2659 1366 2771 1423 Deo
2810 1368 2881 1422 ita
2915 1368 3261 1438 disponente,
3292 1366 3504 1421 obviam
3594 1394 3598 1398 -

1931 1463 2111 1517 fuerat
2160 1476 2501 1532 progressus,
2544 1476 2707 1530 quem
2752 1459 3015 1516 divinitus
3061 1460 3249 1514 datum
3299 1459 3502 1513 homini

1931 1556 2181 1625 angelum
2221 1553 2480 1608 diximus.
2520 1552 2625 1608 Sed
2669 1553 2738 1608 ab
2786 1554 2905 1623 ipso
2939 1552 3050 1608 Deo
3080 1552 3309 1607 miriﬁce
3350 1568 3379 1605 a
3418 1561 3504 1622 ty—

1930 1647 2120 1699 rannis
2149 1660 2211 1698 ac
2251 1645 2427 1699 hostis
2472 1645 2694 1700 humani
2724 1645 2940 1715 generis
3004 1644 3220 1700 insidiis
3255 1645 3506 1698 homines

1931 1744 2216 1792 eruuntur.
2246 1735 2382 1790 Tum
2411 1752 2536 1793 vero
2556 1736 2753 1791 divina
2782 1745 2991 1791 natura:
3013 1752 3133 1791 sese
3159 1736 3337 1805 prodit
3362 1750 3502 1805 prte-

249 1829 318 1882 ἃν
369 1832 522 1901 χωρῇ
555 1830 616 1882 τὸ
661 1830 985 1901 δεχόμενον·
1028 1830 1056 1881 ὃ
1087 1830 1149 1900 δὴ
1208 1831 1301 1883 καὶ
1335 1830 1454 1883 τότε
1501 1830 1816 1901 γεγενῆσθαι

1928 1828 2124 1891 sentia,
2156 1842 2278 1897 qua:
2316 1828 2397 1881 sic
2420 1836 2665 1897 apparet,
2721 1835 2777 1879 ut
2802 1842 2994 1896 capere
3043 1835 3222 1897 potest
3265 1826 3318 1880 id
3358 1830 3503 1897 quod

245 1919 400 1990 παρά
439 1921 537 1990 τῆς
591 1921 827 1992 ίστορίας
874 1920 1163 1992 ἀκούομεν,
1204 1922 1301 1975 καὶ
1336 1923 1510 1975 εἰσαεὶ
1560 1922 1822 1991 γίνεσθαι,

246 2011 400 2081 παρά
431 2011 533 2081 τῆς
557 2012 652 2064 τοῦ
676 2012 833 2080 λόγου
858 2012 1090 2084 θεωρίας
1126 2013 1486 2083 μανθάνομεν.
1528 2014 1694 2067 Ὅταν
1718 2015 1827 2087 γὰρ

246 2102 428 2173 φεύγῃ
449 2121 532 2167 τις
561 2104 653 2156 τὸν
706 2105 1014 2171 Αἰγύπτιον,
1040 2105 1133 2158 καὶ¹
1162 2104 1266 2169 ἔξω
1296 2106 1403 2158 τῶν
1429 2106 1570 2175 ὅρων
1601 2107 1829 2176 γενόμε-

234 2212 355 2263 ,νοςν
396 2195 533 2265 πρὸς
578 2195 676 2258 τὰς
724 2196 1024 2266 προσϐολὰς
1050 2196 1155 2249 τῶν
1201 2198 1516 2267 πειρασμῶν
1548 2197 1824 2270 δειλιάσῃ’

244 2285 453 2339 ἄνωθεν
482 2287 581 2356 τὴν
612 2289 677 2340 ὲκ
708 2287 1019 2357 παραλόγου
1050 2289 1319 2360 σωτηρίαν
1346 2292 1373 2343 6
1396 2290 1585 2359 όδηγὸς
1614 2290 1825 2343 ὑποδεί-

243 2394 457 2435 κνυσιν.
497 2380 623 2432 εταν
657 2377 1197 2451 περιστάιχισὰμενος
1234 2384 1261 2434 6
1292 2380 1482 2453 ἐχθρὸς
1526 2384 1595 2452 τῇ
1632 2383 1824 2436 ἑαυτοῦ

204 2486 209 2489 '
242 2467 470 2538 δυνάμει
528 2468 616 2521 τὸν
656 2469 1019 2539 διωκόμενον,
1067 2470 1236 2541 βατὴν
1274 2471 1363 2524 ὑπ’
1392 2472 1636 2543 ἀνάγκης
1679 2472 1826 2543 αὐτῷ

243 2561 630 2631 κατασκευάσῃ
659 2560 757 2632 τὴν
783 2560 1077 2626 θάλασσαν,
1106 2564 1185 2626 είς
1212 2565 1280 2633 ἢν
1303 2563 1624 2635 καθηγεῖται
1654 2565 1682 2616 6
1711 2566 1827 2637 ὁδη-

241 2651 337 2719 γος
364 2654 391 2722 η
422 2652 617 2723 νεφέλη
669 2654 847 2707 (τοῦτο
874 2653 983 2725 γὰρ
1028 2656 1199 2725 ὄνομα
1241 2654 1318 2725 τῷ
1350 2655 1657 2726 όδηγοῦντι,
1688 2660 1825 2730 ὅπερ

242 2743 422 2809 καλῶς
466 2749 580 2810 τοῖς
623 2745 733 2817 προ
777 2732 936 2818 ἡμῶν
966 2749 1045 2811 είς
1078 2750 1177 2818 τὴν
1201 2748 1293 2802 τοῦ
1320 2749 1474 2818 ἁγίου
1509 2751 1825 2821 Πνεύματος

243 2836 559 2908 μετελήφθη
616 2838 836 2909 χάριν)·
867 2841 998 2909 παρ’
1043 2831 1104 2891 οὗ
1152 2840 1365 2909 γίνεται
1418 2844 1533 2903 τοῖς
1581 2841 1752 2906 ἀξίοις
1788 2844 1823 2911 ή

240 2928 382 3001 πρὸς
434 2929 497 2982 τδ
548 2930 754 2998 ἀγαθὸν
790 2930 1010 3002 ὁδηγία·
1041 2925 1085 3000 ᾧ
1133 2949 1216 2995 τις
1256 2933 1539 3003 ἑπόμενος,
1564 2934 1624 2986 τὸ
1679 2933 1823 3006 ὕδωρ

237 3017 532 3085 διέξεισιν,
566 3020 936 3084 ὁδοποιοῦντος
988 3022 1090 3093 τὴν
1134 3022 1200 3074 δι’
1236 3022 1399 3075 αὐτοῦ
1453 3023 1677 3094 πορείαν
1727 3024 1820 3077 τοῦ

240 3111 547 3181 ἡγουμένου
572 3128 595 3161 ι
618 3111 683 3164 δι’
711 3107 771 3166 οὗ
800 3112 1011 3181 γίνεται
1043 3113 1104 3166 τὸ
1132 3112 1372 3181 ἀσφαλὲς
1401 3116 1467 3185 τῇ
1516 3114 1816 3191 ἐλευθερία,

239 3199 336 3253 τοῦ
387 3201 480 3255 ἐπὶ
509 3200 723 3271 δουλεία
766 3201 1217 3270 καταδιώκοντος,
1254 3205 1713 3276 ὲναφανιζομένου
1741 3207 1820 3277 τῷ

237 3289 419 3346 ὕδατι.
450 3291 545 3355 Τίς
592 3292 700 3362 γὰρ
756 3294 856 3346 οὐκ
899 3289 1071 3360 οἶδεν,
1114 3295 1197 3347 ὅτι
1247 3295 1476 3366 στρατὸς
1519 3298 1819 3366 Αίγύπτιός

238 3382 357 3436 ἑστι
389 3383 456 3437 τὰ
486 3384 704 3439 ποικίλα
740 3384 842 3456 τῆς
868 3386 1044 3457 ψυχῆς
1083 3386 1252 3459 πάθη,
1288 3383 1369 3453 οἷς
1395 3389 1817 3455 καταδουλοῦται

236 3474 267 3526 6
298 3473 615 3544 ἀνθρωπος;
645 3478 870 3531 Ἐκεῖνοι
898 3479 948 3531 οἱ
980 3481 1147 3542 ῖπποι,
1165 3481 1345 3532 ἐκεῖνα
1365 3480 1431 3533 τά
1458 3481 1698 3553 ἅρματα,
1723 3483 1818 3535 καὶ

235 3568 289 3619 οί
321 3568 405 3618 ἐπ’
427 3568 603 3621 αὐτῶν
629 3569 911 3631 ἀναϐάται,
940 3572 1172 3638 τοξόται,
1209 3573 1304 3627 καέι
1338 3573 1814 3644 σφενδονῆται,καὶ

234 3660 535 3730 όπλομάχοι
561 3702 576 3727 ,
611 3664 702 3715 καὶ
752 3664 782 3717 6
828 3662 1013 3727 λοιπὸς
1044 3665 1228 3736 ὅμιλος
1280 3665 1382 3736 τῆς
1442 3664 1552 3718 τῶν
1602 3666 1815 3738 ἐχθρῶν

238 3754 616 3823 παρατάξεως.
648 3757 714 3808 Τί
743 3754 852 3827 γὰρ
884 3758 949 3811 ἄν
976 3774 1058 3820 τις
1083 3757 1355 3828 διαφέρειν
1390 3757 1532 3811 εἴποι
1566 3759 1692 3820 τοὺς
1717 3754 1830 3811 θυ-Δ

237 3843 438 3914 μὼδεις
465 3846 573 3900 τῶν
617 3847 910 3917 λογισμῶν,
936 3847 968 3918 ἢ
994 3849 1089 3911 τὰς
1129 3850 1265 3919 πρὸς
1285 3849 1479 3920 ἡδονήν
1505 3866 1563 3901 τε
1588 3850 1681 3903 καὶ
1718 3850 1812 3904 λύ-

235 3954 345 4007 πην
365 3937 455 3990 καὶ
484 3938 791 4005 πλεονεξίαν
812 3941 1009 4010 ὁρμὰς,
1034 3943 1133 4012 τῆς
1164 3959 1267 4012 μνη
1277 3945 1627 4011 μονευθείσης
1651 3959 1813 4015 στρα-

231 4031 357 4092 τιᾶς
379 4071 395 4095 ,
428 4030 587 4093 Λίθος
637 4031 893 4103 ἄντικρυς
941 4031 1049 4085 ἀπὸ
1080 4032 1367 4104 σφενδόνης
1396 4034 1543 4088 ἐστὶν
1574 4036 1607 4106 ἡ
1639 4035 1811 4089 λοιδοε

234 4120 351 4191 pla,
387 4120 481 4172 καὶ
530 4120 698 4190 λόγχη
744 4123 843 4192 τὴν
889 4124 1093 4194 αἰχμὴν
1144 4124 1457 4179 ἐπισείουσα
1490 4127 1522 4197 ἡ
1555 4126 1808 4199 θυμώδης

229 4213 378 4282 ὁρμή
401 4211 487 4263 ’τὸ
514 4211 570 4265 δὲ
598 4211 728 4283 περὶ
756 4211 852 4275 τὰς
874 4213 1065 4285 ἡδονὰς
1094 4215 1282 4279 πάθος,
1302 4217 1349 4269 οἱ
1378 4217 1536 4271 ἵπποι
1556 4219 1808 4273 νοείσθω-

231 4317 356 4365 σαν,
385 4301 596 4373 ἀσχέτῳ
636 4305 740 4356 τινὶ
781 4306 923 4375 ὁρμῇ
955 4305 1012 4358 τὸ
1053 4305 1203 4377 ἅρμα
1250 4308 1319 4360 δι’
1342 4309 1546 4361 ἑαυτῶν
1579 4310 1805 4380 ἐφελκό-

229 4407 385 4459 μενοι
412 4429 424 4452 ,
456 4393 512 4444 ὲν
540 4385 584 4457 ᾧ
608 4393 656 4444 οί
684 4395 829 4461 τρεῖς
851 4393 1129 4455 ἐπιϐάται,
1161 4395 1253 4458 οὓς
1278 4400 1572 4468 τριστάτας
1600 4400 1805 4471 ὀνομά-

1928 1934 2046 1974 eam
2079 1920 2291 1987 recipit.
2324 1918 2437 1974 Hoc
2489 1921 2674 1988 utique
2711 1928 2823 1973 tum
2867 1920 3131 1974 accidisse
3176 1934 3241 1972 ex
3276 1918 3504 1973 historia

1928 2008 2205 2071 audimus,
2240 2018 2293 2061 et
2357 2018 2616 2077 perpetuo
2654 2007 2767 2062 fieri
2797 2023 2860 2063 ex
2890 2008 3160 2077 spirituali
3215 2023 3382 2063 sensu
3420 2008 3505 2061 di-

1928 2100 2156 2155 scimus.
2186 2098 2319 2154 Nam
2350 2101 2442 2170 qui
2484 2099 2781 2172 {Egyptnm
2815 2099 3047 2171 fugiens,
3086 2098 3370 2170 [Egyptios
3388 2099 3500 2169 jam

1928 2195 2063 2247 lines
2092 2191 2195 2247 ﬁde
2221 2193 2491 2257 transivit,
2523 2193 2571 2248 si
2592 2195 2953 2247 tentationum
2994 2200 3185 2245 aestum
3232 2191 3502 2246 extimue-

1927 2286 2020 2350 rit,
2043 2286 2112 2338 ab
2140 2286 2259 2356 ipso
2288 2284 2395 2340 Deo
2419 2285 2704 2356 petendam
2734 2300 2858 2340 esse
2890 2285 2994 2340 sibi
3021 2286 3273 2349 salutem,
3302 2300 3332 2338 a
3364 2284 3503 2340 duce

1927 2376 2239 2430 instruitur.
2263 2376 2397 2432 Cum
2428 2381 2572 2432 enim
2620 2376 2862 2447 undique
2891 2378 3265 2432 circumdatus
3295 2377 3503 2432 inimici

1927 2469 2135 2523 viribus
2161 2469 2252 2532 sit,
2310 2478 2441 2523 tunc
2480 2470 2794 2524 necessario
2824 2473 2956 2541 (non
2987 2469 3135 2526 enim
3164 2469 3328 2525 datur
3360 2471 3503 2527 alius

1925 2562 2128 2629 exitus)
2188 2577 2339 2616 mare
2369 2562 2631 2616 divinitus
2683 2562 2756 2615 ita
2811 2563 3100 2626 scinditur,
3132 2571 3193 2617 ut
3226 2578 3321 2632 per
3372 2564 3501 2618 illud

1926 2653 2208 2707 ambulare
2238 2654 2414 2722 possit
2444 2654 2512 2716 ³⁸,
2567 2653 2633 2708 ad
2674 2653 2819 2723 quod
2852 2654 3025 2709 nubes
3054 2654 3072 2724 (
3099 2655 3150 2707 id
3198 2655 3343 2709 enim
3374 2656 3499 2711 duci

1925 2745 2145 2813 nomen)
2172 2744 2338 2797 ductu
2353 2760 2453 2798 suo
2474 2744 2710 2809 deducit,
2738 2760 2843 2814 qua
2859 2745 3077 2815 quidem
3101 2746 3245 2800 nube
3263 2744 3500 2816 Spiritus

1925 2843 2099 2889 sancti
2121 2836 2351 2904 gratiam
2389 2834 2545 2887 multi
2575 2834 2740 2889 etiam
2764 2844 2890 2890 ante
2911 2850 3010 2890 nos
3040 2836 3335 2906 significari
3357 2848 3503 2895 recte

1923 2936 2311 2982 asseverat-unt
2346 2945 2357 2980 :
2396 2942 2425 2980 a
2452 2927 2649 2996 spiritu
2680 2927 2824 2982 enim
2842 2928 2909 2982 ad
2937 2929 3134 2983 bonum
3159 2929 3502 2999 reducitnur;

1923 3018 2176 3087 spiritum
2205 3020 2298 3089 qui
2359 3019 2660 3088 sequimur,
2687 3034 2884 3088 aquam
2923 3020 3343 3089 pertransimus.
3379 3024 3501 3090 Spi-

1925 3110 2066 3164 ritus
2096 3110 2198 3163 iter
2220 3109 2286 3163 ad
2318 3124 2376 3164 se
2404 3125 2501 3180 per
2524 3124 2720 3180 aquam
2742 3119 3036 3181 praeparat;
3055 3112 3248 3181 sp'ritu
3279 3112 3502 3166 libertas

1924 3206 2301 3266 confirmatur,
2353 3203 2581 3275 spiritus
2608 3203 2676 3265 is.
2710 3203 2803 3273 qui
2833 3219 2933 3258 nos
2963 3204 3019 3257 in
3043 3204 3359 3267 servitutem
3390 3213 3501 3258 tra-

1923 3295 2051 3349 here
2101 3304 2353 3361 conatur,
2413 3310 2554 3366 aqua
2610 3295 2929 3350 conteritur.
2990 3295 3119 3349 Haec
3178 3295 3271 3366 qui
3321 3297 3496 3358 audit.

1920 3400 2075 3454 aqua:
2102 3393 2509 3440 sacramentum
2556 3400 2663 3439 non
2724 3386 3013 3454 ignorabit.
3043 3386 3096 3439 in
3131 3402 3293 3458 quam
3323 3388 3501 3443 ﬁdelis

1919 3493 2043 3531 cum
2095 3478 2352 3533 universo
2396 3478 2570 3532 nostri
2623 3477 2801 3531 hostis
2843 3477 3184 3533 descendens
3226 3480 3497 3547 exercitu,

1892 3572 2069 3627 solus
2102 3572 2328 3641 emergit
2360 3570 2503 3634 inde,
2538 3570 2791 3624 hostibus
2827 3571 3064 3626 detentis
3087 3581 3250 3641 atque
3271 3588 3501 3643 oppres-

1916 3663 1995 3716 sis
2026 3676 2187 3729 aqua.
2224 3661 2358 3725 Quis
2392 3660 2538 3714 enim
2579 3676 2687 3714 non
2716 3660 2869 3713 nmit
2894 3677 3065 3731 equos
3095 3660 3494 3733 IEgyptiorum,

1915 3752 2255 3823 sagittarios,
2290 3751 2615 3814 funditores.
2645 3760 2909 3815 armatos,
2934 3734 3148 3822 Equites
3174 3768 3239 3808 ac
3262 3755 3494 3824 pedites.

1914 3860 2135 3907 currus,
2191 3845 2618 3913 universamque
2676 3842 2921 3911 ipsorum
2959 3844 3280 3912 potentiam,
3312 3847 3494 3899 varias

1911 3952 2034 3991 esse
2060 3936 2227 3989 animi
2278 3935 2583 4005 passiones,
2624 3934 2826 4003 quibus
2851 3935 3101 3989 servituti
3129 3935 3293 3989 homo
3321 3938 3494 4008 subji-

1911 4027 2092 4082 citur?
2118 4024 2259 4091 Quid
2314 4027 2460 4079 enim
2498 4026 2567 4080 ab
2596 4027 2687 4081 illo
2721 4024 3100 4095 Aigyptiorum
3147 4030 3387 4082 exercitu
3416 4030 3492 4083 ita

1908 4119 2075 4174 elfusa
2105 4119 2356 4189 voluptas
2403 4118 2684 4185 effrenata,
2716 4119 2874 4174 dolor
2922 4121 3336 4192 immoderatus,
3364 4139 3493 4178 ava-

1908 4210 2055 4276 ritia,
2089 4210 2306 4265 fmditas
2331 4202 2547 4265 diﬂ'ert?
2593 4210 2754 4280 Lapis
2781 4219 2864 4266 est
2909 4211 3053 4265 haud
3084 4213 3248 4269 dubie
3286 4217 3491 4271 missus

1907 4301 2073 4356 funda
2100 4300 2451 4361 contumelia,
2484 4307 2538 4352 et
2604 4299 2758 4353 hasta
2805 4301 3087 4369 cuspidem
3136 4302 3357 4359 vibrans
3404 4314 3491 4360 est

1906 4393 2142 4462 impetus
2169 4392 2464 4446 iracundia:
2497 4410 2509 4445 :
2544 4392 2711 4445 libido
2733 4402 2912 4446 autem
2940 4404 2992 4447 et
3036 4395 3309 4463 cupiditas
3334 4399 3489 4450 volu-

226 4482 314 4546 ζει
358 4484 389 4550 ἡ
429 4482 659 4552 ἱστορία.
698 4483 932 4554 Νοήσεις
972 4484 1028 4536 δὲ
1071 4486 1199 4549 τοὺς
1232 4490 1380 4557 τρεῖς
1412 4489 1636 4553 τούτους
1668 4492 1799 4545 πάν-

1920 4493 2113 4538 statum
2152 4484 2526 4553 intelligantur
2554 4484 2680 4552 equi
2728 4484 2995 4549 effrenato
3016 4487 3252 4554 quodam
3280 4488 3485 4561 impetu

221 4591 356 4636 τως,
385 4575 512 4635 τοὺς
538 4575 866 4645 φερομένους
888 4576 993 4629 ὑπὸ
1019 4577 1111 4629 τοῦ
1140 4577 1403 4649 ἅρματος,
1428 4582 1803 4653 προδιδαχθεὶς

224 4670 284 4720 ἐν
312 4664 391 4736 τῷ
428 4668 566 4721 κατὰ
596 4669 723 4731 τοὺς
760 4670 1033 4736 σταθμοὺς
1061 4672 1153 4723 καὶ
1175 4672 1271 4743 τὴν
1304 4673 1463 4742 φλιὰν
1495 4678 1799 4747 μυστηρίῳ,

220 4759 323 4827 τὴν
352 4761 585 4830 τριμερῆ
610 4760 707 4828 τῆς
729 4761 904 4830 ψυχῆς
932 4761 1219 4832 διαίρεσιν,
1246 4766 1327 4827 είς
1355 4766 1416 4819 τὸ
1437 4766 1676 4835 λογικὸν,
1706 4770 1801 4823 καὶ

218 4849 638 4920 ἐπιθυμητικὸν,
670 4853 763 4902 καὶ
813 4851 1091 4918 θυμοειδὲς
1127 4854 1467 4926 ἀναπέμπων
1506 4858 1567 4911 τὸ
1596 4860 1795 4931 νόημα.

292 5029 480 5084 Ταῦτα
500 5026 593 5083 οὖν
625 5032 819 5095 πάντα,
847 5034 938 5087 καὶ
956 5035 1054 5088 ὅσα
1080 5035 1287 5099 τούτοις
1317 5039 1580 5108 ὁμόφυλα,
1600 5040 1677 5112 τῷ
1705 5060 1803 5094 κα-

216 5125 546 5196 θηγουμένῳ
603 5126 700 5197 τῆς
762 5130 1004 5200 πονηρᾶς
1064 5130 1254 5196 ἐφόδου
1321 5133 1700 5199 συνεισπίπτει
1725 5134 1800 5206 τῷ

228 5214 539 5285 Ἰσραηλίτῃ
570 5215 662 5267 ἐπὶ
688 5214 749 5268 τὸ
775 5214 945 5286 ὕδωρ·
988 5218 1072 5286 ἐφ’
1099 5214 1173 5271 ὧν
1202 5220 1234 5287 ἡ
1267 5219 1358 5271 τοῦ
1385 5220 1575 5283 ’ύδατος
1603 5222 1764 5289 φύσις
1784 5262 1798 5284 ,

215 5306 529 5377 ἡγουμένης
566 5306 664 5376 τῆς
704 5306 845 5360 κατὰ
891 5312 989 5379 τὴν
1032 5308 1339 5380 βακτηρίαν
1387 5312 1623 5375 πίστεως
1650 5353 1664 5376 ,
1705 5316 1798 5368 καὶ

214 5397 315 5465 τῆς
363 5395 703 5465 φωτιζούσης
732 5398 961 5466 νεφέλης
980 5440 995 5464 ,
1029 5400 1290 5465 ζωοποιὸς
1325 5402 1423 5472 μὲν
1452 5403 1660 5471 γίνεται
1688 5405 1796 5460 τῶν

211 5490 296 5544 είς
343 5488 514 5555 αὐτὴν
556 5488 1038 5555 καταφευγόντων,
1083 5491 1400 5563 ἀναιρετικὴ
1430 5491 1487 5546 δὲ
1530 5492 1637 5547 τῶν
1673 5493 1797 5547 διω-

210 5578 442 5631 κόντων.
478 5577 621 5648 Πρὸς
646 5576 681 5631 ἀ
701 5577 942 5634 παιδεύει
964 5580 1054 5635 διὰ
1079 5582 1283 5636 τούτων
1312 5585 1344 5653 ἡ
1378 5584 1587 5654 ἱστορία
1606 5625 1620 5652 ,
1649 5585 1795 5651 οἵους

267 5766 312 5797 "
357 5759 531 5816 Exod.
572 5772 692 5819 xut,
730 5759 815 5814 14.

526 5855 796 5917 Parnm.
825 5856 947 5918 Gtt.
994 5855 1214 5922 XLIV.

1908 4592 2005 4645 per
2042 4591 2102 4631 se
2165 4591 2386 4630 currum
2440 4575 2744 4636 trahentes,
2796 4575 2849 4627 in
2878 4591 2986 4643 quo
3031 4584 3144 4633 tres
3189 4580 3400 4648 equites
3423 4598 3487 4636 ae

1903 4666 2216 4731 bellatores,
2259 4681 2398 4735 quos
2432 4666 2676 4720 tristatas
2714 4670 2948 4737 appellat
2991 4671 3237 4735 historia,
3287 4674 3485 4743 quibus

1902 4760 2228 4827 tripartitam
2252 4758 2420 4812 animi
2452 4766 2774 4827 potestatem
2806 4759 3033 4831 intelligi
3060 4764 3356 4827 credimus,
3383 4780 3486 4817 ra-

1901 4849 2156 4902 tionalem
2186 4848 2417 4913 scilicet,
2452 4847 2957 4917 concupiscibilem,
2995 4851 3347 4917 irascibilcm,
3383 4855 3483 4909 has

1901 4950 2013 4995 tres
2054 4940 2323 5011 potentias
2351 4939 2697 5010 depravatas.

1978 5032 2109 5097 Quae
2140 5032 2321 5085 omnia
2352 5046 2650 5101 eorumque
2680 5032 2855 5089 aﬂinia
2895 5049 3018 5089 cum
3049 5034 3189 5091 duce
3219 5052 3320 5092 suo
3348 5054 3478 5099 una,

1905 5125 2114 5180 scilicet
2145 5140 2267 5177 cum
2303 5124 2468 5184 ﬁdeli,
2503 5124 2557 5177 in
2590 5141 2787 5190 aquam
2835 5125 3174 5196 baptismatis
3211 5129 3480 5192 incidunt;

1905 5226 2097 5269 natura
2129 5231 2258 5270 vero
2307 5230 2480 5285 aqum,
2517 5218 2858 5281 praecedente
2906 5218 3054 5286 virga
3091 5217 3210 5270 ﬁdei
3244 5231 3297 5270 et
3329 5226 3476 5286 pote-

1902 5317 2044 5364 state
2101 5309 2460 5364 illuminantis
2528 5308 2890 5378 ducentisque
2959 5309 3188 5368 nebulw.
3248 5308 3477 5377 Spiritus

1904 5400 2156 5455 videlicet
2187 5401 2384 5465 sancti,
2427 5399 2678 5455 fidelibus
2705 5400 2923 5470 quidem
2951 5400 3044 5470 qui
3077 5399 3143 5454 ad
3172 5415 3290 5454 eam
3322 5400 3474 5454 rel'u-

1903 5497 2079 5565 giunt.
2107 5496 2271 5547 vitam
2298 5499 2538 5562 pnrstut,
2573 5491 3017 5563 persecutoribus
3041 5498 3219 5545 autem
3245 5498 3476 5545 mortem

1903 5587 2089 5643 infert.
2139 5585 2320 5654 Quare
2358 5585 2488 5640 illttd
2534 5600 2753 5655 quoque
2803 5584 2872 5639 ab
2908 5583 3138 5639 historia
3184 5583 3478 5651 discitnttS,

2008 5822 2011 5823 ⁷
2024 5833 2029 5837 .
2104 5823 2131 5837 υ-
2186 5840 2190 5845 η

3141 5856 3213 5919 12
