3888 6366
449 367 555 422 563

1721 362 1776 431 S.
1811 360 2135 418 GREGORII
2161 358 2456 419 NYS‘iLNl

3605 360 3706 417 τοι

450 483 639 554 quales
676 495 774 537 nos
834 487 954 551 post
996 495 1149 551 aqua:
1195 480 1486 536 transitum
1536 493 1657 536 esse
1699 480 2021 545 debeamus;

2131 483 2394 555 προσήκει
2441 476 2580 535 εἶναι
2626 480 2750 544 τοὺς
2787 479 3021 542 διϊόντας
3057 476 3119 531 τὸ
3167 477 3333 550 ὕδωρ,
3389 479 3564 549 μηδὲν
3610 480 3707 548 τῆς

450 574 583 629 nihil
607 574 749 629 enim
767 573 833 627 ab
848 573 1091 627 exercitu
1110 572 1305 635 hostis,
1325 573 1417 645 qui
1439 573 1722 630 nobiscum
1747 575 1803 629 in
1823 587 2022 643 aquam

451 664 663 728 incidit,
709 661 994 718 nobiscum
1030 660 1439 728 attrahendum,
1490 677 1616 717 cum
1665 664 2035 733 emergimus”

446 762 549 809 est.
584 752 717 808 Nam
743 753 964 824 quicum
991 752 1166 808 hostis
1191 768 1445 823 egressus
1471 753 1540 809 ab
1565 767 1706 824 aqua
1728 728 1888 808 sim'ul
1914 728 2042 815 est,‘

447 848 493 901 is
546 847 802 915 quoniam
856 844 912 900 in
947 858 1089 914 aqua
1140 844 1352 900 hostem
1387 860 1496 899 non
1550 845 1868 910 submersit,
1925 844 2021 899 sed

445 940 628 991 vivum
658 939 782 993 inde
807 952 991 993 secum
1019 936 1223 1000 eduxit,
1251 936 1412 990 etiam
1445 943 1569 1007 post
1595 951 1791 1007 aquam
1826 937 1882 991 in
1905 951 2024 993 ser-

444 1032 620 1085 vitute
655 1030 943 1087 remansit.
990 1028 1067 1083 Ita
1101 1029 1208 1083 tale
1241 1029 1371 1099 quid
1399 1037 1531 1105 est,.
1559 1036 1616 1084 ut
1647 1029 1814 1084 latius
1844 1028 2020 1097 expli-

447 1131 622 1187 cetur,
654 1121 797 1191 quod
829 1127 1081 1191 oporteat
1104 1134 1295 1176 omnes
1315 1121 1411 1192 qui
1442 1122 1894 1177 sacramentaletn
1925 1122 2023 1178 ba-

444 1212 718 1283 ptismatis
775 1225 972 1281 aquam
1026 1217 1338 1278 transeunt,
1391 1212 1710 1269 universum
1761 1212 2021 1267 vitiorum

446 1304 745 1359 exercitum
778 1303 831 1357 in
861 1318 1002 1373 aqua
1032 1301 1306 1368 occidere,
1335 1309 1395 1357 ut
1421 1303 1728 1368 avaritiam,
1766 1318 2021 1375 rapacem

446 1405 703 1455 mentem.
725 1395 1021 1458 luxuriam,
1042 1393 1348 1461 libidinem,
1374 1396 1711 1465 superbiam,
1729 1396 2021 1451 elationem

440 1498 631 1560 animi,
657 1497 794 1551 iram
819 1535 833 1559 ,
871 1492 1157 1558 invidiam,
1197 1499 1394 1547 cuncta
1429 1486 1545 1540 haec
1580 1495 1635 1541 et
1670 1485 1760 1540 bis
1792 1487 2013 1542 similia.

441 1590 553 1643 Nec
576 1588 751 1642 solum
774 1586 1001 1641 allectus
1027 1584 1313 1645 vitiorum,
1332 1579 1427 1638 sed
1451 1577 1620 1633 animi
1644 1586 1825 1632 motus
1853 1586 2020 1647 atque

444 1665 910 1737 perturbationes,
961 1682 1082 1737 quae
1136 1667 1418 1721 hominum
1465 1676 1717 1722 naturam
1761 1668 2023 1737 quodam-

443 1755 610 1811 modo
644 1764 1075 1827 consequuntur,
1124 1755 1178 1809 iu
1218 1762 1482 1826 quantum
1518 1756 1780 1827 possibile
1811 1762 1915 1823 est,
1963 1754 2019 1811 in

2131 573 2381 638 ἐναντίας
2436 573 2696 646 στρατιᾶς
2753 570 2895 642 μετὰ
2943 570 3005 624 τὸ
3046 569 3317 637 ,ἀναδῦναι
3362 569 3460 623 τοῦ
3522 570 3710 635 ὓδατος

2130 664 2551 737 ἐφελκομένους.
2592 662 2792 735 Είγάρ
2838 661 3113 732 συναναθῇ
3148 661 3298 732 αὑτῷ
3343 663 3374 714 ό
3415 661 3709 733 πολέμιος,

2131 758 2283 829 μένει
2316 758 2411 812 καὶ
2451 755 2591 828 μετὰ
2619 755 2679 809 τὸ
2712 753 2858 824 ὕδωρ
2883 753 2941 808 ἐν
2967 755 3035 824 τῇ
3074 752 3316 824 δουλείᾳ,
3358 752 3710 807 συνεκϐαλὼν

2128 849 2307 922 ἐαυτῷ
2338 849 2517 914 ζῶντα
2554 847 2645 901 τὸν
2673 846 2957 917 τύραννον,
3006 844 3066 898 δν
3106 847 3164 898 ἐν
3198 844 3278 916 τῷ
3310 844 3458 917 βυθῷ
3489 846 3553 899 οὐ
3584 863 3712 899 κατ-

2129 942 2305 997 έδυσε.
2345 939 2518 994 Τοῦτο
2558 939 2617 993 δέ
2661 936 2900 991 τοιοῦτόν
2943 938 3114 997 ἐστιν.
3148 937 3225 1001 ὡς
3260 938 3325 991 ἀν
3354 954 3442 1001 τις
3485 938 3711 1009 πρὸςώ

2128 1031 2460 1103 γυμνότερον
2509 1028 2571 1084 τὸ
2621 1026 2852 1097 αἴνιγμα
2898 1025 3223 1097 μεταϐαλὼν
3264 1026 3612 1096 σαφηνίσειε,
3650 1032 3713 1080 sb

2127 1122 2237 1177 δεῖν
2266 1122 2478 1185 πάντας
2507 1121 2634 1185 τοὺς
2665 1118 3055 1192 διερχομένους
3099 1118 3158 1171 τὸ
3190 1117 3453 1188 μυστικὸν
3483 1117 3633 1188 ὕδωρ
3654 1118 3710 1171 ἐν

2126 1215 2206 1287 τῷ
2240 1213 2608 1285 βαπτίσματι,
2654 1212 2838 1265 πᾶσαν
2866 1210 2968 1282 τὴν
2993 1209 3094 1281 τῆς
3121 1208 3324 1273 κακίας
3356 1208 3713 1280 παρεμϐολὴν

2127 1305 2328 1378 νεκρὰν
2360 1306 2532 1359 ποιεῖν
2563 1306 2621 1357 ἐν
2650 1302 2729 1375 τῷ
2744 1301 2899 1357 ὕδατι
2917 1317 2932 1333 ο
2973 1296 3087 1354 οἷον
3113 1298 3213 1371 τὴν
3243 1298 3596 1368 πλεονεξίαν,
3617 1297 3714 1370 τὴν

2127 1398 2427 1454 ἀκόλαστον
2472 1394 2799 1467 ἐπιθυμίαν,
2843 1393 2941 1465 τὴν
2969 1390 3317 1464 ἀρπακτικὴν
3360 1390 3627 1452 διάνοιαν,
3655 1388 3714 1442 τδ

2129 1489 2271 1544 κατά
2289 1488 2382 1543 τὸν
2402 1485 2570 1558 τύφον
2590 1487 2686 1543 καὶ
2712 1483 3096 1558 ὑπερηφανίαν
3126 1480 3321 1548 πάθος,
3356 1480 3459 1552 τὴν
3487 1479 3711 1552 θυμώδη

2127 1578 2327 1652 ὁρμὴν,
2372 1579 2472 1649 τὴν
2506 1577 2699 1651 ὀργὴν,
2738 1577 2837 1649 τὴν
2888 1576 3070 1647 μῆνιν,
3113 1573 3214 1646 τὴν
3257 1572 3588 1644 βασκανίαν,
3625 1572 3714 1627 τὸν

2127 1670 2341 1739 φθόνον,
2371 1668 2543 1724 ταῦτα
2576 1669 2777 1735 πάντα,
2811 1667 2908 1721 καὶ
2960 1663 3033 1719 τά
3075 1662 3323 1727 τοιαῦτα,
3369 1663 3562 1733 ἐπειδή
3600 1680 3714 1726 πως

2128 1764 2371 1831 πέφυκεν
2408 1761 2637 1816 ἐπεσθαι
2681 1766 2746 1837 τῇ
2799 1758 2962 1831 φύσει
2994 1756 3067 1812 τά
3099 1756 3249 1829 πάθη
3270 1795 3285 1820 ,
3325 1756 3502 1827 νεκρά
3537 1755 3715 1819 ⁸εοιεῖν

444 1861 586 1917 aqua
637 1847 953 1904 submersas
993 1848 1305 1918 relinquere
1351 1847 1634 1903 debemus.
1694 1845 1829 1901 Nam
1884 1847 2021 1903 sicut

2132 1859 2190 1911 ἐν
2217 1856 2296 1928 τῷ
2324 1856 2476 1910 ὕδατι
2496 1872 2511 1886 ’
2542 1853 2686 1908 αὐτά
2710 1870 2771 1907 τε
2797 1854 2868 1907 τά
2901 1848 3113 1923 πονηρά
3140 1849 3239 1921 τῆς
3281 1848 3525 1911 διανοίας
3557 1840 3714 1919 κινήὲ

441 1940 608 1996 etiam
640 1938 695 1992 in
734 1938 939 2010 pascha
974 1937 1113 1993 dixit
1147 1937 1234 2010 (id
1265 1938 1410 1995 enim
1442 1947 1527 1995 est
1572 1953 1770 1994 nomen
1806 1937 2017 2003 hostiae,

441 2030 601 2100 cujus
643 2029 869 2100 sanguis
905 2037 1132 2086 mortem
1169 2029 1238 2085 ab
1275 2035 1461 2085 utente
1501 2028 1753 2098 repellit)
1796 2041 2020 2099 azymos

439 2137 608 2193 panes
631 2120 965 2192 ederejubet
988 2121 1055 2177 ⁸⁸.
1091 2121 1362 2194 Azymum
1394 2129 1572 2177 autem
1605 2129 1710 2187 est,
1743 2119 1891 2191 quod
1912 2117 2022 2175 fcr-

440 2220 708 2280 mentum,
739 2229 853 2269 rem
882 2223 1127 2285 tempore
1148 2213 1455 2274 rancidam.
1500 2227 1687 2269 secum
1713 2212 2017 2269 immistum

440 2320 550 2359 non
584 2305 765 2361 habet.
798 2303 918 2370 Quo
950 2316 1111 2375 pacto
1141 2305 1348 2368 docuit,
1371 2320 1441 2361 ne
1469 2303 1727 2360 vitiorum
1757 2302 2020 2374 reliquias

441 2396 691 2466 sequenti
724 2404 847 2464 post
883 2394 1043 2449 ﬁdem
1082 2395 1208 2450 vitae
1248 2394 1684 2460 immisceamus,
1736 2393 1833 2450 sed
1861 2391 2020 2463 quasi

444 2488 512 2542 ab
540 2487 649 2543 alio
683 2487 842 2542 initio
886 2487 1068 2541 vivere
1104 2485 1457 2555 incipiamus,
1513 2483 1776 2556 peccandi
1821 2485 2019 2539 seriem

441 2579 508 2633 ad
537 2579 697 2634 iidem
735 2592 910 2648 usque
937 2576 1312 2633 continuatam
1341 2574 1751 2648 dirumpentes:
1808 2576 1881 2631 ita
1915 2574 2021 2631 hoc

443 2671 497 2725 in
528 2671 649 2725 loco
679 2668 974 2742 Egyptum
1008 2683 1248 2733 omnem,
1279 2667 1330 2721 id
1357 2677 1464 2730 est,
1511 2682 1729 2723 omnem
1756 2667 2021 2739 peccandi

441 2763 677 2831 speciem
719 2763 774 2814 in
808 2775 948 2827 aqua
988 2760 1444 2828 subtnergendatn
1492 2773 1553 2814 re
1579 2759 1698 2829 ipsa
1734 2758 2017 2823 instruxit,

442 2862 503 2909 ut
531 2854 656 2908 inde
688 2853 789 2907 soli
834 2854 1041 2923 absque
1085 2859 1311 2922 peccato
1346 2863 1713 2920 emergamus.
1748 2847 1906 2915 Quod
1936 2847 2020 2903 bi-

442 2943 627 3001 storiaa
683 2944 882 2998 factum
934 2952 1062 2999 tunc
1119 2942 1371 3013 legimus,
1423 2950 1653 2999 enectos
1704 2942 1914 2997 scilicet
1964 2941 2020 2996 in

442 3035 601 3106 aquis
647 3036 853 3099 hostes,
908 3041 963 3088 et
1001 3032 1221 3089 Judaeos
1269 3034 1394 3088 inde
1425 3034 1577 3090 solos
1608 3035 1875 3091 evasisse.
1915 3034 2020 3090 Sed

444 3128 598 3181 multi
630 3128 711 3181 vel
740 3126 1049 3197 ignorantia
1081 3133 1474 3197 praeceptorum
1504 3126 1662 3197 legis,
1687 3126 1773 3181 vel
1804 3125 2023 3182 temeri-

441 3231 552 3277 tate
601 3235 664 3274 ac
707 3219 1096 3281 inconstantia,
1160 3218 1446 3273 sordidum
1490 3220 1695 3289 prioris
1735 3220 1861 3274 vitae
1911 3218 2022 3275 fer-

443 3320 688 3367 mentum
725 3311 780 3365 in
825 3311 1181 3380 posteriorem
1219 3310 1388 3363 vitam
1441 3310 1755 3373 traducunt,
1788 3317 1842 3365 et
1876 3309 2022 3367 feros

448 3401 661 3475 Egypti
702 3401 905 3457 milites
948 3409 1073 3471 post
1109 3401 1443 3472 baptismum
1492 3416 1681 3457 secum
1720 3401 2017 3458 adducunt.

445 3490 577 3549 Nam
616 3492 707 3562 qui
743 3491 933 3561 rapina
961 3490 1117 3547 «litati
1166 3496 1317 3552 sunt,
1359 3496 1454 3543 aut
1496 3489 1736 3560 periurio
1780 3488 2021 3561 praedam

444 3584 742 3655 possident,
775 3592 869 3637 aut
898 3581 1172 3637 adulterio
1202 3596 1403 3637 uxores
1438 3580 1734 3644 duxerunt,
1787 3590 1883 3635 aut
1924 3581 2024 3636 ali-

445 3676 572 3754 quid
600 3676 820 3730 vetitum
846 3681 971 3730 ante
999 3673 1254 3744 baptismi
1286 3673 1488 3729 donum
1524 3675 1941 3736 commiserunt,
1975 3674 2020 3728 si

444 3767 643 3825 lavacri
687 3767 859 3837 gratia
890 3765 959 3820 ab
1003 3766 1089 3822 his
1140 3780 1200 3822 se
1249 3766 1490 3836 peccatis
1524 3765 1781 3822 liberatos
1810 3774 2020 3836 putant,

441 3863 499 3919 in
548 3858 749 3929 injuria
800 3868 1202 3928 permanentes,
1246 3858 1597 3914 vehementer
1647 3866 1862 3923 errant,
1922 3872 2023 3914 nec

443 3959 672 4022 possunt
705 3950 1030 4019 intelligere,
1064 3949 1217 4004 duris
1242 3949 1471 4004 nimium
1508 3965 1567 4005 se
1595 3951 1833 4006 dominis
1864 3950 2021 4021 quasi

446 4058 617 4098 nexos
661 4042 950 4095 inservire.
983 4040 1234 4095 Crudelis
1267 4040 1411 4097 enim
1456 4040 1676 4097 domina
1711 4058 1773 4098 ac
1805 4044 2024 4100 rabiosa

448 4136 664 4188 luxuria
687 4139 793 4198 est,
823 4131 1049 4186 libidine
1070 4132 1224 4201 quasi
1251 4131 1491 4187 stimulis
1516 4134 1764 4187 servilem
1786 4143 2022 4189 mentem

447 4226 751 4298 exagitans.
800 4224 917 4277 Alia
957 4238 1063 4277 non
1097 4222 1279 4279 minus
1322 4222 1564 4278 crudelis
1593 4223 1813 4279 domina
1844 4226 2025 4280 avari-

2126 1964 2292 2017 ματα,
2327 1946 2422 2001 καὶ
2445 1945 2514 2000 τά
2551 1946 2617 1999 ἐκ
2643 1944 2850 1999 τούτων
2882 1941 3300 2011 ἀποτελέσματα
3322 1978 3339 2002 ,
3368 1938 3630 2009 καθάπερ
3659 1938 3714 1989 ἐν

2120 2036 2198 2106 τῷ
2226 2035 2507 2106 μυστηρίῳ
2530 2032 2623 2088 τοῦ
2646 2033 2831 2105 πάσχα
2848 2048 2865 2065 ·
2887 2030 3046 2085 τοῦτο
3073 2030 3183 2100 γάρ
3203 2029 3375 2099 ὄνομα
3397 2026 3479 2099 τῷ
3506 2028 3710 2097 ἱερείῳ,

2120 2118 2181 2179 οὗ
2217 2125 2279 2178 τὸ
2311 2120 2448 2196 αἷμα
2486 2123 2791 2178 κωλυτικὸν
2833 2122 3067 2177 θανάτου
3099 2120 3178 2192 τῷ
3215 2118 3552 2192 χρησαμένῳ
3580 2118 3717 2187 γίνε-

2120 2233 2231 2270 ται.
2275 2217 2485 2288 ’Ὥσπερ
2523 2215 2705 2270 τοίνυν
2742 2215 2861 2268 ἐκεῖ
2897 2213 2989 2268 τὸν
3037 2213 3201 2284 ἄρτον
3242 2212 3451 2282 ἄζυμον
3499 2209 3716 2265 κελεύει

2121 2306 2392 2362 ἐπεσθίειν
2418 2306 2481 2360 τὸ
2510 2304 2696 2378 πάσχα
2729 2305 2979 2377 (ἀζυμος
2999 2304 3045 2358 δ’
3080 2303 3148 2358 ἀν
3176 2302 3264 2375 εἴη
3292 2305 3321 2357 ό
3347 2302 3448 2373 τῆς
3477 2302 3716 2356 ἐωλοτέ·

2126 2417 2223 2472 ρας
2249 2398 2608 2469 ἀνεπίμικτος
2639 2396 2883 2469 ζύμης),
2901 2398 3045 2451 νοεῖν
3082 2413 3144 2449 τε
3173 2395 3355 2449 δίδωσι
3391 2393 3483 2447 διὰ
3507 2393 3715 2448 τούτων

2121 2494 2149 2546 ὁ
2182 2490 2367 2562 νόμος,
2413 2489 2473 2543 τὸ
2511 2489 2679 2561 μηδὲν
2717 2487 2820 2559 τῆς
2862 2486 3061 2549 κακίας
3103 2484 3357 2555 λείψανον
3389 2482 3470 2554 τῷ
3513 2482 3736 2555 ἐφεξῆς

2123 2581 2513 2654 καταμιγνύειν
2547 2580 2646 2652 βίῳ
2670 2620 2686 2645 ,
2716 2578 2831 2634 ἀλλ’
2876 2577 2986 2632 ἀπὸ
3033 2577 3167 2640 ίδίας
3207 2577 3385 2647 ἀρχῆς
3425 2574 3528 2644 τῆς
3577 2574 3716 2646 μετά

2120 2675 2293 2729 ταῦτα
2330 2673 2475 2746 ζωῆς
2506 2671 2793 2743 ἄρξασθαι,
2834 2670 2927 2725 τὸν
2958 2669 3020 2724 τὸ
3058 2668 3282 2739 συνεχὲς
3317 2667 3417 2738 τῆς
3441 2666 3554 2720 τῶν
3591 2683 3714 2719 και-

2126 2767 2233 2839 ρῶν
2264 2766 2585 2829 ἀκολουθίας
2627 2767 2693 2836 τῇ
2727 2761 2863 2836 πρὸς
2904 2762 2966 2816 τδ
3003 2764 3250 2832 κρεῖττον
3279 2757 3554 2831 μεταϐολῇ
3595 2756 3713 2811 δια-

2127 2860 2387 2931 κόψαντα·
2416 2856 2561 2912 οὕτω
2591 2857 2684 2910 καὶ
2715 2854 2949 2909 ἐνταῦθα
2996 2852 3245 2924 βούλεται
3264 2852 3380 2907 πᾶν
3412 2848 3715 2919 Αίγύπτιον

2124 2951 2434 3024 πρόσωπον,
2460 2949 2728 3013 τουτέστι,
2760 2947 2869 3000 πᾶν
2898 2945 3176 3017 ἁμαρτίας
3198 2939 3358 3007 εἶδος,
3380 2941 3574 3012 ὥσπερ
3600 2940 3708 2994 τινι

2128 3042 2275 3116 βυθῷ
2300 3041 2377 3114 τῷ
2389 3039 2642 3112 σωτηρίῳ
2662 3039 2998 3110 βαπτίσματι
3022 3034 3483 3101 καταπνίξαντας,
3514 3031 3713 3101 μόνους

2124 3136 2415 3201 ἀναδῦναι,
2446 3135 2613 3207 μηδὲν
2645 3132 2788 3188 κατὰ
2817 3132 2908 3187 τὸν
2939 3131 3052 3203 βίον
3076 3129 3511 3201 ἐπισυρομένους
3547 3124 3711 3179 ἀλλό-

2124 3228 2308 3298 φυλον.
2332 3227 2503 3281 Τοῦτο
2525 3225 2632 3297 γάρ
2657 3226 2804 3279 ἐστιν
2823 3223 2853 3277 ό
2880 3223 2970 3278 διά
2997 3221 3099 3293 τῆς
3134 3220 3376 3291 ἱστορίας
3408 3216 3710 3287 ἀκούομεν,

2120 3318 2156 3388 ἦ
2184 3333 2370 3389 φησιν,
2405 3317 2465 3369 ἐν
2501 3314 2579 3386 τῷ
2623 3312 2773 3384 αὐτῷ
2822 3311 2999 3379 ὕδατι,
3041 3309 3257 3381 θανάτῳ
3298 3310 3395 3363 καὶ
3442 3308 3556 3379 ζωῇ
3591 3307 3713 3361 δια-

2122 3410 2402 3482 κρίνεσθαι
2426 3409 2487 3463 τὺ
2501 3406 2693 3479 ἐχθρὸν
2714 3406 2883 3461 καὶτὸ
2912 3403 3084 3475 φίλον·
3106 3401 3200 3457 τοῦ
3222 3401 3321 3473 μὲν
3347 3398 3545 3472 ἐχθροῦ
3558 3398 3714 3469 φθει-

2125 3501 2376 3575 ρομένου,
2411 3499 2506 3554 τοῦ
2536 3500 2592 3553 δὲ
2620 3499 2776 3569 φίλου
2808 3494 3268 3567 ζωογονουμένου,
3299 3493 3375 3555 ὡς
3398 3491 3453 3545 οἶ
3480 3508 3545 3560 γε
3584 3489 3710 3543 πολ-

2121 3593 2204 3648 λοι¹
2230 3592 2340 3647 τῶν
2374 3593 2437 3646 τὸ
2464 3589 2723 3663 μυστικδν
2758 3588 3042 3659 βάπτισμα
3079 3582 3555 3656 προσδεξαμένων,
3607 3582 3711 3650 ἀγ-

2122 3686 2240 3760 νοίᾳ
2270 3686 2380 3741 τῶν
2416 3684 2509 3739 τοῦ
2543 3684 2710 3755 νόμου
2740 3679 3236 3754 παραγγελμάτων,
3269 3677 3370 3748 τὴν
3405 3675 3710 3747 παρελθοῶ

2125 3798 2226 3834 σαν
2259 3780 2360 3852 τῆς
2385 3778 2583 3842 κακίας
2607 3777 2807 3848 ζύμην,
2834 3777 2900 3848 τῇ
2936 3774 3049 3846 ζωῇ
3081 3772 3177 3827 τοῦ
3215 3770 3355 3844 μετά
3386 3767 3560 3824 ταῦτα
3596 3769 3711 3841 βίου

2124 3871 2556 3944 καταμιγνύουσι
2576 3911 2591 3934 ,
2619 3870 2714 3923 κα)⁸
2752 3867 2848 3922 τὸν
2885 3866 3114 3941 στρατὸν
3136 3864 3229 3919 τὸν
3260 3862 3582 3933 Αίγύπτιον,
3621 3868 3711 3919 καὶ

2128 3963 2268 4037 μετά
2311 3963 2373 4017 τὸ
2419 3964 2656 4034 περάσαι
2700 3959 2763 4013 τὸ
2793 3958 2960 4030 ὕδωρ,
2997 3957 3178 4024 ζῶντα
3220 3956 3340 4028 μεθ’
3383 3954 3597 4008 ἑαυτῶν
3627 3954 3711 4009 διὸ

2123 4056 2231 4110 τῶν
2272 4052 2719 4124 ἐπιτηδευμάτων
2760 4050 3081 4119 ἐπάγονται.
3134 4050 3194 4102 '0
3219 4048 3328 4120 γὰρ
3351 4046 3419 4101 δι’
3455 4047 3712 4117 ἁρπαγῆς

2124 4148 2159 4220 ἢ
2204 4146 2417 4211 ἀδικίας
2471 4145 2819 4217 πλουτήσας,
2872 4144 2906 4214 ἡ
2948 4160 3073 4198 τινα
3110 4140 3288 4214 χῶρον
3335 4139 3397 4204 ἐξ
3425 4139 3712 4211 ἐπιορκίας

2126 4239 2499 4311 κτησάμενος,
2534 4238 2568 4309 ἢ
2613 4235 2705 4291 διὰ
2744 4234 2994 4307 μοιχείας
3021 4231 3237 4304 γυναικὶ
3277 4231 3610 4301 συνοικήσας
3633 4272 3650 4296 ,
3678 4230 3711 4300 ἦ

447 4320 554 4372 tia:
587 4316 788 4386 quippe
833 4314 1039 4368 nullam
1070 4328 1312 4384 unquam
1361 4316 1604 4385 requiem
1655 4317 2021 4374 servientibus

2126 4331 2255 4386 ἀλλο
2289 4349 2342 4385 τι
2373 4330 2481 4384 τῶν
2514 4328 2908 4402 ἀπειρημένων
2935 4326 3042 4398 πρὸ
3077 4325 3177 4397 τῆς
3207 4322 3302 4378 τοῦ
3334 4321 3712 4394 βαπτίσματος

446 4410 489 4464 ei
524 4408 763 4478 prmhere
804 4407 962 4473 solet,
1020 4405 1115 4462 sed
1162 4415 1369 4477 quanto
1412 4408 1567 4479 plura
1599 4407 1707 4464 diei
1747 4425 1811 4464 ac
1844 4411 2021 4467 noctis

2125 4423 2335 4494 δωρεᾶς
2362 4423 2512 4495 παρά
2534 4422 2627 4476 τὸν
2657 4421 2770 4491 βίον
2793 4419 3100 4490 τολμήσας,
3126 4417 3301 4470 οίεται
3324 4417 3391 4487 τῇ
3414 4413 3709 4468 ἀπολαύσει

447 4500 727 4555 laboribus
757 4506 810 4553 et
834 4499 1173 4554 cruciatibus
1197 4500 1427 4569 imperio
1449 4500 1684 4556 dominae
1705 4502 2020 4572 quaeritant,

2128 4514 2238 4568 τῶν
2267 4514 2454 4578 κακῶς
2480 4512 2629 4584 αὐτῷ
2650 4510 3101 4584 προσγενομένων
3120 4509 3214 4561 καὶ
3233 4506 3372 4579 μετά
3397 4504 3460 4559 τὸ
3488 4503 3711 4573 λουτρὸν

447 4590 910 4661 cupiditatemque
953 4605 1109 4645 suam
1136 4592 1356 4660 explere
1382 4601 1672 4660 conantur,
1721 4601 1874 4650 tanto
1909 4612 2021 4652 ma-

2130 4602 2512 4675 παραμείνας,
2550 4597 2960 4671 ἠλευθερῶσθαι
2998 4599 3097 4668 τῆς
3136 4594 3246 4650 τῶν
3295 4594 3710 4665 ἁμαρτημάτων

449 4682 528 4752 gis
557 4692 849 4751 anguntur,
882 4682 1040 4750 quasi
1068 4683 1203 4737 nihil
1228 4682 1478 4749 fecerint,
1516 4687 1799 4757 magisque
1831 4688 2021 4744 inanes

2129 4693 2391 4756 δουλείας,
2424 4690 2614 4763 ὥσπερ
2641 4690 2738 4761 οὐχ
2761 4688 2903 4761 ὁρῶν
2929 4686 3119 4741 ἐαυτὸν
3143 4688 3257 4749 τοῖς
3287 4688 3552 4756 πονηροῖς
3583 4684 3705 4736 ὑπο-

450 4786 512 4826 ac
536 4771 898 4828 famescentes
920 4774 1287 4843 reperiuntur.
1313 4773 1628 4845 Eodemque
1650 4777 1810 4833 modo
1825 4790 2021 4835 caatera

2130 4786 2408 4856 κεκυφότα
2438 4783 2748 4847 δεσπόταις.
2792 4781 3070 4852 Δεσπότης
3097 4783 3206 4850 γάρ
3230 4777 3315 4841 τίς
3344 4779 3491 4830 ἐστιν
3522 4776 3709 4845 ἄγριος

451 4864 576 4918 vitia
622 4862 1005 4919 dominantur:
1064 4866 1263 4936 quibus
1307 4868 1399 4938 qui
1439 4868 1627 4933 servit,
1671 4871 1923 4939 quamvis
1966 4873 2021 4927 in

2132 4877 2228 4931 καὶ
2259 4875 2557 4945 λυσσώδης,
2591 4873 2653 4928 τὸ
2688 4871 2983 4927 ἀκόλαστον
3017 4868 3210 4930 πάθος,
3245 4865 3324 4937 τῷ
3363 4863 3709 4936 ἀνδραποδώ-

448 4972 643 5026 aquam
694 4955 1055 5022 descenderit,
1110 4957 1350 5012 nondum
1387 4967 1591 5025 tamen,
1640 4976 1760 5016 mea
1803 4961 2020 5032 quidem

2129 4968 2209 5023 δει
2253 4967 2517 5037 λογισμῷ,
2552 4962 2666 5019 οἶόν
2691 4979 2803 5016 τισι
2847 4960 3066 5033 μάστιξι
3091 4961 3212 5022 ταῖς
3240 4957 3459 5028 ἡδοναῖς
3500 4953 3709 5018 αἰκιζό-

450 5050 741 5112 sententia,
806 5049 1257 5105 sacramentalem
1325 5052 1503 5121 tetigit
1583 5067 1802 5122 aquam,
1865 5054 2021 5124 cuju

2134 5076 2314 5132 μενος.
2348 5056 2543 5120 Ἀλλος
2570 5053 2810 5117 τοιοῦτος
2836 5051 3103 5121 δεσπότης
3122 5051 3156 5119 ἠ
3187 5046 3471 5112 πλεονεξία
3491 5084 3509 5110 ,
3542 5045 3700 5116 μηδε-

449 5138 729 5208 pr0prium
788 5145 872 5195 est
904 5138 1199 5213 perniciosi
1246 5142 1461 5212 tyranni
1503 5157 1568 5199 ac
1610 5144 1884 5202 exercitus
1937 5147 2021 5203 sui

2134 5151 2264 5224 μίαν
2298 5150 2481 5204 άνεοιν
2520 5147 2601 5218 τῷ
2639 5144 2948 5201 δουλεύοντι
2993 5141 3403 5214 παρεχόμενος,
3443 5137 3583 5193 ἀλλά
3612 5134 3712 5191 κᾶν

435 5230 766 5285 ’ἀεεῑτυοῑίοο
2133 5241 2305 5296 πολλὰ
2359 5240 2660 5313 ἐργάσηται
2684 5280 2700 5304 ,
2730 5237 2841 5301 τοῖς
2874 5234 3243 5305 ἐπιτάγμασιν
3280 5231 3575 5304 ὑπηρετῶν
3617 5226 3706 5281 τοῦ

447 5319 726 5387 δεσπότου,
759 5320 853 5373 καὶ
888 5320 951 5373 τὺ
978 5320 1115 5392 πρὸς
1147 5321 1445 5393 ἐπιθυμίαν
1489 5324 1638 5395 αύτῷ
1687 5327 2130 5400 κατακτώμενος,
2182 5334 2320 5405 πρὸς
2361 5333 2422 5387 τὸ
2459 5330 2645 5385 πλεῖον
2712 5327 2802 5382 ἀεὶ
2840 5326 3240 5381 συνελαύνεται.
3293 5325 3404 5377 Καὶ
3458 5322 3532 5376 τὰ
3578 5320 3707 5375 ἄλλα

455 5410 642 5476 πάντα,
665 5414 767 5466 ὅσα
797 5411 885 5466 διὰ
906 5412 1105 5467 κακίαν
1132 5415 1458 5486 ἐνεργεῖται,
1484 5416 1766 5488 τυράννων
1794 5419 1888 5473 καὶ
1948 5420 2224 5479 δεσποτῶν
2275 5428 2423 5479 ἐστιν
2465 5420 2863 5492 ἀπαρίθμησις,
2895 5413 2979 5483 οἷς
3006 5415 3271 5472 δουλεύων
3300 5432 3406 5479 τις.
3435 5414 3538 5467 κᾶν
3576 5408 3701 5473 διεξ-

450 5502 717 5571 εληλυθὼς
749 5506 887 5579 τύχῃ
922 5505 984 5559 τὺ
1025 5494 1188 5577 ὕδωρ,
1234 5507 1389 5562 οὔπω
1408 5549 1423 5573 ,
1458 5511 1600 5564 κατά
1647 5528 1710 5579 γε
1759 5512 1853 5568 τὸν
1908 5514 2040 5585 ἐμὸν
2088 5517 2264 5587 λόγον,
2298 5518 2392 5572 τοῦ
2421 5515 2686 5590 μυστικοῦ
2720 5515 2913 5578 ὓδατος
2982 5512 3185 5581 ἔθιγεν,
3211 5502 3285 5565 οὗ
3315 5510 3476 5582 ἔργον
3501 5501 3705 5573 ἐστὶνή

451 5594 563 5649 τῶν
596 5597 843 5665 πονηοῶν
874 5599 1152 5672 τυράννων
1180 5600 1445 5660 ἀπώλεια.

534 5757 578 5791 ³⁸
610 5766 779 5820 Exod.
808 5784 905 5837 xtl,
931 5770 1024 5835 27,
