3888 6356
199 431 307 489 565

1591 427 1682 484 DE
1723 426 1889 493 VITA
1925 423 2202 482 MOYSIS.

3366 413 3472 471 366

282 548 448 603 Ἀλλά
486 547 628 622 πρὸς
648 548 716 603 τὰ
745 549 949 620 ἐφεξῆς
983 549 1079 603 τοῦ
1107 548 1268 618 λόγου
1304 547 1658 620 προέλθωμεν
1689 545 1794 599 πά-

1970 540 2078 596 Sed
2134 553 2532 610 prosequamur
2573 536 2765 594 ordine
2810 542 3008 592 czetera
3047 541 3106 588 ut
3142 531 3470 598 incepimus.

203 636 304 693 λιν.
367 639 426 691 'O
456 637 572 710 γὰρ
604 639 828 693 διελθὼν
855 640 916 693 τὸ
951 639 1142 708 νοηθὲν
1187 641 1324 708 ἡμῖν
1368 636 1605 706 πέλαγος
1631 674 1646 696 ,
1690 633 1784 687 καὶ

208 727 327 782 ίδὼν
366 729 426 781 ὲν
461 727 616 798 αὐτῷ
656 729 849 800 νεκρὸν
877 729 968 781 τὸν
1003 725 1352 800 θεωρηθέντα
1388 725 1578 778 τοῦτον
1622 721 1788 792 Αἰγύο

206 837 376 879 πτιον,
417 821 611 873 οὐκέτι
637 821 774 891 πρὸς
803 819 1041 874 Μωῦσέα
1081 818 1241 890 μόνον
1278 819 1378 887 ὁρᾷ
1411 816 1502 868 τὸν
1530 817 1630 886 τῆς
1657 815 1786 886 ἀρε-

205 912 299 980 τῆς
326 911 647 983 ῥαϐδοῦχον,
671 911 806 965 ἀλλά
833 911 1075 964 πιστεύει
1113 910 1233 980 μὲν,
1265 907 1406 962 κατά
1432 907 1494 960 τὸ
1515 903 1789 975 προηγού-

211 1020 390 1073 μενον,
428 1003 510 1074 τῷ
547 1003 671 1074 Θεῷ
693 1044 707 1068 ,
745 1003 928 1067 καθὼς
971 1006 998 1057 6
1028 1003 1132 1073 τῆς
1163 1000 1404 1073 ἱστορίας
1443 999 1599 1068 λόγος
1634 996 1788 1068 φησι,

209 1093 450 1146 πείθεται
473 1094 534 1147 δὲ
562 1094 640 1164 τῷ
687 1094 981 1164 θεράποντι
1011 1093 1176 1148 αὑτοῦ
1215 1094 1469 1147 Μωῦσεῖο
1513 1090 1541 1144 ὃ
1573 1089 1668 1142 καὶ
1696 1088 1791 1142 νῦν

213 1184 480 1256 βλέπομεν
525 1185 681 1255 παρά
713 1185 823 1237 τῶν
851 1183 1067 1254 ἀληθῶς
1108 1183 1170 1236 rb
1199 1183 1342 1253 ὕδωρ
1380 1179 1792 1251 περαιουμένων

211 1275 521 1344 γινόμενον,
553 1274 605 1327 οἳ
635 1273 714 1345 τῷ
764 1275 882 1345 Θεῷ
926 1275 1150 1338 ἑαυτοὺς
1187 1273 1476 1336 ἀναθέντες
1499 1313 1513 1338 ,
1547 1275 1641 1326 καὶ
1679 1273 1792 1334 τοῖς

214 1365 578 1437 θεραπεύουσι
607 1366 696 1420 διὰ
725 1368 824 1438 τῆς
865 1366 1166 1438 ἱερωσύνης
1193 1366 1254 1419 rb
1292 1365 1468 1426 Θεῖον,
1519 1362 1792 1416 πείθονται

212 1457 303 1510 καὶ
344 1457 672 1518 ὑπείκουσι,
723 1457 906 1520 καθώς
946 1475 1109 1529 φησιν
1153 1460 1180 1511 6
1237 1455 1582 1517 Ἀπόστολος.
1645 1452 1793 1514 Ὁδὸς

218 1546 350 1618 μετά
373 1547 537 1600 τοῦτο
580 1547 676 1618 τὴν
703 1547 975 1601 θάλασσαν
1016 1547 1181 1618 τριῶν
1221 1545 1442 1617 ἡμερῶν
1467 1543 1790 1614 διαδέχεται,

217 1643 272 1694 ἐν
352 1639 498 1693 κατά
518 1657 647 1693 τινα
667 1640 833 1692 τόπον
851 1639 1394 1712 στρατοπεδεύσασον,
1422 1637 1620 1690 ἄποτον
1642 1632 1796 1705 παρά

215 1732 309 1801 την
347 1732 584 1803 πρώτην
626 1731 688 1784 rb
726 1731 946 1802 εὑρεθὲν
986 1729 1130 1801 ὕδωρ
1163 1729 1268 1782 ὑπὸ
1311 1727 1539 1799 πικρίας
1579 1726 1752 1796 ἐφάνη
1777 1741 1792 1756 ·

204 1823 347 1876 -ἀλλά
379 1823 441 1876 rb
473 1823 636 1888 ξύλον
670 1821 903 1888 ἐντεθὲν,
939 1821 1207 1893 προσηνὲς
1237 1823 1351 1883 τοῖς
1381 1817 1576 1888 διψῶσι
1599 1817 1660 1870 rb
1699 1833 1796 1870 πο-

1885 631 2021 687 Nam
2053 632 2145 702 qui
2179 647 2328 687 mare
2358 631 2434 696 id,
2465 629 2611 702 quod
2632 629 3022 688 intelleximus,
3049 625 3164 696 jam
3190 631 3470 694 pertrans-

1885 724 2004 790 ivit,
2043 731 2097 778 et
2128 721 2440 794 Egyptium
2477 721 2615 776 vidit
2669 723 2725 776 in
2755 721 2912 791 aquis
2956 717 3327 780 exstinctum,
3361 730 3474 770 non

1890 817 2066 872 solum
2091 817 2159 870 ad
2188 815 2410 886 Moysen
2443 814 2665 869 virtutis
2686 813 2899 884 virgam
2929 817 3206 880 gerentem
3225 808 3472 876 respicit,

1893 906 1990 961 sed
2049 906 2426 976 principaliter
2465 903 2684 974 quidem
2722 903 2832 958 Deo
2881 903 3076 966 credit,
3131 907 3192 956 ut
3239 900 3471 956 historia

1889 999 2102 1054 tradit:
2155 998 2492 1068 obtemperat
2522 997 2687 1052 etiam
2737 995 2909 1068 Moysi
2943 1010 3104 1051 servo
3142 993 3293 1062 ejus:
3325 991 3472 1063 quod

1891 1105 2039 1145 nunc
2071 1106 2288 1161 quoque
2326 1090 2396 1144 ab
2421 1090 2509 1146 his
2541 1089 2620 1155 ﬁt,
2653 1090 2745 1159 qui
2785 1105 2880 1159 per
2908 1102 3104 1158 aquam
3133 1101 3262 1142 vere
3294 1094 3467 1140 trans-

1891 1181 2094 1245 ierunt,
2127 1182 2218 1251 qui
2243 1183 2458 1252 seipsos
2497 1181 2608 1237 Deo
2647 1181 2994 1244 dediderunt,
3021 1188 3075 1236 et
3095 1177 3477 1235 sacerdotibus

1893 1272 2009 1327 suis
2038 1273 2438 1342 obtemperant.
2476 1271 2582 1328 lter
2616 1283 2740 1344 post
2771 1273 2885 1327 haec
2929 1270 3101 1326 Judaei
3130 1270 3304 1326 tribus
3346 1283 3474 1340 per-

1892 1371 2122 1432 egerunt
2155 1363 2384 1430 diebus;
2428 1372 2611 1418 castra
2659 1363 2960 1432 metatique
2996 1361 3054 1417 in
3083 1361 3320 1432 quodam
3357 1360 3478 1414 loco

1893 1453 2136 1517 fuerunt,
2171 1453 2262 1508 ubi
2301 1469 2500 1523 aquam
2534 1462 2861 1524 repererunt
2898 1453 3264 1509 amaritudine
3308 1451 3477 1506 nimia

1895 1561 2240 1615 nequaquam
2297 1545 2591 1615 potabilem
2630 1564 2645 1600 :
2704 1545 2801 1601 sed
2858 1546 3064 1616 lignum
3110 1560 3141 1599 a
3189 1544 3375 1616 Moyse
3422 1543 3478 1598 in

1896 1652 2092 1706 aquam
2155 1637 2462 1692 immissum
2527 1638 2586 1692 in
2649 1637 2995 1692 dulcedinem
3059 1637 3480 1692 amaritudinem

1895 1729 2018 1797 ejus
2052 1730 2342 1784 convertit.
2379 1728 2520 1785 Huic
2542 1729 2788 1785 historiae
2815 1745 2902 1785 res
2937 1729 3078 1800 ipsa.
3112 1744 3274 1800 quam
3311 1728 3483 1799 spiri-

1901 1822 2143 1878 tualibus
2173 1821 2425 1878 accidere
2443 1819 2648 1876 ludatis
2669 1821 2942 1885 videmus,
2973 1821 3180 1891 optime
3201 1821 3480 1891 congruit.

129 1938 138 1944 ι
217 1913 303 1966 τὸν
336 1913 736 1982 ἀπειργάσατο.
780 1891 1076 1983 Συμδαίνει
1106 1891 1216 1974 τοῖς
1246 1909 1554 1980 γινομένοις
1582 1909 1615 1976 ή
1651 1908 1797 1959 ἱστο-

1907 1911 2032 1966 Nam
2067 1912 2158 1982 qui
2183 1913 2560 1983 voluptatibus
2590 1913 2645 1967 in
2669 1911 2944 1982 baptismo
2971 1911 3324 1977 renuntiavit,
3359 1912 3486 1982 qui-

224 2001 337 2072 ρία·
386 2003 465 2073 τῷ
500 2003 615 2074 γὰρ
653 2001 1065 2057 καταλελοιπότι
1097 2000 1197 2064 τὰς
1229 1998 1533 2068 Αἰγυπτίας
1567 1996 1758 2068 ἡδονὰς
1779 2037 1796 2063 ,

219 2087 304 2156 αἷς
329 2093 576 2147 ἐδούλευε
611 2094 741 2164 πρὶν
771 2093 1022 2163 διαϐῆναι
1048 2092 1147 2163 τὴν
1173 2091 1468 2154 θάλασσαν,
1497 2087 1800 2159 δύσληπτος

221 2185 311 2237 καὶ
340 2185 511 2256 ἀηδὴς
542 2187 574 2238 ὁ
609 2184 720 2255 βίος
752 2186 781 2238 6
817 2185 925 2237 τῶν
962 2183 1163 2255 ἡδονῶν
1207 2182 1612 2256 κεχωρισμένος
1650 2180 1802 2252 παρά

221 2274 316 2344 τὴν
353 2276 585 2346 πρώτην
616 2275 783 2329 δοκεῖ.
833 2274 970 2329 Ἀλλ’
1003 2276 1052 2328 εἱ
1085 2275 1146 2328 rb
1194 2274 1347 2340 ξύλον
1385 2274 1682 2346 ἐμϐληθείη
1725 2274 1803 2345 τῷ

224 2364 392 2429 ὕδατι,
425 2367 732 2431 τουτέστιν,
772 2367 898 2420 είτδ
923 2353 1404 2436 τῆςάναστάσεώς
1440 2385 1528 2431 τις
1560 2367 1806 2439 παραλά-

223 2457 304 2510 6οι
336 2461 666 2530 μυστήριον,
691 2458 718 2511 ὃ
744 2458 830 2512 διά
852 2459 946 2512 τοῦ
979 2459 1135 2524 ξύλου
1167 2459 1266 2531 τὴν
1306 2460 1479 2531 ἀρχὴν
1509 2460 1632 2532 ἔσχε
1669 2462 1688 2529 (
1713 2460 1805 2526 ξύ-

225 2542 308 2598 λον
333 2547 388 2599 δὲ
419 2547 667 2609 ἀκούσας
692 2587 706 2612 ,
738 2547 828 2600 τὸν
867 2547 1101 2620 σταυρὸν
1135 2549 1349 2612 πάντως
1378 2550 1662 2620 ἐνόησας),
1684 2551 1805 2604 τότε

227 2639 418 2702 παντὸς
456 2637 842 2707 γλυκύσματος
868 2679 882 2701 ,
915 2638 1006 2691 τοῦ
1052 2638 1150 2708 τὴν
1199 2638 1452 2710 αἴσθησιν
1498 2640 1566 2692 δι’
1612 2640 1806 2712 ἡδονῆς

229 2731 680 2802 γαργαλίζοντος,
735 2729 1068 2802 γλυκύτερός
1104 2748 1164 2783 τε
1209 2732 1305 2783 καὶ
1360 2731 1734 2803 ποτιμώτερος
1777 2734 1807 2787 6

230 2825 340 2876 κατ’
386 2823 594 2894 ἀρετὴν
624 2823 834 2892 γίνεται
866 2822 978 2892 βίος
999 2861 1014 2886 ,
1046 2825 1110 2894 τῇ
1144 2823 1319 2876 ἐλπίδι
1350 2824 1459 2877 τῶν
1505 2823 1806 2892 μελλόντων

229 2914 640 2985 ἐφηδυνόμενος.
687 2915 752 2967 Ἡ
790 2915 847 2968 δὲ
878 2913 1078 2985 ἐφεξῆς
1123 2914 1225 2984 τῆς
1283 2915 1592 2986 ὁδοιπορίας
1639 2932 1808 2969 κατα-

229 3005 396 3077 γωγὴ,
448 3004 650 3076 φοίνιξι
695 3006 790 3059 καὶ
833 3006 1039 3077 πηγαῖς
1069 3004 1412 3075 ἅϐρυνομένη
1433 3044 1449 3066 ,
1489 3003 1808 3057 διαναπαύει

230 3097 330 3150 τῶν
359 3095 784 3166 ὁδοιπορούντων
844 3095 935 3149 τὸν
982 3095 1169 3150 κόπον.
1217 3095 1337 3147 Εἰσὶ
1382 3094 1440 3148 δέ
1486 3093 1808 3148 δυοκαίδεκα

234 3187 327 3256 μὲν
357 3189 464 3242 τῶν
511 3188 722 3242 ὑδάτων
756 3189 812 3242 αἱ
843 3189 1049 3261 πηγαὶ,
1087 3186 1328 3259 καθαροῦ
1358 3204 1419 3240 τε
1467 3187 1562 3241 καὶ¹
1591 3187 1806 3258 ἡδίστου

232 3280 462 3349 νάματος
485 3297 496 3308 ·
523 3279 892 3350 ἐϐδομήκοντα
922 3280 979 3332 δὲ
1005 3280 1054 3332 οἱ
1085 3279 1344 3348 φοίνικες,
1378 3277 1695 3348 εὐμεγέθεις
1713 3280 1806 3332 καὶ
1833 3261 1875 3319 C

235 3371 480 3442 ὑψίκομοι
505 3413 522 3438 ,
549 3370 646 3424 τοῦ
674 3372 868 3443 χρόνου
893 3371 963 3425 τὰ
986 3371 1179 3442 δένδρα
1209 3369 1346 3439 πρὸς
1382 3369 1517 3438 ὕψος
1545 3370 1799 3441 ἄραντος,

235 3463 294 3515 Τί
320 3461 410 3518 οὖν
437 3467 494 3519 ἐν
526 3462 738 3527 τούτοις
769 3463 1120 3534 εὑρίσκομεν,
1153 3461 1220 3515 δι’
1251 3460 1547 3515 ἀκολούθου
1583 3461 1803 3534 προῖού-

236 3569 327 3622 σης
356 3553 766 3624 τῆςθὶστορίας;
796 3553 877 3606 ὅτι
901 3552 962 3605 τὸ
993 3550 1086 3605 τοῦ
1119 3551 1276 3615 ξύλου
1308 3551 1628 3621 μυστήριον,
1656 3550 1722 3603 δι’
1742 3544 1804 3605 οὗ

236 3643 453 3714 πότιμον
488 3646 591 3716 τῆς
636 3645 836 3714 ἀρετῆς
869 3643 930 3697 rb
978 3643 1121 3714 ὕδωρ
1171 3645 1282 3706 τοῖς
1330 3641 1524 3711 διψῶσι
1574 3641 1803 3710 γίνεται,

236 3730 492 3800 προσάγει
536 3733 684 3800 ἡμᾶς
734 3735 853 3794 ταῖς
892 3730 1210 3784 δυοκαίδεκα
1265 3731 1492 3800 πηγαῖς,
1541 3730 1636 3782 καὶ⁸
1687 3734 1803 3794 τοῖς

235 3817 600 3890 ἐϐδομήκοντα
642 3819 858 3888 φοίνιξι,
900 3819 1183 3884 τουτέστι,
1223 3822 1289 3890 τῇ
1333 3817 1428 3872 τοῦ
1468 3817 1804 3887 Εὑαγγελίου

235 3907 576 3982 διδασκαλίᾳ,
608 3912 664 3963 ἐν
697 3905 932 3983 ᾖπηγαὶ
965 3910 1064 3981 μέν
1103 3913 1208 3963 είσι
1238 3910 1559 3964 δυοκαίδεκα
1597 3911 1648 3963 οἱ
1673 3911 1808 3964 ἀπό-

239 3996 403 4051 στολοι
423 4038 437 4060 ,
473 3999 761 4063 τοσούτους
791 3998 886 4052 τοῦ
921 4000 1126 4070 Κυρίου
1158 3999 1294 4070 πρὸς
1322 4001 1422 4072 τὴν
1447 3999 1641 4071 χρείαν
1678 3999 1811 4053 ταύ-

237 4103 329 4158 την
355 4090 740 4161 ἐκλεξαμένου,
789 4092 884 4144 καὶ
915 4091 1186 4162 πηγάζειν
1228 4091 1294 4145 δι’
1321 4092 1502 4146 αὐτῶν
1540 4093 1632 4146 τὸν
1655 4093 1810 4161 λόγον

246 4183 560 4254 ποιήσαντος
579 4199 593 4212 ·
622 4184 696 4246 ὡς
729 4183 823 4238 καί
852 4201 976 4237 τινα
1017 4183 1126 4237 τῶν
1166 4184 1462 4256 προφητῶν
1494 4201 1813 4256 προαναφω-

241 4271 392 4344 νῆσαι
419 4275 520 4346 τὴν
554 4278 619 4328 ἐκ
653 4273 762 4329 τῶν
790 4275 1105 4329 ἀποστόλων
1132 4274 1403 4347 βρύουσαν
1428 4276 1610 4346 χάριν,
1641 4277 1700 4328 ἐν
1731 4269 1813 4337 οἷς

241 4380 415 4436 φησιν,
433 4381 451 4414 ι
470 4365 559 4418 Ἐν
593 4365 910 4436 ἐκκλησίαις
933 4365 1202 4436 εὐλογεῖτε
1234 4367 1326 4420 τὸν
1363 4365 1496 4420 Θεὸν
1519 4366 1720 4438 Κύριον
1750 4367 1816 4420 ἐκ

241 4457 424 4525 πηγῶν
467 4456 1149 4531 Ίσραήλ.›⁴Εόδομήκοντα
1170 4452 1433 4512 δ’ἂνεὶεν
1467 4459 1732 4527 φοίνικες,
1765 4461 1813 4513 οί

242 4547 372 4600 κατά
403 4549 586 4601 πᾶσαν
601 4547 699 4617 τὴν
718 4547 1039 4619 οἰκουμένην
1064 4547 1168 4614 ἔξω
1191 4547 1300 4601 τῶν
1324 4548 1532 4603 δώδεκα
1556 4549 1816 4621 μαθητῶν

245 4638 796 4710 ἐπιχειροτονηθέντες
824 4638 1148 4706 ἀπόστολοι,
1181 4639 1422 4692 τοσοῦτοι
1459 4640 1552 4694 τὸν
1583 4641 1816 4712 ἀριθμὸν

241 4726 406 4791 ὁντες,
441 4731 598 4792 ὅσους
633 4725 774 4782 εἷναί
814 4745 979 4798 φησιν
1004 4731 1036 4800 ἡ
1065 4730 1274 4800 ἱστορία
1301 4730 1429 4794 τοὺς
1460 4732 1730 4799 φοίνικας.

320 4819 455 4872 Ἀλλ’
487 4821 838 4875 ἐπισπεύδειν
869 4817 1023 4891 οἶμαι
1058 4823 1355 4893 προσήκειν
1378 4823 1478 4894 τὴν
1502 4822 1814 4894 ὁδοιπορίαν

239 4911 325 4965 διὰ
359 4914 453 4968 τοῦ
492 4914 651 4984 λόγου
677 4955 691 4979 ,
731 4916 799 4969 δι’
830 4915 1044 4984 ὀλίγων,
1086 4910 1160 4970 ῶν
1209 4916 1578 4988 παρεθέμεθα,
1627 4916 1817 4988 ῥᾳδίαν

240 5005 346 5066 τοὶς
379 5005 828 5078 φιλοπονωτέροις
853 5009 951 5080 τὴν
973 5007 1206 5079 θεωρίαν
1233 5010 1556 5079 ποιήσαντες
1580 5007 1688 5061 τῶν
1713 5005 1824 5060 λοι-

242 5094 353 5148 πῶν
382 5097 762 5169 παρεμϐολῶν.
810 5099 1030 5169 Ἀρεταὶ
1047 5099 1091 5152 δ’
1121 5100 1188 5153 ἂν
1220 5095 1328 5153 εῐεν
1355 5100 1410 5152 αἱ
1447 5098 1820 5172 παρεμϐολαίο

243 5181 325 5247 αἷς
346 5189 374 5240 6
388 5187 466 5259 τῷ
486 5187 664 5258 στύλῳ
682 5189 780 5258 τῆς
800 5189 1025 5259 νεφέλης
1046 5190 1327 5261 ἑπόμενος,
1350 5189 1588 5260 καθεξῆς
1620 5189 1825 5260 προῖὼν

243 5275 715 5349 ἐνστρατοπεδεύει
763 5279 858 5332 καὶ
911 5280 1273 5339 ἀναπαύεται.
1339 5281 1451 5343 Τάς
1501 5276 1594 5335 οὖν
1641 5284 1702 5334 ἐν
1744 5281 1823 5352 τῷ

245 5368 388 5440 μέσῳ
426 5372 752 5441 καταγωγὰς
796 5373 1042 5446 ὑπερϐὰς
1086 5375 1164 5446 τῷ
1195 5375 1361 5446 λόγῳ,
1407 5373 1507 5444 τῆς
1547 5373 1687 5428 κατά
1718 5375 1818 5448 τὴν

243 5461 442 5532 πέτραν
469 5463 902 5534 θαυματοποιῒας
943 5467 1422 5538 ἐπιμνησθήσομαι
1441 5508 1457 5534 ,
1499 5461 1567 5538 ἦς
1596 5467 1629 5537 ἡ
1657 5466 1820 5536 φύσις

243 5549 274 5618 ἠ
301 5552 589 5626 ἀντιτυπὴς
618 5558 711 5609 καὶ
734 5558 1071 5629 στερέμνιος,
1102 5560 1264 5613 ποτὸν
1295 5561 1407 5623 τοῖς
1435 5559 1661 5636 διψῶσιν
1694 5561 1822 5629 ἐγέ-

245 5657 378 5708 νετο,
414 5648 488 5710 εἰς
518 5646 725 5721 ὓδατος,
751 5649 1102 5722 μαλακότητα
1129 5651 1230 5723 τῆς
1272 5652 1594 5716 ἀντιτυπίας
1622 5651 1820 5709 ἀναλυ-

311 5819 350 5850 ⁸’
384 5819 526 5878 Psal.
563 5840 732 5892 LXVII,
761 5825 856 5884 27-.

1899 2005 2003 2060 bus
2033 2005 2086 2059 in
2118 2004 2302 2074 priore
2330 2004 2438 2058 vita
2468 2004 2758 2067 serviebat,
2785 2019 3032 2057 amarum
3062 2012 3226 2073 atque
3250 2003 3481 2058 arduum

1899 2094 2108 2151 Christi
2143 2097 2333 2166 jugum
2363 2096 2412 2150 ei
2441 2097 2620 2166 primo
2654 2095 2892 2160 videtur,
2935 2095 3032 2150 sed
3056 2095 3264 2166 lignum
3304 2093 3483 2164 quod-

1900 2188 2024 2241 dam
2068 2188 2399 2253 immissum,
2454 2187 2508 2243 id
2540 2195 2628 2242 est
2668 2187 3090 2243 resurrectionis
3139 2187 3485 2258 mysterium,

1901 2271 2046 2349 quod
2080 2295 2176 2350 per
2201 2280 2409 2351 lignum
2450 2279 2766 2335 inchoatum
2795 2288 2901 2344 est,
2955 2294 3052 2350 per
3078 2294 3301 2334 crucem
3335 2278 3488 2334 vide-

1904 2369 2027 2424 licet
2055 2369 2280 2434 Christi,
2315 2368 2407 2438 qui
2437 2367 2491 2422 in
2519 2383 2685 2424 cruce
2707 2375 2957 2424 mortuus
2987 2376 3093 2435 est,
3130 2368 3205 2432 id,
3237 2369 3484 2439 inquam,

1904 2459 2330 2516 resurrectionis
2387 2459 2710 2530 mysterium
2776 2467 2894 2514 toto
2958 2459 3124 2516 corde
3181 2460 3484 2516 admissum

1905 2558 2070 2620 atque
2108 2548 2395 2613 creditum,
2433 2547 2743 2603 suaviorem
2797 2547 2975 2602 reddit
3013 2549 3200 2610 vitam,
3250 2563 3374 2618 quae
3401 2563 3491 2604 se-

1905 2642 2148 2696 cundum
2174 2639 2455 2695 Christum
2485 2646 2591 2705 est,
2615 2639 2876 2696 omnibus
2901 2656 3022 2710 quae
3051 2639 3339 2696 dulcedine
3365 2656 3489 2696 sen-

1905 2744 2026 2785 sum
2058 2728 2416 2799 perfundunt.
2453 2744 2551 2798 spe
2581 2728 2894 2782 futurorum
2921 2728 3324 2798 jucundissime
3354 2745 3488 2783 con-

1905 2821 2098 2876 ditam.
2133 2820 2369 2876 Deduxit
2397 2835 2492 2876 eos
2522 2831 2712 2890 postea
2742 2819 2876 2875 illud
2907 2821 3012 2875 iter
3050 2820 3118 2874 ad
3144 2821 3261 2874 loca
3291 2821 3488 2891 palmis

1906 2911 2118 2967 consita
2162 2921 2216 2967 et
2246 2911 2490 2968 fontibus
2523 2925 2764 2976 ammna,
2821 2911 3024 2982 quibus
3069 2913 3122 2965 in
3172 2912 3308 2968 locis
3358 2911 3486 2967 fessi

1907 3003 2317 3074 requieverunt.
2340 3003 2513 3059 Erant
2537 3013 2718 3059 autem
2741 3004 3028 3059 duodecim
3059 3005 3280 3075 quidem
3316 3005 3492 3061 fontes

1910 3111 2065 3167 aquae
2109 3096 2350 3167 limpida:
2408 3103 2572 3167 atque
2617 3096 2818 3152 dulcis.
2853 3095 3053 3152 Palma:
3087 3113 3216 3152 vero
3273 3105 3493 3167 septua-

1909 3189 2080 3258 ginta,
2128 3188 2510 3260 magnitudine
2539 3189 2837 3255 mirabiles,
2870 3189 3054 3258 specie
3086 3189 3489 3260 pulcherrimze,

1908 3278 2091 3333 fructu
2120 3279 2406 3348 perutiles.
2447 3278 2586 3345 Quid
2625 3281 2793 3351 igitur
2822 3280 2926 3334 hoc
2959 3281 3198 3335 historiae
3223 3280 3492 3336 discimus

1903 3370 2140 3426 ordine?
2177 3371 2324 3442 quod
2349 3372 2565 3427 scilicet
2598 3373 2781 3427 crucis
2818 3367 3165 3443 mysterium,
3203 3388 3313 3444 quo
3341 3381 3496 3444 pota-

1905 3463 2032 3518 bilis
2061 3464 2284 3518 virtutis
2317 3479 2457 3534 aqua
2489 3464 2807 3519 sitientibus
2844 3463 2923 3530 ﬁt,
2952 3465 3018 3518 ad
3051 3465 3343 3521 duodecim
3375 3464 3496 3520 ion-

1906 3561 1989 3610 tes
2021 3569 2086 3608 ac
2117 3555 2464 3624 septuaginta
2489 3555 2724 3624 palmas,
2757 3554 2859 3608 hoc
2880 3562 2986 3618 est,
3019 3556 3087 3608 ad
3111 3555 3494 3627 Evangelicam

1906 3659 2008 3698 nos
2036 3643 2260 3700 adducit
2294 3644 2623 3711 doctrinam,
2666 3644 2719 3698 in
2756 3659 2864 3713 qua
2888 3643 3069 3700 fontes
3103 3647 3324 3715 quidem
3353 3646 3494 3702 duo-

1908 3736 2080 3790 decim
2103 3745 2234 3790 sunt
2263 3735 2366 3804 ipsi
2401 3735 2636 3804 apostoli
2667 3749 2682 3786 :
2717 3734 3005 3791 duodecim
3031 3737 3176 3790 enim
3206 3737 3273 3791 ad
3305 3737 3496 3807 praedi-

1908 3826 2146 3881 candum
2207 3826 2562 3896 Erangelium
2623 3826 2892 3883 Dominus
2943 3827 3143 3899 elegit,
3206 3845 3301 3898 per
3351 3845 3493 3900 quos

1911 3916 2185 3988 Evangelii
2225 3919 2468 3973 sonitum
2503 3934 2765 3974 emanare
2814 3915 3006 3973 voluit.
3047 3913 3297 3988 Namque
3363 3935 3497 3989 apo-

1912 4007 2068 4063 SIolis
2098 4022 2418 4062 concessam
2450 4007 2718 4064 divinitus
2744 4008 2975 4080 gloriam
3004 4007 3295 4063 Psalmista
3325 4009 3498 4063 multo

1913 4106 2040 4154 ante
2067 4099 2288 4163 cecinit,
2339 4097 2432 4154 ubi
2459 4099 2596 4154 dicit
2631 4100 2686 4154 in
2722 4100 3110 4156 cantionibus:
3147 4098 3500 4156 «Benedicite

1915 4189 2204 4245 Dominum
2235 4189 2407 4246 Deum
2436 4206 2504 4246 ex
2533 4190 2778 4248 fontibus
2808 4191 2976 4247 Israel
2998 4193 3096 4245 ".i
3143 4190 3500 4264 Septuaginta

1915 4296 2046 4336 vero
2075 4283 2266 4353 palmae
2302 4291 2425 4354 post
2451 4282 2740 4338 duodecim
2771 4285 3072 4355 discipulos
3097 4285 3334 4340 ordinati
3367 4302 3502 4357 apo-

1917 4375 2042 4430 stoli
2095 4383 2258 4440 sunt,
2315 4375 2410 4443 qui
2473 4374 2528 4428 in
2588 4377 2903 4430 universum
2970 4384 3239 4431 terrarum
3311 4379 3498 4433 orbem

1917 4465 2134 4532 emissi,
2201 4473 2280 4518 tot
2330 4480 2560 4519 numero
2607 4465 2831 4520 fuerunt
2879 4476 3014 4539 quot
3063 4468 3272 4537 palmas
3330 4467 3503 4524 fuisse

1923 4565 2112 4611 narrat
2151 4556 2402 4611 historia.

1997 4829 2198 4885 Verum
2245 4831 2504 4901 quoniam
2537 4842 2658 4897 qua:
2705 4826 2967 4897 deinceps
3005 4835 3304 4882 narrantur
3348 4843 3505 4883 mau-

1921 4924 2130 4987 siones,
2162 4938 2259 4993 per
2281 4938 2344 4977 ea
2379 4937 2502 4992 quae
2539 4922 2780 4978 diximus
2808 4922 2994 4979 faciles
3026 4931 3156 4978 sunt
3190 4923 3501 4978 intellectu:

1929 5015 2162 5070 virtutes
2191 5017 2338 5070 enim
2373 5015 2506 5068 mihi
2550 4999 2860 5085 significare
2887 5015 3165 5079 videntur,
3201 5015 3256 5069 in
3302 5015 3504 5085 quibus

1925 5105 2018 5174 qui
2056 5105 2252 5159 nubem
2299 5103 2571 5174 sequitur,
2598 5113 2780 5159 castra
2808 5112 3047 5159 metatur
3075 5113 3129 5160 et
3172 5104 3500 5174 requiescit:

1923 5211 2019 5251 eas
2049 5194 2331 5250 brevitatis
2363 5209 2531 5249 causa
2582 5201 2778 5264 sponte
2818 5201 3217 5265 transgressus,
3250 5194 3501 5247 miraculi

1925 5303 2036 5341 non
2083 5285 2379 5342 obliviscar
2423 5285 2605 5351 illius,
2660 5302 2771 5356 quo
2817 5284 3049 5339 dura'et
3085 5285 3258 5339 solida
3307 5285 3504 5354 lapidis

1923 5387 2121 5433 natura
2184 5378 2241 5433 in
2314 5392 2579 5447 aquarum
2652 5391 2918 5431 conversa
2978 5375 3282 5439 mollitiem,
3342 5383 3503 5445 potus

1927 5469 2240 5524 sitientibus
2271 5467 2412 5522 facta
2443 5476 2547 5524 est.
2576 5467 2838 5533 Quamvis
2860 5483 2969 5520 non
3011 5468 3083 5521 sit
3112 5465 3331 5525 dilﬁcile
3371 5482 3504 5520 ana-

1926 5561 2130 5632 gogicre
2160 5559 2523 5631 speculationi
2552 5559 2750 5615 seriem
2782 5558 3027 5614 historiae
3056 5559 3316 5640 adaptare
3341 5567 3506 5630 atque

1926 5661 2270 5710 connectere.
2306 5650 2439 5707 Nam
2475 5651 2571 5722 qui
2604 5649 2920 5722 Egyptium
2951 5651 3007 5706 in
3037 5652 3194 5722 aquis
3225 5659 3503 5708 mortuum
