3888 6358
477 399 583 456 567
1745 388 1804 442 S.
1845 385 2054 442 GREGI

2161 385 2178 439 Ι
2219 383 2304 439 ΝΥ
2318 381 2514 438 εδεΝι
3648 378 3748 435 368

475 509 789 580 dereliquit,
840 515 892 562 et
935 520 1121 561 amara
1165 503 1324 575 ligno
1350 501 1532 556 crucis
1560 499 1743 555 dulcia
1796 499 1902 556 sibi
1933 513 2054 553 con-

2171 496 2376 568 θείσης.
2444 493 2584 548 Ἀλλ’
2634 493 2809 556 οὐδεὶς
2847 492 3006 557 πόνος
3064 493 3448 567 προσαρμόσαι
3496 495 3562 566 τῇ
3609 494 3751 548 κατᾶ

481 603 630 666 fecit,
657 609 712 656 et
740 598 1087 654 abundanter
1115 612 1184 650 ex
1217 593 1464 649 fmuibus
1503 593 1822 663 apostolicis
1855 606 1919 646 ae
1959 592 2054 646 sub

2165 587 2456 657 ἀναγωγὴν
2497 585 2699 658 θεωρίᾳ
2744 585 2839 656 τὴν
2874 586 2970 656 τῆς
3019 585 3260 658 ἱστορίας
3291 585 3636 641 ἀκολουθίαν.
3695 589 3749 640 '0

479 695 672 749 umbra
699 691 1000 760 palmarum
1026 685 1316 758 requievit.
1348 687 1395 740 is
1416 685 1529 754 jam
1558 684 1624 738 ad
1652 681 2060 754 suscipiendum

478 783 648 840 Deum
675 786 730 836 tit
763 781 1013 836 idoneus.
1037 779 1201 850 Lapis
1223 778 1394 842 enim,
1429 785 1488 831 ut
1511 776 1777 846 Apostolo
1795 775 1973 844 placet
1994 773 2060 837 ⁸⁸,

477 874 732 930 Christus
759 880 863 936 est.
922 871 1106 928 siccus
1144 879 1199 925 et
1246 871 1420 924 durus
1459 869 1686 924 nimium
1729 865 2060 927 inﬁdelibus,

477 965 566 1020 cui
596 965 642 1020 si
679 967 772 1034 qui
806 965 1014 1034 virgam
1045 961 1167 1016 ﬁdei
1208 962 1504 1026 adducant,
1536 967 1697 1032 potus
1737 960 1794 1012 lit
1821 959 2060 1012 sitienti-

475 1057 581 1113 bus
614 1055 756 1110 intro
781 1055 835 1108 in
865 1055 1014 1125 ipsos
1043 1052 1221 1107 ﬂueus
1249 1059 1413 1123 atque
1444 1067 1694 1105 manans.
1734 1070 1750 1102 ι
1774 1051 1885 1118 Ego
1916 1050 2059 1103 enim

476 1157 531 1204 et
555 1148 716 1203 Pater
749 1163 922 1210 tuens,
945 1167 963 1197 ι
1004 1145 1204 1216 inquit.
1245 1164 1262 1196 r
1284 1144 1591 1207 veniemus,
1634 1150 1688 1197 et
1727 1141 2060 1195 mansionem

475 1241 534 1295 in
581 1241 700 1310 ipso
755 1238 1023 1294 faciemus
1047 1237 1148 1289 ⁸⁸.»
1200 1235 1340 1290 illud
1367 1251 1496 1290 vero
1538 1231 2060 1305 praetermittendum

475 1331 626 1386 nullo
651 1340 809 1400 pacto
828 1337 934 1395 est,
963 1327 1111 1399 quod
1143 1337 1496 1398 posteaquam
1527 1341 1676 1380 mare
1698 1325 2058 1387 transierunt,

476 1431 830 1492 posteaquam
891 1418 1200 1494 amaritudo
1255 1433 1522 1487 aquarum
1593 1413 1800 1471 sitienti
1862 1416 2062 1470 virtute

477 1513 607 1581 ligni
641 1511 708 1566 in
755 1509 1099 1565 dulcedinem
1147 1523 1412 1563 conversa
1442 1516 1547 1570 est,
1585 1515 1939 1578 posteaquam
1969 1506 2064 1560 de-

477 1603 666 1657 liciose
701 1600 845 1672 apud
879 1600 1057 1656 fontes
1087 1609 1140 1654 et
1173 1600 1386 1670 palmas
1415 1597 1656 1660 fuerunt,
1702 1608 1886 1668 postea
1916 1596 2062 1652 deni-

473 1709 581 1764 que
613 1709 778 1764 quam
811 1709 876 1748 ex
912 1692 1090 1762 lapide
1117 1692 1396 1752 biberunt,
1432 1701 1562 1744 tunc
1589 1707 1708 1761 qua:
1730 1690 1798 1745 ab
1827 1689 2060 1760 [Egypto

472 1783 670 1838 viatica
706 1791 759 1837 et
791 1783 945 1838 cibos
975 1782 1082 1838 sibi
1125 1792 1544 1851 assumpseruut
1592 1782 1810 1851 penitus
1843 1795 1938 1835 eos
1965 1779 2058 1834 de-

473 1873 737 1940 fecerunt,
797 1882 926 1927 tunc
957 1874 1102 1926 omni
1152 1873 1488 1928 nutrimento
1535 1873 1680 1941 quod
1718 1872 1786 1925 ab
1820 1869 2059 1940 Egypto

471 1965 722 2034 ferebant
749 1965 1061 2034 absumpto,
1092 1963 1329 2033 desuper
1355 1964 1456 2017 sibi
1484 1962 1673 2018 deﬂuit
1697 1963 1852 2016 cibus
1876 1963 2059 2017 varius

468 2046 631 2111 simdl
661 2067 713 2112 et
751 2057 1000 2126 simplex.
1044 2053 1284 2125 Simplex
1322 2057 1437 2110 visu
1467 2065 1630 2123 atque
1673 2055 1890 2115 unicus.
1923 2070 2061 2122 (μετι-

469 2149 621 2203 litate
659 2149 865 2212 varius.
903 2148 968 2202 ad
1001 2133 1342 2218 singulorum
1357 2148 1704 2220 .cupiditates
1728 2162 1786 2202 se
1818 2156 2056 2201 vertens.

469 2240 612 2304 Quid
653 2241 820 2309 igitur
847 2239 974 2293 hinc
1009 2239 1307 2294 discimus?
1340 2239 1485 2308 quod
1517 2254 1567 2306 0;
1591 2250 1766 2293 ortcat
1810 2240 1915 2292 vid.
1937 2240 2060 2294 licet

469 2332 594 2395 ﬁde.
629 2332 981 2402 baptismate,
1025 2332 1232 2395 labore.
1266 2333 1412 2386 oumi
1444 2331 1666 2395 virtute,
1698 2332 1848 2386 omni
1885 2331 2062 2386 Evano

467 2423 641 2491 gc-lica
671 2421 943 2483 doctrina,
978 2421 1213 2475 mundos
1253 2435 1531 2490 purosque
1570 2421 1785 2476 animos
1841 2431 2060 2476 nostros

469 2515 670 2578 facere,
695 2514 767 2567 ita
793 2513 1092 2566 utomuino
1111 2510 1402 2580 alienigeui
1429 2525 1630 2577 mores,
1664 2518 1718 2565 et
1737 2511 2059 2582 Aigyptiaca

468 2609 600 2670 vita,
647 2606 902 2661 vitiorum
935 2606 1144 2660 srilicet
1177 2605 1420 2659 omnium
1469 2605 1651 2668 turba,
1696 2620 1797 2659 nos
1821 2603 2056 2669 deﬁciat,

465 2709 517 2752 et
551 2697 772 2752 demum
808 2695 1075 2766 depurato
1113 2696 1488 2764 del‘mcatoque
1533 2695 1740 2758 animo,
1775 2695 2056 2751 cmlestcm

465 2789 648 2842 cibum
689 2802 812 2843 esse
843 2786 1280 2856 suscipiendum.
1319 2801 1481 2854 quem
1520 2785 1669 2840 nulla
1717 2785 1876 2841 nobis
1915 2785 2059 2840 satio

466 2881 815 2949 agricultura:
850 2879 1064 2934 artibus
1088 2877 1367 2947 produxit.
1403 2875 1509 2931 Sed
1543 2877 1699 2946 panis
1728 2884 1815 2932 est
1848 2877 2059 2946 absque

465 2972 702 3036 semine.
725 2973 933 3042 absque
962 2970 1229 3035 aratione,
1259 2971 1468 3038 absque
1493 2969 1601 3023 alio
1625 2971 1866 3024 humano
1891 2985 2059 3040 opere

467 3064 624 3119 nobis
683 3071 929 3133 paratus.
981 3061 1033 3117 ls
1082 3063 1320 3131 desuper
1376 3059 1708 3116 deﬂueusin
1757 3060 1923 3116 terris
1975 3063 2058 3117 in-

2164 680 2275 753 γὰρ
2316 682 2373 734 ὲν
2415 679 2493 750 τῷ
2527 679 2681 732 ὕδατι
2727 676 3042 732 καταλιπὼν
3078 677 3271 750 νεκρὸν
3297 679 3389 732 τὸν
3421 677 3748 748 Αίγύπτιον,

2164 774 2259 827 καὶ
2281 773 2358 843 τῷ
2389 771 2531 842 ξύλῳ
2560 770 2881 840 γλυκανθεὶς
2903 812 2916 835 ,
2956 771 3052 824 καὶ
3097 773 3217 834 ταῖς
3245 771 3636 834 ἀποστολικαίς
3665 773 3747 824 ὲν-

2161 867 2444 936 τρυφήσας
2472 867 2695 934 πηγαῖς,
2723 863 2828 916 ὑπό
2853 881 2910 915 τε
2944 866 3009 934 τῇ
3041 864 3168 934 σκιᾷ
3194 862 3302 916 τῶν
3329 864 3591 932 φοινίκων
3627 865 3750 918 ἀνα-

2165 957 2530 1026 παυσάμενος,
2558 951 2711 1019 οὗτος,
2741 955 2841 1025 ἤδη
2859 957 2952 1008 καὶ
2967 954 3059 1008 τοῦ
3082 953 3218 1008 Θεοῦ
3239 954 3485 1018 δεκτικὸς
3518 953 3747 1023 γίνεται.

2175 1049 2240 1101 Ἥ
2272 1049 2380 1118 γὰρ
2403 1047 2597 1118 πέτρα.
2623 1046 2803 1110 καθώς
2839 1064 3000 1114 φησιν
3021 1048 3050 1100 ό
3091 1045 3430 1111 ’Δπόστολος,
3461 1047 3490 1098 ὁ
3517 1047 3751 1118 Χριστός

2164 1140 2311 1189 ἐστιν
2334 1178 2350 1202 ,
2387 1137 2618 1208 ἄνικμός
2657 1153 2741 1199 τις
2781 1137 2875 1190 καὶ
2906 1137 3204 1208 ἀντιτυπὴς
3231 1139 3344 1200 τοῖς
3385 1137 3673 1200 ἀπίστοις’
3703 1139 3750 1190 εί

2161 1230 2216 1282 δέ
2256 1247 2338 1293 τις
2374 1230 2642 1300 προσάγοι
2673 1231 2770 1299 τὴν
2797 1229 3118 1300 ῥάϐδοντῆς
3153 1229 3408 1292 πίστεως,
3446 1228 3611 1292 ποτδς
3637 1230 3750 1288 τοῖς

2161 1321 2356 1391 διψῶσι
2385 1323 2690 1391 γινόμενος,
2722 1323 2815 1374 καὶ
2851 1322 3000 1385 ἐντος
3031 1321 3140 1374 τῶν
3169 1314 3560 1391 εἰσδεχομένων
3588 1321 3750 1374 αὑτὸν

2169 1415 2448 1485 είσρέων.ι
2471 1412 2612 1483 Ἐγὼ
2640 1414 2770 1485 γὰρ,
2815 1415 2967 1484 φησι,
3001 1413 3094 1468 καὶ¹
3122 1415 3152 1468 ό
3183 1414 3372 1485 Πατήρ
3401 1431 3505 1482 μου
3535 1413 3750 1467 ἐλευσό-

2165 1507 2305 1578 μεθα
2325 1549 2340 1573 ,
2375 1509 2469 1562 καὶ
2502 1507 2669 1579 μονὴν
2700 1510 2826 1580 παρ’
2861 1507 3012 1578 αὖτῷ
3063 1508 3420 1579 ποιησόμεθα.
3442 1506 3658 1573 ι’Λξιον
3691 1509 3748 1563 δὲ

2165 1601 2299 1670 μηδὲ
2339 1599 2498 1653 τοῦτο
2555 1600 2932 1670 παραδραμεῖν
2975 1597 3287 1670 ἀθεώρητον
3313 1639 3329 1664 ,
3373 1598 3456 1651 ὅτι
3501 1599 3640 1672 μετὰ
3689 1601 3748 1652 τδ

2160 1691 2411 1762 διαϐῆναι
2454 1693 2553 1763 τὴν
2599 1693 2896 1755 θάλασσαν,
2945 1693 3039 1746 καὶ
3081 1691 3451 1761 γλυκανθῆναι
3499 1695 3610 1755 τοῖς
3648 1692 3747 1762 τῆς

2165 1783 2366 1854 ἀρετῆς
2395 1783 2694 1856 ὁδοιπόροις
2717 1785 2779 1837 τὸ
2804 1782 2968 1852 ὓδωρ,
2992 1784 3084 1836 καὶ
3109 1783 3246 1853 μετὰ
3266 1784 3365 1854 τὴν
3391 1783 3570 1854 ἁδρὰν
3601 1784 3744 1836 ὲκεί-

2163 1893 2259 1946 νην
2290 1875 2564 1945 διαγωγὴν
2588 1916 2602 1936 ,
2640 1875 2738 1946 τὴν
2771 1875 2911 1928 κατὰ
2947 1875 3045 1940 τὰς
3077 1875 3258 1946 πηγὰς
3289 1876 3384 1928 καὶ
3416 1875 3543 1938 τοὺς
3574 1873 3746 1942 φοίνι-

2164 1983 2286 2030 κας,
2321 1969 2414 2020 καὶ
2441 1964 2579 2036 μετὰ
2605 1966 2665 2019 τὺ
2692 1971 2836 2022 πιεῖν
2851 1970 2914 2021 ἐκ
2929 1969 3027 2037 τῆς
3049 1968 3249 2040 πέτρας
3261 1967 3383 2021 τότε
3409 1964 3687 2028 παντελῶς
3711 1967 3743 2036 ἡ

2161 2060 2270 2110 τῶν
2299 2058 2614 2126 Αἰγυπτίων
2645 2056 2872 2125 ἐφοδίων
2896 2057 3167 2126 ἐπίλειψις
3199 2057 3426 2126 γίνεται.
3467 2058 3574 2111 Καὶ
3606 2056 3746 2110 οὕτω

2166 2149 2434 2219 μηδεμιᾶς
2480 2149 2659 2210 αὐτοῖς
2705 2148 3125 2220 ὑπολειφθείσης
3169 2148 3467 2217 ἀλλοφύλου
3505 2149 3743 2221 τροφῆς,

2161 2240 2227 2310 ἣν
2255 2239 2313 2306 ἐξ
2345 2241 2616 2308 Αἰγύπτου
2656 2241 3054 2305 ἐπεσιτίσαντο,
3087 2240 3293 2295 ἄνωθεν
3319 2243 3538 2312 ἐπιρρεῖ
3560 2244 3593 2312 ή
3623 2258 3750 2312 τροτ

2164 2330 2257 2400 φὴ,
2295 2331 2509 2400 ποικίλη
2543 2349 2624 2394 τις
2655 2333 2771 2400 ἅμα
2801 2332 2896 2384 καὶ
2924 2331 3201 2402 μονοειδὴς
3231 2327 3385 2388 οὖσα.
3410 2331 3483 2386 Τὸ
3510 2332 3610 2404 μὲν
3638 2333 3744 2404 γὰρ

2164 2422 2484 2490 φαινόμενον
2532 2421 2802 2490 μονοειδὲς
2847 2418 2934 2493 ἦν,
2980 2426 3012 2492 ἠ
3043 2423 3099 2475 δὲ
3149 2424 3370 2495 ποιότης
3411 2423 3472 2476 τὸ
3504 2424 3745 2478 ποικίλον

2162 2508 2327 2583 εἶχεν,
2381 2514 2599 2584 ἑκάστῳ
2634 2515 2958 2583 προσφόρως
2994 2514 3132 2568 κατὰ
3165 2515 3224 2568 τὸ
3254 2511 3393 2578 εἶδος
3424 2515 3522 2586 τῆς
3555 2515 3744 2569 ἐπιθυ-

2165 2603 2291 2672 μίας
2323 2605 2666 2674 ἐγγινομένη.
2695 2603 2760 2655 Τί
2780 2599 2873 2656 οὖν
2897 2605 3041 2658 ὲστιν
3063 2604 3091 2656 ὃ
3114 2604 3456 2675 μανθάνομεν
3475 2621 3490 2669 ;
3511 2604 3578 2658 δι’
3607 2606 3743 2658 ὅσων

2163 2696 2430 2766 προσήκει
2463 2695 2779 2765 καθαρσίων
2814 2695 3004 2749 ἑαυτὸν
3029 2695 3334 2765 ἐκκαθᾶραι
3373 2712 3495 2749 τινα
3525 2695 3628 2766 τῆς
3648 2699 3742 2750 Λί-

2160 2785 2396 2853 γυπτίας
2436 2802 2492 2838 τε
2535 2785 2626 2838 καὶ
2657 2785 2958 2854 ἀλλοφύλου
2985 2784 3132 2854 ζωῆς
3155 2803 3167 2816 ο
3204 2785 3345 2840 ὥστε
3379 2786 3612 2840 κενῶσαι
3655 2787 3744 2840 τὸν

2159 2877 2260 2946 τῆς
2307 2875 2486 2947 ψυχῆς
2530 2877 2697 2930 αὐτοῦ
2734 2876 2968 2931 θύλακον
3010 2877 3189 2948 πάσης
3231 2877 3331 2948 τῆς
3369 2878 3511 2932 κατὰ
3543 2877 3740 2934 κακίαν

2159 2969 2399 3040 τροφῆς,
2446 2970 2513 3039 ἢν
2555 2969 2920 3024 σιτοποιοῦσιν
2965 2971 3015 3022 οἱ
3063 2969 3388 3038 Αἰγύπτιοι·
3431 2971 3524 3024 καὶ
3571 2971 3743 3032 οὕτως

2161 3062 2257 3132 τὴν
2287 3061 2493 3116 ἄνωθεν
2525 3063 2817 3117 κατιοῦσαν
2864 3061 3070 3131 τροφὴν
3100 3064 3156 3114 ἐν
3198 3062 3378 3134 ἑαυτῷ
3422 3063 3636 3135 καθαρᾷ
3677 3065 3740 3135 τῇ

467 3157 709 3224 venitur;
763 3156 919 3226 panis
970 3155 1118 3210 enim
1175 3155 1271 3225 qui
1319 3154 1388 3212 de
1434 3155 1577 3209 coelo
1617 3153 1920 3219 descendit,
1961 3155 2052 3224 qui

2160 3155 2302 3225 ψυχῇ
2333 3153 2583 3218 δέξασθαι
2612 3170 2625 3183 ·
2660 3157 2724 3222 ἣν
2752 3155 2811 3206 οὐ
2843 3153 3020 3224 σπορᾶ
3050 3156 3181 3223 ἡμῖν
3203 3157 3317 3216 τοῖς
3345 3155 3406 3207 ἐκ
3442 3154 3743 3222 γεωπονίας

468 3265 631 3303 verus
656 3248 814 3304 cibus
845 3255 950 3314 est,
982 3247 1076 3316 qui
1111 3246 1457 3316 zenigmatice
1489 3246 1591 3300 hac
1619 3246 1850 3301 historia
1882 3246 2056 3316 signi-

467 3339 685 3401 ﬁcatur,
723 3353 832 3391 non
864 3338 1190 3406 incorporea
1217 3335 1468 3406 qumdam
1504 3351 1592 3389 res
1622 3345 1726 3389 est.
1764 3333 1885 3401 Quo
1910 3335 2054 3390 enim

467 3440 628 3500 pacto
663 3445 750 3485 res
793 3429 1118 3500 incorporea
1160 3428 1378 3497 corpori
1427 3427 1584 3482 cibus
1629 3426 1762 3481 ﬁet?
1808 3443 1895 3482 res
1929 3443 2057 3482 vero

469 3533 590 3588 qua:
618 3519 941 3586 incorporea
981 3531 1088 3571 non
1121 3523 1228 3577 est,
1253 3530 1458 3585 corpus
1497 3515 1721 3570 omnino
1743 3524 1848 3570 est.
1879 3515 2056 3587 Hujus

468 3609 718 3680 corporis
749 3624 940 3680 panem
985 3623 1092 3663 non
1121 3608 1318 3672 aratio,
1364 3623 1472 3663 non
1505 3608 1666 3670 satio.
1701 3624 1808 3662 non
1838 3609 2051 3680 agrico-

467 3703 641 3756 larum
671 3717 810 3772 opus
855 3701 1040 3764 eﬂicit,
1097 3699 1192 3755 sed
1224 3708 1369 3756 terra
1403 3701 1608 3756 intacta
1638 3703 1960 3771 permansit,
1996 3712 2050 3756 et

467 3802 646 3848 tamen
677 3809 814 3862 pane
851 3792 1008 3862 plena
1039 3790 1164 3856 fuit,
1204 3807 1312 3862 quo
1345 3790 1705 3847 famesceutcs
1731 3793 2047 3863 mysterium

467 3882 707 3953 Virginis
727 3883 972 3954 perdocti
999 3883 1156 3940 facile
1219 3891 1560 3937 saturantur.
1601 3882 1647 3938 ls
1684 3884 1847 3951 igitur
1885 3885 2052 3939 mira-

468 3974 592 4028 bilis
622 3973 741 4028 sine
763 3975 1102 4046 agricultura
1133 3975 1290 4044 panis
1310 3983 1363 4030 et
1389 3975 1612 4028 verbum
1638 3983 1750 4029 est:
1789 3977 2052 4032 varietate

467 4063 748 4130 qualitatis
784 4062 849 4117 ad
897 4064 1315 4134 suscipientiqu
1352 4064 1754 4126 habitudinem,
1793 4069 2048 4121 virtutem

467 4168 622 4208 Suam
659 4162 982 4209 commutat.

2157 3249 2445 3317 ἀνέφυσεν,
2476 3247 2591 3301 ἀλλ’
2623 3249 2836 3317 ἕτοιμος
2869 3248 3034 3318 ἄρτος
3071 3246 3312 3318 ἄσπορός
3335 3263 3394 3300 τε
3427 3249 3521 3300 καὶ
3543 3249 3741 3318 ἀνήρο-

2157 3359 2274 3404 τος,
2307 3340 2512 3395 ἄνωθεν
2544 3342 2642 3410 μὲν
2673 3339 2875 3394 κατιὼν
2897 3379 2910 3400 ,
2955 3340 3046 3393 ἐπὶ
3087 3339 3147 3394 δὲ
3189 3340 3291 3410 γῆς
3322 3339 3736 3410 εὑρισκόμενος.

2157 3433 2312 3496 Nor-:3;
2342 3434 2398 3487 δὲ
2434 3434 2655 3496 πάντως
2701 3433 2798 3502 τὴν
2831 3431 3006 3502 ἀληθῆ
3037 3430 3242 3502 ταύτην
3287 3430 3490 3502 βρῶσιν
3526 3430 3617 3486 διὰ
3646 3430 3739 3484 τοῦ

2156 3523 2296 3578 κατὰ
2337 3525 2434 3594 τὴν
2478 3524 2719 3595 ἱστορίαν
2749 3524 3092 3592 αἰνίγματος,
3127 3524 3210 3576 ὅτι
3249 3525 3277 3577 ό
3313 3523 3476 3594 ἄρτσς
3506 3524 3534 3576 ό
3559 3526 3625 3577 ὲκ
3647 3523 3740 3578 τοῦ

2155 3615 2387 3685 οὐρανοῦ
2424 3616 2690 3680 κατασέις,
2712 3617 2812 3669 οὐκ
2842 3613 3135 3685 ἀσώματόν
3160 3631 3210 3667 τι
3237 3615 3424 3685 χρῆμά
3447 3616 3583 3668 ἐστι.
3617 3615 3739 3679 Πῶς

2157 3709 2264 3778 γὰρ
2301 3707 2366 3761 ἂν
2419 3707 2631 3777 σώματι
2663 3707 2835 3778 τροφὴ
2873 3706 3082 3774 γένοιτο
3123 3705 3184 3759 τὸ
3215 3705 3540 3778 ἁσώματον;
3571 3708 3646 3761 Τὸ
3683 3707 3740 3762 δὲ

2161 3797 2236 3868 μὴ
2262 3797 2550 3868 ἀσώματον
2571 3838 2584 3861 ,
2622 3797 2782 3866 σῶμα
2828 3797 3045 3858 παντως
3084 3796 3224 3851 ὲστί.
3255 3798 3330 3851 Τὸ
3351 3797 3408 3850 δὲ
3439 3798 3600 3870 σῶμα
3629 3799 3742 3853 τού-

2158 3907 2249 3943 του
2272 3890 2364 3943 τοῦ
2393 3890 2558 3961 ἄρτου
2590 3889 2710 3943 οὔτε
2749 3889 2941 3960 ἄροσις
2986 3889 3110 3943 οὔτε
3141 3889 3318 3962 σπορὰ
3349 3890 3701 3963 ἐγεώργησεν
3723 3908 3736 3920 ·

2159 3981 2272 4034 ἀλλ’
2321 3983 2354 4048 ἡ
2388 3981 2456 4050 γῆ
2485 3981 2571 4034 οἶα
2605 3983 2722 4033 ἐστὶ
2760 3979 3010 4050 μείνασα,
3047 3981 3263 4050 πλήρης
3300 3981 3614 4051 εὑρίσκεται
3643 3983 3737 4053 τῆς

2161 4070 2306 4133 θείας
2342 4071 2544 4140 ταύτης
2571 4070 2796 4140 τροφῆς,
2839 4063 2905 4139 ἦς
2943 4071 2990 4121 oi
3020 4069 3310 4132 πεινῶντες
3342 4070 3649 4141 μετέχουσι,
3681 4071 3740 4124 τὸ

2162 4162 2302 4214 κατὰ
2333 4162 2429 4233 τὴν
2452 4161 2728 4232 Παρθένον
2757 4163 3057 4231 μυστήριον
3077 4161 3165 4214 διὰ
3187 4163 3286 4230 τῆς
3309 4161 3739 4231 θαυματοποιῖας

466 4245 670 4316 ταύτης
701 4247 1204 4318 προπαιδευόμενοι.
1231 4235 1398 4310 (Ῐῧτος
1416 4246 1592 4299 τοίνυν
1617 4249 1644 4300 ὁ
1672 4246 2025 4320 ἀγεώργητος
2047 4252 2206 4323 ἄρτος
2227 4257 2320 4308 καὶ
2350 4255 2519 4324 Λόγος
2539 4254 2676 4318 ἐστὶ,
2693 4252 2771 4322 τῷ
2791 4252 3062 4304 πολυειδεῖ
3075 4253 3174 4323 τῆς
3192 4255 3472 4324 ποιότητος
3487 4253 3626 4306 κατὰ
3642 4254 3738 4316 τὰς

466 4341 572 4396 τῶν
610 4341 894 4396 ἐσθιόντων
941 4335 1379 4413 ἐπιτηδειότητας
1423 4337 1861 4406 συνεξαλλάσσων
1897 4343 1997 4412 τὴν
2036 4344 2283 4417 δύναμιν.

539 4435 702 4487 Novit
737 4434 882 4488 enim
924 4449 1029 4488 nou
1065 4434 1242 4489 solum
1281 4435 1438 4505 panis
1477 4450 1618 4498 esse.
1658 4450 1841 4488 verum
1874 4443 1928 4490 et
1961 4437 2045 4490 Iac

467 4525 580 4580 ﬁeri
630 4536 845 4590 etraro,
886 4535 939 4579 et
973 4526 1118 4584 olus.
1157 4526 1423 4596 quidquid
1469 4527 1700 4596 denique
1740 4530 2046 4584 assumenti

2228 4439 2350 4496 Οἷδε
2403 4443 2507 4513 γὰρ
2547 4443 2607 4495 οὺ
2663 4442 2822 4512 μόνον
2876 4442 3039 4511 ἄρτος
3081 4437 3242 4504 εἶναι,
3291 4441 3424 4494 ἀλλὰ
3470 4443 3565 4494 καὶ
3597 4441 3739 4510 γάλα

2156 4534 2422 4601 γίνεσθαι,
2484 4536 2578 4587 καὶ
2641 4534 2828 4604 κρέας.
2857 4533 2952 4586 καὶ
2991 4533 3244 4602 λάχανον,
3285 4535 3378 4586 καὶ
3401 4533 3596 4604 ὅτιπερ
3616 4530 3735 4604 ἆνῇ

465 4620 799 4674 conveniens
830 4626 882 4674 et
907 4618 1204 4688 expetitum
1237 4619 1328 4684 sit,
1356 4625 1414 4672 ut
1449 4619 1750 4689 Apostolus
1785 4622 1918 4682 vult.
1949 4622 2044 4690 qui

2160 4623 2258 4676 τῶν
2283 4623 2744 4693 προσφερομένων
2793 4622 3124 4692 κατάλληλόν
3154 4639 3213 4674 τε
3243 4621 3334 4676 καὶ
3366 4623 3734 4693 καταθύμιον·

466 4713 609 4765 hanc
639 4712 797 4766 nobis
829 4727 1075 4766 mensam
1105 4711 1455 4780 praeparavit,
1497 4712 1549 4764 in
1581 4711 1632 4764 id
1655 4722 2046 4768 commutatur.

467 4805 559 4860 Sic
590 4805 734 4860 enim
759 4804 980 4859 divinus
1029 4805 1118 4858 ille
1143 4805 1223 4857 vir
1250 4801 1671 4874 perfectioribus
1698 4805 2043 4873 solidiorem,

464 4905 518 4951 ct
578 4897 632 4951 in
680 4897 864 4950 carnis
911 4896 1148 4964 speciem
1186 4896 1412 4950 verbum
1455 4896 1636 4950 cibum
1690 4897 1804 4950 ﬁeri
1862 4899 2044 4960 ducet,

466 4983 870 5042 inﬁrmioribus
928 4987 1093 5047 olus.
1153 4985 1455 5042 infantibus
1521 4988 1624 5043 lac.
1693 4987 2048 5060 Quaecunque

464 5089 643 5134 autem
701 5081 764 5132 de
795 5079 930 5133 cibo.
983 5078 1076 5132 illo
1139 5087 1325 5132 narrat
1390 5079 1658 5143 historia,
1729 5091 2047 5151 praecepta,

463 5179 781 5240 statutaque
851 5177 984 5222 sunt
1059 5167 1123 5224 ad
1191 5168 1328 5225 bene
1389 5179 1644 5240 recteque
1705 5172 2046 5229 vivendum:

463 5263 745 5332 :cqualiter
795 5261 941 5316 enim
979 5261 1236 5316 omnibus
1268 5264 1610 5332 propositum
1658 5262 1827 5320 fuisse
1863 5267 2046 5320 cibum

466 5364 780 5422 asseverat;
821 5370 920 5410 nec
964 5356 1086 5424 plus
1117 5362 1211 5408 aut
1265 5356 1469 5420 minus,
1517 5372 1694 5426 quam
1752 5357 2048 5428 indigentia

463 5448 728 5517 exigebat,
763 5463 793 5501 a
826 5447 1188 5503 validioribus
1244 5456 1338 5502 aut
1376 5447 1836 5504 imbecillioribus
1889 5450 2047 5505 colli-

465 5535 708 5601 gebatur.
745 5538 898 5604 Quod
935 5553 1058 5593 meo
1082 5537 1295 5609 judicio
1323 5537 1622 5608 praeceptio
1651 5537 1899 5607 quaedam
1935 5547 2040 5606 est,

466 5639 656 5680 {mnes
711 5629 1080 5684 communiter
1137 5629 1456 5693 insrruens,
1535 5641 1606 5683 ne
1660 5627 1816 5697 plura
1873 5643 2040 5701 quam

533 5795 578 5828 ³³
621 5793 638 5847 Ι
677 5797 803 5854 Cor.
839 5819 892 5870 ις,
927 5803 1006 5860 ι..
1058 5805 1101 5838 ³⁸
1127 5803 1283 5888 Joan.
1316 5820 1428 5872 xiv,
1459 5802 1551 5858 23.

2148 4715 2222 4778 ὡς
2248 4715 2490 4768 διδάσκει
2543 4715 2571 4766 ό
2609 4714 2706 4784 τὴν
2748 4713 3009 4784 τοιαύτην
3059 4717 3173 4776 τοῖς
3203 4713 3368 4766 αὑτοῦ
3411 4715 3736 4785 παρατιθεὶς

2149 4805 2282 4874 ἡμῖν
2339 4803 2636 4876 τράπεζαν,
2678 4805 2886 4868 Παῦλος
2925 4807 2953 4858 ό
3003 4805 3145 4868 θεῖος
3196 4804 3508 4868 ἀπόστολος,
3559 4805 3588 4858 ό
3625 4809 3736 4868 τοῖς

2147 4896 2502 4968 τελειοτέροις
2535 4896 2896 4968 στερροτέραν
2925 4913 2983 4948 τε
3030 4898 3124 4949 καὶ
3159 4895 3368 4967 κρεώδη
3401 4895 3605 4966 βρῶσιν
3646 4897 3734 4950 τὸν

2147 4986 2302 5054 λόγον
2361 4986 2550 5047 ποιῶν,
2603 4989 2697 5039 καὶ
2745 4987 2978 5056 λάχανον
3010 4991 3123 5050 τοῖς
3178 4987 3607 5058 ἀσθενεστέροις,
3644 4990 3735 5042 καὶ

2153 5080 2296 5146 γάλα
2351 5082 2463 5142 τοῖς
2509 5077 2854 5149 νηπιὰζουσι.
2899 5078 2978 5130 Τὰ
3024 5078 3066 5131 δ’
3107 5079 3205 5132 ὅσα
3236 5079 3360 5150 περὶ
3390 5081 3489 5151 τὴν
3532 5082 3734 5152 τροφὴν

2153 5171 2366 5239 ἐκείνην
2409 5172 2442 5236 ἡ
2503 5169 2710 5238 ἱστορία
2759 5169 2980 5234 διέξεισι
3012 5167 3284 5239 θαύματα,
3327 5170 3574 5239 δόγματα
3600 5172 3736 5243 πρὸς

2151 5262 2242 5315 τὸν
2269 5261 2387 5315 κατ’
2417 5261 2617 5332 ἀρετὴν
2647 5260 2760 5330 βίον
2795 5261 2930 5314 ἐστι.
2953 5261 3092 5331 Φησὶ
3125 5261 3254 5331 γὰρ,
3282 5261 3402 5331 ἴσην
3438 5265 3571 5316 πᾶσι
3597 5281 3731 5335 προ-

2153 5354 2364 5407 κεῖσθαι
2411 5354 2511 5426 τὴν
2543 5352 2644 5422 τῆς
2675 5351 2880 5422 τροφῆς
2917 5353 3228 5422 μετουσίαν,
3261 5353 3414 5407 οὐδὲν
3449 5355 3589 5407 κατὰ
3619 5355 3733 5408 δια-

2153 5445 2325 5517 φορὰν
2355 5448 2454 5516 τῆς
2476 5443 2585 5497 τῶν
2619 5442 2986 5512 συλλεγόντων
3013 5443 3318 5515 δυνάμεως,
3353 5444 3476 5500 οὔτε
3511 5446 3733 5500 πλεῦνα·-

2157 5539 2358 5602 ζουσαν
2385 5535 2528 5590 κατὰ
2550 5535 2756 5607 χρείαν,
2786 5533 2910 5588 οὔτε
2931 5535 3302 5591 ἐλλείπουσαν.
3320 5536 3491 5592 Τοῦτο
3513 5537 3569 5591 δέ
3595 5538 3728 5600 ἐστι,

2151 5629 2293 5686 κατά
2325 5647 2388 5698 γε
2409 5629 2500 5683 τὸν
2517 5629 2541 5681 ὲ
2550 5628 2651 5699 μὸν
2673 5627 2850 5697 λόγον,
2879 5643 2944 5680 συ
2955 5627 3158 5700 μϐουλή
3181 5647 3280 5694 ,τις
3300 5628 3378 5701 τῷ
3408 5629 3573 5700 κοινῷ
3602 5646 3734 5701 προ-
