3888 6418
293 395 390 454 569

1615 401 1704 456 DE
1731 403 1894 460 VITA
1928 404 2204 464 MOYSIS.

3447 421 3552 476 370

296 509 536 581 κειμένη,
597 511 674 581 μὴ
722 509 976 581 παριέναι
1006 509 1130 575 τοὺς
1161 511 1316 584 ὅρους
1359 511 1456 582 τῆς
1503 513 1714 585 χρείας,
1741 519 1866 581 τοὺς

1969 531 2178 575 natura;
2207 519 2498 585 sumciant,
2533 537 2699 577 causa
2727 521 2945 580 vivendi
2971 541 3032 582 ex
3055 525 3142 582 his
3174 529 3550 591 materialihus

295 599 390 662 τὰς
421 597 680 668 ἀφορμὰς
709 598 804 652 τοῦ
837 597 934 668 ζῇν
959 599 1024 651 ἐκ
1050 599 1158 652 τῶν
1191 599 1392 654 ὑλικῶν
1422 602 1626 657 τούτων
1654 605 1872 676 ποριζο-

300 689 508 759 μένους,
545 687 664 741 ἀλλ⁹
700 684 758 742 εὖ
803 689 1018 754 εἰδέναι,
1053 691 1136 744 ὄτι
1181 689 1238 742 ἓν
1275 692 1469 763 μέτρον
1495 697 1560 764 τῇ
1590 694 1747 763 φύσει
1772 697 1872 767 τῆς

296 780 494 850 ἐδωδῆς
525 781 616 832 ἐπὶ
652 781 868 834 πάντων
894 782 1039 833 ἐστὶν
1063 784 1094 852 ἡ
1129 782 1264 854 πρὸς
1295 784 1506 854 ἡμέραν
1535 786 1837 850 ἀπόλαυσις
1855 806 1868 818 ·

294 869 408 945 ὲνῇ
441 873 546 927 κᾶν
597 872 971 948 πολλαπλάσια
1011 866 1438 948 παρασκευασθῇ
1469 877 1568 948 τῆς
1602 881 1867 952 χρείας,ή

296 967 507 1037 γαστὴρ
532 965 602 1019 τὰ
633 967 738 1020 ἴδια
771 966 944 1037 μέτρα
989 966 1240 1036 διαϐῆναι
1269 967 1428 1036 φύσιν
1451 971 1553 1022 οὐκ
1587 969 1720 1041 ἔχει,
1749 973 1872 1025 οὐδὲ

295 1061 359 1128 τῇ
392 1057 668 1129 ἀπληστία
715 1057 814 1128 τῆς
843 1058 1196 1127 παρασκευῆς
1224 1049 1643 1114 συνεκτέίνεται.
1688 1062 1870 1130 Ἀλλὰ,

296 1149 478 1213 καθώς
543 1167 707 1220 φησιν
737 1153 770 1220 ἡ
815 1151 1058 1220 ἱστορία.
1107 1149 1231 1202 οὔτε
1296 1153 1324 1203 6
1376 1151 1438 1204 τὸ
1491 1153 1628 1204 πολὺ
1669 1153 1868 1222 λαϐὼν,

295 1241 589 1294 ἐπλεόνασε
612 1258 626 1272 ·
663 1239 765 1294 ποῦ
797 1239 906 1311 γὰρ
950 1241 1218 1312 ἀπόθηται
1249 1241 1308 1295 1:6
1354 1243 1536 1308 πλέον,
1578 1243 1678 1298 οὐκ
1724 1245 1868 1315 ἔχει’

295 1331 416 1386 οὔτε
441 1335 470 1386 6
507 1332 569 1385 τὸ
593 1331 788 1400 ὀλίγον,
825 1334 1153 1404 ἠλαττόνησε
1179 1349 1192 1362 ·
1226 1335 1360 1405 πρὸς
1409 1337 1516 1404 γάρ
1551 1333 1611 1390 τὸ
1651 1336 1870 1408 εὑρεθὲν

297 1429 623 1481 συσταλεῖσα
669 1430 701 1500 ἡ
749 1430 910 1498 χρεία
962 1429 1361 1501 συνεμετρήθη.
1427 1431 1500 1484 T6
1559 1430 1614 1484 δὲ
1658 1433 1769 1495 τοῖς
1809 1431 1872 1486 τὸ

299 1520 549 1592 περιττὸν
591 1520 971 1590 ταμιεύουσιν,
1007 1524 1085 1586 είς
1122 1523 1418 1592 σκωλήκιον
1452 1523 1666 1590 γένεσιν
1702 1541 1870 1593 μετα-

295 1609 564 1662 ποιεῖσθαι
592 1609 690 1680 τὴν
724 1610 1048 1680 ἀπληστίαν,
1079 1611 1174 1680 βοᾷ
1190 1611 1392 1683 τρόπον
1417 1612 1540 1665 τινά
1571 1615 1683 1675 τοῖς
1713 1613 1872 1667 πλεο-

293 1696 514 1760 νέκταις
571 1696 658 1750 διὰ
710 1697 915 1751 τούτων
959 1703 987 1754 6
1045 1699 1220 1769 λόγος,
1269 1701 1350 1754 ὅτι
1383 1703 1488 1754 πᾶν
1542 1700 1602 1755 τὸ
1641 1701 1744 1766 ἔξω
1773 1703 1871 1772 τῆς

293 1786 514 1856 χρείας,
571 1787 676 1842 ὑπὸ
727 1789 828 1862 τῆς
877 1790 1262 1860 πλεονεκτικῆς
1318 1793 1520 1864 ταύτης
1575 1794 1868 1864 ἐπιθυμίας

1975 617 2318 677 appetatuus,
2351 612 2445 666 sed
2481 613 2649 680 probe
2685 623 2972 672 teneamus
3021 633 3184 671 unam
3241 636 3365 676 esse
3398 640 3549 678 com-

1975 715 2196 754 munem
2259 703 2311 756 iu
2369 704 2628 760 omnibus
2679 704 2873 760 edendi
2914 723 3253 772 mensuram,
3296 713 3547 766 diurnam

1975 789 2376 850 suﬂicientiam.
2419 791 2554 848 Nam
2585 795 2633 850 si
2659 797 2823 850 etiam
2859 797 3012 867 plura
3047 816 3209 870 quam
3247 801 3547 873 indigentia

1973 881 2218 951 ﬂagitat,
2267 893 2566 954 praeparata
2626 886 2850 955 fuerint,
2914 901 3105 945 venter
3160 901 3342 946 tamen
3402 889 3544 950 ultra

1973 979 2225 1024 naturam
2261 989 2412 1028 suam
2443 976 2724 1045 suscipere
2755 993 2865 1031 non
2907 985 3104 1046 potest,
3129 996 3308 1050 neque
3339 997 3546 1052 praepa-

1973 1061 2206 1117 rationis
2236 1067 2598 1136 magnitudini
2635 1070 3050 1139 correspondet.
3097 1071 3202 1126 Sed
3240 1073 3386 1128 sicut
3427 1067 3544 1130 his-

1973 1153 2114 1206 toria
2151 1155 2466 1224 tradit,,nec
2496 1159 2588 1228 qui
2621 1161 2850 1214 multum
2884 1163 3176 1231 acceperit,
3199 1167 3542 1234 superabun-

1951 1243 2204 1306 .daverit,
2225 1258 2348 1295 cum
2371 1259 2476 1296 non
2504 1244 2755 1298 habuerit
2787 1247 2876 1300 uhi
2909 1253 3368 1317 superabundans
3393 1256 3544 1308 loca-

1971 1335 2142 1400 verit;
2166 1347 2265 1387 nec
2279 1335 2373 1403 qui
2391 1348 2624 1404 paucum
2649 1336 3190 1410 collegit,indigueril
3223 1352 3543 1401 :contracta

1971 1425 2116 1476 enim
2171 1423 2470 1493 indigentia
2521 1435 3075 1496 commensurataque
3124 1429 3191 1483 ad
3249 1426 3536 1500 acceptum

1972 1510 2096 1566 fuit.
2129 1511 2286 1578 Quod
2319 1527 2470 1576 vero,
2496 1513 2540 1568 si
2566 1514 2692 1583 quis
2717 1514 2885 1568 stulta
2907 1515 3206 1584 cupiditate
3233 1517 3538 1586 deponendi

1970 1601 2270 1672 quidquam
2305 1618 2370 1657 ex
2429 1603 2525 1656 illo
2555 1604 2682 1659 cibo
2728 1605 2784 1658 in
2839 1607 3145 1660 crastinum
3197 1607 3536 1678 deposuerit,

1971 1701 2144 1748 totum
2214 1694 2268 1748 in
2329 1710 2542 1751 vermes
2605 1705 2999 1752 commutatum
3062 1698 3234 1754 fuisse
3290 1701 3534 1756 dicitur:

1970 1783 2127 1854 quasi
2180 1785 2310 1839 tuba
2346 1785 2582 1854 quadam
2615 1801 2680 1842 ea
2719 1803 2780 1842 re
2816 1789 3047 1844 historia
3099 1789 3350 1853 intonuit,
3383 1806 3542 1845 omne

295 1877 704 1949 περιεχόμενον,
751 1879 810 1931 ὲν
839 1881 906 1951 τῇ
946 1879 1072 1950 ἑξῆς
1117 1871 1320 1951 ἡμέρα,
1363 1883 1665 1949 τουτέστιν,
1699 1885 1756 1936 έν
1791 1883 1866 1954 τῷ

1969 1875 2114 1945 quod
2146 1876 2288 1930 ultra
2319 1878 2675 1948 indigentiam
2728 1891 2908 1936 mente
2940 1895 3104 1936 avara
3157 1891 3538 1946 conservatur,

293 1965 732 2038 προτδοκωμένῳ
745 1967 866 2037 βίῳ,
880 1973 908 2024 ό
926 1968 1228 2041 σκώληξτῷ
1245 1971 1600 2042 ταμιεύσαντι
1633 1973 1864 2041 γίνεται.

293 2057 428 2108 Νοεῖ
453 2055 512 2108 δὲ
561 2056 778 2120 πάντως
807 2059 836 2110 6
865 2057 1075 2110 ἀκούων
1109 2058 1196 2112 διὰ
1237 2061 1330 2114 τοῦ
1371 2062 1650 2132 σκώληκος
1679 2063 1866 2116 τούτου

292 2147 388 2200 τὸν
433 2145 788 2217 ἀτελεύτητον
819 2147 1095 2220 σκώληκα,
1129 2151 1220 2204 τὸν
1273 2151 1363 2204 διὰ
1401 2153 1498 2224 τῆς
1557 2154 1868 2220 πλεονεξίας

294 2235 748 2307 ζίοιογονούμενον.
788 2239 860 2291 T6
896 2239 952 2292 δὲ
979 2243 1036 2292 ἐν
1071 2241 1216 2312 μόνῳ
1249 2241 1326 2312 τῷ
1351 2242 1604 2315 σαϐϐάτῳ
1627 2245 1867 2314 διαρκεῖν

292 2326 358 2382 τὶ
385 2327 662 2385 ἀπόθετον,
691 2329 960 2400 μηδεμίαν
981 2330 1274 2402 διαφθοράν
1309 2335 1868 2410 ὑπομένον,τοιαύτην

293 2418 420 2471 τινὰ
451 2419 760 2492 συμϐουλὴν
784 2423 1025 2494 περιέχει
1054 2440 1066 2454 ⁸
1099 2423 1182 2477 ὅτι
1202 2443 1284 2478 τοι
1309 2426 1430 2478 τότε
1459 2429 1727 2500 χρηστέον
1753 2431 1869 2482 ἐστὶ

291 2515 360 2582 τῇ
384 2512 734 2586 πλεοεκτικῇ
763 2517 1096 2588 προαιρέσει,
1123 2519 1178 2572 ὲν
1205 2513 1285 2583 οἷς
1300 2518 1360 2572 τδ
1382 2521 1744 2588 συναγόμενον
1757 2521 1872 2577 δια-

293 2603 503 2676 φθορὰν
530 2605 592 2658 οὐ
621 2607 906 2677 προσίεται
925 2625 939 2638 ·
969 2608 1090 2661 τότε
1116 2611 1386 2680 χρήσιμον
1403 2611 1535 2681 ἡμῖν
1556 2613 1866 2682 γενόμενον,

291 2697 424 2750 ὅταν
472 2697 828 2768 παρελθόντες
853 2699 951 2770 τὴν
983 2697 1076 2752 τοῦ
1127 2699 1241 2770 βίου
1268 2699 1458 2754 τούτου
1492 2704 1866 2774 παρασκευὴν,

291 2787 354 2839 ὲν
384 2790 450 2858 τῇ
487 2789 622 2858 μετὰ
658 2789 886 2844 θάνατον
915 2792 1158 2862 ἀπραξία
1180 2790 1488 2860 γενώμεθα.
1529 2794 1594 2846 Ἦ
1624 2793 1732 2864 γὰρ
1762 2795 1868 2865 πρὸ

287 2877 389 2931 τοῦ
425 2880 694 2935 σαϐϐάτου
749 2882 948 2953 ἡμέρα,
982 2884 1301 2954 παρασκευὴ
1342 2885 1478 2954 πρὸς
1507 2884 1566 2937 τδ
1601 2886 1867 2939 σάϐϐατον

289 2973 386 3025 καὶ
414 2970 530 3024 ἔστι
568 2972 660 3025 καὶ
693 2972 1034 3044 ὀνομάζεται.

363 3059 512 3132 Αὕτη
565 3061 608 3114 δ’
661 3062 746 3132 εἴη
775 3065 802 3115 6
836 3061 947 3132 βίος
979 3054 1150 3126 οὗτος,
1184 3063 1240 3115 ὲν
1265 3055 1306 3130 ᾧ
1345 3064 1408 3116 τά
1441 3067 1537 3134 τῆς
1559 3065 1862 3137 ἐρχομένης

286 3151 439 3223 ζωῆς
469 3155 676 3216 ἑαυτοῖς
699 3154 1088 3226 εὐτρεπίζομεν
1105 3171 1118 3186 ο
1150 3149 1250 3228 ἐ,νῇ
1275 3155 1432 3227 ἔργον
1453 3157 1606 3210 οὐδὲν
1627 3156 1735 3209 τῶν
1765 3157 1861 3210 νῦν

289 3248 426 3316 ἡμῖν
474 3247 977 3317 συγκεχωρημένων
1007 3246 1352 3304 ἐπιτελεῖται.
1377 3247 1435 3300 οὐ
1469 3248 1729 3320 γεωργία,
1766 3249 1864 3301 οὐκ

288 3337 552 3407 ἐμπορία,
597 3337 656 3389 οὐ
690 3337 968 3408 στρατεία,
1001 3339 1101 3390 οὐκ
1137 3337 1262 3391 ἄλλο
1286 3354 1337 3390 τι
1367 3337 1472 3391 τῶν
1497 3331 1596 3391 ὦδε
1637 3339 1868 3392 σπουδα-

289 3426 534 3498 ζομένων
571 3428 690 3482 οὐδέ
723 3442 802 3481 τι·
824 3427 936 3481 ἀλλ’
966 3429 1022 3480 ὲν
1046 3427 1286 3499 ἀπραξίᾳ
1309 3429 1458 3500 πάσῃ
1478 3429 1584 3480 τῶν
1613 3429 1865 3482 τοιούτων

289 3519 468 3588 ἔργων
493 3517 787 3582 διάγοντες,
837 3519 945 3572 τῶν
971 3519 1065 3572 νῦν
1101 3521 1231 3590 ἡμῖν
1268 3519 1416 3590 παρά
1439 3520 1526 3572 τὸν
1559 3519 1671 3590 βίον
1699 3536 1866 3571 κατα-

288 3608 640 3680 ϐεϐλημένων
695 3609 1024 3680 σπερμάτων
1055 3612 1178 3673 τοὺς
1217 3613 1464 3680 καρποὺς
1495 3609 1826 3680 νομιζόμεθα
1847 3626 1862 3642 ο

289 3701 603 3774 ἀφθάρτους
647 3703 766 3772 μὲν,
809 3703 966 3774 εἴπερ
999 3701 1178 3769 ἀγαθά
1215 3704 1300 3772 εἴη
1329 3702 1423 3756 τοῦ
1456 3703 1570 3772 βίου
1601 3703 1668 3756 τά
1699 3703 1866 3773 σπέρ-

293 3811 441 3864 ματα
461 3810 475 3824 ·
518 3793 847 3864 φθαρτικους
878 3795 933 3848 δὲ
962 3795 1054 3848 καὶ
1076 3794 1370 3866 ὀλεθρίους,
1409 3797 1456 3846 εἰ
1479 3791 1702 3847 τοιαῦτα
1731 3796 1864 3865 ἡμῖν

290 3887 360 3939 τὰ
390 3883 633 3957 γεώργια
651 3887 746 3956 τῆς
775 3886 920 3956 ζωῆς
950 3882 1150 3955 ταύτης
1173 3885 1478 3953 ἐκφύσειεν.
1511 3885 1570 3937 Ὀ
1591 3885 1698 3956 γὰρ
1719 3885 1866 3938 σπεί-

292 3995 403 4050 ρων
427 3979 506 4040 είς
533 3978 592 4030 τὸ
625 3977 860 4047 πνεῦμα,
888 3978 1072 4048 φησὶν,
1097 3980 1160 4030 ἐκ
1193 3975 1285 4030 τοῦ
1319 3976 1625 4048 πνεύματος
1660 3975 1864 4047 θερίσει

289 4064 438 4136 ζωὴν
493 4065 708 4118 αἰώνιον
729 4083 742 4096 ⁸
771 4067 798 4118 ὁ
830 4065 885 4118 δὲ
920 4065 1158 4136 σπείρων
1192 4067 1272 4126 εἰς
1301 4065 1402 4136 τὴν
1437 4065 1636 4136 σάρκα,
1665 4065 1729 4116 ὲκ
1767 4066 1864 4136 τῆς

290 4159 493 4231 σαρκὸς
542 4157 746 4229 Θερίσει
795 4157 1018 4228 φθοράν.
1061 4155 1198 4209 Ἀλλ’
1239 4159 1271 4227 ἠ
1307 4146 1467 4228 ⁴’πρὸς
1510 4157 1573 4210 τὸ
1619 4159 1866 4226 κρεῖττον

287 4251 579 4322 έτοιμασία
629 4251 764 4321 μόνη
796 4251 1000 4321 κυρίως
1034 4249 1350 4321 παρασκευὴ
1383 4247 1706 4320 ὀνομάζεται
1726 4267 1740 4280 ο
1771 4250 1866 4303 καὶ

290 4342 548 4414 κυροῦται
583 4343 646 4413 δή
679 4342 838 4396 ποθεν
868 4342 944 4413 τῷ
971 4343 1138 4414 νόμῳ,
1163 4337 1230 4415 ἦς
1251 4343 1312 4394 τὸ
1339 4342 1623 4405 ἀπόθετον,
1655 4343 1866 4412 ἀφθαρ-

293 4431 384 4482 σία
413 4429 546 4484 ἐστί.
583 4432 656 4483 T6
685 4430 741 4484 δὲ
765 4431 828 4484 ἐκ
853 4431 946 4483 τοῦ
979 4431 1222 4484 ἐναντίου
1255 4429 1565 4500 νοούμενον,
1601 4431 1662 4484 οὐ
1686 4427 1863 4501 παρα-

291 4521 514 4591 σκευὴν,
571 4521 686 4575 ἀλλ’
721 4521 994 4574 ἔκπτωσιν
1031 4523 1382 4592 παρασκευῆς
1417 4521 1723 4591 ὀνομάσειε.
1775 4521 1864 4574 Διὸ
1897 4541 1942 4599 ο

292 4613 462 4682 μόνην
520 4611 616 4683 τὴν
662 4613 794 4683 πρὸς
833 4612 892 4666 τὸ
935 4615 1180 4683 κρεῖττον
1213 4611 1654 4683 κατορθουμένην
1688 4626 1866 4680 παρα-

290 4704 491 4774 σκευὴν
514 4703 794 4774 νομοθετεῖ
819 4705 931 4768 τοῖς
979 4702 1284 4774 ἀνθρώποις
1302 4705 1336 4773 ἡ
1375 4703 1604 4772 ἱστορία,
1637 4701 1697 4755 τὸ
1725 4704 1871 4754 ὲναν-

285 4795 405 4848 τίον
431 4795 520 4848 διὰ
545 4796 643 4866 τῆς
677 4795 1052 4866 παραλείψεως
1066 4798 1206 4848 νοεῖν
1224 4797 1333 4858 τοῖς
1355 4796 1593 4855 συνετοῖς
1614 4791 1868 4846 καταλεί-

287 4902 486 4940 πουσα.
511 4885 774 4954 Καθάπερ
795 4885 852 4938 δὲ
879 4886 936 4937 ὲν
958 4887 1069 4946 τοῖς
1091 4885 1497 4954 στρατιωτικοῖς
1527 4882 1864 4949 καταλόγοις,

288 4978 554 5052 πρότερον
573 4976 783 5048 πορίζει
801 4977 862 5030 τὸ
891 4977 1198 5047 σιτηρέσιον
1228 4976 1256 5027 ὁ
1277 4975 1378 5046 τῆς
1401 4974 1686 5047 στρατείας
1711 4973 1869 5044 ἡγού-

290 5087 473 5142 μενος,
535 5065 634 5120 εἷθ’
667 5067 808 5122 οὕτω
851 5067 1034 5120 δίδωσι
1079 5067 1172 5120 τοῦ
1215 5066 1450 5137 πολέμου
1486 5065 1548 5118 τὸ
1574 5065 1824 5135 σύνθημα
1849 5081 1862 5095 ο

287 5157 380 5210 τὸν
401 5155 558 5209 αὑτὸν
589 5155 803 5226 τρόπον’
822 5156 916 5208 καὶ
948 5157 996 5208 oi
1047 5156 1146 5226 τῆς
1177 5155 1375 5226 ἀρετῆς
1427 5153 1754 5225 στρατιῶται
1807 5153 1866 5206 τὸ

290 5247 553 5320 μυστικὸν
575 5246 854 5316 δεξάμενοι
891 5245 1216 5316 σιτηρέσιον,
1244 5245 1385 5298 οὕτω
1405 5246 1546 5299 κατά
1573 5245 1680 5298 τῶν
1716 5245 1866 5298 ἀλλο-

288 5340 470 5410 φύλων
517 5339 720 5394 κινοῦσι
769 5339 858 5392 τὸν
913 5338 1168 5408 πόλεμον,
1225 5338 1422 5409 ’ῐησοῦ“
1447 5337 1540 5390 τοῦ
1586 5336 1865 5400 Μωῢσέως

288 5431 532 5502 διαδόχου
590 5430 1001 5501 καθηγουμένου
1055 5432 1155 5500 τῆς
1206 5431 1406 5502 μάχης.
1459 5431 1624 5501 Ὁρᾷς
1651 5430 1717 5483 δι’
1747 5429 1866 5493 οἵας

289 5523 534 5591 πρόεισιν
555 5521 873 5585 ἀκολουθίας
889 5524 914 5574 6
931 5522 1118 5590 λόγοςς
1142 5523 1286 5586 Ἕως
1313 5520 1697 5592 ἀσθενέστερός
1719 5522 1865 5576 ἐστιν

288 5615 315 5667 5
361 5613 648 5684 ἄνθρωπος
681 5615 742 5684 τῇ
777 5614 987 5684 πονηρᾷ
1036 5613 1308 5684 τυραννίδι
1360 5611 1767 5682 κεκακωμένος,
1796 5612 1864 5665 δι’

289 5705 492 5778 ἑαυτοῦ,
513 5704 602 5757 τὸν
635 5705 827 5775 ἐχθρὸν
860 5706 960 5758 οὐκ
988 5705 1286 5776 ἀμύνεται’
1326 5706 1450 5760 οὐδὲ
1488 5703 1596 5778 γὰρ
1619 5703 1862 5759 δύναται.

299 5797 436 5852 Ἀλλ’
463 5795 650 5868 ἕτερός
681 5797 830 5852 ἐστιν
861 5797 888 5850 ό
915 5797 1021 5850 τῶν
1052 5797 1420 5852 ἀσθενούντων
1453 5795 1808 5868 ὑπερμαχῶν,
1838 5799 1866 5850 6

1967 1965 2022 2018 in
2083 1965 2335 2034 sequenti
2397 1967 2526 2032 die,
2559 1967 2613 2022 in
2667 1967 2856 2024 futuro
2910 1969 3164 2025 videlicet
3209 1971 3434 2036 sarculo,
3484 1971 3540 2026 in

1967 2069 2182 2110 vermes
2205 2057 2470 2112 adversus
2492 2073 2588 2114 eos
2617 2061 2708 2130 qui
2739 2071 3160 2129 eonservarunt,
3186 2065 3536 2120 commutari.

1968 2141 2045 2196 Ita
2079 2158 2176 2212 per
2207 2144 2354 2200 hunc
2391 2150 2626 2202 vermem
2663 2150 2817 2204 illum
2864 2165 2966 2220 ego
3015 2152 3377 2208 immortalem
3417 2169 3540 2208 ver-

1970 2241 2110 2286 mem
2145 2235 2409 2306 intelligo,
2443 2237 2534 2306 qui
2567 2239 2687 2309 plus
2723 2239 2957 2295 habendi
3009 2242 3312 2311 cupiditate
3363 2243 3542 2298 viviﬁ-

1969 2331 2148 2378 catur.
2197 2325 2292 2380 Die
2349 2336 2530 2382 autem
2580 2331 2792 2384 sabbati
2843 2333 3020 2386 solum
3075 2333 3330 2402 illaesum,
3392 2336 3540 2406 quod

1970 2413 2372 2484 deponebatur,
2422 2421 2796 2488 permanebat.
2836 2421 2951 2488 Qua
3011 2439 3079 2477 ex
3143 2439 3204 2480 re
3247 2433 3382 2480 tunc
3438 2427 3541 2482 hac

1970 2503 2278 2576 deponendi
2331 2510 2707 2580 superﬂuitate
2757 2515 2985 2582 provida
3042 2525 3225 2572 mente
3277 2518 3539 2572 utendum

1970 2594 2252 2660 docemur,
2283 2601 2506 2670 quando
2543 2602 2722 2670 ipsum
2757 2603 3069 2673 depositum
3126 2607 3538 2676 corruptionem

1967 2688 2077 2758 pati
2107 2703 2216 2742 non
2247 2699 2448 2758 potest.
2485 2691 2540 2746 Id
2574 2695 2718 2748 enim
2749 2704 2876 2764 post
2909 2696 3073 2766 hujus
3129 2697 3251 2750 vita;
3286 2711 3544 2766 par-asce—

1965 2792 2066 2833 ven
2099 2779 2155 2832 in
2189 2781 2392 2848 quiete,
2418 2798 2541 2852 qua:
2583 2793 2706 2856 post
2750 2794 2978 2841 inertem
3026 2793 3131 2852 est,
3181 2787 3538 2842 utilissimum

1964 2869 2105 2923 erit:
2171 2871 2286 2928 dies
2320 2888 2555 2943 namque
2594 2885 2720 2931 ante
2776 2878 3088 2942 sabbatum,
3123 2895 3434 2950 parasceve,
3485 2880 3541 2935 id

1963 2967 2068 3022 est,
2096 2965 2421 3033 praeparatio
2451 2966 2517 3020 ad
2551 2967 2872 3032 Sabbatum,
2903 2977 2955 3023 et
3003 2979 3087 3025 est
3120 2978 3173 3024 et
3203 2971 3529 3040 appellatur.

2043 3049 2166 3105 Haec
2215 3069 2346 3108 vero
2401 3059 2818 3132 pra‘parationis
2867 3061 3005 3120 dies,
3040 3059 3154 3114 haec
3203 3061 3312 3115 vita
3343 3068 3446 3123 est,
3481 3059 3536 3114 in

1919 3216 1931 3234 ι
1969 3159 2076 3213 qua
2132 3160 2504 3216 praaparamus
2557 3165 2678 3219 quae
2729 3152 2795 3205 ad
2855 3150 3090 3206 [lituram
3153 3155 3318 3206 vitam
3377 3153 3541 3206 nobis

1970 3246 2170 3305 praesto
2217 3245 2399 3292 erunt.
2431 3237 2566 3294 Nam
2623 3241 2676 3294 in
2718 3241 2807 3294 illa
2854 3257 2962 3296 non
3019 3243 3378 3312 agricultura,
3429 3259 3538 3298 non

1969 3335 2300 3394 mercatura,
2339 3344 2448 3384 non
2492 3331 2704 3398 militia,
2736 3347 2844 3387 non
2873 3333 3168 3403 quidquam
3200 3335 3394 3388 horum
3418 3349 3541 3404 quae

1969 3416 2058 3472 hic
2111 3416 2371 3485 facimus,
2421 3422 2584 3477 nobis
2640 3424 3024 3492 concedetur;
3089 3425 3182 3480 sed
3241 3427 3300 3480 in
3353 3427 3542 3498 quiete

1969 3511 2212 3564 omnium
2240 3526 2361 3582 quae
2384 3513 2473 3567 hic
2496 3513 2729 3584 agimus,
2756 3529 2819 3570 ac
2843 3517 3153 3572 cessatione
3175 3518 3538 3581 versabimur,

1969 3599 2182 3657 fructus
2238 3603 2509 3658 duntaxat
2562 3621 2790 3677 operum
2835 3623 2958 3677 qua:
3006 3609 3097 3664 hic
3145 3609 3541 3664 seminavimus

1967 3693 2289 3763 colligentes
2319 3713 2334 3761 ;
2375 3695 2586 3752 fructus
2626 3699 2963 3754 immortales
3000 3699 3254 3768 quidem,
3293 3701 3340 3756 si
3375 3699 3540 3770 hujus

1968 3783 2093 3837 vita:
2117 3785 2328 3838 semina
2361 3787 2503 3840 bona
2551 3796 2749 3844 erant:
2787 3789 3016 3845 lethales
3053 3797 3233 3844 autem
3269 3805 3330 3844 ae
3361 3793 3542 3860 perni-

1968 3875 2176 3939 ciosos,
2211 3877 2259 3932 si
2291 3877 2561 3947 ejusmodi
2596 3879 2805 3936 semina
2836 3881 2962 3934 vitae
2992 3881 3158 3950 hujus
3204 3883 3318 3949 agri
3353 3891 3540 3950 protu—

1969 3968 2154 4022 lerint.
2189 3968 2322 4023 Nam
2353 3971 2446 4038 qui
2491 3971 2546 4025 in
2586 3971 2780 4042 spiritu
2836 3973 3090 4036 seminat,
3142 3973 3337 4040 inquit,
3374 3971 3538 4024 vitam

1967 4071 2222 4115 aeternam
2263 4077 2327 4116 ex
2368 4063 2566 4132 spiritu
2618 4071 2822 4129 metet;
2859 4065 2953 4132 qui
2999 4065 3053 4116 in
3086 4078 3251 4117 carne
3285 4063 3535 4128 seminat,
3583 4113 3589 4119 .

1968 4153 2378 4220 corruptionem
2427 4162 2593 4208 metet
2643 4169 2710 4208 ex
2755 4170 2940 4210 carne.
2989 4153 3324 4224 Praeparatio
3373 4153 3540 4223 igitur

1968 4260 2091 4314 quae
2119 4245 2185 4298 ad
2217 4247 2415 4300 melius
2439 4255 2544 4311 est,
2571 4247 2686 4300 sola
2717 4247 2938 4316 proprie
2965 4261 3260 4316 paraseeve
3293 4247 3543 4300 nomina-

1967 4342 2058 4389 tur
2089 4353 2098 4388 :
2135 4345 2188 4390 et
2235 4337 2307 4390 ita
2343 4352 2540 4391 nomen
2574 4337 2696 4406 ejus
2745 4351 2776 4390 a
2826 4338 2943 4406 lege
2977 4337 3350 4402 constituitur,
3382 4334 3541 4404 dujus

1967 4427 2274 4496 depositum
2314 4428 2656 4498 incorruptio
2695 4437 2800 4484 est.
2835 4427 2890 4483 Si
2923 4429 3048 4498 quis
3087 4437 3269 4482 autem
3299 4431 3352 4482 in
3385 4430 3540 4498 pejus

1969 4517 2212 4587 deponit,
2244 4533 2346 4572 nec
2372 4527 2478 4582 est,
2511 4534 2612 4573 nec
2636 4519 2840 4574 dicitur
2866 4520 3193 4590 praeparatio
3223 4537 3236 4573 :
3270 4519 3538 4573 honorum

1967 4609 2112 4662 enim
2146 4609 2504 4678 privationem
2539 4611 2723 4665 nullus
2766 4611 2892 4681 jure
2931 4613 3407 4681 praeparationem,
3443 4611 3541 4666 sed

1967 4701 2388 4770 praeparationis
2417 4701 2690 4767 jarlura'u
2733 4705 3093 4774 nuncupabit.
3127 4705 3336 4760 Idcirco
3365 4707 3539 4761 solam

1968 4793 2034 4847 ad
2069 4793 2270 4847 melius
2302 4795 2754 4863 praparationem
2784 4795 3015 4851 historia
3044 4798 3204 4853 nobis
3228 4799 3538 4868 proposuit,

1967 4883 2305 4935 contrarium
2354 4884 2476 4951 ejus
2529 4884 2828 4953 inquirenti
2867 4886 3166 4955 prudenter
3197 4888 3538 4956 relinquens.

1970 4969 2171 5026 Verum
2203 4975 2660 5042 quemadmodum
2707 4991 2832 5031 cum
2881 4978 3233 5048 conscriptus
3261 4979 3538 5033 exercitus

1971 5063 2150 5128 fuerit,
2207 5066 2444 5134 primum
2495 5078 2858 5122 commeatum
2903 5078 3060 5140 parat
3105 5071 3382 5126 exercitus
3403 5070 3536 5136 dux,

1967 5171 2030 5210 ac
2054 5157 2252 5212 deinde
2283 5159 2406 5213 belli
2439 5160 2532 5212 dat
2569 5168 2830 5216 tesseram
2862 5181 2874 5216 :
2905 5163 3096 5217 eodem
3129 5161 3294 5216 modo
3317 5169 3538 5230 quoque

1947 5248 2186 5303 virtutis
2243 5250 2444 5305 milites
2505 5253 2743 5320 primum
2811 5256 3102 5324 mysticum
3163 5259 3534 5306 commeatum

1968 5339 2266 5408 accipiunt,
2282 5349 2337 5394 et
2362 5343 2440 5396 sic
2465 5343 2734 5398 adversus
2757 5343 3091 5414 alienigenas
3107 5351 3328 5401 exeunt,
3349 5341 3536 5395 Jesum

1967 5435 2059 5501 qui
2089 5432 2258 5506 Moysi
2287 5435 2558 5489 successit
2579 5435 2774 5490 ducem
2817 5435 3176 5503 possidentes.
3213 5433 3378 5489 Vides
3423 5448 3536 5503 qua

1966 5529 2110 5580 serie
2162 5527 2392 5580 historia
2445 5527 2734 5595 procedit?
2793 5526 2946 5580 vides
3009 5526 3283 5595 quomodo
3347 5535 3540 5580 nostro

1967 5625 2166 5671 cunt-ta
2201 5619 2485 5686 preposito
2516 5619 2870 5688 congruunt?
2899 5616 3198 5686 Quousque
3248 5617 3538 5674 imbecillis

1969 5707 2134 5760 homo
2196 5707 2250 5759 in
2305 5705 2411 5759 [ide
2468 5713 2554 5760 est
2619 5706 2931 5774 perniciosa
2991 5704 3207 5774 tyranni
3273 5705 3540 5760 servitute

1969 5814 2285 5869 oppressus,
2321 5814 2426 5851 non
2459 5797 2574 5864 ipso
2599 5812 2658 5852 se
2688 5797 2756 5850 ab
2783 5797 2938 5852 hoste
2971 5807 3180 5852 tutatur
3209 5817 3222 5852 :
3259 5813 3360 5854 nec
3387 5799 3536 5853 enim

3019 5935 3052 5968 ν
