3888 6360
418 281 524 341 ΖἾ

1685 304 1746 362 S.
1786 306 2112 365 GREGORII
2151 312 2442 371 NYSSENI

3570 330 3677 390 373

422 405 602 513 potest
629 419 642 454 :
678 401 771 457 sed
805 404 900 474 qui
924 419 1141 479 semper
1174 409 1407 470 infirmis
1436 414 1614 482 adest,
1647 420 1741 490 qui
1775 423 1985 480 crebris

2091 431 2211 493 ταῖς
2236 431 2554 504 ἐπαλλήλοις
2583 434 2820 507 πληγαῖς
2848 436 2938 493 τὸν
2968 439 3228 513 πολέμιον
3246 440 3486 498 τύπτων.
3507 445 3678 502 Ἐπάν

418 490 634 546 hostem
669 507 734 549 ac
765 497 980 565 magnis
1035 499 1358 560 vulneribus
1419 513 1601 576 potest
1647 509 1894 578 fundere,
1946 514 1994 570 is

421 596 522 651 pro
582 586 700 640 suis
748 594 975 657 pugnat,
1029 589 1080 646 is
1141 591 1355 648 hostem
1401 597 1725 672 submergit,
1762 603 1808 660 is
1863 619 1995 662 suos

419 672 683 728 defendit.
714 675 851 730 Cum
883 692 1016 734 vero
1064 681 1122 736 in
1175 682 1478 742 libertatem
1533 689 1648 758 jam
1690 693 1996 750 vindicatus

419 763 584 819 homo
625 766 720 856 sit,
753 781 879 822 cum
934 770 1084 840 ligno
1128 787 1316 828 amara
1354 777 1408 831 in
1447 777 1793 838 dulcedinem
1851 802 1994 856 aqua

420 867 580 911 versa
609 855 953 916 refocillatus
975 860 1159 928 fuerit,
1189 880 1315 921 cum
1339 867 1392 922 in
1425 868 1659 926 fontium
1698 881 1755 928 et
1782 855 1992 944 palma-

418 961 540 1002 rum
575 951 892 1008 amrenitate
942 954 1300 1024 requieverit,
1335 973 1460 1014 cum
1503 962 1701 1032 lapidis
1733 966 1993 1034 mysterio

419 1039 568 1095 sitim
617 1042 914 1112 expulerit,
969 1061 1095 1102 cum
1147 1047 1385 1121 denique
1413 1053 1626 1110 caelesti
1671 1055 1796 1112 cibo
1829 1055 1994 1113 fuerit

419 1146 575 1199 usus,
613 1141 744 1190 tunc
777 1151 886 1190 non
918 1153 1018 1208 per
1051 1139 1219 1195 alium
1252 1141 1404 1212 fugat
1435 1145 1623 1204 hostes
1651 1164 1666 1201 :
1691 1129 1803 1204 sed
1832 1151 1990 1220 quasi

416 1227 511 1298 qui
535 1229 649 1299 jam
676 1245 972 1301 puerorum
999 1242 1214 1290 aetatem
1235 1243 1555 1310 excesserit,
1578 1251 1633 1297 et
1655 1243 1708 1298 in
1727 1244 1988 1314 juvenum

419 1319 590 1376 robur
615 1325 945 1393 pervenerit,
976 1326 1092 1396 ipse
1124 1343 1224 1398 pro
1256 1329 1438 1401 seipso
1478 1349 1674 1391 manus
1720 1351 1845 1391 cum
1891 1339 1990 1394 ad-

423 1415 671 1469 versario
691 1418 954 1482 conserit,
977 1419 1118 1475 duce
1134 1437 1269 1477 usus
1301 1438 1404 1478 non
1427 1424 1611 1498 Moyse
1633 1427 1728 1484 Dei
1755 1431 1989 1499 cultore,

419 1504 517 1560 sed
572 1505 695 1576 ipso
723 1507 855 1564 Deo.
909 1509 1020 1566 Lex
1067 1527 1190 1582 quae
1233 1514 1290 1569 in
1339 1517 1513 1587 figura
1561 1517 1877 1575 futurorum
1935 1531 1992 1578 et

418 1595 616 1651 umbra
641 1598 767 1656 data
799 1608 916 1664 est,
941 1603 1379 1674 inexpugnabilis
1409 1607 1466 1660 in
1499 1608 1645 1663 veris
1674 1611 1991 1666 certamini-

2098 521 2156 574 δὲ
2188 522 2288 592 τῆς
2319 523 2426 577 τῶν
2459 527 2805 596 κρατούντων
2853 528 3098 594 δουλείας
3152 532 3490 606 ἐλευθερωθῇ
3511 573 3528 598 ,
3583 537 3678 589 καὶ

2099 614 2514 688 καταγλυκανθῇ
2549 617 2629 689 τῷ
2661 618 2823 690 ξύλῳ,
2872 621 2966 674 καὶ
2997 623 3058 676 ὲν
3100 623 3168 693 τῇ
3211 624 3471 692 φοινίκων
3501 643 3675 680 κατα-

2097 705 2251 774 γωγῇ
2280 703 2372 757 τὸν
2410 705 2577 759 κόπον
2614 707 2925 780 ἀναπαύσῃ,
2964 709 3060 764 καὶ
3091 711 3152 763 τὸ
3182 712 3282 782 τῆς
3306 712 3513 784 πέτρας
3559 713 3674 784 γνῷ

2098 795 2418 866 μυστήριον,
2462 797 2556 850 καὶ
2581 798 2679 868 τῆς
2714 799 2964 871 οὐρανίου
2994 803 3242 874 μετάσχῃ
3271 805 3478 874 τροφῆς
3507 823 3522 837 ο
3550 807 3671 858 τότε

2095 884 2280 939 οὐκέτι
2304 886 2372 939 δι’
2394 887 2585 959 ἐτέρας
2618 890 2799 961 χειρὸς
2820 891 3085 961 ἀμύνεται
3112 894 3204 948 τὸν
3233 896 3492 967 πολέμιον
3511 913 3526 927 ·
3552 897 3671 950 ἀλλ’

2095 974 2170 1039 ὡς
2197 975 2367 1038 ἐκϐὰς
2393 976 2493 1048 ήδη
2509 977 2607 1047 τὴν
2621 976 2714 1030 τοῦ
2743 978 2933 1044 παιδὸς
2956 980 3192 1052 ἠλικίαν,
3222 983 3315 1037 καὶ
3342 984 3670 1039 καταλαϐὼν

2093 1065 2194 1138 τὴν
2222 1067 2406 1138 ἀκμὴν
2442 1069 2543 1138 τῆς
2568 1069 2838 1141 νεότητος,
2860 1073 3020 1137 αὐτὸς
3046 1074 3112 1126 δι’
3144 1075 3338 1128 ἐαυτοῦ
3371 1078 3483 1139 τοῖς
3515 1078 3663 1129 ἐνανο

2095 1157 2233 1222 τίοις
2253 1158 2646 1229 συμπλέκεται,
2663 1163 2953 1235 στρατηγῷ
2976 1163 3276 1236 χρώμενος,
3299 1167 3482 1220 ούκέτι
3505 1169 3668 1222 Μωῦ-

2096 1252 2182 1302 σεϊ
2209 1248 2286 1320 τῷ
2341 1251 2629 1323 θεράποντι
2653 1253 2746 1306 τοῦ
2795 1255 2952 1320 Θεοῦ,
3001 1257 3118 1311 ἀλλ’
3152 1256 3299 1328 αύτῷ
3327 1257 3406 1327 τῷ
3434 1258 3576 1329 Θεῷ,
3603 1252 3669 1314 οὗ

2094 1340 2334 1412 Μωῦσῆς
2381 1341 2636 1410 θεράπων
2676 1344 2913 1412 ἐγένετο.
2957 1346 3016 1399 Ὀ
3055 1346 3162 1416 γάρ
3188 1347 3248 1412 ἐξ
3283 1348 3458 1419 ἀρχῆς
3489 1348 3668 1414 δοθεὶς

2092 1432 2151 1485 ἐν
2173 1431 2329 1503 τύπῳ
2358 1433 2453 1488 καὶ
2488 1436 2614 1505 σκιᾷ
2628 1436 2736 1488 τῶν
2764 1437 3062 1507 μελλόντων
3084 1440 3266 1509 νόμος,
3296 1441 3354 1492 ἐν
3387 1442 3496 1504 τοῖς
3529 1440 3668 1511 ἀλη-

2094 1523 2258 1588 θινοῖς
2279 1525 2485 1594 ἀγῶσιν
2513 1527 2796 1598 ἀπόμαχος
2836 1530 3006 1600 μένει,
3043 1533 3340 1602 στρατηγεῖ
3382 1531 3438 1583 δὲ
3467 1533 3496 1585 ό
3523 1532 3666 1602 πλη-

2095 1616 2272 1687 ρωτὴς
2319 1615 2412 1670 τοί
2444 1619 2630 1689 νόμου,
2665 1620 2757 1673 καὶ
2785 1621 3062 1683 Μωῦσέως
3107 1620 3367 1690 διάδοχος,
3396 1624 3424 1675 6
3443 1623 3532 1676 διά
3562 1622 3668 1692 τῆς

416 1686 523 1744 bus
549 1697 656 1754 est,
693 1691 748 1746 in
771 1693 975 1763 quibus
1005 1696 1113 1750 dux
1137 1705 1242 1762 est,
1271 1699 1363 1769 qui
1390 1699 1561 1772 Moysi
1583 1703 1870 1771 successit,
1895 1706 1985 1774 qui

2093 1686 2414 1774 ὁμωνυμίας
2450 1686 2543 1759 τού
2572 1707 2693 1760 τότε
2735 1708 3164 1779 στρατηγοῦντος
3213 1686 3666 1782 προκηρυσσόμε-

418 1780 592 1852 legem
630 1782 962 1855 adimplevit,
1012 1789 1105 1858 qui
1138 1790 1221 1845 vel
1257 1791 1483 1847 nomine
1536 1793 1656 1863 ipso
1685 1794 1842 1850 ducis
1881 1795 1985 1851 lle-

2089 1813 2195 1860 νος.
2247 1797 2307 1850 '0
2337 1796 2394 1850 δὲ
2426 1797 2572 1863 λαὸς,
2606 1801 2655 1852 εί
2683 1801 2780 1872 μὲν
2818 1800 3131 1872 ἐπηρμένας
3158 1780 3342 1870 βλέποι
3377 1780 3472 1856 τοῦ
3509 1780 3667 1874 νομο-

418 1870 692 1928 braeorum
719 1877 893 1931 multo
916 1885 1046 1934 ante
1066 1880 1395 1950 praedicatus
1418 1893 1523 1940 est.
1548 1883 1790 1955 Populus
1806 1895 1985 1942 autem

2089 1887 2244 1940 θέτου
2284 1889 2384 1953 τὰς
2437 1892 2644 1960 χεῖρας,
2681 1870 2980 1962 ύπέρτερος
3007 1890 3101 1944 τοῦ
3161 1891 3358 1964 ἐχθροῦ
3395 1892 3537 1946 κατά
3565 1870 3664 1964 τὴν

417 1963 688 2034 siquidem
712 1968 951 2025 elevatas
975 1969 1302 2041 legislatoris
1331 1989 1528 2031 manus
1552 1976 1797 2046 respicit,
1819 1978 1985 2033 vincit

2088 1979 2392 2053 παράταξιν
2442 1981 2675 2050 γίνεται.
2700 1984 2760 2035 Ei
2801 1981 2856 2036 δὲ
2881 1983 3232 2054 καθειμένας,
3267 1963 3529 2037 ἐνδίδωσι.
3555 1963 3664 2055 Ση-

419 2052 580 2110 facile
607 2055 798 2114 hostes
824 2077 838 2114 :
869 2059 958 2116 sin
989 2077 1119 2118 vero
1150 2063 1464 2134 depressas,
1514 2069 1660 2124 cedit
1713 2069 1985 2126 hostibus.

2088 2052 2322 2126 ιαίνειδὲ
2354 2070 2416 2123 τὸ
2443 2071 2545 2141 μὲν
2573 2073 2631 2123 ἐν
2648 2069 2772 2140 ὕψει
2798 2072 2896 2136 τάς
2920 2052 3108 2145 χεῖρας
3125 2074 3473 2146 ὲπαίρειντὸν
3487 2052 3660 2130 Μωδ-

419 2145 706 2218 Signiﬁcat
743 2161 924 2206 autem
953 2168 1214 2209 manuum
1239 2155 1414 2228 Moysi
1444 2158 1497 2212 in
1529 2158 1696 2214 altqu
1727 2161 1985 2227 sublatio,

2088 2160 2196 2227 τέα,
2229 2158 2330 2231 τὴν
2354 2158 2443 2212 διὰ
2468 2158 2576 2212 τῶν
2604 2160 2952 2232 ὑψηλοτάτων
2984 2165 3273 2234 νοημάτων
3305 2165 3539 2236 θεωρίαν
3563 2165 3661 2220 τοῦ

416 2235 554 2308 legis
592 2238 648 2293 in
678 2239 979 2298 altissimos
1016 2259 1215 2301 sensus
1256 2249 1820 2304 accommodationem
1847 2267 1862 2309 :
1892 2251 1985 2306 de-

2088 2252 2238 2323 νόμου
2262 2267 2276 2283 ⁸
2301 2253 2366 2306 τὸ
2387 2252 2444 2305 δὲ
2473 2254 2554 2316 εἰς
2574 2253 2675 2324 τὴν
2707 2254 2810 2324 γῆν
2841 2256 3159 2324 ὲπικλίνειν,
3183 2257 3282 2329 τὴν
3314 2235 3580 2330 ταπεινήν
3601 2275 3662 2312 τε

417 2327 628 2392 missio,
658 2328 940 2397 humilem,
963 2341 1260 2402 terrenam,
1285 2337 1683 2408 litteralemque
1704 2339 1839 2409 legis
1862 2356 1986 2395 cum

414 2416 816 2485 expositionem
909 2427 1025 2475 tum
1104 2424 1569 2482 observationem.
1655 2429 1812 2494 Quod
1859 2444 1988 2485 vero

416 2507 675 2564 sacerdos
702 2524 896 2579 graves
923 2512 1092 2585 Moysi
1116 2529 1312 2573 manus
1343 2519 1604 2583 sustinet,
1626 2519 1833 2575 auxilio
1854 2537 1988 2578 usus

415 2599 744 2667 cognatione
797 2601 899 2657 sibi
940 2603 1264 2674 conjuncti,
1325 2622 1504 2677 neque
1559 2609 1796 2664 alienum
1845 2619 1986 2668 esta

413 2699 579 2743 sensu
611 2689 807 2746 altiore
838 2707 1002 2761 quem
1038 2694 1345 2763 sequimur.
1381 2694 1581 2752 Verum
1625 2700 1769 2753 enim
1801 2714 1986 2756 sacer-

411 2774 618 2832 dotium
653 2795 750 2850 per
779 2783 1131 2853 conjnnetum
1163 2787 1268 2843 sibi
1320 2785 1414 2843 Dei
1461 2789 1712 2856 verbum,
1761 2807 1984 2847 sensum

415 2866 552 2938 legis
578 2868 782 2926 duritie
810 2870 1026 2928 Judaici
1055 2875 1242 2932 cordis
1292 2877 1346 2930 in
1379 2886 1582 2933 terram
1626 2881 1897 2949 deiectum
1928 2883 1985 2936 in

412 2959 586 3012 altum
624 2975 816 3016 rursus
847 2964 1079 3029 reducit,
1114 2975 1169 3021 et
1212 2983 1281 3022 ne
1312 2967 1539 3023 omnino
1590 2971 1773 3034 cadat,
1810 2972 1987 3042 lapide

410 3059 706 3118 sustentat,
754 3061 814 3108 ut
879 3057 1081 3110 rectior
1134 3073 1229 3127 per
1275 3060 1653 3117 eXtensionem
1720 3078 1982 3118 manuum

2070 2345 2166 2400 καὶ
2190 2343 2534 2415 χαμαίζηλον
2573 2344 2713 2398 κατὰ
2739 2345 2800 2398 τὸ
2826 2348 3059 2418 γράμμα
3079 2348 3174 2402 τοῦ
3206 2348 3372 2420 νόμου
3398 2349 3662 2421 ἐξήγησίν

2070 2453 2132 2489 τε
2168 2435 2264 2490 καὶ
2295 2438 2702 2508 παρατήρησιν.
2742 2435 3046 2510 ’Υπερείδει
3073 2441 3131 2494 δὲ
3179 2440 3539 2511 βαρυνθείσας
3563 2441 3660 2494 τοῦ

2084 2527 2364 2590 Μωῦσέως
2396 2529 2497 2592 τάς
2548 2531 2736 2599 χεῖρας
2773 2527 2802 2580 ό
2851 2526 3031 2598 ἱερεὺς
3081 2522 3325 2596 συνεργῷ
3373 2521 3659 2594 χρώμενος

2083 2619 2160 2690 τῷ
2182 2620 2510 2690 ᾠκειωμένῳ
2565 2618 2702 2672 κατά
2747 2617 2809 2671 τὸ
2866 2617 3034 2685 γένος.
3070 2616 3203 2669 οὐδὲ
3236 2614 3396 2668 τοῦτο
3427 2613 3526 2682 τῆς
3547 2611 3659 2664 τῶν

2085 2710 2468 2783 θεωρηθέντων
2497 2710 2814 2774 ἀκολουθίας
2843 2710 2988 2763 ἐστὶν
3013 2709 3186 2772 ἐκτός.
3233 2709 3296 2760 Ἦ
3313 2706 3421 2778 γάρ
3450 2704 3658 2776 ἀληθὴς

2085 2804 2350 2875 ίερωσύνη
2385 2803 2472 2856 διὰ
2497 2802 2590 2856 τοῦ
2646 2801 2988 2872 συνημμένου
3030 2801 3167 2868 αὑτῇ
3197 2797 3356 2866 λόγου
3388 2796 3533 2849 θείου
3558 2793 3658 2856 τὰς

2084 2900 2141 2951 ἐν
2171 2897 2433 2968 βαρύτητι
2479 2896 2574 2966 τῆς
2629 2892 2925 2961 Ἰουδαϊκῆς
2973 2890 3207 2952 διανοίας
3231 2890 3309 2951 είς
3339 2888 3441 2957 γῆν
3465 2887 3658 2956 ἐρριμ-

2087 2988 2257 3058 μένας
2279 2986 2558 3057 ἐνεργείας
2587 2983 2682 3037 τοῦ
2719 2984 2884 3052 νόμου
2920 2981 3080 3034 πάλιν
3111 2980 3296 3045 ἀνάγει
3335 2977 3486 3040 εἱςτὸ
3502 2977 3655 3046 ὕψος,

2087 3078 2181 3132 καὶ
2200 3077 2464 3131 πίπτοντα
2488 3076 2578 3130 τὸν
2611 3075 2772 3145 νόμον
2794 3076 2873 3136 είς
2900 3073 3090 3140 ἔδαφος
3110 3068 3380 3140 ὑπερείδει
3406 3066 3484 3137 τῷ
3504 3067 3657 3136 λίθῳ,

409 3145 742 3213 consistens,
773 3164 999 3204 sensum
1035 3151 1338 3219 spiritalem
1371 3166 1530 3206 suum
1561 3152 1982 3222 respicientibus

2089 3167 2231 3221 ὥστε
2289 3167 2450 3220 αὑτὸν
2499 3163 2779 3219 ἀνεστῶτα
2809 3161 2887 3235 τῷ
2932 3165 3169 3232 σχήματι
3193 3159 3292 3230 τῆς
3320 3159 3427 3211 τῶν
3459 3156 3658 3228 χειρῶν

409 3237 685 3294 ostendat.
744 3238 878 3293 Nam
932 3256 1060 3297 vere
1103 3243 1193 3306 iis,
1219 3243 1315 3313 qui
1365 3243 1422 3298 in
1475 3244 1648 3316 legem
1709 3247 1988 3316 respicere

409 3338 661 3399 possunt,
715 3333 899 3387 crucis
932 3334 1255 3404 mysterium
1287 3337 1527 3407 undique
1562 3336 1676 3392 fere
1721 3345 1892 3407 patet,
1927 3347 1986 3392 nt

409 3420 762 3492 Evangelium
800 3440 1020 3496 quoque
1070 3426 1204 3482 dicit
1222 3426 1417 3493 “,iota
1438 3435 1493 3485 et
1526 3417 1734 3500 apicem
1791 3446 1822 3484 a
1869 3433 1986 3502 lege

409 3528 520 3567 non
554 3517 853 3584 praeterire,
911 3525 1282 3574 transversam
1339 3519 1540 3575 lineam
1596 3529 1650 3575 et
1688 3523 1982 3591 perpendi-

407 3606 650 3662 cularetn
677 3622 742 3662 ac
763 3618 989 3675 rectam,
1019 3611 1219 3680 quibus
1235 3611 1406 3682 ﬁgura
1423 3613 1606 3669 crucis
1627 3613 1982 3681 describitur,

407 3713 506 3768 per
535 3698 643 3754 iota
689 3707 744 3755 et
775 3701 984 3770 apicem
1043 3703 1360 3758 ostendens.
1417 3705 1551 3771 Quae
1580 3721 1669 3762 res
1702 3707 1757 3762 in
1801 3707 1985 3779 Moyse

408 3799 540 3845 tunc
590 3801 912 3862 conspecta,
940 3794 1032 3864 qtti
1067 3809 1166 3864 pro
1213 3795 1330 3866 lege
1377 3796 1496 3868 ipsa
1533 3800 1775 3867 ponitur,
1807 3799 1986 3856 victo-

404 3881 544 3938 riam
574 3885 994 3955 respicientibus
1023 3887 1275 3957 praebuit.

480 4158 590 4215 Sed
647 4160 851 4243 iterum
906 4161 1188 4216 continuis
1245 4163 1730 4233 progressionibus
1794 4177 1982 4221 nostra

2089 3257 2383 3320 ἐκτάσεως,
2418 3257 2508 3309 τὸν
2547 3254 2739 3308 ἐαυτοῦ
2775 3253 2972 3307 σκοπὸν
3003 3249 3373 3305 ὑποδεικνύειν
3403 3251 3514 3312 τοῖς
3540 3248 3660 3319 βλέ-

2089 3366 2302 3404 πουσιν.
2343 3347 2583 3418 Ἀληθῶς
2614 3347 2722 3419 γὰρ
2748 3347 2858 3410 τοῖς
2889 3343 3128 3416 καθορᾷν
3156 3342 3474 3413 δυναμένοις
3496 3343 3554 3394 ἐν
3579 3339 3657 3410 τῷ

2088 3441 2238 3511 νόμῳ
2267 3439 2500 3509 μάλιστα
2518 3439 2578 3492 τὸ
2611 3437 2751 3492 κατά
2767 3437 2856 3492 τὸν
2884 3435 3113 3506 σταυρὸν
3138 3433 3420 3505 θεωρεῖται
3456 3434 3661 3503 μυστή-

2091 3549 2223 3603 ριον.
2255 3531 2345 3585 Διό
2376 3529 2509 3602 φησί
2537 3547 2640 3582 που
2685 3529 2747 3581 τὸ
2784 3527 3135 3596 Εύαγγέλιον,
3162 3527 3244 3579 ὅτι
3273 3527 3338 3578 ἐκ
3366 3523 3460 3576 τοῦ
3490 3523 3657 3592 νόμου

2078 3625 2141 3678 τὸ
2182 3623 2314 3677 ίῶτα
2365 3624 2459 3676 καὶ
2505 3620 2702 3692 κεραία
2753 3620 2814 3673 ού
2868 3618 3235 3692 παρέρχεταιο
3275 3617 3538 3686 σημαῖνον
3570 3611 3661 3666 διά

2080 3714 2187 3768 τῶν
2209 3713 2513 3786 εἰρημένων
2558 3713 2658 3782 τήν
2685 3728 2746 3764 τε
2790 3712 2854 3763 ἐκ
2899 3710 3128 3778 πλαγίου
3149 3705 3414 3779 γραμμὴν
3435 3706 3532 3760 καὶ
3559 3705 3659 3776 τὴν

2079 3805 2323 3864 κάθετον,
2354 3804 2421 3856 δι’
2441 3800 2516 3858 ὧν
2544 3804 2605 3857 τὸ
2630 3803 2814 3874 σχῆμα
2841 3801 2934 3854 τοῦ
2967 3800 3199 3870 σταυροῦ
3224 3797 3658 3868 καταγράφεται.
3749 3839 3758 3844 ς

2085 3897 2261 3967 Ὅπερ
2290 3897 2383 3949 καὶ
2434 3897 2492 3948 ἐν
2539 3895 2618 3964 τῷ
2665 3895 2888 3950 Μωῦσεῖ
2912 3893 3033 3946 τότε
3074 3891 3424 3962 βλεπόμενον,
3458 3890 3517 3951 ὃς
3537 3888 3660 3942 ἀντὶ

2087 3986 2181 4040 τοῦ
2233 3987 2397 4057 νόμου
2440 3989 2656 4049 νοεῖται,
2687 3985 2949 4058 τροπαίου
2973 3984 3066 4038 καὶ
3114 3983 3272 4054 νίκης
3326 3983 3497 4036 αίτιον
3543 3981 3660 4042 τοῖς

2087 4078 2256 4148 ὁρῶσι
2281 4077 2382 4131 καθ
2393 4079 2623 4131 ίσταται.

2159 4170 2326 4224 Πάλιν
2360 4173 2508 4241 ἡμῖν,
2558 4169 2624 4223 δι’
2652 4165 2945 4222 ἀκολούθου
2982 4163 3124 4228 τινὸς
3157 4161 3493 4224 ἀναϐάσεως,
3520 4159 3660 4230 πρὸς

408 4264 565 4308 mens
592 4252 659 4307 ad
692 4252 1016 4307 sublimiora
1049 4254 1353 4310 extollitur.
1391 4254 1522 4310 Nam
1549 4257 1640 4326 qui
1673 4257 1799 4312 cibo
1839 4259 1978 4313 refe-

2088 4261 2157 4315 τὰ
2177 4262 2480 4334 ὑψηλότερα
2495 4263 2592 4331 τῆς
2616 4260 2817 4332 ἀρετῆς
2843 4262 2872 4312 ό
2900 4257 3056 4326 λόγος
3075 4256 3413 4349 γειραγωγεί
3543 4251 3660 4349 διάῗ

406 4352 528 4399 ctus
561 4352 665 4409 est,
696 4351 752 4401 et
792 4345 846 4400 in
880 4345 1075 4414 proelio
1119 4344 1337 4402 fortiter
1362 4363 1422 4403 se
1455 4348 1647 4418 gessit,
1687 4350 1982 4419 hostesque

405 4431 626 4501 dejecit,
661 4435 859 4490 istunc
884 4435 954 4490 ad
984 4433 1312 4491 ineffabilem
1350 4437 1443 4516 Dei
1479 4439 1850 4508 cognitionem
1885 4440 1982 4493 ad-

405 4524 650 4581 ducitur.
684 4526 850 4584 Docet
881 4529 1047 4600 igitur
1068 4546 1170 4586 nos
1191 4531 1278 4586 his
1299 4531 1826 4596 omnibushistoria,
1848 4541 1980 4602 quot

405 4629 722 4691 quantaque
764 4622 818 4676 in
861 4624 973 4679 vita
1023 4625 1262 4693 gessisse
1313 4625 1465 4679 illum
1507 4633 1780 4696 oporteat,
1827 4637 1880 4680 ut
1913 4626 1979 4679 ad

404 4711 743 4782 cognitionis
780 4713 872 4769 Dei
915 4724 1154 4771 montem
1204 4716 1504 4772 ascendere
1532 4725 1716 4772 mente
1759 4718 1978 4781 audeat,

403 4812 459 4857 et
496 4804 749 4859 tubarum
799 4820 987 4860 vocem
1034 4807 1336 4872 sustinere,
1386 4815 1548 4876 atque
1587 4807 1640 4862 in
1689 4809 1978 4877 caliginem

403 4893 643 4965 ingredi,
681 4895 774 4949 ubi
812 4894 955 4952 Deus
991 4905 1094 4957 est,
1134 4897 1428 4967 divinaque
1463 4907 1733 4968 praecepta
1780 4900 1980 4953 tabulis

403 4986 672 5054 impressa
723 4987 1050 5053 suscipere;
1092 4995 1146 5040 ct
1184 4989 1230 5042 si
1284 4988 1518 5058 alicujus
1577 4998 1800 5058 peccato
1844 5006 1978 5043 con-

403 5075 736 5146 fringantur,
775 5077 910 5132 alias
959 5092 1124 5131 manu
1172 5078 1451 5135 confectas
1497 5080 1607 5135 Deo
1648 5080 1864 5145 afferre,
1915 5097 1979 5135 ac

402 5163 499 5222 llei
541 5167 713 5237 digito
755 5183 952 5224 rursus
981 5185 1073 5224 cas
1116 5171 1170 5224 in
1220 5171 1368 5238 ipsas
1420 5172 1725 5226 litterarum
1775 5173 1980 5242 figuras

405 5260 620 5324 caelare,
653 5277 775 5331 quze
800 5262 855 5316 in
900 5263 1093 5331 primis
1119 5263 1357 5320 fuerant.
1397 5262 1505 5319 Sed
1555 5265 1754 5319 melius
1786 5275 1868 5320 est
1909 5265 1978 5319 ad

405 5348 648 5406 historiae
693 5354 944 5409 ordinem
985 5357 1347 5426 anagogicum
1389 5371 1612 5411 sensum
1662 5370 1977 5410 accommo-

405 5439 554 5496 dare.
587 5442 722 5497 Nam
747 5447 836 5515 qui
868 5448 934 5501 ad
968 5447 1189 5519 Moysen
1219 5447 1531 5516 nubemque
1563 5448 1808 5516 respicit,
1855 5449 1978 5516 qui-

406 5529 508 5584 bus
537 5532 752 5590 duobus
778 5537 845 5591 ad
876 5538 1132 5593 virtutem
1162 5539 1412 5594 homines
1436 5537 1804 5604 deducuntur,
1829 5548 1889 5594 ut
1905 5539 1976 5595 sit

480 5707 524 5738 ‘°
553 5708 742 5765 Matth.
769 5729 819 5778 ι’,
853 5715 938 5769 18.

2085 4371 2251 4408 νοιαν.
2294 4354 2352 4406 '0
2399 4353 2507 4423 γάρ
2542 4358 2636 4404 καί
2677 4350 2766 4404 διὰ
2795 4349 2896 4418 τῆς
2932 4347 3140 4418 τροφῆς
3166 4343 3523 4412 δυναμωθεὶς,
3564 4342 3660 4396 καὶ

2083 4448 2148 4516 τῇ
2185 4445 2317 4515 πρὸς
2343 4445 2467 4507 τοὺς
2487 4442 2758 4504 ἐναντίους
2776 4440 3058 4510 συμπλοκῇ
3074 4438 3170 4508 τὴν
3197 4437 3424 4505 δύναμιν
3451 4433 3655 4498 δείξας,

2085 4537 2180 4589 καὶ
2237 4535 2458 4607 κινητὴς
2508 4535 2615 4587 τῶν
2672 4530 3140 4600 ἀντιτεταγμένων
3179 4528 3492 4615 γενόμενος,
3535 4526 3657 4577 τότε

2086 4631 2418 4698 προσάγεται
2467 4631 2530 4697 τῇ
2593 4627 2890 4696 ἀπορρήτῳ
2938 4623 3120 4694 ἐκείνῃ
3149 4619 3478 4690 θεογνωσία·
3510 4617 3658 4670 διδά-

2086 4737 2304 4782 σκοντος
2341 4719 2490 4788 ἡμᾶς
2524 4717 2612 4770 διά
2644 4715 2847 4768 τούτων
2901 4711 2996 4765 τοῦ
3036 4713 3194 4780 λόγου
3220 4752 3235 4773 ,
3270 4705 3361 4762 οἷα
3409 4708 3506 4761 καὶ
3554 4708 3656 4760 ὅσα

2085 4814 2351 4882 προσήκει
2383 4807 2830 4881 προκατορθῶσαι
2851 4804 2993 4858 κατά
3013 4804 3102 4856 τὸν
3134 4801 3366 4873 βίον,ἴνα
3411 4799 3655 4872 τολμήσῃ
3681 4836 3688 4850 ι

2083 4903 2211 4956 ποτὲ
2256 4905 2320 4973 τῇ
2362 4900 2568 4971 διανοίᾳ
2594 4899 2897 4970 προσϐῆναι
2925 4895 3001 4965 τῷ
3029 4897 3127 4964 τῆς
3161 4893 3488 4960 θεογνωσίας
3515 4893 3652 4962 ὄρει,

2082 4993 2176 5046 καὶ
2228 4991 2586 5057 ὑποδέξασθαι
2627 4991 2725 5058 τὴν
2779 4987 2886 5040 τῶν
2940 4985 3254 5053 σαλπίγγων
3304 4986 3522 5052 φωνὴν,
3564 4983 3655 5035 καὶ

2081 5084 2347 5138 εἰσεβείν
2371 5084 2450 5144 εἰς
2477 5081 2566 5133 τὸν
2591 5080 2805 5148 γνόφον,
2828 5073 2886 5130 οὖ
2905 5077 3048 5128 ἔστιν
3081 5077 3109 5128 ὁ
3139 5073 3288 5136 Θεὸς,
3332 5073 3424 5125 καὶ
3454 5072 3649 5142 ἐγγρά-

2079 5177 2176 5246 ψαι
2209 5177 2324 5237 ταῖς
2357 5172 2518 5236 πλαξὶ
2541 5171 2611 5224 τὰ
2643 5172 2758 5222 θεῖα
2781 5169 3130 5239 χαράγματα,
3156 5163 3258 5217 κᾶν
3296 5161 3653 5233 συν,τριϐὦσιν

2078 5265 2237 5322 αὗται
2265 5267 2352 5318 διὰ
2375 5263 2748 5334 πλημμελείας
2765 5261 2928 5324 τινὸς,
2964 5259 3125 5312 πάλιν
3147 5257 3242 5318 τὰς
3263 5254 3653 5326 χειροτμήτους

2080 5358 2355 5412 ὑποθεῖναι
2385 5357 2462 5426 τῷ
2492 5355 2612 5424 Θεῷ
2650 5353 2882 5415 πλάκας,
2923 5351 3014 5403 καὶ
3047 5347 3381 5418 ἀναχαράξαι
3420 5344 3499 5414 τῷ
3528 5343 3656 5412 θείῳ

2079 5450 2324 5518 δακτύλῳ
2355 5448 2423 5501 τὰ
2446 5449 2503 5501 ἐν
2525 5449 2644 5508 ταῖς
2677 5443 2920 5516 πρώταις
2936 5439 3302 5512 ἀρχειωθέντα
3327 5437 3652 5508 γράμματα.

2081 5538 2297 5590 Βέλτιον
2332 5537 2374 5589 δ’
2411 5536 2475 5590 ἂν
2523 5533 2607 5592 εἴη
2639 5534 2706 5588 δι’
2733 5530 3053 5596 ἀκολούθου,
3091 5526 3231 5582 κατά
3259 5525 3356 5597 τὴν
3389 5525 3486 5596 τῆς
3515 5527 3654 5580 ioco-
