3888 6374
256 381 364 437 3Ἱὸ

1570 387 1659 443 DE
1699 387 1861 445 VITA
1901 384 2179 451 MQYSIS.

3424 384 3529 440 3N

261 499 379 570 ρίας
412 497 570 564 τάξιν
616 502 684 573 τῇ
730 502 1050 576 άναγωγικῇ
1104 501 1487 576 προσαρμόσαι
1532 504 1593 557 τὸ
1640 504 1844 576 νόημα.

1958 500 2169 572 Moyses
2196 498 2415 570 quidem
2448 514 2547 570 pro
2601 499 2720 570 lege
2762 496 3010 569 legisque
3070 498 3381 570 praeceptis,
3433 516 3538 554 nu-

270 589 523 644 Ἐπειδὰν
549 603 659 663 γαρ
683 595 712 646 ὁ
739 592 876 665 πρὸς
924 594 1015 648 τὸν
1069 594 1307 648 Μωῦσέα
1353 595 1449 649 κα)⁸
1478 593 1578 665 τὴν
1618 594 1850 665 νεφέλην

259 682 495 754 βλέπων,
540 683 615 737 δι’
643 676 720 739 ὧν
746 684 1072 757 ἀμφοτέρων
1106 685 1317 755 γίνεται
1343 686 1458 749 τοῖς
1499 687 1622 740 κατ’
1648 684 1851 757 ἀρετὴν

257 775 544 847 προϊοῦσιν
593 778 627 848 ἡ
666 775 891 847 ὁδηγία·
945 778 1032 846 εἴη
1079 777 1124 831 δ’
1175 776 1243 831 ἂν
1273 778 1331 831 ὲν
1364 774 1443 848 τῷ
1476 775 1634 849 μέρει
1675 775 1850 847 τούτῳ

256 869 503 938 Μωῢσῆς
544 865 665 939 μὲν,
714 868 786 922 τὰ
815 866 1018 939 νομικὰ
1065 866 1522 939 παραγγέλματα,
1555 867 1753 939 νεφέλη
1792 868 1850 921 δὲ

258 956 755 1030 προκαθηγουμένη
780 955 878 1011 τοῦ
904 956 1072 1028 νόμου
1097 972 1110 985 ·
1144 956 1203 1020 ὃς
1224 955 1435 1028 διανοίᾳ.
1463 954 1851 1028 κεκαθαρμένη

258 1052 318 1103 ἐν
341 1052 410 1121 τῇ
439 1048 686 1103 διαϐάσει
709 1047 804 1102 τοῦ
849 1047 1065 1112 ὓδατος,
1097 1046 1382 1119 νεκρὼσας
1409 1064 1469 1101 τε
1497 1048 1592 1102 καὶ
1619 1047 1852 1118 ἀποκρί-

255 1160 355 1207 νας
394 1139 590 1195 ἑαυτοῦ
634 1140 696 1195 τὸ
738 1140 1059 1212 ἀλλόφυλον,
1092 1139 1350 1210 γεύσεταί
1388 1157 1450 1194 τε
1476 1139 1578 1209 τῆς
1614 1141 1846 1212 μερῥᾶς,

253 1232 528 1296 τουτέστι,
557 1230 654 1285 τοῦ
705 1232 1114 1304 κεχωρισμένον
1160 1230 1269 1287 τῶν
1297 1231 1501 1303 ἡδονῶν
1531 1229 1671 1302 βίου,
1706 1230 1735 1284 ὂ
1761 1248 1851 1284 πι-

256 1323 391 1394 κρόν
418 1340 479 1377 τε
518 1323 618 1378 καὶ
654 1323 821 1395 ἀηδὲς
856 1323 1009 1396 παρὰ
1035 1322 1136 1395 τὴν
1171 1322 1398 1396 πρώτην
1425 1324 1540 1388 τοῖς
1573 1322 1850 1394 γευσαμέ-

255 1431 372 1478 νοις
423 1414 781 1485 φαινόμενον,
839 1414 1103 1484 γλυκεῖαν
1141 1414 1373 1487 παρέχει
1415 1417 1531 1482 τοῖς
1585 1415 1647 1469 τὸ
1694 1414 1849 1480 ξύλον

257 1506 731 1579 παραδεξαμένοις
756 1507 858 1579 τὴν
878 1505 1132 1579 αίσθησιν
1154 1523 1169 1539 ο
1204 1502 1325 1561 εἶτα
1349 1509 1462 1571 τοῖς
1487 1507 1710 1561 κάλλεσι
1738 1506 1850 1562 τῶν

258 1597 521 1664 φοινίκων
566 1594 676 1651 τῶν
740 1595 1116 1666 εὑαγγελικῶν
1160 1598 1251 1650 κα)⁵
1297 1596 1406 1651 τῶν
1442 1597 1635 1668 πηγῶν
1663 1599 1852 1669 ἐντρυ-

258 1691 460 1761 φήσας,
491 1690 587 1745 καὶ
618 1689 714 1743 τοῦ
768 1689 973 1754 ζῶντος
1000 1688 1215 1755 ὓδατος,
1236 1691 1375 1759 ὅπερ
1396 1690 1546 1744 ἐστὶν
1578 1692 1612 1761 ἡ
1648 1690 1847 1761 πέτρα,

258 1783 479 1854 πλήρης
506 1783 821 1854 γενόμενος,
878 1782 971 1836 τόν
998 1799 1059 1835 τε
1104 1782 1357 1855 οὐράνιον
1382 1782 1547 1855 άρτον
1578 1784 1636 1836 ἐν
1670 1781 1850 1853 ἑαυτῷ
1884 1794 1899 1855 I‘

257 1877 463 1945 λαϐὼν,
486 1878 582 1932 καὶ
601 1875 745 1932 κατὰ
759 1875 868 1931 τῶν
899 1874 1214 1946 ἀλλοφύλων
1236 1875 1652 1947 ἀνδρισάμενος,
1681 1868 1727 1942 ᾧ
1747 1874 1848 1945 τῆς

258 1969 418 2037 νίκης
463 1968 635 2033 αίτία,
667 1969 703 2039 ἡ
737 1967 962 2032 ἕκτασις
1006 1966 1116 2021 τῶν
1168 1966 1369 2039 χειρῶν
1413 1965 1508 2021 τοῦ
1559 1966 1850 2038 νομοθέτου

258 2059 492 2124 γίνεται,
514 2058 550 2130 ἡ
577 2057 642 2111 τὸ
684 2057 989 2129 μυστήριον
1024 2056 1120 2111 τοῦ
1150 2057 1387 2130 σταυροῦ
1419 2056 1853 2129 προδεικνύουσα

259 2150 385 2204 τότε
413 2150 750 2222 προσάγεται
777 2152 845 2220 τῇ
892 2150 992 2221 τῆς
1030 2148 1437 2221 ὑπερκειμένης
1467 2149 1681 2220 φύσεως
1720 2149 1855 2202 θεω-

265 2243 379 2315 ρίᾳ.
416 2243 566 2307 Ὀδὸς
593 2242 650 2297 δὲ
682 2240 835 2313 αὑτῷ
863 2241 999 2316 πρὸς
1015 2242 1114 2314 τὴν
1146 2240 1404 2316 τοιαύτην
1432 2240 1655 2311 γνῶσιν,
1685 2239 1855 2295 καθα-

265 2336 431 2407 ρότης
443 2335 676 2406 γίνεται,
704 2335 767 2389 οὑ
781 2333 876 2389 τοῦ
892 2332 1146 2406 σώματος
1161 2334 1345 2405 μόνον,
1369 2333 1855 2409 περιρραντηρίοις

262 2429 409 2483 τισὶν
441 2427 890 2500 ἀφαγνισθέντος,
915 2425 1055 2481 ἀλλὰ
1074 2425 1172 2480 καὶ
1198 2426 1308 2480 τῶν
1335 2427 1651 2499 ἐνδυμάτων
1673 2426 1855 2496 πάσης

264 2521 484 2593 κηλῖδος
539 2520 994 2578 ἀποκλυσθέντων
1027 2520 1106 2593 τῷ
1143 2520 1317 2575 ὕδατι.
1340 2520 1513 2576 Τοῦτο
1534 2519 1592 2573 δέ
1621 2522 1772 2585 sim,-
1794 2518 1857 2573 τὸ

262 2613 356 2668 διὰ
397 2614 620 2668 πάντων
661 2611 1002 2686 καθαρεῦσαι
1034 2613 1146 2669 δεῖν
1164 2613 1256 2668 τὸν
1292 2612 1553 2685 μέλλοντα
1589 2610 1857 2684 προσϐαί-

264 2722 379 2760 νειν
405 2706 469 2777 τῇ
487 2704 596 2759 τῶν
645 2704 814 2759 ὄντων
857 2704 1085 2778 θεωρία,
1106 2704 1183 2770 ὼς
1208 2705 1305 2760 καὶ
1336 2705 1485 2777 ψυχῇ
1520 2705 1617 2759 καὶ
1640 2702 1856 2776 σώματι

263 2796 508 2869 καθαρὸν
531 2794 672 2851 εἶναι
697 2797 792 2852 καὶ
823 2796 1289 2870 ἀκηλίδωτον,τὸν
1320 2798 1379 2851 ὲν
1404 2796 1651 2868 ἑκατέρῳ
1681 2796 1855 2866 ῥύπον

266 2888 620 2961 καταλλήλως
670 2889 1121 2961 ἀπκλυσάμενον
1141 2905 1156 2921 ’
1192 2891 1268 2956 ὡς
1294 2889 1361 2946 ἂν
1387 2889 1622 2963 καθαροὶ
1656 2888 1751 2944 καὶ
1778 2888 1857 2960 τῷ

264 2983 329 3037 τὸ
356 2983 600 3056 κρυπτὸν
640 2982 838 3055 ὁρῶντι
877 2983 1201 3054 φανείημεν,
1235 2984 1385 3056 καὶὴ
1416 2982 1558 3039 κατὰ
1583 2983 1644 3037 τὸ
1669 2982 1856 3053 φαινό-

268 3091 435 3144 μενον
481 3073 862 3147 εὐσχημοσύνη
914 3076 984 3147 τῇ
1037 3074 1250 3130 ἔνδοθεν
1274 3077 1375 3148 τῆς
1393 3075 1575 3147 ψυχῆς
1614 3074 1857 3129 διαθέσει

1952 593 2051 649 bes
2076 600 2260 647 autem
2286 589 2397 646 dux
2430 591 2605 663 legis;
2656 606 2783 646 cum
2833 589 3040 646 mundo
3076 590 3247 646 corde
3285 591 3340 645 in
3379 592 3537 659 aquis

1954 693 2251 756 tyrannum
2276 681 2637 746 interfecerit,
2674 697 2798 737 cum
2845 695 3017 752 aquas
3049 694 3267 735 amaras
3308 679 3533 743 biberit,

1953 777 2188 832 alienam
2225 790 2256 831 a
2304 776 2678 847 voluptatibus
2716 773 2885 829 vitam
2916 772 3138 837 vixerit,
3187 787 3309 841 quae
3346 784 3534 824 amara

1951 879 2003 927 et
2038 869 2276 925 diﬂicilis
2304 870 2574 940 primum,
2613 868 2815 924 deinde
2839 866 3018 923 facilis
3063 865 3383 935 etjucunda
3435 879 3537 934 gu-

1954 957 2233 1013 stantibus
2273 957 2622 1013 immissione
2645 957 2776 1028 ligni
2797 956 3032 1011 videtur.
3054 955 3190 1011 Cum
3224 955 3534 1025 palmarum

1952 1065 2017 1105 ac
2066 1048 2301 1104 fontium
2370 1050 2723 1113 amoenitate,
2784 1044 3124 1120 Evangelicae
3182 1047 3399 1102 scilicet
3446 1044 3539 1101 do-

1952 1140 2147 1195 ctrinae
2176 1139 2403 1197 ﬂuentis
2430 1140 2644 1198 labores
2671 1140 2959 1211 depulerit,
2999 1140 3048 1197 si
3094 1153 3236 1210 aqua
3267 1139 3389 1193 viva
3417 1152 3539 1208 qua:

1951 1231 2092 1301 lapis
2140 1240 2247 1298 est,
2301 1232 2559 1288 videlicet
2609 1233 2886 1299 Christus,
2930 1233 3076 1288 sitim
3125 1230 3429 1296 sedaverit,
3488 1231 3534 1285 si
3626 1214 3641 1226 ”

1952 1324 2162 1380 ccclein
2192 1325 2316 1379 cibo
2332 1327 2573 1395 seipsum
2592 1324 2898 1396 repleverit,
2918 1325 2966 1380 si
2990 1324 3266 1380 consertis
3282 1324 3536 1379 manibus

1951 1430 2077 1471 cum
2110 1417 2267 1472 hoste
2298 1417 2513 1472 vicerit.
2537 1416 2713 1483 Quam
2746 1414 2969 1487 quidem
3017 1415 3306 1472 victoriam
3336 1424 3535 1469 exten-

1953 1507 2037 1562 sio
2090 1523 2350 1563 manuum
2390 1508 2584 1580 Moysi,
2647 1523 2745 1578 per
2779 1522 2942 1579 quam
2979 1506 3301 1578 mysterium
3354 1506 3539 1560 crucis

1956 1599 2248 1673 figuratur,
2299 1601 2586 1671 praestitit;
2632 1617 2744 1671 quo
2813 1601 3078 1672 mysterio
3143 1616 3312 1657 verus
3372 1601 3540 1656 Israel

1952 1710 2173 1766 quoque
2203 1695 2398 1759 vincit,
2453 1711 2579 1750 cum
2610 1695 2725 1752 haec
2751 1696 2935 1750 omnia
2979 1696 3273 1767 peregerit,
3308 1704 3424 1749 tum
3446 1693 3542 1748 de-

1954 1803 2104 1842 mum
2129 1788 2196 1844 ad
2226 1788 2660 1860 speculationem
2689 1802 2961 1861 supremae
2981 1797 3190 1843 natura;
3227 1786 3539 1852 adducitur,

1955 1879 2023 1935 ad
2057 1893 2222 1951 quam
2245 1895 2355 1936 non
2383 1880 2554 1935 animi
2586 1888 2799 1934 tantum
2823 1886 2876 1935 et
2912 1880 3163 1950 corporis
3200 1877 3538 1949 aspcrsioni-

1953 1971 2056 2029 bus
2085 1972 2416 2042 quibusdam
2451 1972 2761 2046 depurgati,
2803 1972 2896 2029 sed
2926 1973 3158 2028 vestium
3181 1987 3402 2043 quoque
3445 1971 3544 2026 de-

1953 2066 2107 2123 ducit
2149 2066 2474 2130 mundities,
2536 2076 2597 2122 ut
2631 2067 2847 2151 scilicet
2894 2081 3004 2121 non
3063 2065 3280 2120 occulta
3331 2065 3538 2130 solum,

1954 2159 2317 2215 verumetiam
2377 2159 2669 2215 manifesta
2727 2167 2783 2214 et
2831 2158 3148 2228 apparentia
3217 2157 3416 2211 decora
3464 2157 3539 2210 ita

1956 2251 2113 2316 liant,
2162 2257 2225 2306 ut
2272 2249 2529 2306 interiori
2576 2249 2748 2304 animi
2787 2248 3143 2320 dispositioni
3180 2249 3535 2303 conveniant.

1954 2342 2073 2399 Non
2103 2344 2251 2400 enim
2285 2342 2524 2398 vestium
2561 2342 2807 2405 macula,
2851 2356 2924 2397 ne
2955 2341 3025 2396 ad
3064 2339 3233 2396 Deum
3273 2339 3544 2395 ascenda-

1955 2452 2101 2503 mus,
2135 2449 2378 2506 unquam
2402 2434 2630 2500 vetabit,
2667 2434 2762 2491 sed
2802 2433 3010 2500 studia,
3051 2448 3174 2504 quae.
3200 2433 3251 2486 in
3276 2432 3382 2487 hac
3430 2433 3541 2487 vita

1957 2528 2314 2597 suscipimus,
2347 2527 2503 2597 quasi
2531 2533 2714 2583 vestes
2741 2533 2891 2590 sunt,
2936 2525 3324 2597 quibusliomo
3361 2524 3544 2580 indui-

1956 2627 2068 2675 tur.
2095 2618 2223 2675 Haae
2245 2619 2413 2690 igitur
2433 2618 2639 2683 studia,
2693 2625 2750 2674 et
2780 2618 2883 2673 hos
2912 2618 3151 2672 amictus
3177 2631 3286 2671 non
3329 2624 3539 2687 turpes,

1956 2712 2054 2768 sed
2081 2711 2416 2783 purissimos
2439 2726 2565 2768 esse
2591 2709 2770 2767 decet.
2804 2708 2918 2763 llac
2944 2725 3004 2765 re
3032 2709 3324 2779 diligenter
3366 2708 3534 2768 facta,

1957 2804 2333 2874 armentisque
2383 2803 2673 2858 brutorum
2733 2801 2894 2871 longe
2945 2816 2976 2855 a
3016 2810 3201 2855 monte
3227 2799 3422 2871 pulsis,
3463 2799 3545 2854 sic

1959 2894 2025 2950 ad
2056 2894 2357 2951 altissimas
2385 2893 2635 2950 ascendit
2668 2892 3094 2965 speculationes.
3119 2890 3237 2957 Qua
3263 2907 3328 2946 ex
3369 2908 3446 2955 re,
3484 2900 3545 2946 ut

1957 3001 2060 3058 ego
2088 2985 2352 3051 arbitror,
2385 2984 2522 3040 illud
2545 2984 2707 3040 nobis
2755 2984 3125 3055 signiﬁcatur,
3163 2983 3308 3053 quod
3341 2982 3545 3038 debea-

1959 3092 2084 3133 mus
2122 3075 2269 3131 hanc
2301 3090 2369 3132 ex
2393 3090 2563 3132 sensu
2596 3075 2797 3131 factam
2840 3073 3240 3145 cognitionem,
3281 3089 3406 3128 cum
3435 3089 3545 3143 qua

269 3163 584 3235 συμϐαίνοι.
620 3164 720 3219 Διὰ
762 3164 918 3220 τοῦτο
973 3164 1082 3237 πρὸ
1114 3166 1215 3237 τῆς
1261 3165 1356 3219 ἐπὶ
1382 3165 1444 3220 τὸ
1485 3165 1612 3237 ὄρος
1641 3166 1853 3232 ἀνόδου,

1960 3168 2307 3240 intelligibile
2360 3169 2823 3239 contemplamur,
2878 3169 3106 3224 omnino
3153 3176 3544 3235 contemnere;

264 3255 349 3327 τῷ
368 3256 498 3327 θείῳ
516 3255 981 3328 προστάγματιτά
1010 3255 1204 3326 ἱμάτια
1228 3254 1509 3322 πλύνεται,
1536 3257 1635 3329 τῆς
1663 3256 1861 3329 εὐσχή-

271 3367 435 3420 μονος
461 3349 555 3403 τοῦ
578 3349 696 3420 βίου
742 3347 1034 3421 περιϐολῆς
1080 3348 1569 3420 παραδηλουμένης
1598 3351 1733 3420 ἡμῖν
1783 3348 1862 3420 τῷ

267 3437 381 3492 τῶν
417 3438 648 3509 ἱματίων
706 3438 1007 3510 αἰνίγματι.
1054 3437 1130 3491 Οὑ
1159 3437 1269 3510 γάρ
1315 3437 1381 3492 ἄν
1429 3454 1515 3503 τις
1556 3439 1725 3505 εἴποι,
1769 3438 1862 3492 τὸν

270 3529 532 3600 αίσθητὸν
582 3528 772 3583 τοῦτον
814 3529 985 3601 ῥύπον
1019 3528 1129 3583 τῶν
1184 3529 1437 3600 ἱματίων,
1472 3529 1732 3601 ἐμπόδιον
1758 3529 1862 3600 τῆς

268 3618 463 3673 ἀνόδου
502 3620 616 3683 τοῖς
672 3619 812 3691 πρὸς
848 3619 943 3673 τὸν
994 3617 1128 3672 Θεὸν
1175 3617 1388 3674 ἀνιοῦσι
1425 3619 1671 3689 γίνεσθαι
1700 3636 1714 3652 ⁶
1746 3620 1861 3676 ἀλλ’

270 3704 429 3781 οἶμαι
460 3708 640 3772 καλῶς
666 3708 729 3762 τὸ
755 3708 969 3780 ἱμάτιον
996 3707 1097 3779 τὴν
1117 3707 1227 3762 τῶν
1243 3708 1385 3762 κατά
1404 3707 1495 3762 τὸν
1525 3707 1640 3779 βίον
1672 3708 1862 3763 τοῦτον

274 3801 720 3873 ἐπιτηδευμάτων
774 3798 1066 3872 περιϐολὴν
1114 3799 1496 3873 ὀνομάζεσθαι.
1543 3799 1748 3854 Τούτου
1804 3801 1863 3855 δὲ

276 3892 746 3965 κατορθωθέντος,
784 3892 880 3946 καὶ
933 3892 1036 3962 τῆς
1074 3890 1182 3946 τῶν
1230 3892 1439 3962 ἀλόγων
1495 3891 1698 3964 ἀγέλης
1728 3896 1859 3967 ποῤ-

277 3987 509 4061 ρωτάτω
556 3986 652 4040 τοῦ
707 3986 867 4060 ὅρους
917 3984 1305 4058 ἀπελαθείσης,
1355 3985 1498 4041 οὑτω
1544 3987 1863 4058 προσϐαίνει

275 4081 345 4152 τῇ
391 4078 655 4134 ἀναϐάσει
710 4078 820 4133 τῶν
873 4077 1094 4150 ὑψηλῶν
1145 4080 1452 4150 νοημάτων.
1498 4078 1573 4132 Τὸ
1609 4077 1667 4132 δὲ
1699 4078 1864 4151 μηδὲν

274 4171 387 4227 τῶν
426 4170 634 4257 ἀλόγων
682 4170 1033 4242 συγχωρῆσαι
1080 4169 1174 4223 ἐπὶ
1222 4168 1319 4224 τοῦ
1357 4170 1519 4241 ὅρους
1551 4170 1860 4241 φαίνεσθαι,

278 4264 557 4334 σημαίνει,
602 4262 744 4317 κατά
792 4263 890 4334 τὴν
922 4260 1199 4334 ἡμετέραν
1239 4262 1531 4336 ὑπόληψιν,
1589 4261 1650 4316 τὸ
1692 4264 1863 4333 ὑπερ·

276 4357 444 4427 ϐῆναι
487 4356 588 4427 τὴν
642 4356 701 4422 ἐξ
742 4355 1048 4428 αἰσθήσεως
1086 4355 1385 4426 γενομένην
1435 4355 1639 4425 γνῶσιν
1699 4356 1758 4409 ὲν
1794 4357 1861 4427 τῇ

276 4448 389 4501 τῶν
442 4446 648 4518 νοητῶν
681 4446 913 4520 θεωρίᾳ’
948 4446 1078 4500 ἴδιον
1105 4446 1217 4520 γὰρ
1254 4446 1354 4517 τῆς
1399 4446 1510 4502 τῶν
1534 4446 1744 4516 ἀλόγων
1765 4447 1866 4517 φύ-

1963 3260 2250 3332 proprium
2301 3259 2451 3315 enim
2523 3269 2738 3315 naturae
2779 3259 3070 3315 brutorum
3117 3267 3223 3323 est,
3276 3274 3343 3315 ex
3379 3274 3545 3315 sensu

1962 3353 2083 3409 solo
2133 3351 2348 3423 absque
2388 3351 2706 3407 intellectus
2758 3352 3085 3422 operatione
3123 3351 3303 3420 aliqua
3349 3350 3549 3421 guber-

1961 3443 2120 3512 nari;
2151 3459 2277 3499 nam
2298 3452 2396 3498 aut
2427 3444 2602 3507 visus,
2623 3453 2719 3497 aut
2753 3443 2994 3506 auditus,
3018 3449 3115 3497 aut
3132 3443 3367 3498 aliorum
3392 3443 3547 3512 quis-

1963 3535 2110 3606 piam
2144 3549 2432 3597 sensuum,
2478 3549 2588 3589 non
2627 3534 2904 3598 voluntas,
2952 3548 3133 3603 neque
3162 3533 3304 3589 ratio
3340 3534 3549 3605 appeti-

1963 3626 2146 3681 tiones
2169 3625 2461 3680 brutorum
2506 3630 2706 3678 movet.
2751 3622 2941 3689 Quare
2968 3630 3154 3677 motus
3198 3624 3283 3678 sui
3331 3638 3546 3689 omnes,

1961 3724 2020 3772 et
2044 3729 2210 3785 opera
2263 3728 2524 3771 sensuum
2584 3720 2735 3769 sunt.
2802 3712 3123 3782 Speculatio
3176 3721 3381 3778 autem,
3438 3730 3547 3784 qua

1964 3806 2135 3863 Deum
2162 3806 2625 3876 contemplamur,
2658 3819 2760 3860 nec
2783 3805 2925 3869 visu,
2964 3820 3068 3861 nec
3097 3806 3312 3871 auditu,
3362 3821 3543 3876 quan.

1964 3908 2080 3955 tum
2114 3900 2168 3954 in
2208 3915 2270 3956 se
2325 3909 2433 3962 est,
2488 3897 2735 3968 indiget;
2787 3913 2967 3967 neque
3004 3908 3271 3954 consueta
3310 3897 3547 3968 quadam

1965 3989 2462 4063 comprehensione
2480 3988 2965 4059 intellectioneque
2994 3988 3325 4059 percipitur;
3354 3989 3550 4043 oculus

1964 4081 2109 4138 enim
2149 4094 2259 4135 non
2302 4078 2461 4144 vidit,
2504 4093 2608 4133 nec
2660 4079 2813 4134 auris
2834 4077 3268 4135 audivit“:non
3289 4088 3374 4133 est
3403 4077 3549 4131 enim

1965 4173 2266 4244 quidquam
2296 4185 2512 4236 eorum,
2548 4184 2673 4241 qua).
2726 4170 2783 4226 in
2826 4185 2926 4226 cor
2969 4168 3208 4224 hominis
3253 4168 3553 4222 ascendere

1966 4272 2395 4323 consueverunt.
2437 4262 2620 4330 Quare
2645 4271 2883 4333 Oportet.
2915 4264 2962 4316 si
3004 4262 3133 4332 quis
3181 4260 3248 4315 ad
3301 4267 3552 4315 contem-

1975 4359 2274 4430 plationem
2303 4357 2428 4428 ejus
2460 4355 2727 4411 accedere
2744 4354 2895 4420 velit,
2932 4355 3004 4409 ab
3024 4352 3174 4409 omni
3213 4350 3462 4408 sensuali
3499 4357 3554 4406 et

1969 4451 2275 4508 irrationali
2318 4456 2472 4504 motu
2520 4458 2759 4503 mentem
2817 4462 2973 4504 suam
3012 4445 3424 4515 permundare;
3486 4457 3552 4499 ac

279 4555 442 4601 σεως,
491 4540 554 4593 τὸ
605 4537 725 4592 κατ’
778 4537 1033 4611 αἴσθησιν
1075 4538 1245 4610 μόνην
1272 4537 1395 4609 δίχα
1430 4537 1671 4604 διανοίας
1715 4539 1856 4594 οίκο-

1969 4543 2043 4597 ita
2068 4556 2195 4596 cum
2231 4554 2450 4595 onmem
2484 4540 2803 4610 opinionem
2837 4553 2960 4609 quae
2992 4553 3055 4592 ex
3090 4536 3345 4592 sensibus
3384 4535 3555 4605 origi-

277 4629 583 4700 νομεῖσθαι.
628 4630 883 4685 Ἐκείνων
933 4629 1261 4701 καθηγεῖται
1322 4632 1358 4703 ἡ
1403 4631 1631 4704 ὅρασις,
1676 4632 1771 4686 καὶ
1829 4633 1862 4704 ἡ

279 4722 422 4795 ἀκοὴ
464 4722 724 4787 πολλάκις
788 4722 927 4796 πρός
989 4740 1045 4776 τι
1094 4724 1194 4796 τὴν
1254 4726 1433 4798 ὁρμὴν
1507 4726 1863 4799 παρεκίνησε.

281 4814 396 4867 Καὶ
423 4813 492 4867 τά
522 4813 657 4869 ἄλλα
687 4813 889 4879 πάντα,
914 4814 981 4867 δι’
1016 4806 1091 4869 ὧν
1121 4815 1344 4887 ἐνεργὸς
1366 4817 1400 4887 ἠ
1427 4815 1682 4888 αἴσθησις
1716 4816 1864 4886 γίνε-

158 4931 167 4936 ·
279 4924 395 4972 ται,
445 4905 647 4979 πολλὴν
690 4909 748 4962 ὲν
777 4908 890 4972 τοῖς
922 4907 1137 4977 ἀλόγοις
1177 4907 1292 4979 ἔχει
1326 4907 1427 4980 τὴν
1456 4906 1658 4980 χώραν.
1699 4909 1765 4963 Ἠ
1807 4910 1864 4963 δὲ

1967 4652 2092 4691 nem
2116 4632 2333 4698 habeat,
2381 4646 2448 4686 ex
2490 4641 2676 4687 mente
2711 4630 3071 4697 abstruserit,
3116 4627 3553 4684 consuetudine-

1966 4743 2075 4799 que
2107 4726 2365 4796 conjugis
2397 4739 2513 4781 ευε
2544 4725 2789 4781 caruerit
2844 4722 3074 4793 (coniux
3121 4736 3253 4777 vero
3294 4720 3383 4775 hic
3423 4737 3553 4777 seu—

1969 4837 2066 4880 sus
2099 4818 2451 4889 intelligitur,
2476 4817 2570 4889 qui
2601 4817 2935 4886 conjunctus
2966 4823 3180 4870 natum
3221 4822 3425 4869 nostrae
3455 4829 3553 4868 no-

1969 4913 2183 4969 biscum
2212 4909 2423 4965 habitat
2466 4905 2511 4979 ),
2535 4912 2636 4965 hac
2673 4909 2841 4979 igitur
2862 4923 2986 4962 cum
3028 4907 3292 4969 caruerit,
3333 4906 3415 4961 sic
3455 4906 3552 4960 de-

278 4999 378 5053 τοῦ
402 5000 537 5055 θεοῦ
560 4999 782 5073 θεωρία,
808 4999 935 5054 οὔτε
961 5000 1105 5055 κατὰ
1122 5000 1183 5054 τὸ
1214 5001 1560 5071 φαινόμενον,
1576 5001 1701 5057 οὔτε
1724 5003 1856 5058 κατᾶ

1974 5004 2142 5074 nique
2167 5000 2367 5072 poterit
2395 4999 2464 5056 ad
2493 5005 2736 5055 montem
2769 4998 3054 5056 accedere.

276 5097 343 5152 τὸ
387 5095 720 5167 ἀκουόμενον
768 5096 1069 5168 ἐνεργεῖται
1093 5135 1109 5161 ,
1162 5094 1288 5149 οὔτε
1346 5097 1454 5152 τινὶ
1498 5098 1607 5153 τῶν
1662 5101 1907 5172 συνήθων
1947 5097 2237 5171 νοημάτων
2280 5093 2787 5164 καταλαμϐάνεται·
2843 5091 2966 5147 οὔτε
3016 5093 3121 5162 γὰρ
3153 5089 3428 5160 ὀφθαλμὸς
3479 5083 3556 5141 εἶ-

276 5193 389 5258 δεν,
427 5190 548 5246 οὑτε
595 5187 690 5257 οὖς
728 5192 997 5264 ἤκουσεν,
1045 5191 1171 5247 οὗτε
1224 5210 1277 5246 τι
1314 5193 1424 5248 τῶν
1457 5194 1552 5248 ἐπὶ
1598 5195 1826 5267 καρδίαν
1877 5193 2169 5267 ἀνθρώπου
2215 5190 2462 5261 συνήθως
2499 5188 2900 5243 ἀναϐαινόντων
2923 5187 3095 5241 ἐστίν.
3138 5184 3299 5238 Ἀλλά
3327 5181 3433 5253 χρὴ
3463 5181 3554 5233 τὸν

280 5290 548 5362 μέλλοντα
596 5288 945 5361 προσϐαίνειν
986 5291 1055 5363 τῇ
1086 5288 1194 5343 τῶν
1236 5289 1456 5360 ὑψηλῶν
1502 5293 1851 5364 κατανοήσει,
1901 5292 2085 5361 πάσης
2134 5285 2477 5358 αἰσθητικῖκη
2509 5302 2568 5338 τε
2609 5284 2705 5338 καὶ
2729 5283 2928 5353 ἀλόγου
2975 5282 3241 5352 κινήσεως
3279 5276 3558 5348 προκαθᾶ-

280 5399 373 5459 ραι
399 5380 490 5433 τὸν
515 5379 736 5449 τρόπον,
774 5382 869 5435 καὶ
893 5382 1072 5436 πᾶσαν
1097 5381 1279 5448 δόξαν,
1324 5382 1422 5454 τὴν
1455 5384 1519 5435 ἐκ
1568 5383 1889 5456 προλήψεώς
1947 5401 2090 5447 τινος
2120 5379 2517 5452 γεγενημένην.
2568 5376 2670 5448 τῆς
2711 5375 2949 5438 διανοίας
2973 5373 3337 5434 ἔκπλύνανταν
3370 5372 3470 5443 τῆς
3499 5388 3557 5425 τε

282 5470 546 5543 ευνήθους
587 5471 803 5543 ὁμιλίας
844 5471 1183 5544 χωρισθέντα
1223 5474 1322 5545 τῆς
1368 5475 1503 5546 πρὸς
1550 5474 1651 5546 τὴν
1690 5475 1827 5529 ἰδίαν
1870 5479 2137 5537 σύνοικον,
2187 5471 2453 5533 τουτέστι,
2497 5469 2596 5539 τὴν
2646 5468 2918 5537 αἴσθησιν,
2954 5468 2986 5536 ἡ
3037 5464 3243 5533 συζυγή
3283 5480 3400 5525 πως
3439 5463 3559 5516 ἐστὶ

279 5567 345 5638 τῇ
372 5564 621 5637 ἡμετέρᾳ
648 5565 809 5636 φύσει
838 5567 933 5621 καὶ
959 5566 1206 5633 σύνοικος
1225 5584 1238 5600 ·
1272 5569 1369 5624 καὶ
1396 5569 1602 5643 ταύτης
1631 5569 1868 5642 καθαρὸν
1905 5571 2218 5642 γενόμενον,
2258 5566 2401 5620 οὕτω
2433 5563 2843 5630 καταωλμῆσαι
2869 5561 2962 5614 τοῦ
2987 5561 3166 5629 ὅρους.

358 5662 523 5731 Ὄρος
539 5658 648 5732 γάρ
666 5660 813 5716 ἐστιν
829 5661 1055 5727 ἄναντες
1069 5661 1145 5728 ὼς
1163 5662 1380 5735 ἀληθῶς
1399 5667 1493 5721 καὶ
1512 5665 1856 5739 δυσπρόσιτοι

2051 5664 2208 5721 Mons
2252 5654 2429 5718 autem
2470 5661 2674 5715 arduus
2732 5672 2857 5712 vere
2909 5671 2972 5710 ac
3028 5669 3255 5710 accessu
3300 5652 3556 5716 dililcilis.

352 5847 394 5879 "
435 5846 543 5904 lsa.
580 5860 727 5913 uiv,
751 5847 815 5917 4;
851 5844 869 5900 l
901 5844 1028 5904 Cor.
1064 5862 1125 5911 ιι,
1158 5847 1210 5905 9.
