3888 6388
344 412 451 470 375

1579 397 1635 452 S.
1673 388 2001 451 GREGOBII
2041 388 2334 446 NYSSENI

3503 384 3615 440 376

344 525 645 597 Theologia
695 532 815 593 est;
848 524 1010 593 cujus
1060 523 1149 578 vix
1195 520 1491 576 multitudo
1564 518 1633 573 ad
1699 516 1915 573 radices

2036 513 2052 579 5
2078 510 2346 580 θεολογία,
2360 504 2429 582 ἦς
2448 510 2600 581 μόλις
2615 513 2643 564 6
2667 509 2833 572 πολὺς
2848 508 2982 574 λεὼς
2999 510 3099 579 τὴν
3122 507 3401 580 ὑπώρειαν
3418 507 3616 578 φθάνει

346 617 636 689 pervenire
668 623 869 687 potest.
900 614 957 670 Si
1005 615 1129 684 quis
1171 627 1303 668 vero
1348 610 1525 667 Moses
1583 609 1769 674 fuerit,
1791 624 1918 664 cum

346 710 515 765 altius
562 707 900 768 ascenderit.
965 707 1165 777 poterit
1215 706 1429 762 sonitus
1477 705 1732 759 tubarum
1775 702 1918 756 auri-

345 802 451 857 hus
481 802 706 864 sentire,
730 817 869 871 quas
898 808 1090 855 narrat
1132 799 1366 855 historia
1406 795 1756 868 procedendo
1801 792 1916 847 fieri

348 892 627 948 fortiores.
668 892 766 948 Est
810 901 992 948 autem
1036 891 1188 953 tuba,
1228 907 1333 945 non
1386 904 1613 959 parvum
1641 895 1920 955 stuporem

346 1000 443 1054 per
489 983 735 1039 auditum
787 982 1029 1039 elliciens
1077 991 1290 1037 naturae
1332 982 1533 1035 divinte
1575 976 1911 1049 praedicatio,

347 1090 606 1147 magnum
632 1076 851 1147 quidem
875 1077 1061 1132 statim
1088 1076 1156 1130 ab
1182 1074 1342 1129 initio
1371 1087 1598 1137 sonans,
1620 1070 1794 1141 magis
1821 1085 1921 1123 au-

347 1178 458 1224 tem
490 1176 656 1239 atque
681 1169 856 1240 magis
891 1170 946 1223 in
975 1166 1183 1223 Ultimis
1230 1168 1513 1229 intonans,
1551 1164 1799 1219 insonuit
1828 1163 1919 1217 lex

346 1269 403 1315 et
452 1261 735 1330 prophetae
787 1260 1033 1316 divinum
1082 1260 1486 1316 incarnationis
1546 1258 1916 1329 mysterium;

348 1351 442 1407 sed
468 1351 857 1408 imbecilliores
883 1359 1041 1407 erant
1073 1352 1178 1406 illae
1207 1351 1397 1421 primae
1424 1365 1609 1417 voces,
1660 1366 1824 1418 quam
1867 1359 1927 1403 ut

349 1452 576 1513 possent
607 1443 776 1501 duros
798 1457 1165 1499 commovere.
1198 1442 1431 1498 Auditus
1474 1441 1683 1497 idcirco
1710 1439 1927 1496 Iudaeo-

348 1551 472 1591 rum
529 1535 775 1593 surditas
833 1536 1089 1592 tubarum
1143 1550 1342 1591 sonum
1392 1534 1619 1589 minime
1660 1533 1925 1603 suscepit,

350 1628 451 1686 sed
509 1629 900 1700 prophetarum
953 1628 1095 1684 tuba
1131 1627 1394 1699 paulatim
1442 1627 1805 1698 procedentes
1836 1640 1926 1681 so-

348 1721 581 1778 nantius
603 1720 946 1777 cecinerunt.
974 1717 1109 1774 Nam
1137 1720 1347 1774 ultimae
1377 1734 1545 1774 voces
1573 1732 1695 1789 qna:
1738 1716 1924 1772 Evan-

348 1812 525 1883 gelica
561 1811 954 1883 praedicatione
986 1810 1149 1867 facta:
1170 1818 1326 1871 sunt.
1375 1809 1632 1865 auditum
1675 1824 1923 1865 commu-

348 1913 570 1972 verunt,
606 1906 807 1977 spiritu
834 1906 915 1962 sic
940 1920 1036 1975 per
1068 1918 1279 1975 organa
1309 1903 1694 1959 vehementius
1740 1902 1797 1957 in
1832 1916 1929 1972 po-

351 1994 680 2051 sterioribus
714 1995 1024 2051 intonante.
1044 1994 1265 2066 Organa
1295 2008 1430 2048 vero
1451 2007 1517 2048 ac
1545 1994 1922 2049 instrumenta

351 2102 522 2142 unum
555 2102 752 2143 sonum
786 2084 1418 2161 spiritualem.cdentia,
1453 2084 1737 2154 prophetae
1762 2091 1930 2151 atque

351 2178 592 2249 apostoli
636 2186 772 2236 sunt
828 2193 1115 2249 :quorum
1161 2192 1356 2241 sonus,
1400 2186 1460 2232 ut
1504 2175 1798 2232 Psalmista
1847 2174 1932 2229 di-

351 2268 451 2330 cit,
483 2267 539 2322 in
569 2281 787 2322 omnem
821 2276 1020 2321 terram
1035 2266 1228 2331 exivit,
1246 2273 1301 2321 et
1324 2265 1381 2319 in
1417 2263 1553 2320 lines
1580 2264 1734 2319 orbis
1769 2273 1930 2319 terrae

352 2358 520 2416 verba
546 2358 823 2416 eorum“.
860 2357 1019 2425 Quod
1043 2373 1177 2413 vero
1210 2356 1508 2412 multitudo
1537 2368 1731 2410 vocem
1767 2355 1918 2409 illam

353 2450 549 2507 audire
613 2466 722 2505 non
760 2451 959 2520 potuit,
1023 2450 1122 2506 sed
1170 2448 1452 2505 commisit
1489 2447 1686 2519 Moysi,
1733 2454 1793 2500 ut
1815 2446 1935 2517 ipse

356 2555 454 2610 per
481 2540 743 2609 seipsum
796 2548 1009 2595 secreta
1053 2539 1145 2593 illa
1182 2538 1510 2609 perciperet,
1555 2536 1935 2608 pepulumque

355 2641 547 2705 postea
590 2632 838 2695 doceret,
893 2646 1241 2702 quaecunque
1295 2630 1484 2685 divina
1541 2629 1796 2686 doctrina
1849 2628 1934 2683 di—

353 2725 578 2790 dicerit,
613 2724 670 2780 id
704 2740 926 2796 quoque
955 2725 1011 2779 in
1040 2723 1286 2781 Ecclesia
1311 2723 1426 2778 ﬁeri
1453 2731 1627 2778 totum
1649 2722 1933 2788 videmus;

356 2831 473 2874 non
525 2817 672 2873 enim
724 2817 1065 2889 permittitur
1122 2816 1383 2872 omnibus
1432 2816 1499 2870 ad
1541 2813 1933 2887 mysteriorum

354 2908 726 2982 cognitionem
755 2910 978 2980 seipsos
1006 2909 1314 2971 intrudere,
1352 2907 1450 2964 sed
1484 2908 1708 2978 eligitur
1733 2921 1878 2961 unus
1904 2920 1938 2960 e

354 2999 548 3055 multis
593 2999 909 3059 divinarum
959 3016 1144 3055 rerum
1177 3015 1370 3071 capax,
1403 3001 1492 3055 cui
1528 2999 1719 3055 caeteri
1775 2997 1937 3052 audi-

355 3098 473 3146 tum
500 3106 627 3146 cum
661 3089 976 3147 obedientia
1022 3092 1325 3163 praebeant,
1385 3091 1523 3146 illud
1564 3090 1669 3147 sibi
1711 3090 1940 3145 creden—

2027 604 2096 675 (εἰ
2117 603 2174 657 δέ
2201 620 2285 666 τις
2305 603 2545 672 Μωῦσῆς
2570 603 2678 672 εἴη,
2702 600 2914 670 γένοιτο
2937 600 3005 654 ἂν
3036 600 3131 653 καὶ
3151 600 3243 654 ἐπὶ
3268 600 3368 670 τῆς
3394 598 3617 663 ἀνόδου,

2026 694 2218 766 χωρῶν
2244 697 2311 766 τῇ
2341 695 2474 765 ἀκοῆ
2500 694 2599 755 τὰς
2631 693 2736 746 τῶν
2766 692 3084 761 σαλπίγγων
3116 689 3323 760 φωνὰς,
3351 691 3415 754 ἃς
3442 707 3617 761 φησιν

2025 791 2053 841 6
2073 789 2166 857 τῆς
2189 788 2425 859 ἱστορίας
2445 786 2624 855 λόγος,
2651 785 3004 856 ἰσχυροτέρας
3024 784 3080 838 ὲν
3094 783 3173 854 τῷ
3201 782 3517 854 προϐαίνειν
3537 780 3620 850 γί-

2025 879 2255 950 νεσθαι)’
2273 877 2488 949 άληθῶς
2507 878 2741 947 σάλπιγξ
2755 880 2787 950 ή
2800 875 2897 950 τὴν
2926 876 3097 946 ἀκοὴν
3126 874 3614 944 καταπλήττουσα,

2023 972 2085 1027 τὸ
2120 972 2248 1043 περί
2287 974 2390 1043 τῆς
2434 970 2584 1036 θείας
2604 970 2833 1047 ⁹φύσεως
2888 970 3170 1039 κήρυγμα,
3206 969 3352 1039 μέγα
3393 967 3492 1038 μὲν
3516 965 3619 1019 καὶ

2027 1070 2177 1138 παρά
2205 1066 2301 1138 τὴν
2336 1065 2562 1137 πρώτην
2595 1065 2940 1135 φαινόμενον,
2973 1061 3157 1133 μεῖζον
3183 1062 3239 1116 δὲ
3273 1063 3368 1114 καὶ
3407 1059 3616 1130 μᾶλλον

2025 1163 2126 1230 τῆς
2194 1158 2367 1228 ἀκοῆς
2425 1156 2887 1226 καθικνούμενον,
2967 1155 3025 1205 ἓν
3080 1157 3190 1217 τοῖς
3254 1153 3613 1216 τελευταίοις.

2027 1249 2352 1304 Ἑσάλπισεν
2371 1251 2398 1303 6
2426 1249 2591 1320 νόμος
2611 1247 2706 1301 καὶ
2721 1249 2769 1300 οἱ
2793 1245 3067 1317 προφῆται
3087 1244 3148 1297 τὸ
3175 1241 3314 1297 θεῖον
3343 1243 3441 1315 τῆς
3469 1243 3617 1297 κατὰ

2027 1342 2311 1413 ἄνθρωπον
2343 1341 2655 1412 οἰκονομίας
2698 1339 3025 1409 μυστήριον
3067 1337 3182 1391 ἀλλ’
3222 1335 3617 1406 ἀσθενέστεραι

2024 1432 2166 1506 ἦσαν
2208 1435 2264 1488 αἰ
2304 1434 2518 1505 πρῶται
2561 1434 2761 1502 φωναὶ,
2805 1431 2838 1504 ἢ
2889 1429 3032 1484 ὥστε
3084 1427 3460 1485 καθικνεῖσθαι
3512 1427 3614 1499 τῆς

2026 1526 2284 1590 άπειθοῢς
2311 1529 2499 1595 ἀκοῆς.
2528 1526 2619 1579 Διὸ
2648 1527 2681 1596 ἡ
2716 1523 3017 1595 βαρυηκοῖα
3045 1521 3155 1575 τῶν
3183 1520 3478 1584 Ἰουδαίων,
3507 1520 3611 1591 τὴν

2029 1619 2213 1691 φωνὴν
2239 1617 2349 1671 τῶν
2381 1617 2699 1686 σαλπίγγων
2736 1617 2797 1671 ού
2830 1614 3183 1687 παρεδέξατο.
3209 1612 3613 1686 Προϐαίνουσαι

2027 1714 2085 1767 δὲ
2109 1755 2125 1779 ,
2168 1712 2349 1777 καθώς
2396 1728 2563 1782 φησιν
2595 1712 2623 1763 6
2670 1709 2849 1778 λόγος,
2894 1710 2954 1763 αἱ
3006 1709 3324 1777 σάλπιγγες,
3364 1706 3619 1776 ἐγένοντο

2033 1805 2393 1878 ἰσχυρότεραι.
2448 1804 2514 1857 Αἰ
2561 1802 2670 1875 γὰρ
2716 1802 3022 1856 τελευταῖαι
3066 1799 3245 1869 φωναὶ
3282 1799 3342 1853 αἱ
3382 1798 3472 1853 διὰ
3507 1797 3618 1855 τῶν

2031 1897 2403 1967 εὑαῃελικῶν
2456 1896 2830 1969 κηρυγμάτων
2882 1893 3278 1966 γεγενημέναι,
3327 1892 3618 1947 καθίκοντο

2030 1992 2129 2063 τῆς
2161 1994 2330 2062 ἀκοῆς
2349 2006 2361 2020 ⁸
2392 1988 2534 2044 οὕτω
2563 1988 2657 2043 τοῦ
2690 1988 3002 2059 πνεύματος
3029 1985 3152 2059 [τῷ]
3184 1986 3274 2041 διά
3302 1985 3414 2039 τῶν
3445 1985 3618 2057 ὁργά-

2032 2102 2137 2139 νων
2171 2083 2429 2154 ὴχοΰντος
2454 2082 2827 2154 γενναιότερον
2867 2082 2924 2133 ὲν
2947 2083 3059 2145 τοῖς
3090 2079 3311 2150 ἐφεξῆς,
3343 2077 3435 2132 καὶ
3460 2078 3615 2131 εὐτο-

2032 2174 2266 2246 νώτερον
2297 2175 2618 2245 ποιουμένου
2648 2172 2738 2226 τὸν
2757 2168 2910 2243 ἦχον.
2940 2173 3186 2243 Ὄργανα
3215 2169 3260 2223 δ’
3288 2168 3355 2223 ἂν
3382 2164 3494 2222 εἷεν
3524 2169 3619 2222 ἕνα

2033 2267 2405 2333 πνευματικὸν
2441 2268 2675 2337 φθόγγον
2722 2265 2982 2338 ⁴ἰῖχούντα,
3026 2265 3303 2336 προφῆται
3346 2261 3442 2315 καὶ
3478 2261 3616 2315 ἁπό-

2035 2358 2240 2413 στολοι·
2285 2352 2383 2423 ὧν,
2410 2357 2593 2422 καθώς
2624 2374 2788 2430 φησιν
2812 2359 2845 2428 ή
2872 2353 3179 2426 ψαλμῳδία,
3205 2354 3286 2417 εἰς
3314 2352 3495 2406 πᾶσαν
3520 2349 3620 2422 τὴν

2034 2451 2136 2522 γῆν
2186 2449 2408 2522 ἐξῆλθεν
2440 2452 2469 2504 6
2500 2449 2736 2520 φθόγγος
2783 2446 2982 2510 αὐτῶν,
3016 2445 3112 2501 καὶ
3160 2447 3241 2509 εἰς
3296 2444 3366 2499 τὰ
3404 2443 3619 2515 πέρατα

2033 2543 2133 2614 τῆς
2160 2542 2485 2614 οἰκουμένης
2510 2542 2580 2597 τὰ
2611 2542 2832 2614 ῥήματα
2855 2537 3052 2594 αὐτῶν.
3096 2539 3160 2593 Et
3190 2537 3248 2592 δὲ
3278 2537 3338 2590 οὑ
3372 2539 3540 2608 χωρεῖ
3560 2536 3621 2590 τὸ

2036 2635 2241 2705 πλῆθος
2272 2634 2371 2707 τὴν
2400 2634 2606 2689 ἄνωθεν
2634 2633 2925 2705 γινομένην
2950 2631 3153 2702 φωνὴν,
3187 2628 3302 2685 ἀλλ’
3335 2629 3620 2701 ἐπιτρέπει

2033 2729 2113 2799 τῷ
2150 2730 2396 2793 Μωῦσεῖ,
2424 2727 2631 2798 γνῶναι
2677 2727 2776 2799 μὲν
2805 2726 2872 2781 δι’
2906 2725 3071 2780 αὐτοῦ
3102 2724 3169 2779 τὰ
3206 2723 3515 2795 ἀπόρρητα,
3544 2721 3622 2776 δι-

2035 2823 2192 2889 δάξαι
2229 2822 2287 2877 δὲ
2332 2822 2424 2875 τὸν
2450 2822 2598 2884 λαὸν,
2644 2821 2783 2892 ὅπερ
2813 2820 2879 2874 ἂν
2906 2818 2993 2872 διὰ
3016 2819 3113 2888 τῆς
3140 2815 3344 2872 ἀνωθεν
3370 2815 3622 2869 διδασκα-

2035 2913 2156 2979 λίας
2178 2915 2317 2987 τύχῃ
2343 2912 2527 2983 μαθὼν
2557 2912 2752 2982 δόγμα,
2775 2911 2867 2964 καὶ
2892 2908 3052 2963 τοῦτο
3080 2907 3187 2961 τῶν
3219 2905 3359 2962 κατά
3383 2905 3621 2977 τὴνἚκ-

2037 3007 2264 3077 κλησίαν
2307 3005 2689 3076 διοικουμένων
2734 3002 2889 3057 ὲστί·
2938 3000 2999 3055 τὸ
3026 3000 3102 3072 μὴ
3152 2999 3359 3062 πάντας
3395 2996 3622 3060 ἑαυτοὺς

2038 3100 2284 3154 εἰσωθεῖν
2323 3098 2458 3169 πρὸς
2499 3098 2595 3167 τὴν
2639 3095 2749 3149 τῶν
2793 3096 3109 3166 μυστηρίων
3151 3089 3474 3161 κατάληψιν,
3506 3088 3621 3143 ἀλλ’

356 3184 487 3240 dum
520 3183 946 3253 faciendumque
977 3191 1259 3254 putantes.
1303 3182 1453 3253 quod
1485 3183 1665 3246 abeo,
1697 3182 1790 3252 qui
1825 3180 1932 3235 ini—

2041 3189 2395 3254 ὲπιλέξαντας
2423 3187 2482 3254 ἐξ
2513 3187 2721 3240 ἑαυτῶν
2750 3186 2842 3239 τὸν
2878 3185 3123 3256 χωρῆσαι
3150 3182 3219 3235 τὰ
3247 3180 3367 3234 θεῖα
3389 3180 3622 3250 δυνάμε-

358 3274 530 3331 tiatus
613 3285 700 3331 est
785 3274 1121 3331 audiverim.
1190 3273 1354 3327 «Non
1414 3289 1629 3335 omnes.
1666 3296 1683 3326 υ
1733 3275 1934 3344 inquit,

364 3379 385 3415 ι
435 3361 670 3433 apostoli
710 3370 873 3429 sunt,
928 3378 1030 3419 nec
1077 3364 1358 3434 prophetae
1392 3379 1587 3419 omnes
1606 3365 1691 3420 ηε
1734 3384 1752 3417 ι
1790 3366 1938 3434 quod

361 3455 523 3512 hodie
576 3455 631 3510 in
690 3457 877 3512 multis
908 3456 1175 3513 Ecclesiis
1227 3473 1420 3529 parum
1480 3468 1755 3529 servatur.
1803 3458 1937 3514 Nam

358 3548 517 3603 multi
552 3563 679 3604 cum
713 3548 895 3604 adhuc
946 3549 1153 3619 prioris
1193 3526 1319 3605 vitae
1364 3526 1635 3606 macuiam
1685 3567 1794 3607 non
1842 3551 1939 3605 ab-

359 3641 691 3701 sterserint.
757 3641 862 3711 ipsi
921 3641 1099 3705 illoti,
1151 3657 1215 3697 ac
1269 3643 1475 3698 amictu
1533 3644 1657 3699 vitae
1712 3644 1938 3699 sordido

360 3743 604 3799 utentes,
645 3735 1017 3791 irrationalem
1066 3751 1293 3792 sensum
1354 3737 1406 3791 in
1450 3737 1707 3792 omnibus
1762 3738 1937 3808 pluris

358 3826 648 3890 facientes,
681 3826 930 3881 divinum
967 3827 1113 3882 hunc
1141 3842 1432 3883 ascensum
1468 3842 1663 3898 rapere
1707 3830 1935 3896 audent,

360 3918 506 3973 unde
551 3918 654 3989 ipsi
708 3917 826 3974 suis
857 3918 1288 3988 cogitationibus
1335 3917 1738 3988 lapidabuntur.
1800 3921 1933 3975 Nam

360 4013 748 4068 limreticorum
768 4012 1062 4082 opiniones
1096 4011 1309 4081 lapides
1334 4010 1558 4081 quidem
1593 4020 1744 4072 sunt.
1811 4013 1939 4082 qui-

360 4105 469 4160 bus
508 4118 804 4174 pravorum
868 4102 1186 4158 inventores
1235 4102 1557 4173 dogmalum
1605 4104 1936 4160 obruuntur.

361 4195 506 4263 Quid
538 4204 718 4251 autem
748 4196 1044 4266 signiﬁcat,
1091 4195 1237 4265 quod
1275 4195 1331 4249 in
1366 4194 1658 4266 caliginem
1691 4198 1933 4268 seipsum

363 4289 521 4359 prius
550 4287 766 4359 Moyses
798 4287 1120 4350 intromisit,
1170 4287 1371 4342 deinde
1404 4287 1458 4342 in
1492 4302 1556 4342 ea
1596 4286 1765 4343 Deum
1820 4308 1941 4359 pru-

360 4381 581 4452 ερειίιῖ
614 4380 963 4435 Contrarium
1004 4381 1148 4434 enim
1195 4381 1247 4435 id
1277 4381 1684 4451 quodammodo
1726 4384 1942 4439 videtur

359 4471 550 4542 prima:
581 4470 778 4526 visioni
813 4489 827 4526 :
861 4485 987 4525 nam
1017 4478 1150 4524 tunc
1191 4470 1246 4525 in
1269 4471 1415 4535 luce,
1440 4488 1588 4527 nunc
1610 4474 1664 4527 in
1701 4475 1938 4541 caligine

2040 3298 2161 3345 νον,
2196 3280 2389 3351 ἐκείνῳ
2426 3279 2523 3350 τὴν
2553 3277 2721 3350 ἀκοὴν
2754 3276 3112 3347 εὐγνωμόνως
3158 3274 3399 3344 ὑπέχειν,
3434 3271 3621 3325 πιστὸν

2039 3373 2372 3446 ἡγουμένους
2389 3374 2553 3435 ἅπαν,
2572 3373 2764 3444 ὅτιπερ
2783 3370 2848 3425 ἂν
2870 3368 3020 3441 παρὰ
3039 3367 3133 3422 τοῦ
3156 3368 3224 3422 τὰ
3245 3369 3362 3421 θεῖα
3386 3366 3621 3439 μυηθέν-

2039 3485 2130 3531 τος
2155 3466 2478 3520 ἀκούσωσιν.
2499 3484 2518 3516 ι
2541 3465 2617 3519 Οὐ
2639 3464 2838 3527 πάντες
2857 3463 2985 3534 γὰρ,
3016 3482 3033 3513 ι
3058 3461 3242 3533 φησὶν,
3269 3480 3289 3511 ι
3313 3459 3621 3521 ἀπόστολοι,

2038 3559 2159 3612 οὐδὲ
2187 3558 2383 3623 πάντες
2410 3558 2708 3630 προφῆται.
2734 3575 2753 3609 ι
2779 3555 2949 3609 Τοῦτο
2972 3554 3029 3608 δὲ
3052 3555 3152 3608 οὐκ
3172 3552 3287 3606 ἔστι
3308 3550 3400 3605 νῦν
3421 3552 3481 3605 ἐν
3504 3553 3624 3615 ταῖς

2041 3648 2259 3712 πολλαῖς
2291 3649 2399 3701 τῶν
2443 3647 2780 3719 Ἐκκλησιῶν
2820 3646 3247 3717 φυλασσόμενον.
3292 3643 3483 3698 Πολλοὶ
3515 3643 3623 3715 γὰρ

2041 3741 2354 3813 καθαρσίων
2394 3739 2473 3794 ἔτι
2504 3742 2568 3794 ἐκ
2600 3739 2711 3793 τῶν
2758 3737 3104 3810 βεϐιωμένων
3143 3736 3327 3798 αὐτοῖς
3356 3734 3620 3805 δεόμενοι,

2039 3833 2265 3886 ἄπλυτοί
2295 3849 2441 3896 τινες
2480 3833 2573 3886 καὶ
2606 3829 3074 3901 κατεσπιλωμένοι
3106 3831 3172 3900 τῇ
3201 3826 3294 3881 τοῦ
3319 3827 3434 3898 βίου
3463 3844 3620 3897 περι-

2040 3925 2193 3997 ϐολῇ,
2233 3925 2332 3997 τὴν
2366 3924 2558 3991 ἄλογον
2586 3924 2836 3994 αἴσθησιν
2861 3922 3039 3976 αὐτῶν
3077 3920 3493 3993 προϐαλόμενοι,
3524 3919 3622 3989 τῆς

2041 4015 2189 4079 θείας
2228 4015 2416 4069 ἀνόδου
2468 4014 2916 4086 κατατολμῶσιν,
2967 4012 3091 4067 ὅθεν
3135 4011 3290 4067 αὐτοὶ
3329 4012 3443 4075 τοῖς
3474 4010 3625 4074 ἰδίοις

2041 4108 2222 4163 αὐτῶν
2272 4107 2552 4179 λογισμοῖς
2590 4105 3069 4162 κατασαλεύονται.
3116 4105 3183 4157 Ai
3215 4104 3323 4175 γὰρ
3352 4102 3625 4174 αἱρετικαὶ

2044 4197 2361 4268 ὑπολήψεις,
2393 4197 2527 4251 λίθοι
2557 4196 2701 4259 τινὲς
2734 4195 2972 4265 ἀτεχνῶς
2996 4196 3133 4248 εἰσιν
3156 4194 3317 4247 αὐτὸν
3345 4193 3437 4245 τὸν
3471 4192 3626 4262 εύρε-

2044 4290 2140 4360 τὴν
2173 4290 2282 4343 τῶν
2306 4289 2559 4360 πονηρῶν
2581 4288 2866 4358 δογμάτων
2901 4286 3361 4357 καταχωννύντες.
3391 4284 3456 4336 Τί
3486 4284 3540 4337 δὲ
3562 4283 3624 4353 δὴ

2048 4383 2294 4453 βούλεται
2320 4382 2379 4435 τὸ
2414 4382 2565 4445 ἐντὸς
2595 4380 2690 4434 τοῦ
2718 4380 2918 4449 γνόφου
2958 4378 3213 4449 γενέσθαι
3246 4378 3336 4430 τὸν
3363 4379 3624 4440 Μωῦςέα,

2044 4475 2140 4529 καὶ
2176 4473 2350 4538 οὕτως
2386 4476 2445 4529 ὲν
2481 4472 2630 4544 αὐτῷ
2668 4474 2760 4527 τὸν
2800 4472 2932 4525 Θεὸν
2975 4471 3142 4537 ἰδείν;
3209 4469 3484 4524 Ἐναντίον
3522 4468 3627 4539 γὰρ

358 4562 530 4618 Deum
566 4562 733 4618 videt.
764 4561 872 4616 Sed
909 4560 963 4615 id
996 4577 1220 4632 quoque
1253 4576 1283 4616 a
1312 4562 1457 4617 serie
1497 4565 1780 4635 anagogici
1808 4582 1932 4621 sen-

2044 4569 2192 4622 δοκεῖ
2225 4585 2343 4629 πως
2369 4563 2507 4621 εἶναι
2532 4569 2598 4637 τῇ
2633 4565 2824 4638 πρώτῃ
2847 4564 3136 4635 θεοφανείᾳ
3162 4562 3224 4616 τὸ
3257 4562 3353 4616 νῦν
3387 4562 3629 4634 ἱστορούο

361 4671 461 4712 sus
516 4656 818 4711 abhorrere
863 4668 975 4709 non
1055 4662 1314 4724 putamus
1374 4673 1387 4710 :
1438 4670 1536 4725 per
1592 4657 1736 4712 hanc
1791 4658 1938 4713 cnim

359 4747 740 4804 diversitatem
773 4746 1020 4802 historiae
1043 4747 1331 4810 docemur,
1350 4746 1498 4818 quod
1536 4749 1820 4819 religionis
1844 4765 1942 4806 co-

359 4837 539 4909 gnitio
583 4837 675 4891 lux
737 4847 824 4892 est
869 4836 940 4892 ab
997 4836 1156 4893 initio
1192 4838 1325 4904 illis,
1376 4854 1406 4893 a
1436 4839 1643 4910 quibus
1677 4851 1937 4914 percepta

357 4938 443 4988 est
477 4929 877 5006 :quamobrem
918 4929 1062 5000 quod
1114 4931 1367 5002 religioni
1416 4932 1733 5003 oppositum
1777 4934 1941 4992 intel-

356 5022 602 5097 ligimus,
628 5022 868 5077 tenebrae
897 5030 1060 5087 sunt,
1087 5039 1323 5093 quarunt
1372 5023 1629 5095 depulsio
1659 5043 1770 5081 non
1831 5028 1939 5085 nisi

356 5117 499 5174 lucis
538 5114 968 5188 participatione
1021 5113 1099 5169 iit.
1154 5111 1361 5170 Verum
1403 5133 1557 5173 mens
1595 5118 1836 5177 hominis
1868 5123 1941 5178 ad

356 5214 567 5285 majora
609 5227 828 5283 semper
872 5218 928 5266 et
961 5210 1297 5280 perfectiora
1342 5214 1673 5283 procedens,
1728 5226 1941 5287 quanto

356 5307 535 5379 magis
563 5306 634 5361 ad
668 5305 762 5362 llei
802 5303 1239 5375 speculationem
1285 5305 1520 5373 accedit,
1558 5314 1712 5362 tanto
1761 5309 1939 5381 magis

357 5397 647 5467 perspicit,
702 5394 849 5467 quod
894 5394 1083 5450 divina
1156 5400 1358 5447 natura
1417 5392 1715 5451 invisibilis
1768 5405 1937 5468 atque

358 5485 938 5558 incomprehensibilis
984 5492 1090 5541 est.
1142 5482 1282 5538 Nam
1313 5497 1439 5539 cum
1488 5484 1780 5556 reliquerit
1826 5503 1938 5543 non

357 5580 536 5633 solum
566 5579 750 5635 omnia
778 5594 903 5650 quae
933 5592 1100 5634 sensu
1126 5576 1536 5648 percipiuntur,
1562 5593 1753 5634 verum
1771 5582 1940 5636 etiam

357 5679 556 5725 cuncta
588 5686 711 5740 qua:
739 5677 926 5725 mente
962 5669 1362 5740 inspiciuntur,
1404 5684 1469 5725 ac
1518 5685 1735 5742 semper
1757 5674 1824 5730 ad
1856 5677 1940 5730 in-

434 5844 642 5905 δ¹Ρ.τειί.
684 5860 843 5909 ιγιιι,
998 5847 1041 5878 ⁸³
1077 5844 1247 5901 lCor.
1281 5862 1353 5913 xi,
1386 5846 1470 5900 29.

2049 4677 2237 4733 μενον·
2273 4662 2394 4714 τότε
2430 4659 2529 4731 μὲν
2562 4658 2671 4730 γὰρ
2714 4659 2773 4711 ἐν
2814 4657 2988 4728 φωτὶ,
3033 4655 3127 4710 νῦν
3157 4655 3216 4709 δὲ
3257 4656 3315 4709 ὲν
3341 4654 3527 4725 γνόφῳ
3572 4652 3631 4705 τὸ

2045 4753 2216 4807 Θείον.
2244 4752 2395 4823 Μηδὲ
2442 4750 2598 4806 τοῦτο
2633 4750 2727 4805 τοῦ
2776 4748 2969 4822 εἰρμοῦ
2996 4748 3104 4803 τῶν
3152 4747 3294 4802 κατά
3340 4745 3632 4818 ἀναγωγὴν

2044 4847 2179 4917 ἡμῖν
2217 4844 2603 4917 θεωρηθέντων
2633 4843 2862 4916 ἀπᾴδειν
2910 4840 3242 4913 νομίσωμεν.
3300 4838 3550 4894 Διδάσκει
3573 4837 3628 4892 δὲ

2045 4936 2134 4991 διὰ
2160 4935 2366 4991 τούτων
2396 4936 2425 4989 6
2453 4935 2632 5005 λόγος,
2667 4935 2804 5006 ὅτιὴ
2837 4933 3040 5003 γνῶσις
3071 4933 3170 5003 τῆς
3203 4930 3486 4993 εὐσεϐείας
3515 4927 3628 4998 φῶς

2048 5029 2258 5100 γίνεται
2294 5028 2444 5101 παρὰ
2468 5028 2566 5100 τὴν
2594 5026 2818 5099 πρώτην
2843 5020 2926 5089 οἷς
2948 5023 3015 5079 ἀν
3047 5024 3349 5095 ἐγγίνηται.
3396 5022 3540 5076 Διότι
3571 5022 3629 5076 τὸ

2052 5123 2111 5190 ἐξ
2134 5124 2381 5187 ἐναντίας
2429 5125 2496 5195 τῇ
2528 5119 2780 5193 εὐσεϐείᾳ
2805 5118 3114 5190 νοούμενον,
3148 5117 3339 5180 σκότος
3380 5116 3559 5169 ἐστίν·
3592 5117 3624 5187 ή

2048 5215 2104 5269 δὲ
2145 5212 2462 5286 ἀποστροφὴ
2494 5210 2588 5267 τοῦ
2638 5211 2883 5274 σκότους,
2918 5210 2986 5278 τῇ
3029 5205 3290 5279 μετουσίᾳ
3321 5203 3416 5258 τοῦ
3455 5202 3629 5273 φωτὸς

2047 5298 2278 5377 γίνεται.
2311 5304 2521 5376 Προϊὼν
2565 5304 2622 5358 δὲ
2658 5307 2687 5358 6
2712 5302 2856 5369 νοῦς,
2891 5304 2985 5357 καὶ
3023 5301 3115 5356 διὰ
3155 5299 3403 5372 μείζονος
3430 5296 3518 5352 ἀεὶ
3537 5296 3630 5350 καί

2046 5396 2389 5471 τελειοτέρας
2410 5396 2683 5469 προσοχῆς
2699 5396 2756 5448 ἐν
2781 5393 3028 5465 περινοίᾳ
3045 5390 3329 5461 γινόμενος
3345 5386 3444 5458 τῆς
3463 5385 3628 5449 ὅντως

2047 5491 2460 5561 κατανοήσεως,
2512 5487 2623 5558 ὅσῳ
2650 5485 3004 5558 προσεγγίζει
3056 5482 3258 5556 μᾶλλον
3294 5482 3361 5552 τῇ
3404 5476 3625 5550 θεωρίᾳ,

2046 5581 2286 5653 τοσούτῳ
2319 5580 2481 5634 πλέον
2508 5580 2610 5651 όρᾷ
2632 5578 2695 5632 τὸ
2729 5577 2832 5649 τῆς
2871 5575 3023 5639 θεέας
3048 5573 3264 5644 φύσεως
3295 5570 3625 5642 ἀθεώρητον.

2047 5674 2377 5729 Καταλιπὼν
2397 5674 2507 5746 γάρ
2531 5674 2639 5728 πᾶν
2661 5671 2721 5726 τὸ
2750 5671 3092 5742 φαινόμενον,
3121 5667 3183 5722 οὐ
3214 5666 3376 5738 μόνον
3408 5664 3506 5720 ὅσα
3529 5679 3627 5717 κα-
