3888 6382
280 393 376 447 ’577

1596 396 1684 453 DE
1723 396 1878 453 VITA
1909 396 2175 456 MOYSiS.

3445 405 3551 463 578

285 506 624 578 ταλαμϐἀνει
659 510 693 579 ἡ
725 505 997 577 αἴσθησις,
1022 506 1157 561 ἀλλὰ
1187 508 1279 561 καὶ
1310 509 1409 562 ὅσα
1438 511 1471 580 ἡ
1500 510 1705 564 διάνοια
1729 512 1870 565 δοκεῖ

1979 512 2179 567 teriora
2221 513 2627 584 progrediatur,
2691 519 2824 566 tunc
2869 512 3107 584 caligine
3157 512 3401 582 undique
3441 524 3550 570 cir-

288 600 537 670 βλέπειν·
594 600 685 653 ἀεὶ
733 599 869 671 πρὸς
904 601 965 653 τὸ
1008 600 1281 671 ἐνδότερον
1322 602 1480 664 ἵεται,
1516 604 1620 664 ἕως
1659 604 1724 657 ἂν
1756 606 1872 657 δια-

287 691 385 762 δυῇ
426 693 492 762 τῇ
521 690 1025 763 πολυπραγμοσύνῃ
1053 695 1154 762 τῆς
1195 692 1428 756 διανοίας
1452 693 1589 765 πρὸς
1620 696 1679 748 τὸ
1707 695 1873 748 ἀθέα-

288 784 380 837 τόν
417 800 475 836 τε
522 785 618 837 καὶ
658 783 1074 853 ἀκατάληπτον,
1105 785 1271 838 κάκεῖ
1315 785 1406 837 τὸν
1451 784 1583 838 Θεὸν
1630 785 1732 859 ἴδῃ.
1783 787 1870 839 Ἐν

288 872 466 943 τούτῳ
503 872 613 943 γὰρ
653 876 686 943 ή
725 871 931 942 ἀληθής
971 874 1116 925 ἐστιν
1148 871 1353 941 είδησις
1387 873 1481 927 τοῦ
1515 872 1868 945 ζητουμένου,

287 966 351 1020 τὸ
378 964 624 1035 ἐντούτῳ
649 966 711 1017 τὸ
738 966 886 1028 ἰδεῖν,
917 965 975 1015 ἐν
1004 967 1082 1036 τῷ
1117 963 1191 1034 μὴ
1229 964 1357 1017 ἰδεῖν
1384 980 1398 992 ·
1429 966 1510 1018 ὅτι
1551 966 1869 1035 ὑπέρκειται

289 1053 474 1121 πάσης
511 1051 769 1120 εἰδήσεως
816 1051 878 1103 τὸ
907 1051 1256 1122 ζητούμενον,
1299 1047 1410 1106 οἷόν
1442 1070 1546 1106 τινι
1588 1055 1772 1124 γνόφῳ
1801 1056 1868 1125 τῇ

288 1143 642 1212 ἁκαταληψίᾳ
674 1142 1011 1212 πανταχόθεν
1050 1141 1443 1213 διειλημμένον.
1487 1145 1580 1198 Διό
1609 1162 1743 1216 φησι
1775 1148 1871 1200 καὶ

287 1234 318 1285 6
346 1232 551 1302 ὑψηλὸς
591 1233 862 1300 Ἰωάννης.
902 1234 930 1285 6
965 1235 1024 1284 ὲν
1068 1232 1146 1302 τῷ
1196 1232 1433 1305 λαμπρῷ
1477 1236 1661 1307 γνόςςῳ
1696 1237 1871 1309 τούτῳ

290 1323 600 1392 γενόμενος,
625 1324 707 1376 ὅτι
725 1347 746 1381 ι
764 1325 896 1379 Θεὸν
907 1324 1080 1390 οὐδεὶς
1095 1325 1309 1399 ἑώρακε
1323 1326 1593 1385 πώποτε·›
1617 1331 1674 1384 οὐ
1712 1329 1870 1400 μόνον

286 1418 401 1478 τοῖς
426 1414 753 1486 ἀνθρώποις,
780 1415 917 1467 ἀλλὰ
945 1414 1036 1466 καὶ
1053 1414 1202 1487 πάσῃ
1225 1420 1389 1489 νοητῇ
1412 1415 1572 1486 φύσει
1593 1420 1693 1490 τῆς
1721 1420 1871 1484 θείας

286 1508 478 1571 οὐσίας
529 1509 630 1579 τὴν
682 1507 882 1575 γνῶσιν
927 1508 1217 1577 ἀνέφικτον
1259 1505 1432 1575 εἶναι,
1494 1513 1560 1582 τῇ
1596 1513 1870 1584 ἀποφάσει

286 1598 466 1671 ταύτῃ
492 1598 877 1671 διοριζόμενος.

367 1694 497 1750 Ὅτε
524 1692 616 1751 οὖν
646 1695 847 1768 μείζων
880 1698 1096 1766 ἐγένετο
1135 1697 1277 1750 κατὰ
1298 1697 1397 1768 τὴν
1426 1697 1625 1766 γνῶσιν
1653 1700 1681 1752 6
1708 1699 1871 1752 Μωῡ-

291 1786 416 1857 σῆς,
441 1787 560 1840 τότε
581 1786 831 1857 ὁμολογεῖ
854 1787 943 1839 τὸν
962 1785 1096 1840 Θεὸν
1123 1787 1183 1839 ὲν
1210 1787 1393 1859 γνόφῳ
1419 1788 1566 1850 ἰδεῖν,
1601 1789 1865 1853 τουτέστι,

287 1878 414 1932 τότε
445 1877 671 1948 γνῶναι,
717 1877 798 1931 ὅτι
841 1877 1017 1930 ἐκεῖνό
1062 1880 1179 1931 ἐστι
1213 1881 1278 1948 τῇ
1322 1878 1482 1947 φύσει
1518 1879 1579 1932 τὸ
1614 1880 1789 1943 Θείον,

292 1971 475 2037 πάσης
503 1966 756 2038 γνώσεώς
793 1986 852 2021 τε
888 1970 979 2022 καὶ
1013 1969 1368 2039 καταλήψεώς
1396 1971 1543 2024 ἐστιν
1574 1971 1862 2043 ἀνώτερον.

290 2060 524 2131 Εἰσῆλθε
548 2060 677 2133 γὰρ,
715 2062 869 2132 φησὶ,
897 2061 1138 2131 Μωῦσῆς
1170 2063 1250 2125 εἰς
1276 2061 1368 2115 τὸν
1400 2063 1616 2132 γνόφον,
1655 2057 1717 2116 οῦ
1744 2059 1812 2134 ἦν
1837 2064 1868 2116 ὁ

286 2152 444 2216 Θεός.
475 2153 569 2217 Τίς
597 2155 627 2207 6
654 2153 806 2216 856;;
848 2153 906 2216 ὃς
933 2153 1087 2207 ἔθετο
1113 2154 1176 2208 τὸ
1205 2154 1396 2217 σκότος
1421 2155 1747 2226 ἀποκρυφὴν
1775 2156 1870 2210 αύ-

289 2243 408 2306 τοῦ,
440 2243 621 2308 καθώς
665 2261 799 2316 φησι
830 2244 1012 2309 Δαϐὶδ,
1058 2246 1089 2298 6
1132 2247 1189 2298 ὲν
1217 2244 1300 2316 τῷ
1334 2246 1484 2317 αὐτῷ
1531 2247 1758 2318 μυηθεὶς
1799 2246 1869 2301 τὰ

292 2336 603 2408 ἀπόρρητα.
656 2336 714 2390 '0
744 2336 803 2389 δὲ
841 2337 959 2389 ἐκεῖ
996 2335 1253 2405 γεγονὼς,
1279 2336 1316 2391 ἃ.
1356 2338 1755 2410 προεπαιδεύθη
1780 2338 1869 2392 διὰ

290 2426 391 2480 τοῦ
423 2428 640 2496 γνόφου,
669 2427 828 2480 πάλιν
854 2427 939 2481 διὰ
962 2426 1058 2480 τοῦ
1075 2428 1275 2497 γνόφου
1300 2429 1609 2484 διδάσκεται
1632 2445 1647 2459 ’
1678 2428 1755 2493 ὼς
1779 2429 1867 2495 ἂν,

288 2513 469 2591 οἶμαι,
483 2519 821 2590 παγιώτερον
838 2521 970 2590 ἡμῖν
998 2518 1059 2571 τὸ
1082 2522 1210 2592 περὶ
1225 2517 1415 2573 τούτου
1430 2523 1654 2592 γένηται
1673 2520 1870 2592 δόγμα,

288 2612 361 2680 τῇ
399 2610 520 2681 θείᾳ.
563 2613 712 2682 φωνῇ
761 2609 1228 2683 μαρτυρούμενον.
1285 2610 1644 2682 Ἀπαγορεύει
1682 2611 1790 2682 γὰρ
1814 2612 1873 2665 ὲν

292 2702 532 2772 πρώτοις
558 2704 587 2756 6
618 2704 757 2766 θεῖος
782 2703 957 2772 λόγος,
982 2705 1118 2775 πρὸς
1142 2703 1307 2775 μηδὲν
1330 2703 1439 2757 τῶν
1459 2704 1873 2775 γινωσκομένων

288 2790 613 2861 ὁμοιοῦσθαι
639 2792 789 2861 παρὰ
812 2792 922 2844 τῶν
953 2791 1260 2863 ἀνθρώπων
1283 2790 1340 2846 τὸ
1355 2791 1508 2845 Θεῖον
1527 2807 1540 2820 ⁸
1568 2792 1643 2857 ὡς
1678 2791 1875 2854 παντὸς

292 2882 565 2952 νοήματος
597 2880 688 2934 τοῦ
721 2880 863 2935 κατά
900 2898 1022 2934 τινα
1062 2880 1461 2952 περιληπτικὴν
1488 2879 1789 2949 φαντασίαν
1817 2882 1876 2934 ὲν

293 2974 548 3045 περινοίᾳ
598 2972 702 3025 τινὶ
727 2973 817 3025 καὶ
855 2971 1146 3042 στοχασςιῷ
1195 2971 1297 3042 τῆς
1327 2972 1540 3041 φύσεως
1565 2970 1873 3040 γινομένου,

293 3065 513 3120 εῖδωλον
535 3064 668 3118 Θεοῦ
698 3063 1028 3128 πλάσσοντος
1056 3065 1149 3117 καὶ
1168 3064 1227 3116 ού
1246 3063 1379 3117 Θεὸν
1399 3064 1874 3131 καταγγέλλοντος.

1837 1849 1944 1933 SB

1972 613 2286 673 cumseptus
2334 604 2601 659 invisibili
2641 598 2702 659 et'
2741 605 3325 673 ineomprehensibili,
3376 603 3547 660 Deum

1972 695 2137 748 videt.
2181 695 2239 747 lu
2279 696 2384 749 hoc
2421 697 2565 749 enim
2603 696 2862 749 consistit
2899 695 2991 747 Dei
3026 711 3154 749 vera
3183 697 3446 765 cognitio,
3493 698 3547 751 in

1972 784 2076 840 hoc
2100 794 2184 841 est
2212 786 2335 855 ejus
2360 787 2519 851 visio,
2568 794 2630 839 ut
2659 785 2850 840 videas
2882 787 3028 855 quod
3064 786 3238 840 videri
3287 803 3393 840 non
3422 803 3550 858 pos-

1971 878 2065 940 sit,
2106 878 2249 947 quod
2275 893 2490 932 omnem
2526 879 2896 946 Cngttilionem
2924 879 3164 946 cognitio
3212 878 3334 947 ejus
3380 893 3550 934 exce-

1970 970 2246 1040 dit,quasi
2267 972 2501 1039 caligine
2531 971 2766 1039 quadam
2807 971 2923 1041 ipsa
2957 972 3540 1040 incomprehensibili-

1974 1067 2083 1114 tate
2120 1061 2363 1129 undique
2393 1070 2673 1115 contenta.
2726 1062 3071 1131 Quapropter
3113 1061 3336 1117 divinus
3373 1064 3539 1116 etiam

1970 1150 2234 1216 Joannes,
2272 1154 2363 1222 qui
2402 1154 2453 1206 in
2517 1153 3020 1222 splendidissimam
3058 1153 3201 1207 hanc
3251 1154 3543 1223 caliginem

1972 1254 2315 1314 pervenerat,
2343 1261 2445 1297 non
2476 1245 2750 1298 dubitavit
2772 1244 3080 1297 exclamare
3106 1263 3119 1298 :
3156 1263 3173 1295 ι
3200 1247 3369 1298 Dettm
3405 1261 3546 1297 nun-

1971 1350 2135 1403 quam
2191 1336 2335 1391 ullus
2386 1335 2617 1390 vidit":
2650 1356 2670 1386 ι
2703 1351 2811 1389 ιιοη
2856 1338 3032 1390 solum
3076 1337 3412 1401 hominibus,
3449 1336 3546 1390 sed

1972 1427 2325 1483 intellectuali
2358 1431 2507 1482 omni
2538 1440 2747 1483 naturae
2777 1430 3171 1499 impossibilem
3201 1432 3396 1484 divinze
3419 1432 3550 1485 sub-

1971 1521 2189 1575 stantiae
2219 1522 2587 1591 cognitionem
2627 1522 2727 1576 hac
2758 1523 3048 1591 negatione
3078 1523 3471 1577 determinatus.

2040 1697 2221 1767 Quare
2250 1700 2462 1772 Moyses
2488 1700 2649 1754 etiam
2680 1714 2804 1755 cum
2828 1701 3142 1772 cognitione
3169 1701 3346 1770 major
3373 1701 3549 1757 iactus

1972 1792 2074 1846 fuit
2095 1832 2110 1857 ,
2149 1800 2281 1846 tunc
2309 1792 2624 1855 conﬁtetur,
2664 1791 2718 1844 in
2748 1791 2985 1862 caligine
3017 1790 3188 1846 Deum
3219 1792 3461 1852 vidisse.
3495 1792 3552 1848 id

1966 1891 2089 1946 est,
2125 1890 2256 1938 tunc
2286 1884 2505 1938 demum
2561 1885 2891 1953 cognovisse
2939 1885 3086 1937 illam
3138 1898 3264 1938 esse
3300 1884 3549 1937 divinam

1967 1984 2216 2030 naturam
2243 1991 2365 2045 qua!
2390 1976 2755 2045 cOgnitionem
2782 1983 2836 2030 et
2866 1975 3413 2045 comprehensionem
3439 1989 3553 2028 om-

1967 2082 2089 2121 nem
2114 2065 2346 2120 excedit.
2379 2064 2769 2119 lntravitenim
2800 2064 3014 2136 Moyses
3042 2066 3309 2133 (historia
3341 2066 3545 2134 inquit)

1967 2157 2021 2209 in
2051 2156 2374 2225 caliginem,
2403 2157 2493 2210 ubi
2528 2156 2668 2211 Deus
2698 2164 2815 2210 erat
2849 2156 2913 2210 “.
2946 2157 3208 2222 Quisnam
3243 2156 3420 2210 Deus?
3449 2156 3547 2225 qui

1969 2247 2149 2315 posuit
2177 2246 2430 2302 tenebras
2454 2246 2873 2301 occultationem
2907 2263 3063 2301 suam
3087 2285 3101 2310 ,
3128 2255 3188 2300 ut
3217 2246 3418 2301 cecinit
3449 2245 3554 2300 Da-

1968 2339 2057 2392 vid
2080 2338 2169 2393 ille
2188 2337 2256 2405 “,
2282 2338 2373 2407 qui
2399 2338 2565 2392 etiam
2596 2338 2650 2392 in
2676 2337 2866 2392 eadem
2893 2336 3405 2407 caligine'initiatus
3429 2346 3548 2392 cst:

1971 2430 2062 2498 qui
2092 2444 2226 2483 vero
2266 2429 2395 2483 illnc
2425 2429 2685 2492 intravit,
2719 2443 2779 2482 ea
2812 2429 2881 2482 de
2909 2428 3110 2498 quibus
3136 2437 3262 2481 ante
3292 2430 3386 2498 per
3416 2427 3555 2482 cali-

1972 2521 2150 2591 ginem
2188 2519 2366 2574 fuerat
2398 2521 2684 2581 eruditus.
2721 2536 2914 2575 rursus
2950 2536 3045 2589 per
3077 2521 3361 2591 caliginem
3393 2520 3558 2575 doce-

1975 2620 2081 2674 tur,
2131 2618 2191 2664 ut
2231 2610 2355 2676 ﬁat,
2396 2611 2612 2680 opinor,
2659 2610 2870 2665 ﬁrmius
2904 2611 3007 2665 hoc
3040 2611 3320 2666 decretum
3369 2611 3553 2666 divina

1967 2694 2107 2758 voce
2135 2713 2298 2772 atque
2347 2702 2679 2758 auctoritate
2713 2701 3152 2771 comprobatum.
3204 2699 3366 2756 Vetat
3408 2704 3552 2757 enim

1975 2792 2031 2847 in
2080 2792 2273 2863 primis
2302 2791 2550 2848 divinum
2592 2801 2923 2862 praeceptum
2958 2792 3029 2857 ν’,
3075 2809 3145 2845 ne
3195 2792 3434 2860 alicujus
3472 2792 3553 2846 rei

1975 2899 2138 2953 quam
2163 2899 2468 2955 cognoscas
2490 2926 2504 2947 ,
2530 2883 2698 2938 Deum
2724 2886 2954 2939 similem
2982 2894 3139 2955 putes
3165 2903 3178 2938 ε
3203 2884 3382 2938 omnis
3406 2884 3555 2938 enim

1977 2975 2327 3040 intellectus,
2371 2977 2465 3045 qui
2514 2975 2859 3045 phantastica
2898 2978 3134 3045 quadam
3186 2975 3550 3044 cogitatione.

1977 3069 2133 3136 quasi
2160 3066 2478 3134 conjectura
2502 3067 2745 3121 divinam
2778 3075 3031 3120 naturam
3060 3064 3446 3133 apprehendit,
3478 3064 3558 3118 sis

295 3158 432 3227 Διχῆ
460 3158 517 3210 δὲ
562 3158 659 3229 τῆς
694 3159 812 3211 κατ’
849 3156 1129 3210 εὐσέϐειαν
1160 3156 1364 3227 ἀρετῆς
1400 3155 1757 3231 διῃρημένης,
1796 3155 1870 3218 εἴς

1979 3160 2283 3212 mulacrum
2311 3159 2531 3228 quidem
2568 3158 2656 3213 Dei
2687 3158 2842 3212 ﬁnxit
2867 3161 2918 3212 in
2945 3171 3154 3221 mente,
3183 3156 3347 3212 Deum
3375 3168 3554 3212 autem

295 3267 359 3303 τε
386 3250 446 3303 τὸ
469 3251 639 3315 Θείον,
666 3250 758 3303 καὶ
787 3250 865 3312 εἰς
882 3249 977 3318 τὴν
998 3246 1090 3300 τοῦ
1116 3247 1277 3318 ἤθους
1301 3247 1634 3320 κατόρθωσιν
1659 3262 1673 3277 ⁸
1704 3245 1868 3316 μέρος

297 3339 410 3411 γάρ
454 3341 760 3405 εὐσεϐείας,
811 3341 906 3394 καὶ
943 3342 977 3412 ἡ
1024 3340 1117 3394 τοῦ
1157 3340 1321 3412 ἤθους
1364 3340 1674 3411 καθαρότης
1718 3340 1865 3392 ἐστί’

301 3431 490 3504 μαθὼν
522 3435 577 3486 ὲν
604 3432 859 3505 πρώτοις,
888 3432 924 3487 ἃ
954 3432 1059 3504 χρὴ
1098 3434 1226 3503 περὶ
1262 3432 1395 3485 Θεοῦ
1435 3430 1723 3500 γινώσκειν
1744 3447 1759 3462 ο
1814 3430 1876 3484 τὸ

296 3525 355 3579 δέ
385 3542 448 3593 γε
476 3524 764 3593 γινώσκειν
794 3522 882 3597 ἦν,
912 3525 973 3577 τὸ
1005 3524 1168 3596 μηδὲν
1209 3524 1336 3595 περὶ
1361 3522 1526 3577 αὐτοῦ
1559 3522 1666 3575 τῶν
1703 3521 1760 3586 ἐξ
1784 3524 1875 3575 ἀν-

298 3619 576 3689 θρωπίνης
601 3618 958 3689 καταλήψεως
993 3617 1412 3687 γινωσκομένων
1437 3616 1632 3669 εἰδέναι
1653 3632 1666 3645 ο
1703 3615 1874 3680 οὕτως

296 3714 359 3765 τὸ
393 3711 581 3783 ἓτερον
615 3711 711 3781 τῆς
735 3712 931 3781 ἀρετῆς
973 3706 1111 3772 εἶδος
1142 3709 1470 3771 διδάσκεται,
1504 3707 1788 3777 μανθάνων
1816 3711 1874 3761 ἐν

298 3804 430 3866 οῖοις
479 3802 906 3872 ἐπιτηδεύμασιν
949 3804 993 3869 ό,
1039 3800 1291 3870 ἐνάρετος
1326 3798 1689 3863 κατορθοῦται
1737 3798 1870 3868 βίος.

297 3897 455 3951 Μετὰ
498 3896 653 3949 τοῦτο
701 3899 757 3948 ὲν
792 3897 858 3965 τῇ
889 3894 1287 3965 ἀχειροποιήτῳ
1317 3892 1487 3962 σκηνῇ
1519 3893 1745 3961 γίνεται.
1779 3890 1875 3953 Τίς

295 3986 650 4058 ἀκολουθήσει
686 3985 763 4056 τῷ
798 3984 885 4037 διὰ
920 3984 1028 4036 τῶν
1062 3982 1316 4036 τοιούτων
1350 3980 1610 4042 ὁδεύοντι,
1648 3982 1742 4034 καὶ
1783 3983 1876 4035 ἐπὶ

295 4064 546 4132 τοσοῦτον
571 4079 706 4148 ύψου
715 4076 858 4148 μένῳ
886 4075 975 4128 τὸν
999 4075 1155 4139 νοῦν;
1202 4074 1259 4137 ὃς
1286 4073 1538 4145 καθάπερ
1562 4073 1685 4126 τινὰ
1708 4091 1872 4144 γορυ-

297 4172 405 4242 φὴν
431 4173 495 4224 ἐκ
529 4168 773 4241 κορυφῆς
813 4166 1264 4237 μεταλαμϐάνων,
1293 4165 1379 4218 διὰ
1402 4165 1498 4235 τῆς
1526 4165 1632 4219 τῶν
1655 4164 1873 4235 ὑψηλῶν

296 4259 636 4323 ἀναϐάσεως,
660 4260 745 4312 ἀεὶ
777 4256 970 4310 ἑαυτοῦ
1010 4256 1217 4323 γίνεται
1248 4254 1596 4325 ὑψηλότερος.
1652 4256 1871 4325 Πρῶτον

295 4351 556 4406 κατέλιπε
579 4352 680 4422 τὴν
710 4348 1007 4419 ὑπώρειαν,
1038 4347 1252 4399 πάντων
1268 4348 1375 4399 τῶν
1396 4347 1530 4417 πρὸς
1557 4346 1654 4417 τὴν
1685 4346 1869 4400 ἄνοδον

294 4443 671 4516 ἀτονησάντων
710 4439 1045 4512 ἀποκριθείς.
1093 4435 1224 4492 Εἶτα
1262 4439 1474 4508 δέχεται
1507 4442 1571 4509 τῇ
1608 4441 1741 4509 ἀκοῇ
1770 4439 1869 4503 τὰς

1978 3264 2085 3304 non
2110 3249 2396 3304 intellexit.
2419 3248 2617 3303 Verum
2646 3266 2765 3303 cum
2790 3250 2986 3314 virtus,
3013 3264 3131 3318 qute
3150 3247 3449 3302 secundum
3476 3261 3557 3301 τε·

1976 3343 2192 3397 ritatem
2222 3354 2301 3396 est
2328 3382 2343 3407 ,
2379 3341 2633 3409 liipattita
2664 3341 2768 3403 sit,
2798 3341 3105 3411 partimque
3137 3339 3237 3393 ﬁde
3266 3340 3318 3391 in
3352 3338 3516 3393 lleum
3536 3379 3552 3401 ,

1976 3433 2176 3500 partim
2210 3441 2358 3488 recta
2394 3433 2613 3487 Viventii
2647 3434 2859 3486 ratione
2893 3433 3264 3487 constituatur
3295 3430 3312 3500 (
3338 3430 3556 3499 pietatis

1976 3526 2120 3580 enim
2155 3525 2405 3596 proiecto
2438 3541 2566 3595 pars
2603 3541 2711 3578 non
2749 3541 2913 3594 parva
2948 3532 3034 3578 est
3067 3522 3363 3576 mundities
3395 3522 3556 3590 vita)

1978 3618 2211 3686 primum
2243 3615 2469 3677 didicit,
2518 3615 2647 3683 quid
2681 3620 2930 3681 oporteat
2984 3611 3051 3666 de
3101 3610 3208 3665 Deo
3255 3626 3555 3680 cognosce-

1976 3722 2035 3761 re
2062 3725 2074 3759 :
2109 3707 2254 3775 quod
2280 3707 2498 3775 quidetn
2528 3718 2861 3773 cognoscere
2887 3702 3025 3755 nihil
3058 3702 3205 3755 aliud
3237 3714 3357 3764 est,
3392 3716 3553 3771 quam

1977 3799 2109 3852 nihil
2151 3813 2340 3853 eorum
2375 3811 2497 3851 esse
2530 3795 2700 3849 Deum
2743 3809 3115 3863 cognoscere,
3158 3809 3279 3862 qua:
3318 3794 3555 3847 humana

1978 3906 2130 3945 mens
2165 3896 2341 3959 potest
2370 3902 2724 3954 cognoscere.
2756 3886 2959 3941 Deinde
2987 3887 3149 3939 aliain
3181 3885 3398 3938 virtutis
3430 3900 3556 3954 par-

1977 3989 2082 4035 tem
2128 3982 2414 4050 diligenter
2463 3983 2662 4033 docet:
2708 3978 2936 4033 ducetur
2981 3980 3124 4032 enim
3174 3977 3374 4046 quibus
3425 3992 3554 4045 ope-

1978 4072 2128 4125 ribus
2171 4074 2306 4126 bene
2349 4072 2564 4125 viven-li
2600 4072 2738 4123 ratio
2766 4070 3118 4138 perﬁciatur:
3155 4086 3217 4120 ac
3247 4070 3464 4121 demum
3498 4068 3552 4120 in

1977 4163 2391 4217 tabernaculum
2419 4204 2432 4225 ,
2467 4163 2609 4231 quod
2646 4177 2845 4215 manus
2874 4162 3022 4215 nulla
3057 4160 3233 4213 fuerat
3267 4157 3554 4224 fabricata,

1978 4255 2304 4323 ingreditur.
2335 4253 2470 4319 Quis
2500 4262 2760 4322 sequetur
2794 4254 2937 4307 hunc
2958 4293 2973 4314 ,
2999 4254 3089 4322 qui
3129 4268 3223 4320 per
3255 4260 3335 4304 tot
3371 4259 3555 4303 tanta-

1976 4361 2081 4417 que
2116 4346 2364 4409 scandit,
2404 4360 2469 4400 ac
2506 4355 2738 4400 mentem
2777 4361 2992 4415 semper
3024 4346 3076 4397 in
3111 4344 3275 4397 altius
3302 4342 3556 4396 extollit?

1975 4437 2069 4507 qui
2098 4454 2221 4492 cum
2255 4438 2307 4490 in
2343 4452 2515 4491 unum
2550 4451 2812 4491 cacumen
2842 4435 3190 4500 ascenderit,
3220 4434 3286 4487 ad
3319 4433 3551 4487 alterum

295 4538 407 4592 τῶν
453 4536 770 4604 σαλπίγγων
804 4532 1010 4603 φωνὰς,
1046 4532 1123 4601 τῷ
1159 4530 1283 4601 ῦψει
1316 4532 1413 4601 τῆς
1448 4531 1634 4583 ἀνόδου
1677 4548 1870 4584 συνεπ-

1981 4529 2111 4582 illud
2134 4567 2148 4590 ,
2179 4528 2751 4602 siliiﬁtgradns,etad
2777 4527 3322 4593 illuditcrum,atque
3354 4525 3550 4579 iterum

295 4631 604 4702 αιρόμενος.
649 4628 769 4680 Ἐπὶ
791 4626 1020 4687 τούτοις,
1060 4624 1141 4686 εἰς
1174 4623 1233 4676 τὸ
1264 4622 1492 4693 ἀόρατον
1519 4622 1616 4691 τῆς
1647 4623 1875 4689 θεογνω-

298 4724 424 4788 σίας
470 4725 660 4779 ἄδυτον
699 4721 1066 4792 παραδύεται·
1133 4718 1228 4771 καὶ
1264 4717 1385 4770 οὐδὲ
1414 4718 1473 4770 ὲν
1501 4716 1674 4786 τούτῳ
1702 4718 1873 4787 μένει,

296 4815 415 4870 ἀλλ’
440 4816 533 4869 ἐπὶ
570 4815 670 4886 τὴν
708 4811 1122 4885 ἀχειροποίητον
1161 4807 1476 4880 μεταϐαίνει
1508 4809 1733 4878 σκηνήν.
1784 4806 1872 4875 Τῷ

297 4909 414 4963 δντι
436 4908 545 4977 γὰρ
560 4906 652 4962 ἐπὶ
673 4905 830 4959 τοῦτο
849 4903 1091 4973 καταντᾷ
1112 4902 1172 4954 τὸ
1200 4900 1392 4971 πέρας,
1412 4900 1441 4952 ό
1459 4898 1546 4953 διὰ
1572 4898 1677 4950 τῶν
1703 4896 1876 4950 τοιού-

298 5015 411 5053 των
432 4997 633 5051 ἀνόδων
650 4993 971 5065 ὑψούμενος.
1003 4991 1160 5045 Δοκεῖ
1178 4987 1286 5060 γάρ
1312 5005 1402 5059 μοι
1424 4988 1517 5041 καὶ
1540 4986 1661 5040 καθ’
1690 4986 1876 5057 ἕτερον

298 5086 426 5142 νοῦν
451 5085 762 5148 διδάσκαλος
786 5085 822 5154 ἡ
845 5081 1073 5154 οὐρανία
1103 5078 1338 5148 σάλπιγξ
1350 5078 1447 5149 τῆς
1487 5079 1580 5130 ἐπὶ
1602 5078 1700 5148 τὴν
1734 5080 1880 5146 όιχει⁴

300 5176 590 5249 ροποίητον
636 5173 873 5246 πάροδον
913 5169 991 5243 τῷ
1024 5170 1301 5223 ἐπανιόντι
1337 5165 1602 5235 γίνεσθαι.
1656 5163 1719 5217 'll
1765 5164 1873 5235 γὰρ

298 5269 411 5326 τῶν
441 5266 562 5324 κατ’
593 5264 820 5338 οὐρανὸν
852 5263 1144 5335 θαυμάτων
1182 5258 1465 5329 διασκευὴ,
1497 5256 1595 5328 τὴν
1630 5259 1879 5326 ἐκφαινο-

302 5363 474 5435 μένην
506 5362 618 5424 τοῖς
662 5354 782 5412 οὖσι
813 5357 1005 5425 σοφίαν
1035 5353 1328 5416 διαϐοῶσα,
1372 5352 1467 5405 καὶ
1508 5352 1606 5422 τὴν
1635 5349 1877 5420 μεγάλην

301 5453 398 5511 τοῦ
435 5454 573 5510 Θεοῦ
629 5452 786 5520 δόξαν
830 5450 940 5505 τῶν
978 5448 1317 5521 φαινομένων
1348 5444 1699 5517 διηγουμένη,
1735 5442 1875 5497 κατὰ

301 5549 363 5604 τὸ
413 5546 728 5620 εἰρημένον,
785 5546 868 5599 ὅτι
925 5561 944 5595 t
970 5544 1036 5598 Οἱ
1083 5541 1303 5614 οὐρανοὶ
1357 5537 1672 5611 διηγοῦνται
1718 5535 1876 5604 δόξαν

300 5635 436 5691 Θεοῦ
457 5651 473 5667 ·
497 5655 516 5690 ι
569 5633 707 5706 αῦτη
742 5633 821 5706 τῷ
853 5633 1035 5707 τρανῷ
1068 5649 1129 5685 τε
1166 5632 1256 5686 καὶ
1294 5629 1474 5700 εὐήχῳ
1511 5626 1608 5697 τῆς
1629 5624 1876 5680 διδασκαο

384 5803 427 5836 ⁸⁸
449 5813 603 5871 Joan.
637 5829 673 5876 I.
704 5814 757 5870 8.
870 5814 913 5846 ⁸⁸
937 5812 1108 5868 Exod.
1144 5828 1196 5875 x,
1223 5810 1314 5867 2i.

1981 4619 2046 4674 ad
2092 4619 2277 4683 aliud,
2326 4620 2398 4672 ita
2433 4627 2494 4674 ut
2526 4619 2593 4673 de
2623 4619 2801 4672 altiori
2841 4618 2895 4672 in
2924 4617 3087 4672 altius
3117 4631 3334 4685 semper
3360 4632 3551 4671 ascen-

1978 4714 2102 4772 dat.
2138 4727 2466 4780 semperque
2507 4711 2690 4781 scipso
2742 4710 2834 4763 ﬁat
2879 4710 3273 4780 praestantior?
3308 4708 3551 4761 l’rimum

1977 4819 2099 4857 cum
2143 4803 2323 4857 caueri
2369 4818 2562 4857 omnes
2598 4803 2662 4856 ad
2695 4816 2988 4858 ascensum
3022 4802 3354 4864 deﬁcerent,
3405 4800 3554 4854 radi-

1978 4909 2071 4948 ces
2116 4894 2316 4949 montis
2364 4893 2516 4947 solus
2563 4892 3001 4963 supergreditur:
3040 4891 3245 4947 Deinde
3291 4891 3547 4945 tubarum

1980 4986 2194 5043 sonitus
2238 4984 2465 5039 auribus
2503 4986 2744 5055 percepit
2792 4985 3085 5040 altitudine
3137 4985 3339 5040 montis
3384 4983 3551 5037 mira-

1979 5080 2073 5143 bili
2101 5097 2116 5146 ;
2169 5079 2288 5149 ipse
2321 5093 2541 5148 quoque
2573 5077 2801 5132 miriﬁce
2830 5078 3078 5133 elevatus
3102 5117 3117 5138 ,
3155 5076 3219 5130 ad
3260 5075 3375 5129 lucc
3408 5072 3549 5127 invi-

1981 5170 2159 5225 sibilia
2181 5169 2381 5222 divinae
2410 5167 2745 5238 cognitionis
2769 5168 3066 5238 penetralia
3090 5165 3413 5234 ingreditur.
3444 5160 3553 5216 Nec

1979 5262 2050 5316 ibi
2086 5260 2418 5331 permansit,
2447 5260 2539 5315 sed
2574 5260 2628 5314 in
2661 5259 3075 5313 tabernaculum
3109 5257 3256 5310 nulla
3288 5270 3451 5308 manu
3476 5252 3553 5307 l'a-

1978 5363 2124 5407 ctum
2163 5351 2503 5421 pertransit:
2547 5358 2699 5406 certe
2740 5365 2975 5419 namque
3024 5349 3090 5404 ad
3137 5347 3287 5401 hunc
3334 5344 3553 5401 tandem

1978 5442 2067 5495 ille
2099 5440 2256 5496 ﬁnem
2286 5439 2566 5510 pervenit,
2597 5438 2692 5509 qui
2719 5436 3034 5506 liujusmodi
3062 5434 3387 5491 ascensibus
3413 5433 3559 5488 exal-

1977 5542 2144 5590 latur.
2180 5531 2285 5588 Sed
2318 5533 2410 5587 illa
2437 5546 2655 5601 quoque
2683 5528 2953 5585 sententia
2982 5529 3051 5584 de
3076 5526 3286 5583 caelesti
3322 5525 3451 5580 tuba
3488 5525 3558 5581 ad

1976 5625 2217 5681 divinam
2254 5624 2588 5695 perducente
2619 5620 3020 5692 cognitionem,
3064 5635 3173 5674 non
3220 5626 3305 5674 est
3352 5617 3555 5689 impro-

1390 5809 1435 5842 ⁸⁸
1464 5808 1607 5867 Psal.
1643 5823 1774 5874 xm,
1808 5807 1892 5862 l0.
1948 5806 1991 5841 ⁸⁷
2026 5804 2193 5862 Exod.
2226 5820 2317 5866 xx,
2358 5805 2411 5860 ι.
